4098 6324
746 398 809 456 ﬂ
1648 394 1877 455 PREF.
1920 395 2171 456 SAVILII
2209 396 2280 453 IN
2316 396 2503 454 ACTA
2540 394 3076 454 APOSTOLORUM.
3918 396 3986 452 £2

746 513 1003 582 Genesin)
1035 513 1135 586 τῆς
1162 513 1222 569 ιν
1246 517 1369 579 ταῖς
1398 515 1641 589 Πράξεσι
1668 519 1941 591 φράσεως,
1972 519 2066 575 ἐπὶ
2086 522 2148 575 τὸ
2176 538 2364 577 ταπειν

2368 522 2561 593 dupe»;
2592 520 3009 593 ἁπενηνεγμένη
3049 538 3063 575 :
3103 518 3248 590 quod
3284 526 3493 589 aperte,
3515 526 3578 575 ut
3610 516 3986 589 mihiquidem

744 609 978 679 videtur,
1017 612 1061 668 si
1093 613 1160 668 de
1186 611 1332 667 hisce
1357 612 1611 684 accipias,
1654 629 1815 670 secus
1849 624 1953 671 est.
1976 616 2154 686 Atque
2180 617 2298 673 haec
2326 616 2441 683 fere
2467 626 2614 685 sunt,
2645 632 2767 687 qua:
2806 613 2862 669 in
2901 629 3022 670 eam
3052 622 3264 685 partem
3293 614 3611 670 allenntur.
3645 613 3779 681 Qua
3807 626 3986 669 tamen

740 702 923 757 omnia
948 719 1067 759 eam
1098 704 1209 759 vim
1238 718 1348 761 non
1378 703 1601 769 habent,
1633 714 1692 761 ut
1726 706 1859 761 mihi
1890 705 1973 764 vel
2000 709 2269 764 tantillum
2307 708 2672 780 persuadeant
2713 708 2938 778 γνήσιον
2967 706 3114 761 hunc
3143 705 3357 772 fastum,
3408 706 3511 761 etsi
3543 704 3728 761 minus
3761 705 3988 761 fortasse

739 794 959 865 ὡραῖον,
1005 810 1036 850 ε
1086 797 1294 867 γνησίῳ
1336 806 1489 867 patre
1539 797 1869 867 abjudicare.
1925 799 2003 853 Ae
2056 800 2255 870 primo,
2312 810 2557 856 ramenta
2604 800 2851 871 quaedam
2910 800 3115 870 passim
3161 807 3449 869 apparent,
3494 813 3616 868 qua:
3667 798 3883 853 nonnisi
3917 798 3987 853 ab

738 900 905 941 aurea
930 885 1015 940 illa
1050 900 1189 942 vena
1216 902 1438 943 manare
1464 895 1780 957 potuerunt.
1812 889 1881 943 At
1920 889 2087 945 multa
2112 899 2262 957 sunt,
2290 889 2489 961 inquis,
2513 888 2788 960 plumbea.
2814 887 3160 957 Respondeo,
3194 886 3491 957 proclivius
3519 901 3640 941 esse
3678 887 3987 958 χρυσορρἡ

749 992 870 1047 μονι
895 986 1083 1033 nostro
1106 978 1301 1033 alicubi
1336 978 1485 1034 humi
1509 994 1718 1050 repere.
1746 979 1989 1051 adeoque
2008 981 2211 1051 jacere,
2249 996 2410 1051 quam
2434 979 2523 1035 alii
2550 980 2615 1035 ad
2640 980 2762 1050 ejus
2789 977 3135 1034 altitudinem
3163 991 3450 1048 assurgere
3482 994 3496 1029 :
3534 985 3592 1030 ut
3620 986 3844 1046 propter
3885 977 3986 1032 ali-

737 1087 842 1141 qua
871 1064 1266 1130 admirabiliter
1294 1075 1495 1145 scripta
1524 1075 1704 1130 malim
1726 1074 2169 1147 Chrysostomum
2196 1074 2495 1131 inscribere
2513 1084 2813 1139 auctorem,
2844 1088 3007 1144 quam
3040 1073 3206 1127 alium
3252 1078 3477 1143 propter
3504 1072 3765 1126 nonnulla
3798 1071 3977 1126 humi-

738 1165 863 1222 lius.
896 1164 1099 1223 Deinde
1126 1168 1249 1237 quis
1278 1170 1471 1235 nescit,
1501 1186 1610 1225 non
1635 1168 1857 1225 eosdem
1890 1184 2013 1225 esse
2056 1185 2247 1224 omnes
2277 1169 2426 1225 omni
2467 1169 2750 1242 tempore?
2772 1168 2944 1224 Aliter
2970 1166 3293 1237 eloquentia:
3317 1166 3521 1221 Latinae
3557 1165 3813 1235 princeps
3844 1165 3989 1224 dixlt

735 1257 1153 1323 adolescentior,
1185 1257 1341 1313 aliter
1360 1259 1473 1329 jam
1503 1260 1826 1316 consularis.
1857 1259 1927 1315 Et
1952 1260 2024 1315 de
2052 1261 2438 1330 Chrysostomo
2468 1271 2655 1317 nostro
2682 1260 2962 1316 verissime
3007 1259 3257 1322 Photius,
3307 1257 3484 1326 ipsum
3528 1257 3856 1321 Antiochiae,
3899 1270 3991 1310 se-

733 1357 943 1402 motum
966 1362 995 1401 a
1021 1348 1253 1418 publicis
1276 1348 1438 1414 curis,
1471 1350 1643 1405 multo
1671 1350 1978 1406 accuratius
2006 1349 2351 1420 limatiusque
2376 1350 2682 1421 scripsisse.
2721 1364 2884 1418 quant
2916 1348 3170 1403 eumdem
3197 1345 3671 1418 Constantinopoli
3722 1348 3987 1419 ἀρχιερα-

733 1438 958 1494 τεύοντα
992 1458 1005 1493 :
1032 1440 1087 1494 in
1116 1440 1259 1510 quod
1289 1450 1502 1511 tempus
1532 1441 1666 1505 haec,
1693 1457 1814 1511 qua:
1842 1442 1896 1495 in
1918 1441 2171 1497 manibus
2198 1440 2481 1505 habemus,
2516 1440 2769 1497 incidisse
2810 1440 2933 1495 luce
2963 1440 3164 1495 clarius
3187 1446 3291 1493 est.
3348 1439 3423 1494 De
3453 1454 3686 1494 numero
3720 1436 3991 1494 Photiano

732 1530 1061 1599 respondeo,
1096 1531 1238 1587 idem
1267 1532 1427 1603 ebjici
1458 1548 1617 1604 posse
1640 1532 1709 1588 de
1743 1533 1995 1589 Homiliis
2025 1534 2082 1588 in
2103 1533 2359 1597 Genesin,
2393 1547 2515 1602 quae
2553 1532 2673 1587 sine
2701 1531 2869 1588 dubio
2889 1546 3163 1602 germanae
3195 1538 3345 1597 sunt,
3382 1540 3439 1586 et
3473 1546 3584 1586 non
3619 1532 3806 1601 plures
3840 1528 3989 1585 Pho-

730 1621 808 1677 tio
832 1638 937 1677 una
968 1630 1024 1677 et
1057 1625 1353 1703 sexaginta,
1392 1639 1514 1679 cum
1546 1634 1725 1679 tamen
1755 1640 1948 1681 omnes
1972 1625 2141 1681 nostri
2176 1624 2403 1681 Codices
2429 1634 2638 1696 septem
2663 1633 2721 1679 et
2748 1624 3023 1694 sexaginta
3051 1624 3363 1694 praeferant,
3397 1630 3458 1676 ut
3506 1623 3591 1678 vel
3621 1622 3873 1677 Photium
3901 1622 3992 1679 hic

728 1722 785 1771 et
814 1714 888 1770 ibi
910 1714 1396 1784 memorialapsum
1425 1731 1544 1772 esse
1569 1731 1794 1773 necesse
1822 1715 1911 1782 sit,
1946 1716 2031 1772 vel
2067 1716 2122 1771 in
2156 1714 2385 1772 Codices
2407 1715 2664 1772 incidisse
2693 1715 2876 1770 minus
2902 1716 3164 1787 integros,
3198 1715 3283 1770 vel
3302 1714 3599 1770 oscitantes
3620 1714 3872 1769 librarios
3899 1714 3995 1770 hic

729 1826 830 1879 pro
863 1818 937 1866 vs'
975 1810 1120 1866 facili
1158 1812 1311 1882 lapsu
1346 1811 1634 1881 scripsisse
1661 1819 1725 1869 ν’.
1753 1810 1863 1868 Has
1886 1812 2033 1867 enim
2061 1826 2202 1875 esse,
2230 1826 2367 1881 quas
2391 1812 2502 1881 jam
2533 1810 2787 1865 manibus
2822 1810 3071 1872 terimus.
3104 1826 3214 1865 non
3245 1810 3380 1864 alias
3420 1809 3475 1863 in
3509 1810 3641 1864 Acta
3676 1809 3926 1863 homilias
3958 1824 3990 1863 a

727 1905 925 1962 Photio
948 1905 1195 1976 intelligi,
1228 1907 1389 1961 verba
1414 1906 1584 1976 ipsius
1607 1920 1797 1977 aperte
1823 1906 2105 1962 declarant
2141 1924 2153 1960 :
2181 1906 2237 1958 at
2270 1904 2341 1972 γὰ

2372 1924 2379 1955 ι
2407 1906 2487 1968 είς
2519 1904 2619 1968 τὰς
2647 1904 2885 1975 Πράξεις
2916 1903 3126 1973 ὁμιλίαι
3148 1904 3483 1975 πεντήκοντα
3513 1902 3611 1974 μέν
3643 1903 3770 1963 είσι,
3801 1902 3990 1973 σχεδὸν

722 1997 782 2050 δι
814 1998 883 2051 δι’
911 1996 1035 2053 ὅλου
1068 1995 1217 2067 αὐτῷ
1244 1995 1339 2050 τοῦ
1360 1996 1608 2051 ἐνιαυτοῦ
1635 1998 1969 2069 ἐρρήθησαν.
1997 1998 2074 2049 Οὐ
2101 1996 2210 2067 γὰρ
2244 1996 2367 2048 καθ’
2397 1995 2612 2065 ἡμεραν
2635 1993 2863 2057 ταύτας,
2888 1994 3028 2047 ἀλλὰ
3053 1994 3147 2047 καὶ
3174 1994 3315 2065 ὑπὲρ
3346 1994 3508 2047 πέντε
3562 1992 3767 2065 (malim
3794 1994 3943 2064 τρεῖς
3972 2010 3987 2050 :

724 2088 966 2159 respexit
985 2088 1131 2143 enim
1164 2088 1231 2142 ad
1259 2087 1439 2143 locum
1472 2088 1528 2142 in
1560 2088 1709 2142 hom.
1733 2086 2144 2158 quadragesima
2164 2093 2342 2156 quart:

2388 2084 2477 2139 διὰ
2504 2084 2671 2156 τριῶν
2707 2083 2967 2147 πολλάκις
2996 2083 3224 2154 ἡμερῶν
3258 2083 3290 2154 ἡ
3319 2084 3460 2137 ἑπτὰ
3490 2082 3649 2137 τοῦτο
3682 2082 3989 2153 ποιοῦντας)

720 2182 817 2235 καὶ
847 2180 989 2254 ὑπὲρ
1024 2179 1185 2245 ἑπτὰ,
1214 2180 1309 2233 καὶ
1336 2179 1509 2233 πλείω
1544 2178 1693 2251 (fort.
1723 2179 1942 2241 πλείους
1992 2196 2007 2233 :
2049 2193 2180 2233 nam
2207 2178 2277 2234 de
2316 2177 2338 2231 d

2371 2177 2509 2233 ebus
2554 2176 2815 2246 loquitur)
2846 2175 3173 2247 καθωμίλει·
3205 2175 3272 2241 ἃς
3304 2177 3463 2247 δῆλον
3493 2178 3658 2241 αὐτὸς
3694 2180 3863 2242 ποιεί,
3900 2179 3989 2231 ὅτι

720 2270 1129 2345 ἀρχιερατεύων
1152 2270 1293 2325 κατὰ
1314 2270 1373 2324 τὸ
1401 2269 1585 2341 τρίφν
1611 2270 1730 2335 ἔτος
1762 2269 2032 2343 ὡμίλησε.
2060 2270 2256 2335 Locus,
2283 2270 2338 2325 ad

2379 2284 2540 2339 quem
2587 2270 2825 2341 respexit
2872 2268 3121 2336 Photius,
3168 2278 3253 2325 est
3292 2271 3348 2325 in
3379 2270 3528 2326 hom.
3569 2271 3988 2342 quadragesima

718 2376 937 2444 quarta,
964 2383 1087 2439 pag.
1120 2366 1246 2433 856,
1277 2366 1374 2421 lin.
1404 2368 1473 2423 59
1500 2364 1577 2438 [p.
1603 2367 1710 2423 555
1728 2367 1815 2433 D.,
1841 2366 2055 2432 Meum,
2083 2367 2188 2421 col.
2225 2365 2349 2431 5l2,
2380 2366 2480 2421 lin.
2506 2366 2576 2421 55
2599 2366 2688 2421 ed.
2721 2364 2899 2437 nov.],
2922 2365 3017 2421 ubi
3041 2374 3257 2435 arrepta
3281 2366 3567 2421 occasione
3595 2381 3661 2419 ex
3683 2364 3832 2420 Pauli
3860 2380 3991 2421 ver-

717 2459 825 2520 ‘bis.
856 2456 1305 2529 μνημονεύοντες,
1336 2457 1417 2510 ὅτι
1441 2456 1682 2529 τριετίαν
1703 2456 1874 2511 νύκτα
1902 2457 1997 2510 καὶ
2019 2456 2233 2526 ἡμέραν
2265 2456 2335 2509 of):

2397 2455 2749 2525 ἐπαυσάμην,
2783 2455 3042 2509 Actorum
3080 2454 3183 2519 20,
3224 2453 3314 2518 5i,
3351 2454 3771 2525 Chrysostomus
3801 2454 3869 2510 de
3900 2471 3988 2536 se,

715 2546 831 2600 ἶόοὺ
860 2548 925 2621 τῇ
958 2544 1139 2615 χάριτι
1169 2542 1262 2598 τοῦ
1292 2543 1430 2597 Θεοῦ
1456 2544 1551 2597 καὶ
1588 2545 1752 2614 ἡμεῐς
1771 2544 1957 2598 λοιπὸν
1990 2544 2231 2613 τριετίαν
2263 2544 2333 2615 εχ‹

2372 2561 2484 2614 μιν.
2523 2544 2701 2613 Atque
2738 2553 2800 2599 ut
2822 2559 2933 2598 non
2964 2545 3131 2599 alium
3176 2560 3298 2599 esse
3324 2545 3486 2614 hujus
3527 2544 3649 2600 libri
3682 2555 3990 2607 auctorem.

717 2652 878 2707 quam
899 2636 1163 2692 Joannem
1185 2646 1455 2701 nostrum,
1481 2637 1739 2705 liquidius
1764 2644 2043 2708 appareat,
2077 2637 2194 2692 haec
2220 2652 2390 2707 pauca
2416 2638 2681 2707 adjecisse
2711 2653 2821 2691 non
2850 2638 2950 2692 abs
2977 2653 3037 2692 re
3062 2637 3245 2692 fuerit.
3272 2635 3475 2690 Omitto
3501 2638 3699 2691 multas
3728 2638 3992 2708 loquendi

716 2731 981 2786 formulas
1002 2730 1133 2785 huic
1156 2742 1345 2785 nostro
1373 2731 1694 2802 peculiares,
1721 2730 2267 2800 interrogatiunculas
2286 2768 2303 2795 ,
2333 2729 2709 2801 dialogismos,
2739 2729 3105 2801 digressiones
3131 2730 3363 2783 morales
3382 2769 3397 2793 ,
3440 2728 3586 2799 leges
3617 2740 3804 2784 contra
3829 2730 3993 2799 jura-

715 2834 901 2881 menta
932 2825 1086 2888 latas,
1118 2823 1269 2879 Sixto
1295 2823 1523 2879 Senensi
1546 2833 1710 2895 atque
1731 2824 1833 2894 ipsi
1861 2823 2086 2879 Erasmo
2111 2833 2318 2879 notata.
2342 2824 2497 2890 Quod
2528 2825 2582 2879 in
2619 2826 2767 2880 hom.
2791 2825 2967 2896 prima
2998 2825 3274 2879 invehitur
3305 2826 3360 2879 in
3384 2840 3499 2889 eos,
3532 2826 3625 2895 qui
3654 2826 3995 2896 baptismum

714 2922 963 2991 rejiciunt
1006 2936 1176 2990 usque
1205 2919 1273 2974 ad
1294 2928 1565 2975 extremas
1594 2919 1905 2981 ἀναπνοάςο
1944 2920 2089 2989 quod
2116 2920 2169 2972 in
2215 2919 2365 2991 hom.
2398 2920 2671 2991 trigesima
2709 2921 2879 2991 legem
2907 2921 3093 2975 statuit
3120 2920 3173 2975 in
3202 2935 3315 2984 cos,
3349 2922 3439 2990 qui
3472 2922 3729 2991 episcopo
3763 2922 3995 2977 concio-

714 3014 867 3069 nanti
900 3013 1123 3082 plausus
1153 3012 1301 3067 cient
1329 3029 1343 3065 :
1376 3012 1517 3081 quod
1552 3022 1739 3067 contra
1758 3012 2038 3067 Platonem
2054 3020 2110 3065 et
2124 3011 2475 3081 philosophos
2496 3012 2652 3066 toties
2669 3028 2733 3066 ac
2755 3021 2863 3067 tam
2878 3014 3233 3067 vehementer
3247 3013 3508 3082 disputat.
3530 3028 3599 3065 an
3624 3028 3731 3067 non
3749 3014 3880 3068 satis
3901 3014 3999 3067 in-

711 3108 1192 3178 dicantantiquum
1230 3122 1353 3163 esse
1382 3107 1726 3177 scriptorem,
1768 3107 1861 3177 qui
1895 3107 1949 3161 in
1980 3106 2113 3162 vitia
2157 3107 2341 3160 multis
2381 3106 2494 3176 jam
2547 3107 2671 3161 inde
2709 3108 2923 3162 saeculis
2960 3107 3240 3176 antiquata
3271 3116 3379 3160 tam
3412 3108 3611 3161 acriter
3641 3108 3935 3162 invehatur
3966 3110 3994 3164 ἳ

712 3201 849 3268 Quid
880 3203 1021 3275 quod
1052 3203 1238 3257 homil.
1268 3202 1571 3266 undecima,
1604 3201 1813 3272 ἡκουσά
1844 3218 1974 3255 ποτε
2001 3202 2254 3272 πατέρων
2294 3218 2330 3254 τι

2366 3216 2403 3253 ιν
2436 3202 2739 3272 ἡμετέρων,
2776 3201 2971 3271 inquit,
3004 3201 3295 3271 λεγόντων,
3324 3204 3406 3256 ὅτι
3443 3203 3585 3256 κατὰ
3613 3203 3702 3255 τὸν
3730 3202 3984 3274 διωγμὸν

706 3295 801 3348 τὸν
833 3294 1063 3355 παλαιὸν
1101 3290 1171 3365 ἦν
1216 3295 1343 3349 ίδεῐν
1374 3294 1543 3357 ὅντως
1575 3295 1938 3363 Χριστιανοὺς
1979 3294 2207 3363 ἄνδρας,
2250 3301 2324 3347 ett

2356 3334 2359 3347 .
2392 3294 2473 3348 Ex
2498 3294 2697 3363 quibus
2719 3302 2945 3363 apparet
2976 3294 3138 3364 hujus
3165 3294 3285 3348 libri
3316 3303 3592 3349 auctorem
3618 3296 3798 3349 statim
3836 3306 3974 3366 post

715 3402 959 3457 tempora
982 3388 1377 3459 persecutionis
1402 3386 1621 3451 vixisse,
1651 3388 1743 3457 qui
1773 3386 1889 3441 ha'c
1914 3402 1945 3440 a
1968 3384 2215 3456 patribus
2245 3385 2358 3441 suis
2382 3385 2570 3440 audire
2601 3386 2857 3455 potuerit.
2888 3384 3026 3451 Quid
3055 3384 3197 3453 quod
3228 3386 3416 3439 homil.
3449 3387 3707 3456 vigesima
3742 3387 3994 3441 secunda

710 3484 925 3553 legitur,
969 3484 1188 3553 σπεῖρα,
1219 3480 1248 3533 ὃ
1288 3479 1560 3550 καλοῦμεν
1594 3480 1690 3533 νῦν
1720 3480 2032 3552 νούμερονῖ
2076 3488 2130 3535 et
2159 3480 2305 3550 quod

2374 3478 2524 3535 omil.
2550 3478 2965 3549 quadragesima
2998 3488 3172 3535 sexta.
3204 3478 3232 3531 ὃ
3263 3482 3394 3549 παρ’
3417 3482 3551 3549 ἡμῖν
3597 3481 3811 3549 λέγουσι
3838 3482 3992 3535 κατὰ

708 3578 807 3648 τὴν
838 3574 1153 3643 Ῥωμαϊκὴν
1190 3570 1502 3641 συνήθειαν,
1552 3572 1610 3623 ὲν
1639 3573 1754 3635 τοῖς
1798 3572 2003 3639 σίγνοις
2045 3572 2210 3625 αὐτὸν
2254 3571 2324 3642 ῐμ

2380 3572 2482 3637 ιλε,
2528 3586 2711 3625 nonne
2740 3569 2873 3625 satis
2903 3571 3017 3624 haec
3056 3586 3155 3641 per
3189 3586 3247 3626 se
3295 3572 3673 3641 antiquitatem
3707 3573 3945 3641 produnt
3973 3578 3998 3629 ?

708 3670 813 3724 Sed
853 3668 983 3738 quid
1033 3667 1373 3736 conjecturas
1410 3676 1721 3727 consector,
1753 3681 1877 3720 cum
1925 3665 2041 3736 ipse
2086 3672 2273 3735 aperte
2320 3665 2469 3721 hom.
2523 3665 2936 3736 quadragesima
2980 3667 3153 3735 prima
3197 3672 3719 3733 contemporaneum
3755 3680 3813 3719 se
3853 3680 3986 3735 pro~

711 3764 928 3819 ﬂteatur
957 3762 1214 3817 Iuliano?
1240 3762 1415 3817 Locus
1439 3768 1524 3816 est
1551 3775 1672 3831 pag.
1705 3759 1830 3825 859,
1863 3762 1894 3814 7
1925 3759 2003 3831 [p.
2032 3760 2129 3813 511
2161 3752 2299 3814 extr.
2328 3758 2543 3827 Montf.,
2576 3760 2681 3815 col.
2721 3761 2847 3825 291,
2878 3760 2973 3814 lin.
3007 3760 3079 3817 5‘2
3106 3760 3194 3815 ed.
3236 3759 3389 3831 nov.)
3421 3775 3434 3812 :
3469 3760 3577 3812 ἰδοὺ
3612 3759 3723 3830 γὰρ
3752 3762 3845 3813 ἐπὶ
3872 3760 3999 3814 τῶν

709 3860 917 3932 καιρῶν
949 3861 1057 3913 τῶν
1084 3858 1370 3930 ἡμετέρων
1398 3857 1466 3911 τὰ
1502 3858 1643 3909 κατὰ
1672 3858 1763 3909 τὸν
1793 3836 2064 3927 μακάριον
2095 3855 2342 3908 Βαδύλαν
2370 3856 2582 3926 γέγονε,
2607 3857 2678 3909 τὰ
2708 3855 2851 3913 κατὰ
2880 3856 2949 3908 τὰ
2980 3855 3349 3926 Ἰεροσόλυμα,
3386 3854 3454 3907 τὰ
3488 3855 3630 3908 κατὰ
3661 3855 3758 3925 τὴν
3786 3856 3996 3909 καθαί-

714 3971 862 4024 ρεσιν
889 3954 995 4008 τῶν
1031 3953 1224 4023 ἱερῶνῖ
1252 3967 1482 4022 quorum
1516 3950 1625 4005 duo
1649 3949 1828 4019 priora
1859 3951 1961 4005 sub
1986 3948 2205 4005 Juliano
2244 3951 2611 4022 contigerunt,
2651 3952 2871 4005 tertium
2902 3950 3007 4005 sub
3036 3950 3363 4004 Theodosio.
3387 3948 3505 4003 lam
3530 3949 3661 4004 illud
3692 3950 3840 4004 hom.
3875 3954 3988 4005 tri-

708 4048 912 4121 gesima
939 4052 1128 4101 octava
1168 4045 1236 4100 de
1284 4044 1421 4099 libro
1450 4042 1658 4114 magico
1692 4042 1916 4097 invento
1945 4043 2001 4096 in
2041 4042 2262 4097 ﬂumine
2283 4083 2295 4107 ,
2325 4058 2448 4097 cum
2491 4043 2671 4097 adhuc
2706 4042 2993 4113 μειράκιον
3015 4049 3161 4096 esset
3190 4040 3630 4111 Chrysostomus,
3678 4042 3997 4098 Cardinalis

708 4135 973 4191 Baronius
996 4143 1163 4199 recte,
1191 4141 1249 4188 tit
1283 4133 1494 4203 opinor,
1528 4132 1594 4187 ad
1622 4140 1866 4202 tempera
1889 4131 2129 4187 Valentis
2164 4132 2350 4187 refert.
2382 4130 2461 4186 Ex
2494 4132 2579 4188 his
2617 4133 2786 4202 liquet
2837 4133 3157 4201 scriptorem
3198 4131 3367 4187 fuisse
3403 4141 3709 4199 temporum
3761 4135 3994 4189 illorum

707 4231 989 4299 aequalem.
1038 4228 1145 4285 Sed
1198 4237 1253 4283 et
1302 4229 1615 4298 episcopum
1666 4225 1833 4281 fuisse
1874 4226 2006 4281 satis
2036 4226 2326 4281 constabit.
2369 4223 2529 4282 Hom.
2588 4226 2745 4279 tertia
2777 4226 3017 4295 loquitur
3042 4226 3111 4280 de
3149 4228 3350 4297 seipse,
3393 4237 3451 4282 ut
3488 4229 3766 4298 episcopo.
3802 4230 3903 4281 llo;

709 4338 853 4377 nona
908 4331 1093 4392 aperte
1144 4321 1382 4391 seipsum
1443 4321 1757 4390 episcopum
1807 4327 1985 4381 vocat.
2044 4317 2181 4372 ἀλλὰ
2221 4318 2308 4382 σὺ,

2364 4319 2526 4387 μησὶν,
2578 4316 2763 4386 ἄρχων
2815 4314 2867 4369 εἴ
2912 4316 3008 4370 καὶ
3056 4317 3372 4381 ἐπίσκοπος.
3421 4318 3621 4374 Homil.
3662 4328 3853 4376 octava
3901 4322 3982 4377 de

712 4415 894 4485 seipse
942 4414 1197 4484 loquitur,
1233 4423 1291 4469 ut
1314 4414 1570 4485 episcopo
1599 4416 1654 4469 in
1704 4414 1923 4469 civitate
1971 4412 2329 4484 βασιλευούσῃ
2364 4410 2527 4482 (quod
2555 4424 2755 4464 nomen
2783 4421 3145 4480 praeterquam
3170 4409 3355 4465 Romae
3392 4422 3448 4466 et
3478 4411 3986 4484 Constantinopoli,

708 4508 842 4562 nulli
865 4506 953 4560 alii
979 4507 1336 4561 conveniebat
1361 4507 1566 4561 civitati
1618 4506 1953 4579 (suspiciose
1973 4504 2219 4575 quaedam
2258 4518 2326 4572 as;

2365 4517 2551 4574 ergens
2586 4502 2654 4557 de
2686 4517 2784 4557 sua
2832 4503 3172 4573 expulsione,
3196 4502 3325 4573 περὶ
3350 4501 3449 4572 τῆς
3480 4502 3673 4555 ἑαυτοῦ
3702 4504 3983 4574 καθαιρέ-

709 4599 1091 4668 σεωςςψιιιιὶε
1132 4608 1258 4652 sunt
1312 4615 1431 4670 pag.
1478 4600 1603 4664 655,
1652 4602 1723 4656 24
1764 4599 1913 4671 [pag.
1960 4598 2051 4662 68,
2106 4598 2171 4663 Α,
2210 4597 2327 4652 Men

2364 4598 2423 4661 ί..
2455 4597 2558 4652 col.
2592 4597 2683 4663 74,
2715 4597 2813 4651 lin.
2840 4596 2913 4650 22
2948 4612 3075 4651 nov.
3109 4594 3225 4666 ed.]
3257 4613 3270 4648 :
3301 4595 3335 4667 ἡ
3366 4596 3627 4649 καθέλετέ
3667 4613 3735 4667 με
3759 4596 3982 4669 ταύτης

706 4692 807 4761 τῆς
835 4692 1034 4762 ἀρχῆς,
1065 4690 1097 4759 ἡ
1132 4689 1363 4760 μόνοντά
1398 4708 1466 4761 με
1499 4691 1572 4763 μὴ
1606 4688 1959 4763 περιϐάλλετε
1990 4689 2273 4752 κινδύνοις.
2304 4688 2324 4742 Ι

2394 4690 2586 4759 pagina
2621 4697 2901 4758 sequente,
2934 4688 3030 4742 lin.
3061 4688 3125 4741 12
3156 4686 3299 4759 [pag.
3328 4688 3415 4751 69,
3443 4688 3507 4749 Α,
3542 4687 3643 4742 col.
3690 4688 3777 4753 76,
3806 4688 3903 4741 lin.
3952 4691 3993 4745 5

708 4785 795 4838 cd.
827 4782 981 4853 nov.)
1013 4800 1026 4835 :
1058 4783 1164 4845 ἓως
1196 4783 1263 4836 ἂν
1283 4785 1341 4835 ὲν
1365 4781 1442 4852 τῷ
1466 4782 1640 4853 θρόνῳ
1662 4783 1981 4853 καθέζωμαι
2010 4781 2206 4850 τούτῳ,
2230 4780 2383 4835 οὐδὲν
2413 4783 2635 4852 προήσω
2675 4781 2783 4833 τῶν
2812 4780 2978 4832 αὐτοῦ
3005 4779 3406 4850 δικαιωμάτων.
3448 4781 3548 4833 Ἂν
3580 4782 3645 4851 μέ
3672 4799 3757 4844 τις
3784 4800 3986 4835 κατα-

711 4872 931 4941 διδάσῃ,
961 4871 1145 4924 λοιπὸν
1170 4871 1457 4934 ἀνεύθυνός
1479 4874 1613 4941 ειμι.
1652 4873 1716 4925 Et
1746 4872 1933 4927 homil.
1961 4870 2241 4925 undecima
2273 4870 2329 4925 let

2358 4870 2529 4941 uitur,
2558 4878 2619 4925 ut
2642 4872 2693 4925 in
2722 4871 2959 4935 civitate,
2992 4887 3113 4941 quae
3139 4880 3338 4941 praeter
3368 4872 3583 4928 Iudaeos
3618 4881 3674 4927 et
3706 4872 3976 4943 gentiles,

710 4962 1143 5018 Christianorum
1180 4962 1373 5017 habeat
1415 4963 1537 5032 plus
1576 4979 1737 5032 quam
1766 4973 1985 5019 centum
2017 4964 2204 5018 millia.
2239 4962 2395 5018 Hom.
2433 4963 2851 5033 quadragesima
2884 4964 3146 5026 secunda,
3181 4980 3236 5033 p.
3274 4965 3439 5019 8481.
3473 4966 3539 5018 l2
3594 4962 3689 5035 [p.
3728 4964 3863 5028 524,
3910 4966 3990 5032 Β,

710 5054 813 5108 col.
855 5056 981 5112 502.
1020 5053 1119 5108 lin.
1147 5054 1216 5109 29
1244 5062 1299 5109 et
1324 5053 1475 5125 nova]
1509 5073 1522 5108 :
1568 5052 1697 5107 ’ἰδοῦ
1726 5055 1886 5125 ἡλίκη
1914 5056 2071 5117 πόλις
2100 5057 2229 5124 ὑμῖν
2254 5054 2328 5106 ιὶσ⁴

2344 5071 2401 5106 ἰν
2426 5056 2459 5125 ἡ
2492 5072 2529 5126 μ
2582 5055 2701 5125 έάλη
2728 5054 2889 5125 αῦτη.
2918 5055 2986 5109 Ει
3016 5055 3161 5124 quod
3191 5070 3479 5125 nusquam,
3515 5063 3576 5109 ut
3604 5055 3817 5123 opinor,
3842 5056 3962 5112 alib

713 5150 767 5203 in
791 5150 911 5218 ejus
940 5150 1194 5219 operibus
1231 5150 1533 5219 reperitur,
1566 5149 1754 5203 homil.
1804 5150 2249 5221 quinquagesima
2278 5152 2536 5216 secunda,
2586 5167 2708 5221 pag.
2739 5149 2863 5215 909.,
2900 5150 2936 5203 l.
2966 5151 3035 5206 40
3082 5150 3156 5223 [p.
3197 5152 3319 5215 595,
3364 5152 3427 5215 D,
3458 5151 3563 5206 col.
3601 5152 3727 5219 565,
3762 5153 3863 5207 lin.
3904 5158 3997 5213 41.

712 5240 802 5295 ed.
836 5238 999 5311 nov.]
1038 5254 1234 5295 nomen
1276 5256 1435 5295 suum
1496 5241 1699 5295 directe
1737 5242 1890 5311 ponit
1932 5264 1943 5296 :
1985 5243 2112 5311 Εἰμὶ
2142 5242 2236 5294 τοῦ
2300 5260 2330 5311 μ

2383 5244 2572 5312 καρίου
2636 5244 2736 5311 μὲν
2760 5241 2970 5294 ἐκείνου
3027 5242 3332 5311 (Ἰωάννου)
3390 5243 3699 5313 ὁμώνυμος.
3749 5244 3810 5297 οὐ
3867 5246 3996 5317 μὴν

714 5330 1051 5402 συνώνυμος.
1092 5334 1206 5385 Οὐκ
1243 5334 1357 5403 etp)
1399 5334 1671 5403 Ἰωάννης,
1706 5333 1842 5387 ἀλλὰ
1881 5332 2173 5403 καλοῦμαι.
2204 5332 2331 5389 Post

2374 5350 2483 5387 emo
2510 5334 2776 5389 accedunt
2804 5343 2860 5388 et
2903 5344 3149 5389 veterum
3192 5335 3518 5403 scriptorum
3548 5336 3615 5389 de
3656 5336 3817 5406 hujus
3845 5337 3992 5395 libri

716 5437 937 5483 auctore
958 5430 1289 5485 testimonia.
1337 5429 1411 5482 D'e
1454 5428 1646 5482 Photio
1679 5444 1839 5499 supra
1871 5429 2125 5483 diximus.
2185 5430 2568 5493 Damascenus,
2613 5429 2708 5483 lib.
2754 5430 2807 5492 5,
2849 5443 2968 5498 cap.
3011 5429 3097 5494 15,
3151 5429 3224 5481 De
3268 5429 3372 5482 [ide
3416 5429 3738 5495 orthodoxa,
3788 5430 3991 5487 locum

717 5516 849 5571 citat
889 5531 955 5571 ex
985 5518 1222 5572 secunda
1254 5517 1442 5571 homil.
1474 5517 1529 5571 in
1554 5518 1687 5572 Acta
1729 5534 1741 5569 :
1772 5518 1864 5588 qui
1905 5528 2085 5572 tamen
2114 5520 2350 5573 auctoris
2399 5534 2467 5573 an
2513 5518 2718 5571 librarii
2754 5518 2928 5587 lapsu,
2956 5535 3066 5573 non
3098 5519 3149 5572 in
3180 5519 3415 5573 secunda
3444 5520 3717 5589 reperitur
3752 5520 3990 5586 homil.,

718 5608 815 5663 sed
842 5608 895 5661 in
931 5607 1127 5677 prima,
1164 5625 1282 5680 pag.
1312 5608 1435 5673 610,
1480 5609 1514 5661 l.
1542 5610 1629 5663 18.
1665 5609 1865 5664 Deinde
1894 5608 2219 5664 Catenarum
2255 5611 2541 5680 scriptores
2564 5652 2579 5676 ,
2612 5610 2672 5664 Ni
2716 5618 2849 5673 etas,
2882 5609 3271 5673 (Ecumenius,
3297 5620 3401 5663 etc.
3434 5626 3544 5663 non
3571 5626 3632 5664 ex
3661 5610 3778 5663 aliis
3802 5626 3992 5678 quam

718 5714 786 5752 ex
820 5700 922 5752 hoc
948 5696 1109 5753 horto
1133 5698 1465 5768 depromptis
1493 5697 1729 5753 ﬂosculis
1755 5714 1880 5754 suas
1914 5707 2243 5755 contexuere
2289 5701 2515 5762 corollas
2550 5715 2559 5749 :
2606 5710 2663 5754 ut
2688 5715 2800 5769 ,am
2833 5700 3059 5756 stultum
3098 5698 3166 5753 sit
3195 5698 3472 5770 deinceps,
3496 5708 3557 5754 ut
3584 5700 3718 5755 mihi
3747 5699 3991 5770 quidem

722 5789 955 5858 videtur,
1008 5791 1075 5847 de
1126 5790 1287 5861 hujtts
1328 5790 1447 5848 libri
1501 5800 1721 5846 auctore
1756 5790 2023 5846 dubitare.
