4098 6324
599 303 669 362 15
1312 292 1370 348 S.
1409 289 1690 348 JOANNIS
1727 280 2171 344 CHRYSOSTOM

2277 280 2552 337 .IKCHIEP.
2593 279 3128 337 CONSTANTINOP.
3808 279 3875 334 16

589 414 844 485 gellandi,
878 410 1021 482 quod
1065 406 1418 465 intolerabilia
1466 404 1693 474 passuri,
1724 410 1781 457 et
1811 400 1893 454 his
1930 395 2178 453 omnibus

589 506 896 577 superiores
921 502 1085 559 futuri
1109 508 1317 564 essent,
1348 496 1489 567 quod
1518 496 1643 550 item
1673 490 2006 561 evangelium
2035 502 2177 554 pra:-

588 598 872 653 dicandmn
896 594 1035 649 foret
1057 596 1110 649 in
1134 594 1381 647 universo
1400 587 1626 643 mundo:
1653 586 1787 649 hac,
1810 584 2044 652 inquam,
2061 594 2178 632 om-

592 688 677 741 nia
698 687 1104 741 accuratissime
1137 682 1401 753 completa
1438 679 1490 733 in
1532 677 1633 732 hoc
1656 676 1793 735 libro
1807 686 2031 728 cernere
2057 678 2174 733 est;

588 795 798 837 necnon
829 778 913 831 his
943 777 1090 845 plura
1117 790 1237 844 quae
1266 786 1390 825 eum
1426 766 1707 837 discipulis
1733 778 1953 819 versans
1998 758 2175 819 Domi-

591 884 689 921 nus
733 866 961 926 dixerat,
988 864 1313 932 Videbisque
1362 860 1450 915 hic
1488 856 1761 929 apostolos
1801 868 1901 909 ceu
1931 851 2176 905 volucres

581 974 683 1028 per
716 969 909 1012 terram
937 966 992 1010 et
1018 957 1183 1009 maria
1213 955 1596 1014 discurrentes,
1630 948 1857 1017 illosque
1884 943 2010 997 olim
2035 940 2177 997 timi-

588 1052 683 1103 dos
713 1059 767 1102 et
808 1047 989 1111 rudes,
1025 1047 1079 1105 in
1109 1046 1245 1099 alios
1288 1043 1535 1100 homines
1564 1048 1784 1108 repente
1814 1045 2063 1099 mutatos,
2094 1032 2175 1089 di-

586 1141 833 1194 vitiarum
880 1120 1305 1206 eontemptores,
1353 1133 1557 1204 gloria,
1589 1131 1690 1195 ira,
1736 1126 2171 1196 concupiscentia

582 1232 899 1299 cauet-isque
926 1228 1175 1285 omnibus
1223 1227 1527 1295 superiores
1554 1223 1807 1279 etIectos:
1838 1220 2057 1274 multam
2092 1217 2169 1269 \i-

583 1323 735 1376 dehis
783 1324 922 1375 inter
969 1321 1112 1387 ipsos
1149 1315 1516 1380 concordiam,
1558 1312 1756 1367 nullam
1796 1308 2073 1370 invidiam,
2114 1314 2172 1359 ut

583 1417 733 1470 olim.
765 1413 965 1466 nullam
988 1410 1058 1465 ob
1091 1412 1351 1476 primatus
1378 1406 1707 1463 desiderium
1737 1401 2167 1463 contentionem;

580 1507 674 1559 sed
719 1522 929 1557 onmem
974 1504 1024 1556 in
1055 1502 1160 1556 illis
1188 1501 1439 1554 virtutem
1465 1498 1750 1568 diligenter
1780 1494 1999 1559 cultam,
2028 1492 2169 1546 cari-

587 1606 858 1662 tatemque
885 1595 1081 1647 eximie
1108 1592 1434 1661 fulgentem;
1461 1590 1531 1643 de
1557 1603 1659 1659 qua
1688 1586 1855 1640 multa
1879 1584 2008 1654 ipsis
2035 1598 2174 1653 prte-

584 1699 821 1756 cepcrat,
837 1688 1023 1741 dicens
1041 1704 1053 1739 :
1076 1684 1099 1737 Ι
1110 1704 1140 1737 n
1165 1686 1257 1737 hoc
1278 1692 1575 1754 cognoscent
1594 1697 1766 1735 omnes
1781 1679 1917 1750 quod
1933 1678 2171 1746 discipuli

582 1782 681 1832 mei
705 1780 834 1843 sitis,
865 1780 910 1831 si
936 1779 1213 1831 dilexeritis
1240 1779 1451 1829 invicem
1479 1774 1661 1845 (Joan.
1694 1774 1781 1827 15.
1812 1772 1925 1840 55).
1950 1770 2086 1837 Quin
2116 1778 2170 1824 et

578 1874 823 1941 dogtna'a
844 1871 1085 1941 quaedam
1115 1871 1165 1923 in
1194 1869 1297 1923 hoc
1326 1869 1466 1922 libro
1494 1869 1731 1936 reperire
1756 1866 1899 1924 licet,
1918 1879 2037 1932 quae
2064 1860 2168 1915 nisi

582 1978 811 2033 scriptus
841 1963 931 2017 ille
967 1964 1172 2025 fuisset,
1202 1962 1335 2015 nulli
1369 1961 1438 2014 ita
1466 1960 1743 2028 perspicua
1769 1966 1824 2011 et
1851 1956 2006 2025 plana
2038 1953 2169 2008 fuis-

581 2068 701 2108 sent
732 2072 744 2106 :
778 2070 883 2107 uno
928 2055 1088 2108 etiam
1137 2052 1210 2120 id,
1254 2052 1396 2123 quod
1428 2061 1509 2106 est
1547 2050 1735 2106 salutis
1761 2058 1957 2102 nostrae
1984 2054 2165 2115 caput,

580 2156 688 2200 tam
741 2146 1032 2199 srcundoni
1092 2147 1255 2199 vitam
1309 2154 1365 2199 et
1420 2158 1621 2210 mores,
1663 2156 1822 2210 quam
1874 2138 2167 2195 secundum

578 2244 847 2307 dogmata,
872 2238 1140 2290 occultant
1170 2236 1564 2304 obscurumque
1593 2242 1755 2287 esset.
1786 2230 2012 2285 Maxima
2043 2244 2166 2298 pals

580 2341 754 2384 autem
782 2329 921 2395 libri,
947 2328 1091 2381 Pauli
1120 2336 1265 2397 gesta
1295 2340 1437 2390 sunt,
1462 2325 1551 2395 qui
1579 2325 1698 2395 plus
1737 2321 1986 2378 omnibus
2016 2320 2164 2376 labo-

583 2422 737 2473 ravit.
771 2417 936 2488 Cujus
975 2419 1052 2472 rei
1083 2432 1241 2471 causa
1274 2426 1379 2483 est,
1401 2416 1543 2486 quod
1568 2416 1613 2469 is
1640 2415 1732 2483 qui
1782 2402 1927 2467 hunc
1972 2412 2165 2467 librum

581 2512 816 2579 scripsit,
850 2511 1038 2563 beatus
1084 2508 1280 2571 Lucas,
1315 2507 1431 2577 ejus
1456 2514 1602 2561 esset
1649 2504 1980 2574 discipulus:
2014 2502 2167 2572 cujus

582 2600 826 2653 virtutem
855 2609 961 2653 tum
985 2617 1050 2654 ex
1080 2599 1200 2652 aliis
1227 2598 1407 2657 multis
1426 2612 1649 2652 cernere
1674 2604 1776 2661 est,
1802 2604 1915 2655 tum
1936 2594 2167 2650 maxime

579 2691 718 2765 quod
749 2691 951 2744 doctori
980 2705 1077 2743 suo
1121 2688 1487 2744 indesinenter
1535 2687 1771 2741 haeserit.
1819 2686 2001 2756 Itaque
2041 2700 2164 2745 cum

585 2786 773 2836 liumas
793 2793 846 2836 et
865 2782 1227 2853 Hermogenes
1248 2781 1425 2850 ipsum
1446 2780 1812 2849 reliquissent,
1836 2780 2079 2849 alterque
2109 2779 2164 2845 in

582 2874 875 2938 Calatiam,
910 2877 1048 2928 alter
1072 2874 1126 2926 in
1169 2872 1487 2927 Dalmatiam
1513 2871 1756 2935 abiisset,
1785 2870 1908 2924 audi
1933 2868 2060 2940 quid
2097 2868 2166 2932 de

581 2966 673 3018 illo
704 2965 843 3018 dicat
876 2984 888 3018 :
921 2962 1087 3018 Lucas
1119 2965 1260 3019 solus
1287 2980 1482 3021 mecum
1510 2971 1582 3017 est
1612 2962 1689 3033 (2.
1715 2961 1846 3017 Tim.
1874 2962 1929 3016 4.
1960 2961 2083 3031 11);
2113 2969 2167 3015 et

580 3058 877 3112 Corinthiis
905 3058 1147 3111 scribens
1172 3056 1241 3112 de
1272 3056 1364 3109 illo
1383 3056 1460 3110 ait
1488 3074 1501 3109 :
1533 3052 1695 3123 Cujus
1717 3054 1830 3109 laus
1853 3064 1925 3108 est
1945 3054 1999 3108 in
2020 3070 2168 3109 evan-

581 3150 712 3217 gelio
734 3166 824 3216 per
847 3164 1018 3203 omnes
1058 3146 1314 3201 Ecclesias
1341 3146 1416 3217 (2.
1445 3145 1562 3200 Cor.
1595 3148 1648 3201 8.
1683 3146 1792 3215 18).
1824 3146 1890 3209 Ει
1923 3161 2043 3198 cum
2085 3144 2168 3199 di-

581 3239 652 3292 cit
680 3257 691 3292 :
734 3236 877 3292 Visus
898 3246 970 3292 est
997 3236 1199 3306 Ceplia’,
1233 3236 1414 3290 deinde
1436 3236 1699 3290 duodecim
1722 3236 1897 3297 ';cum
1912 3234 1988 3287 ait
2014 3249 2163 3296 vero,

584 3330 876 3384 Secundum
922 3329 1235 3400 euangelium
1277 3327 1412 3397 quod
1460 3326 1723 3395 accepistis
1776 3325 1851 3395 (Ι.
1900 3323 2019 3380 Cor.
2075 3326 2162 3380 15.

588 3422 641 3476 5.
696 3420 795 3492 l);
847 3420 916 3474 de
960 3420 1117 3475 Lucae
1170 3419 1462 3488 Evangelio
1509 3419 1783 3488 loquitur:
1840 3418 1913 3471 ita
1954 3425 2011 3473 ut
2060 3433 2165 3472 non

535 3573 541 3579 _
584 3513 934 3575 aberraverit,
961 3513 1006 3568 si
1033 3512 1152 3581 quis
1181 3510 1283 3584 ipsi
1310 3508 1413 3565 hoc
1456 3524 1592 3579 opus
1636 3509 2000 3581 adscripserit.
2031 3506 2167 3565 Cum

583 3604 687 3673 ipsi
708 3603 849 3665 dico,
878 3602 1096 3660 Christo
1120 3602 1262 3656 dico.
1288 3600 1517 3676 Quodsi
1544 3600 1664 3671 quis
1685 3600 1881 3661 dixerit
1902 3599 2039 3655 :Cur
2061 3616 2168 3656 non

585 3698 762 3749 omnia
790 3695 1007 3763 scripsit
1031 3700 1118 3763 qui
1151 3710 1318 3763 usque
1343 3694 1411 3747 ad
1460 3694 1617 3746 finem
1646 3707 1769 3749 cum
1800 3692 1915 3762 ipso
1955 3708 2171 3763 semper

584 3788 791 3847 fuerit?
818 3786 1284 3861 respondebimus,
1316 3786 1430 3841 hinc
1468 3786 1599 3845 satis
1639 3783 1805 3839 fuisse
1834 3784 1919 3849 iis,
1941 3785 2031 3855 qui
2056 3786 2171 3840 ani-

587 3897 733 3938 muni
779 3878 1037 3937 adhibere
1072 3878 1304 3954 vellent;
1359 3876 1586 3946 illosque
1634 3875 1699 3931 iis
1749 3889 1963 3945 semper
2015 3878 2168 3932 incu-

586 3972 786 4033 buisse,
809 3989 927 4041 qua:
955 3969 1123 4039 magis
1149 3978 1421 4039 urgerent,
1443 3983 1617 4037 neque
1645 3966 1749 4025 illis
1779 3977 1981 4023 tantum
2007 3967 2172 4026 fuisse

585 4048 853 4116 scribendi
875 4062 1148 4125 studium;
1198 4062 1391 4115 multas
1418 4061 1615 4131 quippe
1658 4075 1765 4115 non
1801 4061 2029 4131 scriptas
2060 4072 2171 4115 tra-

590 4152 822 4206 ditiones
855 4150 1137 4205 dederunt.

660 4242 761 4296 Cur
787 4240 971 4296 Christi
1001 4243 1236 4296 divinitas
1264 4244 1317 4296 in
1344 4243 1481 4298 Actis
1510 4259 1610 4297 non
1650 4244 1721 4297 ita
1748 4254 1922 4314 aperte
1947 4245 2173 4299 enuntie-

592 4332 983 4389 iur.-——Onmia
1026 4334 1203 4402 itaque
1234 4334 1337 4388 hoc
1379 4333 1430 4387 in
1474 4334 1611 4389 libro
1632 4334 1988 4391 admiratione
2014 4334 2171 4405 digna

589 4437 734 4487 sunt,
762 4426 993 4480 maxime
1014 4439 1141 4480 vero
1163 4426 1248 4480 illa
1276 4427 1559 4481 verborum
1588 4426 1863 4490 demissio,
1886 4443 2014 4497 qua,
2051 4441 2175 4497 sug-

591 4527 810 4586 gerente
850 4517 1050 4586 Spiritu
1081 4528 1288 4583 sancto,
1322 4518 1389 4573 de
1428 4519 1725 4574 teconomia
1772 4519 2049 4590 loquentes
2094 4521 2175 4575 usi

594 4621 719 4665 sunt
742 4610 988 4680 apostoli.
1018 4610 1141 4664 Ideo
1167 4625 1288 4665 cum
1330 4620 1406 4666 tot
1438 4621 1689 4681 tantaque
1712 4610 1780 4667 de
1805 4609 2021 4667 Christo
2052 4629 2177 4667 nar-

595 4710 737 4766 rent,
766 4715 931 4769 pauca
978 4700 1046 4756 de
1089 4701 1368 4756 divinitate
1397 4702 1513 4771 ejus
1537 4702 1807 4773 dixerunt,
1837 4702 1995 4775 longe
2026 4704 2176 4771 plura

591 4806 723 4845 vero
750 4790 818 4845 de
845 4791 1197 4857 humanitate,
1231 4791 1298 4846 de
1344 4794 1613 4861 passione.
1641 4794 1709 4849 de
1758 4796 2173 4857 resurrectione.

594 4885 661 4940 de
685 4884 1022 4938 ascensione.
1052 4883 1183 4938 Nam
1216 4883 1318 4942 hoc
1346 4884 1558 4939 interim
1583 4886 1946 4955 qurerebatur,
1977 4898 2036 4941 ut
2061 4902 2181 4942 cre-

597 4983 817 5029 deretur
846 4974 1019 5043 ipsum
1067 4975 1429 5034 resurretisse
1454 4984 1507 5030 et
1552 4976 1861 5032 ascendisse
1909 4979 1961 5031 in
1993 4978 2177 5034 caelos.

596 5065 1057 5133 Quemadmodum
1088 5066 1247 5142 igitur
1270 5066 1386 5136 ipse
1410 5065 1653 5123 Christus
1680 5068 1734 5122 in
1781 5068 1965 5137 primis
1994 5080 2179 5126 osten-

598 5154 727 5211 dere
754 5156 993 5220 curabat,
1023 5170 1083 5211 se
1126 5172 1157 5211 a
1200 5156 1358 5213 Patre
1384 5158 1596 5215 venisse
1627 5174 1641 5211 :
1674 5158 1743 5212 ita
1770 5168 1825 5213 et
1854 5157 1942 5213 hic
1974 5169 2177 5227 narrat,

596 5246 768 5315 ipsum
798 5248 1178 5314 resurresisse,
1204 5257 1537 5318 assumptum
1588 5250 1776 5315 fuisse,
1816 5260 1871 5306 et
1913 5250 1980 5306 ad
2032 5251 2180 5307 illum

600 5340 847 5405 rediisse,
870 5355 898 5392 a
921 5356 1025 5409 quo
1050 5350 1291 5403 venerat.
1315 5341 1425 5398 Nisi
1456 5343 1596 5395 enim
1627 5342 1729 5397 hoc
1749 5344 1898 5414 prius
1917 5346 2181 5400 creditum

593 5431 813 5495 fuisset;
844 5431 1118 5501 multoque
1139 5432 1305 5502 magis
1328 5442 1609 5503 postquam
1635 5445 1976 5491 accesserunt
2002 5452 2185 5492 resur-

662 5580 680 5610 ί
711 5584 782 5630 sic
802 5594 977 5630 anites
1001 5580 1121 5631 Ediu
1150 5590 1202 5631 et
1233 5588 1337 5631 uss.
1357 5584 1420 5633 At
1444 5585 1492 5633 in
1515 5592 1643 5635 Novo
1668 5593 1979 5637 Testamento
2004 5588 2177 5643 Grteoo

596 5643 776 5758 Igitur
800 5651 1029 5703 τεςωικ,
1054 5650 1106 5692 et
1131 5644 1179 5694 iu
1204 5643 1406 5709 Vulgata
1428 5644 1671 5709 undecim;
1697 5656 1749 5699 et
1772 5648 1877 5701 haec
1894 5663 2013 5703 vera
2036 5650 2184 5705 lectio

2288 395 2457 450 rectio
2488 402 2540 448 ct
2565 397 2885 463 assumptio,
2912 404 3079 450 totum
3105 393 3298 466 dogma
3321 393 3517 449 ,ἰυιιειτίε
3560 394 3877 452 incredibile

2285 486 2457 540 visum
2484 484 2693 541 fuisset.
2720 485 3062 556 Quapropter
3086 487 3286 541 sensim
3313 496 3369 542 et
3406 486 3663 557 paulatim
3690 500 3785 542 eos
3804 490 3877 542 ad

2283 577 2591 632 sublimiora
2639 578 2806 631 ducit.
2837 577 3064 637 Athenis
3094 592 3223 633 vero
3278 580 3547 634 hominem
3577 594 3703 635 eum
3739 581 3874 635 sim.

2283 671 2493 739 pliciter
2522 681 2677 726 vocat
2707 672 2926 736 Paulus,
2958 671 3092 727 nihil
3116 672 3349 742 amplius
3376 671 3582 729 addens
3610 672 3749 745 (Act.
3781 674 3874 731 17.

2280 763 2372 832 51)
2396 781 2407 813 :
2430 773 2486 818 et
2509 764 2633 833 jure
2657 764 2897 835 quidem.
2946 764 3158 821 Etenim
3188 767 3232 820 si
3280 767 3455 835 ipsum
3480 766 3774 831 Christum,
3802 767 3878 823 de

2279 870 2374 909 sua
2400 871 2520 910 cum
2552 856 2709 911 Patre
2753 856 3060 925 aequalitate
3091 857 3422 927 loquentem,
3452 872 3598 926 siepe
3627 858 3873 927 lapidare

2282 955 2556 1001 tentarunt
2583 946 2765 1016 (Joan.
2799 946 2855 1002 8.
2883 947 2996 1017 59),
3030 948 3313 1018 ipsumque
3338 946 3709 1016 blasphemum
3748 948 3877 1003 ideo

2281 1041 2663 1108 Vocarunt,vix
2687 1040 2833 1094 illum
2861 1054 3164 1095 sermonem
3192 1055 3221 1093 a
3253 1040 3609 1109 piscatoribus
3629 1040 3874 1119 accepiso

2278 1138 2418 1195 sent,
2444 1144 2566 1182 cum
2604 1130 2835 1184 maxime
2862 1144 2995 1184 crux
3018 1130 3402 1201 pra-cessisset.

2345 1218 2397 1271 2.
2443 1218 2510 1272 Et
2548 1219 2675 1289 quid
2699 1220 2767 1275 de
2800 1220 3002 1277 Iudaeis
3036 1222 3246 1292 loquar,
3272 1221 3488 1291 quando
3514 1222 3615 1292 ipsi
3656 1237 3875 1293 quoque

2275 1308 2558 1379 discipuli,
2593 1325 2717 1365 cum
2765 1310 3076 1367 sublimiora
3122 1311 3371 1367 audirent
3415 1312 3688 1383 dogmata,
3724 1329 3875 1383 sazpe

2277 1389 2471 1455 turbati
2500 1411 2554 1455 et
2592 1400 2781 1458 υσθηεί
2829 1404 3003 1461 sunt?
3042 1402 3173 1459 Ideo
3217 1404 3468 1459 dicebat:
3500 1403 3667 1457 Multa
3711 1405 3874 1459 habeo

2274 1491 2412 1544 vobis
2452 1492 2633 1558 dicere,
2658 1492 2747 1546 sed
2772 1509 2874 1547 non
2915 1495 3119 1562 potestis
3147 1505 3352 1565 portare
3388 1497 3537 1550 modo
3566 1495 3583 1555 (
3604 1497 3744 1549 ’oan.
3778 1497 3869 1553 16.

2276 1582 2387 1655 12).
2410 1584 2465 1639 Si
2499 1584 2573 1638 illi
2603 1600 2709 1640 non
2745 1596 3011 1655 poterant,
3036 1589 3127 1658 qui
3156 1598 3303 1643 tanto
3332 1596 3575 1658 tempore
3599 1607 3721 1644 eum
3749 1589 3872 1660 ipso

2275 1684 2447 1739 erant,
2479 1675 2568 1744 qui
2610 1684 2689 1731 tot
2728 1692 3048 1733 arcanorum
3074 1688 3354 1735 consortes
3381 1689 3555 1749 erant,
3585 1691 3638 1737 et
3669 1692 3746 1737 tot
3781 1683 3868 1737 vi-

2274 1766 2463 1819 derant
2489 1767 2743 1821 miracula
2769 1785 2783 1821 :
2816 1769 3088 1837 quomodo
3112 1769 3360 1826 homines
3386 1786 3576 1829 recens
3599 1774 3768 1828 avulsi
3799 1775 3871 1830 ab

2271 1857 2401 1921 aris,
2440 1856 2507 1909 ab
2547 1856 2728 1923 idolis,
2756 1874 2787 1912 a
2836 1859 3137 1927 sacrificiis,
3166 1876 3198 1913 a
3246 1861 3459 1929 felibus,
3506 1880 3537 1917 a
3582 1864 3868 1921 crucodilis

2278 1946 2399 2016 (hic
2418 1947 2559 2001 enim
2583 1957 2702 2003 erat
2728 1949 3010 2019 gentilium
3040 1950 3285 2022 cultus);
3315 1954 3456 2022 quia
3479 1955 3691 2009 caeteris
3712 1955 3869 2009 malis

2276 2047 2400 2092 tunc
2446 2039 2674 2107 primum
2717 2039 2932 2097 abducti
2980 2042 3209 2109 fuerant,
3242 2043 3488 2099 sublimia
3518 2045 3697 2100 statim
3735 2044 3869 2116 dog-

2272 2140 2474 2185 matum
2499 2131 2658 2186 verba
2682 2133 3060 2203 accepissent?
3088 2134 3358 2205 quomodo
3380 2136 3544 2191 etiam
3572 2135 3760 2197 Jndri.
3776 2137 3867 2204 qui

2269 2224 2509 2292 quotidie
2540 2224 2819 2279 discebant
2865 2235 2920 2279 et
2979 2226 3397 2281 instituebantur
3441 2241 3471 2281 a
3516 2228 3632 2298 lege
3664 2245 3677 2281 :
3705 2232 3862 2294 Audi,

2271 2312 2458 2379 Israel,
2487 2312 2735 2367 Dominus
2755 2313 2897 2368 Deus
2920 2325 3056 2379 tuus,
3076 2314 3329 2371 Dominus
3350 2333 3482 2372 unus
3502 2326 3594 2385 est,
3616 2328 3661 2371 et
3681 2328 3868 2387 printer

2266 2422 2382 2458 eum
2424 2422 2526 2459 non
2564 2415 2637 2460 est
2674 2408 2807 2461 alius
2847 2407 3022 2478 (Deut.
3054 2408 3109 2464 6.
3138 2410 3233 2478 4);
3274 2410 3366 2479 qui
3405 2410 3579 2480 ipsum
3619 2411 3867 2466 viderant

2268 2496 2416 2550 cruci
2443 2496 2661 2551 aflixum
2691 2514 2706 2562 ;
2759 2498 2868 2551 imo
2892 2500 2983 2569 qui
3013 2499 3397 2557 cruciﬁxerant
3420 2512 3476 2556 et
3512 2503 3861 2572 sepelierant,

2272 2602 2444 2658 neque
2467 2588 2642 2657 ipsum
2683 2591 3060 2645 resuscitatum
3090 2591 3353 2659 viderant,
3383 2592 3663 2648 audientes
3706 2608 3863 2649 eum-

2269 2679 2391 2735 dem
2421 2681 2594 2745 ipsum
2618 2696 2737 2737 esse
2764 2682 2932 2737 Deum
2960 2694 3014 2739 et
3040 2684 3181 2738 Patri
3204 2686 3487 2755 :equalem,
3509 2701 3615 2740 non
3642 2688 3865 2743 omnino

2269 2773 2591 2835 resiliissent
2618 2790 2681 2829 ac
2710 2776 3097 2841 recessissent?
3123 2776 3354 2848 Ideoque
3379 2778 3634 2848 paulatim
3658 2788 3712 2834 et
3734 2793 3862 2833 sen-

2268 2864 2370 2922 sim
2404 2864 2523 2921 illos
2550 2867 2617 2921 ad
2649 2867 2852 2932 maiora
2879 2867 3105 2934 ducunt,
3137 2877 3190 2925 et
3218 2883 3340 2924 sese
3364 2869 3593 2924 multum
3623 2869 3753 2939 ipsis
3780 2878 3865 2924 at-

2273 2965 2593 3026 temperant.
2622 2958 2885 3016 Uberiore
2910 2976 3038 3016 vero
3058 2961 3291 3031 Spiritus
3316 2962 3488 3034 gratia
3514 2962 3782 3032 frmmtur,
3808 2972 3865 3024 et

2271 3048 2499 3114 majora,
2541 3064 2705 3119 quam
2744 3050 2993 3107 Christus
3030 3051 3193 3119 fecit,
3236 3054 3288 3108 in
3328 3054 3497 3123 ipsius
3535 3056 3751 3110 nomine
3790 3055 3866 3109 fa-

2270 3139 2453 3219 ciunt;
2487 3147 2545 3193 ut
2576 3141 2827 3210 utrinque
2852 3141 3000 3211 ipsos
3027 3143 3173 3202 humi
3192 3144 3435 3213 iacentes
3464 3145 3692 3215 erigant,
3725 3156 3780 3201 et
3807 3155 3869 3202 ut

2272 3221 2652 3285 resurrectioni
2686 3230 2843 3287 fidem
2875 3232 3125 3289 habeant.
3160 3234 3259 3291 llic
3282 3236 3481 3306 quippe
3509 3237 3645 3292 uber
3672 3236 3727 3295 in
3757 3241 3871 3305 pri-

2269 3319 2373 3374 mis
2423 3328 2507 3376 est
2560 3324 2974 3379 resurrectionis
3032 3325 3457 3394 demonstratio,
3496 3343 3600 3398 qua
3637 3327 3866 3407 credita,

2270 3421 2462 3468 cmtera
2490 3414 2648 3471 facile
2686 3417 3001 3472 succedunt.
3026 3420 3416 3490 Argumentum
3443 3435 3570 3490 ergo
3589 3429 3645 3475 et
3671 3435 3871 3489 scopus

2272 3503 2431 3574 hujus
2452 3506 2591 3575 libri,
2626 3516 2684 3563 ut
2711 3511 3020 3565 summatim
3046 3510 3244 3576 dicam,
3272 3512 3361 3567 hie
3391 3513 3730 3581 potissimum
3760 3521 3867 3569 est.

2272 3596 2566 3652 Audiamus
2595 3599 2812 3655 demum
2854 3601 2965 3670 ipsa
3007 3603 3289 3671 prooemia.
3345 3601 3511 3673 (Cap.
3543 3600 3618 3671 1.)
3646 3603 3699 3657 1.
3744 3600 3873 3657 Pri,

2274 3704 2410 3740 mum
2436 3690 2637 3756 quidem
2680 3708 2961 3747 sermonem
2992 3694 3090 3763 feci
3121 3694 3183 3748 de
3228 3694 3480 3758 omnibus,
3510 3711 3541 3749 ο
3566 3694 3873 3765 TheOpIiile.

2272 3795 2387 3847 quae
2413 3782 2560 3851 cwpit
2588 3780 2739 3838 Jesus
2768 3786 2933 3855 facere
2958 3794 3004 3839 et
3031 3786 3232 3841 docere.
3267 3786 3376 3842 Cur
3407 3787 3486 3841 illi
3518 3788 3875 3859 Evangeliunt

2273 3872 2327 3927 in
2356 3875 2669 3929 memoriam
2704 3878 2962 3932 revocati
2992 3876 3059 3934 Ut
3085 3878 3483 3935 aceurationem
3510 3894 3663 3935 suam
3689 3889 3878 3935 osten-

2273 3968 2386 4025 dat.
2422 3969 2553 4024 Nam
2583 3971 2735 4026 initio
2757 3972 2900 4033 illius
2926 3973 3106 4042 operis
3136 3973 3278 4028 dixit
3306 3991 3319 4027 :
3373 3973 3550 4029 Visum
3574 3984 3722 4029 estet
3748 3976 3878 4037 milii

2275 4071 2543 4131 assequuto
2570 4064 2743 4116 omnia
2788 4081 2821 4116 a
2866 4065 3115 4138 principio
3154 4064 3445 4135 diligenter,
3472 4082 3536 4119 ea:
3578 4067 3754 4120 ordine
3783 4066 3879 4120 tibi

2275 4155 2491 4211 scribere
2525 4155 2676 4225 (Luc.
2700 4157 2752 4211 1.
2782 4157 2861 4225 5).
2891 4156 3073 4229 Neque
3102 4172 3204 4217 suo
3226 4167 3515 4213 contentus
3537 4159 3873 4225 testimonio,

2280 4257 2446 4302 totum
2477 4247 2640 4303 refert
2666 4249 2732 4304 ad
2758 4250 3056 4319 apostolos,
3098 4250 3286 4306 dicens
3316 4268 3329 4303 :
3375 4251 3523 4307 Sicut
3557 4250 3880 4305 tradiderunt

2277 4339 2439 4406 nobis,
2467 4341 2553 4410 qui
2592 4340 2654 4395 ab
2703 4342 2848 4395 initio
2897 4342 2997 4410 ipsi
3035 4342 3291 4407 viderunt,
3325 4352 3371 4401 ιι
3406 4342 3625 4396 ministri
3671 4344 3881 4411 fuerunt

2280 4433 2548 4489 sermonis.
2582 4430 2787 4491 ideirco
2816 4442 3099 4503 postquam
3129 4433 3368 4495 sermoni
3399 4433 3558 4489 fidem
3590 4433 3659 4489 ibi
3687 4434 3879 4488 conci-

2282 4522 2447 4588 liavit,
2477 4521 2563 4578 hic
2592 4523 2695 4577 alia
2732 4523 3145 4579 conﬁrmatione
3192 4539 3327 4592 opus
3382 4541 3488 4579 non
3541 4523 3723 4588 habet,
3753 4540 3881 4580 cum

2280 4612 2611 4681 Theonhilus
2644 4614 2753 4683 jam
2785 4629 3092 4683 persuasus,
3134 4630 3199 4670 ac
3239 4631 3333 4684 per
3360 4616 3488 4670 illud
3515 4631 3651 4686 opus
3689 4616 3758 4672 de
3782 4631 3882 4671 ac-

2281 4712 2463 4760 curata
2498 4704 2571 4758 rei
2601 4705 2826 4758 veritate
2851 4704 3126 4763 institutus
3149 4714 3311 4760 esset.
3350 4704 3561 4761 Etenim
3583 4707 3668 4761 cui
3695 4706 3883 4763 habita

2285 4793 2415 4848 fides
2442 4803 2526 4853 est
2565 4794 2821 4849 scribenti
2863 4811 2984 4865 qua:
3014 4795 3293 4862 audierat;
3347 4797 3515 4853 multo
3562 4797 3733 4868 magis
3763 4811 3887 4853 (ιι-μ

2283 4884 2490 4939 dendus
2516 4893 2619 4949 est,
2646 4900 2767 4942 cum
2799 4900 2862 4939 ea
2889 4886 3093 4950 scribit,
3116 4903 3223 4941 non
3251 4902 3370 4957 qua:
3398 4888 3467 4941 ab
3495 4887 3617 4942 aliis
3646 4888 3885 4957 accepit,

2285 4975 2377 5036 sed
2424 4992 2541 5045 quin
2587 4976 2721 5033 vidit
2745 4985 2801 5032 et
2828 4977 3054 5034 audivit.
3081 4977 3214 5033 Nam
3246 4979 3291 5033 si
3317 4994 3378 5035 ea
3407 4995 3528 5049 quae
3555 4980 3623 5035 de
3662 4980 3888 5036 Christo

2286 5065 2426 5120 dicta
2453 5076 2597 5133 sunt,
2629 5068 2821 5135 inquit,
2850 5080 3067 5139 accepta
3096 5069 3347 5135 habuisti,
3379 5072 3550 5127 multo
3580 5074 3748 5143 magis
3790 5088 3889 5129 ac-

2288 5159 2454 5228 cipies
2480 5175 2540 5214 ea
2568 5176 2688 5230 quae
2716 5160 2785 5215 de
2810 5162 3068 5230 apostolis
3092 5163 3334 5219 dicturus
3363 5178 3502 5219 sum.
3522 5166 3658 5234 Quid
3689 5168 3893 5238 igitur?

2289 5264 2354 5302 an
2381 5249 2599 5304 historia
2634 5262 2836 5309 tantum
2870 5253 2972 5307 hoc
3000 5269 3157 5324 Opus,
3185 5264 3237 5309 et
3267 5255 3469 5325 Spiritu
3497 5273 3724 5313 vacuum
3760 5269 3845 5314 est
3871 5262 3891 5313 ἲ

2291 5341 2656 5412 Nequaquam.
2689 5345 2807 5409 Quo
2838 5346 3034 5413 pacto?
3064 5346 3327 5413 Quoniam
3356 5364 3440 5415 ea,
3473 5365 3591 5419 qua:
3644 5350 3742 5421 ipsi
3776 5362 3893 5407 tra-

2291 5430 2540 5487 dideruut
2566 5435 2599 5487 ii
2624 5435 2712 5503 qui
2742 5434 2987 5490 viderant
3013 5446 3066 5491 et
3095 5438 3325 5492 ministri
3352 5442 3618 5496 sermonis
3648 5442 3889 5506 fuerant,

2290 5537 2357 5575 ex
2389 5521 2585 5592 Spiritu
2616 5535 2791 5583 erant.
2823 5525 2892 5580 Et
2922 5538 3018 5581 cur
3046 5542 3150 5581 non
3181 5528 3336 5593 dixit,
3368 5530 3519 5586 Sicut
3548 5532 3894 5590 tradiderunt

2292 5616 2468 5681 nobis,
2495 5619 2588 5687 qui
2618 5618 2820 5687 Spiritu
2849 5630 3040 5675 sancto
3075 5620 3278 5691 dignati
3322 5632 3498 5688 erant,
3544 5624 3661 5691 sed,
3695 5626 3792 5691 Qui
3822 5627 3890 5678 ab

2296 5708 2437 5763 initio
2465 5709 2735 5765 uiderunt?
2772 5710 2906 5781 Quia
2936 5711 3037 5769 hoc
3063 5712 3291 5771 maxime
3315 5713 3471 5769 fidem
3507 5714 3649 5779 facit,
3674 5730 3795 5772 eum
3818 5716 3891 5772 ab
