4098 6324
559 328 626 385 li)
1262 318 1318 377 S.
1355 315 1633 376 JOANNIS
1666 307 2136 370 CIIRYSOSTOMI
2165 304 2479 362 ARClllEP.
2511 304 3042 365 CONSTANTINOP.
3769 304 3845 359 20

556 442 709 499 ecbat
731 482 746 506 ,
791 454 890 497 nec
929 437 1135 493 sinebat
1168 436 1288 491 illos
1318 433 1537 504 perinde
1564 446 1688 500 erga
1723 444 1783 484 se
1811 428 1951 481 afﬁci
1978 435 2138 494 atque

555 541 734 588 antea.
765 530 874 587 Nec
893 531 1009 585 sine
1034 543 1192 584 causa
1224 526 1323 581 hoc
1349 525 1553 596 agebat,
1587 523 1682 577 sed
1708 530 1991 588 utrumque
2021 516 2141 569 dili-

555 632 745 693 genter
790 635 1118 692 praeparans,
1153 627 1208 672 ut
1251 613 1571 671 resurrectio
1610 610 1937 667 crederetur,
1984 616 2038 660 et
2084 612 2144 657 ut

562 714 735 783 major
777 713 891 782 ipse
936 717 1211 780 putaretur
1250 720 1368 761 esse
1390 746 1406 769 ,
1438 718 1597 774 quam
1628 704 1808 754 homo.
1840 696 1999 767 Atqui
2029 696 2145 747 hate

560 814 712 859 erant
746 804 885 860 inter
922 817 983 857 se
1020 798 1306 855 contraria.
1336 796 1407 852 Ut
1433 796 1576 850 enim
1607 790 1928 847 resurrectio
1955 786 2143 841 crede-

563 905 728 959 retur,
756 893 985 947 humana
1011 890 1174 944 multa
1202 887 1317 943 fieri
1347 886 1655 956 oportebat;
1686 892 1743 936 ut
1767 882 1993 935 alterum
2020 890 2147 931 vero

567 987 870 1041 firmaretur
893 1024 907 1048 ,
936 999 1041 1037 non
1072 982 1221 1035 item.
1255 981 1504 1034 Attamen
1530 986 1814 1045 utrumque
1844 980 2148 1042 opportuno

566 1087 805 1145 tempore
847 1073 1042 1129 factum
1078 1081 1175 1127 est.
1229 1070 1339 1126 Cur
1383 1080 1560 1123 autem
1602 1083 1707 1123 non
1748 1065 2015 1127 omnibus,
2053 1060 2149 1116 sed

564 1167 822 1238 apostolis
849 1175 1050 1221 tantum
1081 1164 1359 1235 apparuit?
1386 1161 1520 1237 Quia
1548 1159 1726 1214 multis
1753 1157 1803 1211 id
1832 1156 2147 1226 phantasma

568 1259 739 1313 visum
766 1257 971 1321 fuisset,
994 1256 1087 1326 qui
1112 1269 1365 1309 arcanum
1389 1250 1628 1322 mysterii
1652 1263 1760 1303 non
1786 1252 2065 1301 noverant.
2092 1240 2150 1296 Si

566 1348 712 1403 enim
745 1346 842 1418 ipsi
875 1343 1121 1413 discipuli
1150 1359 1255 1397 non
1284 1342 1574 1397 credebant
1598 1337 1747 1392 initio
1775 1344 1831 1390 et
1862 1334 2151 1389 turbaban-

568 1450 675 1507 tur,
705 1449 951 1508 tactuque
986 1451 1172 1491 manus
1212 1450 1346 1503 opus
1389 1432 1672 1495 habebant,
1713 1443 1921 1484 necnon
1964 1441 2150 1481 mensa

566 1528 853 1593 communi,
876 1527 1142 1597 quomodo
1169 1525 1354 1594 vulgus
1382 1522 1631 1577 affectum
1661 1519 1881 1575 fuisset?
1909 1518 2153 1587 Quapro-

572 1629 690 1691 pter
718 1634 783 1674 ex
814 1616 1082 1672 miraculis
1105 1615 1452 1670 indubitatam
1474 1612 1647 1667 reddit
1670 1607 2153 1672 resurrectionem;

573 1714 644 1768 ita
679 1720 735 1766 ut
759 1728 863 1764 non
896 1710 999 1764 illis
1020 1718 1221 1763 tantum
1250 1719 1373 1761 tunc
1404 1706 1660 1775 temporis
1687 1701 2027 1765 hominibus,
2060 1702 2157 1755 sed

574 1802 820 1855 munibus
864 1808 1042 1868 postea
1083 1808 1228 1852 certa
1276 1797 1411 1850 foret
1455 1795 1797 1850 resurrectio.
1828 1790 1981 1859 Quod
2011 1791 2156 1844 enim

575 1894 627 1947 in
665 1892 771 1946 illis
809 1889 1098 1945 etl‘cceruut
1135 1896 1419 1958 conspecta
1466 1888 1639 1956 signa,
1686 1885 1788 1941 hoc
1837 1884 1888 1937 in
1929 1882 2159 1953 posteris

578 1987 825 2040 munibus
849 2000 944 2054 per
976 1985 1133 2038 fidem
1164 1982 1399 2036 futurum
1430 1990 1564 2034 erat.
1596 1978 1720 2034 Ideo
1750 1978 1875 2031 hinc
1904 1974 2158 2030 incredu-

578 2080 660 2134 los
704 2076 1028 2148 argumentis
1079 2074 1400 2144 impetimus.
1454 2072 1512 2128 Si
1560 2086 1667 2124 non
1710 2068 2021 2132 resurrexit,
2064 2065 2161 2121 sed

582 2180 823 2224 mortuus
852 2175 1051 2233 manet,
1080 2165 1351 2236 quomodo
1379 2164 1430 2218 in
1457 2162 1671 2217 nomine
1694 2160 1810 2229 ejus
1830 2158 2057 2229 apostoli
2085 2157 2162 2212 si-

581 2276 682 2331 gna
703 2259 978 2314 fecerunt?
1004 2260 1073 2311 At
1094 2271 1199 2311 nou
1222 2256 1399 2311 fecere
1422 2251 1715 2308 miracula?
1740 2249 2165 2319 Quomodocrgo

581 2365 712 2422 gens
756 2358 935 2405 nostra
970 2347 1241 2403 constitit?
1284 2346 1397 2401 Non
1437 2344 1579 2400 enim
1615 2344 1742 2399 huic
1779 2343 1989 2398 veritati
2016 2341 2162 2397 obsi-
2220 2338 2223 2341 ’

584 2449 729 2496 stent
768 2455 939 2508 neque
981 2437 1289 2508 pugnabunt
1328 2446 1511 2490 contra
1543 2451 1628 2499 ea,
1661 2450 1780 2504 qua:
1808 2433 1907 2488 sub
1935 2447 2165 2502 conspe-

587 2540 729 2586 ctum
754 2528 969 2585 cadunt.
1002 2527 1181 2597 Itaque
1210 2527 1424 2597 quando
1453 2526 1633 2579 dicunt
1660 2566 1675 2591 ,
1705 2541 1811 2577 non
1842 2527 1975 2578 facta
2005 2522 2170 2578 fuisse

592 2622 876 2685 miracula,
927 2629 1055 2674 tunc
1096 2618 1265 2687 magis
1306 2631 1425 2671 sese
1470 2614 1819 2671 confundunt.
1872 2615 1986 2670 lloc
2027 2615 2169 2669 enim

592 2715 877 2768 maximum
923 2720 1064 2765 esset
1107 2710 1441 2773 miraculum,
1482 2709 1527 2762 si
1566 2709 1681 2761 sine
1720 2707 1990 2761 miraculis
2029 2714 2171 2760 totus

592 2807 735 2860 orbis
760 2804 1099 2869 accurrisset,
1129 2818 1158 2855 a
1184 2803 1464 2856 duodecim
1490 2800 1808 2871 pauperibus
1828 2808 1884 2854 ct
1905 2799 2171 2854 illiteratis

596 2897 899 2952 hominibus
925 2904 1128 2965 captus.
1157 2894 1339 2964 Neque
1366 2895 1506 2947 enim
1539 2892 1773 2962 pecuniis
1797 2932 1812 2953 ,
1845 2906 1952 2945 non
1982 2890 2175 2945 verbo-

598 3005 713 3043 rum
741 2988 998 3058 sapientia
1019 3030 1032 3051 ,
1074 3002 1179 3041 nou
1206 2988 1312 3041 alio
1340 2987 1497 3041 simili
1531 2986 1689 3040 modo
1710 2985 2001 3054 piscatores
2031 2984 2174 3038 vice-

598 3089 753 3145 runt;
802 3090 856 3133 ut
892 3079 975 3133 vel
1016 3078 1163 3133 inviti
1193 3082 1548 3134 confiteantur
1582 3077 1815 3131 divinam
1843 3078 1894 3131 in
1930 3076 2033 3130 illis
2057 3090 2178 3130 esse

600 3171 887 3225 virtutem:
920 3184 1095 3238 neque
1126 3170 1268 3223 enim
1312 3170 1557 3222 humana:
1591 3168 1730 3222 vires
1763 3168 1886 3221 talia
1927 3180 2177 3236 umquam

601 3262 780 3316 facere
806 3261 1090 3330 potuerint.
1119 3259 1244 3313 ldeo
1271 3259 1361 3314 ille
1384 3256 1731 3329 quadraginta
1768 3256 1957 3312 diebus
1986 3257 2181 3311 mansit

604 3362 723 3422 post
752 3350 1230 3415 resurrectionem;
1260 3357 1367 3404 tam
1395 3349 1553 3417 longo
1588 3356 1908 3417 conspectus
1938 3346 2017 3401 sui
2052 3361 2179 3417 Spa-

605 3443 680 3497 tio
706 3443 781 3496 rei
810 3440 1083 3494 veritatem
1114 3437 1471 3507 comprobans
1495 3479 1511 3504 ,
1544 3453 1610 3492 ne
1639 3437 1691 3490 id
1716 3436 1857 3507 quod
1885 3435 2179 3503 videbatur,

605 3533 916 3605 phantasma
943 3546 1063 3587 esse
1095 3536 1359 3601 putarent.
1389 3528 1573 3599 Neque
1600 3527 1685 3582 his
1708 3535 2012 3590 contentus,
2033 3542 2183 3581 meno

604 3642 719 3681 sam
749 3626 908 3679 etiam
938 3622 1172 3689 addidit,
1202 3622 1251 3677 id
1284 3621 1422 3692 quod
1450 3621 1610 3677 etiam
1646 3630 1826 3691 postea
1855 3618 2003 3675 dicit.
2032 3620 2085 3677 4.
2116 3619 2184 3675 Et

608 3731 900 3772 conoescens
926 3731 1041 3768 cum
1065 3715 1187 3768 illis.
1231 3714 1343 3769 Hoc
1378 3722 1555 3768 autem
1590 3712 1688 3782 ipsi
1719 3712 1945 3783 apo‘Stoli
1972 3726 2187 3782 semper

610 3809 663 3863 in
699 3806 1105 3863 resurrectionis
1140 3812 1511 3875 argumentum
1552 3811 1892 3874 sumpserunt
1924 3802 2183 3871 dicentes,

614 3902 715 3967 Qui
754 3899 1167 3953 manducavimus
1194 3907 1240 3952 et
1269 3896 1481 3950 bibimus
1507 3911 1620 3950 cum
1643 3895 1733 3948 illo
1762 3894 1783 3965 (
1804 3894 1915 3948 Act.
1944 3894 2031 3960 10.
2053 3895 2115 3957 41
2142 3898 2186 3965 ).

611 3991 749 4059 Quid
788 4000 965 4045 autem
996 4002 1259 4058 apparens
1286 3986 1505 4050 fecerit,
1535 4001 1630 4055 per
1653 3985 1929 4055 sequentia
1954 3985 2191 4040 ostendit

612 4084 795 4138 dicens
823 4100 836 4135 :
866 4083 1128 4150 Apparens
1154 4078 1277 4144 illis,
1308 4089 1353 4131 et
1374 4078 1581 4146 loquens
1610 4077 1672 4129 de
1693 4092 1848 4146 regno
1875 4073 1972 4129 Dei
1990 4076 2026 4128 ⁸.
2055 4075 2192 4143 Quia

615 4188 742 4227 vero
766 4171 956 4241 dejecti
986 4169 1176 4225 animis
1204 4178 1376 4234 erant,
1399 4176 1453 4223 et
1482 4167 1673 4222 turbati
1701 4167 1771 4222 ob
1799 4182 1881 4230 ea,
1910 4182 2029 4237 qua:
2052 4165 2191 4231 facta

615 4263 862 4326 fuerant,
896 4269 1053 4331 atque
1078 4259 1144 4313 ad
1174 4273 1361 4328 magna
1388 4257 1641 4327 deinceps
1668 4256 1860 4312 exituri
1892 4264 2044 4311 erant
2067 4272 2191 4313 cer-

617 4354 812 4409 tamina
837 4392 851 4417 ,
892 4366 1139 4407 sermone
1171 4352 1312 4406 circa
1342 4351 1515 4404 futura
1542 4348 1724 4404 habito
1755 4363 2004 4404 recreans
2034 4347 2190 4413 illos,

617 4444 867 4512 Pracepit
890 4442 952 4496 ab
970 4440 1302 4511 Jerosolymis
1322 4456 1383 4493 ne
1400 4439 1728 4502 discederent,
1747 4438 1834 4493 sed
1854 4446 2196 4508 exspectarent

619 4534 995 4605 promissionem
1036 4529 1231 4584 Patris.
1271 4529 1451 4584 Primo
1500 4528 1553 4583 in
1594 4528 1866 4583 Galilaeam
1903 4526 2199 4582 deduxerat

618 4640 713 4680 eos
736 4623 909 4677 adhuc
927 4621 1277 4677 formidantes
1302 4632 1351 4674 et
1382 4628 1690 4683 trementes,
1718 4627 1777 4672 ut
1800 4632 1922 4673 cum
1952 4618 2197 4673 libertate

618 4714 758 4769 dicta
789 4713 1050 4767 audirent.
1085 4712 1283 4767 Deinde
1308 4727 1430 4766 cum
1456 4711 1747 4772 audissent,
1794 4719 1848 4765 et
1889 4709 1943 4764 in
1978 4697 2063 4764 his
2102 4725 2199 4779 per

621 4803 967 4875 quadraginta
998 4802 1112 4857 dies
1140 4808 1322 4856 essent
1349 4803 1564 4866 versati,
1588 4800 1839 4869 Praecepit
1864 4801 1934 4854 eis
1960 4801 2023 4854 ab
2049 4799 2199 4854 Jero-

619 4896 828 4967 solymis
852 4912 913 4949 ne
932 4894 1257 4948 discederent.
1289 4892 1496 4961 Quare?
1525 4892 1671 4947 Sicut
1696 4892 1892 4946 milites
1914 4892 1967 4945 in
1990 4891 2199 4960 agmina

622 4992 919 5058 irrupturos
959 5002 1115 5041 nemo
1161 4986 1285 5042 sinit
1330 4986 1499 5050 exire,
1538 4984 1712 5039 donec
1744 4982 1934 5037 armati
1978 4981 2196 5049 fuerint,

623 5094 797 5149 neque
827 5092 994 5147 equos
1023 5092 1089 5131 ex
1120 5092 1334 5132 carcere
1360 5077 1596 5140 exsilire,
1628 5074 1933 5145 priusquam
1963 5074 2202 5143 aurigam

624 5174 762 5227 nacti
802 5174 909 5227 sint
934 5189 947 5225 :
976 5172 1054 5225 sic
1096 5185 1268 5240 neque
1310 5171 1429 5226 illos
1468 5180 1591 5224 ante
1632 5169 1918 5223 adventum
1968 5166 2203 5236 Spiritus

625 5264 794 5319 sancti
824 5264 874 5317 in
901 5264 1013 5318 acie
1041 5276 1355 5332 comparere
1384 5260 1656 5330 permisit,
1690 5275 1757 5314 ne
1786 5258 1944 5313 facile
1964 5272 1993 5312 a
2021 5257 2203 5312 multis

625 5365 974 5427 caperentur.
1000 5355 1184 5425 Neque
1215 5362 1495 5425 propterea
1524 5361 1748 5417 tantum,
1778 5351 1871 5406 sed
1899 5351 2023 5421 quia
2050 5349 2202 5405 multi
2227 5344 2235 5351 ’

627 5457 784 5505 erant
827 5448 935 5501 illic
974 5447 1249 5501 credituri.
1280 5445 1362 5499 Ad
1390 5443 1505 5499 inec
1531 5458 1687 5507 vero,
1717 5458 1784 5498 ne
1810 5441 2025 5513 quidam
2052 5441 2202 5497 dice-

628 5553 748 5600 rem
774 5544 937 5612 ipsos,
967 5540 1144 5595 missis
1168 5538 1308 5594 notis
1334 5549 1386 5594 et
1414 5537 1801 5594 contribulibus
1838 5537 1951 5592 suis
1970 5576 1983 5600 ,
2012 5536 2079 5591 ad
2105 5551 2203 5591 ex-

694 5694 711 5725 ¹
744 5692 881 5742 Alius
911 5692 1034 5757 legit
1050 5703 1086 5757 _:
1128 5690 1249 5757 Quid
1271 5694 1431 5757 autem
1454 5687 1619 5748 fecerit
1644 5701 1729 5750 per
1752 5686 2076 5754 quadraginta
2098 5686 2202 5739 dies

630 5765 870 5817 apparens
896 5750 1021 5808 eis'.’
1043 5751 1320 5819 loquebatur
1344 5750 1406 5802 de
1427 5762 1571 5817 regno
1595 5758 1701 5801 Det.

2244 432 2462 478 tmneos
2505 426 2880 481 ostentationis
2923 439 3082 479 causa
3128 424 3417 495 migrasse;
3462 423 3662 479 idcirco
3701 424 3843 495 apud

2248 532 2343 571 eos
2374 516 2532 585 ipsos.
2576 516 2666 586 qui
2697 517 2883 571 Jesum
2919 517 3273 583 occiderant,
3304 517 3453 587 signa
3484 518 3724 586 praebent
3752 532 3843 571 rc-

2249 606 2614 672 surrectionis,
2640 607 2780 677 apud
2808 622 2923 674 eos,
2949 608 3188 678 inquam,
3217 609 3306 678 qui
3327 610 3726 675 crucifixerant,
3748 608 3845 677 qui

2251 697 2571 766 sepelierant
2597 738 2612 766 ,
2646 698 2699 752 in
2732 698 2842 768 ipsa
2866 698 3001 753 urbe
3030 699 3116 754 ubi
3147 697 3355 753 facinus
3396 700 3614 768 impium
3658 707 3847 769 patra-

2257 799 2367 845 tum
2401 790 2602 856 fuerat;
2637 790 2706 845 ita
2739 802 2797 845 ut
2831 791 3072 847 extranei
3100 806 3291 847 omnes
3318 791 3441 846 hinc
3468 794 3848 847 obmutescere

2251 890 2591 953 cogerentur.
2621 880 2755 936 Cum
2779 882 2923 937 enim
2949 883 3004 948 ii,
3028 883 3116 953 qui
3144 880 3538 946 crucifixerant,
3566 882 3704 937 inter
3726 896 3853 937 ere—

2255 974 2445 1029 dentes
2478 984 2879 1043 comparerent;
2914 974 3039 1028 hinc
3066 982 3213 1029 certe
3242 982 3297 1029 et
3321 974 3497 1028 cruris
3521 982 3577 1028 et
3607 983 3712 1027 tam
3741 971 3853 1027 ini-

2254 1063 2345 1132 qui
2372 1063 2625 1120 facinoris
2654 1075 2860 1119 certum
2892 1064 3144 1118 imlicium
3165 1104 3181 1131 ,
3207 1072 3263 1118 et
3288 1063 3697 1119 resurrectionis
3728 1078 3853 1118 ma-

2254 1170 2415 1224 gnum
2445 1152 2743 1209 ducebatur
2778 1165 3168 1224 argumentum.
3224 1154 3427 1210 Deinde
3466 1169 3534 1209 ne
3579 1153 3849 1218 dicerent,

2254 1246 2535 1313 Quomodo
2572 1260 2701 1317 ergo
2727 1247 3024 1316 poterimus
3050 1246 3189 1302 inter
3220 1254 3328 1300 tam
3364 1246 3561 1303 multos
3600 1244 3855 1300 homines

2255 1339 2488 1395 nefarios
2515 1349 2569 1394 et
2595 1338 2892 1394 homicidas
2916 1338 3135 1410 degere,
3170 1351 3270 1393 nos
3290 1339 3378 1408 qui
3412 1339 3483 1393 ita
3511 1338 3665 1408 pauci
3691 1346 3747 1392 et
3772 1336 3857 1391 vi-

2256 1432 2335 1489 les
2359 1432 2581 1487 sumus?
2611 1432 2733 1488 vide
2771 1433 3039 1502 quomodo
3083 1430 3223 1486 hanc
3258 1432 3558 1502 angustiam
3601 1429 3861 1500 expediat

2258 1533 2312 1580 et
2344 1524 2518 1579 solvat
2561 1522 2749 1579 dicens
2777 1539 2792 1575 :
2820 1522 2927 1578 Sed
2951 1533 3297 1593 exspectarent
3322 1523 3705 1596 promissionem
3739 1521 3855 1576 Pa-

2261 1615 2372 1681 tris,
2402 1629 2556 1686 quam
2585 1614 2801 1669 audistis
2826 1630 2860 1674 a
2882 1630 2980 1668 me.
3010 1613 3079 1669 Et
3100 1614 3465 1685 quandonam,
3496 1613 3725 1683 inquies,
3749 1628 3859 1667 au-

2261 1709 2511 1763 dierunt?
2538 1706 2669 1766 Cum
2700 1709 2904 1765 diceret
2932 1726 2945 1762 :
2969 1708 3194 1777 Expedit
3234 1710 3371 1764 vobis
3418 1718 3470 1762 ut
3511 1723 3603 1779 ego
3644 1707 3854 1761 cadam.

2262 1796 2324 1852 Si
2373 1799 2506 1852 enim
2560 1816 2661 1852 non
2705 1800 2877 1853 abiero
2898 1840 2913 1865 ,
2962 1797 3262 1855 Paraclelus
3308 1815 3410 1853 non
3454 1799 3615 1852 veniet
3661 1799 3727 1851 ad
3767 1813 3864 1852 vos

2263 1885 2461 1957 (Joan.
2499 1886 2589 1942 16.
2629 1888 2731 1958 7);
2776 1897 2831 1943 et
2872 1903 3119 1950 rursum,
3155 1887 3267 1965 Ego
3295 1888 3483 1959 rogabo
3516 1886 3761 1953 Patrem,
3801 1895 3860 1941 et

2264 1976 2422 2029 alium
2471 1974 2794 2031 Paracletum
2838 1979 2999 2033 mittet
3040 1972 3215 2046 vobis,
3257 1988 3314 2033 ut
3360 1987 3559 2033 utancat
3600 1977 3862 2034 vobiscum

2267 2068 2394 2141 (Id.
2422 2071 2510 2126 tt.
2544 2069 2612 2125 t6
2636 2071 2676 2141 ).

2254 2194 2259 2197 -
2337 2165 2391 2220 5.
2442 2164 2507 2219 Et
2547 2178 2645 2219 cur
2672 2178 2779 2218 non
2818 2164 3031 2219 Christo
3079 2174 3377 2234 praesente,
3417 2164 3501 2220 vel
3529 2180 3635 2220 non
3676 2165 3864 2221 statim

2266 2264 2388 2326 post
2433 2256 2549 2324 ejus
2591 2255 2922 2321 discessum,
2954 2254 3169 2311 advenit
3195 2253 3447 2325 Spiritus,
3489 2256 3583 2312 sed
3612 2256 3870 2312 Christus

2267 2346 2669 2417 quadragesima
2692 2346 2778 2402 die
2802 2346 3064 2411 ascendit,
3096 2346 3327 2416 Spiritus
3351 2361 3478 2401 vero
3498 2347 3718 2401 advenit
3735 2361 3866 2402 cum

2270 2440 2632 2509 compleretur
2652 2439 2769 2493 dies
2796 2439 3139 2495 Pentecostes
3158 2439 3183 2491 ἳ
3220 2440 3319 2506 Ac,
3339 2439 3383 2495 si
3419 2438 3656 2494 nondum
3700 2438 3873 2495 adve-

2274 2541 2426 2585 nerat
2458 2530 2566 2597 ille,
2606 2528 2876 2599 quomodo
2903 2529 3147 2585 Christus
3165 2528 3377 2585 dicebat
3399 2545 3415 2584 :
3440 2530 3668 2596 Accipite
3688 2529 3869 2600 Spiri-

2275 2633 2380 2676 tum
2408 2632 2638 2677 sanctum
2668 2623 2687 2693 (
2715 2622 2802 2677 Id.
2831 2623 2920 2679 20.
2948 2623 3019 2678 22
3043 2622 3104 2693 )‘i
3130 2622 3198 2678 Ut
3235 2623 3357 2678 illos
3396 2638 3623 2693 capaces
3668 2622 3870 2679 redde-

2275 2723 2360 2769 ret
2372 2724 2530 2785 atque
2546 2715 2768 2771 idoneos
2786 2714 3097 2785 accipiendo
3114 2715 3357 2785 Spiritui.
3377 2715 3433 2771 Si
3450 2716 3593 2770 enim
3615 2717 3871 2786 angelum

2275 2808 2486 2861 visurus
2534 2806 2752 2871 Daniel,
2803 2806 3194 2862 dissolvebatur
3239 2807 3397 2875 (Dan.
3442 2806 3495 2862 8.
3538 2805 3666 2876 l7),
3699 2808 3875 2862 multo

2276 2899 2447 2968 magis
2479 2898 2532 2953 hi
2563 2898 2615 2952 id
2642 2899 2848 2968 passuri
2878 2908 3053 2963 erant,
3086 2907 3286 2953 tantam
3307 2899 3575 2969 accepturi
3611 2902 3870 2969 gratiam.

2281 2988 2378 3043 Vel
2401 2988 2501 3043 hoc
2528 2989 2810 3044 dicendum
2838 2999 2923 3045 est
2942 3031 2957 3055 ,
2981 2990 3067 3045 vel
3094 2990 3235 3060 quod
3267 3005 3380 3045 rem
3414 2990 3646 3045 futuram
3679 3000 3735 3045 ut
3756 2990 3875 3059 jam

2282 3078 2474 3134 factam
2506 3078 2746 3146 diceret;
2771 3062 2839 3135 ‘ut
2877 3096 2996 3135 cum
3040 3081 3112 3134 ait
3141 3097 3153 3133 :
3182 3080 3386 3135 Calcate
3421 3097 3577 3151 supra
3615 3089 3879 3149 serpentes

2281 3181 2328 3225 et
2369 3171 2698 3240 scorpiones,
2743 3180 2790 3225 et
2817 3188 2973 3242 supra
3012 3187 3211 3225 omnem
3250 3174 3477 3226 virtutem
3505 3171 3697 3242 inimici
3718 3169 3877 3240 (Luc.

2282 3261 2374 3317 10.
2404 3262 2515 3332 i9).
2548 3263 2653 3317 Cur
2681 3241 2885 3317 autem
2910 3278 3017 3317 non
3057 3270 3184 3317 tunc
3208 3262 3387 3317 statim
3414 3241 3668 3318 advenit?
3694 3260 3880 3332 Opor-

2286 3355 2430 3411 tebat
2449 3370 2543 3410 eos
2572 3357 2647 3410 rei
2677 3354 2945 3409 desiderio
2976 3354 3170 3421 teneri,
3194 3364 3356 3425 atque
3383 3356 3451 3409 ita
3477 3354 3703 3423 gratiam
3731 3352 3882 3408 acci-

2287 3460 2433 3515 pere.
2465 3444 2590 3499 ldeo
2624 3454 2903 3515 postquam
2945 3443 3039 3499 ille
3067 3444 3417 3509 discesserat,
3447 3443 3679 3513 Spiritus
3706 3441 3882 3498 adve-

2286 3540 2385 3595 nit.
2424 3537 2480 3594 Si
2508 3539 2599 3593 illo
2626 3546 2892 3607 prazsente
2916 3536 3186 3602 venisset,
3212 3550 3319 3590 non
3345 3535 3398 3590 in
3428 3543 3571 3589 tanta
3598 3542 3886 3603 exspecta-

2289 3630 2435 3683 tione
2464 3627 2711 3681 fuissent.
2742 3625 2946 3680 ldcirco
2966 3639 3143 3695 neque
3164 3625 3343 3679 statim
3363 3632 3483 3693 post
3502 3623 3882 3678 ascensionem

2290 3719 2408 3789 ejus
2436 3716 2685 3781 advenit,
2714 3714 2811 3771 sed
2857 3723 2979 3786 post
3015 3724 3139 3771 octo
3166 3714 3251 3769 vel
3283 3728 3479 3770 novem
3525 3713 3661 3770 dies.
3708 3713 3785 3768 ita
3823 3723 3888 3770 et

2291 3827 2392 3867 nos
2430 3822 2539 3866 tum
2584 3810 2818 3866 maxime
2843 3809 3139 3865 excitamur
3166 3822 3291 3877 erga
3317 3807 3510 3874 Deum,
3547 3822 3667 3862 cum
3701 3807 3755 3862 in
3784 3822 3887 3862 ne-

2291 3903 2543 3959 cessitate
2586 3899 2869 3956 coustituti
2922 3912 3130 3954 sumus.
3184 3897 3416 3969 ideoque
3461 3897 3699 3953 Joannes
3751 3907 3887 3953 tunc

2293 3993 2455 4048 mittit
2481 3990 2771 4059 discipulos
2795 4002 2922 4044 suos
2955 3988 3021 4043 ad
3061 3986 3353 4053 Christum,
3385 3987 3601 4057 quando
3625 3988 3718 4043 illo
3742 4001 3889 4057 opus

2295 4083 2529 4141 habituri
2549 4090 2723 4146 erant,
2742 4081 2947 4136 Joanne
2963 4080 3016 4134 in
3032 4094 3248 4135 carcere
3268 4079 3511 4149 degente.
3530 4077 3778 4149 Alioquin
3796 4093 3890 4133 ve-

2295 4190 2359 4231 ro
2378 4173 2658 4246 oportebat
2689 4172 2743 4227 in
2772 4172 2903 4227 cazlo
2931 4184 3244 4241 comparere
3273 4178 3516 4224 naturam
3538 4176 3801 4233 nostram,
3827 4177 3890 4223 et

2296 4252 2585 4337 perfectam
2614 4262 3103 4321 reconciliationem
3133 4260 3246 4316 fieri
3266 4302 3281 4327 ,
3313 4276 3378 4316 ae
3410 4270 3518 4316 tum
3546 4259 3732 4315 venire
3758 4258 3890 4328 Spi—

2298 4362 2459 4416 ritum
2483 4400 2499 4423 ,
2528 4372 2823 4430 puramque
2852 4355 3050 4427 percipi
3078 4353 3425 4423 voluptatem.
3456 4351 3586 4408 Nam
3616 4352 3660 4406 si
3683 4350 3891 4421 Spiritu

2299 4459 2584 4524 praesente,
2613 4449 2872 4504 Dominus
2900 4446 3140 4511 abiisset,
3169 4444 3256 4499 ille
3284 4458 3414 4499 vero
3442 4441 3746 4507 mansisset,
3775 4454 3890 4495 non

2302 4551 2448 4599 tanta
2470 4541 2659 4597 fuisset
2682 4534 3016 4604 consolatio;
3046 4534 3261 4592 Christo
3287 4534 3430 4590 enim
3458 4532 3745 4589 admodum
3776 4530 3893 4587 iuc-

2301 4643 2519 4700 rentes,
2549 4634 2619 4689 ab
2647 4633 2736 4688 illo
2764 4646 2905 4703 aegre
2934 4629 3125 4685 divulsi
3152 4627 3400 4709 fuissent.
3431 4626 3581 4684 Unde
3606 4634 3660 4681 et
3691 4637 3894 4680 conso-

2302 4729 2419 4783 lans
2448 4727 2569 4782 illos
2592 4724 2806 4781 dicebat
2834 4742 2848 4779 :
2876 4721 3099 4794 Expedit
3134 4721 3271 4775 vobis
3300 4732 3357 4773 ut
3377 4735 3469 4791 ego
3495 4718 3679 4773 eadem
3700 4714 3889 4785 (Joan.

2304 4819 2392 4875 16.
2438 4820 2518 4888 7).
2569 4815 2694 4871 ideo
2750 4813 3059 4869 missionem
3103 4810 3333 4882 Spiritus
3380 4824 3478 4880 per
3521 4808 3725 4877 aliquot
3771 4806 3894 4863 dies

2305 4910 2504 4976 differt,
2533 4918 2592 4963 ut
2612 4905 2939 4977 aliquamdiu
2964 4902 3139 4959 mmsti
3160 4942 3176 4970 ,
3204 4910 3287 4968 et,
3316 4910 3375 4956 ut
3402 4900 3543 4963 dixi,
3576 4900 3629 4954 in
3657 4897 3898 4954 necessi-

2307 5012 2416 5058 tate
2459 4998 2758 5065 constituti,
2800 4997 2957 5067 plena
2999 5004 3053 5050 et
3094 5008 3223 5064 pura
3268 4992 3572 5047 fruerentur
3594 4989 3894 5059 voluptate.

2306 5093 2362 5151 Si
2389 5105 2517 5148 vero
2542 5091 2719 5145 minor
2752 5094 2896 5144 esset
2933 5083 3073 5140 Filio
3096 5081 3348 5154 Spiritus,
3380 5096 3487 5136 non
3516 5078 3706 5135 fuisset
3734 5076 3897 5134 suffi-

2308 5183 2455 5238 ciens
2495 5177 2793 5236 consolatio
2830 5173 3141 5245 :quomodo
3178 5174 3323 5228 enim
3364 5170 3623 5235 dixisset,
3670 5167 3899 5239 Expedit

2309 5271 2480 5327 vobis?
2511 5269 2636 5325 ideo
2659 5267 2830 5336 major
2857 5265 2929 5320 illi
2954 5262 3197 5319 doctrina
3224 5270 3494 5317 reservata
3520 5268 3624 5325 est,
3648 5274 3714 5313 ne
3744 5258 3897 5312 illum

2311 5365 2573 5419 minorem
2618 5365 2885 5429 putarent.
2928 5353 3248 5411 Consideres
3287 5352 3444 5407 velim
3491 5360 3747 5419 quantam
3785 5348 3899 5405 illis

2312 5454 2686 5510 necessitatem
2719 5447 3034 5517 imposuerit
3076 5442 3325 5500 manendi
3367 5441 3736 5512 Jerosolymis,
3770 5454 3896 5494 cum

2312 5548 2650 5619 promisisset
2673 5556 2732 5598 se
2763 5540 2873 5597 illic
2897 5539 3154 5609 Spiritum
3197 5536 3545 5607 praebiturum
3590 5547 3731 5589 esse.
3763 5530 3900 5586 Nam

2314 5659 2381 5698 ne
2421 5652 2635 5695 rursum
2675 5642 2796 5706 post
2838 5631 3257 5701 assumptionem
3290 5628 3455 5699 ipsius
3497 5625 3763 5696 fugerent,
3794 5620 3901 5676 hac

2313 5730 2713 5805 exspectatione
2736 5769 2751 5795 ,
2781 5742 2879 5784 ceu
2907 5724 3117 5782 vinculo
3140 5764 3154 5791 ,
3196 5723 3318 5780 illos
3352 5732 3537 5777 omnes
3564 5716 3636 5773 ibi
3680 5714 3896 5770 retinet.
