4098 6324
214 358 280 413 Ἃ
1264 346 1329 402 IN
1370 344 1550 402 ACTA
1591 335 2121 399 APOSTOLORUM.
2167 339 2399 396 IIOMIL.
2443 339 2483 396 Ι.
3472 344 3544 398 «ῃ

229 477 520 542 Postquam
545 478 732 524 autem
766 468 900 523 dixit
925 484 935 519 :
965 462 1034 520 Ut
1062 470 1411 529 exspectarent
1448 456 1834 528 promissionem

227 565 424 629 Patris,
450 579 602 634 quam
630 562 849 615 audistis
876 575 909 611 a
935 574 1045 622 me,
1078 554 1264 610 subdit
1296 572 1308 608 :
1340 553 1394 608 5.
1439 550 1573 617 Quia
1600 549 1829 602 Joannes

226 656 432 721 quidem
469 653 745 719 baptizavit
796 667 950 719 aqua,
1000 664 1087 702 vos
1134 658 1302 700 autem
1349 641 1730 713 baptizabimiui
1777 641 1830 691 in

227 746 434 817 Spiritu
474 756 651 800 sancto
691 760 795 796 non
832 751 941 809 post
970 740 1154 793 multos
1181 738 1273 791 Iros
1302 736 1429 789 dies.
1456 732 1708 788 Ostendit
1734 730 1829 783 dc-

225 853 400 900 mum,
424 845 680 906 quantum
705 831 919 887 intersit
941 830 1201 885 Joannem
1232 829 1371 882 inter
1396 834 1446 880 et
1479 825 1650 894 ipsum
1677 838 1691 886 ;
1717 821 1829 889 jam

224 944 335 983 non
384 926 699 981 adumbrate
746 932 805 978 ut
844 933 1001 978 antea
1038 940 1050 975 :
1094 936 1217 975 nam
1258 919 1490 975 obscure
1535 913 1827 969 admodum

221 1018 481 1089 loquutus
523 1016 736 1079 fuerat,
767 1013 993 1088 quando
1036 1012 1170 1068 dixit
1196 1029 1209 1064 :
1242 1010 1342 1075 Qui
1371 1018 1537 1061 autem
1566 1007 1732 1059 minor
1757 1013 1829 1057 est

220 1110 275 1163 in
302 1126 462 1179 regno
489 1110 747 1173 (talentm,
779 1107 944 1177 major
971 1115 1044 1158 est
1087 1104 1176 1157 illo
1209 1100 1419 1172 (Matth.
1452 1100 1538 1153 11.
1567 1095 1655 1165 11)
1692 1113 1704 1148 :
1733 1093 1824 1149 sed

222 1218 369 1257 nunc
400 1201 733 1255 manifestius
765 1216 781 1253 ι
807 1197 1036 1251 Joannes
1064 1239 1077 1261 ,
1107 1194 1280 1264 inquit
1303 1236 1317 1258 ,
1353 1189 1623 1261 baptizavit
1648 1203 1781 1256 aqua
1806 1227 1822 1251 ,

218 1309 309 1347 sos
338 1304 513 1347 autem
552 1290 930 1363 baptizabimini
969 1289 1020 1343 in
1063 1288 1262 1355 Spiritu
1305 1294 1501 1338 sancto.
1546 1281 1664 1337 Non
1710 1280 1822 1349 jam

218 1386 396 1438 utitur
421 1384 759 1447 testimonio;
781 1383 874 1435 sed
907 1393 1193 1449 personam
1228 1386 1431 1430 tantum
1458 1380 1741 1436 memorat,
1770 1373 1821 1425 in

218 1476 542 1529 memoriam
590 1487 848 1529 revocans
894 1487 979 1535 ea,
1027 1487 1146 1541 qua:
1191 1469 1336 1539 prius
1378 1468 1607 1531 dixerat,
1654 1464 1822 1533 signi-

218 1569 457 1636 ficatque
488 1568 634 1635 ipsos
659 1566 767 1634 jam
794 1564 1030 1633 majores
1058 1578 1179 1617 esse
1210 1560 1417 1615 Joanne
1441 1576 1456 1623 ;
1481 1556 1744 1628 siquidem
1770 1556 1821 1609 in

216 1659 423 1728 Spiritu
453 1667 508 1714 et
532 1658 630 1727 ipsi
664 1656 979 1727 baptizaturi
1022 1662 1194 1708 erant.
1243 1652 1359 1706 Non
1401 1650 1555 1714 dixit,
1591 1649 1697 1702 Vos
1724 1664 1822 1716 ego

216 1749 437 1819 baptizo
460 1750 512 1803 in
543 1749 745 1819 Spiritu
776 1757 983 1813 sancto,
1009 1746 1127 1813 sed,
1156 1743 1552 1814 Baptizabimini
1576 1758 1594 1794 :
1621 1741 1822 1794 docens

215 1856 319 1895 nos
361 1841 738 1895 humilitatem.
770 1839 903 1893 Nam
931 1855 996 1893 ex
1044 1838 1353 1891 tesdmouio
1393 1834 1618 1889 Joannis
1644 1832 1821 1903 palam

213 1941 336 1986 crat
377 1933 551 2001 ipsum
593 1933 984 2001 baptizaturum
1018 1945 1177 1994 esse;
1212 1929 1349 1983 dixit
1376 1930 1519 1983 enim
1564 1944 1577 1980 :
1614 1924 1712 1979 Ille
1736 1940 1822 1977 eos

214 2026 496 2093 baptizabit
521 2028 573 2078 in
610 2026 808 2095 Spiritu
837 2036 1012 2080 sancto
1036 2035 1084 2079 et
1108 2027 1223 2095 igne
1249 2024 1398 2095 (Luc.
1425 2024 1479 2078 5.
1511 2023 1601 2087 16)
1636 2042 1648 2076 :
1675 2021 1822 2076 idco-

212 2132 322 2184 que
350 2116 500 2170 illum
532 2134 696 2171 unum
725 2119 1063 2171 memoravit.
1098 2117 1386 2187 Evangelia
1416 2116 1576 2187 igitur
1599 2113 1820 2168 historia
1873 2168 1887 2174 ,

211 2220 339 2259 sunt
375 2222 587 2271 eorum,
626 2224 746 2278 qua:
788 2208 1031 2264 Christus
1070 2207 1194 2263 fecit
1234 2217 1289 2263 et
1323 2207 1498 2263 dixit:
1529 2210 1661 2261 Acta
1690 2220 1821 2260 vero

210 2313 403 2353 eorum
450 2315 571 2369 qua:
613 2300 748 2354 alius
790 2300 1098 2356 Paracletus
1122 2300 1258 2354 dixit
1281 2308 1336 2354 et
1365 2299 1509 2353 fecit.
1538 2298 1633 2353 Ille
1668 2312 1822 2350 nam-

208 2406 316 2459 que
340 2391 454 2459 jam
484 2391 613 2444 olim
640 2392 806 2446 multa
835 2391 1158 2460 operabatur
1182 2432 1196 2457 ,
1222 2391 1362 2443 sicut
1392 2390 1553 2443 etiam
1574 2387 1821 2443 Christus

210 2498 358 2537 nunc
403 2483 682 2553 Operatur,
712 2493 765 2538 et
786 2485 913 2538 olim
940 2499 1155 2555 quoque
1180 2483 1540 2553 operabatur;
1570 2482 1665 2537 sed
1695 2491 1822 2537 tunc

211 2589 311 2643 per
340 2576 623 2644 templum,
659 2591 801 2630 nunc
830 2591 926 2645 per
954 2576 1246 2643 apostolos.
1281 2574 1349 2627 Et
1372 2585 1497 2627 tunc
1518 2572 1734 2643 quidem
1766 2572 1819 2626 in

210 2665 514 2734 virgineum
544 2675 753 2721 uterum
781 2669 946 2730 venit,
977 2678 1032 2721 et
1063 2666 1322 2735 templum
1350 2666 1637 2729 formavit;
1678 2678 1820 2719 nunc

208 2765 391 2809 autem
441 2757 494 2809 in
536 2759 744 2811 animas
791 2759 935 2811 venit
962 2759 1283 2826 apostolicas
1318 2777 1329 2811 :
1366 2768 1492 2811 tunc
1540 2756 1592 2811 in
1640 2756 1821 2824 specie

209 2847 501 2911 columine,
555 2864 697 2902 nunc
745 2850 796 2902 in
841 2850 1022 2918 specie
1066 2850 1223 2918 ignis.
1257 2848 1480 2916 Quare?
1522 2847 1637 2901 Illic
1667 2862 1822 2901 man-

210 2939 555 2993 suetudinem
589 2940 898 3005 exhibebat,
930 2940 1017 2993 liic
1044 2957 1174 2995 vero
1203 2941 1420 2995 ultionis
1447 2940 1815 2995 severitatem.

210 3031 489 3086 Judicium
534 3042 713 3087 autem
742 3041 1045 3102 opportune
1069 3042 1479 3087 commemorat.
1515 3032 1645 3087 Cum
1674 3032 1819 3085 enim

213 3135 433 3193 fasceata
466 3125 819 3180 condonanda
848 3136 1022 3191 erant,
1062 3126 1225 3179 multa
1257 3140 1394 3194 opus
1421 3135 1535 3179 erat
1564 3139 1820 3179 mansue-

210 3218 402 3272 tudine
438 3219 605 3288 :quia
654 3234 781 3273 vero
828 3217 1030 3272 donum
1076 3220 1394 3289 consequuti
1452 3235 1662 3286 sumus,
1709 3219 1819 3286 jam

210 3320 429 3379 tempus
485 3321 568 3365 est
619 3311 805 3379 judieii
859 3320 914 3365 et
961 3312 1239 3367 examinis.
1304 3313 1585 3378 Quomodo
1641 3324 1820 3367 autem

210 3402 842 3472 dicit,Baptizabimini,
874 3419 995 3458 eum
1050 3420 1185 3474 aqua
1240 3421 1347 3459 non
1401 3416 1547 3461 esset
1599 3407 1650 3458 in
1705 3420 1819 3460 co:-

216 3497 458 3551 naculo?
506 3497 638 3564 Quia
680 3496 911 3564 Spiritus
942 3508 1057 3561 est,
1087 3512 1185 3567 per
1227 3512 1388 3566 quem
1445 3513 1581 3568 aqua
1634 3512 1825 3566 opera-

216 3598 302 3642 tur
328 3607 341 3641 :
367 3588 825 3657 quemadmodum
863 3589 1112 3643 Christus
1153 3600 1343 3645 unctus
1387 3591 1555 3646 fuisse
1602 3591 1821 3655 dicitur,

214 3681 345 3735 licet
398 3695 691 3749 numquam
742 3681 865 3735 oleo
912 3692 1105 3736 unctus
1159 3682 1358 3749 fuerit,
1412 3682 1507 3738 sed
1563 3682 1823 3751 Spiritum

213 3774 515 3842 acceperit.
547 3772 797 3843 Alioquin
828 3788 956 3828 vero
1003 3775 1145 3843 ipsos
1191 3790 1326 3845 aqua
1371 3776 1667 3843 baptizatos
1695 3775 1825 3831 fuis-

213 3881 275 3919 se
322 3865 564 3932 reperire
611 3874 727 3928 est,
761 3874 816 3919 et
864 3868 915 3919 in
970 3866 1199 3920 diversis
1254 3868 1605 3935 temporibus.
1664 3868 1821 3937 Apud

215 3972 317 4011 nos
348 3958 495 4013 enim
528 3967 811 4027 utrumque
838 3973 946 4012 uno
974 3958 1271 4025 eodemque
1299 3958 1357 4012 iit
1388 3969 1630 4029 tempore
1650 4003 1664 4024 ,
1698 3970 1823 4015 tunc

215 4059 401 4104 autem
441 4050 669 4103 diversis
719 4050 1070 4117 temperilms.
1116 4050 1274 4104 Initio
1306 4067 1536 4120 namque
1563 4066 1591 4103 a
1618 4051 1825 4121 Joanne

216 4143 477 4211 haptizati
506 4151 667 4206 sunt;
709 4156 809 4195 nec
840 4142 1034 4195 mirum
1062 4150 1164 4196 est.
1198 4142 1329 4195 Nam
1358 4143 1401 4196 si
1432 4144 1745 4199 meretrices
1771 4154 1827 4199 et

215 4236 493 4306 publicani
539 4234 607 4289 ad
650 4233 777 4288 illud
811 4234 1071 4303 baptisma
1118 4246 1415 4301 venerunt;
1458 4236 1627 4292 multo
1655 4237 1825 4307 magis

218 4330 291 4393 ii,
324 4329 415 4398 qui
450 4340 633 4397 postea
665 4341 695 4381 a
723 4327 925 4397 Spiritu
956 4327 1259 4395 baptizandi
1291 4338 1464 4383 erant.
1497 4328 1721 4393 Deinde,
1754 4345 1822 4384 ne

214 4420 500 4485 dicerent,
528 4433 644 4473 rem
674 4418 726 4472 in
764 4417 1046 4487 promissis
1075 4432 1291 4488 semper
1318 4434 1438 4473 esse
1464 4418 1485 4490 (
1506 4434 1629 4474 nam
1660 4419 1825 4473 multa

214 4512 321 4565 hac
346 4510 417 4566 de
443 4525 502 4565 re
532 4510 671 4565 dicta
702 4509 991 4581 fuerant);
1026 4526 1158 4566 neve
1186 4520 1435 4581 putarent
1458 4514 1827 4583 operationem

217 4619 344 4658 esse
370 4605 487 4657 sine
516 4618 576 4657 re
603 4604 800 4674 aliqua,
832 4603 955 4658 illos
978 4602 1048 4657 ab
1069 4602 1170 4659 hac
1199 4604 1506 4674 suspicione
1530 4604 1824 4672 abducens,

214 4699 295 4751 ait
325 4713 341 4749 :
374 4694 497 4751 Non
527 4707 637 4765 post
664 4699 851 4751 multos
878 4701 969 4752 hos
995 4699 1122 4752 dies.
1162 4697 1346 4769 Neque
1374 4700 1631 4755 indicavit
1659 4716 1827 4771 quan-

215 4788 290 4843 do
315 4830 333 4855 ,
380 4797 439 4842 ut
481 4802 696 4856 semper
725 4788 1038 4859 vigilarent;
1070 4790 1165 4844 sed
1201 4790 1351 4845 brevi
1393 4792 1628 4847 futurum
1654 4793 1824 4859 dixit,

218 4896 291 4936 ne
319 4880 507 4935 animo
533 4879 856 4946 deﬁcerent;
889 4897 987 4937 nec
1016 4882 1221 4938 addidit
1246 4885 1491 4955 quando,
1522 4896 1577 4941 ut
1611 4901 1827 4957 semper

220 4973 417 5043 vigiles
441 4982 645 5026 essent.
688 4971 875 5043 Neque
904 4973 1005 5030 hoc
1031 4982 1237 5030 tantum
1265 4977 1427 5032 modo
1466 4979 1586 5032 illos
1614 4979 1680 5034 ad
1710 4994 1829 5035 cre-

218 5067 465 5122 dendum
514 5068 739 5133 inducit,
779 5070 987 5124 scilicet
1024 5086 1118 5141 per
1161 5072 1481 5127 brevitatem
1530 5074 1824 5143 temporis;

218 5159 319 5213 sed
348 5160 508 5213 etiam
530 5174 652 5214 cum
675 5161 824 5225 dicit,
849 5160 1247 5218 Promissionem
1268 5181 1422 5235 quam
1438 5165 1652 5219 audistis
1666 5182 1697 5217 a
1716 5183 1793 5218 mc
1806 5182 1826 5231 ;

224 5252 277 5304 id
310 5262 395 5306 est
420 5270 434 5306 :
461 5251 578 5306 Non
608 5269 748 5308 nunc
774 5254 924 5310 vobis
950 5265 1152 5312 tantum
1177 5256 1309 5324 dixi,
1335 5256 1431 5312 sed
1448 5259 1557 5327 jam
1582 5258 1824 5326 promisi,

222 5358 350 5411 qua:
392 5344 613 5399 omnino
660 5343 895 5400 facturus
934 5363 1074 5404 sum.
1119 5348 1258 5417 Quid
1302 5364 1431 5421 ergo
1481 5350 1695 5404 miraris
1723 5392 1737 5416 ,
1781 5351 1826 5405 si

222 5436 370 5490 diem
415 5440 892 5496 consummationis
934 5456 1039 5496 non
1084 5443 1259 5509 dicat,
1291 5445 1379 5516 qui
1423 5444 1566 5499 hunc
1592 5445 1825 5499 vicinum

222 5528 372 5583 diem
400 5529 571 5584 noluit
602 5532 883 5588 indicare?
914 5534 1076 5606 quue
1096 5536 1217 5605 jure
1243 5537 1461 5604 merito,
1490 5548 1547 5592 ut
1570 5539 1821 5593 nimirum

226 5622 593 5690 exspectando
618 5624 901 5695 vigilarent
925 5641 987 5681 ac
1008 5627 1220 5683 solliciti
1249 5638 1450 5685 essent.

303 5714 361 5769 6.
390 5712 505 5769 Non
536 5724 713 5786 potest
741 5720 884 5773 enim
905 5760 921 5786 ,
960 5734 1066 5774 non
1111 5729 1324 5790 potest,
1368 5720 1584 5792 inquam
1606 5762 1621 5786 ,
1657 5723 1827 5791 gratia

235 5802 339 5860 lrni
377 5807 467 5878 qui
510 5823 613 5867 non
658 5809 861 5882 vigilat.
904 5814 1102 5869 Annon
1130 5812 1317 5879 vides,
1345 5812 1471 5886 quid
1512 5814 1653 5870 dicat
1683 5815 1828 5870 Elias

1941 449 2245 522 discipulo?
2292 454 2354 508 Si
2401 455 2588 509 videris
2633 471 2714 509 me
2753 471 2869 509 cum
2916 473 3169 524 assumar,
3208 459 3303 512 erit
3346 458 3439 514 tibi
3472 463 3546 513 sic

1944 544 2030 612 (4.
2063 545 2192 615 Reg.
2225 544 2277 598 Ξ.
2314 545 2422 617 10)
2450 564 2462 598 :
2493 544 2543 599 id
2573 554 2677 613 est,
2706 544 2992 618 Continget
3020 548 3113 603 tibi
3145 547 3249 604 hoc
3275 549 3415 620 quod
3447 564 3543 621 po-

1937 636 2125 690 stulas.
2152 636 2400 693 Christus
2429 653 2642 710 quoque
2668 641 2877 695 solebat
2901 642 3286 698 accedentibus
3314 642 3498 699 dicere
3522 686 3537 711 ,

1936 727 2152 782 Credis?
2182 727 2398 784 Etenim
2426 730 2525 784 nisi
2567 730 2645 785 rei
2676 730 2817 787 data:
2845 733 3138 787 admodum
3185 734 3499 789 hmserimus
3523 775 3540 803 ,

1934 818 2255 873 beneficium
2308 837 2414 876 non
2458 821 2615 879 valde
2662 826 2979 880 sentiemus.
3026 825 3117 881 Sic
3155 836 3209 881 et
3239 827 3406 881 Paulo
3434 844 3541 883 non

1931 913 2111 968 statim
2140 913 2265 968 data
2314 925 2396 970 est
2422 918 2629 985 gratia,
2676 916 2771 973 sed
2818 918 3049 973 triduum
3100 919 3405 975 intercessit
3432 936 3542 992 quo

1930 1020 2107 1060 camus
2135 1016 2252 1061 erat
2276 1048 2291 1073 ,
2320 1017 2482 1077 atque
2514 1008 2725 1064 interim
2759 1019 2903 1065 metu
2936 1012 3260 1081 purgabatur
3297 1022 3352 1068 et
3399 1030 3533 1081 prmo

1932 1097 2241 1167 parabatur.
2275 1099 2741 1167 Quemadmodum
2787 1102 2931 1157 enim
2976 1105 3065 1172 qui
3111 1119 3401 1174 purpuram
3437 1106 3538 1160 tin-

1928 1199 2079 1257 gunt,
2111 1190 2257 1259 prius
2284 1191 2601 1261 quihusdam
2631 1193 2753 1247 aliis
2793 1206 3099 1263 praeparant
3129 1194 3201 1258 id,
3245 1195 3387 1265 quod
3436 1196 3539 1250 tin-

1929 1291 2136 1335 cturam
2159 1294 2508 1354 accepturum
2538 1292 2622 1339 est
2645 1327 2658 1347 ,
2688 1301 2755 1339 ne
2783 1285 2883 1341 llos
2910 1286 3171 1341 evanidus
3202 1288 3270 1342 sit
3300 1306 3314 1344 :
3345 1290 3414 1341 ita
3448 1289 3536 1343 hic

1928 1388 2142 1443 quoque
2173 1374 2319 1430 Deus
2348 1376 2496 1444 prius
2536 1376 2822 1431 sollicitam
2856 1379 3089 1432 animam
3124 1390 3391 1447 [περίιθι-οι
3416 1420 3431 1445 ,
3483 1390 3539 1434 et

1930 1476 2057 1520 tunc
2103 1467 2330 1536 gratiam
2380 1467 2633 1523 infundit.
2678 1468 2884 1525 Idcirco
2924 1486 3030 1524 non
3064 1472 3241 1524 statim
3275 1471 3535 1540 Spiritum

1928 1559 2093 1621 misit,
2117 1559 2212 1615 sed
2236 1561 2287 1615 in
2321 1561 2659 1617 Pentecoste.

2000 1648 2105 1704 Cur
2147 1650 2428 1721 baptismus
2471 1663 2695 1723 tempore
2741 1653 3093 1725 Cltrysostomi
3133 1656 3187 1710 in
3239 1655 3541 1711 Pentecoste

1926 1756 2029 1795 non
2066 1741 2295 1799 daretur.
2334 1774 2407 1784 —
2448 1744 2600 1813 Quod
2648 1746 2693 1799 si
2724 1747 2845 1815 quis
2886 1746 3085 1801 dixerit
3115 1768 3127 1801 :
3156 1746 3265 1802 Cur
3294 1763 3394 1802 nos
3425 1764 3533 1803 non

1926 1833 2029 1889 hoc
2075 1843 2319 1906 tempore
2367 1838 2745 1907 baptizamus?
2776 1839 3249 1908 respondebimus,
3304 1841 3535 1911 gratiam

1923 1928 2171 1983 eamdem
2201 1938 2329 1985 tunc
2358 1929 2520 1986 fuisse
2546 1947 2671 2001 quae
2705 1947 2848 1986 nunc
2872 1940 2985 1996 est;
3016 1931 3108 1987 sed
3138 1944 3372 1987 mentem
3404 1932 3536 1987 sub-

1924 2019 2193 2075 limiorem
2238 2037 2380 2076 nunc
2424 2037 2568 2087 esse,
2599 2023 2738 2093 quod
2770 2024 2978 2093 jejunio
3007 2035 3361 2094 praeparetur.
3398 2024 3537 2078 Pen-

1928 2122 2163 2168 tecostes
2207 2130 2337 2169 vero
2387 2124 2599 2183 tempus
2643 2114 2806 2169 habet
2847 2117 3079 2186 aliquam
3123 2118 3383 2171 rationem
3429 2133 3534 2171 non

1924 2204 2180 2273 ineptam.
2233 2207 2489 2272 Qnarnam
2540 2206 2627 2261 illa
2676 2208 2799 2262 est?
2844 2207 3300 2263 Existimaverunt
3351 2220 3533 2280 patres

1923 2299 2116 2360 nostri,
2148 2298 2412 2367 baptisma
2446 2313 2566 2353 esse
2605 2298 2817 2354 frenum
2850 2300 3102 2354 idoneum
3148 2301 3303 2354 mala:
3334 2315 3535 2354 concu-

1923 2390 2229 2460 piscentiae,
2281 2409 2637 2464 magnamque
2664 2394 2966 2449 doctrinam
3005 2394 3319 2457 continere,
3365 2403 3421 2447 ut
3448 2394 3532 2447 vel

1926 2494 2167 2552 tempore
2211 2482 2525 2538 deliciarum
2572 2495 2935 2555 temperantes
2977 2487 3169 2541 simus.
3222 2488 3301 2540 Ac
3331 2486 3373 2539 si
3405 2500 3535 2555 ergo

1922 2593 2042 2631 cum
2091 2578 2303 2631 Christo
2344 2579 2658 2647 epulemur,
2701 2595 2904 2634 mensa:
2943 2580 3060 2648 ejus
3107 2588 3411 2643 consortes,
3466 2594 3535 2633 nc

1923 2669 2047 2738 quid
2096 2677 2300 2723 temere
2341 2670 2619 2732 faciamus,
2663 2670 2757 2724 sed
2806 2671 2858 2724 in
2903 2670 3153 2739 jejnuiis,
3187 2670 3435 2740 precibus
3480 2677 3535 2723 et

1923 2763 2276 2829 temperantia
2309 2762 2476 2814 multa
2508 2760 2784 2829 degamus.
2818 2760 2952 2815 Nam
2980 2762 3025 2815 si
3064 2762 3141 2827 is,
3183 2762 3273 2831 qui
3306 2763 3534 2816 smcula:

1923 2868 2037 2906 rem
2068 2853 2356 2923 quamdam
2390 2850 2766 2920 prcefecturam
2798 2852 3042 2906 aditurus
3072 2860 3187 2917 est,
3241 2852 3341 2907 sibi
3385 2862 3537 2922 parat

1923 2942 2180 3013 quidquid
2217 2943 2282 2996 ad
2332 2944 2491 2996 vitam
2526 2944 2795 3011 pertinet;
2828 2952 2884 2997 et
2909 2949 2967 2996 ut
2993 2941 3309 3011 dignitatem
3350 2958 3537 3010 quam-

1924 3038 2046 3091 dam
2078 3050 2433 3106 assequatur,
2466 3037 2723 3105 pecunias
2764 3036 3061 3105 impendit,
3092 3045 3302 3106 tempus
3341 3051 3539 3091 consu-

1926 3131 2043 3195 mit,
2074 3138 2126 3184 et
2170 3138 2459 3183 sexcentos
2502 3128 2648 3184 subit
2692 3128 2942 3195 labores;
2974 3144 3086 3199 quo
3114 3144 3213 3183 nos
3243 3128 3387 3198 digni
3424 3129 3538 3183 fue-

1925 3221 2096 3273 rimus
2152 3220 2417 3290 supplicio
2471 3221 2562 3289 qui
2618 3235 2739 3274 cum
2794 3228 2942 3273 tanta
2999 3220 3247 3274 socordia
3306 3234 3534 3290 regnum

1925 3314 2178 3368 caelorum
2212 3313 2445 3373 adimus,
2482 3328 2656 3383 neque
2684 3321 2973 3380 antequam
3002 3327 3357 3381 assequamur
3388 3311 3540 3366 solli-

1925 3406 2037 3471 citi,
2070 3415 2125 3459 et
2168 3414 2288 3474 post
2332 3413 2613 3474 acceptum
2644 3404 2861 3475 ignavi?
2893 3404 3021 3457 Ideo
3066 3404 3209 3459 enim
3256 3414 3537 3474 postquam

1925 3488 2255 3570 accdpimus,
2306 3514 2500 3569 segnes
2527 3514 2735 3564 sumus,
2778 3500 2903 3567 quia
2946 3506 3237 3568 antequam
3267 3499 3542 3567 accipere-

1928 3609 2079 3655 mus,
2114 3609 2221 3646 non
2257 3591 2614 3662 vigilavimus.
2649 3591 2855 3647 Idcirco
2882 3592 3033 3647 multi
3063 3600 3347 3662 postquam
3385 3607 3542 3647 accc-

1927 3693 2160 3754 peruut,
2212 3684 2458 3753 protinus
2508 3682 2574 3737 ad
2620 3682 2859 3752 prierem
2905 3683 3172 3737 vomitum
3224 3683 3537 3748 redierunt,

1929 3776 2141 3845 pejores
2172 3784 2300 3828 sunt
2324 3774 2519 3838 ell‘ecti‘,
2551 3784 2606 3830 et
2631 3776 2849 3845 gravius
2879 3774 2982 3827 sibi
3012 3774 3337 3843 supplicium
3370 3783 3542 3828 attra-

1928 3877 2139 3933 xerunt,
2172 3882 2201 3919 a
2238 3867 2511 3937 prioribus
2540 3868 2749 3923 liberati
2786 3866 3023 3935 peccatis
3054 3888 3066 3923 :
3110 3867 3344 3937 hincque
3369 3869 3542 3937 magis

1923 3958 2160 4027 judicem
2205 3958 2273 4012 ad
2317 3959 2450 4011 iram
2500 3960 2863 4024 concitarunt,
2910 3958 3053 4028 quod
3104 3973 3133 4011 a
3184 3966 3336 4013 tan'o
3382 3960 3541 4014 soluti

1928 4050 2139 4114 morbo,
2190 4065 2258 4104 ne
2302 4049 2382 4104 sic
2425 4049 2644 4120 Quidcm
2694 4049 3063 4118 resipuerint;
3094 4048 3188 4103 sed
3225 4048 3354 4102 illud
3400 4050 3543 4119 passi

1929 4141 2060 4207 sint,
2102 4140 2245 4210 quod
2279 4141 2578 4213 paralytico
2623 4142 2987 4197 comminatus
3030 4150 3114 4195 est
3152 4141 3424 4205 Christus,
3458 4140 3544 4196 di—

1929 4248 2059 4289 cens
2099 4249 2113 4285 :
2151 4232 2284 4287 Ecce
2308 4248 2466 4287 sanus
2494 4235 2660 4303 factus
2700 4249 2785 4298 es;
2817 4232 2923 4286 noli
2952 4231 3175 4301 amplius
3203 4248 3443 4301 peccare,
3484 4249 3549 4286 ne

1929 4326 2053 4393 quid
2074 4325 2161 4378 tibi
2187 4326 2411 4379 deterius
2441 4324 2699 4393 contingat
2727 4324 2909 4396 (Joan.
2940 4326 2995 4379 5.
3026 4324 3118 4395 14)
3146 4343 3157 4377 :
3186 4325 3441 4396 quodque
3475 4325 3543 4381 de

1928 4417 2130 4472 Judatis
2157 4417 2426 4487 praedixit,
2456 4417 2751 4472 ostendens
2787 4418 2933 4487 ipsos
2960 4418 3154 4487 ingrati
3186 4418 3353 4473 animi
3380 4433 3543 4473 causa

1934 4509 2287 4563 intolerabilia
2322 4521 2573 4579 passuros
2594 4524 2715 4563 esse
2745 4527 2757 4561 :
2789 4507 2851 4564 Si
2894 4526 2994 4562 non
3026 4510 3269 4564 venissent
3299 4520 3344 4562 et
3366 4510 3547 4578 loqun-

1932 4611 2013 4655 tus
2042 4601 2252 4669 fuissem
2278 4602 2368 4667 eis,
2398 4610 2657 4670 peccatum
2685 4617 2786 4654 non
2814 4590 3055 4654 haberent
3086 4600 3268 4672 (Joan.
3304 4600 3392 4655 15.
3422 4601 3534 4669 22).

1933 4693 2118 4763 Itaque
2151 4693 2375 4763 posthac
2399 4692 2559 4762 dupla
2590 4703 2643 4746 et
2680 4692 2982 4764 quadrupla
3006 4702 3133 4747 sunt
3160 4703 3400 4762 peccata.
3427 4693 3547 4761 Quo

1933 4786 2137 4857 pacto?
2166 4785 2301 4851 Quia
2331 4794 2457 4855 post
2483 4785 2736 4839 collatum
2767 4784 3029 4839 honorem
3056 4785 3249 4855 ingrati
3279 4801 3467 4839 sumus
3494 4794 3548 4838 et

1933 4881 2183 4952 improbi.
2225 4879 2564 4950 Quapropter
2610 4876 2738 4931 nihil
2782 4877 2940 4932 nobis
2982 4876 3196 4947 proiicit
3226 4878 3543 4943 lavacrum,

1931 4985 1989 5031 ut
2032 4975 2215 5029 mitius
2262 4974 2565 5044 puniamur.
2614 4970 2997 5026 Animadverte
3029 4985 3229 5040 porro:
3272 4970 3324 5024 in
3362 4972 3546 5039 gravia

1934 5078 2150 5138 peccata
2182 5068 2302 5136 quis
2331 5066 2553 5130 incidit;
2584 5064 2666 5120 vel
2697 5062 2922 5127 tandem,
2956 5064 3045 5120 vel
3076 5063 3422 5128 adulterium,
3452 5064 3539 5117 vel

1934 5161 2077 5214 aliud
2121 5159 2397 5231 quidpiam
2428 5157 2671 5213 deterius
2697 5156 2912 5211 admisit
2946 5174 2959 5209 :
2994 5156 3110 5211 [nec
3140 5172 3238 5225 per
3268 5157 3541 5211 lavacrum
3576 5170 3577 5173 ‘

1933 5254 2160 5309 remissa
2207 5260 2352 5306 sunt.
2402 5250 2618 5305 Nullum
2665 5250 2865 5320 quippe
2893 5258 2975 5303 est
3002 5290 3015 5315 ,
3048 5249 3255 5303 nullum
3285 5261 3361 5301 est
3392 5258 3542 5305 certe

1936 5356 2239 5419 peccatum,
2269 5345 2413 5399 milia
2442 5344 2706 5412 impietas,
2739 5358 2859 5411 qua:
2890 5342 3013 5395 huic
3035 5341 3179 5396 dono
3207 5357 3312 5394 non
3338 5341 3493 5395 cedat
3526 5357 3542 5397 :

1932 5442 2109 5497 divina
2142 5439 2339 5509 quippe
2375 5448 2457 5490 est
2486 5436 2675 5506 gratia.
2708 5434 2945 5488 Rursum
2978 5434 3281 5489 nuncliatus
3308 5446 3391 5488 est
3421 5434 3543 5503 quis

1933 5542 1987 5587 et
2016 5530 2216 5586 occidit
2248 5546 2260 5583 :
2292 5528 2523 5599 primum
2555 5525 2773 5596 quidem
2806 5525 3130 5580 adulterium
3163 5526 3395 5579 solutum
3428 5532 3535 5590 est,

1934 5638 1987 5681 et
2029 5625 2204 5681 caedes
2246 5623 2569 5686 condonata,
2601 5635 2777 5691 neque
2803 5630 3090 5675 revocatur
3117 5640 3129 5673 :
3162 5618 3311 5673 Dona
3338 5620 3538 5693 quippe

1933 5720 2031 5775 Dei
2060 5728 2106 5774 et
2133 5718 2326 5773 vacatio
2357 5718 2467 5787 ejus
2496 5725 2613 5770 sunt
2643 5715 2750 5768 sine
2778 5714 3073 5783 panitentia
3104 5712 3277 5782 (Rom.
3307 5712 3393 5766 11.
3418 5711 3535 5779 29).

1933 5815 2038 5872 Sed
2088 5830 2186 5887 pro
2234 5815 2318 5882 iis,
2366 5828 2485 5883 qtae
2528 5816 2650 5880 post
2688 5807 3014 5880 baptismum
3056 5816 3362 5878 perpetrata
3394 5815 3527 5861 sunt
