4074 6302
606 354 679 413 93
1350 348 1405 407 S.
1446 343 1722 405 JOANNIS
1756 335 2230 402 CllllYSOSTOMl
2268 337 2587 397 ARCHIEP.
2625 337 3156 400 CONSTANTINOP.
3804 337 3876 396 ει

606 479 779 526 tantas
818 468 1007 524 damus
1034 480 1253 537 pinnas,
1297 474 1522 535 quantas
1556 462 1603 519 si
1650 461 1740 517 illa
1785 467 2033 515 revocata
2076 468 2183 510 non

606 562 868 628 fuissent,
901 560 1010 615 imo
1037 558 1195 629 longe
1226 556 1479 627 majores.
1508 554 1626 611 Non
1650 554 1793 610 enim
1818 552 1929 623 jam
1958 550 2183 621 simplex

603 661 687 708 est
711 659 1008 722 peccatum,
1035 650 1127 705 sed
1156 648 1354 720 duplex
1376 657 1432 703 et
1455 646 1670 717 triplex.
1696 644 1852 712 Quod
1879 653 2058 699 autem
2088 638 2186 697 lio-

604 758 723 799 rum
744 743 915 812 major
934 743 1003 797 sit
1024 741 1175 806 ultio,
1204 740 1327 797 audi
1348 739 1475 810 quid
1496 738 1640 795 dicat
1660 735 1856 793 Paulus
1884 752 1898 789 :
1930 751 1948 787 ι
1979 733 2184 789 lrritam

603 834 723 905 quis
767 833 968 889 faciens
1017 833 1186 903 legem
1237 828 1454 903 Moysls,
1500 830 1619 886 sine
1661 829 1766 884 ulla
1816 825 2181 883 misericordia

603 926 811 981 duobus
852 925 936 981 vel
976 925 1147 980 tribus
1194 924 1420 979 testibus
1463 921 1692 977 moritur
1724 938 1738 975 :
1769 927 1970 991 quanto
2014 917 2184 987 magis

605 1017 803 1087 putatis
848 1016 1112 1072 deteriora
1160 1014 1354 1069 mereri
1403 1012 1659 1083 supplicia
1706 1011 1797 1082 qui
1844 1009 2038 1065 Filium
2087 1008 2183 1063 Dei

602 1109 1035 1170 conculcaverit,
1080 1116 1143 1180 _et
1195 1106 1509 1176 sanguinem
1561 1101 1864 1160 testamenti
1920 1101 2180 1171 pollutum

605 1202 835 1265 duxerit,
863 1208 918 1254 et
944 1199 1151 1269 spiritui
1176 1198 1361 1271 gratia:
1385 1195 1761 1253 contumeliam
1790 1193 1975 1249 fecerit
1995 1191 2179 1258 (Hebr.

605 1291 689 1346 10.
720 1291 810 1346 28.
834 1288 969 1360 29)?
1005 1308 1026 1342 ι

671 1378 857 1435 Contra
906 1395 988 1434 eos
1040 1379 1126 1447 qui
1180 1377 1429 1447 baptisma
1482 1375 1803 1444 differebant.
1832 1404 1905 1414 —
1923 1372 2176 1429 Fortasse

602 1472 802 1526 multos
829 1471 1155 1537 avertimus,
1184 1484 1253 1525 ne
1282 1483 1422 1524 nunc
1456 1466 1721 1537 accipiant
1761 1465 2045 1535 baptisma.
2077 1462 2183 1519 Ve-

603 1578 720 1617 rum
751 1577 854 1617 non
886 1563 1000 1617 base
1044 1562 1131 1615 illa
1150 1561 1237 1616 'de
1264 1575 1426 1616 causa
1452 1558 1685 1613 diximus
1708 1598 1723 1623 ,
1751 1557 1846 1612 sed
1869 1566 1928 1610 ut
1952 1554 2041 1625 qui
2069 1554 2179 1625 jam

598 1662 940 1724 acceperunt,
966 1652 1018 1706 in
1046 1652 1208 1707 multa
1236 1660 1487 1706 maneant
1512 1647 1861 1718 temperantia
1905 1654 1959 1701 et
1992 1641 2179 1701 mode-

602 1746 728 1800 stia.
759 1748 832 1800 At
859 1754 1058 1808 metuo,
1082 1744 1222 1799 dicet
1244 1744 1455 1813 aliquis.
1484 1741 1539 1797 Si
1564 1751 1855 1805 metueres,
1878 1739 2180 1808 acoepisses

601 1837 781 1906 utique
809 1846 862 1890 et
882 1849 1177 1889 servasses.
1212 1834 1430 1900 Verum,
1464 1832 1671 1903 inquies
1690 1873 1706 1899 ,
1736 1846 1797 1887 ea
1822 1831 1935 1900 ipsa
1961 1830 2027 1884 de
2054 1835 2182 1884 catt-

598 1939 655 1979 sa
684 1941 788 1980 non
817 1923 1057 1993 accipio,
1088 1923 1228 1994 quod
1261 1934 1511 1979 metuam.
1544 1925 1738 1977 Annon
1788 1920 1981 1975 metuis
2007 1920 2084 1973 sic
2106 1933 2174 1971 ex

600 2015 697 2069 hac
726 2016 831 2069 vita
859 2013 1161 2069 decedere?
1190 2012 1458 2078 Clemens,
1490 2012 1682 2082 inquit.
1710 2018 1793 2066 est
1823 2009 1983 2064 Deus.
2017 2006 2179 2077 igitur

600 2106 781 2174 accipe
806 2106 1067 2174 baptisma
1092 2121 1105 2155 :
1130 2103 1368 2159 clemens
1400 2102 1544 2156 enim
1570 2111 1653 2156 est
1678 2109 1732 2156 ct
1766 2100 2071 2170 epitulatur.
2098 2096 2177 2152 Tu

595 2212 723 2253 vero
745 2197 833 2251 ubi
862 2206 1133 2266 oporteret
1160 2194 1396 2249 studiose
1412 2209 1526 2249 rem
1552 2207 1730 2264 agere,
1751 2192 1894 2246 illam
1924 2205 2027 2245 non
2050 2199 2179 2258 pra:-

594 2286 770 2342 tendis
794 2286 1172 2349 clementiam;
1202 2285 1292 2339 ubi
1326 2297 1455 2338 vero
1485 2281 1701 2338 diﬂerre
1742 2290 1931 2352 optas,
1952 2290 2080 2334 tunc
2109 2278 2177 2333 il-

596 2378 700 2431 lam
737 2378 1075 2433 clementiam
1116 2390 1405 2431 memoras.
1442 2376 1600 2444 Atqui
1643 2384 1767 2428 tunc
1798 2382 2010 2443 tempus
2035 2381 2179 2427 esset

594 2468 776 2524 utendi
798 2468 887 2522 illa
909 2467 1214 2530 clementia,
1243 2475 1403 2537 atque
1425 2465 1568 2520 illam
1597 2473 1708 2519 tum
1734 2465 1902 2535 magis
1923 2478 2179 2531 asseque-

600 2574 738 2624 mur,
770 2574 889 2612 cum
915 2572 978 2612 ea
1008 2572 1126 2626 quae
1158 2572 1324 2626 penes
1353 2571 1450 2611 nos
1479 2565 1603 2610 sunt
1628 2554 1929 2609 alferemtts.
1963 2549 2173 2608 Etenim

594 2649 659 2713 is,
688 2650 775 2718 qui
796 2649 974 2703 omnia
998 2650 1050 2702 in
1074 2648 1237 2704 Deum
1263 2647 1456 2716 rejicit.
1481 2655 1535 2701 et
1564 2654 1683 2715 post
1710 2644 1969 2715 baptisma
1992 2655 2177 2715 peccat

596 2748 778 2808 utpote
804 2739 985 2803 homo,
1020 2756 1115 2809 per
1141 2738 1507 2809 pmuitentiam
1538 2737 1691 2792 venia
1720 2737 2006 2792 donabitur
2039 2756 2051 2791 :
2084 2738 2175 2807 qui

590 2848 715 2887 vero
752 2834 818 2887 de
865 2833 954 2886 Dei
999 2832 1280 2887 clementia
1321 2832 1473 2901 quasi
1517 2840 1702 2902 argute
1742 2832 1886 2900 agit,
1916 2832 1960 2885 si
1990 2830 2174 2901 gratiae

591 2938 782 2993 expers
823 2924 945 2979 hinc
979 2924 1232 2987 decedat,
1264 2924 1557 2979 inevitabili
1600 2924 1860 2995 supplicio
1890 2925 2169 2994 plectetur.

588 3016 695 3071 Cur
724 3026 899 3073 autem
944 3018 1059 3072 haec
1099 3018 1361 3071 adversus
1391 3019 1615 3071 salutem
1649 3024 1789 3071 tuam
1835 3016 2172 3086 prmtendis?

592 3108 925 3180 Impossibile
956 3110 1095 3164 enim
1126 3120 1225 3173 cst,
1262 3110 1610 3180 impossibile,
1646 3122 1703 3164 ut
1732 3118 1884 3179 puto,
1903 3117 2004 3172 est,
2024 3124 2169 3176 eum,

585 3203 673 3272 qui
703 3201 791 3256 tali
822 3214 917 3271 spe
947 3202 1110 3256 fultus
1138 3202 1349 3265 differt,
1396 3209 1673 3257 strenuum
1700 3201 1825 3272 quid
1853 3212 1943 3255 aut
1971 3202 2169 3255 bonum

586 3294 817 3362 operari.
842 3293 921 3348 'l‘u
952 3308 1079 3372 vero
1113 3306 1210 3349 cur
1238 3302 1441 3349 tantum
1473 3305 1673 3349 metum
1705 3295 1965 3364 suscipis,
1995 3303 2049 3349 et
2084 3296 2167 3348 in-

584 3394 787 3437 certum
823 3385 1053 3439 futurum
1079 3386 1407 3455 praetendis?
1438 3401 1535 3441 cur
1566 3401 1669 3440 non
1702 3396 1899 3441 metunt
1934 3388 2089 3469 illum
2115 3390 2166 3441 in

586 3474 819 3529 laborem
842 3486 895 3529 et
919 3474 1250 3543 diligentiam
1280 3486 1472 3542 mutas,
1500 3488 1556 3531 ut
1586 3478 1660 3531 sis
1686 3491 1911 3547 magnus
1931 3486 1985 3531 et
2008 3480 2169 3531 mira-

585 3567 751 3622 bilis?
780 3579 955 3623 utrum
987 3570 1175 3624 melius
1198 3580 1301 3635 est,
1327 3571 1535 3634 timere,
1564 3585 1632 3624 an
1662 3569 1945 3625 laborare?
1966 3570 2022 3626 Si
2048 3572 2167 3640 quis

585 3667 635 3713 te
658 3661 945 3715 collocaret
970 3662 1198 3715 otiosum
1244 3662 1295 3715 in
1323 3661 1485 3715 domo
1508 3663 1676 3716 ruina
1703 3663 1946 3733 proxima
1969 3704 1984 3728 ,
2016 3663 2165 3717 dicc-

583 3760 801 3819 retqne,
846 3750 1112 3819 EXSpeCla
1167 3754 1335 3807 donec
1371 3755 1697 3824 contignatio
1731 3755 1857 3823 jam“
1902 3756 2071 3824 putris
2114 3757 2166 3809 in

582 3854 743 3913 caput
775 3854 919 3898 tuum
949 3845 1103 3898 cadat
1125 3845 1268 3915 (nam
1292 3844 1428 3900 forte
1455 3847 1630 3910 cadet,
1659 3845 1794 3901 forte
1818 3861 1921 3900 non
1948 3846 2162 3918 cadet);

584 3936 665 3989 sin
696 3950 801 3989 non
829 3935 1021 4005 placet,
1046 3950 1291 4004 operare,
1316 3946 1370 3991 et
1398 3938 1446 3990 in
1468 3938 1661 3991 tutiore
1684 3936 1861 3990 habita
1889 3937 2122 3991 thalamo
2148 3956 2160 3990 :

581 4036 756 4080 utrum
787 4029 960 4097 potius
988 4028 1213 4095 eligeres
1234 4071 1249 4094 ,
1282 4029 1520 4084 otiumue
1548 4029 1676 4084 illud
1710 4030 1901 4084 timore
1926 4030 2161 4100 plenum,

576 4134 645 4172 an
688 4120 923 4174 laborem
953 4136 1047 4190 spe
1078 4119 1309 4175 fultum?
1334 4121 1407 4175 Ita
1435 4129 1490 4176 et
1541 4136 1681 4177 nunc
1711 4121 1889 4177 facito.
1922 4122 2052 4176 Nam
2086 4120 2166 4175 in-

579 4222 785 4263 certum
832 4210 961 4264 illud
1010 4210 1241 4264 futurum
1267 4252 1282 4274 ,
1322 4221 1405 4265 est
1432 4213 1582 4281 quasi
1628 4212 1819 4266 domus
1860 4212 1911 4265 in
1954 4214 2163 4266 ruinam

584 4316 811 4372 vergens
840 4320 853 4365 ;
886 4302 973 4356 illa
1007 4317 1137 4357 vero
1166 4303 1407 4372 operatio
1425 4344 1441 4371 ,
1470 4304 1570 4358 etsi
1599 4303 1887 4369 laboriosa,
1909 4304 2166 4359 securita-

584 4401 687 4446 tem
718 4391 965 4461 spondet.

654 4484 706 4537 7.
748 4484 911 4538 Absit
951 4499 1078 4554 ergo
1117 4493 1174 4539 ut
1208 4484 1261 4541 in
1304 4493 1503 4541 tantam
1546 4483 1917 4541 necessitatem
1963 4484 2166 4539 incida-

581 4589 734 4639 mus,
767 4585 823 4629 ut
860 4586 980 4645 post
1027 4577 1297 4631 lavacrum
1329 4592 1629 4646 peccemus.
1674 4578 1923 4631 Attamen
1964 4577 2009 4631 si
2034 4576 2161 4646 quid

582 4666 758 4721 simile
786 4666 990 4721 accidat
1014 4708 1029 4733 ,
1066 4682 1134 4722 ne
1162 4667 1239 4721 sic
1265 4668 1482 4737 quidem
1511 4667 1882 4736 desperemus.
1914 4664 2164 4721 Clemens

582 4758 727 4813 enim
756 4767 838 4813 est
883 4760 1153 4823 Dominus,
1187 4762 1483 4827 multasque
1516 4760 1682 4830 nobis
1708 4760 1853 4815 dedit
1892 4760 2162 4816 remissio-

587 4853 671 4906 nis
711 4859 891 4921 postea
934 4851 1279 4920 impetrandae
1319 4853 1452 4906 vias.
1485 4852 1751 4907 Caeterum
1793 4852 1931 4907 sicut
1974 4852 2046 4919 ii,
2074 4852 2163 4921 qui

585 4954 707 5014 post
735 4945 1006 4998 lavncrum
1032 4953 1273 5014 peccant,
1303 4947 1515 5014 gravius
1538 4946 1856 5013 puniuntur,
1892 4960 2049 5015 quam
2075 4960 2160 4998 ca-

586 5031 890 5089 tecbumeni
926 5051 938 5087 :
970 5035 1044 5087 sic
1072 5036 1158 5104 qui
1192 5034 1367 5089 sciunt
1394 5035 1723 5105 paenitentia:
1756 5048 1875 5088 esse
1903 5034 2161 5100 remedia,

590 5139 685 5178 nec
724 5125 793 5177 iis
825 5124 898 5177 uti
950 5126 1151 5191 volunt,
1185 5125 1430 5195 graviora
1476 5126 1756 5182 patientur.
1787 5124 1997 5191 Quanto
2022 5124 2164 5178 enim

590 5215 763 5287 major.
786 5225 867 5269 est
899 5215 988 5268 Dei
1016 5216 1291 5271 clementia
1315 5259 1329 5281 ,
1352 5224 1499 5271 tanto
1527 5232 1693 5285 magis
1723 5216 2038 5284 supplicium
2070 5231 2164 5270 au-

588 5318 741 5374 getur
764 5352 777 5374 ,
810 5310 851 5362 si
886 5324 987 5363 non
1033 5310 1118 5363 illa
1148 5321 1205 5363 ut
1244 5320 1452 5379 oportet
1483 5320 1714 5364 utamur.
1753 5310 1890 5375 Quid
1926 5310 2058 5364 dicis
2084 5351 2098 5376 ,
2131 5324 2164 5363 ο

590 5399 793 5453 homo?
831 5398 1012 5453 Tantis
1053 5401 1242 5469 plenus
1280 5401 1429 5455 malis
1466 5417 1527 5455 ac
1568 5402 1871 5468 deploratus
1902 5443 1916 5466 ,
1960 5402 2164 5455 amicus

589 5499 808 5558 repente
841 5490 1006 5544 factus
1034 5506 1109 5553 es,
1137 5500 1191 5546 et
1218 5491 1282 5545 ad
1306 5493 1518 5546 culmen
1549 5494 1765 5546 honoris
1790 5503 2026 5557 evectus,
2058 5507 2163 5545 non

590 5596 652 5635 ex
680 5581 907 5650 propriis
944 5582 1239 5645 laboribus,
1272 5583 1365 5637 sed
1398 5598 1463 5637 ex
1492 5584 1631 5636 dono
1656 5584 1778 5647 Dei,
1804 5594 1855 5637 et
1886 5598 2069 5636 rursus
2096 5598 2163 5636 ao

593 5675 867 5743 pristinam
924 5690 1170 5729 reversus
1220 5692 1277 5730 es
1328 5675 1706 5745 turpitudinem
1738 5718 1750 5737 ,
1788 5676 1991 5729 etiamsi
2038 5674 2164 5729 hinc

591 5765 825 5836 graviter
850 5766 1167 5821 cruciandus
1201 5766 1310 5820 sis:
1354 5766 1440 5821 ille
1470 5780 1599 5821 vero
1654 5781 1824 5835 neque
1880 5767 1953 5820 sic
2006 5780 2163 5819 aver-

2291 468 2385 511 sus
2431 465 2554 521 est;
2582 454 2676 512 sed
2733 457 2879 512 mille
2928 459 3118 514 salutis
3161 471 3321 513 ansas
3370 457 3512 514 Deus
3550 459 3703 517 dedit
3730 500 3745 523 ,
3780 474 3878 530 per

2289 558 2424 615 quas
2475 548 2679 602 amicus
2727 548 2978 603 efliclaris
3024 566 3041 604 :
3094 557 3150 604 tu
3199 565 3329 604 vero
3389 564 3460 605 ne
3519 551 3599 605 sic
3657 550 3875 620 quidem

2290 636 2369 691 vis
2410 636 2647 693 laborem
2699 642 2994 710 suscipere.
3055 641 3127 698 Et
3174 655 3277 713 qua
3331 642 3542 697 tandem
3589 643 3743 698 venia
3792 642 3875 699 di-

2288 745 2424 800 gnus
2467 729 2618 785 eris?
2662 732 2931 799 quomodo
2957 748 3064 789 non
3091 742 3143 788 te
3157 734 3279 802 jure
3301 734 3532 804 gentiles
3568 733 3873 801 derideant,

2287 826 2387 878 ceu
2418 823 2595 877 fucum
2638 824 2940 894 quempiam
2983 833 3184 880 temere
3215 827 3516 896 frustraque
3554 824 3821 881 viventem
3852 826 3875 879 f

2286 912 2421 968 Nam
2451 915 2496 968 si
2519 913 2693 980 valet,
2715 914 2981 986 inquiunt,
3010 914 3347 984 philos0pbia
3374 924 3554 970 vestra
3574 956 3590 981 ,
3618 915 3745 986 quid
3771 914 3874 971 sibi

2286 1004 2401 1060 'vult
2430 1004 2515 1060 Illa
2534 1017 2637 1061 non
2663 1006 2987 1061 initiatorum
3010 1006 3332 1062 multitudo?
3357 1005 3619 1062 Przeclara
3633 1015 3781 1062 certe
3800 1013 3876 1062 at-

2286 1112 2392 1167 que
2414 1098 2709 1167 espetenda
2728 1100 2998 1171 mysteria.
3026 1099 3132 1155 Sed
3161 1098 3339 1154 nullus
3353 1107 3654 1171 exspectet,
3674 1107 3733 1154 ut
3749 1099 3874 1153 ani-

2286 1202 2426 1243 mam
2466 1204 2632 1259 agens
2668 1190 2939 1247 lavacrum
2969 1192 3213 1262 accipiat.
3257 1192 3373 1247 Non
3409 1193 3554 1248 enim
3587 1194 3873 1264 mysterio-

2284 1288 2403 1333 rum
2429 1286 2638 1348 tempus
2668 1280 2797 1336 illud
2824 1291 2927 1348 est,
2956 1284 3050 1337 sed
3074 1292 3513 1337 testamentorum
3540 1300 3555 1337 :
3586 1284 3876 1353 mysterio-

2283 1383 2402 1422 rum
2445 1377 2626 1425 autem
2657 1379 2866 1441 tempus
2894 1380 2977 1427 est
3015 1373 3217 1428 sanitas
3255 1374 3511 1428 mentium
3544 1415 3559 1440 ,
3591 1382 3647 1429 et
3672 1374 3871 1429 anima:

2285 1460 2657 1529 temperantia.
2695 1460 2787 1516 Dic
2815 1462 2959 1517 enim
2991 1462 3120 1517 milii
3155 1482 3169 1517 :
3202 1464 3245 1517 si
3279 1472 3595 1521 testamenta
3626 1479 3732 1519 non
3757 1466 3875 1519 vult

2284 1552 2405 1619 quis
2426 1552 2503 1605 sic
2530 1551 2755 1608 allectus
2778 1554 2957 1618 edere,
2991 1554 3085 1611 sed
3118 1564 3172 1610 et
3198 1556 3243 1609 si
3271 1556 3531 1623 ediderit,
3565 1572 3747 1611 ansam
3775 1558 3875 1612 dat

2284 1651 2468 1712 postea
2514 1644 2792 1715 litigandi;
2826 1646 3052 1717 ideoque
3089 1650 3177 1719 qui
3221 1658 3483 1704 testantur
3523 1650 3637 1706 base
3666 1650 3875 1706 addunt

2284 1736 2483 1791 verba:
2518 1737 2631 1808 Ego
2670 1740 2855 1795 vivens
2875 1781 2891 1806 ,
2935 1750 2990 1796 et
3024 1752 3203 1797 mente
3230 1744 3414 1798 valens
3442 1759 3558 1798 mea
3590 1744 3819 1814 dispono
3852 1762 3868 1799 :

2283 1827 2554 1895 quomodo
2580 1829 2644 1894 is,
2670 1830 2758 1899 qui
2785 1831 2865 1885 sui
2889 1846 3109 1901 compos
3136 1847 3239 1887 non
3266 1842 3370 1900 est,
3396 1836 3590 1903 poterit
3618 1846 3873 1891 accurate

2283 1923 2553 1992 mysteriis
2574 1922 2813 1978 initiari?
2843 1924 2899 1979 Si
2927 1926 3071 1979 enim
3102 1925 3171 1980 de
3199 1927 3543 1981 saecularibus
3572 1926 3730 1982 rebus
3759 1943 3869 1982 non

2280 2013 2465 2069 sihnnt
2485 2024 2722 2071 externae
2746 2016 2893 2085 leges
2921 2018 3102 2072 testari
3125 2030 3248 2071 eum
3274 2058 3288 2081 ,
3314 2018 3401 2087 qui
3433 2019 3652 2073 omnino
3683 2026 3873 2075 mente

2283 2120 2391 2160 non
2414 2107 2588 2162 Valeat
2610 2147 2626 2173 ,
2662 2121 2785 2163 cum
2813 2116 2995 2175 tamen
3017 2108 3085 2163 de
3108 2107 3222 2164 suis
3246 2106 3593 2164 facultatibus
3620 2110 3872 2179 praescri-

2283 2199 2470 2267 pthrus
2499 2197 2568 2251 sit
2596 2215 2611 2250 :
2642 2198 2915 2268 quomodo
2942 2198 3011 2253 de
3037 2214 3204 2269 regno
3224 2199 3478 2254 caelorum
3508 2199 3682 2270 deque
3707 2216 3869 2257 arca-

2284 2288 2366 2343 nis
2392 2288 2498 2344 illis
2527 2289 2681 2345 bonis
2712 2290 2986 2345 institutus
3011 2291 3212 2359 poteris
3238 2292 3383 2347 clare
3410 2292 3587 2347 Omnia
3624 2293 3869 2362 discere,

2280 2394 2401 2434 cum
2426 2395 2571 2449 saepe
2598 2380 2668 2435 ob
2693 2382 2938 2435 morbum
2966 2391 3142 2437 mente
3166 2392 3355 2452 captus
3375 2384 3450 2439 sis
3469 2385 3495 2438 ἲ
3521 2384 3869 2454 quandonatn

2278 2470 2440 2525 verba
2468 2470 2557 2524 illa
2588 2469 2801 2527 Christo
2830 2471 2977 2528 dices
3003 2514 3020 2538 ,
3050 2474 3409 2543 Consepultus
3438 2490 3561 2530 cum
3587 2476 3713 2540 illo,
3741 2491 3870 2532 cum

2276 2560 2385 2628 jam
2412 2562 2735 2630 migraturus
2759 2562 2873 2615 sis?
2898 2562 3029 2617 Nam
3050 2573 3106 2619 et
3133 2566 3387 2633 operibus
3416 2576 3470 2620 et
3494 2566 3674 2621 verbis
3703 2567 3873 2623 bene—

2279 2652 2511 2706 volentia
2543 2652 2614 2706 illi
2646 2653 2947 2709 exhibenda
2974 2663 3076 2709 est.
3108 2655 3186 2710 Τιι
3217 2668 3344 2712 vero
3372 2658 3593 2727 perinde
3623 2659 3773 2725 facis,
3802 2676 3873 2717 ac

2279 2743 2322 2795 si
2349 2742 2467 2811 quis
2491 2745 2725 2811 postulet
2753 2745 2981 2801 adscribi
3010 2747 3212 2801 militia:
3232 2788 3247 2812 ,
3274 2763 3394 2803 cum
3416 2749 3528 2819 jam
3558 2750 3751 2804 bellum
3781 2760 3873 2806 est

2279 2835 2587 2888 solvendum
2622 2856 2634 2900 ;
2677 2846 2770 2890 aut
2818 2838 2863 2892 si
2906 2836 3103 2894 athleta
3146 2847 3254 2895 tum
3294 2850 3472 2897 vestes
3510 2852 3714 2911 exuat,
3741 2859 3871 2899 cum

2277 2934 2609 2994 spectatores
2652 2938 2894 2998 surgunt.
2927 2928 3060 2984 Nam
3089 2931 3208 2986 ideo
3247 2947 3395 2985 arma
3422 2935 3592 2988 sumis
3614 2976 3628 3000 ,
3660 2950 3763 2989 non
3805 2945 3874 2991 ut

2278 3017 2520 3083 protinus
2540 3017 2779 3088 aufugias
2804 3036 2817 3084 ;
2847 3022 2940 3075 sed
2970 3032 3027 3075 ut
3053 3023 3159 3076 illis
3200 3023 3488 3079 instructus
3510 3067 3525 3091 ,
3551 3035 3733 3081 contra
3764 3029 3870 3080 ho-

2276 3116 2413 3162 stem
2464 3117 2721 3180 tropaaum
2768 3113 2964 3183 erigas.
3015 3114 3182 3169 Nemo
3232 3125 3375 3183 putet
3428 3116 3868 3186 intempestivum

2277 3199 2420 3256 hunc
2468 3217 2770 3258 sermonem
2816 3220 2978 3272 esse,
3026 3207 3148 3277 quia
3200 3220 3304 3261 non
3350 3209 3403 3262 in
3445 3209 3869 3281 Quadragesima

2277 3309 2420 3350 nunc
2447 3311 2631 3350 sumus
2660 3298 2757 3367 (α).
2795 3296 2917 3352 ldco
2962 3314 3191 3369 namque
3231 3300 3530 3355 discrucior
3555 3342 3570 3365 ,
3621 3302 3760 3369 quod
3809 3303 3867 3357 in

2276 3388 2470 3442 talibus
2519 3390 2677 3445 rebus
2721 3399 2931 3461 tempus
2973 3392 3288 3447 observetis.
3335 3392 3543 3447 Etenim
3585 3393 3868 3448 eunuchus

2275 3479 2365 3533 ille
2390 3490 2443 3533 et
2472 3479 2730 3536 barbarus
2758 3483 2859 3536 iter
2888 3498 3052 3552 agens
3081 3524 3095 3547 ,
3130 3483 3300 3537 media
3334 3484 3385 3537 in
3414 3485 3497 3537 via
3523 3500 3643 3538 cum
3677 3495 3863 3549 esset,

2276 3582 2484 3641 tempus
2522 3589 2627 3627 non
2657 3575 2943 3643 exquisivit
2972 3575 3107 3643 (Act.
3140 3575 3193 3629 8.
3223 3574 3314 3646 27)
3348 3592 3363 3628 :
3398 3589 3497 3630 nec
3526 3585 3707 3629 custos
3737 3592 3866 3629 car-

2272 3667 2409 3720 ceris
2440 3665 2549 3729 ille,
2582 3668 2719 3721 inter
2746 3668 2951 3722 vinctos
2976 3709 2990 3733 ,
3022 3683 3142 3722 cum
3184 3668 3501 3737 magistrum
3529 3670 3732 3723 videret
3762 3670 3866 3724 ila-

2271 3757 2423 3826 gellis
2448 3772 2646 3812 caesum
2679 3767 2733 3813 et
2769 3760 3002 3813 vinctum
3028 3802 3043 3827 ,
3073 3770 3127 3813 et
3177 3760 3229 3813 in
3275 3774 3492 3815 carcere
3545 3775 3866 3817 mansurum

2276 3849 2294 3919 (
2326 3847 2412 3902 Id.
2447 3848 2533 3904 l6.
2564 3849 2634 3904 29
2664 3848 2705 3920 ).
2734 3849 2831 3904 Hic
2859 3860 3035 3904 autem
3069 3850 3340 3920 plerique,
3372 3866 3480 3905 non
3511 3851 3563 3905 in
3595 3867 3816 3907 carcere
3843 3895 3859 3918 ,

2271 3956 2377 3995 non
2404 3941 2457 3994 in
2485 3941 2570 3995 via
2608 3942 2905 4009 constituti,
2934 3941 3225 4007 differunt,
3271 3943 3428 4012 idque
3458 3942 3525 3998 ad
3555 3953 3864 4001 extremum

2269 4047 2437 4101 usque
2473 4033 2594 4086 vitae
2626 4033 2867 4087 halitum.

2341 4125 2394 4179 8.
2435 4124 2699 4195 Baptisma
2759 4141 2861 4180 non
2912 4124 3535 4195 diﬂ'erendum.——Quod
3590 4127 3634 4181 sl
3682 4128 3866 4185 adhuc

2269 4216 2494 4285 ambigis
2520 4232 2643 4269 num
2674 4216 2921 4271 Christus
2944 4219 3015 4271 sit
3040 4218 3199 4281 Deus,
3234 4218 3363 4272 foris
3408 4228 3568 4285 stato,
3601 4236 3699 4275 nec
3723 4222 3863 4276 divi-

2270 4321 2337 4359 na
2385 4306 2545 4361 verba
2596 4306 2803 4372 audias,
2848 4323 3021 4377 neque
3072 4309 3212 4362 inter
3239 4309 3651 4364 catechumenos
3679 4319 3731 4365 te
3759 4326 3865 4366 an-

2271 4410 2523 4451 numeres
2553 4412 2567 4451 :
2594 4397 2674 4451 sin
2700 4396 2926 4452 conlidis
2946 4439 2961 4464 ,
2991 4406 3046 4453 et
3072 4397 3171 4452 hoc
3203 4400 3369 4468 probe
3394 4400 3695 4469 cognoscis,
3728 4402 3863 4471 quid

2268 4491 2574 4546 cunctaris?
2603 4500 2696 4545 cur
2726 4488 2926 4561 refugis
2955 4498 3008 4545 et
3036 4492 3215 4561 segnis
3237 4493 3341 4546 es?
3372 4490 3593 4554 Vereor,
3627 4494 3861 4563 inquies,

2271 4600 2338 4637 ne
2366 4597 2605 4652 peccem.
2636 4580 2788 4649 Quod
2831 4595 2961 4637 vero
2990 4582 3226 4637 deterius
3254 4592 3338 4637 est
3364 4599 3469 4637 non
3499 4586 3702 4639 vereris
3734 4625 3749 4649 ,
3792 4602 3867 4642 ne

2271 4692 2391 4730 cum
2420 4676 2577 4730 tantis
2619 4675 2845 4729 sarcinis
2891 4676 2981 4729 illo
3014 4676 3218 4729 abeas?
3247 4675 3361 4730 Non
3394 4678 3536 4732 enim
3577 4693 3675 4749 par
3702 4680 3865 4749 culpa

2271 4776 2353 4821 est
2378 4767 2705 4837 propositam
2731 4766 2955 4836 gratiam
2983 4781 3089 4821 non
3115 4768 3328 4835 assequi
3355 4809 3370 4833 ,
3407 4779 3461 4823 et
3488 4785 3599 4823 rem
3636 4786 3865 4841 aggres-

2272 4874 2413 4923 sum,
2445 4857 2637 4913 frustra
2670 4868 2921 4912 conatum
2944 4872 3083 4913 esse.
3120 4857 3212 4912 Dic
3238 4858 3396 4921 mihi,
3423 4860 3469 4913 si
3497 4860 3865 4929 redarguaris,

2270 4968 2365 5007 cur
2395 4968 2498 5006 non
2542 4953 2835 5007 accesseris
2860 4994 2874 5016 ,
2900 4967 2996 5005 cur
3026 4966 3130 5005 non
3178 4962 3324 5006 recte
3374 4968 3485 5005 rem
3529 4954 3818 5021 perfeceris
3846 4996 3863 5019 ,

2272 5044 2395 5113 quid
2436 5043 2635 5097 dices?
2682 5042 2795 5096 lllic
2842 5042 2987 5096 enim
3046 5039 3184 5094 forte
3238 5042 3461 5112 illegare
3509 5057 3692 5111 posses
3720 5056 3862 5098 onus

2272 5146 2661 5205 praeceptorum
2689 5136 2705 5166 ⁸
2730 5144 2783 5189 et
2807 5135 3051 5199 virtutis;
3078 5133 3162 5187 hic
3189 5149 3315 5187 vero
3344 5134 3470 5187 nihil
3500 5135 3691 5188 simile.
3724 5134 3862 5189 Gra-

2277 5231 2344 5283 tia
2371 5232 2510 5283 enim
2553 5238 2635 5283 est
2678 5230 2839 5297 gratis
2874 5226 3006 5280 dans
3054 5227 3373 5279 libertatem.
3428 5225 3624 5279 Verum
3658 5227 3818 5280 times
3843 5266 3865 5294 ,

2273 5339 2341 5379 ne
2369 5322 2599 5391 pecces?
2631 5321 2741 5377 Hoc
2774 5332 2889 5389 post
2930 5318 3187 5389 baptisma
3216 5317 3400 5372 dicito.
3432 5317 3581 5372 Tunc
3608 5318 3731 5372 time
3752 5360 3766 5381 ,
3804 5330 3867 5373 ut

2275 5432 2454 5471 serves
2501 5415 2802 5469 libertatem
2829 5456 2843 5478 ,
2886 5424 3057 5481 quant'
3088 5410 3377 5480 accepisti;
3421 5425 3525 5463 non
3554 5420 3609 5463 ut
3649 5418 3862 5465 tantum

2275 5510 2469 5562 donum
2500 5507 2665 5577 gratis
2710 5520 2816 5559 non
2860 5504 3109 5575 accipias.
3138 5502 3287 5555 Nunc
3316 5511 3495 5555 autem
3524 5511 3649 5557 ante
3678 5500 3862 5571 bapti-

2338 5648 2353 5678 ί
2390 5647 2527 5695 Alius
2550 5645 2690 5707 legit,
2717 5646 2990 5707 affectuum,
3014 5648 3511 5707 pro,_prtrcep_torum.

2337 5710 2406 5770 (τι)
2444 5710 2496 5757 ln
2518 5702 2889 5767 Quallrage'sima
2913 5702 3094 5770 quippe
3110 5704 3173 5752 de
3194 5716 3291 5755 non
3314 5702 3587 5756 ditferenslo
3610 5705 3864 5767 baptismo

2276 5774 2542 5821 ooncionari
2567 5770 2807 5822 solebant.
