4098 6324
194 370 260 427 ει
1181 366 1247 421 ΙΝ
1294 366 1474 421 ACTA
1514 362 1737 417 APOST

1848 360 2054 439 υιιυιι.
2088 360 2327 416 HOMIL.
2370 361 2412 414 I.
3388 363 3459 416 ει

190 481 294 544 ζων
322 479 529 534 τούτων
571 483 679 538 τῶν
714 484 1123 552 ἁμαρτημάτων
1159 484 1191 551 ἡ
1235 483 1394 551 δίκη,
1439 482 1670 534 ἄκουσον
1711 476 1764 529 τί

188 580 344 632 φησιν
388 565 417 615 6
450 563 685 626 Παῦλος·
729 563 1044 628 Ἄθετήσας
1080 582 1171 629 τις
1210 565 1400 632 νόμον
1446 560 1762 623 Μωῦσέως,

185 645 360 711 χωρίς
416 643 738 715 οἰκτιρμῶν
778 645 875 697 ἐπὶ
925 645 1111 698 δυσίν
1163 646 1200 713 ἢ
1263 646 1421 713 τρισὶ
1459 644 1764 714 μάρτυσιν

183 728 577 796 ἀποθνήσκεν
608 730 780 794 πόσῳ
810 728 1039 781 δοκεῖτε
1059 729 1337 804 χείρονος
1367 727 1763 793 ἀξιωθήσεται

184 811 456 876 τιμωρίας
502 814 536 863 ό
595 809 704 862 τὸν
757 808 894 862 Υιὸν
941 810 1049 864 τοῦ
1102 811 1251 864 Θεοῦ
1308 809 1759 873 καταπατήσας,

181 891 277 944 καί
308 892 378 945 τὸ
410 888 557 959 αἷμα
592 892 704 959 τῆς
752 892 1051 959 Διαθήκης
1102 892 1311 945 κοινὸν
1356 890 1760 960 ἡγησάμενος,

182 973 279 1025 καὶ
304 973 375 1026 τὸ
404 973 645 1043 πνεῦμα
683 974 794 1040 τῆς
835 975 1081 1043 χάριτος
1117 976 1478 1041 ἐνυϐρίσας;

245 1054 402 1123 Τάχα
432 1057 663 1119 πολλοὺς
701 1056 1093 1126 ἀπετρέψαμεν
1118 1054 1215 1108 νῦν
1244 1055 1429 1109 λαϐεῖν
1470 1059 1534 1108 τὸ
1568 1055 1760 1114 βάπτι-

179 1154 309 1207 σμα.
354 1140 494 1192 Ἀλλ’
514 1141 577 1191 οὐ
592 1140 681 1193 διά
700 1140 858 1192 τοῦτο
878 1138 1051 1191 ταῦτα
1079 1140 1403 1209 είρήκαμεν,
1422 1139 1539 1191 ἀλλ’
1559 1139 1646 1190 ἵνα
1665 1138 1759 1191 λα-

174 1220 363 1283 ϐόντες
395 1221 652 1290 μείνωσιν
671 1224 730 1274 ἐν
762 1221 1086 1293 σωφροσύνῃ
1114 1222 1209 1275 καὶ
1256 1224 1527 1291 ἐπιεικείᾳ
1564 1222 1755 1293 πολλῇ.

185 1300 349 1354 Ἀλλά
369 1302 603 1366 δέδοικα,
632 1304 817 1374 φησίν.
865 1305 931 1357 ΕΙ
982 1304 1294 1369 ἐδεδοίκεις,
1329 1304 1523 1367 ἔλαϐες
1570 1305 1638 1358 ἂν
1668 1307 1759 1359 καὶ

172 1383 466 1451 ἐφύλαξας.
512 1385 674 1438 Ἀλλὰ
706 1386 775 1439 δι’
804 1386 937 1441 αὐτὸ
963 1387 1062 1456 μὲν
1089 1384 1184 1441 οὖν
1210 1388 1371 1440 τοῦτο
1391 1390 1451 1441 οὐ
1474 1387 1755 1458 λαμϐάνω,

172 1464 325 1533 φησὶ,
354 1466 444 1519 διά
475 1467 537 1519 τὸ
560 1468 863 1535 φοϐεῖσθαι.
901 1468 976 1522 T6
1000 1468 1057 1522 δέ
1082 1468 1256 1532 οὕτως
1287 1469 1545 1523 ἀπελθεῖν
1581 1470 1642 1521 οὐ
1672 1469 1756 1521 δέ-

168 1545 388 1612 δοικας;
440 1549 829 1621 Φιλάνθρωπός
879 1552 1019 1613 ἐστι,
1064 1554 1249 1621 φησιν,
1284 1554 1313 1603 6
1361 1551 1515 1614 Θεός.
1546 1549 1757 1604 Οὐκοῦν

167 1626 298 1680 λάϐε
322 1631 387 1683 τὸ
418 1630 706 1702 βάπτισμα
729 1652 745 1665 ο
774 1635 1162 1703 φιλάνθρωπος
1194 1635 1303 1703 γάρ
1336 1636 1453 1686 ἐστι
1484 1634 1579 1686 καὶ
1614 1633 1756 1703 βοη-

166 1708 269 1764 θεῖ.
295 1711 370 1765 Σὺ
403 1714 483 1776 δὲ,
512 1714 640 1767 ἔνθα
672 1716 772 1784 μὲν
792 1715 859 1768 ἂν
880 1715 976 1786 δέῃ
1007 1714 1324 1779 σπουδάσαι,
1369 1716 1432 1767 οὐ
1473 1716 1755 1787 προϐάλλῃ

162 1793 261 1863 τήν
287 1794 700 1867 φιλανθρωπίαν
734 1798 974 1867 ταύτην·
1008 1797 1139 1851 ἔνθα
1173 1798 1219 1849 δ’
1248 1799 1315 1851 ἀν
1349 1797 1512 1869 θέλῃς
1550 1798 1755 1852 ἀναϐα-

161 1876 375 1941 λέσθαι,
400 1881 522 1931 τότε
555 1881 725 1950 αὐτῆς
756 1881 1063 1953 μέμνησαι·
1105 1881 1279 1935 καίτοι
1314 1883 1434 1935 τότε
1461 1883 1653 1953 καιρὸν
1686 1883 1753 1937 ἀν

160 1956 273 2025 ἔχοι
299 1961 336 2028 ἠ
368 1961 752 2033 φιλανθρωπία
781 1962 944 2033 αὕτη,
972 1964 1068 2017 καὶ
1108 1963 1311 2034 μᾶλλον
1343 1965 1516 2034 αὐτῆς
1540 1968 1754 2019 ἐπιτευ-

158 2040 385 2109 ξόμεθα,
414 2044 543 2096 ὅταν
575 2044 669 2097 καὶ
708 2044 777 2098 τά
812 2045 945 2116 παρ’
976 2034 1187 2100 ἐαυτῶν
1227 2046 1648 2117 είσενέγκωμεν.
1694 2050 1751 2100 Ὀ

159 2126 259 2192 μὲν
284 2126 400 2197 γάρ
430 2128 491 2180 τὸ
517 2130 628 2181 πᾶν
657 2129 752 2181 ἐπὶ
774 2129 867 2181 τὸν
889 2129 1022 2182 Θεὸν
1053 2130 1239 2199 ῥίψας,
1263 2131 1359 2183 καὶ
1400 2131 1540 2196 μετά
1566 2130 1625 2179 τὸ
1652 2129 1749 2196 βά-

157 2226 372 2277 πτισμα
407 2211 745 2281 ἁμαρτάνων
782 2207 872 2263 οἵα
899 2211 1047 2272 εἰκὸς
1079 2212 1368 2281 ἄνθρωπον
1400 2211 1551 2274 ὄντα,
1591 2228 1747 2279 μετα-

153 2289 289 2342 νοῶν
322 2290 575 2353 τεύξεται
609 2291 1054 2361 φιλανθρωπίας”
1085 2295 1113 2345 6
1133 2293 1190 2345 δέ
1232 2292 1419 2363 ὥσπερ
1460 2293 1749 2363 σοφιζόμε-

150 2389 238 2435 νος
267 2372 365 2424 τοῦ
401 2372 537 2425 Θεοῦ
585 2374 685 2443 τὴν
736 2374 1171 2444 φιλανθρωπίαν,
1227 2375 1481 2428 ἀπελθὼν
1519 2377 1747 2447 ἄμοιρος

146 2452 249 2521 τῆς
270 2454 522 2524 χάριτος,
572 2454 948 2527 ἀπαραίτητον
976 2456 1089 2521 ἕξει
1120 2457 1219 2527 τὴν
1266 2458 1559 2527 τιμωρίαν,
1597 2461 1660 2511 Τί
1689 2460 1746 2512 δὲ

147 2535 377 2591 τοιαῦτα
395 2538 540 2592 κατά
556 2534 657 2607 τῆς
677 2540 909 2595 σεαυτοῦ
938 2542 1212 2612 σωτηρίας
1239 2541 1518 2614 προϐάλλῃ
1538 2560 1552 2606 ;
1569 2543 1741 2612 Ἀμή-

146 2636 309 2687 χανον
338 2621 472 2691 γάρ,
495 2624 795 2691 ἀμήχανον,
826 2623 901 2686 ὡς
936 2625 1114 2691 ἔγωγε
1140 2620 1317 2693 οἶμαι,
1346 2626 1438 2678 τὸν
1465 2625 1745 2688 τοιαύταις

146 2701 365 2753 ἐλπίσιν
395 2703 835 2774 ἀναϐαλλόμενον
887 2707 1227 2776 ἐργάσασθαί
1276 2724 1329 2758 τι
1363 2708 1605 2773 γενναῖον
1648 2708 1743 2760 καὶ

144 2782 377 2849 ἀγαθόν.
412 2786 485 2837 Σὺ
512 2785 570 2839 δέ
595 2786 711 2839 ἀνθέ
741 2789 867 2841 ὅτου
892 2790 1144 2843 τοσοῦτον
1172 2789 1336 2859 φόϐον
1365 2790 1624 2861 ἀναδέχῃ,
1647 2790 1743 2844 καὶ

144 2864 204 2946 τὺ
228 2865 430 2936 ἄδηλον
461 2868 558 2921 τοῦ
594 2868 886 2939 μέλλοντος
918 2872 1198 2944 προϐάλλῃ
1226 2891 1241 2937 ;
1273 2873 1416 2926 διατί
1470 2875 1544 2946 μὴ
1572 2892 1741 2944 μετα-

143 2945 368 3011 ϐάλλεις
394 2948 489 3002 τὸν
516 2951 680 3019 φόϐον
706 2952 899 3006 τοῦτον
930 2955 1200 3017 εἰς’πόνον
1230 2957 1324 3009 καὶ
1367 2945 1603 3027 σπουδὴν
1628 2998 1641 3020 ,
1674 2958 1741 3009 ἵν’

142 3030 242 3103 ἔσῃ
272 3030 457 3100 μέγας
486 3034 581 3087 καὶ
610 3036 926 3106 θαυμαστός
950 3054 964 3102 ;
992 3038 1045 3089 τί
1075 3037 1306 3107 βέλτιον,
1339 3038 1652 3105 φοϐεῖσθαι,
1704 3042 1739 3108 ἢ

141 3118 365 3179 πονεῖνς
392 3117 466 3170 Et
484 3118 569 3180 τίς
592 3136 652 3172 σε
684 3120 942 3173 ἐκάθισεν
965 3122 1023 3172 ἐν
1051 3119 1185 3190 οἴκῳ
1212 3122 1547 3189 πεπονηκότι
1580 3134 1605 3161 ⁸
1642 3123 1742 3193 ἀρ-

140 3199 369 3264 γοῦντα,
404 3202 596 3265 εἰπὼν,
628 3204 709 3255 ὃτι
740 3202 1024 3273 Προσδὸκα
1073 3205 1167 3256 ἐπὶ
1208 3204 1306 3274 τὴν
1362 3204 1461 3274 σὴν
1497 3204 1739 3277 κεφαλὴν

138 3282 433 3335 πεσεῖσθαι
470 3283 568 3354 τὴν
611 3285 815 3356 ὀροφὴν
844 3286 1052 3357 σαθρὰν
1095 3281 1262 3339 οὖσαν
1294 3288 1456 3356 (ἴσως
1488 3289 1587 3358 μὲν
1622 3290 1729 3359 γάρ

136 3368 415 3433 πεσεῖται,
441 3366 641 3429 ἴσωςδὲ
660 3369 723 3421 οὐ
746 3372 994 3424 πεσεῖται
1016 3370 1085 3440 Ι⁵)⁶
1109 3372 1159 3423 εί
1179 3371 1235 3423 δὲ
1266 3370 1342 3441 μὴ
1362 3370 1517 3425 τοῦτο
1542 3372 1737 3436 θέλεις,

135 3448 405 3516 ἐργάζου,
435 3450 531 3504 καλ⁵
562 3451 653 3503 τὸν
683 3452 1092 3524 ἀσφαλέστερον
1116 3454 1255 3507 οἴκει
1282 3454 1525 3525 θάλαμον
1548 3472 1561 3483 ·
1586 3456 1642 3509 τί
1672 3457 1737 3510 ἂν

132 3531 280 3584 εἰλαυ
307 3532 530 3601 μᾶλλον,
555 3533 656 3604 τὴν
684 3535 886 3607 ἀργίαν
908 3534 1026 3607 [12]
1045 3537 1262 3606 ἐκείνην
1282 3536 1423 3606 μετὰ
1434 3538 1528 3591 τοῦ
1544 3538 1734 3607 φόϐου,

134 3613 167 3683 ἢ
188 3614 292 3684 τὴν
310 3614 580 3685 ἐργασίαν
604 3617 813 3689 ταύτην
833 3617 974 3688 μετὰ
983 3618 1079 3671 τοῦ
1096 3620 1348 3691 θαρῤεῖν;
1368 3620 1576 3675 Οὐκοῦν
1595 3622 1738 3675 οὕτω

133 3699 229 3749 καὶ
245 3697 349 3750 νῦν
369 3699 536 3771 ⁴ιφίει.
558 3699 633 3752 Τδ
662 3700 761 3770 μὲν
785 3700 897 3771 γὰρ
921 3701 1117 3772 ἄδηλον
1132 3703 1227 3755 τοῦ
1250 3704 1536 3773 μέλλοντος
1560 3705 1735 3758 καθά-

134 3796 244 3849 περ
278 3774 434 3840 οἶκός
465 3781 553 3844 τίς
581 3783 701 3834 ἐστι
728 3783 950 3854 σαθρὸς,
976 3785 1064 3837 ἀεὶ
1094 3785 1303 3838 πτῶσιν
1326 3788 1587 3841 ἀπειλῶν·
1623 3789 1657 3858 ἡ
1680 3788 1736 3841 δὲ

132 3863 373 3933 ἐργασία
398 3862 562 3933 αῦτη,
597 3866 632 3935 ἡ
661 3864 824 3919 πόνον
844 3867 1065 3936 ἔχουσα,
1088 3867 1151 3920 τὸ
1179 3868 1422 3936 ἀσφαλὲς
1443 3871 1729 3938 ἐγγυᾶται,

202 3945 269 4009 ζ’.
292 3946 390 4016 Μὴ
414 3947 629 4013 γένοιτο
662 3948 761 4018 μὲν
785 3944 879 4002 οὖν
909 3950 1059 4020 ἡμᾶς
1079 3950 1345 4020 ἐμπεσεῖν
1367 3952 1449 4014 είς
1486 3953 1733 4023 ἀνάγκην

131 4030 426 4099 τοσαύτην,
447 4029 591 4083 ὥστε
623 4030 963 4103 ἁμαρτάνειν
982 4032 1123 4102 μετά
1149 4032 1212 4086 τὸ
1232 4032 1458 4099 λουτρόν
1477 4051 1491 4064 ⁸
1525 4034 1663 4105 πλὴν
1683 4037 1733 4089 εί

135 4112 225 4163 καὶ
246 4112 464 4179 γένοιτό
490 4130 545 4165 τι
573 4113 837 4177 τοιοῦτον,
882 4114 1021 4184 μηδέ
1046 4114 1222 4178 οὕτως
1241 4116 1588 4187 ἀπογνῶμεν.
1608 4119 1733 4170 Φιλ-

136 4193 423 4263 ἀνθρωπός
474 4195 626 4248 ἐστιν
674 4199 704 4249 6
730 4197 884 4259 Θεὸς,
918 4198 1015 4250 καὶ
1062 4198 1263 4259 πολλὰς
1316 4201 1448 4268 ἡμῖν
1498 4200 1731 4252 δέδωκεν

134 4276 284 4337 ὁδοὺς
314 4277 567 4345 ἀφέσεως
598 4278 691 4331 καὶ
722 4278 863 4348 μετά
884 4279 1077 4333 ταῦτα.
1112 4279 1259 4349 Πλὴν
1287 4280 1476 4351 ῶσπερ
1504 4283 1555 4334 οί
1593 4284 1731 4353 μετά

135 4357 194 4409 τὺ
232 4358 461 4430 λουτρὸν
504 4361 933 4430 ἁμαρτάνοντες,
989 4361 1101 4415 τῶν
1130 4364 1552 4433 κατηχουμένων
1588 4367 1732 4419 κατά

136 4440 290 4495 τοῦτο
319 4441 522 4513 μᾶλλον
548 4444 890 4508 κολάζονται,
910 4444 1085 4509 οὕτως
1121 4447 1172 4499 οἱ
1201 4447 1426 4513 εἰδότες,
1462 4450 1544 4502 ὅτι
1566 4468 1730 4521 μετα-

139 4525 279 4589 νοίας
305 4525 427 4579 ἐστὶ
462 4526 755 4597 φάρμακα,
784 4531 877 4581 καὶ
909 4530 983 4599 μὴ
1025 4529 1271 4594 θέλοντες
1304 4532 1488 4595 afuat;
1528 4535 1730 4605 κεχρῆ-

141 4606 276 4669 σθαι,
315 4608 681 4677 χαλεπώτερα
700 4610 1119 4681 ὑποστήσονται.
1153 4613 1306 4684 Ὅσῳ
1346 4614 1454 4686 γάρ
1499 4617 1567 4668 ἂν
1610 4620 1728 4669 ἐπι-

139 4690 371 4761 τείνηται
394 4694 430 4764 η
466 4691 851 4761 φιλανθρωπία
880 4693 973 4746 τοῦ
1006 4688 1165 4757 Θεοῦ,
1187 4696 1428 4767 τοσούτῳ
1455 4700 1550 4753 καὶ
1572 4702 1604 4769 ὴ
1634 4701 1721 4753 x6-

136 4772 283 4837 λασις
308 4774 537 4841 αὔξεται
563 4776 788 4846 μᾶλλον,
821 4777 916 4830 ἐὰν
951 4779 1027 4849 μὴ
1061 4781 1141 4842 εἰς
1168 4780 1286 4832 δέον
1320 4784 1385 4851 τῇ
1418 4782 1723 4853 φιλανθρω-

138 4856 231 4927 πία
256 4858 618 4929 χρησώμεθα.
650 4860 718 4912 Τί
742 4860 941 4928 λέγεις,
963 4862 1217 4934 ἄνθρωπε
1242 4881 1257 4929 ;
1279 4865 1494 4929 Μεστὺς
1520 4864 1597 4919 ὢν
1622 4884 1724 4919 κα-

135 4938 242 4991 κῶν
299 4941 598 5005 τοσούτων,
662 4943 759 4995 καὶ
796 4943 1239 5014 ἀπεγνωσμένος,
1286 4946 1483 5017 ἀθρόον
1534 4949 1723 5016 ἐγένου

136 5022 301 5089 φίλος.
331 5026 429 5077 καὶ
468 5026 607 5095 πρὸς
645 5026 747 5097 τὴν
779 5027 1040 5081 ἀνωτάτω
1069 5030 1235 5100 τιμὴν
1264 5031 1589 5103 ἀνηνέχθης,
1622 5034 1723 5085 οὐκ

134 5106 188 5171 ἐξ
214 5109 434 5162 οἰκείων
465 5110 664 5175 πόνων,
702 5111 819 5163 ἀλλ’
842 5114 906 5165 ἐκ
935 5114 1035 5183 τῆς
1068 5112 1164 5165 τοῦ
1194 5114 1332 5167 Θεοῦ
1362 5115 1593 5185 δωρεᾶς,
1629 5118 1723 5171 καὶ

134 5191 290 5244 πάλιν
318 5194 414 5246 ἐπὶ
432 5193 537 5263 τὴν
565 5194 844 5264 προτέραν
866 5196 1173 5267 ἐπανῆλθες
1192 5198 1606 5272 ἀσχημοσύνην,
1628 5202 1723 5255 καὶ

130 5273 242 5329 δέον
263 5276 601 5347 κολασθῆναι
635 5277 917 5348 χαλεπῶς,
954 5282 983 5334 6
1012 5279 1069 5334 δὲ
1087 5282 1210 5337 οὐδὲ
1238 5282 1413 5347 οὕτως
1440 5286 1719 5358 ἀπεστρά-

130 5375 223 5444 φτ).
255 5360 370 5413 ἀλλ’
394 5360 567 5414 ἔδωκε
598 5361 799 5433 μυρίας
830 5365 1087 5435 ἀφορμάς
1110 5369 1403 5438 σωτηρίας.
1424 5371 1491 5423 δι’
1518 5365 1595 5425 ὧν
1620 5372 1721 5444 ἔσῃ

130 5442 298 5509 φίλος.
323 5445 437 5497 Καὶ
464 5447 494 5498 6
529 5446 628 5515 μὲν
656 5444 791 5509 Θεὸς
817 5448 1015 5511 ταῦτα,
1053 5451 1119 5504 σὺ
1156 5452 1213 5505 δὲ
1241 5454 1363 5507 οὐδέ
1392 5455 1565 5519 οὕτως
1602 5442 1721 5509 aee}

129 5522 235 5588 λεις
257 5530 464 5581 πονεῖν.
490 5528 604 5581 Καὶ
626 5528 789 5592 ποίας
816 5530 967 5594 ἄξιος
1008 5532 1109 5606 ἔσῃ
1142 5538 1477 5608 συγγνώμης
1500 5540 1716 5605 λοιπόνς

128 5608 240 5674 πῶς
267 5610 323 5665 δέ
345 5612 449 5665 οὐκ
476 5613 705 5676 εἰκότως
730 5613 995 5685 Ἕλληνές
1014 5633 1076 5669 σε
1095 5618 1439 5689 γελάσονται,
1468 5623 1718 5693 καθάπερ

189 5754 423 5832 flore];
441 5758 505 5832 ιν-
530 5757 653 5832 οἷπερ
678 5761 933 5832 σωηπρτι,
951 5766 1431 5832 φοε--οίίεωΑιεοιὶο
1470 5772 1716 5832 quadrare

134 5817 691 5913 caveihfil’gogdg
714 5824 830 5913 ini
829 5817 935 5895 3015
965 5817 1716 5913 vaeil._:l.(2.}v;JEaﬁX.—j

136 5878 503 5992 ξ
545 5883 599 5930 δι
634 5883 693 5930 οὐ
714 5878 957 5947 πεσεῖταῐ,
994 5899 1024 5936 e
1048 5888 1201 5939 Sam.
1224 5878 1277 5939 et
1478 5878 1715 5959 ἱιῷῥῇὶέ

421 6037 700 6103 Ριιτιιοι..
752 6042 868 6102 Gn.
926 6046 1053 6109 LX.

1874 475 2095 544 κηφῆνά
2131 493 2252 528 τινα
2276 476 2454 538 ζῶντα
2473 476 2597 544 είκῆ
2637 476 2732 529 καὶ
2770 478 2983 545 μάτην;
3011 478 3071 528 Εἰ
3092 477 3201 547 γὰρ
3234 477 3461 549 δυνατὴ,

1874 558 2059 624 φησὶν,
2085 559 2119 626 ἡ
2150 561 2279 627 παρ’
2306 558 2461 629 ὑμῶν
2489 570 2511 596 ο
2539 558 2845 627 φιλοσοφία,
2870 558 3100 623 δείξατε,
3127 560 3179 611 τί
3212 560 3459 628 βούλεται

1874 638 1981 690 τῶν
2011 640 2275 709 ἀμυήτων
2301 642 2361 693 τὸ
2391 640 2595 709 πλῆθος
2618 658 2631 704 ;
2672 640 2831 693 Καλὰ
2850 640 2920 691 τὰ
2947 643 3221 710 μυστήρια
3253 644 3343 694 καὶ
3365 661 3461 694 ποθ

1877 721 2062 775 θεινά·
2098 723 2212 774 ἀλλ’
2244 723 2418 786 οὐδεὶς
2446 722 2813 794 ψυχορῤαγῶν
2844 722 3071 791 λουτρὸν
3112 722 3458 792 λαμϐανέτω.

1871 803 1946 853 Οὐ
1980 805 2090 873 γὰρ
2118 805 2323 867 ἐκεῖνος
2355 803 2464 856 τῶν
2494 804 2811 875 μυστηρίων
2849 806 2878 855 6
2928 805 3141 874 καιρὸς,
3181 805 3317 859 ἀλλά
3350 809 3461 859 τῶν

1868 884 2143 956 διαθηκῶν
2165 904 2177 915 ·
2210 887 2524 957 μυστηρίων
2548 888 2606 939 δέ
2631 889 2841 958 καιρὸς,
2878 887 3038 953 ὑγεία
3076 889 3286 954 φρενῶν
3311 932 3327 953 ,
3365 892 3461 945 καὶ

1871 969 2191 1040 σωφροσύνη
2226 970 2425 1039 ψυχῆς.
2453 970 2587 1023 Εἰπὲ
2616 972 2725 1041 γάρ
2757 989 2868 1039 μοι,
2901 974 2949 1024 εἰ
2980 971 3244 1041 διαθήκας
3267 973 3366 1025 οὐκ
3392 974 3461 1027 ἄν

1866 1065 1951 1111 τις
1973 1050 2147 1103 ἕλοιτο
2175 1051 2319 1103 οὕτω
2345 1052 2689 1121 διακείμενος
2720 1054 2929 1122 γράψαι
2947 1071 2959 1083 υ
2998 1053 3101 1106 κᾶν
3133 1054 3318 1125 γράψῃ
3365 1056 3422 1109 δὲ
3440 1098 3458 1121 ,

1866 1130 2052 1184 δίδωσι
2076 1134 2190 1195 τοῖς
2218 1132 2360 1203 μετά
2386 1134 2563 1187 ταῦτα
2586 1134 2759 1205 λαϐὴν
2786 1136 2895 1202 (διὰ
2933 1137 3041 1206 γάρ
3070 1154 3150 1189 τοι
3174 1138 3334 1191 τοῦτο
3363 1140 3460 1193 καὶ

1870 1214 2233 1283 προτάττουσι
2256 1216 2413 1269 ταυτὶ
2436 1217 2506 1269 τά
2528 1217 2750 1288 ῥήματα
2778 1217 3048 1284 λέγοντες,
3074 1220 3157 1271 ὅτι
3200 1221 3341 1284 Ζῶν,
3362 1226 3459 1276 καὶ

1866 1298 2100 1364 φρονῶν,
2127 1299 2224 1351 καὶ
2256 1300 2516 1367 ὑγιαίνων
2542 1301 2867 1369 ἐπισκήπτω
2889 1301 3019 1370 περὶ
3040 1302 3149 1354 τῶν
3171 1304 3455 1373 ἐμαυτοῦ)ο

1864 1378 1983 1443 ταῦς
2006 1379 2073 1433 ἀν
2102 1398 2189 1443 τις
2225 1382 2537 1451 ἐξεστηκὼς
2568 1382 2828 1450 δυνηθείη
2867 1384 3007 1452 μετά
3028 1384 3318 1455 ἀκριϐείας
3356 1405 3457 1456 μυο

1865 1464 2313 1531 σταγωγεῖσθαι;
2358 1465 2423 1518 Εί
2468 1465 2578 1535 γάρ
2621 1464 2751 1535 περὶ
2802 1463 3073 1533 βιωτικῶν
3115 1469 3458 1537 πραγμάτων

1864 1543 2239 1615 βουλευομένῳ
2257 1548 2361 1600 οὐκ
2380 1548 2447 1601 ἀν
2472 1547 2830 1617 ἐπιτρέψαιεν
2851 1548 2900 1600 οἱ
2920 1547 3031 1601 τῶν
3067 1549 3269 1614 ἔξωθεν
3299 1552 3454 1623 νόμοι

1859 1624 1940 1693 τῷ
1966 1626 2042 1695 μὴ
2079 1627 2285 1696 σφόδρα
2319 1629 2615 1695 ὑγιαίνοντι
2638 1630 3039 1695 διατάττεσθαι,
3069 1632 3164 1684 καὶ
3203 1634 3377 1687 ταῦτα
3396 1636 3451 1687 ἐν

1858 1710 1971 1769 τοῖς
1996 1708 2164 1761 αὐτοῦ
2196 1709 2443 1778 μέλλοντι
2471 1712 2783 1781 νομοθετεῖν
2803 1730 2817 1743 ·
2863 1713 2983 1774 πῶς
3024 1716 3153 1784 περὶ
3179 1715 3452 1783 βασιλείας

1858 1793 2104 1865 οὐρανῶν
2133 1794 2448 1863 μανθάνων,
2468 1799 2564 1850 καὶ
2585 1797 2695 1851 τῶν
2716 1798 3046 1869 ἀπορρήτων
3077 1798 3303 1852 ἐκείνων
3326 1802 3453 1867 ἀγαο

1859 1874 1991 1941 θῶν,
2021 1876 2227 1949 δυνήσῃ
2254 1878 2440 1947 σαφῶς
2472 1878 2653 1932 πάντα
2685 1880 2899 1949 μαθεῖν,
2925 1879 3183 1943 πολλάκις
3231 1883 3324 1935 καὶ
3348 1900 3453 1934 πα-

1861 1961 2073 2031 ραπλὴξ
2110 1961 2216 2015 ὑπὸ
2246 1966 2346 2033 τῆς
2376 1963 2692 2035 ἀρρωστίας
2732 1963 3067 2033 γενόμενος;
3114 1965 3244 2019 πότε
3284 1965 3340 2016 δὲ
3383 1966 3452 2018 τά

1858 2044 2082 2112 ῥήματα
2106 2046 2291 2097 ἐκεῖνα
2318 2046 2455 2114 πρὸς
2487 2047 2579 2098 τὸν
2608 2045 2846 2116 Χριστὸν
2876 2049 3043 2115 ἐρεῖς,
3071 2047 3453 2117 Συνθαπτόμε-

1856 2138 1947 2183 νος
1972 2123 2144 2191 αὐτῷ,
2184 2125 2394 2190 μέλλων
2434 2127 2758 2195 ἀποπηδᾷνς
2811 2128 2921 2178 Καὶ
2949 2126 3059 2196 γὰρ
3088 2127 3183 2178 καὶ
3214 2127 3305 2179 διά
3342 2128 3452 2183 τῶν

1853 2201 2054 2271 ἔργων,
2082 2206 2177 2257 καὶ
2201 2205 2289 2258 διὰ
2320 2205 2431 2259 τῶν
2461 2206 2725 2277 ῥημάτων
2754 2208 3163 2261 ἐπιδείκνυσθαι
3194 2210 3302 2280 χρὴ
3352 2210 3452 2279 τὴν

1853 2284 2087 2340 εὔνοιαν.
2120 2289 2193 2340 Σὺ
2216 2288 2273 2341 δὲ
2300 2290 2497 2343 ταύτὸν
2537 2293 2745 2357 ποιεῖς,
2775 2286 2888 2344 οἷον
2912 2293 2979 2344 ἂν
3009 2290 3065 2344 εί
3083 2308 3169 2355 τις
3203 2294 3449 2361 ἀπογράφ

1854 2370 2046 2437 φεσθαι
2103 2371 2345 2441 βούλοιτο
2387 2373 2749 2445 στρατιώτης.
2786 2374 2881 2427 τοῦ
2936 2374 3177 2444 πολέμου
3226 2375 3449 2429 λύεσθαι

1855 2452 2139 2522 μέλλοντος
2160 2472 2173 2485 ⁸
2200 2456 2232 2521 ἢ
2250 2456 2491 2526 ἀθλητὴς
2511 2457 2863 2521 ἀποδύεσθαι,
2886 2457 2980 2511 τοῦ
3004 2458 3235 2529 θεάτρου
3262 2460 3448 2514 λοιπὸν

1850 2534 2203 2598 ἀναστάντος.
2234 2538 2343 2588 Καὶ
2365 2538 2474 2605 γάρ
2496 2539 2638 2592 ὅπλα
2666 2540 2757 2592 διὰ
2794 2540 2952 2592 τοῦτο
2997 2540 3314 2609 λαμϐάνεις,
3348 2543 3447 2610 οὐχ

1852 2616 1940 2669 ἵνα
1974 2618 2179 2680 εὐθέως
2231 2619 2615 2692 ἀποπηδήσῃς,
2663 2622 2782 2673 ἀλλ’
2820 2623 2907 2674 ἵνα
2956 2623 3139 2676 λαϐὼν
3174 2626 3316 2680 κατά
3349 2624 3446 2678 τοῦ

1850 2698 2096 2776 ἐναντίου
2130 2699 2392 2768 τρόπαιον
2418 2702 2645 2773 στήσῃς.
2674 2703 2881 2772 Μηδεὶς
2907 2704 3177 2773 νομιζέτω
3221 2706 3447 2776 ἄκαιρον

1848 2774 1991 2832 εἶναι
2026 2780 2117 2833 τὸν
2144 2782 2270 2851 περὶ
2302 2782 2509 2836 τούτων
2549 2784 2729 2852 λόγον,
2763 2786 2813 2837 εί
2851 2787 2925 2855 μή
2961 2788 3076 2839 ἐστι
3105 2774 3446 2858 τεσσαρακο-

1851 2864 1951 2935 στὴ
1976 2864 2091 2917 νῦν.
2124 2865 2223 2917 Διά
2252 2865 2361 2937 γάρ
2394 2866 2553 2941 τοῦτο
2581 2868 2850 2937 δάκνομαι
2876 2910 2891 2931 ,
2930 2870 3013 2922 ὅτι
3048 2870 3237 2940 καιρὸν
3267 2888 3447 2941 παρα-

1848 2951 2064 3017 τηρεῖτε
2094 2949 2150 2999 ἐν
2181 2951 2295 3009 τοῖς
2330 2940 2613 3013 τοιούῶις.
2656 2952 2920 3017 Καίτοιγε
2956 2954 2984 3004 6
3033 2951 3291 3021 εὐνοῦχος
3325 2940 3442 3025 [15]

1847 3032 2076 3092 ἐκεῖνος,
2103 3033 2197 3083 καὶ
2230 3032 2505 3101 βάρϐαρος
2527 3032 2605 3084 ὣν
2634 3034 2728 3086 καὶ
2753 3033 3073 3102 ὁδοιπορῶν,
3098 3038 3194 3087 καὶ
3218 3038 3276 3088 ἐν
3302 3038 3445 3108 μέσῃ

1846 3111 2105 3184 λεωφόρῳ
2124 3112 2219 3175 ὢν,
2253 3115 2445 3184 καιρὸν
2483 3115 2581 3167 οὐκ
2617 3113 2885 3186 ἐζήτησεν
2908 3132 2921 3145 ’
2968 3115 3084 3169 ἀλλ’
3132 3118 3254 3169 οὐδὲ
3289 3120 3319 3170 ὁ
3360 3119 3444 3171 δε-

1848 3195 2153 3265 σμοφύλαξ,
2195 3197 2485 3251 καὶταῦτα
2515 3198 2720 3269 μεταξὺ
2754 3198 3051 3269 δεσμωτῶν
3086 3199 3186 3266 ὢν,
3220 3204 3317 3255 καὶ
3351 3204 3445 3255 τὸν

1843 3279 2164 3333 διδάσκαλον
2206 3284 2698 3352 μεμαστιγωμένον
2722 3284 2814 3337 καὶ
2836 3284 3127 3354 δεδεμένον
3154 3287 3315 3355 ὁρῶν.
3349 3289 3445 3344 καὶ

1844 3362 1981 3426 τέως
2012 3364 2176 3417 αὑτὸν
2209 3366 2419 3435 μέλλων
2462 3366 2613 3422 ἔνδον
2646 3366 2811 3436 ἔχειν.
2858 3369 3124 3423 Ἐνταῦθα
3159 3370 3217 3423 δέ
3263 3373 3329 3425 οὐ
3356 3373 3445 3426 δε-

1851 3448 2043 3517 σμωτή
2054 3461 2168 3518 μον
2197 3449 2497 3513 οἰκοῦντες,
2528 3450 2637 3503 οὐδ’
2668 3453 2727 3503 ἐν
2748 3452 2887 3512 ὁδοῖς
2913 3452 3091 3515 ὄντες,
3108 3454 3441 3509 ἀναϐάλλον-

1842 3547 1933 3583 ται
1966 3532 2173 3599 πολλοὶ,
2209 3534 2303 3585 καὶ
2328 3532 2501 3586 ταῦτα
2534 3534 2687 3595 ὄντες
2706 3535 2845 3604 πρὸς
2883 3535 3121 3605 ἐσχάτας
3141 3538 3438 3601 άναπνοάς.

1914 3613 1984 3685 η’.
2023 3616 2086 3667 Et
2129 3611 2343 3684 μὲνοῦν
2385 3614 2467 3667 ἐτι
2500 3616 2887 3685 ἀμφιϐάλλεις,
2937 3619 3019 3670 ὅτι
3052 3618 3183 3683 Θεός
3216 3624 3365 3674 ἐστιν
3413 3626 3443 3674 6

1842 3696 2099 3766 Χριστὸς.
2118 3696 2224 3761 ἔξω
2248 3699 2427 3767 στῆθι,
2454 3699 2547 3751 καλ⁸
2573 3699 2707 3767 μηδὲ
2724 3699 2884 3752 θείων
2905 3700 3070 3754 ἄκουε
3087 3701 3281 3768 λόγων,
3302 3705 3440 3772 μηδέ

1842 3782 1901 3833 ἐν
1929 3782 2041 3843 τοῖς
2071 3782 2500 3853 κατηχουμένοις
2523 3782 2749 3853 ἀρίθμει
2778 3784 2976 3835 σαυτόν
2996 3799 3009 3811 ·
3041 3786 3089 3836 εί
3112 3786 3170 3837 δὲ
3194 3786 3438 3857 θαρρεῖς,

1842 3862 1937 3914 καὶ
1961 3858 2109 3925 οἶδας
2133 3863 2291 3916 τοῦτο
2323 3863 2534 3931 σαφῶς,
2571 3865 2629 3916 τί
2659 3864 2905 3932 μέλλεις;
2941 3866 2995 3918 τί
3029 3866 3086 3919 δὲ
3110 3868 3318 3940 ἀναδύη
3346 3872 3441 3922 καὶ

1840 3945 2056 4009 ὀκνεῖς;
2091 3945 2314 3999 Δέδοικα
2344 3947 2422 4017 μὴ
2446 3947 2699 4019 ἁμάρτω,
2738 3950 2893 4019 φησί.
2934 3950 3007 4003 Τὸ
3029 3950 3084 4003 δὲ
3122 3952 3439 4020 χαλεπώτε-

1845 4045 1934 4095 ρον
1960 4029 2021 4081 οὐ
2050 4028 2318 4093 δέδοικας,
2343 4031 2418 4101 μὴ
2447 4032 2586 4101 μετά
2618 4033 2855 4101 φορτίων
2892 4033 3166 4088 τοσούτων
3193 4035 3439 4107 ἀπέλθῃς

1840 4115 1987 4177 ἐκεῖ;
2012 4112 2151 4165 Οὐδέ
2196 4114 2305 4185 γάρ
2335 4115 2483 4168 ἐστιν
2513 4116 2646 4180 ἴσον,
2684 4118 2909 4187 χάριτος
2942 4120 3311 4191 προκειμένης
3363 4123 3439 4191 μὴ

1837 4197 2043 4263 τυχεῖν,
2073 4196 2168 4248 καὶ
2187 4196 2490 4268 κατορθοῦν
2529 4199 2914 4269 ἐπιχειροῦντα
2948 4202 3262 4270 ἀποτυχεῖν.
3301 4203 3438 4257 Εἰπὲ

1836 4278 1900 4346 δή
1935 4296 2045 4348 μοι,
2083 4279 2149 4331 ἂν
2176 4282 2284 4348 γὰρ
2318 4281 2521 4350 ἐγκαλῇ
2546 4323 2559 4343 ,
2588 4282 2750 4345 Τίνος
2789 4283 2975 4336 ἕνεκεν
3017 4286 3078 4337 οὐ
3106 4286 3434 4356 προσῆλθες.

1836 4361 1981 4424 τίνος
2004 4362 2190 4415 ἐνεκεν
2210 4364 2271 4415 οὺ
2307 4362 2699 4431 κατώρθωσας,
2723 4366 2779 4417 τί
2802 4367 2948 4436 ἐρεῖς
2972 4383 2988 4431 ;
3026 4368 3173 4420 Ἐκεῖ
3200 4369 3299 4438 μὲν
3326 4370 3437 4438 γὰρ

1837 4444 1977 4514 τάχα
2008 4444 2068 4497 τὸ
2104 4446 2362 4516 φορτικὸν
2397 4447 2542 4516 ἔχεις
2578 4450 2755 4502 εἰπεῖν
2804 4450 2901 4502 καὶ
2939 4450 3047 4503 τῶν
3074 4455 3437 4523 προσταγμά-

1835 4523 1992 4579 τωνά
2039 4529 2134 4580 καὶ
2170 4530 2270 4598 τῆς
2315 4529 2519 4599 ἀρετῆς
2544 4546 2559 4560 ·
2600 4530 2837 4585 ἐνταῦθα
2882 4532 2938 4585 δέ
2969 4533 3123 4586 οὖδέν
3168 4534 3431 4588 τοιοῦτον.

1836 4610 2013 4678 Χάρις
2035 4611 2143 4679 γάρ
2168 4612 2283 4662 ἐστι
2309 4612 2522 4680 δωρεάν
2554 4614 2909 4683 παρεχομένη
2944 4615 3044 4685 τὴν
3093 4616 3434 4687 ἐλευθερίαν.

1848 4692 2010 4745 Ἀλλά
2038 4692 2283 4755 δέδοικας
2317 4692 2391 4764 μὴ
2420 4695 2674 4768 ἁμάρτῃς
2702 4713 2716 4763 ;
2745 4696 2931 4750 Ταῦτα
2969 4698 3110 4768 μετὰ
3134 4700 3194 4753 τὸ
3234 4700 3432 4770 βάπτι-

1836 4792 1948 4845 σμα
1978 4774 2127 4841 λέγε,
2155 4775 2290 4827 Τότε
2310 4776 2401 4846 ἔχε
2428 4778 2522 4829 τὸν
2547 4778 2734 4844 φόϐον,
2756 4779 2901 4833 ὥστε
2924 4780 3159 4847 φυλάξαι
3180 4783 3281 4853 τὴν
3301 4788 3436 4854 παῤ-

1836 4856 2052 4927 ρησίαν,
2075 4858 2143 4927 ἢν
2172 4857 2381 4922 ἔλαϐες,
2408 4858 2507 4929 οὑχ
2533 4859 2677 4913 ὥστε
2703 4862 2778 4932 μὴ
2805 4862 2991 4915 λαϐεῖν
3012 4864 3224 4935 δωρεάν
3255 4868 3432 4921 τοιαύ‹

1830 4957 1931 5009 την
1966 4952 2012 4994 ο.
2053 4939 2169 4993 Νῦν
2192 4940 2249 4993 δὲ
2276 4942 2383 5011 πρὸ
2414 4944 2513 5013 μὲν
2533 4944 2627 4997 τοῦ
2662 4944 3042 5016 βαπτίσματος
3078 4948 3315 5021 εὐλαϐὴς
3339 4953 3426 5013 σὺ,

1834 5023 1974 5092 μετά
2017 5022 2076 5075 δέ
2131 5024 2194 5076 τὺ
2241 5022 2527 5096 βάπτισμα
2571 5028 2837 5098 ῥᾴθυμος,
2885 5026 3047 5083 Ἀλλά
3098 5032 3190 5085 τὸν
3238 5035 3426 5106 καιρὸν

1830 5107 2123 5189 ἀναμένεις
2168 5107 2269 5177 τῆς
2327 5113 2811 5182 τεσσαρακοστῆς;
2863 5113 3020 5177 Τίνος
3067 5115 3292 5181 ἕνεκενῖ
3351 5120 3427 5189 μὴ

1830 5190 1939 5261 γάρ
1968 5188 2081 5260 ἔχει
2104 5207 2158 5243 τι
2187 5192 2349 5245 πλέον
2377 5196 2586 5257 ἐκεῖνος
2614 5197 2641 5247 6
2665 5196 2883 5266 καιρός;
2930 5198 2992 5250 Οἱ
3020 5198 3151 5267 γοῦν
3189 5188 3425 5254 άπόστοὲ

1829 5273 1911 5325 λοι
1958 5274 2059 5326 οὐκ
2106 5274 2166 5325 ἐν
2211 5274 2289 5345 τῷ
2335 5277 2520 5346 πάσχα
2566 5278 2989 5349 κατηξιώθησαν
3031 5282 3131 5351 τῆς
3179 5284 3421 5353 χάριτος,

1829 5356 1944 5407 ἀλλ’
1979 5356 2039 5408 ἐν
2071 5356 2243 5427 ἑτέρῳ
2273 5360 2451 5429 καιρῷ
2471 5378 2483 5390 ·
2512 5362 2605 5414 καὶ
2633 5363 2681 5413 οί
2712 5363 3003 5433 τρισχίλιοι
3028 5366 3123 5417 καὶ
3143 5368 3193 5419 οί
3233 5384 3429 5421 πενταο

1827 5440 2106 5510 κισχίλιοι,
2138 5442 2229 5493 ὅτε
2267 5441 2698 5513 ἐϐαπτίσθησαν,
2743 5447 2931 5516 πάσχα
2958 5449 3057 5502 οὐκ
3083 5443 3152 5519 ἦν
3190 5452 3383 5522 καιρός
3406 5470 3421 5485 ⁴

1827 5523 1921 5575 καὶ
1946 5523 1975 5575 6
2007 5523 2328 5593 Κορνήλιος,
2370 5528 2463 5579 καὶ
2493 5530 2522 5581 6
2556 5528 2833 5600 εὐνοῦχος,
2860 5532 2954 5585 καὶ
2975 5532 3151 5603 ἐτεροι
3178 5534 3417 5599 πλείους,

1827 5605 1918 5677 Μὴ
1948 5607 2131 5659 τοίνυν
2151 5608 2342 5678 καιρὸν
2369 5609 2755 5681 ἀναμένωμεν,
2782 5616 2992 5684 μήποτε
3018 5616 3303 5684 μέλλοντες
3326 5620 3420 5671 καὶ

1825 5689 2253 5759 ἀναϐαλλόμενιι
2280 5692 2605 5763 ἀπέλθωμεν
2640 5699 2794 5750 κενοὶ
2810 5700 2903 5751 καὶ
2932 5698 3130 5771 ἔρημοι
3152 5702 3419 5754 τοσούτων

1890 5841 1912 5867 ⁸
1936 5836 2088 5884 Savil.
2115 5837 2227 5901 παρ’
2250 5838 2575 5935 ὑέίνλὶίοτθι.
2604 5845 2716 5906 παρ’
2740 5846 2890 5904 ὑμῶν.
2980 5843 3011 5883 ⁸
3034 5846 3172 5895 Alius
3202 5847 3282 5893 καὶ
3319 5849 3419 5894 τῶν

1890 5898 2115 5935 Μηκέτι-ιν
2224 5900 2247 5927 θ
2275 5932 2282 5935 _
2313 5900 2408 5935 SVIl
2449 5903 2497 5935 in
2520 5916 2659 5935 mon-0
2697 5906 2935 5935 ουρ-ΑΝ..
2978 5920 3124 5935 ηηηη.
3150 5910 3260 5935 Ich-‘3
3281 5921 3414 5935 \nnm

1825 5898 2134 5968 παθημάτων,
2179 5898 2199 5968 _'
2224 5900 2247 5927 ο
2274 5898 2423 5968 Savil.
2449 5903 2497 5948 in
2520 5898 2953 5966 margfrodadmv,
2978 5920 3125 5968 quam
3150 5910 3262 5957 lculi
3281 5921 3415 5959 mem

1832 5970 2031 6010 seculus
2059 5962 2255 6009 videtur
2291 5963 2560 6023 lnlcrpres.

3048 6065 3087 6123 2
