4098 6324
138 427 201 481 25
1133 412 1197 469 ΙΝ
1238 410 1419 467 ACTA
1459 405 2233 463 APOSTUI.UI{UM.HOMIL.
2280 406 2339 461 ll.
3336 388 3405 443 illi

140 531 241 572 suis
269 516 387 585 pius
415 528 497 577 es,
529 525 652 585 post
685 512 939 581 baptisma
970 505 1167 575 segnis.
1195 502 1301 557 Sed
1348 512 1555 568 tempus
1581 499 1718 566 Qua-

137 608 442 676 dragesimte
472 604 803 674 exspectas?
838 602 951 668 Qua
992 598 1059 652 de
1103 595 1307 652 causa?
1338 609 1460 646 num
1492 590 1718 660 amplius

136 697 249 765 quid
293 693 457 750 habet
494 696 627 749 illud
663 691 911 762 tempus?
950 687 1189 758 Apostoli
1238 699 1472 754 namque
1511 699 1616 737 non
1661 681 1712 735 in

138 784 382 838 Pascltatc
430 784 603 854 gratia
654 781 853 852 dignati
889 789 1037 842 sunt,
1065 776 1158 832 sed
1185 776 1291 829 alio
1318 785 1594 842 tempore:
1625 770 1714 825 illa

136 878 227 929 tria
255 885 309 930 et
327 876 575 945 quinque
600 874 765 928 millia
789 888 894 927 non
915 872 967 925 in
997 869 1257 923 Pascltate
1281 865 1543 935 baptizata
1567 870 1711 925 sunt,

133 976 185 1019 nt
228 980 396 1035 neque
442 965 729 1019 Cornelius
754 1006 768 1029 ,
810 963 1105 1025 eunuchus,
1128 970 1183 1014 et
1227 958 1317 1013 alii
1357 956 1589 1027 plurimi.
1637 955 1714 1010 Nc

136 1056 299 1123 itaque
326 1064 549 1123 tempus
574 1064 978 1123 exspectemus,
1006 1060 1062 1105 ut
1092 1065 1159 1105 ne
1182 1055 1494 1107 cunctantes
1521 1054 1576 1101 et
1614 1044 1715 1097 dif—

134 1147 374 1210 ferentes,
406 1148 567 1201 vacui
603 1157 659 1202 et
683 1156 931 1216 expertes
962 1154 1226 1199 tantorum
1259 1143 1519 1197 bonorum
1553 1141 1712 1195 abea.

134 1249 261 1289 mus.
287 1235 562 1302 Quantum
615 1238 809 1305 putatis
855 1251 942 1290 me
980 1233 1290 1289 discruciari
1323 1273 1339 1297 ,
1385 1246 1505 1285 cum
1554 1230 1713 1285 audio

132 1326 423 1395 quempiam
455 1342 564 1381 non
609 1327 875 1381 initiatum
910 1326 1110 1379 obiisse
1132 1365 1146 1387 ,
1178 1332 1232 1378 et
1255 1323 1432 1391 cogito
1461 1321 1715 1374 intolera-

132 1417 244 1472 bilia
270 1417 357 1471 illa
386 1419 654 1488 supplicia
676 1416 1144 1484 inevitabilemqne
1164 1412 1502 1468 cruciatum?
1527 1423 1711 1465 rursus

132 1520 275 1571 quant
305 1522 510 1577 angor,
537 1522 661 1562 cum
701 1508 835 1561 alios
866 1506 1019 1561 video
1045 1505 1109 1557 ad
1142 1512 1442 1557 extremum
1486 1501 1709 1555 halitum

130 1594 407 1663 deductos,
442 1613 555 1652 non
587 1608 762 1652 tamen
804 1596 1166 1666 resipiscere?
1213 1594 1336 1648 Ideo
1373 1593 1532 1647 multa
1582 1592 1710 1645 ﬁunt

133 1688 221 1739 hoc
248 1694 391 1740 tanto
412 1688 564 1743 dono
604 1689 833 1758 indigna.
868 1689 937 1741 At
974 1701 1097 1740 cum
1124 1702 1193 1755 op
1214 1694 1397 1739 irteret
1426 1684 1658 1753 gaudere
1687 1725 1702 1746 ,

130 1774 337 1828 choreas
362 1793 559 1847 agerc.
592 1778 780 1841 lauari,
806 1776 1071 1838 coronari,
1100 1791 1219 1829 cum
1249 1774 1509 1844 quispiam
1541 1773 1711 1826 initia-

134 1875 241 1929 tur;
268 1865 485 1934 quando
514 1868 700 1937 πει-οιί
731 1882 863 1920 uxor
890 1865 1057 1929 audit,
1088 1865 1137 1918 id
1164 1881 1192 1917 a
1219 1864 1429 1918 medico
1454 1872 1707 1916 statutmn

133 1955 300 2021 fuisse,
326 1960 481 2027 quasi
518 1960 570 2012 in
603 1973 795 2027 magno
824 1956 1118 2012 infortunio
1147 1956 1388 2025 plangit,
1421 1963 1474 2007 ct
1508 1953 1710 2007 lamen-

132 2054 257 2097 tatur
278 2045 351 2115 (a)
380 2065 394 2099 :
426 2047 559 2101 hinc
580 2048 808 2117 gemitus
827 2056 880 2101 et
900 2046 1129 2114 ejulatus
1154 2060 1249 2114 per
1276 2051 1440 2095 totam
1467 2042 1706 2103 domum,

131 2151 185 2189 ac
222 2139 263 2190 si
306 2136 600 2192 damnatus
642 2139 903 2208 quispiam
944 2137 1011 2191 ad
1054 2152 1242 2191 necem
1268 2134 1570 2193 duceretur.
1619 2131 1709 2185 Ille

131 2241 325 2295 quoque
353 2237 485 2282 tunc
512 2228 683 2297 magis
712 2228 891 2292 dolet,
923 2235 977 2281 et
1002 2226 1098 2280 sia
1130 2224 1318 2279 morbo
1348 2222 1705 2287 convalescat,

131 2316 323 2376 pravius
348 2319 626 2370 cruciatur
645 2356 659 2377 ,
688 2334 748 2369 ac
775 2318 818 2370 si
856 2330 1047 2386 magno
1067 2315 1292 2369 affectus
1320 2311 1705 2382 esset-damno.

130 2402 246 2469 Quia
266 2406 404 2457 enim
430 2420 544 2459 non
576 2417 688 2459 erat
717 2407 781 2458 ad
806 2406 1053 2459 virtutem
1075 2413 1411 2474 prteparatus
1431 2444 1445 2465 ,
1476 2402 1709 2471 segniter

128 2493 223 2560 agit
246 2492 507 2564 deinceps
530 2536 546 2559 ,
589 2504 643 2549 et
682 2496 970 2550 certamina
1022 2494 1232 2565 refugit.
1267 2493 1453 2548 Viden’
1482 2500 1709 2562 quantas

130 2582 385 2638 machinas
419 2585 672 2639 diabolus
711 2594 969 2655 apparet,
1002 2595 1263 2655 quantum
1300 2584 1467 2638 risum
1495 2622 1509 2645 ,
1540 2596 1709 2651 quan-

130 2682 224 2725 tum
252 2673 591 2729 ludibrium?
621 2675 703 2730 Ab
732 2675 833 2729 hoc
863 2676 1043 2744 itaque
1091 2673 1325 2729 ludibrio
1369 2687 1469 2728 nos
1509 2670 1706 2726 subdu-

182 2800 248 2860 (a)
271 2808 408 2865 hinc
436 2802 606 2864 utique
630 2802 790 2865 multi,
816 2817 939 2865 quos
962 2803 1253 2865 frequenter
1276 2801 1707 2865 carpuntAChryso-

128 2868 311 2921 stmnns,
335 2862 648 2926 Augustinus
670 2862 855 2926 aliique
878 2862 1071 2923 Patres,
1092 2862 1385 2926 baptismum
1412 2862 1708 2926 diﬂ‘erebant

130 2933 268 2983 usque
290 2923 555 2987 Minonis
575 2923 847 2974 articulum.
881 2927 921 2973 si
944 2925 1136 2987 quando
1165 2923 1315 2987 igitur
1334 2923 1515 2972 medici
1539 2936 1707 2972 mone-

129 2983 631 3047 rcntpericlilantem
666 2983 976 3047 conjugatuni
1020 2983 1355 3047 baptizandum
1395 2996 1537 3047 esse,
1577 2996 1705 3032 uxor

127 3043 249 3107 quasi
292 3056 410 3093 mox
456 3047 688 3095 amissura
728 3043 913 3105 virum,
943 3043 1152 3106 ejulat'us
1189 3058 1390 3107 magnos
1410 3046 1626 3107 edebat;
1650 3053 1706 3093 ut

129 3104 258 3150 etiam
300 3118 440 3154 nunc
476 3118 612 3168 saepe
650 3108 913 3168 contingit,
936 3104 1127 3169 quando
1152 3104 1292 3169 aegro
1307 3104 1707 3155 conferendaest

130 3168 334 3211 extrema
356 3168 549 3211 unctio.

130 3168 334 3213 extrema
356 3168 549 3214 unctio.

540 3281 1368 3290 ~—.—-—.—_————————~

1823 514 2005 553 camus
2034 516 2049 553 :
2084 501 2321 553 vivamus
2347 508 2403 552 ιιι
2432 491 2972 566 prmccpitCltristus.
3005 490 3127 545 Ideo
3151 489 3413 558 baptisma

1834 591 1969 644 lrdit
1990 631 2005 655 ,
2038 605 2142 643 non
2174 600 2226 641 ut
2255 591 2434 643 statim
2465 585 2817 641 abscedamus
2841 625 2856 649 ,
2885 580 2980 637 sed
3011 590 3069 635 ut
3097 591 3218 649 post
3246 580 3416 647 Ιιεψιιο

1822 697 1996 736 smum
2020 684 2259 737 viventes
2273 681 2473 735 fructus
2495 676 2846 747 proferamus.
2864 672 3147 742 Quomodo
3167 673 3385 725 abeunti

1822 785 1877 829 et
1906 776 2089 829 exciso
2133 775 2279 827 dices
2299 815 2313 838 ,
2345 771 2669 827 FruCIifica?
2700 785 2805 825 non
2836 768 3051 832 audisti,
3080 766 3222 837 quod
3275 765 3409 817 Frn-

1821 877 1932 919 ctus
1956 866 2189 935 Spiritus
2226 868 2313 929 sit,
2340 866 2550 931 caritas,
2583 863 2847 935 gaudium,
2875 877 2980 933 ραι
3004 858 3148 930 (Gal.
3182 860 3234 914 ὃ.
3267 858 3362 928 22)
3389 859 3411 909 ”.

1821 955 2101 1023 Quomodo
2150 955 2309 1024 igitur
2356 953 2624 1009 Contraria
2668 950 2977 1007 eveniunt?
3022 947 3233 1003 Etenim
3281 964 3416 1001 uxor

1820 1044 1997 1098 adstat
2022 1045 2228 1114 lugens,
2253 1059 2375 1098 cum
2402 1042 2635 1111 gaudere
2659 1047 2965 1111 oporteret;
2996 1038 3149 1093 liberi
3180 1039 3413 1106 plorant.

1821 1150 1942 1190 cum
1972 1135 2225 1205 gratulari
2260 1150 2354 1204 par
2382 1142 2565 1189 esset:
2597 1134 2640 1186 is
2663 1133 2779 1202 ipse
2800 1132 2888 1201 qui
2910 1134 3054 1199 jacet
3081 1128 3410 1184 obtenelira-

1821 1222 2670 1295 tus,tumnltuacpertnrbatione
2701 1224 2892 1293 plenus
2918 1231 3031 1287 est,
3078 1236 3200 1275 cum
3223 1258 3226 1261 λ
3247 1234 3413 1289 opor-

1822 1327 1958 1374 teret
1992 1316 2184 1372 festum
2213 1332 2414 1386 agere;
2448 1316 2499 1370 in
2532 1330 2766 1372 ntmrore
2795 1324 2956 1374 totus,
2986 1313 3128 1382 quod
3159 1312 3298 1367 filios
3320 1326 3415 1366 or-

1820 1402 1921 1463 bos
1967 1409 2267 1477 relinquat,
2302 1421 2521 1461 uxorem
2570 1406 2803 1469 viduam,
2856 1405 3073 1458 domum
3120 1403 3411 1457 desertam.

1816 1497 1955 1551 Num
2004 1499 2121 1559 sic,
2167 1511 2370 1567 quaeso,
2401 1496 2678 1551 acceditur
2719 1495 2785 1549 ad
2823 1493 3119 1565 mysteria?
3159 1509 3285 1546 num
3338 1494 3417 1546 sic

1819 1590 1998 1644 aditur
2024 1604 2173 1643 sacra
2206 1590 2435 1643 mensa?
2465 1588 2701 1642 lucccine
2726 1586 2943 1643 ferenda
2967 1586 2990 1639 ?
3019 1585 3074 1641 Si
3117 1585 3416 1654 Imperator

1820 1681 1999 1734 missis
2048 1679 2215 1733 literis
2243 1681 2452 1732 vinctos
2478 1680 2532 1731 in
2559 1692 2775 1733 carcere
2814 1678 3020 1736 solvat.
3051 1677 3304 1747 gaudium
3332 1687 3415 1730 cst

1818 1788 1883 1827 ac
1926 1772 2109 1826 laetitia
2142 1790 2155 1824 :
2191 1772 2333 1826 Deus
2379 1780 2557 1826 autem
2608 1772 2775 1825 mittit
2820 1770 3080 1838 Spiritum
3130 1769 3196 1822 de
3224 1769 3372 1822 crclis
3399 1811 3412 1828 ,

1820 1878 1926 1916 non
1971 1862 2212 1932 pecunia:
2244 1861 2532 1931 reliquias,
2565 1860 2658 1915 sed
2693 1861 2937 1914 universa
2969 1869 3183 1927 peccata
3213 1859 3415 1913 condo-

1819 1969 1973 2017 nans,
1999 1967 2292 2021 omnesque
2317 1951 2509 2021 lugetis
2536 1960 2591 2005 et
2618 1950 2964 2021 ingemiscitis
2986 1950 3008 2001 ?
3033 1951 3164 2015 Qua:
3191 1959 3272 2003 est
3304 1948 3415 2002 lucc

1821 2045 2153 2115 inaequalitas
2174 2044 2196 2097 ?
2217 2042 2463 2097 Nondum
2484 2040 2626 2097 enim
2650 2040 2790 2107 dico,
2818 2038 2960 2107 quod
2991 2039 3215 2093 mortuis
3238 2038 3412 2092 infusa

1817 2136 2062 2203 sitaqua,
2096 2143 2149 2189 ct
2178 2134 2318 2203 quod
2344 2140 2528 2187 sancta
2557 2134 2799 2201 projecta
2824 2131 2932 2183 sint
2960 2130 3011 2182 in
3038 2138 3236 2184 terram
3263 2145 3276 2181 :
3302 2144 3408 2181 non

1817 2227 1959 2281 enim
1988 2240 2086 2280 nos
2118 2225 2169 2277 in
2198 2238 2357 2278 causa
2382 2238 2589 2285 sumus,
2619 2221 2711 2276 sed
2744 2222 2933 2291 ingrati
2954 2219 3193 2290 quidam.
3226 2220 3416 2274 Proin-

1815 2316 1885 2371 de
1913 2331 2046 2386 rogo
2072 2358 2086 2376 .
2119 2325 2176 2370 ιιι
2214 2314 2464 2368 omnibus
2491 2313 2706 2368 omissis
2733 2312 3094 2380 nosmetipsos
3126 2320 3414 2365 converta-

1818 2422 1937 2462 mus
1962 2448 1977 2473 ,
2018 2416 2071 2461 et
2096 2422 2218 2461 cum
2245 2406 2390 2460 omni
2420 2404 2698 2459 alacritate
2718 2402 2792 2456 ad
2826 2403 3148 2472 baptismum
3191 2402 3414 2457 acceda-

1814 2513 1974 2562 mus;
1999 2509 2057 2553 ιιι
2077 2514 2198 2553 cum
2221 2499 2236 2529 ι
2262 2497 2311 2551 in
2337 2496 2588 2567 praesenti
2608 2496 2715 2549 vita
2741 2510 2986 2565 magnam
3011 2494 3413 2548 exlribucrimus

1820 2590 2158 2660 diligentiam
2180 2631 2193 2654 ,
2226 2587 2456 2642 futuram
2502 2601 2897 2656 consequamur
2937 2586 3181 2640 fiduciam
3208 2605 3220 2639 :
3252 2600 3412 2655 quam

1817 2697 1914 2737 nos
1962 2696 2152 2736 omnes
2190 2680 2403 2750 assequi
2442 2680 2738 2749 contingat,
2769 2680 2939 2749 gratia
2986 2688 3042 2734 et
3086 2679 3413 2750 benignitate

1818 2773 2025 2829 Domini
2056 2772 2223 2826 nostri
2253 2771 2382 2825 Iesu
2410 2770 2634 2835 Christi,
2658 2771 2744 2824 cui
2770 2771 2940 2839 gloria
2972 2780 3025 2826 ct
3044 2770 3331 2842 imperium
3359 2772 3411 2823 itt

1815 2865 2006 2921 Stecula
2052 2864 2393 2919 saeculorum.
2429 2862 2621 2916 Amen.

1878 3044 1893 3071 ι
1930 3036 2069 3087 Alius
2091 3036 2344 3097 hahet.....
2372 3042 2441 3094 ut,
2468 3035 2689 3085 euntibus
2724 3034 2931 3097 uotiuis,
2952 3035 3077 3085 illud
3104 3050 3332 3087 curemus
3352 3053 3412 3088 nc

1811 3107 1923 3150 ante
1944 3096 2259 3163 initiationem
2279 3109 2345 3146 ea:
2367 3097 2459 3147 hac
2483 3096 2585 3163 uita
2599 3096 2931 3163 egrediantur,
2960 3098 3257 3161 baptismum
3277 3100 3406 3149 acci-

1815 3174 1929 3223 pere
1950 3160 2225 3223 festinantes
2248 3171 2360 3207 cum
2381 3157 2513 3207 omni
2536 3156 2789 3209 alacritate
2812 3171 2830 3220 ;
2852 3165 2904 3209 ut
2920 3156 3051 3219 cum,
3087 3169 3191 3209 etc.

3356 3277 3395 3286 σν

1502 3337 1846 3399 HOMILIA
1890 3337 1968 3398 ll.

125 3479 234 3531 Car.
270 3481 317 3533 l.
349 3496 402 3530 v.
440 3480 491 3533 6.
545 3478 713 3548 Igitur
761 3480 845 3549 qui
894 3490 1226 3534 conuenerant
1252 3522 1266 3543 ,
1321 3480 1702 3547 interrogabant

184 3586 286 3622 cum
338 3570 565 3622 dicatus
593 3586 611 3623 :
635 3569 867 3637 Domine,
910 3570 1034 3625 siin
1078 3579 1301 3639 tempore
1340 3571 1434 3623 hoc
1476 3569 1703 3622 restitues

182 3674 386 3723 regnum
414 3657 579 3711 Israel
601 3660 627 3711 Ρ

186 3746 230 3797 1.
273 3747 531 3815 Discipuli
555 3746 931 3818 interrogaturi
953 3748 1110 3802 simul
1127 3748 1346 3805 adeunt.
1389 3759 1445 3801 ut
1467 3749 1701 3801 multitu-

121 3834 244 3887 dinis
272 3835 579 3891 reverentia
606 3838 1009 3905 responsionem
1032 3837 1328 3893 obtineant.
1360 3837 1610 3893 Sciebant
1648 3837 1698 3892 id

123 3924 246 3992 quod
292 3940 468 3995 nuper
515 3924 743 3990 dixerat,
794 3925 960 3980 Nemo
1004 3928 1140 3980 novit
1172 3927 1352 3994 diem(
1377 3926 1563 3981 Matth.
1604 3927 1694 3981 2i.

124 4012 247 4081 56),
279 4014 602 4083 repellentis
628 4014 813 4082 fuisse,
853 4032 1026 4087 neque
1054 4018 1368 4087 ignorantis,
1423 4018 1516 4073 sed
1541 4017 1695 4073 ditl‘e-

125 4105 269 4158 rentis
300 4106 714 4173 responsionem
741 4124 752 4157 :
776 4107 913 4161 unde
936 4123 1120 4162 rursus
1135 4109 1416 4171 accedunt,
1446 4119 1500 4163 et
1530 4110 1694 4164 inter-

125 4205 316 4263 rogant.
363 4194 480 4248 Non
519 4203 697 4249 autem
736 4195 1174 4267 interrogassent,
1206 4200 1307 4255 nisi
1338 4199 1389 4253 id
1413 4214 1539 4255 vere
1569 4215 1692 4269 per-

122 4294 320 4339 suasum
340 4284 679 4343 habuissent.
702 4288 834 4353 Quia
858 4289 999 4343 enim
1030 4289 1329 4356 audierant,
1362 4307 1420 4346 se
1440 4292 1691 4361 Spiritum

123 4385 347 4431 sanctum
369 4385 685 4445 accepturos
706 4394 826 4434 esse
858 4389 914 4434 ut
927 4380 1038 4449 jam
1059 4381 1203 4451 digni
1227 4383 1278 4437 id
1309 4383 1555 4437 volebant
1574 4383 1678 4439 edi-

122 4478 279 4532 scere,
296 4467 409 4535 jam
434 4469 603 4536 parati
626 4469 693 4524 ad
718 4470 1018 4526 libertatem
1034 4474 1399 4528 obtinendam.
1416 4474 1530 4530 Non
1548 4476 1689 4530 enim

125 4554 353 4610 volebant
370 4571 432 4611 se
456 4558 509 4611 in
530 4559 767 4629 pericula
785 4561 1073 4631 conjicere,
1096 4562 1191 4617 sed
1214 4565 1385 4632 potius
1403 4565 1686 4635 respirare,

124 4656 180 4696 eo
204 4647 339 4715 quod
369 4663 478 4702 non
502 4650 689 4719 exigua
717 4662 918 4719 essent,
948 4670 1063 4723 qua:
1081 4655 1188 4709 illis
1206 4658 1562 4726 contigerant,
1592 4658 1687 4713 scd

125 4734 179 4788 de
196 4739 446 4794 extremis
483 4742 763 4809 periclitati
790 4755 990 4800 essent.
1009 4744 1170 4800 ‘Nihil
1210 4747 1370 4815 igitur
1398 4749 1464 4803 de
1489 4750 1687 4818 Spiritu

126 4822 330 4895 loquuti,
374 4830 456 4885 sic
503 4832 870 4904 interrogant:
903 4834 1139 4900 Domine,
1188 4840 1231 4890 si
1265 4841 1314 4892 in
1354 4851 1572 4910 tempore
1596 4842 1689 4895 hoc

124 4916 329 4973 restitues
352 4936 570 4991 regnum
595 4922 804 4979 Israel?
830 4925 945 4981 Non
976 4927 1244 4995 dixerunt,
1275 4930 1542 4997 Quando?
1570 4934 1683 5000 sed,

126 5007 192 5059 An
224 5025 361 5065 nunc
384 5013 409 5064 ἶ
457 5012 593 5068 adeo
614 5016 987 5073 desiderabant
1012 5019 1149 5074 diem
1178 5037 1520 5092 Cognoscere.
1564 5027 1686 5083 Ideo

126 5098 268 5153 multo
294 5115 416 5155 cum
439 5100 645 5160 honore
674 5108 889 5161 adeunt.
920 5109 1055 5165 Puto
1082 5120 1258 5167 autem
1289 5114 1407 5167 illos
1438 5130 1542 5169 non
1571 5118 1683 5171 cla-

125 5201 171 5239 re
202 5190 411 5247 novisse
440 5235 454 5259 ,
503 5196 771 5265 quodnam
812 5202 1102 5256 essetillnd
1153 5218 1372 5275 regnum
1405 5225 1419 5260 :
1449 5210 1683 5266 nondum

124 5278 244 5332 enim
286 5280 520 5351 Spiritus
551 5285 666 5340 illos
694 5288 963 5344 docuerat.
1005 5291 1113 5348 Nec
1140 5294 1409 5362 dixerunt,
1460 5297 1683 5365 Quando

126 5364 221 5425 lucc
237 5386 389 5427 erunt
413 5376 437 5427 ἲ
464 5377 557 5431 sed
579 5380 703 5448 quid
732 5381 755 5433 ἲ
796 5382 856 5436 Si
882 5384 934 5437 in
964 5393 1187 5454 tempore
1216 5388 1309 5441 hoc
1339 5364 1568 5446 restitues
1595 5409 1680 5447 re-

124 5474 255 5525 gnum
294 5463 513 5522 Israel?
539 5480 721 5539 utpote
764 5474 906 5542 quod
953 5476 1063 5543 jam
1102 5480 1393 5535 exciderat.
1444 5481 1568 5539 lltec
1609 5484 1679 5539 ita

124 5552 455 5625 sciscitantur,
496 5561 619 5631 quia
647 5578 773 5633 erga
805 5566 1073 5621 sensibilia
1102 5569 1277 5627 adhuc
1298 5572 1471 5628 affecti
1498 5585 1674 5642 erant,

123 5644 202 5696 etsi
227 5662 322 5701 tton
350 5659 603 5719 quantum
631 5664 789 5710 antea
823 5673 838 5710 :
868 5658 1101 5715 nondum
1142 5664 1284 5717 enim
1322 5664 1574 5721 meliores
1603 5668 1678 5721 fa-

123 5735 177 5787 rti
197 5751 346 5794 erant.
364 5742 449 5799 Sic
475 5745 693 5802 demum
727 5748 779 5802 hi
804 5750 1003 5818 majora
1022 5751 1088 5805 de
1112 5755 1197 5809 illo
1224 5756 1663 5827 imaginabuntur.

1812 3478 1944 3545 Quia
1987 3477 2147 3548 igitur
2184 3478 2248 3531 ad
2294 3478 2484 3532 altiora
2517 3480 2753 3547 provecti
2787 3490 2960 3542 erant,
3015 3488 3071 3534 ct
3096 3482 3211 3549 ipse
3238 3484 3409 3535 subli-

1810 3569 1947 3621 mius
1973 3582 2067 3623 eos
2087 3568 2393 3643 alloquitur.
2417 3568 2534 3623 Non
2566 3570 2675 3639 jam
2705 3574 2846 3624 enim
2877 3572 2944 3624 ita
2973 3571 3101 3627 dicit
3128 3574 3232 3627 illis
3257 3591 3270 3629 :
3302 3574 3411 3628 Νρ.

1808 3677 1901 3728 que
1931 3660 2100 3715 Filius
2128 3661 2261 3714 diem
2304 3663 2441 3716 nouit
2472 3663 2489 3731 (
2518 3661 2683 3715 Marc.
2713 3664 2799 3717 15.
2835 3663 2904 3718 32
2933 3664 2950 3733 )
2976 3681 2991 3729 ;
3022 3665 3117 3719 sed
3148 3667 3316 3736 quid?
3349 3671 3401 3720 '7.

1810 3752 1929 3806 Non
1951 3762 2021 3807 est
2038 3763 2256 3807 vestrum
2278 3771 2422 3808 nosse
2458 3766 2685 3824 tempora
2706 3757 2783 3809 rel
2806 3769 3077 3821 momenta,
3107 3776 3222 3829 qtae
3252 3761 3406 3815 I’utrr

1805 3844 1971 3911 posuit
2012 3844 2063 3895 in
2103 3860 2196 3897 sua
2242 3854 2506 3909 potestate.
2541 3845 2739 3913 Majora
2774 3888 2790 3912 ,
2833 3847 3050 3915 inquit,
3100 3852 3402 3918 pustulatis.

1807 3934 1962 4003 Atqui
2018 3934 2174 4002 longe
2223 3936 2457 4003 majora,
2504 3937 2713 4005 inquies
2746 3977 2762 4005 ,
2816 3938 2926 4007 jam
2974 3938 3291 3996 didicerant.
3335 3945 3401 4001 Ut

1802 4034 1979 4079 autem
2029 4024 2131 4079 hoc
2185 4038 2437 4082 accurate
2482 4026 2679 4091 discas,
2709 4029 2983 4100 perpende
3028 4048 3189 4102 quam
3233 4039 3400 4091 multa

1802 4129 2133 4169 recenseam.
2175 4114 2333 4182 Quid,
2366 4131 2568 4186 quiesn,
2597 4118 2769 4185 majus
2798 4120 2884 4185 iis,
2910 4137 3031 4191 quae
3060 4122 3401 4180 didicerant?

1801 4203 1903 4275 Ipsi
1936 4221 2125 4276 nempe
2149 4222 2267 4261 esse
2290 4208 2481 4261 Filium
2516 4209 2631 4272 Dei,
2661 4225 2781 4265 esse
2810 4210 2953 4265 Patri
2980 4212 3189 4271 honore
3216 4232 3396 4287 parem

1799 4297 2098 4352 didicerant
2152 4302 2168 4369 (
2197 4298 2359 4355 Joan.
2390 4302 2442 4356 5.
2481 4302 2563 4355 17.
2599 4302 2693 4373 19)
2724 4319 2738 4367 ;
2791 4307 3239 4365 resurrectionem
3284 4309 3400 4367 fore

1799 4402 1815 4458 (
1843 4388 2028 4442 Matth.
2055 4392 2136 4444 l7.
2163 4391 2225 4463 9)
2249 4432 2263 4453 ,
2295 4393 2467 4461 ipsum
2490 4395 2866 4451 ascendentem
2886 4413 3159 4454 sessurum
3182 4401 3247 4457 ad
3268 4403 3396 4459 dex-

1800 4489 1962 4535 teram
1992 4481 2163 4536 Patris
2185 4488 2203 4551 (
2223 4482 2347 4536 Luc.
2376 4484 2465 4537 22.
2494 4485 2583 4540 69.
2637 4487 2801 4543 Marc.
2835 4489 2921 4543 16.
2956 4490 3023 4547 19
3044 4490 3084 4561 ).
3112 4492 3244 4548 Rem
3270 4496 3393 4551 item

1797 4572 1964 4640 magis
1995 4573 2311 4641 stupendam
2340 4573 2660 4640 didicerant,
2699 4578 2839 4648 quod
2882 4594 3011 4635 caro
3039 4598 3273 4652 superne
3305 4602 3390 4639 sc-

1794 4660 1937 4727 dcat,
1982 4671 2036 4717 et
2079 4664 2333 4719 adoretur
2360 4666 2427 4721 ab
2460 4670 2685 4736 angelis,
2734 4672 2874 4739 quod
2909 4674 3100 4728 iterant
3133 4688 3394 4735 venturus

1795 4752 2122 4820 sitjudicare
2139 4755 2392 4810 mundum
2414 4760 2725 4816 universum
2753 4762 2967 4827 (Matth.
3004 4767 3091 4821 16.
3122 4770 3212 4823 27.
3258 4772 3385 4825 Lur.

1793 4843 1885 4898 2|.
1918 4847 1986 4899 27
2016 4847 2032 4915 )
2063 4864 2075 4899 :
2111 4847 2428 4914 didicerant,
2472 4855 2614 4922 quod
2655 4856 2752 4923 ipsi
2791 4872 3005 4927 quoque
3034 4871 3159 4917 tunc
3189 4868 3390 4919 sessuri

1793 4948 1971 4994 chent
1996 4940 2207 5009 judices
2236 4943 2520 4999 duodecim
2556 4948 2789 5004 tribuum
2836 4950 2994 5006 Israel
3026 4955 3044 5024 (
3074 4954 3261 5011 Matth:
3300 4959 3385 5012 lt).

1790 5027 1897 5100 23)
1928 5047 1939 5082 :
1968 5031 2266 5087 didicerant
2285 5034 2501 5091 Judteos
2521 5039 2816 5107 ejiciendos
2843 5059 2982 5110 esse,
3014 5054 3173 5116 atque
3202 5064 3385 5103 eorum

1791 5119 1911 5174 loco
1944 5122 2281 5190 ingressuras
2312 5138 2500 5196 gentos
2530 5129 2546 5198 (
2571 5128 2696 5183 an.
2725 5131 2815 5185 21.
2846 5132 2976 5204 21).
3027 5135 3244 5193 Discere
3274 5140 3386 5194 ha-c

1790 5210 1962 5265 futura
1988 5227 2129 5279 esse,
2162 5231 2409 5286 magnum
2443 5229 2547 5285 est;
2578 5220 2788 5277 discere
2806 5239 2968 5290 vero,
3010 5228 3243 5297 aliquem
3265 5246 3384 5287 esse

1766 5317 2151 5379 regnaturum,
2190 5321 2245 5366 et
2268 5316 2482 5383 quando
2520 5317 2570 5371 id
2608 5320 2837 5386 accidet,
2881 5338 2987 5377 non
3030 5326 3100 5379 ita
3128 5319 3379 5398 magnum

1786 5410 1887 5454 est.
1920 5402 2111 5457 Didicit
2140 5404 2335 5461 Paulus
2367 5425 2488 5477 quae
2518 5426 2622 5465 non
2656 5413 2853 5469 licebat
2882 5415 3084 5472 homini
3114 5420 3254 5486 loqui
3284 5423 3377 5490 (2.

1786 5490 1903 5545 Cor.
1932 5494 2016 5547 l2.
2048 5495 2141 5565 1),
2164 5498 2343 5553 omnia
2372 5517 2489 5569 qua:
2514 5504 2771 5559 mundum
2802 5506 2942 5561 hunc
2964 5524 3375 5577 prmcesserant.

1784 5580 1970 5637 Utrum
2015 5585 2224 5645 discere
2254 5589 2528 5648 difﬁcilius
2553 5605 2672 5660 est,
2727 5599 3046 5670 principium
3069 5619 3134 5656 an
3165 5604 3324 5661 finem
3354 5609 3376 5661 τ

1783 5671 1989 5743 Liquet,
2022 5677 2171 5745 prius
2190 5694 2311 5736 esse
2338 5681 2631 5740 difficilius.
2657 5688 2818 5758 Atqui
2847 5690 2897 5744 id
2927 5691 3139 5763 Moyses
3164 5697 3372 5766 didicit,

1783 5775 1831 5818 et
1860 5768 2073 5836 quando
2100 5780 2153 5824 et
2182 5785 2385 5842 quanto
2418 5786 2540 5832 ante
2570 5790 2810 5849 tempore
2838 5782 3095 5849 declarat.
3124 5802 3242 5843 cum
3271 5804 3369 5845 att-
