4098 6324
672 462 739 516 ἹΊ
1384 456 1440 510 S.
1480 451 1755 509 .IOANNIS
1789 440 2261 505 CHRYSOS'I'OMI
2307 436 2617 491 ARCIIIEP.
2647 429 3168 489 CONSTANTINOP.
3848 411 3922 464 25

676 592 769 626 nos
793 582 1084 627 enumerat.
1147 572 1256 628 Hoc
1295 579 1351 625 et
1402 570 1652 623 Salomon
1697 562 1938 623 sciebat;
1970 557 2089 609 ideo
2115 554 2187 605 ait
2220 568 2229 600 :

674 666 1078 718 Commemorabo
1094 681 1172 729 ea,
1191 678 1303 732 ante
1322 665 1524 734 fuerunt
1545 675 1577 711 a
1594 656 1777 711 sarculo
1793 650 1977 719 (Eccli.
2000 649 2061 701 5|
2077 686 2089 699 .
2126 644 2233 712 11).

674 757 822 821 Qum!
848 771 1007 825 porro
1038 756 1290 809 Dominus
1318 767 1481 822 prope
1506 749 1605 813 sit,
1660 746 1713 799 hi
1742 751 1924 813 postea
1955 743 2233 797 noverunt,

676 855 731 898 ιιι
779 857 837 904 rt
893 846 1105 909 Paulus,
1139 846 1225 914 qni
1271 845 1431 898 dicit:
1459 840 1707 893 Dominus
1760 849 1917 902 prope
1961 839 2061 892 est,
2111 825 2238 878 nihil

682 938 885 990 :olliciti
930 940 1037 990 sitis
1085 936 1338 1005 (Philipp.
1366 936 1421 988 4.
1447 934 1501 988 5.
1530 931 1628 1001 6
1672 927 1777 983 Sed
1822 936 1946 979 tunc
1988 935 2095 974 non
2136 932 2236 970 no-

680 1039 895 1094 verant,
930 1029 1136 1081 tametsi
1164 1028 1310 1095 signa
1336 1026 1444 1093 jam
1477 1026 1810 1090 acceperant.
1866 1012 2107 1068 Christus
2137 1022 2235 1060 au-

676 1131 782 1173 tem
837 1128 893 1173 ut
944 1119 1113 1181 dixit,
1161 1117 1282 1170 Non
1334 1124 1445 1185 post
1494 1115 1674 1167 multos
1727 1110 1817 1162 hos
1864 1106 1968 1159 dies
1999 1099 2237 1167 ,'volcns

676 1212 795 1262 illus
834 1210 1016 1277 vigiles
1060 1222 1200 1275 esse,
1245 1221 1344 1262 nec
1372 1205 1641 1261 evidenter
1667 1216 1778 1255 rem
1806 1195 2092 1253 declaravit
2125 1210 2137 1244 :
2167 1191 2236 1243 iza

677 1310 731 1351 et
753 1314 891 1353 nunc
916 1299 1060 1353 facit.
1089 1300 1167 1352 Illi
1207 1308 1381 1351 autem
1424 1297 1507 1350 hic
1536 1310 1640 1347 non
1662 1293 1729 1346 de
1760 1285 2231 1345 consummatione,

674 1390 769 1443 sed
803 1390 870 1443 dc
892 1406 1057 1459 regno
1088 1391 1449 1458 interrogant;
1488 1387 1713 1455 ideoque
1743 1382 1988 1438 dicebant
2019 1394 2033 1429 :
2076 1375 2136 1429 Si
2183 1373 2237 1423 in

679 1492 901 1548 tempore
953 1483 1047 1533 hoc
1107 1482 1333 1534 restitues
1396 1495 1602 1548 regnum
1662 1473 1825 1529 Israel
1857 1471 1910 1525 ’ἲ
1962 1469 2054 1523 Ille
2110 1477 2238 1519 vero

684 1586 854 1638 neque
904 1572 953 1623 id
998 1573 1076 1626 eis
1119 1571 1389 1624 revelavit.
1431 1570 1506 1623 De
1546 1570 1647 1620 line
1688 1575 1865 1619 autem
1904 1562 2126 1616 antehac
2160 1558 2238 1609 ln-

678 1663 1048 1731 terrugahant;
1097 1663 1189 1718 sed
1234 1678 1339 1717 non
1379 1660 1820 1731 quemadmodum
1856 1656 1964 1711 illic
2005 1649 2240 1707 severius

677 1753 984 1820 respondit,
1033 1753 1462 1813 abducensillos,
1510 1766 1577 1805 ne
1607 1758 1850 1819 putarent
1876 1745 2240 1800 liberationem

678 1860 797 1897 esse
827 1846 1072 1908 vicinam,
1107 1852 1159 1896 ct
1187 1843 1412 1911 conjecit
1442 1844 1558 1895 illos
1590 1844 1639 1895 in
1671 1838 1903 1910 pericula
1936 1854 1948 1889 :
1980 1836 2049 1889 ita
2080 1843 2133 1888 et
2156 1831 2245 1884 hic

680 1935 823 1994 facit,
878 1932 971 1985 sed
1018 1934 1362 1986 mansuetius.
1394 1933 1469 1986 Nc
1492 1940 1735 2001 putarent
1756 1930 1895 1984 enim
1922 1926 2020 1982 sibi
2054 1930 2243 1978 contu-

681 2025 891 2077 meliam
932 2023 1147 2086 inferri,
1195 2038 1328 2078 neve
1357 2025 1639 2077 crederent
1679 2022 1790 2075 lucc
1816 2020 2063 2074 obtentus
2103 2025 2240 2072 esse,

680 2115 799 2168 andi
830 2116 1096 2182 quomodo
1122 2116 1299 2168 statim
1324 2114 1427 2169 illis
1453 2114 1767 2183 polliceatur
1791 2127 1850 2165 se
1877 2106 2071 2176 aliquid
2095 2104 2247 2158 datu-

678 2221 815 2269 rum,
844 2205 911 2259 de
930 2220 1035 2273 quo
1050 2205 1369 2274 gauderent.
1396 2205 1632 2272 Subjecit
1660 2204 1816 2273 igitur
1855 2219 1868 2253 :
1894 2200 1947 2254 8.
1982 2196 2085 2252 Sed
2112 2194 2245 2247 acci-

678 2297 822 2363 pietis
846 2296 1080 2350 virtutem
1108 2297 1499 2364 supervenientis
1526 2297 1577 2348 in
1613 2311 1697 2347 vos
1724 2292 1949 2362 Spiritus
1990 2285 2169 2346 sancti,
2203 2291 2248 2334 et

677 2386 812 2437 eritis
834 2384 957 2435 mihi
982 2394 1128 2437 testes
1148 2386 1199 2437 in
1220 2384 1522 2448 Jerusalem,
1548 2394 1594 2436 et
1619 2383 1670 2434 in
1692 2382 1827 2434 omni
1852 2378 2057 2442 ludam,
2085 2382 2130 2427 et
2150 2371 2250 2426 Sa-

678 2474 859 2539 maria,
896 2480 942 2527 et
968 2490 1123 2542 usque
1150 2475 1217 2525 ad
1248 2474 1481 2526 uitiatum
1524 2482 1686 2525 terrm.
1735 2470 1930 2523 Deinde
1962 2482 2029 2520 ne
2066 2476 2249 2518 rursus

681 2566 850 2631 ipsum
867 2564 1276 2632 interrogarent,
1293 2564 1468 2617 statim
1483 2570 1784 2629 assumptus
1795 2555 2250 2623 est.Quemadmu-

679 2656 803 2706 dum
827 2655 986 2723 igitur
1008 2655 1112 2707 illic
1128 2661 1269 2707 metu
1293 2654 1437 2721 ipsos
1458 2652 1847 2715 obtencbravit,
1866 2665 1985 2705 cum
2012 2650 2161 2713 dixit,
2188 2660 2247 2701 se

683 2746 887 2798 nescire
920 2764 931 2797 :
960 2744 1037 2797 sic
1066 2753 1119 2797 et
1149 2745 1247 2797 hoc
1270 2745 1384 2797 loco
1401 2744 1577 2797 statim
1608 2752 1930 2809 assumptus,
1954 2750 2012 2793 ut
2034 2738 2243 2792 dicitur.

682 2836 840 2889 Multo
870 2851 1095 2903 namque
1124 2836 1197 2887 rei
1222 2835 1486 2888 desiderio
1514 2835 1847 2898 tenebantur,
1881 2849 2051 2902 neque
2079 2834 2244 2887 desti-

684 2927 897 2987 tissent;
914 2939 974 2977 ac
1004 2939 1219 2978 necesse
1239 2924 1521 2978 admodum
1542 2932 1675 2988 erat,
1704 2938 1769 2977 ne
1790 2925 1985 2977 scirent
2010 2924 2079 2986 id,
2105 2923 2243 2991 quod

681 3015 817 3067 scire
840 3014 1141 3081 cupiebant.
1191 3014 1282 3067 Dic
1306 3014 1445 3067 enim
1470 3013 1620 3079 mihi,
1658 3014 1783 3081 quid
1812 3013 1989 3066 minus
2025 3013 2247 3068 credunt

680 3104 923 3168 gentiles,
951 3118 1016 3155 an
1038 3104 1263 3155 futuram
1290 3104 1819 3167 consummationem,
1852 3117 1917 3155 an
1943 3102 2083 3171 quod
2111 3104 2244 3156 Deus

684 3193 843 3244 homo
872 3192 1037 3245 tinctus
1063 3193 1149 3255 sit,
1180 3200 1233 3244 et
1261 3208 1325 3245 ex
1357 3192 1585 3260 Virginis
1609 3201 1759 3246 ntero
1784 3192 2059 3261 prodierit,
2090 3202 2247 3262 atque

681 3302 800 3339 cum
831 3300 989 3341 carne
1018 3284 1086 3336 ab
1116 3284 1417 3347 hominibus
1451 3286 1593 3337 visus
1637 3286 1705 3338 sit
1732 3286 1755 3336 ?
1797 3299 1974 3339 annon
2022 3284 2121 3338 hoc
2150 3301 2245 3355 po-

683 3379 969 3431 stremum?
986 3380 1061 3433 Ita
1076 3388 1220 3433 certe
1233 3378 1772 3436 dietnrt:scs.Verum
1786 3375 2048 3445 pudetme
2062 3375 2159 3429 hac
2177 3374 2246 3430 de

681 3482 736 3519 re
764 3480 907 3536 Stepe
934 3465 1262 3535 loqui,quasi
1289 3464 1356 3519 de
1385 3465 1595 3534 negotio
1619 3465 1869 3535 quopiam
1889 3465 2240 3520 indifferente.

685 3557 884 3609 ltnrsus
912 3572 976 3610 ne
1003 3556 1257 3619 dicerent,
1303 3553 1410 3608 Cur
1454 3571 1567 3610 rem
1602 3554 1927 3624 suSpendis?
1979 3557 2074 3622 ait,
2120 3556 2245 3621 Qua:

685 3646 838 3699 Pater
868 3653 1031 3714 posuit
1058 3649 1108 3699 in
1136 3663 1227 3699 sua
1246 3656 1506 3709 potestate.
1562 3647 1715 3715 Atqui
1744 3661 1846 3700 una
1882 3655 1965 3701 est
1992 3647 2163 3701 Patris
2191 3658 2244 3701 et

680 3738 797 3792 Filii
830 3748 1081 3806 potestas,
1112 3746 1169 3790 ut
1195 3753 1314 3791 cum
1344 3737 1474 3791 dicit
1502 3755 1514 3789 :
1537 3736 1825 3791 Sicutenim
1846 3733 2000 3790 Pater
2021 3748 2243 3791 mortuos

676 3830 880 3881 suscitat
904 3837 951 3881 et
970 3828 1199 3895 vivi/iam,
1232 3830 1301 3879 ita
1319 3836 1364 3880 et
1386 3825 1434 3878 F
1436 3829 1551 3879 ilius
1569 3844 1691 3896 quos
1707 3828 1809 3879 vult
1826 3830 2039 3895 vivi/ica:
2064 3829 2237 3899 (Joan.

772 3921 886 3989 21).
934 3918 989 3973 Si
1038 3934 1157 3972 cum
1206 3918 1415 3986 operari
1463 3925 1693 3985 oportet,
1739 3933 1858 3971 cum
1910 3918 2095 3971 eadem
2136 3921 2243 3988 agit

679 4020 933 4077 potestate
963 4050 978 4073 ,
1026 4024 1205 4063 nation
1270 4023 1393 4062 enm
1460 4008 1597 4061 scire
1648 4008 1918 4077 quidpiam
1970 4019 2224 4078 Oportet,

675 4117 795 4155 cum
842 4099 1030 4155 eadem
1078 4100 1180 4153 scit
1230 4100 1536 4167 potestate?
1579 4100 1825 4153 Attamen
1878 4102 2029 4167 longe
2073 4102 2240 4170 majus

677 4205 757 4247 est
785 4199 1021 4246 mortuos
1047 4192 1323 4255 suscitare,
1365 4205 1521 4260 quam
1552 4190 1688 4245 scire
1716 4191 1856 4243 illam
1883 4191 2045 4246 diem.
2090 4192 2241 4259 Quod

679 4286 722 4336 si
751 4284 823 4343 id.
847 4282 986 4350 quod
1008 4283 1177 4349 majus
1196 4290 1296 4346 est,
1324 4295 1443 4335 cum
1475 4289 1730 4350 potestate
1747 4282 1889 4347 facit,
1908 4297 2083 4335 annon
2105 4282 2239 4335 mul-

680 4384 732 4426 to
763 4372 929 4441 magis
956 4371 1112 4425 faciet
1137 4382 1189 4425 et
1210 4373 1433 4425 alterum
1454 4372 1477 4425 ?

744 4467 797 4519 9..
842 4464 1033 4517 Verum
1082 4473 1138 4517 ut
1186 4479 1295 4519 rem
1338 4464 1571 4529 discatis,
1600 4465 1843 4533 exemplo
1889 4465 2038 4519 vobis
2090 4466 2232 4519 illam

674 4558 975 4611 declarabo.
1004 4556 1153 4611 Sicut
1196 4571 1312 4610 cum
1342 4557 1592 4610 infantem
1631 4556 1871 4611 videmus
1902 4558 2194 4625 plorantem
2216 4597 2232 4623 ,

675 4666 738 4704 ac
762 4665 904 4717 sa-pe
925 4648 1189 4715 quidpiam
1218 4662 1245 4699 a
1277 4648 1427 4700 nobis
1451 4655 1713 4715 petentem
1737 4646 1837 4701 sibi
1862 4661 1966 4700 non
1988 4661 2235 4702 necessa-

674 4743 831 4806 rium,
864 4739 916 4793 id
946 4740 1271 4792 occultamus
1296 4781 1309 4803 ,
1346 4753 1639 4807 vacuasque
1671 4739 1743 4792 illi
1782 4753 1970 4793 manus
1998 4740 2235 4795 ostendi-

673 4849 813 4896 mus,
860 4830 1135 4893 dicentes,
1190 4828 1327 4885 Ecce
1382 4846 1486 4885 non
1542 4830 1838 4885 habemus:
1901 4831 1970 4884 ita
2024 4841 2077 4885 et
2123 4832 2235 4901 ipse

671 4920 925 4990 apostolis
956 4920 1094 4973 fecit.
1123 4919 1314 4973 Verum
1341 4930 1400 4975 ut
1442 4922 1614 4976 infans
1653 4921 1741 4977 ille
1763 4962 1779 4987 ,
1810 4922 1855 4976 si
1881 4922 2011 4976 nihil
2055 4934 2237 4979 osten—

669 5014 875 5075 damus,
906 5012 1064 5065 instat
1094 5012 1376 5078 plorando,
1410 5029 1467 5065 se
1508 5013 1748 5067 delusum
1784 5014 1999 5078 videns,
2031 5030 2231 5085 nosque

669 5103 994 5157 discedimus
1035 5103 1312 5155 dicentes:
1353 5102 1515 5155 Vocat
1563 5118 1646 5157 me
1686 5104 1985 5171 quispiam,
2017 5116 2070 5157 et
2117 5108 2230 5173 ejus

668 5198 807 5267 quod
855 5198 1063 5266 petebat
1103 5199 1257 5260 loco,
1289 5197 1429 5250 aliud
1475 5197 1741 5265 quidpiam
1791 5197 1862 5250 illi
1911 5195 2137 5264 damus,
2174 5209 2230 5253 ut

668 5306 785 5343 cum
817 5305 844 5341 a
877 5288 967 5341 tali
991 5288 1251 5341 desiderio
1279 5302 1561 5340 avocemus
1586 5328 1599 5351 ,
1628 5298 1682 5341 et
1706 5288 1979 5341 laudantes
2011 5288 2060 5340 id
2088 5290 2226 5357 quod

671 5382 855 5432 dznmis
882 5395 989 5447 pra:
1022 5394 1080 5431 re
1126 5379 1361 5445 quaesita,
1390 5379 1563 5432 statim
1602 5393 1697 5431 nos
1741 5378 2081 5433 subducimus
2114 5397 2125 5432 :
2153 5382 2229 5434 sic

672 5476 792 5527 fecit
821 5473 1080 5528 Christus.
1106 5471 1181 5525 llli
1207 5472 1445 5539 accipere
1465 5473 1770 5540 quaerebant
1798 5489 1812 5534 ;
1843 5472 1927 5525 hic
1946 5486 2005 5525 se
2037 5472 2229 5526 habere

670 5566 899 5635 negavit.
945 5564 1187 5617 Attamen
1231 5561 1403 5630 primo
1447 5562 1739 5625 deterruit;
1786 5571 1838 5616 at
1877 5563 1998 5631 quia
2046 5574 2229 5616 "ursus

733 5728 749 5757 ¹
785 5726 837 5775 1η
860 5722 1034 5773 savllio
1066 5723 1138 5771 sic
1164 5722 1340 5786 legitur
1364 5734 1379 5786 :_
1407 5719 1483 5769 Illi
1522 5723 1689 5786 autem.
1709 5731 1800 5767 non
1836 5718 1901 5786 ἀς
1928 5729 2225 5766 consumma-

658 5794 783 5895 lltone
805 5787 1119 5901 grtterrogtmt,
1145 5782 1278 5845 δαίμ
1294 5782 1341 5832 si
1361 5782 1412 5831 in
1443 5788 1650 5844 tempore
1672 5780 1760 5829 hoc
1786 5780 2004 5829 restitues
2026 5789 2227 5838 regium

692 5864 800 5901 srae
828 5861 848 5901 Αι
868 5862 887 5889 ι

2344 547 2671 615 quaerebant,
2700 546 2885 598 iterum
2928 543 3056 597 dixit
3082 555 3141 595 se
3182 554 3286 594 non
3316 537 3536 589 habere.
3562 530 3759 585 Verum
3805 524 3923 593 jam

2348 652 2452 689 non
2486 636 2711 695 territat,
2746 634 2838 688 sed
2879 642 3151 703 postquam
3192 626 3421 712 ostendit
3447 622 3498 676 id
3522 618 3663 689 quod
3694 616 3922 712 fecerat.

2344 727 2499 782 aﬂert
2548 724 2873 794 probabilem
2912 736 3157 783 causam;
3194 710 3376 778 Pater,
3402 712 3605 780 inquit,
3650 705 3825 775 possit
3872 705 3927 752 in

2348 825 2708 888 suapotestatc.
2741 815 2876 881 Quid
2913 814 3074 884 ergo?
3101 826 3166 865 an
3198 823 3251 863 tu
3280 805 3453 862 nescis
3480 819 3565 865 ea,
3590 815 3711 870 qua:
3741 795 3929 851 Patris

2344 910 2502 962 sunt?
2528 923 2593 961 an
2623 909 2793 975 ipsum
2826 908 2983 968 nosti,
3013 915 3068 958 et
3094 917 3212 971 quae
3237 901 3354 968 ejus
3390 904 3516 950 sunt
3544 891 3801 963 ignoras?
3833 888 3930 940 Di-

2347 1000 2465 1052 xisti
2498 1016 2511 1050 :
2544 997 2708 1051 Nemo
2737 998 2870 1049 novit
2892 994 3097 1047 Patrem
3122 992 3219 1045 nisi
3250 988 3417 1041 Filius
3445 987 3463 1054 (
3491 985 3613 1037 Luc.
3646 981 3735 1035 10.
3760 978 3839 1033 23
3868 978 3887 1047 )
3914 996 3930 1041 ;

2346 1101 2418 1153 et,
2462 1091 2685 1157 Spiritus
2710 1089 2878 1161 omnia
2905 1093 3153 1139 scrutatur
3177 1123 3191 1145 ,
3225 1082 3372 1133 etiam
3404 1076 3661 1146 profunda
3687 1072 3787 1125 Dei
3820 1071 3839 1133 (
3884 1072 3931 1120 l.

2346 1181 2461 1234 Cor.
2491 1181 2543 1232 Ξ.
2582 1180 2641 1234 10
2670 1182 2724 1246 );
2752 1188 2805 1232 et
2833 1192 2885 1230 tu
2913 1191 2979 1230 ne
3008 1175 3108 1228 hoc
3153 1171 3365 1240 quidem
3398 1165 3573 1222 nosti?
3599 1164 3773 1218 Absit.
3807 1161 3935 1213 Non

2346 1281 2402 1325 ut
2446 1272 2543 1325 hoc
2569 1272 2897 1338 suSpicemur
2921 1307 2937 1331 ,
2971 1269 3040 1319 ita
3073 1267 3319 1332 loquutus
3347 1270 3457 1320 est;
3486 1258 3581 1311 sed
3612 1270 3671 1309 se
3715 1253 3936 1307 nescire

2346 1362 2577 1420 simulat,
2633 1370 2692 1413 ut
2749 1360 2869 1412 illos
2928 1358 2997 1410 ab
3060 1352 3425 1422 intempestiva
3480 1346 3779 1417 quastione
3837 1343 3937 1393 ab-

2346 1452 2521 1505 ducat.
2556 1452 2670 1505 Non
2719 1452 2831 1504 ausi
2862 1459 2987 1504 sunt
3029 1463 3156 1516 ergo
3204 1448 3396 1499 iterum
3446 1444 3803 1507 interrogare,
3867 1450 3939 1487 ne

2346 1541 2630 1595 audirent:
2668 1539 2734 1592 Et
2776 1556 2863 1593 nos
2902 1538 3191 1606 insipientes
3235 1535 3351 1587 estis
3381 1529 3609 1602 (Matth.
3645 1528 3735 1581 I5.
3772 1524 3845 1578 16
3871 1522 3939 1590 )?

2348 1631 2511 1685 Multo
2562 1631 2700 1685 enim
2752 1630 2920 1698 magis
2966 1628 3111 1681 illum
3163 1639 3301 1678 nunc
3358 1619 3708 1681 metuebant,
3765 1628 3941 1684 quam

2350 1730 2523 1775 antea.
2581 1721 2686 1774 Sed
2738 1720 2992 1789 accipietis
3059 1717 3290 1769 virtutem
3343 1708 3740 1781 supervenientis
3796 1704 3939 1771 Spi-

2351 1816 2476 1867 ritus
2526 1813 2686 1866 sancti
2734 1802 2799 1864 in‘
2836 1827 2921 1863 vos
2950 1809 2971 1881 (
3002 1808 3167 1863 Marc.
3200 1809 3251 1860 7.
3281 1806 3349 1859 18
3380 1809 3418 1873 ).
3468 1796 3941 1869 Quemadmodum

2352 1906 2490 1961 enim
2543 1904 2649 1958 illic
2703 1918 2810 1957 non
2862 1902 2931 1956 ad
2980 1902 3298 1969 interrogata
3356 1894 3631 1964 respondit
3684 1890 3939 1961 (doetu-

2353 1997 2424 2049 ris
2470 1996 2611 2049 enim
2657 2003 2773 2059 est,
2806 2008 2911 2046 non
2961 1991 3102 2061 quod
3157 1990 3270 2044 vult
3314 1984 3631 2055 discipulus,
3662 1982 3759 2036 sed
3792 1978 3941 2048 quod

2355 2087 2453 2155 ipsi
2483 2086 2712 2155 expedit,
2737 2085 2937 2139 docere
2960 2083 2979 2153 )
3004 2100 3017 2136 :
3050 2084 3123 2136 ita
3148 2090 3202 2135 et
3230 2095 3389 2141 nunc,
3417 2093 3537 2146 quae
3561 2076 3776 2130 discere
3802 2085 3943 2140 opus

2355 2187 2469 2243 erat
2506 2176 2777 2245 praedicit,
2815 2190 2883 2229 ne
2936 2172 3216 2227 turbentur
3245 2188 3257 2222 :
3287 2169 3514 2223 fortasse
3561 2164 3685 2235 quia
3738 2160 3942 2215 infirmi

2356 2278 2527 2323 erant.
2550 2268 2619 2324 Ut
2650 2276 2825 2321 autem
2855 2265 3101 2319 ﬁduciam
3131 2263 3299 2324 indat,
3331 2260 3568 2329 ipsorum
3598 2255 3814 2309 animos
3837 2252 3944 2305 eri-

2354 2362 2426 2429 git
2452 2403 2467 2425 ,
2490 2369 2543 2414 et
2571 2374 2796 2413 onerosa
2830 2359 2987 2411 texit.
3012 2356 3143 2421 Quia
3191 2354 3332 2407 enim
3363 2350 3522 2421 paulo
3553 2355 3671 2416 post
3701 2346 3828 2400 illos
3860 2358 3944 2397 re-

2358 2452 2574 2504 licturus
2595 2458 2730 2511 erat,
2751 2448 2883 2500 nihil
2907 2446 3033 2514 ipsis
3059 2457 3308 2512 asperum
3334 2439 3649 2506 simpliciter
3674 2435 3943 2504 loquitur;

2358 2540 2451 2594 sed
2476 2539 2641 2610 quid?
2668 2538 2801 2591 Cum
2831 2537 3061 2591 admixta
3091 2533 3247 2588 laude
3276 2533 3496 2585 molesta
3528 2528 3737 2597 mitigat
3766 2542 3781 2589 ;
3814 2541 3880 2579 ac
3903 2525 3946 2576 si

2356 2636 2561 2693 diceret
2586 2646 2599 2682 :
2628 2630 2706 2683 Ne
2737 2629 2998 2694 timcatis;
3024 2641 3144 2680 nam
3189 2623 3459 2690 Accipietis
3498 2623 3735 2674 virtutem
3763 2632 3948 2669 sacer.

2358 2700 2599 2791 venientis
2639 2722 2864 2791 Spiritus
2903 2718 3060 2772 sancti
3087 2718 3138 2769 in
3166 2732 3268 2780 vos,
3296 2724 3343 2768 et
3373 2714 3510 2767 eritis
3550 2711 3674 2763 mihi
3719 2716 3873 2761 testes
3900 2708 3948 2757 in

2355 2798 2700 2877 λετ-ωαιῶ
2719 2824 2765 2868 et
2790 2814 2842 2867 in
2868 2811 3004 2865 omni
3026 2808 3210 2862 Iudam
3232 2848 3247 2870 ,
3272 2819 3316 2859 et
3343 2804 3600 2858 Samaria.
3625 2800 3762 2868 Quia
3807 2798 3951 2851 enim

2355 2914 2557 2968 dixerat
2584 2958 2598 2979 ,
2625 2917 2688 2969 In
2707 2890 2861 2979 Mm
2888 2902 3108 2972 gentium
3153 2916 3215 2951 ne
3264 2897 3502 2957 abieritis,
3528 2903 3574 2946 et
3612 2894 3667 2945 in
3696 2890 3953 2943 ciuitatem

2354 3003 2791 3059 Samaritanorum
2809 2982 2910 3059 ᾏλε
2951 2991 3252 3044 intraveritis
3278 2988 3297 3056 (
3327 2985 3509 3037 Matth.
3546 2984 3632 3038 10.
3664 2982 3698 3037 5
3725 2982 3743 3047 )
3772 2997 3788 3042 ;
3818 2992 3957 3032 nunc

2357 3110 2486 3149 vero
2512 3098 2623 3151 vult
2659 3114 2751 3153 ρος
2783 3071 3087 3169 prmmcare
3116 3082 3169 3134 in
3191 3078 3334 3133 omni
3360 3076 3543 3131 Iudam
3583 3083 3637 3129 et
3664 3071 3956 3131 Samaria;

2354 3204 2470 3256 qua:
2504 3200 2627 3244 tunc
2653 3208 2757 3247 non
2784 3164 3141 3256 dixerakhic
3177 3174 3377 3229 addidi!
3397 3214 3412 3238 ν
3446 3170 3511 3224 Ε⁸
3540 3183 3696 3237 ωσυε
3734 3166 3810 3219 ad
3835 3164 3961 3218 ιω·

2355 3296 2491 3332 mum
2521 3291 2683 3337 terrm.
2719 3284 2803 3349 Et,
2852 3259 3294 3356 quodVMnium
3339 3259 3802 3356 terribilissimttm
3826 3263 3966 3356 lerat

2351 3373 2620 3441 loquutus,
2655 3390 2722 3428 ne
2752 3345 2936 3432 rursus
2965 3345 3600 3443 ηιυωᾛιθπθεπθηίν
3630 3349 3685 3401 9‘
3730 3345 3973 3443 ﬁdenq-

2495 3464 2589 3511 Πιὴ
2610 3438 2848 3511 elluatus
2886 3479 2958 3511 pst
3029 3480 3074 3511 at
3106 3438 3291 3511 γυψὶ
3310 3442 3522 3511 “nec?”
3550 3456 3663 3492 em"
3707 3438 3778 3488 ab
3805 3438 3974 3488 0cm“

3034 3302 3310 3475 me

3310 3475 3521 3511 οιιῡιοσμκ
3550 3475 3663 3492 ῠνηο
3707 3475 3737 3488 u-

3211 3577 3241 3615 e
3277 3578 3307 3617 ε,
3388 3531 3693 3601 implevisse
3722 3542 3745 3581 ε

3207 3655 3295 3709 Hm
3344 3626 3494 3708 ilh's.
3528 3622 3622 3677 Ubi
3657 3619 3745 3672 tim

3226 3747 3294 3800 ibi
3328 3748 3464 3814 prim
3558 3709 3745 3780 pm“

3210 3851 3303 3889 rce.
3339 3837 3505 3890 Deind
3596 3798 3659 3851 ³ί¹
3687 3798 3745 3850 ³(

3207 3926 3425 3978 alentibus
3449 3930 3552 3983 illis
3639 3892 3745 3943 1m

3210 4018 3503 4080 esurrexit,
3534 4035 3624 4073 set.
3677 3976 3745 4079 ’,1

3207 4123 3301 4157 aue
3346 4118 3591 4157 asncctns
3624 4113 3672 4157 1η

3558 3709 3863 3780 ρτωάἰαιιε
3884 3745 3903 3769 ,
3930 3712 3985 3755 et

3596 3798 3659 3851 ad
3687 3797 3865 3850 Iidem
3899 3792 3985 3844 fac

2349 4104 2574 4155 dentibus
2600 4104 2819 4157 elevatus
2842 4113 2949 4167 est;
2979 4107 3099 4173 quia
3128 4121 3301 4175 neque
3346 4118 3591 4175 aspectus
3623 4104 3672 4164 lii

2348 4195 2535 4260 putuit.
2563 4193 2693 4247 Nam
2746 4196 3151 4249 resurrectionis
3198 4198 3353 4251 linem
3401 4198 3681 4266 viderunt,

2351 4218 2535 4260 puum.
2563 4218 2693 4247 nam
2747 4218 3151 4249 resurrectionis
3199 4218 3353 4251 tinem
3401 4218 3681 4266 Vlucrunt,
3784 4252 3798 4294 ι
3864 4252 3993 4291 an“

2351 4300 2452 4337 non
2482 4286 2641 4349 item;
2673 4287 3051 4355 assumptionis
3101 4302 3227 4341 vero
3268 4288 3474 4341 initium
3520 4218 4001 4524 vider-ny“me
4096 4288 4098 4307 ι

2351 4389 2474 4426 vero
2502 4374 2679 4427 linem.
2716 4374 2902 4429 Inutile
2947 4391 3175 4444 namque
3217 4377 3400 4430 fuisset
3446 4379 3498 4431 in
3529 4394 3748 4433 resurrc
3960 4422 4004 4462 ,ι

2351 4466 2552 4519 initium
2587 4467 2787 4524 videre.
2818 4467 2933 4524 ipso
2965 4476 3227 4524 omsente
3253 4470 3342 4524 aui
3366 4469 3478 4523 lucc
3506 4470 3748 4524 louucret
3813 4520 3815 4524 ,

2348 4389 2474 4426 vero
2502 4374 2679 4427 linem.
2716 4374 2902 4429 Inutile
2947 4391 3175 4444 namque
3217 4377 3400 4430 fuisset
3446 4379 3498 4431 in
3529 4394 3748 4433 resurrc

2348 4466 2552 4519 initium
2587 4467 2787 4531 videre,
2818 4467 2933 4536 ipso
2965 4476 3227 4535 prasente
3253 4470 3342 4537 qui
3366 4469 3478 4523 lucc
3506 4470 3748 4537 loqueret

2345 4561 2588 4629 sepulcro
2604 4562 2917 4616 testiﬁcante
2939 4562 3108 4629 ipsum
3135 4562 3205 4615 ibi
3222 4563 3331 4629 jam
3352 4575 3456 4615 non
3480 4576 3599 4615 esse
3632 4578 3644 4614 :
3679 4564 3775 4616 sed

2345 4653 2755 4721 assumptionem
2805 4663 3025 4721 sequuta
3074 4661 3217 4716 sunt,
3239 4652 3403 4706 verbo
3452 4651 3658 4705 discere
3701 4666 3773 4721 ορ

2343 4740 2451 4794 bat.
2477 4742 2610 4807 Quia
2640 4742 2780 4795 enim
2811 4756 2916 4793 non
2951 4749 3195 4808 poterant
3221 4741 3360 4793 oculi
3385 4740 3449 4793 ad
3482 4749 3679 4794 tantam
3708 4755 3773 4808 pe

2338 4846 2465 4901 gere
2489 4831 2879 4894 celsitudinem,
2910 4846 3006 4885 nec
3033 4830 3227 4884 docere
3255 4845 3321 4883 an
3346 4830 3397 4883 in
3428 4829 3639 4896 czelum,
3669 4844 3737 4883 an
3759 4845 3795 4899 q

2340 4924 2394 4977 ia
2423 4923 2607 4975 czelum
2634 4920 2951 4983 ascenderit,
2984 4919 3250 4988 videquid
3280 4919 3471 4973 factum
3498 4921 3588 4973 sit.
3617 4918 3771 4985 Quod
3812 4922 3827 4971 ἲ

2338 5013 2493 5067 .Iesus
2535 5020 2713 5073 esset,
2763 5010 3003 5064 sciebant
3029 5025 3095 5065 ex
3122 5012 3183 5063 iis
3206 5052 3222 5075 ,
3252 5025 3367 5079 qua:
3394 5008 3460 5063 ad
3488 5009 3632 5077 ipsos
3662 5010 3815 5078 loqur

2339 5107 2535 5168 fuerat;
2582 5102 2761 5172 procul
2790 5117 2915 5155 vero
2946 5104 3173 5168 positum
3205 5118 3308 5155 non
3348 5109 3591 5170 poterant
3616 5102 3788 5156 oculis

2336 5211 2595 5268 gnoscere
2622 5213 2635 5259 ;
2667 5194 2805 5263 quod
2840 5204 3014 5247 autem
3060 5195 3109 5246 in
3154 5196 3340 5247 (uelum
3372 5201 3651 5261 susceptus
3689 5202 3780 5259 sit,

2340 5298 2519 5356 postea
2544 5286 2843 5339 docuerunt
2866 5284 3198 5353 angeli.Vide
3224 5284 3493 5353 quomodo
3517 5288 3789 5353 provisum

2339 5390 2393 5433 ut
2421 5395 2525 5433 non
2550 5377 2747 5446 Spiritu
2771 5378 2943 5429 omnia
2970 5417 2985 5439 ,
3011 5377 3104 5430 sed
3130 5377 3371 5445 quazdam
3404 5378 3573 5431 oculis
3615 5377 3909 5479 cernere},

2338 5482 2438 5525 tur.
2469 5470 2577 5524 Cur
2601 5476 2777 5521 autem
2806 5468 2972 5521 nubes
3002 5467 3232 5535 suscepit
3257 5467 3422 5522 eum?
3448 5469 3560 5524 Hoc
3588 5467 3902 5571 quoque

2334 5576 2494 5629 gnum
2523 5567 2658 5621 erat,
2683 5558 2853 5627 ipsum
2877 5556 3182 5611 ascendisse
3211 5558 3262 5609 in
3288 5559 3499 5613 calum.
3522 5560 3637 5615 Non
3666 5532 3890 5673 ignis":l

2340 5653 2499 5673 l.‘l2-...
2556 5664 2729 5673 --ι-..ιι
2755 5664 2935 5673 ,ιη-...ω
2969 5648 3147 5673 ἒι-..ιη-ιιι
3176 5648 3193 5673 Ι
3218 5649 3236 5673 Ι
3302 5649 3402 5673 ΠΛ-
3450 5650 3484 5673 α
3534 5652 3552 5673 Ι
3571 5653 3588 5673 Ι
3616 5651 3635 5673 κ
3689 5651 3778 5673 --.Ι
3803 5669 3817 5673 _

2340 5653 2526 5716 Eliam,
2556 5664 2731 5718 neque
2754 5664 2938 5702 currus
2968 5648 3149 5717 igneus
3175 5648 3261 5715 (4.
3296 5649 3422 5720 Reg.
3450 5650 3505 5704 9...
3530 5652 3591 5707 11
3616 5651 3661 5719 ),
3687 5651 3778 5703 sed
3801 5648 3867 5718 ι”ἶ

2340 5744 2431 5796 bes
2461 5740 2694 5809 suscepit
2732 5754 2888 5805 eum;
2924 5738 3065 5809 quod
3092 5748 3206 5793 erat
3232 5741 3347 5794 caeli
3378 5743 3677 5813 symbolqu
3700 5776 3716 5798 .
3745 5676 3867 5875 "Ib

2340 5831 2615 5875 nmnhnln-
2656 5828 2754 5875 nni
2782 5830 2946 5875 uomit
2970 5830 3023 5875 in
3070 5830 3198 5875 nube
3248 5846 3507 5875 ascensum
3552 5838 3687 5875 manu
3711 5819 3731 5875 1
3752 5817 3826 5868 PN

3751 4150 3990 4207 initium

3773 4520 4001 4937 ξ

3922 4700 4001 4735 η-

3982 4788 3997 4822 ι

3773 4845 3795 4899 1

3826 4937 3985 5206 ἕ

2339 5744 2431 5796 bes
2461 5740 2694 5809 suscepit
2732 5754 2888 5805 eum;
2924 5738 3065 5809 quod
3092 5748 3206 5793 erat
3232 5741 3347 5794 caeli
3370 5706 3677 5813 symbolum
3700 5776 3716 5798 ,
3745 5706 3888 5813 ut

2337 5831 2617 5901 propheta,
2656 5828 2754 5896 Qui
2782 5830 2946 5899 posuit
2970 5830 3023 5883 in
3070 5830 3198 5885 nube
3248 5846 3508 5887 ascensum
3551 5817 3879 5889 mmihi"
