4098 6324
153 373 202 428 ω
1164 358 1225 415 ΙΝ
1264 357 1443 414 ACTA
1487 348 2256 409 APOSTOLOBUM.HOMIL.
2296 350 2359 405 ll.
3357 344 3426 401 50

152 488 337 561 103.5)
406 500 741 558 quamquam
783 485 883 538 hoc
924 480 990 536 de
1022 479 1179 533 Patre
1221 478 1422 531 dictum
1466 481 1568 526 est.
1602 469 1724 525 Ideo

147 584 284 651 dicit,
307 583 361 637 In
404 579 572 645 nube,
604 576 888 634 declarans
914 572 967 627 id
1015 586 1135 626 esse
1164 569 1217 623 in
1252 564 1501 639 symbolo
1528 562 1724 617 divina:

147 672 384 744 potentia:
414 690 429 728 :
464 685 642 740 neque
685 667 827 722 enim
857 664 961 718 alia
989 663 1157 716 virtus
1188 659 1295 713 ulla
1345 657 1397 711 in
1424 655 1563 709 nube
1589 666 1719 707 con-

144 766 377 833 spicitur.
430 762 567 817 Audi
621 774 809 815 rursus
862 754 990 826 quid
1041 753 1178 807 alius
1224 748 1487 820 propheta
1532 744 1723 799 dicat:

145 858 386 911 Dominus
403 853 539 909 sedet
563 867 717 920 super
736 849 916 903 nubem
945 845 1100 899 levem
1128 840 1279 912 (Isai.
1310 839 1399 894 l9.
1429 838 1505 906 1).

206 950 262 1004 3.
301 946 436 1002 Cum
462 958 593 1015 ergo
618 942 688 997 de
712 956 771 995 re
793 981 810 1005 ,
842 951 1001 1008 quam
1040 933 1400 990 necessariam
1446 926 1722 997 putabant.

142 1046 567 1111 interrogarent,
615 1047 844 1103 cumque
885 1028 1043 1084 dictis
1087 1022 1374 1080 admodum
1422 1018 1609 1111 intenti
1636 1030 1727 1111 es-

138 1142 287 1197 sent,
318 1108 375 1186 et
421 1127 675 1184 concitati
722 1138 819 1178 nec
861 1120 1220 1176 dormitantes
1243 1157 1259 1181 ,
1292 1115 1395 1169 hoc
1422 1110 1635 1166 accidit.
1670 1108 1728 1163 ln

141 1231 317 1277 monte
368 1233 583 1292 quoque
639 1215 805 1270 nubes
857 1219 1075 1281 propter
1122 1209 1295 1277 ipsum
1338 1213 1475 1269 erat,
1517 1199 1729 1272 quando

139 1317 346 1386 Moyses
376 1314 650 1384 ingressus
692 1318 774 1362 est
826 1307 881 1361 in
926 1303 1209 1373 caliginem
1236 1302 1256 1369 (
1289 1298 1457 1353 Exod.
1484 1298 1573 1352 33.
1598 1295 1631 1349 9
1663 1294 1682 1364 )
1711 1309 1727 1359 ;

139 1408 228 1463 sed
252 1422 362 1462 non
391 1412 612 1476 propter
638 1402 785 1455 illum
816 1398 986 1454 nubes
1011 1402 1148 1451 erat.
1179 1393 1276 1448 Ille
1297 1406 1425 1447 vero
1464 1405 1570 1445 non
1596 1388 1730 1443 sim-

141 1499 351 1565 pliciter
377 1495 531 1554 dixit.
570 1491 737 1557 l'ado,
767 1505 836 1545 ne
878 1503 1089 1543 rursum
1125 1485 1411 1548 dolerent;
1442 1481 1538 1538 scd
1575 1478 1728 1544 dixit,

141 1589 395 1657 Spiritum
447 1585 591 1639 mitto
621 1582 823 1656 (Joau.
853 1581 943 1636 16.
985 1581 1039 1637 5.
1092 1578 1199 1648 7).
1252 1574 1406 1644 Quod
1450 1581 1628 1629 autem
1677 1571 1730 1626 in

138 1681 325 1734 caelum
352 1677 563 1740 abiret,
597 1674 727 1745 ipsis
759 1670 929 1728 oculis
957 1669 1280 1724 didicerunt.
1307 1666 1499 1735 Papa,
1532 1670 1733 1735 quanto

138 1768 448 1839 spectaculo
495 1764 696 1836 dignati
740 1762 900 1818 sunt!
929 1760 1018 1816 10.
1054 1758 1277 1829 Cumque
1298 1758 1633 1822 intuerentur,
1653 1753 1734 1808 in-

137 1864 271 1933 quit,
301 1864 359 1917 in
387 1860 569 1916 calum
608 1867 805 1914 euntem
831 1857 976 1911 illum
996 1897 1012 1923 ,
1038 1870 1150 1909 ecce
1176 1855 1277 1907 duo
1306 1852 1403 1906 viri
1431 1852 1734 1924 adstiterant

140 1957 236 2009 illis
260 1955 316 2007 in
339 1962 472 2007 veste
498 1950 614 2004 alba
636 1991 653 2016 ,
684 1949 769 2019 qui
790 1956 834 2002 et
864 1948 1101 2000 dixerunt
1144 1961 1162 1999 :
1206 1942 1311 1998 Viri
1340 1941 1544 1997 (ἔαιίιωὶ
1563 1982 1578 2007 ,
1612 1941 1735 2012 quid

141 2048 280 2100 statis
307 2045 612 2112 aspicientes
656 2042 708 2094 in
754 2038 933 2094 calum
950 2038 976 2091 1’
1003 2035 1104 2090 llic
1129 2034 1304 2099 Iesus,
1334 2034 1420 2101 qui
1447 2045 1735 2102 assumptus

141 2149 209 2192 est
235 2154 268 2190 ιι
294 2137 439 2191 vobis
464 2135 519 2188 in
559 2133 758 2188 celum.
792 2127 1282 2185 Demonstrantium
1312 2139 1462 2180 more
1506 2124 1737 2194 loquun-

144 2241 258 2285 tur:
287 2226 411 2293 llic,
430 2226 519 2294 qui
541 2230 831 2291 assumptus
858 2230 931 2276 est
955 2236 986 2273 a
1009 2220 1146 2274 vobis
1165 2220 1219 2272 in
1240 2218 1439 2283 cazlum,
1462 2217 1535 2270 sic
1554 2216 1733 2281 veniet,

142 2316 565 2389 qnwmdmoduin
615 2313 809 2368 vidistis
852 2327 969 2365 eum
1018 2322 1217 2363 euntem
1273 2308 1329 2361 in
1374 2307 1579 2363 calum.
1630 2306 1735 2361 lte-

144 2426 255 2462 rum
306 2407 427 2462 Li-ta
474 2406 686 2474 species
733 2410 835 2457 est.
889 2400 1077 2472 Angeli
1120 2401 1262 2455 enim
1303 2399 1520 2470 quidam
1564 2397 1741 2452 homi-

146 2514 265 2551 num
312 2495 499 2567 specie
545 2493 819 2548 adstantes
866 2490 1162 2546 dixerunt:
1208 2489 1313 2543 Viri
1350 2487 1571 2543 Galilei.
1607 2485 1739 2542 Fide

146 2590 285 2661 digni
340 2600 491 2644 certe
539 2586 853 2641 videbantur
890 2597 1012 2637 cum
1060 2582 1296 2637 dicerent
1321 2623 1337 2647 ,
1376 2579 1482 2633 Viri
1514 2579 1737 2633 Galilei.

151 2680 327 2753 '[Ad
376 2680 504 2751 quid
557 2678 702 2733 enim
796 2676 1023 2745 patriam
1072 2679 1503 2736 memorassent,
1537 2670 1638 2725 nisi
1684 2679 1742 2724 ut

151 2781 307 2837 tidem
335 2779 578 2834 facerent
601 2776 625 2830 τ
650 2774 670 2848 ]
700 2774 779 2829 Ex
814 2773 996 2843 specie
1034 2784 1245 2841 quoque
1290 2769 1410 2823 illos
1435 2769 1500 2822 ad
1527 2782 1585 2821 se
1611 2781 1740 2820 con-

148 2874 460 2936 vertebant,
505 2869 842 2925 declarantes
885 2880 946 2921 se
991 2863 1059 2920 de
1100 2862 1249 2917 ca-lis
1292 2875 1414 2917 6530
1453 2861 1737 2929 protectos.

146 2969 252 3023 Cur
281 2982 391 3022 non
420 2965 536 3034 ipse
561 2958 807 3018 Christus
847 2960 965 3013 haec
1012 2956 1143 3027 ipsis
1195 2954 1430 3024 loquitur
1453 2993 1467 3017 ,
1496 2950 1591 3007 sed
1640 2966 1740 3005 an-

147 3069 252 3139 geli
277 3067 301 3121 3
329 3064 486 3121 Prius
515 3062 619 3117 illis
647 3059 826 3116 omnia
856 3056 1086 3121 dixerat,
1111 3053 1223 3122 jam
1248 3064 1375 3105 vero
1400 3064 1493 3119 per
1522 3046 1745 3139 angelos

148 3137 253 3215 illis
297 3160 352 3213 in
384 3154 700 3212 memoriam
751 3156 967 3205 revocat
1003 3162 1068 3202 ea
1094 3186 1110 3210 ,
1139 3160 1258 3215 quae
1303 3141 1604 3197 audierant.
1634 3137 1746 3193 Nec

146 3253 424 3315 dixerunt,
448 3246 619 3314 Quem
645 3241 848 3297 vidistis
889 3248 1247 3309 assumptum,
1278 3232 1373 3289 sed
1398 3273 1415 3300 ,
1448 3231 1665 3285 Euntem
1690 3232 1761 3291 in

145 3346 367 3406 caelum;
394 3350 455 3397 ut
481 3337 794 3395 ostendatur
817 3332 1234 3401 assumptioncm
1267 3328 1435 3393 illam,
1467 3320 1743 3381 ascensio-

146 3450 270 3489 nem
300 3432 473 3486 fuisse
514 3447 528 3483 :
572 3428 751 3484 carnis
781 3434 961 3479 autem
987 3431 1069 3475 est
1099 3419 1321 3475 assumi.
1354 3417 1479 3473 ideo
1512 3416 1698 3472 dicunt
1730 3434 1743 3469 :

150 3527 251 3594 Qui
279 3532 575 3588 assumptus
603 3528 677 3575 est
698 3534 730 3572 a
756 3516 911 3575 vobis.
936 3514 1008 3568 sic
1042 3514 1200 3567 veniet
1228 3526 1245 3564 .'
1274 3524 1378 3564 non
1409 3550 1425 3575 ,
1470 3508 1706 3563 Miltctur
1728 3547 1743 3573 ,

146 3619 263 3681 sed,
308 3615 505 3669 Veniet.
535 3612 650 3679 Qua
680 3610 733 3663 iu
772 3624 830 3662 re
856 3622 986 3676 ergo
1014 3605 1188 3658 minor
1212 3612 1294 3657 est
1322 3600 1531 3655 Filius?
1575 3598 1747 3653 Nubes

144 3707 374 3777 suscepit
403 3719 537 3758 eunt.
577 3699 772 3765 Recte;
801 3698 915 3767 ipsc
957 3694 1099 3749 enim
1126 3690 1369 3747 ascendit
1412 3690 1465 3743 in
1508 3688 1743 3742 nubem:

144 3797 407 3866 aluoniam
440 3791 543 3858 Qui
562 3788 808 3850 ascendit,
836 3788 946 3856 ipse
969 3793 1044 3838 est
1060 3784 1147 3854 qui
1171 3781 1427 3836 descendit
1450 3778 1667 3850 (Ephes.
1690 3779 1743 3833 4.

144 3890 261 3958 1ο).
296 3881 719 3945 Animadverte,
753 3875 1022 3947 quomodo
1050 3875 1152 3929 alia
1185 3872 1479 3928 secundum
1508 3871 1747 3940 discipu-

143 3984 326 4035 lorum
378 3982 612 4031 mentem
644 3971 887 4026 dicantur
912 4009 928 4033 ,
967 3966 1069 4020 alia
1111 3964 1404 4019 secundum
1435 3961 1748 4031 dignitatem

145 4073 263 4125 Dei.
283 4064 693 4131 Sublimiorque
721 4059 937 4115 demum
968 4055 1108 4110 facta
1133 4063 1216 4108 est
1242 4067 1395 4106 mens
1421 4050 1715 4105 videntium
1734 4039 1764 4102 τ’

139 4177 207 4215 ac
231 4155 469 4215 secundi
497 4152 757 4207 adventus
786 4163 892 4203 non
922 4161 1138 4217 parvam
1171 4144 1277 4198 illis
1305 4141 1452 4197 dedit
1476 4142 1748 4207 notitiam;

142 4250 275 4306 illud
305 4248 479 4309 enim,
510 4243 600 4299 Sic
642 4241 821 4305 veniet,
851 4238 954 4293 hoc
981 4234 1244 4306 signiﬁcat
1277 4251 1291 4288 :
1319 4247 1439 4287 cum
1483 4246 1710 4301 corpore
1735 4272 1748 4293 ,

141 4344 328 4412 inquit
361 4359 373 4392 :
406 4336 538 4393 illud
565 4336 707 4391 enim
756 4331 941 4386 audire
978 4328 1272 4397 optabant;
1305 4336 1355 4380 et
1383 4324 1524 4394 quod
1559 4325 1750 4378 iterum

141 4434 295 4489 nube
320 4437 515 4485 vectus
544 4426 608 4479 ad
652 4424 907 4494 judicium
957 4430 1215 4475 venturus
1270 4417 1358 4470 sit.
1400 4416 1463 4468 Et
1492 4432 1605 4470 ecce
1631 4460 1643 4480 ,
1676 4417 1754 4468 in-

141 4528 286 4593 quit,
325 4524 433 4576 duo
461 4520 554 4572 viri
582 4518 901 4570 adstiterant.
944 4512 1051 4567 Cur
1078 4510 1213 4565 dixit
1239 4550 1252 4570 ,
1293 4507 1399 4561 Viri
1423 4509 1447 4559 ?
1474 4508 1608 4575 Quia
1638 4522 1756 4576 per-

144 4619 354 4672 fectam
386 4612 627 4664 virorum
659 4606 886 4661 formam
914 4600 1374 4672 reprmsentabant
1398 4639 1412 4661 ,
1446 4613 1513 4652 ne
1539 4598 1611 4649 illi
1656 4596 1752 4650 ob-

146 4710 556 4776 stupescerent.
585 4698 684 4763 Qui
707 4708 752 4750 et
777 4696 1030 4757 dixerunt,
1061 4691 1196 4760 Quid
1215 4690 1357 4745 statis
1382 4690 1680 4760 aspicientes
1701 4689 1753 4741 in

148 4796 388 4852 rectum?
414 4791 589 4847 Simul
642 4785 1065 4842 blandientium'
1116 4782 1276 4837 verba
1326 4789 1517 4846 erant,
1546 4789 1602 4834 et
1648 4796 1755 4833 non

154 4899 345 4941 Limen
394 4882 686 4938 sinentium
735 4879 842 4933 cito
886 4885 1199 4945 exspectare
1243 4873 1472 4928 reditum
1518 4871 1654 4941 ejus.
1693 4870 1758 4927 lli

158 4978 305 5047 quod
335 4974 510 5044 majus
538 4981 621 5027 est
645 4970 849 5037 dicunt,
889 4966 1030 5037 quod
1068 4980 1195 5020 vero
1245 4965 1422 5018 minus
1453 4979 1559 5017 non
1594 4965 1754 5017 item:

167 5069 344 5137 ipsum
372 5068 453 5122 sic
479 5072 763 5118 venturum
787 5101 802 5126 ,
834 5070 882 5114 et
914 5074 980 5113 ex
1027 5056 1161 5109 cznlo
1189 5054 1609 5124 exspectandum
1637 5068 1758 5108 esse

173 5162 385 5227 dicunt;
414 5156 756 5229 quandonatn
788 5169 951 5217 vero,
993 5151 1042 5205 id
1085 5158 1283 5204 latrent.
1315 5149 1397 5203 Ab
1446 5148 1535 5202 illo
1579 5157 1757 5202 autem

243 5389 260 5418 ι
295 5387 375 5442 ιρυὶ
399 5380 634 5433 clauditur
657 5378 847 5427 uncinis
885 5376 1019 5424 locus
1060 5374 1133 5423 sic
1156 5374 1363 5442 habetur
1402 5372 1450 5419 in
1494 5371 1762 5420 Graecoz'n

188 5440 334 5509 metu
350 5456 435 5496 τοὺς
455 5452 596 5510 usta;
618 5454 685 5510 ψ
705 5447 866 5501 multa
887 5450 1024 5498 μιθιῐν,
1049 5450 1155 5510 ει)ιὴ
1164 5451 1283 5506 eam
1307 5440 1350 5510 ἦν
1370 5460 1381 5490 ;
1404 5446 1608 5510 quorum
1639 5444 1762 5510 seu:

192 5494 363 5559 ags},
398 5494 556 5567 {Quid
580 5494 711 5552 enim
734 5494 926 5567 necesse
958 5504 1062 5547 erat
1085 5494 1393 5567 (discipulos
1425 5494 1476 5563 ),¹
1502 5494 1585 5567 qui
1628 5499 1760 5567 certe

196 5554 389 5659 νηὶξὲιῶ
408 5554 543 5659 signa
592 5569 786 5620 norant,
810 5560 942 5610 illius
964 5554 1136 5608 nomen
1159 5554 1354 5615 audire,
1384 5554 1478 5605 nisi
1505 5554 1556 5603 ut
1574 5554 1759 5618 angelis

197 5644 267 5659 ὨΔ
306 5637 427 5659 Arni),

222 5631 427 5679 redercnt
455 5631 465 5678 Ξ

457 5637 479 5659 Ὶ

196 5637 539 5741 "idifgéco
563 5688 749 5749 legitur
773 5696 1045 5749 ιοὶωμυάιτων.
1070 5679 1413 5749 Alinslegissc
1435 5678 1626 5725 videtur
1644 5688 1759 5749 ista-

194 5766 317 5811 ῑιιευν,
339 5756 413 5817 qui
440 5754 587 5802 man
615 5741 983 5817 Ettstigttntitmt.
1018 5752 1179 5817 austra
1208 5742 1483 5817 lectiorcu‘in
1507 5741 1734 5817 sequenti

452 5801 980 5866 t'ous'etttit'e'vidvtur.
1015 5805 1097 5853 Illa
1125 5812 1285 5853 tamen
1311 5801 1401 5851 alia
1429 5804 1543 5849 l‘eri'i
1570 5808 1752 5861 poSset.

1832 470 2141 538 spectaculo
2167 476 2440 535 evocatos,
2468 467 2627 523 dictis
2674 468 2786 522 suis
2826 474 3059 521 attentos
3090 466 3340 525 reddunt,
3370 482 3424 518 ιιι

1833 579 1901 617 ne
1929 563 2182 632 rpioiiiam
2211 561 2493 617 Dominum
2515 560 2628 631 jam
2657 561 2842 616 videre
2872 574 2978 614 non
3010 567 3257 627 poterant
3284 601 3300 623 .
3330 576 3427 629 pu-

1833 661 2008 707 tarent
2068 654 2240 722 ipsum
2293 666 2399 707 non
2451 652 2804 714 ascendisse;
2851 660 3015 721 utque
3068 651 3188 706 illos
3244 652 3427 706 verbis

1832 746 1945 800 suis
2015 745 2426 816 prmmunirent.
2498 742 2633 798 Nam
2684 745 2727 797 si
2773 744 2921 812 prius
2971 742 3265 811 dicebant,
3311 742 3425 810 Quo

1834 836 1976 891 vadis
2011 835 2207 906 (Joan.
2238 837 2325 891 13.
2351 835 2421 892 36
2443 834 2506 904 )i
2556 835 2727 890 multo
2756 836 2925 904 magis
2953 850 3097 890 nunc
3135 835 3421 902 dixissent,

1836 926 1981 981 Num
2033 928 2086 981 in
2146 926 2512 995 temporehoc
2555 927 2786 981 restitues
2842 942 3054 996 regnum
3103 924 3314 980 Israel?
3356 925 3432 980 Ita

1835 1018 1975 1072 illius
2005 1018 2471 1071 mansuetudinem
2493 1025 2776 1081 noverant,
2797 1024 2856 1071 ut
2876 1025 2998 1085 post
3021 1017 3324 1085 passionem
3344 1017 3429 1070 in-

1837 1120 2169 1179 terrogarent
2196 1110 2363 1171 illum,
2398 1107 2542 1163 Num
2569 1109 2802 1163 restitues
2832 1109 2859 1162 2
2886 1110 3047 1177 Atqui
3079 1110 3228 1179 prius
3274 1109 3424 1163 dixe-

1835 1213 1918 1257 rat
1948 1203 2071 1267 illis,
2102 1201 2337 1256 Audituri
2363 1202 2479 1257 estis
2500 1203 2631 1256 bella
2666 1212 2715 1257 et
2739 1202 3004 1271 opiniones
3029 1201 3273 1256 bellorum
3300 1218 3319 1256 :
3343 1207 3434 1257 sed

1837 1293 2061 1347 nondum
2088 1294 2208 1362 ﬁnis
2236 1291 2448 1364 (Marc.
2475 1294 2564 1348 15.
2592 1294 2626 1349 Ἰ
2648 1290 2691 1363 ),
2723 1307 2899 1363 neque
2940 1292 3277 1364 Jerosolyma
3310 1303 3437 1347 tunc

1837 1386 2095 1454 capietur.
2122 1384 2275 1439 Nunc
2310 1393 2490 1440 autem
2533 1384 2602 1441 de
2645 1399 2815 1456 regno
2840 1386 3205 1454 interrogant,
3232 1400 3337 1439 non
3368 1386 3435 1439 de

1838 1478 2322 1533 consummatione.
2354 1477 2603 1548 Alioquin
2635 1493 2766 1533 vero
2810 1488 2932 1547 post
2974 1481 3433 1534 resurrectionem

1840 1584 1946 1624 non
2003 1569 2189 1653 longos
2240 1583 2362 1624 cum
2422 1569 2527 1625 illis
2583 1584 2862 1625 sermones
2913 1568 3095 1625 habet.
3144 1569 3309 1639 Igitur
3360 1570 3437 1625 illi

1839 1661 1985 1717 velut
2034 1660 2404 1717 celebritatem
2458 1669 2781 1731 sperantes,
2838 1671 3243 1731 percontantur.
3315 1661 3436 1731 Ipse

1842 1766 1969 1808 vero
2012 1767 2117 1807 non
2169 1752 2407 1807 declarat
2455 1766 2522 1806 an
2565 1752 2913 1807 restituturus
2960 1753 3031 1806 sit
3081 1768 3270 1807 necne.
3306 1752 3439 1820 Qua:

1840 1845 2132 1901 necessitas
2161 1845 2326 1909 enim,
2356 1855 2415 1899 ut
2444 1844 2519 1899 illi
2546 1845 2651 1900 hoc
2691 1844 3003 1901 discerent?
3041 1845 3163 1899 Ideo
3192 1845 3293 1901 hoc
3326 1861 3443 1902 tue-

1842 1946 2053 1993 tuentes
2100 1936 2175 1991 illi
2220 1952 2326 1991 non
2374 1938 2510 1991 ultra
2552 1936 2785 1992 dicunt:
2824 1936 2975 2004 Quod
3018 1937 3440 2007 signumadveu-

1841 2038 1921 2082 tus
1948 2029 2041 2094 tui,
2072 2039 2117 2083 et
2147 2028 2593 2082 consummationis
2621 2029 2795 2081 σωθηιὶ
2827 2028 3039 2099 (Matth.
3071 2028 3161 2084 24.
3192 2028 3291 2099 3)?
3319 2029 3439 2091 sed,

1846 2117 1988 2171 Nunt
2038 2118 2268 2173 restitues
2294 2133 2509 2189 regnum
2535 2115 2748 2172 Israel?
2792 2117 3181 2173 Existimabant
3208 2119 3351 2175 enim
3389 2118 3442 2175 id

1838 2210 1947 2280 jam
1977 2210 2189 2265 adesse.
2222 2211 2341 2279 Ipse
2369 2223 2501 2265 vero
2531 2211 2582 2263 in
2612 2208 2881 2279 parabolis
2903 2210 3216 2265 ostenderat
3242 2192 3295 2265 id
3334 2226 3444 2265 non

1843 2317 2010 2372 prope
2036 2316 2160 2357 esse
2188 2318 2200 2353 :
2233 2309 2289 2355 et
2312 2300 2423 2369 jam
2450 2300 2538 2355 ubi
2562 2300 2979 2371 interrogarunt,
3011 2300 3323 2371 respondet,
3346 2301 3446 2354 Ac-

1843 2394 2039 2465 cipietis
2078 2394 2309 2447 virtutem
2342 2392 2739 2462 supervenientis
2769 2389 3004 2460 'Spiritus
3048 2391 3214 2445 sancti
3252 2393 3307 2444 in
3336 2407 3444 2447 vos.
3501 2448 3511 2454 ,

1844 2483 2227 2539 Animadverte
2254 2483 2395 2552 quod
2417 2483 2639 2549 dixerit,
2661 2481 3096 2551 Superreuientis,
3117 2498 3245 2547 non,
3266 2482 3447 2546 Missi;

1846 2562 1904 2631 ui
1928 2590 2112 2646 parem
2153 2574 2414 2630 honorem
2446 2573 2777 2629 ostenderet.
2808 2573 3090 2641 Quomodo
3127 2589 3257 2645 ergo
3278 2617 3294 2642 ,
3326 2574 3447 2645 Spi-

1848 2670 1981 2724 ritus
2007 2668 2180 2725 sancti
2210 2669 2425 2723 inimice
2447 2710 2463 2735 ,
2494 2667 2662 2722 audes
2704 2666 2851 2722 illum
2881 2667 3063 2723 dicere
3102 2670 3451 2723 creaturam?

1848 2760 1914 2815 Et
1940 2760 2078 2814 eritis
2104 2760 2229 2814 mihi
2254 2768 2421 2814 testes.
2453 2758 2886 2829 Assumptionem
2909 2758 3266 2815 subindieavit
3294 2779 3306 2813 :
3340 2762 3451 2815 imo

1850 2853 2024 2923 potius
2056 2852 2109 2907 id
2133 2894 2149 2919 ,
2182 2851 2325 2923 quod
2366 2852 2478 2920 jam
2508 2852 2833 2917 audierant,
2862 2851 2914 2905 in
2948 2862 3183 2907 mentem
3211 2862 3447 2907 revocat.

1848 2944 1964 2999 Jntn
1993 2953 2274 3000 ostensum
2300 2953 2384 2998 est
2413 2944 2585 3013 ipsum
2619 2944 2671 2997 in
2702 2943 2867 2998 czelos
2910 2946 3242 3001 ascendisse.
3279 2945 3454 3001 Nubes

1849 3044 1895 3089 et
1921 3035 2087 3106 caligo
2126 3036 2219 3089 sub
2246 3034 2458 3104 pedibus
2486 3036 2601 3106 ejus
2630 3035 2648 3104 (
2687 3032 2832 3089 Psal.
2865 3035 2954 3091 96.
2985 3036 3019 3089 2
3042 3035 3085 3107 ),
3122 3037 3313 3106 inquit,
3345 3054 3453 3110 quo

1850 3128 2184 3200 signiﬁcatur
2213 3127 2345 3183 illud
2372 3146 2384 3181 :
2421 3126 2600 3181 Nubes
2629 3129 2850 3197 suscepit
2874 3144 2985 3182 eum
3017 3171 3032 3195 ,
3060 3145 3255 3199 nempe
3292 3130 3455 3184 cit-lo-

1852 3236 1969 3275 rum
2038 3220 2322 3274 Dominum
2373 3236 2387 3273 :
2435 3234 2617 3289 regem
2673 3234 2905 3288 namque
2962 3218 3198 3275 declarat
3264 3236 3455 3277 currus

1852 3316 2031 3381 regius
2076 3329 2089 3367 :
2138 3314 2218 3367 sic
2275 3312 2350 3365 illi
2407 3311 2609 3366 missus
2663 3318 2746 3365 est
2784 3326 2977 3365 currus
3029 3313 3229 3381 regius,
3274 3322 3333 3367 ut
3388 3331 3455 3368 ne

1851 3403 1977 3473 quid
2011 3403 2163 3457 triste
2193 3402 2527 3472 loqueretur,
2571 3414 2706 3455 neve
2746 3400 2794 3453 id
2838 3400 2942 3455 illis
2977 3402 3281 3468 accideret,
3313 3404 3453 3473 quod

1852 3491 2489 3563 Elis-.eo,qui,assumpto
2516 3491 2793 3561 magistro,
2836 3491 3066 3546 tunicam
3098 3492 3312 3547 discidit
3362 3492 3450 3565 (4.

1855 3590 1980 3659 Reg.
2013 3587 2068 3640 ‘2.
2105 3576 2217 3655 19.).
2247 3585 2386 3653 Quid
2411 3600 2536 3639 vero
2556 3584 2743 3639 dicunt
2768 3585 2981 3655 angeli?
3032 3584 3131 3639 llic
3160 3586 3329 3649 Iesus,
3368 3593 3454 3656 qui

1851 3693 2139 3749 assumptus
2167 3688 2237 3733 est
2266 3694 2298 3731 a
2326 3679 2463 3730 vobis
2485 3677 2539 3730 in
2570 3676 2750 3730 cwlum
2777 3677 2851 3729 sic
2877 3676 3038 3732 veniet
3058 3693 3076 3741 ;
3096 3686 3170 3739 et,
3202 3675 3334 3730 Ecce
3354 3678 3458 3731 duo.)

1853 3773 1945 3825 viri
1968 3770 2269 3823 adstiterant
2290 3768 2410 3822 illis.
2441 3766 2569 3822 Jure
2594 3766 2833 3837 quidem.
2863 3766 2997 3821 Nam
3023 3771 3076 3821 in
3108 3783 3201 3822 ore
3228 3768 3456 3822 duorum

1857 3864 2070 3919 testium
2100 3861 2261 3916 stabit
2290 3874 2450 3914 omne
2477 3860 2698 3914 verbum
2731 3860 2749 3929 (
2776 3858 2925 3911 Deut.
2956 3859 3044 3912 17.
3073 3858 3151 3929 li).
3184 3858 3249 3913 Et
3282 3859 3333 3913 hi
3362 3874 3457 3914 ea-

1854 3958 1976 4013 dem
2009 3956 2121 4025 ipsa
2151 3954 2461 4023 loquuntur.
2497 3950 2562 4004 In
2599 3961 2749 4015 veste,
2785 3950 2993 4020 inquit,
3022 3950 3159 4003 alba.
3191 3950 3462 4019 Quemad-

1856 4049 2072 4105 modum
2096 4048 2208 4117 jam
2237 4055 2361 4099 ante
2390 4044 2455 4098 ad
2498 4052 2905 4098 monumentum
2936 4042 3184 4113 angelum
3215 4043 3462 4097 viderant

1859 4144 1908 4196 in
1935 4140 2170 4195 vestibus
2199 4137 2411 4206 fulgidis
2436 4179 2451 4200 ,
2481 4136 2569 4205 qni
2610 4134 2853 4204 prmdixit
2887 4134 2991 4189 iliis
3021 4134 3146 4204 quid
3198 4136 3250 4189 in
3278 4135 3460 4190 animo

1857 4240 2133 4288 versarent
2158 4230 2175 4301 (
2210 4228 2396 4282 Matth.
2427 4226 2516 4282 28.
2545 4227 2635 4281 25.
2668 4227 2718 4281 4.
2752 4227 2785 4281 5
2814 4229 2830 4295 )
2858 4246 2869 4279 :
2898 4226 2975 4281 sic
3001 4234 3056 4281 et
3080 4226 3462 4296 assumptionis

1858 4328 1972 4394 ejus
2006 4339 2182 4395 pneco
2211 4322 2434 4390 angelus
2464 4330 2568 4375 est.
2598 4319 2750 4387 Quod
2800 4320 2960 4373 etiam
3008 4318 3285 4389 propheta:
3314 4334 3460 4388 sa‘pe

1860 4419 2236 4489 pimdixerant,
2254 4425 2311 4470 ut
2329 4427 2377 4470 et
2400 4430 2463 4469 ea
2485 4429 2602 4484 qua:
2625 4413 3077 4467 resurrectionem
3100 4412 3435 4482 spectabant‘

1931 4514 1985 4567 4.
2020 4510 2227 4581 Ubique
2258 4509 2428 4578 angeli
2455 4508 2623 4561 nuntii
2649 4516 2774 4561 sunt
2803 4522 2815 4557 ε
2850 4504 2928 4559 sic
2967 4505 3018 4559 in
3053 4505 3254 4571 natali,
3286 4505 3363 4558 sic
3393 4506 3459 4558 ad

1862 4605 2119 4668 Mariam,
2150 4604 2228 4657 sic
2256 4604 2306 4654 in
2353 4600 2748 4654 resurrectione
2768 4638 2783 4663 ,
2810 4598 3140 4668 perindeque
3169 4598 3219 4651 in
3248 4612 3460 4651 assum-

1864 4699 2043 4769 ptione
2067 4715 2079 4751 :
2103 4697 2209 4750 imo
2235 4696 2395 4749 etiam
2429 4694 2480 4747 in
2510 4692 2749 4748 secundo
2771 4692 3001 4746 adventu
3031 4690 3204 4760 angeli
3230 4704 3459 4759 praecur-

1863 4802 2044 4845 rentes
2074 4788 2417 4842 videbuntur.
2443 4783 2573 4839 Cum
2605 4783 2869 4837 dixissent
2904 4791 3081 4836 autem
3101 4824 3116 4849 ,
3150 4779 3250 4834 llic
3268 4780 3423 4834 Iesus
3448 4823 3461 4844 ,

1862 4884 1947 4952 qui
1976 4891 2265 4949 assumptus
2289 4888 2363 4932 est
2385 4896 2415 4931 a
2446 4877 2602 4942 vobis,
2635 4892 2702 4931 ne
2726 4884 3133 4930 consternarent
3155 4875 3297 4941 illos,
3321 4874 3466 4944 adji-

1865 4976 2029 5037 ciunt,
2064 4973 2153 5028 Sic
2179 4973 2356 5027 veniet.
2384 4972 2603 5025 Paulum
2625 4969 2957 5039 respirarunt
2980 4968 3260 5024 audientes
3292 4970 3465 5037 ipsum

1866 5068 2161 5125 rediturum
2182 5079 2321 5126 esse,
2344 5076 2392 5118 et
2412 5064 2488 5117 sic
2510 5062 2827 5123 rediturum,
2853 5076 2950 5113 nec
2972 5060 3303 5114 inaccessum
3329 5060 3464 5115 fore.

1868 5160 1997 5215 Illud
2030 5173 2176 5214 vero.
2213 5157 2253 5208 Α
2285 5156 2452 5216 vobis,
2486 5170 2591 5207 non
2623 5154 2739 5207 sine
2768 5166 2925 5205 causa
2958 5151 3200 5213 additur;
3230 5151 3322 5205 sed
3348 5153 3465 5219 ejus

1866 5269 1986 5321 erga
2019 5252 2138 5305 illos
2166 5264 2405 5302 amorem
2447 5247 2715 5309 declarat,
2749 5256 2801 5297 et
2840 5244 3159 5297 electionem
3192 5244 3427 5311 ipsorum
3450 5286 3463 5311 ,

1868 5343 2145 5411 inunitqne
2177 5355 2280 5393 non
2311 5338 2618 5391 relicturum
2648 5349 2768 5389 esse
2788 5351 2882 5388 eos
2903 5350 3036 5401 quos
3058 5335 3238 5404 elegit.
3273 5335 3471 5389 Ilesur—

1869 5434 2122 5489 rectionis
2140 5447 2267 5500 ergo
2284 5446 2393 5483 sua:
2415 5430 2525 5498 ipse
2542 5428 2692 5481 testis
2712 5425 2810 5479 fuit
2828 5426 2958 5498 (into
2978 5440 3185 5487 eorum,
3208 5441 3326 5493 qua:
3344 5436 3468 5481 ante

1935 5615 1949 5645 ⁸
1987 5613 2129 5661 Alius
2162 5612 2232 5659 sic
2270 5610 2455 5668 habet;
2482 5609 2616 5668 Quod
2652 5614 2813 5669 autem
2846 5607 3097 5669 prepltetw
3120 5606 3255 5655 illam
3281 5621 3467 5656 ttsstnn-

1869 5674 2075 5738 ptionem
2100 5684 2191 5721 non
2210 5669 2533 5738 prafdixerint
2558 5668 2679 5738 nihil
2702 5668 2985 5738 mirandum
3015 5682 3031 5716 .'
3056 5682 3467 5738 supcrt'acnuemu

1870 5730 1997 5787 'e‘ttt'nt
2032 5742 2135 5783 erat
2182 5730 2242 5783 tle
2279 5732 2363 5780 illa
2402 5733 2653 5789 speciatim
2696 5730 2867 5792 loqui,
2911 5731 3305 5790 quandoquidem
3362 5731 3466 5790 ipsa

1874 5808 1915 5847 et
1944 5797 2232 5847 resurrectio
2260 5809 2352 5844 una
2372 5805 2414 5845 ct
2434 5796 2604 5845 eadem
2628 5794 2909 5857 cogitatione
2936 5793 3429 5852 comprehenduntur.
