4098 6324
654 322 717 378 3|
1424 315 1479 367 S.
1519 310 1791 367 JOASNIS
1828 300 2295 385 CllltYSOSTOMI
2338 300 2650 353 ARCIIIEP.
2692 295 3218 353 CONSTANTINOP.
3838 292 3906 345 39

652 444 888 505 partum,
924 442 1080 501 atque
1104 429 1264 483 etiam
1294 436 1413 495 post
1454 436 1657 493 partum
1695 422 2063 488 contigerunt,
2098 415 2223 469 illud

654 514 883 577 maxime
907 519 1205 575 mirandum
1227 557 1245 581 ,
1274 516 1411 585 quod
1440 516 1671 581 seipsum
1702 508 2055 564 suscitaverit.
2095 505 2223 557 Nam

649 614 722 667 ait
749 634 761 667 ;
791 613 981 667 Solvite
1005 610 1242 678 templum
1284 608 1376 658 hoc
1396 646 1409 668 ,
1438 614 1484 658 et
1518 604 1571 655 iu
1610 603 1764 653 tn'bus
1792 599 1965 651 diebus
1998 596 2221 649 excitabo

650 704 781 758 illud
835 703 1013 771 (Joan.
1050 703 1104 755 2.
1140 702 1270 768 l9):
1305 698 1538 751 futurum
1581 702 1755 746 autem
1803 690 2086 743 adventum
2126 701 2222 738 an-

648 796 753 865 geli
784 796 853 849 ita
882 794 1135 857 indicant,
1165 791 1255 845 Sic
1280 788 1457 843 venia.
1480 786 1535 840 Si
1565 785 1683 853 quis
1702 796 1829 851 ergo
1855 779 2120 834 Christum
2142 777 2221 827 vi-

650 892 778 944 dere
808 890 982 957 cupit:
1012 888 1055 941 si
1080 886 1198 955 quis
1226 886 1371 938 dolet
1396 882 1537 951 quod
1569 881 1714 935 illum
1748 892 1850 930 non
1878 872 2069 926 viderit
2094 885 2109 921 :
2142 868 2223 920 his

649 980 874 1044 auditis,
902 975 1264 1030 admirandam
1291 975 1450 1027 vitam
1477 971 1723 1026 exhibeat
1743 1011 1755 1031 ,
1794 977 1850 1022 et
1885 965 1965 1019 sic
1984 961 2219 1023 videbit,

652 1086 751 1125 nec
770 1069 1040 1124 abcrrabit
1068 1084 1095 1120 a
1122 1082 1305 1136 secpo.
1335 1064 1466 1118 Nam
1498 1078 1617 1117 cum
1646 1060 1845 1129 majore
1870 1066 2124 1111 venturus
2143 1060 2224 1106 est

648 1161 847 1229 gloria;
877 1158 971 1214 sed
999 1158 1077 1213 sic
1104 1174 1224 1212 cum
1250 1157 1408 1220 nube,
1440 1154 1518 1209 sic
1537 1168 1657 1207 cum
1687 1162 1908 1218 corpore
1938 1166 1951 1200 :
1980 1159 2041 1199 ac
2068 1146 2223 1211 longe

650 1250 946 1303 mirabilius
986 1249 1089 1302 erit
1112 1248 1189 1301 sic
1228 1248 1396 1315 ipsum
1430 1243 1614 1297 videre
1638 1241 1705 1294 de
1733 1240 1864 1292 cmlo
1889 1233 2219 1289 descenden-

647 1349 792 1406 tem,
838 1354 993 1407 quatn
1035 1353 1063 1390 a
1105 1347 1243 1391 terra
1286 1335 1683 1389 ascendentem.
1726 1328 2020 1383 Venturum
2067 1324 2222 1391 igitur

648 1432 897 1485 dixerunt
922 1448 933 1482 :
963 1445 1063 1498 qua
1096 1444 1221 1482 vero
1244 1428 1311 1481 de
1336 1441 1491 1480 causa
1523 1434 1777 1477 venturus
1805 1421 1871 1472 sit
1893 1461 1906 1477 ,
1941 1432 2043 1469 non
2070 1414 2218 1466 addi-

648 1523 862 1577 derunt.
900 1522 1009 1576 Hoc
1038 1519 1480 1573 resurrectionem
1521 1514 1820 1569 confirmat.
1854 1510 1907 1563 Si
1938 1508 2076 1561 enim
2102 1519 2220 1558 cutn

648 1628 869 1681 corpore
893 1619 1193 1679 assumptus
1211 1590 1299 1662 est
1318 1649 1331 1671 ,
1358 1607 1522 1660 multo
1546 1604 1715 1673 magis
1740 1619 1857 1655 cum
1884 1613 2106 1667 corpore
2138 1610 2222 1649 re-

648 1703 896 1756 surrexit.
927 1702 1147 1756 Ubinam
1187 1708 1311 1753 sunt
1339 1699 1407 1761 ii,
1438 1696 1525 1765 qui
1555 1691 1931 1749 resurrectioni
1966 1704 2068 1742 non
2100 1702 2219 1741 cre—

647 1794 811 1846 dunt?
838 1792 927 1861 qui
950 1800 1075 1845 sunt
1102 1791 1202 1852 illi,
1236 1789 1322 1843 die
1350 1790 1477 1842 mihi
1496 1828 1511 1851 ,
1544 1786 1769 1855 gentiles
1810 1798 1874 1835 an
1902 1778 2223 1835 Christiani?

649 1884 707 1938 ld
749 1894 895 1938 certe
943 1883 1159 1947 nescio;
1208 1882 1314 1934 imo
1362 1880 1535 1947 potius
1582 1877 1747 1946 probe
1796 1875 1935 1927 novi.
1985 1871 2222 1926 Gentiles

648 1974 841 2043 quippe
866 1982 1022 2036 sunt,
1068 1969 1158 2040 qui
1201 1969 1453 2023 creationi
1489 1982 1595 2021 non
1624 1964 1863 2019 credunt.
1897 1959 2223 2015 Eorumdem

646 2064 792 2117 enim
819 2072 920 2127 est,
951 2078 1057 2115 non
1087 2058 1409 2122 concedere,
1440 2059 1601 2111 Deum
1642 2069 1797 2123 posse
1820 2050 2017 2121 aliquid
2045 2064 2108 2103 ex
2138 2048 2221 2101 ni—

648 2153 761 2207 hilo
792 2166 997 2217 creare,
1029 2160 1083 2205 et
1102 2164 1315 2219 negare.
1348 2150 1516 2219 ipsum
1540 2161 1696 2215 posse
1715 2160 1776 2199 ea
1798 2144 2076 2205 suscitare,
2102 2154 2221 2208 qua:

647 2242 852 2310 sepulta
884 2251 1027 2294 sunt.
1052 2239 1250 2293 Deinde
1272 2239 1473 2306 pudore
1499 2236 1693 2299 affecti,
1723 2232 1861 2303 quod
1892 2247 1996 2284 non
2025 2242 2223 2297 cogno-

646 2340 799 2383 scant
826 2331 1073 2383 virtutem
1103 2328 1220 2393 Dei,
1254 2342 1320 2381 ne
1348 2326 1467 2380 ideo
1493 2327 1823 2387 incusentur,
1853 2322 2036 2377 dicunt
2061 2339 2074 2372 :
2104 2320 2218 2374 Non

648 2420 769 2474 ideo
796 2421 894 2474 hoc
918 2421 1160 2485 dicimus,
1184 2419 1276 2474 sed
1300 2418 1441 2487 quod
1463 2433 1688 2488 corpore
1715 2431 1817 2470 non
1844 2416 1914 2468 sit
1934 2429 2085 2483 opus.
2113 2414 2221 2481 Ap—

649 2510 819 2578 posite
846 2509 1073 2571 dicntur,
1125 2509 1324 2561 Stultus
1368 2508 1523 2560 stulta
1568 2508 1792 2574 loquetur
1819 2503 1837 2575 (
1862 2503 1984 2556 [καί.
2014 2502 2102 2557 52.
2129 2502 2217 2571 6).

646 2600 763 2655 Non
783 2616 878 2656 vos
908 2602 1087 2670 pudet.
1120 2600 1229 2653 Deo
1256 2608 1567 2668 potestatem
1598 2596 1806 2649 auferre
1832 2594 2029 2664 aliquid
2051 2611 2114 2648 ex
2144 2594 2196 2647 ni

647 2692 757 2747 hilo
781 2693 1033 2747 creandi?
1056 2691 1112 2745 Si
1132 2706 1198 2744 ex
1225 2687 1681 2759 prmexistentibus
1700 2698 1867 2752 creat,
1891 2686 1943 2739 iu
1966 2702 2072 2756 quo
2094 2700 2221 2755 ergo

646 2785 822 2838 differt
838 2786 906 2838 ab
933 2783 1266 2837 hominibus?

718 2876 901 2929 Contra
932 2875 1241 2928 Manichaee:
1264 2874 1343 2927 hic
1368 2874 1594 2943 pluribus
1614 2875 1810 2943 agit.——
1828 2873 1934 2929 Sed
1959 2872 2118 2937 unde,
2142 2872 2219 2925 in-

650 2968 856 3035 quiunt,
887 2967 1065 3020 mala?
1097 2970 1176 3020 An
1204 2968 1323 3035 quia
1351 2968 1563 3036 ignoras
1591 2966 1748 3030 unde,
1778 2965 1917 3018 aliud
1944 2964 2107 3019 debes
2137 2964 2219 3017 in—

650 3058 848 3112 ducere
891 3059 1085 3111 malum
1133 3059 1183 3110 in
1231 3058 1534 3125 cognitione
1580 3057 1875 3110 malormn?
1918 3057 2031 3109 Duo
2079 3054 2220 3109 enim

648 3147 774 3202 hinc
807 3146 1034 3199 absurda
1062 3156 1383 3215 sequuntur;
1415 3147 1639 3201 alterum
1672 3145 1810 3213 quod
1838 3145 1914 3198 sic
1950 3145 2095 3213 loqui
2124 3158 2221 3197 au-

648 3236 777 3292 deas
809 3259 821 3292 :
854 3252 973 3291 nam
1004 3240 1049 3289 si
1093 3252 1254 3306 negas
1285 3238 1446 3290 Deum
1474 3252 1538 3290 ex
1578 3236 1744 3289 nihilo
1786 3250 2001 3297 creare,
2053 3234 2221 3287 multo

646 3329 815 3397 magis
854 3327 1119 3396 ignorabis
1147 3326 1287 3380 ttnde
1312 3327 1446 3379 mala
1477 3326 1619 3379 sint:
1653 3327 1877 3379 alterum
1908 3340 2052 3389 vero,
2082 3324 2221 3393 quod

648 3418 726 3472 sic
753 3418 1035 3486 ingenitam
1066 3416 1316 3469 malitiam
1341 3415 1484 3469 dicas
1511 3415 1607 3485 (a).
1632 3416 1812 3483 Cogita
1841 3431 1996 3483 quam
2028 3430 2224 3483 opero-

650 3524 766 3562 sutn
796 3510 882 3575 sit,
909 3508 1104 3563 fontem
1134 3509 1392 3562 malorum
1424 3508 1680 3577 reperire,
1715 3508 1855 3562 hunc
1876 3509 2137 3579 ignorare,
2169 3518 2223 3563 et

650 3602 876 3655 alterum
910 3600 1029 3653 huic
1053 3598 1267 3653 addere.
1303 3596 1492 3663 Quaere
1522 3600 1659 3652 unde
1686 3599 1820 3651 mala
1849 3600 2095 3663 veniant,
2126 3612 2225 3652 nec

651 3689 987 3757 hlaspbemcs
1014 3698 1194 3742 contra
1226 3688 1406 3741 Deum.
1441 3687 1717 3755 Quomodo
1756 3688 2101 3756 blaspheme?
2141 3686 2220 3741 in-

652 3779 840 3847 quies?
880 3777 1015 3844 Quid
1041 3777 1211 3831 dicis?
1251 3793 1355 3830 non
1386 3776 1757 3845 blasphemas,
1784 3776 1994 3845 quando
2024 3776 2221 3831 malum

650 3871 858 3924 inducis
884 3869 1210 3939 ingenitum?
1236 3883 1356 3922 cum
1386 3869 1461 3922 illi
1484 3878 1795 3937 potestatem
1822 3870 2007 3923 tribuis
2033 3870 2225 3923 divinae

650 3978 834 4033 parem
852 4006 867 4026 ,
901 3963 1147 4016 virtutem
1171 3962 1428 4015 malorum
1460 3961 1756 4031 mqualem?
1794 3962 2083 4031 lngenitum
2110 3978 2225 4017 ma-

653 4053 785 4105 lum.
820 4051 953 4106 Vide
980 4050 1107 4121 quid
1134 4052 1327 4107 Paulus
1355 4052 1495 4105 dicat
1521 4072 1531 4101 :
1563 4051 1845 4105 Invisibilia
1871 4055 2003 4105 enim
2032 4054 2189 4121 ipsius
2208 4097 2223 4120 ,

655 4162 689 4196 a
715 4155 947 4197 creatura
975 4144 1169 4207 mundi,
1199 4161 1286 4213 per
1306 4160 1363 4196 ea
1393 4161 1503 4213 quae
1527 4148 1660 4215 facta
1684 4155 1800 4197 sunt
1828 4146 2078 4198 intellecta
2108 4162 2228 4198 con-

656 4237 938 4304 spiciuntur
966 4236 983 4303 (
1007 4236 1153 4290 Rom.
1188 4238 1238 4291 1.
1266 4236 1378 4305 20).
1407 4236 1562 4291 Certe
1587 4237 1830 4292 diabolus
1856 4246 2075 4307 utraque
2099 4239 2229 4293 dicit

660 4343 780 4381 esse
810 4342 875 4381 ex
905 4327 1120 4381 materia
1142 4370 1158 4392 ,
1190 4338 1244 4381 ut
1276 4328 1415 4381 nulla
1444 4344 1509 4382 ex
1546 4344 1603 4382 re
1630 4329 1791 4382 Deum
1822 4344 2223 4399 cognoscamus.

658 4420 795 4486 Quid
825 4420 965 4473 enim
984 4460 998 4484 ,
1029 4434 1229 4486 qttmso,
1256 4418 1518 4473 difﬁcilius
1543 4430 1661 4481 est,
1708 4419 1756 4472 id
1784 4420 1923 4489 quod
1952 4431 2130 4473 natura
2160 4422 2227 4473 sit

660 4511 855 4564 malum
883 4509 1059 4563 facere
1088 4510 1312 4563 bonum'
1344 4526 1357 4568 ;
1391 4511 1431 4562 si
1465 4520 1637 4563 tamen
1676 4510 1837 4563 ullum
1881 4520 1961 4564 est
2006 4513 2230 4581 (loquor

662 4605 803 4658 enim
843 4604 1129 4657 secundum
1162 4611 1391 4655 vestram
1432 4602 1775 4669 Opinionem:
1809 4612 1992 4656 natura
2034 4606 2230 4672 quippe

663 4694 795 4749 nihil
828 4702 999 4762 potest
1025 4693 1134 4745 fieri
1169 4692 1363 4745 malum
1383 4733 1396 4756 ,
1429 4690 1568 4759 quod
1598 4690 1749 4745 bonis
1786 4692 1854 4745 sit
1882 4692 2226 4762 adjumento),

661 4801 729 4837 an
760 4797 941 4837 creare
968 4797 1033 4836 ex
1072 4797 1177 4835 non
1216 4781 1576 4835 exstantibus?
1605 4780 1737 4845 Quid
1777 4790 1859 4834 est
1890 4781 2093 4835 facilius
2123 4788 2139 4848 (
2164 4782 2229 4834 de

662 4875 914 4944 qualitate
936 4872 1169 4941 loquor),
1192 4885 1257 4923 an
1282 4872 1582 4937 qualitatem
1605 4886 1721 4939 qua:
1744 4886 1845 4923 non
1867 4872 1936 4924 sit
1958 4871 2227 4934 inducere,

663 4976 753 5017 aut
783 4980 901 5033 qum
930 4962 995 5015 sit
1024 4964 1073 5015 itt
1102 4960 1424 5015 contrarium
1452 4958 1694 5012 mutare?
1723 4960 1845 5027 quid
1878 4959 2105 5025 facilius,
2138 4961 2230 5013 do-

725 5100 741 5129 ¹
782 5097 835 5144 ln
858 5108 955 5143 uno
975 5094 1144 5141 Codice
1170 5092 1372 5153 legitur,
1398 5091 1452 5141 id
1485 5092 1612 5155 quod
1647 5097 1823 5140 natura
1865 5099 1927 5140 stt
1960 5091 2137 5139 nminat
2160 5095 2232 5155 fa-

666 5170 772 5208 cere
792 5158 987 5205 malum.
1014 5152 1495 5203 oinnino’assentior
1530 5152 1735 5221 ρουοωὶ
1777 5156 2070 5215 conjectura:
2110 5152 2229 5245 apud

666 5218 882 5245 conﬂi-un
921 5218 999 5245 nui
1028 5231 1037 5245 I
1058 5222 1156 5245 ntnt
1202 5214 1463 5245 Iucundum
1522 5216 1575 5245 ul
1599 5214 1724 5245 nun/1
1756 5222 1931 5245 unlanrn
1975 5216 2030 5245 εει
2055 5228 2129 5245 nm
2156 5231 2229 5245 -ιιη

664 5218 900 5283 ξεινὶιίυςη,
921 5218 1001 5283 qui
1028 5222 1162 5276 putat
1202 5214 1465 5274 legendum
1484 5252 1498 5275 ,
1522 5214 1575 5263 id
1598 5214 1725 5275 quod
1756 5214 1931 5263 natura
1971 5216 2032 5263 sit
2055 5214 2232 5263 γῆμ’-ἰη

664 5278 1023 5342 {ticerejgominu

727 5340 800 5399 (α)
819 5338 933 5386 Haec
955 5346 1058 5385 erat
1078 5336 1439 5384 Haniclueorum
1462 5338 1639 5395 opinio,
1662 5338 1744 5397 qui
1768 5334 2009 5391 malitiam,
2029 5351 2116 5383 seu
2137 5353 2230 5382 ma-

663 5400 785 5457 lum,
813 5412 903 5445 non
931 5399 1073 5455 nasci,
1098 5402 1184 5446 sed
1214 5410 1411 5457 semper
1436 5399 1684 5445 exstitisse
1706 5398 1952 5458 putabant.
1982 5405 2157 5445 Bonum
2182 5408 2233 5446 et

666 5463 845 5510 malum
884 5460 1027 5507 deum
1071 5471 1183 5505 esse
1226 5460 1539 5519 asserebant,
1576 5460 1657 5518 qui
1696 5460 1825 5506 inter
1856 5472 1912 5505 se
1941 5468 2229 5519 lugnarent.

668 5522 799 5577 Quod
827 5523 1004 5569 erroris
1027 5526 1289 5581 monstrum
1320 5527 1439 5567 ante
1473 5518 1644 5568 Christi
1676 5519 1933 5581 adventum
1967 5518 2087 5581 apud
2114 5534 2233 5580 gen-

664 5580 779 5631 tiles
800 5583 848 5630 in
873 5581 1076 5643 lEgypto
1098 5579 1289 5643 fuerat,
1324 5593 1416 5639 qua
1456 5580 1519 5626 de
1553 5594 1609 5627 re
1641 5580 1916 5628 Plutarchus
1954 5579 2150 5643 ἱιίιίωὸ
2171 5583 2233 5629 de

669 5643 795 5691 lside
821 5642 1087 5693 ctusirile.
1119 5642 1243 5689 Intra
1262 5655 1454 5703 quoque
1479 5644 1643 5689 ccutra
1667 5643 1950 5690 mauichztros
1971 5650 2066 5702 agit
2087 5642 2229 5706 Chry-

667 5714 916 5755 ευθειοιηυδ.

2335 428 2476 465 mum
2507 427 2623 480 qua:
2651 426 2757 465 non
2796 410 2863 463 sit
2889 419 3095 464 struere
3116 451 3130 474 ,
3167 423 3234 461 an
3262 407 3525 461 desertam
3565 417 3863 461 restaurare.

2332 502 2550 554 Planum
2582 510 2664 554 est
2704 501 2831 554 illud
2860 514 2979 554 esse
3020 500 3241 552 facilius.
3284 498 3422 567 Ergo
3450 498 3549 551 hoc
3581 499 3905 567 impossibile

2328 604 2441 655 est;
2465 594 2603 645 sicut
2628 602 2807 646 autem
2835 593 2934 645 hoc
2962 592 3073 645 fieri
3105 593 3306 660 nequit,
3337 594 3406 645 ita
3429 602 3479 645 ct
3508 592 3634 645 illud
3658 591 3906 660 impossi-

2332 684 2433 736 bile
2459 694 2571 745 est,
2596 697 2787 749 nempe
2814 682 2867 735 in
2892 683 3216 735 contrarium
3246 682 3455 749 operari

2398 777 2449 829 5.
2487 775 2582 829 Dic
2611 775 2760 838 mihi,
2787 773 2913 842 quid
2944 772 3207 825 difficilius
3232 781 3313 825 est
3332 813 3347 836 ,
3383 781 3702 841 unguentum
3732 772 3907 825 couti-

2328 883 2469 931 cere,
2494 876 2586 920 aut
2614 867 2725 920 luto
2751 866 2856 918 vim
2884 864 3099 929 inferre,
3129 873 3180 917 ut
3202 878 3263 917 ea
3286 878 3403 932 qua:
3427 874 3749 931 unguentum
3776 878 3905 932 ope-

2330 960 2512 1013 retur?
2543 959 2754 1024 Utrum,
2783 971 2981 1026 quteso,
3025 970 3208 1010 eorum
3238 953 3443 1008 facilius
3474 954 3595 1009 est?
3620 953 3903 1023 (quando-

2328 1051 2541 1119 quidem
2575 1050 2737 1103 Deum
2766 1047 3059 1103 ratiociniis
3098 1045 3293 1100 nostris
3335 1045 3681 1113 subiicimus;
3711 1055 3766 1099 at
3794 1061 3904 1098 non

2329 1154 2446 1204 nos,
2479 1140 2648 1203 absit;
2677 1139 2771 1193 sed
2796 1152 2893 1194 vos
2919 1138 2970 1191 id
2996 1136 3190 1207 facitis)
3220 1136 3404 1189 oculos
3432 1134 3693 1199 formare,
3726 1150 3792 1189 an
3821 1134 3905 1188 fa-

2327 1246 2481 1295 cere,
2513 1239 2570 1283 ut
2600 1245 2771 1284 aecus
2798 1245 3019 1283 manens
3046 1242 3219 1281 caseus
3252 1226 3460 1291 videat,
3492 1236 3544 1279 et
3570 1226 3775 1279 acutius
3818 1226 3905 1278 vi-

2328 1325 2484 1377 dente
2504 1364 2517 1384 ,
2546 1323 2779 1377 caecitate
2814 1320 2881 1375 ad
2911 1322 3085 1374 visum
3128 1319 3626 1395 utaturnsurditate
3652 1318 3717 1371 ad
3744 1317 3903 1371 audi-

2331 1416 2477 1468 tum?
2507 1415 2726 1468 Videtur
2770 1411 2897 1467 mihi
2944 1413 3091 1482 prius
3134 1411 3261 1466 illud
3310 1410 3537 1468 facilius.
3581 1410 3731 1477 Quod
3770 1424 3905 1476 ergo

2326 1507 2591 1560 dlfticilius
2613 1516 2723 1565 est,
2759 1507 2866 1559 Deo
2890 1505 3163 1569 concedis,
3193 1504 3333 1573 quod
3375 1504 3577 1557 facilius
3605 1520 3709 1557 non
3734 1504 3861 1559 item
3880 1508 3906 1554 Υ

2328 1597 2432 1652 Sed
2462 1596 2587 1665 quid
2616 1597 2667 1649 in
2697 1596 2777 1648 his
2805 1596 3027 1649 insisto?
3054 1595 3223 1649 Etiam
3250 1595 3453 1647 animas
3484 1595 3665 1649 dicunt
3684 1609 3748 1648 ex
3774 1594 3905 1648 sub-

2327 1690 2515 1741 stantia
2544 1687 2639 1740 Dei
2669 1701 2803 1739 esse.
2836 1688 2902 1738 At
2926 1685 3044 1739 vide
3064 1694 3254 1755 quanta
3286 1684 3440 1752 impia
3468 1694 3520 1738 et
3548 1687 3702 1737 stulta
3727 1687 3906 1752 profc-

2328 1791 2461 1834 tant.
2495 1782 2624 1833 Dum
2651 1780 2875 1847 probare
2902 1781 3160 1843 nituntur,
3190 1779 3325 1830 mala
3356 1794 3420 1831 ex
3452 1778 3558 1831 Deo
3586 1792 3724 1840 esse,
3756 1778 3905 1830 aliud

2326 1872 2495 1939 magis
2530 1871 2747 1937 impium
2788 1869 3079 1921 inducunt:
3111 1884 3231 1921 nam
3265 1868 3349 1921 illa
3394 1868 3493 1935 ipsi
3522 1876 3904 1935 contempora-

2328 1978 2463 2025 nea,
2524 1976 2622 2015 nec
2676 1962 2839 2015 Deum
2894 1960 2995 2013 illis
3042 1960 3397 2029 antiquiorem
3452 1974 3573 2013 esse
3625 1968 3898 2021 statuunt,

2329 2063 2526 2107 tantam
2570 2053 2672 2106 illis
2712 2053 3113 2121 pra-rogativam
3148 2051 3278 2105 dare
3304 2067 3409 2104 non
3439 2050 3612 2104 veriti.
3651 2048 3905 2104 Secundo

2326 2147 2485 2199 etiam
2513 2144 2765 2197 malitiam
2792 2151 3035 2197 statuunt
3064 2143 3437 2196 immortalem.
3467 2142 3617 2207 Quod
3645 2142 3785 2195 enim
3817 2142 3905 2194 in-

2324 2236 2558 2305 genitum
2589 2246 2690 2299 cst,
2711 2252 2997 2304 numquam
3028 2236 3227 2289 interit.
3256 2234 3456 2287 Videtis
3476 2233 3860 2301 blasphemiam
3880 2234 3905 2284 1’

2326 2329 2505 2398 itaque
2530 2343 2747 2383 necesse
2773 2338 2887 2393 est,
2921 2338 3010 2381 aut
3050 2326 3181 2381 nihil
3208 2343 3235 2377 a
3264 2327 3373 2381 Deo
3399 2340 3545 2391 esse;
3578 2335 3670 2378 aut
3710 2326 3753 2377 si
3785 2326 3907 2380 haec

2324 2436 2429 2474 non
2452 2428 2595 2483 sunt,
2621 2435 2689 2473 ne
2722 2420 2885 2473 Deum
2914 2418 3125 2486 quidem
3147 2432 3285 2471 esse.
3320 2416 3519 2481 Tertio,
3545 2416 3726 2484 utjam
3751 2416 3861 2469 dixi
3883 2456 3900 2477 ,

2324 2511 2450 2565 hinc
2480 2512 2555 2566 illi
2577 2526 2756 2565 secum
2789 2518 3052 2578 pugnant,
3081 2517 3135 2562 et
3171 2509 3425 2578 majorem
3467 2507 3556 2559 Dei
3588 2508 3637 2559 in
3671 2520 3729 2560 se
3758 2505 3902 2559 indi-

2325 2605 2625 2675 gnationem
2661 2612 2963 2671 provocant.
2993 2601 3224 2667 Quarto,
3258 2600 3394 2668 quod
3424 2599 3547 2652 huic
3590 2612 3694 2651 non
3720 2598 3903 2651 subsi-

2325 2697 2482 2751 stenti
2514 2694 2745 2749 materia:
2767 2702 2965 2749 tantam
2990 2693 3093 2745 vim
3118 2692 3365 2745 tribuunt.
3390 2691 3604 2757 Quinto,
3628 2688 3767 2759 quod
3796 2705 3907 2742 nta-

2325 2788 2488 2841 litiam
2522 2787 2770 2840 bonitatis
2816 2785 2905 2839 Dei
2951 2800 3162 2836 causam
3194 2784 3355 2837 fuisse
3394 2783 3604 2847 dicant,
3652 2781 3907 2851 quodque

2324 2879 2438 2932 sine
2465 2879 2561 2930 hac
2583 2918 2596 2938 ,
2630 2878 2807 2937 aiunt,
2851 2875 3019 2928 bonus
3055 2874 3143 2927 ille
3170 2888 3276 2925 non
3316 2881 3458 2925 esset
3493 2873 3678 2925 bonus.
3711 2860 3900 2937 Sexto,

2325 2968 2465 3038 quod
2494 2968 2630 3020 viam
2655 2967 2805 3019 nobis
2833 2966 3158 3033 prtccludant
3185 2964 3524 3033 perveniendi
3554 2964 3619 3018 ad
3642 2966 3909 3034 cognitio-

2327 3076 2447 3114 nem
2479 3060 2592 3115 Dei.
2618 3060 2875 3128 Scptimo,
2897 3060 3036 3128 quod
3059 3060 3223 3113 Deum
3246 3058 3309 3111 ad
3337 3058 3579 3112 homines
3612 3058 3905 3123 deducant,

2328 3152 2433 3205 imo
2460 3151 2524 3204 ad
2555 3151 2761 3220 plantas
2780 3160 2834 3203 et
2854 3150 3013 3217 ligna.
3043 3149 3251 3201 Etenim
3270 3148 3312 3200 si
3333 3148 3505 3200 anima
3522 3156 3701 3200 nostra
3722 3163 3785 3201 cx
3807 3149 3907 3201 Dei

2326 3244 2617 3298 substantia
2639 3253 2740 3305 est,
2763 3240 3053 3308 eademque
3074 3238 3247 3293 anima
3265 3238 3525 3307 demigrat
3545 3238 3596 3291 in
3622 3238 3763 3290 varia
3781 3253 3907 3290 cor-

2333 3349 2490 3403 pora,
2524 3334 2574 3387 in
2614 3332 3019 3393 cucumeres,‘in
3051 3343 3302 3399 peponas,
3338 3329 3388 3381 in
3416 3343 3574 3396 cepas
3605 3346 3617 3380 :
3648 3344 3777 3397 ergo
3808 3329 3906 3382 Dei

2330 3428 2527 3495 pariter
2543 3426 2833 3479 substantia
2854 3426 2905 3477 in
2927 3437 3239 3478 cucumeres
3256 3422 3384 3475 abit.
3401 3421 3515 3475 .Iam
3540 3422 3582 3473 si
3608 3421 3911 3476 dixerimus

2325 3516 2577 3585 Spiritum
2597 3524 2835 3571 sanctum
2852 3514 3161 3569 efl‘ormasse
3187 3514 3438 3581 templum
3458 3513 3508 3566 in
3536 3512 3773 3582 Virgine,
3805 3528 3911 3568 nos

2329 3609 2400 3662 illi
2419 3607 2661 3661 derident
2678 3625 2689 3659 :
2706 3607 2749 3660 si
2772 3605 3029 3668 dicamus,
3046 3606 3311 3658 habitasse
3331 3605 3383 3657 in
3402 3605 3664 3672 spirituali
3682 3606 3906 3673 templo,

2330 3714 2515 3754 rursus
2535 3699 2775 3753 irrident.
2800 3698 2911 3752 Nec
2933 3697 3095 3765 pudet
3115 3698 3235 3749 illos
3256 3696 3348 3749 Dei
3368 3698 3719 3751 subsuntiam
3743 3699 3795 3751 in
3814 3714 3914 3753 cu—

2327 3805 2591 3854 cumeres,
2614 3791 2664 3843 in
2690 3802 2940 3858 peponas,
2963 3789 3014 3842 in
3038 3802 3271 3853 muscas,
3296 3788 3525 3842 bruchos
3542 3796 3597 3842 et
3613 3789 3795 3843 asinos
3812 3789 3915 3845 de-

2328 3882 2543 3946 ducere,
2576 3896 2709 3935 nova
2740 3880 3050 3934 idololatria:
3070 3880 3248 3947 specie
3270 3890 3495 3947 reperta.
3524 3884 3592 3934 At
3620 3895 3722 3934 non
3749 3896 3911 3950 cepa,

2330 3974 2517 4043 inquit,
2539 3976 2589 4026 in
2614 3973 2723 4027 Deo
2746 3982 2857 4035 est;
2884 3971 2977 4026 sed
3003 3971 3141 4025 Deus
3162 3971 3215 4024 in
3238 3985 3365 4040 cepa
3384 3988 3396 4025 :
3415 3986 3589 4040 neque
3609 3972 3751 4024 enim
3776 3988 3911 4041 cepa

2334 4064 2471 4117 Deus
2488 4064 2665 4116 fuerit.
2681 4064 2788 4117 Cur
2808 4061 3005 4131 refugis
3019 4062 3111 4115 Dei
3123 4061 3561 4131 demigrationem
3580 4063 3629 4116 in
3644 4078 3873 4132 corpora
3890 4066 3916 4117 Ῥ

2333 4155 2524 4223 Turpis
2547 4169 2631 4208 res
2657 4162 2757 4217 est,
2788 4156 2975 4222 inquit.
2999 4150 3159 4206 Multo
3184 4162 3329 4206 certe
3356 4152 3559 4220 turpius
3586 4154 3687 4207 hoc
3712 4164 3815 4208 est.
3843 4158 3917 4207 At

2334 4262 2437 4299 non
2473 4245 2641 4313 turpis
2682 4259 2767 4297 res
2810 4252 2909 4296 est.
2938 4240 3253 4309 Quomodo?
3281 4240 3720 4309 Quandoquidem
3765 4243 3809 4296 si
3858 4245 3914 4297 iu

2333 4337 2485 4389 nobis
2510 4334 2616 4397 ﬁat,
2646 4348 2771 4387 vere
2796 4341 2946 4400 turpe
2966 4341 3067 4387 est.
3094 4331 3360 4385 Videtisne
3383 4332 3561 4385 faccem
3587 4331 3917 4400 impietatis?

2334 4428 2438 4483 Sed
2468 4444 2561 4481 cur
2590 4426 2772 4479 nolunt
2796 4440 2995 4493 corpus
3037 4424 3353 4493 resurgere?
3397 4421 3529 4489 Quid
3563 4422 3650 4477 hic
3690 4424 3918 4478 dicent?

2334 4520 2465 4585 Quia
2489 4531 2681 4585 corpus
2707 4516 2840 4569 mala
2863 4530 2947 4570 res
2970 4514 3086 4568 est?
3114 4515 3177 4566 Et
3199 4514 3485 4581 quomodo,
3514 4529 3711 4583 quaiso,
3741 4515 3915 4568 Deum

2336 4610 2511 4663 nosti?
2543 4609 2681 4662 unde
2706 4623 2879 4660 terum
2909 4605 3145 4658 notitiam
3176 4603 3373 4656 habes?
3400 4604 3516 4669 Quo
3556 4616 3708 4673 pacto
3736 4604 3917 4673 philo-

2336 4701 2533 4769 sophus
2562 4708 2638 4753 cst
2671 4695 3053 4766 philosophus,
3086 4695 3129 4746 si
3167 4694 3292 4746 nihil
3333 4695 3492 4747 ellicit
3529 4694 3760 4762 corpus?
3804 4694 3917 4749 De-

2336 4800 2481 4843 strue
2522 4804 2737 4851 sensus,
2780 4797 2833 4841 et
2872 4786 3017 4840 disce
3055 4784 3247 4851 aliquid
3286 4799 3468 4838 eorum
3499 4800 3618 4853 qua:
3658 4784 3795 4838 scire
3831 4797 3921 4839 est

2336 4896 2487 4948 Opus.
2514 4879 2647 4945 Quid
2669 4887 2844 4931 autem
2871 4875 3207 4943 insipientius
3228 4884 3367 4929 esset
3388 4876 3585 4936 anima,
3610 4876 3653 4927 si
3670 4873 3737 4929 ab
3760 4875 3921 4928 initio

2338 4986 2524 5027 sensus
2565 4972 2783 5025 haberet
2816 4970 3062 5023 \‘itiatos?
3101 4968 3231 5022 Nam
3279 4971 3324 5022 si
3366 4984 3467 5021 una
3496 4970 3737 5038 corporis
3764 4983 3923 5037 parte

2340 5064 2550 5127 vitiata,
2583 5076 2775 5127 nempe
2808 5060 3049 5125 cerebro,
3079 5070 3187 5113 tota
3227 5061 3338 5129 ipsa
3370 5060 3610 5125 larditur;
3640 5061 3683 5113 si
3716 5068 3920 5115 cmtera

2336 5169 2547 5222 quoque
2577 5153 2851 5215 vitientur,
2894 5152 2945 5202 in
2990 5166 3095 5219 quo
3136 5151 3281 5204 utilis
3319 5149 3457 5203 erit?
3502 5150 3734 5205 Ostende
3781 5151 3919 5207 mihi

2338 5246 2567 5297 animam
2597 5244 2709 5296 sine
2735 5257 2976 5310 corpore.
3002 5244 3188 5295 Annon
3217 5241 3369 5295 audis
3395 5241 3629 5297 medicos
3650 5244 3921 5312 dicentes,

2341 5335 2553 5387 Morbus
2582 5333 2925 5386 vehementer
2949 5331 3197 5384 obscurat
3222 5332 3493 5385 animam?
3516 5332 3801 5403 Quousque
3822 5350 3923 5388 vos

2339 5429 2671 5495 strangulare
2710 5424 3005 5479 differctis?
3034 5426 3197 5488 Num,
3232 5441 3412 5492 qua-so
3434 5466 3449 5494 ,
3490 5442 3686 5495 corpus
3709 5442 3772 5479 ex
3802 5442 3924 5481 ma-

2343 5521 2472 5574 toria
2500 5517 2617 5570 est?
2648 5516 2809 5569 Recte
2836 5517 3069 5585 quidem.
3096 5515 3234 5583 Ergo
3258 5517 3426 5584 ipsum
3452 5518 3628 5571 odisse
3645 5519 3918 5587 oportuit:

2343 5626 2574 5677 curergo
2596 5610 2763 5676 ipsum
2787 5610 2907 5673 alis,
2926 5624 3021 5662 cur
3038 5608 3216 5661 foves?
3236 5609 3307 5678 (α)
3328 5609 3490 5681 [Ergo
3512 5613 3735 5680 tcipsum
3758 5612 3934 5667 inter—

2410 5704 2480 5765 (α)
2516 5710 2626 5759 Q02
2651 5702 2838 5749 uncinis
2864 5700 3150 5751 clauduntur
3166 5701 3343 5751 desunt
3370 5704 3415 5751 in
3440 5706 3722 5766 quibusdam
3744 5714 3833 5755 κίεις
3853 5748 3867 5761 ,
