4098 6324
186 340 238 392 El
1158 352 1225 404 IN
1263 353 1441 407 ACTA
1485 352 2035 411 APOSTOLORUM.
2074 358 2309 415 IIOMIL.
2346 363 2411 418 ΙΙ.
3372 372 3439 426 52

182 455 272 523 τὴν
319 451 615 508 ἀνάστασιν
657 456 885 525 βεϐαιοῖ.
935 460 993 513 Εἰ
1051 464 1156 533 γάρ
1192 466 1330 534 μετὰ
1358 467 1611 536 σώματος
1658 469 1752 519 άν-

183 542 394 613 ιλήφθη,
442 544 625 615 πολλῷ
660 549 862 616 μᾶλλον
914 552 1051 619 μετὰ
1097 552 1350 623 σώματος
1382 557 1602 627 ἀνέστη.
1640 557 1746 609 Ποῦ

181 634 307 687 εἰσιν
349 636 397 686 οἰ
439 634 855 702 διαπιστουντες
896 644 962 711 τῇ
1002 644 1326 710 ἀναστάσει;
1360 647 1503 708 τίνες
1573 647 1746 710 είσίνς

181 724 289 776 εἰπέ
315 742 433 794 μοι’
456 726 745 797 Ἕλληνες,
773 730 806 800 ἢ
827 732 1165 801 Χριστιανοίς
1190 736 1371 803 ἀγνοῶ
1392 739 1521 807 γάρ·
1552 738 1752 805 μᾶλλον

179 814 230 866 δὲ
265 812 377 878 οἶδα
424 818 691 887 ἀκριϐῶς.
730 821 985 892 Ἕλληνες
1031 825 1141 896 γάρ
1170 829 1329 891 εἰσιν,
1369 829 1419 879 οἱ
1450 828 1544 879 καὶ
1570 831 1633 898 τῇ
1657 828 1753 900 δη-

182 905 428 975 μιουργίᾳ
451 907 555 977 τῆς
588 911 822 974 κτίσεως
848 913 1274 980 διαπιστοῦντες.
1300 917 1419 971 Τῶν
1440 919 1547 988 γάρ
1575 920 1752 974 αὐτῶν

179 998 285 1046 ἐστι
315 996 389 1066 μὴ
417 1005 729 1070 συγχωρεῖν
753 1002 812 1065 ἐξ
860 1005 960 1057 οὐκ
1007 1007 1176 1059 ὄντων
1205 1012 1379 1061 ποιεῖν
1404 1026 1457 1061 τι
1500 1010 1577 1079 τῷ
1608 1010 1749 1080 Θεῷ,

178 1086 265 1139 καὶ
293 1088 361 1139 τά
375 1088 610 1158 κείμενα
639 1092 715 1163 μὴ
747 1093 927 1161 λέγειν
955 1095 1118 1149 αὐτὸν
1136 1099 1378 1170 άνιστᾷν.
1407 1094 1542 1153 Εἶτα
1563 1104 1754 1172 αἰσχυ-

179 1177 403 1245 νόμενοι,
433 1180 517 1231 ὅτι
547 1181 650 1234 οὐκ
676 1185 823 1236 ῖσασι
848 1186 949 1254 τὴν
993 1186 1222 1256 δύναμιν
1248 1188 1343 1241 τοῦ
1370 1191 1537 1254 Θεοῦ,
1564 1192 1651 1245 ἵνα
1678 1194 1751 1263 μὴ

176 1268 324 1321 τοῦτο
362 1272 732 1337 ἐγκαλῶνται,
766 1278 930 1343 φασίν
950 1294 965 1310 ο
996 1281 1071 1331 Οὐ
1102 1278 1190 1334 διὰ
1216 1281 1375 1344 τοῦτο
1398 1282 1570 1336 ταῦτα
1602 1283 1755 1349 λέγο-

180 1378 288 1429 μεν,
318 1363 431 1415 ἀλλ’
460 1367 545 1418 ὃτι
578 1368 640 1419 οὐ
687 1370 847 1438 χρεία
896 1370 1165 1441 σώματος.
1221 1373 1493 1445 Εὐκαιρον
1538 1374 1754 1445 ἀληθῶς

176 1455 372 1506 εἰπεῖν’
434 1456 487 1507 '0
521 1458 639 1525 γὰρ
666 1459 865 1527 μωρὸς
903 1462 1071 1528 μωρὰ
1104 1464 1386 1531 λαλήσει.
1420 1465 1531 1517 Οὐκ
1560 1466 1750 1535 αἰσχύ-

176 1545 320 1597 νεσθε
348 1548 404 1611 ἐξ
440 1548 542 1600 οὐκ
575 1550 747 1603 ὄντων
775 1552 927 1604 οὐδὲν
968 1552 1203 1618 διδόντες
1254 1560 1426 1608 ποιεῖν
1466 1557 1557 1609 τὸν
1586 1558 1749 1621 Θεόν;

177 1636 232 1688 El
250 1637 304 1690 δὲ
333 1638 391 1703 ἐξ
417 1639 590 1692 ὅντων
621 1645 787 1706 ποιεῖ,
817 1643 1142 1714 τίνδιαφέρει
1167 1645 1272 1697 τῶν
1307 1648 1641 1718 ἀνθρώπω-ω

250 1774 404 1827 ⁹Αλλά
431 1775 623 1841 πόθεν,
648 1780 803 1847 φησὶ,
830 1780 899 1831 τά
924 1781 1105 1846 κακά;
1142 1782 1233 1849 Μὴ
1266 1782 1392 1851 γὰρ.
1424 1783 1612 1849 ἐπειδὴ
1650 1785 1750 1835 οὐκ

173 1860 309 1927 οἶδας
337 1866 524 1932 πόθεν,
559 1869 748 1939 ἕτερον
787 1872 1021 1937 όερείλεις
1052 1874 1363 1940 ἐπεισάγειν
1394 1873 1563 1925 κακὸν
1593 1878 1649 1926 ἐν
1684 1879 1747 1946 τῇ

174 1956 357 2021 γνώσει
407 1960 518 2011 τῶν
550 1962 770 2027 κακῶν,;
803 1963 906 2016 Δύο
937 1964 1045 2033 γὰρ
1079 1965 1285 2031 γίνεται
1316 1964 1490 2017 ἄτοπα
1511 1983 1521 1993 ·
1556 1965 1613 2016 ἓν
1649 1967 1749 2035 μὲν

172 2044 275 2109 οὖν,
295 2051 375 2102 ὅτι
403 2051 567 2103 τοῦτο
587 2052 766 2121 λέγειν
792 2055 997 2124 τολμᾷς
1016 2073 1027 2084 ·
1055 2057 1102 2106 εξ
1133 2056 1241 2125 γὰρ
1271 2057 1343 2125 μὴ
1376 2057 1552 2123 λέγεις
1578 2057 1636 2121 ἐξ
1652 2059 1752 2109 οὐκ

172 2139 327 2190 ὄντων
352 2140 422 2193 τὰ
458 2142 592 2194 ὄντα
644 2146 819 2195 ποιεῖν
861 2144 952 2195 τὸν
1000 2145 1154 2207 Θεὸν,
1200 2144 1380 2214 πολλῷ
1426 2146 1629 2214 μᾶλλον
1653 2148 1752 2199 οὐκ

172 2226 280 2297 είσῃ
313 2228 478 2280 πόθεν
527 2229 601 2282 τά
657 2230 831 2282 κακά·
864 2231 1052 2299 ἓτερον
1082 2230 1158 2291 δὲ,
1204 2232 1286 2283 ὅτι
1337 2232 1600 2301 ἀγένητον
1654 2233 1752 2303 τὴν

173 2318 404 2370 κακίανι
435 2319 605 2372 τοῦτο
640 2319 815 2386 λέγων
846 2322 1107 2388 εἰσάγεις.
1150 2323 1454 2390 Ἐννόησον,
1482 2324 1604 2375 ὅσον
1636 2324 1752 2375 ἐστί

172 2408 412 2476 χαλεπὸν,
461 2410 791 2480 βουλόμενον
838 2413 1018 2480 εὑρεῖν
1046 2414 1146 2482 τὴν
1178 2414 1361 2483 πηγὴν
1394 2415 1502 2468 τῶν
1542 2414 1751 2477 κακῶν,

169 2503 362 2571 ταύτην
391 2521 451 2555 τε
483 2505 778 2574 ἀγνοῆσαι,
808 2506 903 2558 καὶ
960 2506 1154 2577 ἑτέραν
1187 2508 1503 2577 προσθεῖναι
1533 2508 1673 2576 αὐτῇ
1698 2508 1747 2560 ι).

173 2593 321 2663 Ζήτει
350 2595 524 2649 πόθεν
556 2595 628 2647 τά
669 2596 836 2660 κακὰ,
866 2597 962 2649 καὶ
1006 2598 1082 2668 μὴ
1127 2596 1436 2669 βλασφήμει
1469 2600 1561 2651 τὸν
1594 2598 1746 2652 Θεόν.

172 2686 274 2737 Καὶ
302 2684 417 2747 πῶς
479 2686 814 2756 βλασφημῶ,
872 2690 1039 2759 φησί;
1072 2690 1137 2741 Τί
1181 2690 1473 2757 λέγεις;οὐ
1507 2691 1749 2761 βλασφη-

174 2780 306 2845 μεῖς,
354 2778 487 2831 ὅταν
524 2779 790 2848 ἀγένητον
826 2781 1055 2850 εἰσάγῃς
1111 2780 1173 2832 τὸ
1206 2782 1412 2845 κακόν;
1450 2784 1577 2834 ὅταν
1639 2781 1751 2833 ἴσον

170 2871 418 2924 δύνασθαι
457 2871 542 2942 τῷ
569 2872 689 2941 Θεῷ
721 2876 1041 2943 συγχωρῇς;
1083 2874 1209 2925 ὅταν
1244 2873 1490 2943 ἰσοσθενῆ
1524 2874 1752 2943 δύναμιν

174 2967 384 3037 εἰσάγῃς
432 2967 547 3019 τῶν
580 2966 806 3031 κακῶν;
838 2968 965 3019 ὅταν
1015 2967 1310 3034 ἀγένητον;
1345 2967 1487 3038 Ὅρα
1540 2966 1670 3037 γάρ,
1698 2968 1751 3019 τί

173 3074 320 3125 φησιν
341 3060 370 3108 ὁ
392 3056 631 3120 Παῦλοςσ
661 3058 739 3111 Τὰ
765 3057 873 3126 γὰρ
892 3057 1116 3124 ἀόρατα
1140 3056 1329 3110 αὐτοῦ
1348 3058 1467 3110 ἀπὸ
1500 3058 1751 3123 κτίσεως

174 3148 391 3215 κόσμου
448 3148 580 3213 τοῖς
628 3148 921 3215 ποιήμασι
971 3148 1271 3216 νοούμενα
1308 3147 1647 3215 καθορᾶται.
1693 3149 1751 3200 '0

174 3238 346 3306 μέντοι
364 3238 618 3301 διάὸολος
643 3239 930 3308 ἀμφότερα
953 3240 1152 3309 ἔφησεν
1188 3237 1326 3294 εἶναι
1355 3242 1455 3309 τῆς
1480 3240 1632 3310 ὕλης,
1665 3241 1751 3293 ῖνα

174 3327 479 3398 μηδαμόθεν
529 3328 716 3381 λοιπὸν
750 3328 841 3380 τὸν
862 3328 996 3381 Θεὸν
1021 3329 1357 3397 ἐπιγνῶμεν.
1393 3330 1457 3381 Τί
1483 3330 1593 3399 γὰρ
1624 3330 1751 3383 δυσ-

172 3418 463 3488 κολώτερον
484 3438 501 3483 ;
522 3420 645 3471 εἰπέ
667 3436 779 3488 μοι·
813 3425 837 3453 ε
860 3419 923 3471 τὸ
948 3420 1105 3487 φύσει
1136 3421 1306 3472 κακὸν
1335 3419 1498 3472 καλὸν
1528 3424 1753 3489 ποιῆσαι

173 3509 243 3574 (εἴ
260 3510 321 3576 γέ
350 3510 543 3563 τίέστι
562 3527 575 3540 ⁸
605 3509 728 3563 καθ’
764 3511 907 3581 ὑμᾶς
932 3510 1042 3580 γὰρ
1063 3511 1207 3577 λέγω
1226 3528 1239 3541 ο
1276 3511 1437 3580 φύσει
1467 3512 1575 3581 γὰρ
1602 3513 1751 3565 οὐδὲν

172 3600 276 3653 ἔστι
324 3602 554 3671 ποιῆσαι
581 3596 783 3656 ’κακὸν
814 3602 981 3656 καλοῦ
1034 3602 1341 3673 συνεργὸν),
1397 3604 1519 3675 ἢτὸ
1565 3606 1623 3671 ἐξ
1652 3607 1753 3658 οὐκ

168 3689 358 3758 δντων;
391 3695 459 3746 Τί
480 3694 849 3764 εὐκολώτερον
886 3695 985 3764 (ὡς
1010 3697 1104 3747 ἐπὶ
1134 3696 1418 3766 ποιότητος
1444 3698 1630 3769 λέγω),
1655 3698 1751 3769 τήν

172 3784 262 3837 οὐκ
294 3781 464 3839 οὖσαν
522 3786 791 3856 ποιότητα
838 3787 1227 3858 εἰσαγαγεῖν,ἢ
1260 3789 1360 3847 τὴν
1390 3784 1557 3841 οὖσαν
1592 3807 1751 3857 μετα-

173 3874 346 3928 ϐαλεῖν
383 3880 468 3940 εἰς
509 3876 571 3929 τὸ
611 3876 886 3941 ἑναντίονς
914 3876 968 3929 τί
992 3875 1501 3948 εὐκολώτερον,τὴν
1536 3879 1637 3931 οὐκ
1665 3875 1752 3932 οὗ·

174 3982 264 4020 σαν
282 3968 464 4022 οἰκίαν
492 3969 738 4038 ποιῆσαι,
760 3969 794 4039 ἢ
815 3968 913 4039 τὴν
936 3967 1144 4040 ἔρημον
1168 3964 1331 4021 οὖσαν
1358 3968 1563 4023 ἀνωθεν
1586 3970 1753 4038 ἐργά-

174 4057 363 4110 σασθαι
381 4074 396 4121 ;
415 4056 678 4126 Εὐδηλον,
705 4058 789 4109 ὃτι
812 4059 1009 4111 ἐκεῖνο.
1038 4059 1248 4111 Οὐκοῦν
1272 4058 1431 4111 τοῦτο
1467 4060 1749 4114 ἀδύνατον.

178 4148 379 4219 Ὥσπερ
406 4144 508 4203 οὖν
527 4148 686 4201 τοῦτο
718 4149 1023 4218 ἀμήχανον,
1050 4148 1194 4203 οὕτω
1233 4152 1327 4204 καὶ
1356 4152 1534 4204 ἐκεῖνο
1560 4152 1750 4205 ἀδύναδ

173 4259 275 4305 την,
303 4243 384 4305 εἰς
414 4243 477 4294 τὸ
498 4242 739 4295 ἐναντίον
769 4240 915 4309 λέγω
947 4242 1007 4295 τὸ
1035 4243 1298 4312 ἐνεργεῖν.

240 4355 296 4409 ε’.
317 4357 455 4409 Εἰπέ
476 4374 589 4425 μοι,
606 4355 660 4408 τί
679 4354 1078 4426 δυσκολώτερον
1097 4371 1112 4419 ;
1134 4356 1303 4427 μύρον
1322 4358 1750 4421 κατασκευάσαι,

174 4448 205 4517 ἢ
230 4448 315 4500 τὸν
345 4446 614 4517 βόρϐορον
648 4445 1024 4517 βιάσασθαιτά
1054 4447 1150 4499 τοῦ
1172 4447 1344 4517 μύρου
1372 4449 1750 4520 ἐργάσασθαι;

177 4539 235 4591 Τί
258 4537 649 4606 εὐκολώτερον,
686 4538 807 4589 εἰπέ
853 4554 965 4607 μοι,
997 4536 1202 4589 τούτων
1240 4539 1449 4610 (ἐπειδὴ
1477 4542 1591 4602 τοῖς
1621 4542 1755 4610 ἡμε-

177 4633 345 4701 τέροις
396 4630 684 4699 λογισμοῖς
735 4629 827 4681 τὸν
869 4628 1001 4684 Θεὸν
1050 4628 1461 4699 ὑποϐάλλομεν,
1518 4631 1633 4683 ἀλλ’
1658 4631 1757 4701 οὐχ

179 4725 360 4793 ἡμεῖς⁹
392 4722 473 4793 μὴ
518 4723 754 4789 γένοιτο·
788 4721 902 4775 ἀλλ’
941 4722 1143 4791 ὑμεῖς),
1170 4722 1481 4791 ὀφθαλμοὺς
1530 4722 1754 4786 πλάσαι,

178 4816 208 4885 ἦ
239 4815 440 4883 τυφλὸν
480 4814 706 4883 ποιῆσαι
744 4812 960 4883 βλέπειν
990 4814 1221 4883 μένοντα
1254 4814 1478 4883 τυφλὸν,
1513 4816 1607 4867 καὶ
1644 4814 1759 4879 ὀξυ-

179 4907 490 4976 ωπέστερον
506 4904 599 4958 τοῦ
619 4905 927 4975 βλέποντος.
944 4907 1037 4959 καὶ
1050 4909 1115 4976 τῇ
1136 4906 1422 4977 τυφλότητι
1440 4909 1756 4979 ἀποχρήσα-

181 4998 297 5051 σθαι
312 4996 434 5069 [2|]
452 4998 535 5060 εἰς
560 4990 763 5065 βλέψιν,
794 4998 889 5049 καὶ
906 4997 1262 5066 τῇκωφότητι
1283 4999 1362 5060 εἰς
1384 4998 1573 5068 ἀκοήν;
1605 4999 1759 5068 Ἐμοὶ

182 5088 320 5143 δοκεῖ
364 5091 568 5143 ἐκεῖνο.
623 5088 698 5141 Τὸ
737 5088 1140 5157 δυσκολώτερον
1183 5084 1276 5141 οὖν
1313 5089 1469 5152 δίδως
1498 5090 1577 5159 τῷ
1616 5090 1758 5160 Θεῷ,

183 5178 301 5232 εἰπέ
327 5197 444 5250 μοι,
482 5179 579 5231 καὶ
599 5178 661 5230 τὸ
703 5176 1067 5249 εὐκολώτερον
1101 5179 1255 5248 οὐχί;
1295 5181 1359 5233 Τί
1394 5181 1539 5248 λέγω
1562 5180 1759 5247 τοῦτο;

196 5268 349 5320 ’Λλλά
375 5269 472 5321 καὶ
492 5270 591 5330 τάς
614 5267 791 5337 ψυχὰς
818 5268 884 5321 ἐκ
914 5269 1013 5339 τῆς
1054 5270 1244 5331 οὐσίας
1274 5270 1440 5323 αὐτοῦ
1488 5269 1627 5323 εἷναί
1660 5290 1762 5341 φα-

187 5368 283 5407 σιν.
327 5354 468 5405 Ἀλλ’
497 5354 619 5424 ὅρα,
665 5354 809 5407 πόσα
836 5355 903 5407 τὰ
936 5355 1107 5427 ἀσεσῆ
1140 5357 1236 5409 καὶ
1265 5358 1487 5428 ἀνόητα.
1514 5358 1761 5429 Πρῶτον,

191 5444 500 5515 βουλόμενοι
533 5446 725 5513 δεῖξαι,
755 5448 838 5500 ὅτι
876 5450 939 5501 ἐκ
979 5447 1070 5501 τοῦ
1100 5450 1237 5504 Θεοῦ
1264 5458 1334 5506 τὰ
1380 5453 1548 5515 κακὰ,
1576 5454 1764 5525 ἕτερον

188 5537 374 5592 τούτου
402 5540 763 5611 ἀσεὸέστερον
796 5542 1181 5611 ἐπεισάγουσιν
1204 5560 1219 5575 ·
1239 5545 1513 5616 ὁμόχρονα
1543 5546 1652 5617 γὰρ
1668 5550 1765 5601 αὐε-

190 5631 283 5700 τῷ,
321 5633 415 5685 καὶ
442 5633 655 5697 οὐδενὸς
682 5633 711 5673 ἀ
747 5634 927 5688 αὐτῶν
976 5636 1352 5707 πρεσϐύτερον
1376 5640 1466 5691 τὸν
1507 5643 1637 5694 Θεὸν
1679 5642 1767 5695 λέ-

931 5777 1040 5822 Non
1065 5777 1275 5835 genitam
1300 5777 1554 5825 malitiam.
1622 5777 1650 5817 ιι
1672 5779 1767 5828 Alii

931 5838 953 5865 ε
996 5836 1130 5899 Unqs
1174 5838 1312 5899 90d,
1343 5838 1399 5885 τὸ
1439 5839 1575 5899 φύσει
1618 5842 1769 5888 κακὸν

250 5769 279 5797 ⁸
310 5768 586 5835 ’Δγέννητογ
607 5772 695 5828 τήν
714 5772 904 5835 κακίαν,
928 5774 1040 5822 Non
1065 5774 1275 5835 genitam
1300 5772 1554 5825 malitiam.

197 5828 351 5895 ετερρν
384 5832 659 5895 προσθεῖναι
699 5834 846 5895 αὐτῷ.

201 5890 345 5962 ιακὸςι
388 5890 599 5965 ποιῆσαι.
634 5890 899 5965 Ποοηιὲιιε,
927 5897 1249 5965 apud_qu_i_l..
1284 5890 1548 5965 Ibgepflpm
1574 5904 1769 5965 conjici!

201 5966 251 5995 "’
274 5951 406 6010 "5‘"-
432 5955 578 6001 κακὸν
601 5956 744 6003 κοθέν
767 5951 980 6013 ποιῆσαί.
1051 5960 1075 5996 σι
1118 5962 1214 6010 Alii
1241 5951 1518 6009 ’καξνοῡαηι

1856 490 2033 540 γουσι.
2059 476 2120 526 τὸ
2154 477 2324 547 γέρας
2355 478 2417 530 τὸ
2450 478 2594 549 μέγα
2626 482 2720 535 καὶ
2754 483 2936 547 αὐτοῖς
2974 485 3172 540 διδόναι
3202 488 3438 558 τολμῶν-

1860 583 1962 626 τες.
2004 569 2267 638 Δεύτερον
2289 611 2303 634 ,
2342 573 2435 623 καὶ
2459 573 2763 645 ἀνώλεθρον
2785 576 2882 647 τὴν
2915 581 3112 631 κακίαν
3148 581 3312 647 φασίν
3332 597 3346 607 ·
3381 581 3443 632 οὐ

1852 661 1961 729 γὰρ
1983 662 2042 713 τὸ
2062 663 2357 732 ἀγέννητον
2372 666 2700 735 ἀναιρεῖται.
2733 670 2924 739 Ὀρᾶτε
2945 670 3042 741 τὴν
3057 670 3406 743 βλασφημίαν
3426 691 3442 737 ;

1854 753 2017 805 Ὥστε
2051 756 2265 825 ἀνάγκη
2288 797 2303 818 ,
2349 758 2383 827 ἢ
2414 760 2584 830 μηδὲν
2633 761 2727 814 τοῦ
2778 763 2914 815 Θεοῦ
2952 760 3125 817 εἶναι⁸
3171 767 3204 835 ἢ
3232 805 3245 828 ,
3288 768 3335 817 εἰ
3370 766 3444 835 μὴ

1853 843 2025 897 ταῦτα
2043 889 2059 913 ,
2101 850 2193 899 καὶ
2226 850 2359 902 Θεὸν
2397 854 2471 921 μὴ
2496 848 2653 905 εἶναι.
2689 854 2886 924 Τρίτον
2916 857 3055 924 ὅπερ
3084 855 3243 925 ἔφην,
3269 856 3471 928 ταύτῃ·

1852 954 1932 990 τοι
1969 939 2266 1010 πολεμοῦσι
2287 944 2380 996 καὶ
2407 946 2561 997 αὐτοί⁷
2580 946 2815 1009 ἑαυτοῖς,
2839 946 2932 999 καὶ
2967 950 3445 1017 προσαγανακτεῖν

1851 1030 1943 1082 τὸν
1998 1032 2131 1082 Θεὸν
2169 1032 2369 1100 μᾶλλον
2414 1034 2952 1103 παρασκευάζουσιν.
3000 1018 3310 1106 Τέταρτον,
3343 1038 3445 1108 τὴν

1853 1118 2086 1172 ἄστατον
2119 1120 2251 1191 ῦλην
2290 1123 2561 1194 τοσαύτην
2591 1126 3006 1196 ἐπιτηδειότητα
3035 1128 3180 1196 ἔχειν
3216 1128 3441 1181 διδόασι.

1855 1208 2131 1279 Πέμπτον,
2161 1212 2261 1281 τῆς
2294 1212 2631 1283 ἀγαθότητος
2656 1214 2748 1266 τοῦ
2770 1216 2905 1268 Θεοῦ
2934 1216 3031 1288 τὴν
3066 1218 3334 1287 πονηρίαν
3363 1220 3449 1269 αἰ-

1853 1306 1974 1356 τίαν
2012 1307 2142 1372 φασὶ
2164 1306 2517 1375 γεγενῆσθαι,
2553 1311 2650 1362 καὶ
2668 1310 2751 1361 ὃτι
2774 1311 2942 1380 χωρὶς
2968 1310 3173 1379 ταύτης
3191 1314 3219 1363 ὁ
3240 1310 3445 1378 ἀγαθὸς

1851 1396 1952 1447 οὐκ
1984 1392 2051 1465 ἦν
2074 1397 2303 1463 ἀγαθός.
2340 1399 2558 1465 Ἕκτον,
2598 1400 2700 1463 τάς
2744 1402 2897 1465 ὁδοὺς
2937 1404 3070 1471 ἡμῖν
3094 1403 3445 1455 ἀποκλείουσι

1852 1489 1952 1559 τῆς
1985 1488 2335 1557 θεογνωσίας.
2376 1492 2678 1563 Ἐϐδομον,
2711 1494 2804 1546 τὸν
2846 1496 2979 1572 Θεὸν
3013 1499 3093 1558 εἰς
3122 1496 3446 1565 ἀνθρώπους

1854 1580 2173 1647 κατάγουσι,
2216 1584 2310 1635 καὶ
2346 1586 2486 1651 φυτὰ
2507 1626 2521 1647 ,
2555 1587 2647 1637 καὶ
2683 1584 2837 1651 ξύλα.
2878 1586 2941 1638 Εἰ
2972 1588 3081 1656 γὰρ
3112 1588 3145 1655 ὴ
3177 1588 3275 1655 μὲν
3310 1590 3448 1656 ἠμε-

1851 1672 1989 1741 τέρα
2010 1672 2155 1743 ψυχὴ
2185 1674 2285 1742 τῆς
2312 1675 2406 1727 τοῦ
2432 1674 2569 1747 Θεοῦ
2600 1677 2788 1739 οὐσίας
2824 1678 2991 1741 ἐστὶν,
3019 1680 3051 1748 ή
3084 1679 3139 1730 δὲ
3179 1696 3449 1747 μετενσω-

1858 1768 2099 1835 μάτωσις
2127 1768 2220 1820 καὶ
2258 1770 2337 1829 εἰς
2364 1770 2586 1831 σικυοὺς
2629 1768 2724 1820 καὶ
2765 1769 3009 1832 πέπονας
3058 1770 3302 1823 ἐκϐαίνει
3352 1772 3449 1823 καὶ

1854 1859 2149 1928 κρόμμυα·
2190 1859 2297 1928 ἄρα
2330 1859 2427 1911 τοῦ
2456 1861 2590 1913 Θεοῦ
2642 1863 2674 1930 ἡ
2716 1863 2875 1914 οὐσία
2899 1864 2977 1923 εἰς
3005 1864 3225 1923 σικυοὺς
3267 1862 3444 1914 ἔσται.

1854 1951 1970 2002 Κᾶν
2002 1950 2101 2018 μὲν
2131 1951 2395 2019 εἴπωμεν,
2422 1953 2503 2004 ὅτι
2527 1952 2752 2021 Πνεῦμα
2774 1952 2929 2019 ἀγιον
2963 1954 3091 2005 ναὸν
3126 1954 3361 2007 ἔπλασεν
3389 1955 3449 2004 ἐν

1850 2045 1916 2111 τῇ
1966 2042 2245 2112 Παρθένῳ,
2296 2044 2705 2109 καταγελῶσινσ
2732 2044 2818 2106 ἂν,
2860 2045 2942 2096 ὅτι
2980 2045 3257 2113 ἐνῴκησεν
3280 2048 3337 2096 ἐν
3368 2045 3449 2114 τῷ

1853 2134 2213 2204 πνευματικῷ
2250 2133 2363 2203 ναῷ
2387 2174 2402 2198 ,
2437 2134 2601 2188 πάλιν
2635 2134 2889 2201 γελῶσιν.
2934 2136 3100 2187 Αὐτοὶ
3140 2136 3198 2188 δὲ
3246 2138 3341 2189 καὶ
3367 2137 3450 2199 εἰς

1854 2226 2072 2286 σικυοὺς
2105 2224 2200 2276 καὶ
2236 2225 2497 2287 πέπονας,
2539 2226 2631 2277 καὶ
2677 2226 2863 2292 μυίας,
2904 2226 2999 2279 καὶ
3046 2226 3275 2290 κάμπας
3299 2267 3315 2291 ,
3354 2230 3449 2279 καὶ

1851 2317 2005 2378 ὅνους
2025 2316 2119 2368 τοῦ
2158 2315 2293 2369 Θεοῦ
2328 2317 2429 2388 τὴν
2454 2317 2643 2369 οὐσίαν
2676 2318 3006 2385 κατάγοντες
3033 2320 3133 2370 οὐκ
3164 2319 3447 2386 αἰσχύνον-

1852 2424 1965 2471 ται,
1996 2408 2181 2459 καινόν
2223 2424 2345 2460 τινα
2378 2408 2827 2478 εἰδωλολατρείας
2866 2409 3278 2479 ἐξευρίσκοντες
3320 2410 3448 2477 τρό-

1852 2516 1972 2551 πον.
2026 2498 2167 2550 Ἀλλ’
2182 2500 2244 2551 οὐ
2271 2499 2335 2551 τὸ
2371 2499 2655 2569 κρόμμυον
2686 2502 2744 2552 ἐν
2762 2498 2843 2568 τῷ
2871 2499 2991 2570 Θεῴ
3018 2512 3041 2539 ε
3061 2518 3075 2531 ’
3109 2500 3226 2554 ἀλλ’
3258 2503 3287 2552 ὁ
3316 2500 3449 2563 Θεὸς

1853 2593 1911 2643 ἐν
1939 2591 2019 2660 τῷ
2069 2590 2343 2661 κρομμύῳ
2392 2592 2529 2644 ἐστί.
2575 2592 2668 2661 Μή
2719 2593 2828 2662 γὰρ
2868 2593 2930 2644 τὸ
2972 2594 3259 2663 κρόμμυον
3308 2592 3450 2645 ἔστω

1852 2684 2005 2745 Θεός.
2044 2683 2109 2735 Τί
2168 2683 2392 2750 φεύγεις
2436 2683 2534 2752 τὴν
2588 2684 3084 2752 μετενσωμάτωσιν
3119 2684 3215 2735 τοῦ
3275 2683 3447 2750 Θεοῦ;

1851 2773 2109 2845 Αἰσχρὸν,
2150 2776 2338 2843 φησὶν,
2389 2775 2555 2827 ἐστίν.
2597 2775 2810 2826 Οὐκοῦν
2845 2775 3025 2842 πολλῷ
3057 2774 3259 2845 μᾶλλον
3291 2774 3453 2828 τοῦτο

1852 2866 2098 2934 αἰσχρόν.
2140 2864 2279 2916 Ἀλλ’
2301 2867 2403 2917 οὐκ
2426 2866 2689 2935 αἰσχρόν;
2733 2865 2882 2931 Πῶς;
2919 2870 3096 2935 Ὅπερ
3129 2866 3239 2935 γὰρ
3269 2868 3337 2919 ἂν
3371 2868 3451 2929 εἰς

1854 2960 1999 3028 ἡμᾶς
2026 2960 2275 3027 γένηται,
2310 2958 2481 3020 ὅντως
2516 2959 2763 3027 αἰσχρόν.
2800 2960 2982 3011 Εἱδετε
3017 2959 3284 3029 συρφετὸν
3320 2960 3453 3011 ἀσενιι

1853 3050 2039 3114 6είαςς
2080 3050 2239 3104 Ἀλλά
2275 3050 2419 3103 διατί
2450 3051 2511 3102 οὐ
2561 3050 2843 3119 βούλονται
2876 3050 3201 3103 ἀνίστασθαι
3251 3049 3449 3117 σῶμας

1853 3144 1917 3193 Τί
1950 3143 2007 3194 δὲ
2036 3143 2130 3194 καὶ
2154 3142 2372 3213 ἐροῦσιν
2397 3160 2412 3206 ;
2446 3143 2573 3195 ’Ότι
2597 3142 2659 3194 τὸ
2686 3142 2846 3211 σῶμα
2869 3141 3139 3211 πονηρόν;
3164 3142 3336 3194 Πόθεν
3357 3137 3451 3194 οὖν

1852 3231 2022 3297 οἶδας,
2055 3236 2177 3286 εἰπέ
2210 3251 2322 3303 μοι,
2353 3234 2445 3286 τὸν
2470 3234 2638 3297 Θεόν;
2671 3233 2837 3285 πόθεν
2866 3233 3011 3301 ἔχεις
3036 3232 3144 3283 τῶν
3163 3232 3332 3285 ὄντων
3353 3231 3453 3286 τὴν

1854 3328 2096 3395 γνῶσινς
2128 3326 2184 3379 '0
2224 3328 2281 3379 δέ
2320 3326 2609 3395 φιλόσοφος
2642 3326 2806 3378 πόθεν
2844 3326 3155 3393 φιλόσοφος,
3198 3326 3247 3377 εἰ
3284 3327 3454 3395 μηδὲν

1856 3419 2101 3471 συντελεῖ
2124 3419 2185 3469 τὸ
2215 3418 2412 3488 σῶμα;
2443 3418 2709 3487 Πήρωσον
2728 3417 2829 3478 τὰς
2850 3416 3153 3481 αἰσθήσεις,
3180 3416 3276 3467 καὶ
3311 3415 3453 3485 μάθε

1851 3530 1904 3565 τι
1932 3512 2040 3564 τῶν
2064 3511 2314 3563 δεόντων.
2347 3510 2413 3561 Τί
2436 3510 2491 3561 δὲ
2525 3509 2835 3579 μωρότερον
2861 3507 3040 3576 ψυχῆς
3066 3507 3263 3574 γένοιτ’
3286 3507 3375 3573 ἂν,
3401 3508 3453 3560 εἰ

1854 3604 1913 3669 ἐξ
1946 3604 2120 3673 ἀρχῆς
2164 3602 2264 3665 τὰς
2312 3602 2596 3672 αἰσθήσεις
2647 3602 2734 3669 εεή
2786 3600 3200 3670 πεπηρωμένης
3244 3599 3305 3650 Εἰ
3339 3597 3452 3669 γὰρ

1854 3697 1970 3758 ἐνὸς
2009 3697 2206 3767 μέρους
2226 3695 2388 3765 μόνον
2415 3695 2686 3764 πήρωσις,
2719 3691 2814 3744 τοῦ
2845 3691 3153 3759 ἐγκεφάλου
3190 3692 3355 3758 λέγω,
3388 3690 3453 3744 τὸ

1855 3790 1963 3840 πᾶν
1983 3788 2152 3856 αὐτῆς
2180 3786 2351 3856 βλάϐη
2379 3786 2588 3854 γίνεται
2604 3802 2618 3815 ·
2643 3786 2693 3837 εἰ
2713 3784 2899 3853 μέλλοι
2921 3785 3016 3837 καὶ
3031 3784 3100 3838 τὰ
3121 3783 3259 3837 ἀλλα
3280 3800 3452 3852 nem;-

1858 3880 2083 3950 ρῶσθαι,
2117 3878 2221 3931 ποῦ
2268 3880 2542 3947 χρήσιμος
2572 3878 2758 3941 έσται;
2808 3876 2991 3940 Δεῖξόν
3028 3892 3119 3945 μοι
3148 3876 3316 3945 χωρὶς
3344 3874 3451 3926 σώ-

1858 3989 2024 4041 ματος
2046 3971 2247 4039 ψυχήν.
2270 3970 2340 4021 Ἢ
2362 3969 2463 4021 οὐκ
2482 3969 2703 4032 ἀκούεις
2728 3968 2930 4041 ίατρῶν
2952 3968 3223 4035 λεγόντων
3238 3984 3251 3997 ’
3276 3967 3450 4029 Νόσος

1854 4066 1963 4135 γὰρ
1992 4064 2240 4133 παροῦσα
2262 4062 2453 4124 δεινῶς
2473 4062 2653 4133 ψυχὴν
2674 4062 2949 4132 ἀμαυροῖς
2978 4061 3157 4131 Μέχρι
3183 4061 3328 4123 τίνος
3348 4060 3449 4113 οὐκ

1854 4156 2200 4224 ἀπάγξεσθες
2233 4154 2307 4207 Τὸ
2342 4154 2502 4223 σῶμα
2530 4156 2630 4223 τῆς
2664 4152 2799 4223 ὖλης
2821 4154 3004 4219 ἐστίν;
3034 4152 3156 4205 είπέ
3188 4168 3298 4221 μοι.
3333 4151 3449 4204 Κα-

1854 4248 1982 4311 λῶς.
2010 4245 2222 4300 Οὐκοῦν
2251 4245 2359 4298 ἔδει
2382 4249 2563 4315 μισεῖν
2584 4246 2715 4298 αὐτό
2731 4262 2745 4275 ·
2770 4245 2822 4296 τί
2844 4246 3022 4297 τοίνυν
3043 4244 3173 4296 αὐτὸ
3195 4242 3446 4312 τρέφεις;

1855 4339 1906 4391 τί
1937 4338 2198 4402 θάλπεις;
2245 4336 2478 4409 [υύκοῦν
2511 4338 2618 4389 ἔδει
2651 4340 2897 4408 ἀναιρεῖν
2932 4337 3164 4401 σαυτόν;
3197 4334 3216 4406 ]
3246 4335 3449 4388 οὐκοῦν

1859 4429 1973 4501 [22}
1998 4430 2105 4483 έδει
2126 4429 2567 4483 ἀπαλλάττεσθαι
2588 4429 2683 4481 τοῦ
2708 4428 3108 4499 δεσμωτηρίου.
3135 4426 3345 4489 ’Δλλως
3366 4425 3447 4489 δὲ,

1855 4525 1884 4575 ὁ
1910 4522 2043 4585 Θεὸς
2064 4524 2125 4575 οὐ
2152 4522 2788 4593 δύναται,περιγενέσθαι
2807 4523 2907 4593 τῆς
2932 4523 3085 4593 ὕλης,
3116 4522 3183 4574 ἂν
3208 4521 3284 4591 μὴ
3314 4538 3454 4591 συμ-

1860 4616 2064 4687 πλακῇ.
2109 4615 2395 4679 Ἐπιτάξαι
2424 4616 2532 4686 γὰρ
2560 4616 2621 4667 οὐ
2656 4614 2904 4678 δύναται,
2939 4614 3046 4676 ἕως
3064 4612 3131 4667 ἂν
3157 4614 3216 4666 οὐ
3251 4614 3454 4680 συγγέ-

1858 4727 2017 4779 νηται
2069 4710 2227 4779 αὐτῇ,
2262 4709 2357 4761 καὶ
2398 4708 2464 4761 δι’
2510 4708 2638 4778 ὅλης
2668 4708 2858 4778 σταθῇ.
2896 4708 2961 4760 Ὢ
3000 4706 3101 4781 τῆς
3142 4704 3448 4768 ἀσθενείαςί

1859 4803 1969 4855 Καὶ
2013 4801 2265 4870 βασιλεὺς
2294 4802 2393 4871 μὲν
2430 4801 2738 4853 ἐπιτάττων
2770 4799 2951 4853 πάντα
2984 4799 3151 4861 ποιεῖ,
3178 4799 3208 4849 ό
3234 4796 3292 4849 δὲ
3320 4796 3454 4859 Θεὸς

1858 4895 1972 4957 τοῖς
2000 4896 2257 4964 πονηροῖς
2277 4894 2379 4945 οὐκ
2406 4892 2742 4956 ἐπιτάττων;
2776 4891 2954 4953 Ὀλως
2982 4890 3039 4943 δὲ
3068 4891 3117 4941 εἰ
3144 4886 3351 4955 ἀγαθοῦ
3373 4904 3452 4939 τι-

1861 5000 1950 5044 νος
1983 4984 2211 5054 ἄμοιρος
2256 4978 2325 5052 ἦν
2348 5022 2361 5046 ,
2394 4984 2497 5035 οὐκ
2525 4981 2591 5035 ἂν
2627 4980 2755 5051 ἔστη
2806 4982 2840 5051 ή
2870 4979 2993 5050 ὕλη.
3039 4978 3117 5032 Οὐ
3149 4978 3258 5046 γάρ
3287 4976 3307 5015 ί
3338 4975 3454 5045 ἕχει

1862 5077 2023 5145 φύσιν
2056 5078 2089 5147 ἡ
2128 5078 2363 5147 πονηρία
2397 5074 2768 5138 συνίστασθαι,
2800 5074 2866 5126 ἂν
2899 5074 2973 5143 μή
3013 5089 3159 5134 τινος
3192 5069 3456 5141 ἐπιλάθη-

1863 5188 1951 5223 ται
1980 5173 2087 5225 τῶν
2122 5172 2224 5242 τῆς
2262 5172 2496 5242 ἀρετῆς⁴
2532 5169 2673 5221 ὥστε
2702 5171 2750 5222 εἰ
2784 5170 2893 5240 πρὸ
2928 5169 3119 5222 τούτου
3151 5168 3359 5235 ἀμιγὴς
3384 5162 3454 5235 ἦν

1862 5266 2086 5336 ἀρετῆς,
2120 5266 2288 5318 πάλαι
2318 5264 2383 5317 ἂν
2411 5265 2711 5335 διεφθάρη·
2744 5265 2840 5317 καὶ
2874 5263 2983 5333 γὰρ
3012 5262 3200 5316 τοῦτον
3221 5261 3333 5330 ἔχει
3363 5260 3457 5313 τὸν

1863 5360 2063 5430 τρόπον
2092 5360 2162 5412 τὰ
2184 5359 2351 5413 κακά.
2386 5359 2569 5411 Ἔστω
2598 5376 2683 5421 τις
2719 5356 2977 5428 ἀσελγής,
3014 5357 3108 5408 καὶ
3145 5354 3282 5424 μηδὲ
3318 5353 3457 5417 ὅλως

1866 5451 2062 5505 ἐαυτοῦ
2096 5454 2120 5491 ⁸
2149 5452 2429 5522 κατεχέτω
2448 5494 2462 5518 ,
2497 5453 2545 5504 εἰ
2580 5450 2807 5521 ζήσεται
2839 5449 2971 5502 δέκα
3001 5447 3240 5519 ήμέραςς
3274 5446 3459 5498 Ἔστω

1865 5560 1949 5606 τις
1981 5542 2185 5616 λῃστής
2232 5543 2325 5595 καὶ
2365 5543 2502 5612 πρὸς
2545 5542 2753 5605 πάντας
2780 5540 3152 5610 ἀσυνείδητος,
3194 5538 3336 5591 ἔστω
3363 5539 3459 5590 καὶ

1868 5638 2007 5708 πρὸς
2032 5643 2158 5704 τοὺς
2188 5638 2673 5711 συλλῃστεύοντας,
2711 5639 2759 5690 εί
2800 5634 3028 5706 ζήσεται
3071 5634 3240 5697 ὅλως;
3272 5633 3457 5684 Ἔστω

1937 5793 1959 5819 e
1988 5779 2083 5844 Hic
2106 5777 2296 5844 variant
2315 5779 2537 5844 quxdgm
2577 5776 2902 5837 exemplaria.
2940 5769 3341 5844 ,ΠΜ-νεφοεμή
3364 5770 3453 5844 γάρ

1870 5843 1925 5889 τὸ
1956 5843 2198 5904 κρόμμυον
2234 5832 2360 5904 ξσ-τὼ
2390 5840 2528 5904 Θεὸς,
2568 5851 2630 5904 οι
2656 5832 2771 5904 [ηεξ.
2811 5838 3045 5904 νηνεμία,
3066 5836 3115 5904 ﬁn
3138 5832 3307 5904 M031”.

1872 5890 2001 5951 ram.‘
2035 5890 2165 5951 ιὶιὶιτ.
2240 5900 2257 5938 ί
2301 5890 2526 5959 Quidam"
2550 5900 2639 5946 οὐκ
2672 5890 2882 5953 ἀνέστη·
2912 5898 2983 5945 Οε)
3026 5890 3129 5957 γάρ.
3201 5896 3223 5933 ιε
3252 5892 3285 5941 Ε
3312 5890 3450 5940 codd.

1875 5964 2045 6013 ἑαντοῦ
2074 5979 2159 6023 pro
2197 5965 2360 6013 ἑαυτὸν
2392 5960 2745 6023 rescripsimus.
2782 5961 2914 6009 Ειητ.
