4098 6324
151 404 221 440 ῡ.)

158 505 317 557 licere
362 488 676 565 debuistit]
719 488 860 557 Ergo
905 493 959 539 te
1009 478 1081 534 ab
1117 476 1219 532 hoc
1255 486 1472 528 carcere
1523 468 1753 522 liberare

158 589 433 663 oportuit?
458 562 709 655 Alioquin
736 592 863 634 vero
890 576 1032 629 Deus
1059 586 1163 623 non
1195 574 1368 637 potest
1395 562 1613 616 vincere
1640 571 1743 611 ma-

158 645 373 744 terriam,
400 677 504 733 nisi
534 645 657 729 cuin
684 671 773 725 illa
801 667 1105 722 misceatur.
1139 658 1253 712 Non
1290 659 1467 725 potest
1496 648 1640 703 enim
1677 645 1750 698 illi

160 771 477 841 prtecipere,
503 764 682 819 donec
716 773 835 813 cum
867 755 954 809 illa
986 750 1144 806 fuerit
1163 789 1177 810 ,
1206 761 1269 799 ac
1298 757 1391 812 per
1421 749 1586 795 totam
1631 749 1752 803 per-

158 825 342 916 vadat:
368 856 415 914 Ο
436 825 851 911 imbecillitatem
873 849 887 900 l
914 844 1027 899 Rex
1049 834 1361 906 imperando
1386 830 1513 886 facit
1535 825 1749 888 omnia;

159 955 301 1006 Dens
331 964 462 1003 vero
488 944 643 1000 malis
670 956 777 995 non
806 932 1070 1005 imperat?
1100 930 1157 984 ln
1184 937 1414 985 summa,
1446 919 1549 974 nisi
1579 923 1752 970 mate-

158 1044 238 1096 ria
277 1039 404 1095 boni
437 1033 730 1104 cuthSpiam
778 1034 923 1083 esset
961 1022 1262 1092 particeps,
1308 1010 1602 1067 subsistere
1646 1019 1751 1059 non

158 1143 363 1203 posset.
408 1096 606 1183 Malitia
642 1124 783 1177 enim
823 1116 1119 1173 subsistere
1157 1106 1375 1177 nequit,
1421 1099 1526 1156 nisi
1569 1096 1752 1150 virtuti

157 1185 563 1278 admisceatur:
612 1210 835 1283 proinde
878 1205 980 1260 nisi
1020 1201 1206 1257 fuisset
1250 1193 1485 1251 admixta
1516 1185 1750 1283 virtuti,

155 1314 361 1385 jamdiu
395 1278 646 1379 periisset
672 1321 684 1357 :
718 1316 837 1357 nam
868 1298 981 1351 hree
1004 1302 1086 1351 est
1110 1290 1368 1345 malorum
1389 1280 1649 1338 conditio.
1674 1278 1755 1333 Sit

157 1370 423 1474 quispiam
454 1397 712 1455 lascivus,
755 1392 843 1461 qui
886 1388 966 1443 sui
1010 1387 1274 1452 impotens
1302 1374 1525 1431 omnino
1553 1370 1657 1436 sit,
1683 1384 1752 1423 an

159 1461 303 1551 vivet
332 1494 520 1549 decem
546 1489 702 1544 dies?
732 1485 813 1539 Sit
835 1483 971 1536 latro
998 1474 1294 1549 quispiam,
1324 1467 1417 1539 qui
1444 1462 1588 1519 nulla
1618 1461 1752 1516 reti-

159 1599 319 1646 nente
346 1582 671 1642 conscientia
700 1578 751 1633 in
773 1587 961 1631 omnes
985 1569 1254 1635 etiamque
1283 1562 1334 1616 in
1357 1554 1754 1613 consceleratos

157 1689 456 1749 grassetur,
490 1688 615 1728 num
646 1667 832 1723 vixerit
853 1660 1112 1718 omnino?
1142 1656 1224 1710 Sit
1248 1649 1440 1720 aliquis
1466 1646 1551 1700 fur
1580 1643 1754 1712 impu-

156 1737 311 1826 dens.
341 1737 581 1839 quiisiuc
610 1762 805 1818 rubore
834 1757 1007 1825 palam
1034 1750 1257 1810 foretur,
1286 1756 1411 1797 num
1440 1737 1752 1839 diusuper-

156 1874 267 1916 stes
293 1823 437 1914 erit?
461 1856 719 1911 Ilalorum
744 1823 928 1902 natura
952 1842 1073 1896 talis
1101 1846 1203 1900 est,
1234 1843 1293 1889 ut
1316 1832 1417 1886 uisi
1439 1825 1565 1884 boui
1594 1823 1753 1916 quid:

157 1954 298 2022 piant
328 1949 581 2009 habeant,
609 1955 755 1999 stare
776 1954 887 1994 .non
913 1933 1118 2007 possint
1142 1948 1155 1981 :
1186 1929 1263 1981 sic
1289 1925 1376 1979 illa
1407 1923 1567 1983 Deus,
1592 1926 1649 1972 ut
1676 1914 1752 1969 illi

157 2008 372 2109 dicunt,
405 2036 701 2095 constituit.
728 2032 807 2088 Sit
832 2028 1021 2083 civitas
1048 2019 1415 2090 improborum
1446 2008 1751 2071 hominum,

158 2151 220 2188 an
257 2099 426 2187 stabit
467 2124 754 2198 umquam?
796 2123 953 2177 Stent
986 2114 1148 2178 mali,
1181 2124 1285 2163 non
1326 2110 1514 2161 contra
1544 2099 1749 2159 bonos,

1191 358 1253 415 ΙΝ
1295 355 1472 412 ACTA
1515 340 2290 407 APOSTOLORUMJIOMIL.
2329 339 2416 395 lll.
3379 325 3449 381 5-l

1862 461 1958 516 sed
1988 468 2174 515 contra
2214 457 2452 527 seipsos,
2487 464 2634 511 certe
2660 463 2805 510 stare
2834 461 3127 524 nequeunt.
3161 450 3287 507 Vere
3310 453 3465 505 stulti

1858 553 1983 625 facti
2010 559 2159 615 sunt,
2198 565 2313 603 cum
2353 548 2525 600 dicunt
2550 563 2604 600 se
2627 563 2737 601 esse
2756 547 3009 615 sapientes
3046 544 3222 607 (Rom.
3254 544 3308 598 1.
3337 541 3452 610 2‘2),

1854 642 1909 696 Si
1950 656 2148 711 corpus
2179 640 2377 695 malum
2405 648 2520 701 est,
2565 638 2759 693 frustra
2787 637 2928 692 facta
2965 647 3091 693 sunt
3129 650 3309 691 omnia
3337 650 3458 705 qum

1853 734 2279 804 conSpiciuntur,
2310 748 2468 803 aqua,
2494 742 2633 786 terra
2658 773 2674 795 ,
2700 732 2802 797 sol,
2834 745 2949 785 aer.
2978 730 3111 785 Nam
3140 740 3194 784 et
3220 742 3313 783 aer
3335 742 3459 783 cor-

1858 839 1955 893 pus
1978 831 2062 878 est
2080 824 2119 890 ί,
2140 823 2350 878 etiamsi
2380 838 2485 876 non
2533 822 2758 875 densum
2776 830 2831 875 et
2869 820 3120 877 solidum.
3140 820 3455 889 Opportune

1855 931 1983 985 ergo
2029 915 2283 969 dicatur:
2337 912 2691 967 Narraverunt
2741 911 2865 965 mihi
2911 912 3072 981 iniqui
3102 910 3458 981 .fabulationes

1857 1005 2030 1077 (Psal.
2062 1006 2185 1061 H8.
2211 1004 2327 1074 85).
2363 1005 2562 1060 Verum
2588 1006 2704 1059 haec
2731 1020 2799 1059 ne
2829 1004 3143 1069 toleremus,
3175 1003 3270 1059 sed
3299 1018 3458 1057 aures

1854 1098 1923 1152 ab
1952 1098 2056 1152 illis
2091 1105 2422 1153 avertamus.
2470 1097 2565 1151 Est
2603 1097 2779 1160 enim,
2820 1106 2905 1151 est
2949 1096 3131 1165 utique
3170 1109 3458 1164 corporum

1857 1189 2203 1243 resurrectio.
2251 1186 2366 1242 lloc
2413 1186 2653 1242 declarat
2705 1187 3015 1256 sepulcrum
3064 1185 3457 1257 Jerbsolymis,

1858 1296 2069 1336 necnon
2096 1281 2321 1352 lignum,
2344 1281 2430 1333 cui
2455 1280 2551 1334 fuit
2579 1281 2849 1349 alligatus,
2887 1289 2943 1332 ut
2973 1278 3195 1349 ﬂagellis
3221 1276 3461 1332 caedere-

1859 1381 1967 1424 tur.
1995 1369 2317 1425 Comedimus
2345 1371 2500 1450 enim,
2533 1371 2725 1439 inquit,
2753 1379 2800 1423 et
2823 1369 3036 1424 bibimus
3061 1386 3178 1423 cum
3201 1368 3292 1422 illo
3320 1366 3457 1439 (Act.

1859 1461 1947 1515 10.
1973 1461 2088 1529 41).
2114 1459 2416 1516 Credamus
2441 1476 2571 1531 ergo
2593 1461 2997 1525 resurrectioni,
3028 1470 3084 1516 et
3114 1476 3234 1530 qua:
3260 1460 3360 1513 hac
3380 1458 3464 1513 di-

1856 1567 1959 1620 gna
1992 1552 2100 1606 sint
2134 1567 2445 1621 operemur,
2483 1563 2541 1607 ut
2570 1553 2746 1607 futura
2778 1568 3175 1624 consequamur
3198 1553 3371 1617 bona,
3408 1552 3461 1605 in

1858 1642 2072 1696 Christo
2097 1641 2226 1698 JeSu
2253 1642 2485 1698 Domino
2511 1656 2715 1707 nostro,
2748 1644 2965 1712 quicum
2996 1644 3138 1698 Patri
3165 1653 3220 1699 et
3240 1642 3460 1712 Spiritui

1858 1742 2048 1789 sancto
2077 1734 2269 1805 gloria.
2304 1735 2587 1805 imperimn
2608 1778 2624 1801 ,
2655 1736 2848 1802 honor,
2886 1752 3030 1791 nunc
3059 1747 3113 1791 et
3143 1750 3377 1805 semper,
3407 1746 3463 1789 et

1859 1826 1913 1880 in
1944 1826 2139 1882 Saecula
2161 1826 2506 1882 saeculorum.
2541 1830 2736 1883 Amen.

1930 1980 1945 2010 ί
1983 1978 2149 2027 Morel.
2190 1978 2395 2044 πεδία...
2421 1994 2565 2044 aqua,
2606 1989 2740 2033 terra
2758 2018 2772 2043 ,
2798 1980 2886 2041 sol,
2922 1980 3081 2032 homo.
3107 1990 3228 2033 Nam
3249 1988 3296 2033 et
3318 1982 3459 2034 homo

1859 2050 2036 2101 corpus
2051 2046 2122 2090 est
2142 2052 2163 2102 ;
2185 2040 2331 2089 male.

1699 2229 1965 2239 ___———-

998 2246 1239 2257 .——.--———
1326 2239 1481 2247 ς--ο-

162 2250 986 2277 ________________._.—

160 2490 287 2545 CAP.
342 2488 393 2541 Ι.
436 2500 488 2537 tt.
521 2482 610 2536 12.
640 2476 785 2533 Tum:
826 2472 1010 2527 reversi
1048 2487 1092 2533 (ις
1118 2465 1265 2518 ostoli
1316 2454 1687 2524 Jet'osolymttm
1723 2463 1756 2496 ts

231 2586 403 2632 monte
456 2574 544 2645 qui
568 2577 771 2624 vocatur
800 2562 1005 2626 Oliveti,
1049 2558 1135 2627 qui
1157 2566 1224 2609 est
1257 2556 1402 2619 iuxta
1444 2544 1752 2604 Jerusalem,

229 2668 429 2725 sabbati
473 2665 663 2718 habens
700 2662 813 2713 iter.

234 2766 287 2818 1.
325 2760 491 2825 Tunc,
535 2754 725 2825 inquit,
768 2748 950 2803 reversi
991 2754 1127 2800 sunt.
1160 2741 1331 2805 Tunc,
1374 2726 1759 2805 quandonam?

167 2820 487 2921 l‘ostquam'
516 2820 954 2902 illa-audierant,
1007 2852 1112 2890 non
1148 2835 1290 2887 enim
1339 2830 1445 2881 alio
1496 2822 1657 2879 modo
1708 2820 1759 2873 id

168 2942 574 3001 sustinuissent,
628 2935 730 2989 nisi
783 2933 921 2987 alter
971 2928 1233 2981 adventus
1299 2922 1403 2975 illis
1462 2915 1761 2987 promissus

172 3035 378 3089 fuisset.
421 3030 645 3086 Videtur
687 3035 863 3081 autem
914 3020 1044 3076 mihi
1082 3017 1197 3071 hu'c
1241 3014 1294 3068 in
1338 3008 1565 3067 sabbato
1611 3012 1760 3075 gesta

171 3128 357 3180 fuisse.
407 3119 621 3190 Alioqui
653 3132 758 3171 non
805 3113 1037 3183 spatium
1077 3105 1287 3163 itineris
1329 3103 1409 3158 sic
1437 3098 1760 3158 indicasset,

172 3222 211 3272 Α
242 3226 410 3271 monte
446 3213 536 3285 qui
552 3189 747 3265 dicitur
793 3204 995 3270 Oliveti,
1024 3201 1214 3272 quiest
1245 3196 1401 3266 juxta
1438 3189 1757 3248 Jerusalem,

172 3310 365 3364 sabbati
395 3277 582 3359 habens
608 3304 743 3365 iter;
777 3298 877 3353 nisi
927 3292 1295 3365 pra-scriptum
1343 3284 1535 3339 fuisset
1556 3277 1764 3333 itineris

173 3408 424 3477 spatium,
479 3400 622 3470 quod
677 3396 855 3466 peragi
908 3398 1089 3462 posset
1141 3388 1192 3440 in
1252 3383 1342 3438 die
1390 3376 1615 3435 sabbati.
1674 3373 1761 3472 l3.

179 3499 240 3552 Et
280 3513 396 3551 cum
438 3493 746 3553 introissent,
805 3488 856 3538 in
907 3479 1220 3537 signaculum
1275 3470 1633 3531 ascenderunt,
1684 3462 1768 3516 ubi

175 3600 323 3646 erant
358 3592 724 3657 permanentes.
762 3578 900 3647 Ergo
930 3583 1049 3643 post
1079 3565 1524 3624 resurrectionem
1552 3558 1769 3612 Jcroso-

181 3682 337 3753 lytnis
358 3645 670 3732 .Inanebant.
711 3645 911 3731 Petrus,
942 3674 987 3717 et
1014 3660 1253 3721 Jacobus,
1283 3666 1329 3709 et
1370 3652 1614 3706 Joannes.
1652 3645 1768 3700 Non

175 3736 285 3842 jam
316 3772 402 3824 hic
430 3768 577 3823 solus
602 3777 727 3819 cum
753 3760 917 3813 fratre
944 3762 1284 3809 numeratur;
1330 3742 1423 3797 sed
1447 3752 1501 3795 et
1528 3736 1772 3793 Andreas

179 3826 301 3919 cum
334 3862 533 3921 Petro;
566 3864 613 3910 et
640 3852 889 3913 Andreas,
914 3845 1185 3912 Philippus
1215 3848 1261 3891 et
1293 3834 1533 3894 Thomas,
1561 3826 1774 3921 Bai-tho-

182 3917 392 4009 lomwus
424 3960 469 4004 et
503 3917 794 4005 Hatthwus,
828 3939 1051 3993 Jacobus
1081 3930 1299 4000 Alpluei,
1332 3934 1377 3979 et
1409 3924 1589 3978 Simon
1632 3917 1775 3972 Zelo-

183 4059 253 4101 tes
298 4054 344 4098 et
391 4041 561 4094 ludas
613 4035 815 4090 Jacobi.
880 4031 1043 4083 Recte
1090 4022 1383 4091 discipulos
1434 4010 1769 4070 memoravit.

182 4138 317 4205 Quia
363 4134 507 4189 enim
546 4129 682 4182 alius
728 4122 978 4194 prodidit,
1012 4117 1147 4169 alios
1174 4109 1421 4181 negavit‘
1445 4148 1460 4172 ,
1491 4105 1631 4158 alius
1666 4114 1773 4157 non

184 4196 454 4288 credidit;
506 4220 744 4275 declarat
789 4228 997 4274 omnes,
1051 4222 1160 4262 uno
1210 4209 1435 4270 excepto
1482 4196 1774 4267 proditore,

184 4323 367 4377 salvos
432 4316 616 4370 fuisse.
674 4310 765 4364 Η.
840 4305 909 4359 lli
972 4316 1143 4357 omnes
1202 4304 1345 4351 erant
1405 4298 1777 4362 perstverautcs

186 4409 496 4465 unanimiter
524 4405 577 4457 in
603 4401 829 4456 oratione
851 4405 899 4450 et
938 4391 1289 4462 deprecatione
1326 4401 1439 4438 cum
1463 4381 1772 4434 mulieribus.

186 4505 375 4559 Recte.
422 4498 665 4564 Magnum
703 4490 844 4545 enim
886 4486 1057 4541 oratio
1095 4482 1258 4536 teltttn
1298 4486 1382 4531 est
1423 4476 1476 4529 in
1523 4471 1776 4527 tentatio-

190 4596 370 4657 nihus,
400 4599 456 4644 et
475 4561 545 4641 ad
567 4586 669 4639 hoc
690 4599 720 4636 a
753 4579 1004 4649 Magistro
1030 4589 1129 4628 suo
1149 4572 1279 4625 satis
1301 4570 1506 4622 fuerant
1530 4561 1777 4618 inStitnti.

194 4685 443 4757 Alioquin
469 4695 598 4736 vero
619 4690 856 4748 przesens
888 4670 1109 4726 tentatio
1150 4663 1215 4720 ad
1244 4662 1345 4718 hoc
1386 4661 1508 4715 illos
1528 4658 1778 4712 ducebat.

193 4745 431 4850 Ideoque.
456 4745 761 4831 ascendunt
789 4766 841 4819 in
878 4758 1246 4818 cenaculum:
1299 4750 1586 4807 admodum
1639 4745 1781 4801 enim

192 4840 455 4923 timebant
478 4859 719 4916 Judzcos.
761 4855 885 4909 Cum
909 4848 1224 4905 mulieribus.
1267 4845 1384 4900 Jam
1409 4843 1550 4896 enim
1574 4840 1783 4894 dixerat

193 4962 314 5015 illas
364 4956 551 5011 Jesum
601 4958 853 5019 sequutus
905 4944 1093 4998 fuisse.
1149 4938 1215 4991 Et
1248 4935 1418 4991 Maria
1449 4944 1608 4989 matre
1635 4931 1781 4990 Jestt,

192 5066 238 5107 et
273 5067 388 5105 cum
419 5045 662 5117 fratribus
689 5043 798 5110 ejus
828 5036 1002 5105 (Joau.
1038 5034 1118 5088 19.
1150 5032 1261 5100 26).
1308 5027 1586 5096 Quomodo
1607 5032 1784 5078 autem

196 5146 399 5197 dictum
429 5147 533 5202 est,
576 5132 897 5200 discipulum
930 5143 1044 5180 eam
1094 5135 1219 5178 tunc
1260 5122 1311 5174 in
1362 5112 1786 5184 suarecepissc‘t

199 5235 314 5287 Sed
368 5246 488 5283 cmn
549 5227 927 5291 congregasset
977 5216 1095 5268 illos
1162 5211 1426 5269 Christus,
1484 5221 1606 5261 cum
1660 5202 1789 5271 ipsis

202 5330 397 5380 iterum
449 5320 536 5373 illa
589 5312 924 5369 versabatur.
983 5307 1041 5359 lit
1085 5322 1199 5358 cum
1246 5302 1489 5373 fratribus
1531 5300 1660 5366 ejus.
1717 5296 1789 5348 De

204 5417 271 5470 iis
324 5413 573 5482 loquitur,
616 5407 703 5475 qui
740 5406 883 5473 prius
934 5415 1037 5452 non
1076 5396 1366 5451 credebant
1407 5395 1457 5446 in
1504 5407 1645 5445 cmn.
1700 5388 1787 5441 15.

207 5505 279 5556 Et
326 5479 597 5554 iit—diebus
642 5496 764 5554 illis,
814 5508 1020 5561 surgens
1093 5487 1276 5540 Petrus
1326 5486 1379 5538 in
1426 5483 1587 5536 medio
1634 5479 1788 5533 disci-

208 5595 444 5667 pulorum
493 5592 641 5645 dixit.
695 5585 891 5653 Utpote
942 5583 1173 5643 fervens,
1209 5579 1292 5633 cui
1332 5592 1460 5647 grex
1507 5593 1534 5628 a
1578 5572 1793 5625 ‘ihristo

239 5814 243 5816 ἡ
277 5753 295 5784 ε
334 5750 470 5813 llaec,
493 5749 619 5799 alius
659 5743 879 5808 negavit,
917 5740 1095 5789 desunt
1136 5740 1185 5786 in
1230 5734 1515 5797 quibusdam
1544 5727 1793 5792 exempla-

210 5824 357 5864 ritus.

1528 2299 1872 2368 HOMILIA
1918 2300 2029 2358 ΙΙΙ.

1867 2446 2211 2501 concreditus
2240 2458 2375 2514 erat,
2408 2458 2571 2521 atque
2604 2461 2662 2506 ιιι
2688 2451 2900 2525 primus
2932 2454 2983 2507 itt
3011 2453 3202 2517 choro,
3257 2455 3464 2524 primus

1864 2550 2079 2607 semper
2113 2553 2423 2595 sermonem
2469 2542 2679 2596 orditur
2715 2542 2867 2612 (Erat
2909 2554 3080 2597 autem
3120 2545 3269 2598 turba
3303 2547 3469 2598 homi-

1865 2649 1988 2683 nunt
2041 2632 2195 2685 simul
2233 2632 2340 2702 fere
2383 2643 2583 2687 centum
2635 2634 2882 2704 viginti):
2931 2634 3021 2689 l6.
3092 2634 3201 2689 Viri
3260 2641 3466 2707 fratres,

1867 2724 2128 2789 oportebat
2182 2724 2389 2794 impleri
2449 2724 2774 2795 Scripturam
2822 2728 2976 2791 hanc,
3026 2745 3177 2795 quam
3231 2728 3473 2798 pra'dixit

1869 2815 2093 2883 Spiritus
2131 2826 2355 2870 sanctus.
2401 2816 2509 2871 Cur
2537 2833 2643 2870 non
2681 2818 2832 2872 solus
2861 2834 2890 2872 a
2932 2817 3149 2874 Christo
3200 2820 3375 2891 petiit,
3410 2829 3470 2874 ut

1870 2906 1969 2962 sibi
2017 2906 2171 2961 daret
2198 2906 2431 2976 aliquem
2469 2908 2522 2961 itt
2575 2908 2752 2962 locum
2797 2907 2989 2963 ,ιυάιηῖ
3030 2925 3129 2964 cur
3180 2911 3307 2965 item
3356 2927 3465 2965 non

1872 3014 1967 3067 per
2008 3001 2217 3068 seipsos
2251 2998 2575 3055 electionem
2608 2999 2852 3055 faciunt?
2895 2999 3012 3055 Jam
3060 3001 3252 3055 Petrus
3292 3002 3475 3071 seipso

1872 3090 2064 3144 melior
2094 3090 2264 3145 factus
2290 3099 2428 3147 erat.
2464 3091 2554 3145 Sic
2584 3105 2714 3161 ergo
2742 3090 2807 3145 ad
2843 3092 3077 3160 priorem
3113 3094 3470 3161 qmestionem

1874 3186 2344 3255 respondendum:
2395 3203 2493 3243 cur
2531 3198 2711 3243 autem
2752 3203 2859 3243 non
2891 3189 3231 3257 simpliciter,
3264 3186 3360 3243 sed
3404 3203 3472 3242 ex

1873 3278 2204 3333 revelatione
2232 3278 2487 3335 choream
2518 3280 2732 3351 impleri
2766 3282 3111 3351 postularint,
3158 3280 3295 3335 duas
3342 3294 3473 3335 eau—

1873 3384 1962 3423 sas
1988 3369 2295 3424 sileremus.
2326 3370 2503 3424 Prima
2531 3380 2632 3435 εει,
2668 3371 2813 3441 quod
2844 3373 2965 3426 aliis
2995 3371 3158 3427 rebus
3192 3371 3474 3425 incumbe-

1876 3473 2017 3528 rent;
2038 3463 2294 3529 secunda,
2317 3464 2461 3533 quod
2483 3464 2586 3519 hoc
2603 3464 2894 3518 maximum
2914 3474 3057 3519 esset
3075 3473 3475 3535 argumentum,

1876 3555 2148 3609 Christum
2194 3557 2299 3610 illis
2342 3556 2553 3611 adesse.
2614 3552 2682 3612 Ut
2732 3555 2877 3610 enim
2921 3569 3160 3625 prmaens
3208 3555 3471 3624 eligebat,

1880 3646 1949 3699 ita
2001 3655 2055 3700 et
2118 3646 2335 3701 absens.
2392 3646 2504 3700 Nec
2577 3660 2762 3716 parum
2809 3644 2864 3699 id
2917 3644 2985 3700 ad
3052 3646 3478 3701 consolationem

1878 3737 2209 3791 conferebat.
2257 3736 2396 3792 Vide
2436 3746 2618 3791 autem
2648 3736 2921 3807 quomodo
2948 3737 3142 3791 Petrus
3172 3738 3350 3791 omnia
3402 3753 3468 3792 ex

1879 3829 2153 3883 communi
2211 3829 2476 3882 sententia
2505 3826 2687 3891 faciat,
2729 3827 2972 3897 nihilque
2994 3843 3117 3882 cum
3146 3828 3472 3883 auctoritate

1881 3922 1963 3975 vel
2004 3935 2124 3974 cum
2192 3919 2441 3988 imperio.
2507 3917 2693 3988 Neque
2742 3918 3059 3988 simpliciter
3106 3919 3274 3973 dixit:
3338 3917 3485 3974 Loco

1881 4012 2032 4067 Juda:
2068 4012 2208 4064 lumc
2256 4010 2523 4080 eligimus;
2572 4009 2666 4065 sed
2701 4010 2988 4065 consolans
3020 4010 3141 4063 illos
3190 4025 3353 4079 super
3391 4025 3481 4072 eo,

1882 4103 2023 4173 quod
2073 4101 2361 4165 acciderat,
2398 4101 2518 4155 vide
2557 4101 2827 4171 quomodo
2856 4116 3161 4156 sermonem
3195 4109 3480 4169 temperet.

1883 4195 2067 4264 Neque
2087 4194 2229 4250 enim
2251 4194 2455 4249 facinus
2479 4194 2606 4249 illud
2624 4208 2841 4262 parvam
2866 4192 2971 4246 illis
2988 4192 3483 4247 consternationem

1885 4286 2158 4350 attulerat;
2192 4293 2245 4339 et
2270 4301 2338 4340 ne
2369 4284 2600 4339 mireris.
2634 4283 2765 4338 Nunt
2794 4284 2837 4338 si
2873 4282 3005 4338 illud
3037 4282 3303 4351 hodieque
3326 4281 3481 4335 multi

1887 4386 2126 4442 versant,
2170 4376 2297 4447 quid
2350 4387 2477 4451 tunc
2530 4374 2636 4429 illis
2681 4375 2946 4429 accidisse
2996 4373 3337 4444 putandum?
3374 4370 3487 4425 Viri

1887 4476 2091 4540 fratres,
2145 4470 2337 4540 inquit.
2386 4467 2443 4524 Si
2492 4468 2749 4522 Dominus
2780 4467 2905 4521 illos
2948 4466 3144 4521 fratres
3171 4465 3487 4534 appellavit,

1889 4566 2055 4618 multo
2104 4564 2273 4632 magis
2323 4560 2441 4616 hic:
2494 4559 2615 4614 ideo
2665 4558 3023 4629 prmsentibus
3079 4558 3354 4622 omnibus,
3410 4558 3490 4611 sic

1890 4660 2009 4712 illos
2035 4656 2248 4710 affatur.
2292 4655 2433 4711 Ecce
2478 4652 2732 4707 Ecclesia:
2758 4651 3073 4721 dignitatem
3104 4658 3158 4703 et
3186 4649 3488 4717 angelicum

1890 4762 2109 4811 statum.
2154 4749 2343 4805 Nullus
2392 4756 2510 4801 erat
2544 4745 2614 4801 ibi
2644 4745 2712 4798 ab
2750 4744 2868 4797 aliis
2912 4741 3177 4807 divulsus,
3212 4757 3317 4795 non
3352 4755 3489 4807 mas,

1890 4860 1998 4897 non
2028 4843 2245 4897 femina.
2305 4840 2461 4894 Tales
2491 4852 2631 4892 nunc
2675 4836 2836 4890 etiam
2894 4833 3163 4889 Ecclesias
3190 4846 3311 4887 esse
3342 4830 3488 4885 volo.

1890 4937 2059 4992 Nemo
2104 4934 2172 4989 ibi
2221 4934 2476 4988 smculare
2519 4928 2791 5000 quidpiam
2829 4928 3091 4992 curabat;
3143 4926 3339 4980 nullus”
3371 4936 3491 4979 erat

1891 5030 1959 5083 de
2015 5046 2074 5084 re
2118 5025 2412 5081 domestica
2459 5022 2744 5077 sollicntus.
2796 5019 3026 5073 Tantum
3085 5016 3211 5073 boni
3260 5015 3493 5070 atl'erunt

1896 5122 2236 5183 tentationes,
2302 5126 2507 5172 tantum
2576 5129 2849 5169 aerumnam
2899 5112 3129 5166 lucrum.
3210 5108 3493 5179 Oportebat

1896 5215 2096 5283 impleri
2167 5212 2489 5281 Scripturant
2539 5208 2688 5270 hanc,
2737 5220 2889 5270 quant
2952 5202 3187 5273 pradixit
3265 5199 3495 5268 Spiritus

1896 5318 2121 5361 sanctus.
2152 5306 2378 5373 Semper
2430 5298 2740 5357 consolatur
2788 5312 2884 5353 eos
2928 5312 2955 5349 a
2989 5294 3357 5365 prtediCtione.
3403 5290 3495 5346 Sic

1898 5402 2056 5455 etiam
2108 5398 2352 5453 Christus
2399 5394 2598 5463 ubique
2630 5391 2774 5444 facit.
2838 5388 3150 5454 Eodemque
3200 5384 3361 5439 modo
3408 5384 3494 5437 hic

1900 5492 2134 5548 ostendit
2173 5490 2305 5544 nihil
2345 5485 2667 5554 stupendum
2699 5480 2981 5545 accidisse,
3039 5478 3130 5534 sed
3186 5477 3327 5546 quod
3380 5476 3493 5545 jam

1903 5586 2211 5657 praedictum
2261 5581 2454 5635 fuerat.
2502 5576 2796 5646 Oportebat,
2849 5572 3038 5641 inquit,
3092 5570 3294 5640 impleri
3351 5570 3498 5622 Scri-

1901 5692 2104 5748 pturam
2151 5675 2305 5738 hanc,
2333 5686 2485 5741 quam
2524 5667 2761 5737 praedixit
2802 5662 3029 5732 Spiritus
3072 5672 3278 5714 sanctus
3326 5676 3409 5729 per
3440 5676 3497 5713 os

1910 5769 2089 5824 Dat-id.
2123 5768 2237 5824 Non
2278 5774 2387 5819 ait:
2421 5760 2585 5817 David
2619 5759 2773 5823 dixit,
2820 5754 2937 5819 sed,
2966 5753 3196 5823 Spiritus
3224 5767 3320 5823 per
3349 5767 3492 5807 eum.
