  <div class='ocr_page' id='page_1' title='image "/cluster/home/n/w/nwhite01/storage/ocr_20150623/60/pst.000005712601/039.png"; bbox 0 0 4098 6324; ppageno 0'>
   <div class='ocr_carea' id='block_1_1' title="bbox 651 317 3893 398">
    <p class='ocr_par' dir='ltr' id='par_1_1' title="bbox 651 317 3893 398">
     <span class='ocr_line' id='line_1_1' title="bbox 651 317 3893 398; baseline -0.007 -7"><span class='ocrx_word' id='word_1_1' title='bbox 651 342 721 398; x_wconf 75' lang='lat'><strong>35</strong></span> <span class='ocrx_word' id='word_1_2' title='bbox 1318 331 1375 385; x_wconf 92' lang='lat' dir='ltr'><strong>S.</strong></span> <span class='ocrx_word' id='word_1_3' title='bbox 1412 326 1694 384; x_wconf 73' lang='lat' dir='ltr'><strong>JOANNIS</strong></span> <span class='ocrx_word' id='word_1_4' title='bbox 1727 317 2211 377; x_wconf 75' lang='lat' dir='ltr'><strong>CHRYSOSTOMI</strong></span> <span class='ocrx_word' id='word_1_5' title='bbox 2252 322 2565 377; x_wconf 75' lang='lat' dir='ltr'><strong>ARCHIEP.</strong></span> <span class='ocrx_word' id='word_1_6' title='bbox 2606 320 3137 376; x_wconf 71' lang='lat' dir='ltr'><strong>CONSTAN&#39;I&#39;INOP.</strong></span> <span class='ocrx_word' id='word_1_7' title='bbox 3822 326 3893 380; x_wconf 76' lang='lat'><strong>55</strong></span> 
     </span>
    </p>
   </div>
   <div class='ocr_carea' id='block_1_2' title="bbox 652 435 2209 510">
    <p class='ocr_par' dir='ltr' id='par_1_2' title="bbox 652 435 2209 510">
     <span class='ocr_line' id='line_1_2' title="bbox 652 435 2209 510; baseline -0.014 -3"><span class='ocrx_word' id='word_1_8' title='bbox 652 455 776 509; x_wconf 85' lang='lat' dir='ltr'><strong>vide</strong></span> <span class='ocrx_word' id='word_1_9' title='bbox 797 450 981 508; x_wconf 83' lang='lat' dir='ltr'><strong>statim</strong></span> <span class='ocrx_word' id='word_1_10' title='bbox 1007 448 1063 503; x_wconf 88' lang='lat' dir='ltr'><strong>in</strong></span> <span class='ocrx_word' id='word_1_11' title='bbox 1105 445 1330 504; x_wconf 82' lang='lat' dir='ltr'><strong>exordio</strong></span> <span class='ocrx_word' id='word_1_12' title='bbox 1370 444 1520 507; x_wconf 86' lang='lat' dir='ltr'><strong>libri,</strong></span> <span class='ocrx_word' id='word_1_13' title='bbox 1550 457 1657 510; x_wconf 88' lang='lat' dir='ltr'><strong>qua</strong></span> <span class='ocrx_word' id='word_1_14' title='bbox 1704 446 1890 492; x_wconf 88' lang='lat' dir='ltr'><strong>utatur</strong></span> <span class='ocrx_word' id='word_1_15' title='bbox 1937 435 2209 490; x_wconf 89' lang='lat' dir='ltr'><strong>doctrina.</strong></span> 
     </span>
    </p>
   </div>
   <div class='ocr_carea' id='block_1_3' title="bbox 651 526 2216 600">
    <p class='ocr_par' dir='ltr' id='par_1_3' title="bbox 651 526 2216 600">
     <span class='ocr_line' id='line_1_3' title="bbox 651 526 2216 600; baseline -0.013 0"><span class='ocrx_word' id='word_1_16' title='bbox 651 544 846 600; x_wconf 79' lang='lat' dir='ltr'><strong>Cernis</strong></span> <span class='ocrx_word' id='word_1_17' title='bbox 876 557 1006 597; x_wconf 91' lang='lat' dir='ltr'><strong>vero</strong></span> <span class='ocrx_word' id='word_1_18' title='bbox 1034 554 1122 593; x_wconf 90' lang='lat' dir='ltr'><strong>me</strong></span> <span class='ocrx_word' id='word_1_19' title='bbox 1154 555 1260 593; x_wconf 91' lang='lat' dir='ltr'><strong>non</strong></span> <span class='ocrx_word' id='word_1_20' title='bbox 1294 537 1411 591; x_wconf 85' lang='lat' dir='ltr'><strong>sine</strong></span> <span class='ocrx_word' id='word_1_21' title='bbox 1441 546 1606 587; x_wconf 89' lang='lat' dir='ltr'><strong>causa</strong></span> <span class='ocrx_word' id='word_1_22' title='bbox 1641 532 1696 583; x_wconf 92' lang='lat' dir='ltr'><strong>in</strong></span> <span class='ocrx_word' id='word_1_23' title='bbox 1721 527 1993 597; x_wconf 89' lang='lat' dir='ltr'><strong>principio</strong></span> <span class='ocrx_word' id='word_1_24' title='bbox 2033 526 2216 593; x_wconf 83' lang='lat' dir='ltr'><strong>Operis</strong></span> 
     </span>
    </p>
   </div>
   <div class='ocr_carea' id='block_1_4' title="bbox 650 616 2204 697">
    <p class='ocr_par' dir='ltr' id='par_1_4' title="bbox 650 616 2204 697">
     <span class='ocr_line' id='line_1_4' title="bbox 650 616 2204 697; baseline -0.014 -8"><span class='ocrx_word' id='word_1_25' title='bbox 650 634 879 697; x_wconf 76' lang='lat' dir='ltr'><strong>dixisse,</strong></span> <span class='ocrx_word' id='word_1_26' title='bbox 916 633 1063 686; x_wconf 89' lang='lat' dir='ltr'><strong>hunc</strong></span> <span class='ocrx_word' id='word_1_27' title='bbox 1094 631 1289 683; x_wconf 86' lang='lat' dir='ltr'><strong>librqu</strong></span> <span class='ocrx_word' id='word_1_28' title='bbox 1318 639 1439 680; x_wconf 92' lang='lat' dir='ltr'><strong>esse</strong></span> <span class='ocrx_word' id='word_1_29' title='bbox 1487 622 1725 691; x_wconf 75' lang='lat' dir='ltr'><strong>Spiritus</strong></span> <span class='ocrx_word' id='word_1_30' title='bbox 1767 618 1942 675; x_wconf 87' lang='lat' dir='ltr'><strong>sancti</strong></span> <span class='ocrx_word' id='word_1_31' title='bbox 1995 616 2204 670; x_wconf 91' lang='lat' dir='ltr'><strong>institu-</strong></span> 
     </span>
    </p>
   </div>
   <div class='ocr_carea' id='block_1_5' title="bbox 652 714 2217 791">
    <p class='ocr_par' dir='ltr' id='par_1_5' title="bbox 652 714 2217 791">
     <span class='ocr_line' id='line_1_5' title="bbox 652 714 2217 791; baseline -0.013 -12"><span class='ocrx_word' id='word_1_32' title='bbox 652 736 789 779; x_wconf 90' lang='lat' dir='ltr'><strong>tum.</strong></span> <span class='ocrx_word' id='word_1_33' title='bbox 813 726 987 790; x_wconf 82' lang='lat' dir='ltr'><strong>Quam</strong></span> <span class='ocrx_word' id='word_1_34' title='bbox 1015 722 1277 791; x_wconf 71' lang='lat' dir='ltr'><strong>prwdixit,</strong></span> <span class='ocrx_word' id='word_1_35' title='bbox 1308 718 1506 786; x_wconf 89' lang='lat' dir='ltr'><strong>inquit,</strong></span> <span class='ocrx_word' id='word_1_36' title='bbox 1543 714 1776 782; x_wconf 80' lang='lat' dir='ltr'><strong>Spiritus</strong></span> <span class='ocrx_word' id='word_1_37' title='bbox 1801 720 2015 764; x_wconf 85' lang='lat' dir='ltr'><strong>sanctus</strong></span> <span class='ocrx_word' id='word_1_38' title='bbox 2042 722 2133 773; x_wconf 86' lang='lat' dir='ltr'><strong>per</strong></span> <span class='ocrx_word' id='word_1_39' title='bbox 2161 722 2217 759; x_wconf 92' lang='lat' dir='ltr'><strong>os</strong></span> 
     </span>
    </p>
   </div>
   <div class='ocr_carea' id='block_1_6' title="bbox 653 800 2219 879">
    <p class='ocr_par' dir='ltr' id='par_1_6' title="bbox 653 800 2219 879">
     <span class='ocr_line' id='line_1_6' title="bbox 653 800 2219 879; baseline -0.01 -10"><span class='ocrx_word' id='word_1_40' title='bbox 653 816 845 869; x_wconf 76' lang='lat' dir='ltr'><strong>Dauid.</strong></span> <span class='ocrx_word' id='word_1_41' title='bbox 872 817 1271 875; x_wconf 66' lang='lat' dir='ltr'><strong>Animadverte,</strong></span> <span class='ocrx_word' id='word_1_42' title='bbox 1324 809 1604 879; x_wconf 90' lang='lat' dir='ltr'><strong>quomodo</strong></span> <span class='ocrx_word' id='word_1_43' title='bbox 1631 806 1950 876; x_wconf 83' lang='lat' dir='ltr'><strong>prephetam</strong></span> <span class='ocrx_word' id='word_1_44' title='bbox 1986 800 2091 854; x_wconf 85' lang='lat' dir='ltr'><strong>sibi</strong></span> <span class='ocrx_word' id='word_1_45' title='bbox 2128 814 2219 853; x_wconf 88' lang='lat' dir='ltr'><strong>ac-</strong></span> 
     </span>
    </p>
   </div>
   <div class='ocr_carea' id='block_1_7' title="bbox 650 888 2219 962">
    <p class='ocr_par' dir='ltr' id='par_1_7' title="bbox 650 888 2219 962">
     <span class='ocr_line' id='line_1_7' title="bbox 650 888 2219 962; baseline -0.007 -13"><span class='ocrx_word' id='word_1_46' title='bbox 650 896 977 959; x_wconf 81' lang='lat' dir='ltr'><strong>commodet,</strong></span> <span class='ocrx_word' id='word_1_47' title='bbox 1029 895 1303 962; x_wconf 89' lang='lat' dir='ltr'><strong>ipsumque</strong></span> <span class='ocrx_word' id='word_1_48' title='bbox 1350 894 1403 946; x_wconf 90' lang='lat' dir='ltr'><strong>in</strong></span> <span class='ocrx_word' id='word_1_49' title='bbox 1448 892 1677 946; x_wconf 87' lang='lat' dir='ltr'><strong>medium</strong></span> <span class='ocrx_word' id='word_1_50' title='bbox 1726 888 1987 951; x_wconf 83' lang='lat' dir='ltr'><strong>adducat;</strong></span> <span class='ocrx_word' id='word_1_51' title='bbox 2044 888 2219 940; x_wconf 84' lang='lat' dir='ltr'><strong>sciens</strong></span> 
     </span>
    </p>
   </div>
   <div class='ocr_carea' id='block_1_8' title="bbox 651 976 2218 1052">
    <p class='ocr_par' dir='ltr' id='par_1_8' title="bbox 651 976 2218 1052">
     <span class='ocr_line' id='line_1_8' title="bbox 651 976 2218 1052; baseline -0.006 -14"><span class='ocrx_word' id='word_1_52' title='bbox 651 984 779 1052; x_wconf 86' lang='lat' dir='ltr'><strong>ipsis</strong></span> <span class='ocrx_word' id='word_1_53' title='bbox 792 986 916 1038; x_wconf 89' lang='lat' dir='ltr'><strong>utile</strong></span> <span class='ocrx_word' id='word_1_54' title='bbox 935 985 1067 1045; x_wconf 85' lang='lat' dir='ltr'><strong>tore,</strong></span> <span class='ocrx_word' id='word_1_55' title='bbox 1087 984 1226 1051; x_wconf 88' lang='lat' dir='ltr'><strong>quod</strong></span> <span class='ocrx_word' id='word_1_56' title='bbox 1248 982 1364 1037; x_wconf 66' lang='lat' dir='ltr'><strong>hinc</strong></span> <span class='ocrx_word' id='word_1_57' title='bbox 1378 997 1409 1036; x_wconf 90' lang='lat' dir='ltr'><strong>a</strong></span> <span class='ocrx_word' id='word_1_58' title='bbox 1428 982 1640 1044; x_wconf 84' lang='lat' dir='ltr'><strong>Davide,</strong></span> <span class='ocrx_word' id='word_1_59' title='bbox 1657 995 1761 1033; x_wconf 90' lang='lat' dir='ltr'><strong>non</strong></span> <span class='ocrx_word' id='word_1_60' title='bbox 1784 980 1851 1033; x_wconf 87' lang='lat' dir='ltr'><strong>ab</strong></span> <span class='ocrx_word' id='word_1_61' title='bbox 1867 978 1973 1031; x_wconf 93' lang='lat' dir='ltr'><strong>alio</strong></span> <span class='ocrx_word' id='word_1_62' title='bbox 1986 976 2218 1046; x_wconf 86' lang='lat' dir='ltr'><strong>prophe—</strong></span> 
     </span>
    </p>
   </div>
   <div class='ocr_carea' id='block_1_9' title="bbox 652 1069 2217 1141">
    <p class='ocr_par' dir='ltr' id='par_1_9' title="bbox 652 1069 2217 1141">
     <span class='ocr_line' id='line_1_9' title="bbox 652 1069 2217 1141; baseline -0.004 -15"><span class='ocrx_word' id='word_1_63' title='bbox 652 1085 701 1126; x_wconf 98' lang='lat' dir='ltr'><strong>ta</strong></span> <span class='ocrx_word' id='word_1_64' title='bbox 718 1074 855 1127; x_wconf 88' lang='lat' dir='ltr'><strong>dicta</strong></span> <span class='ocrx_word' id='word_1_65' title='bbox 870 1077 995 1126; x_wconf 91' lang='lat' dir='ltr'><strong>sint.</strong></span> <span class='ocrx_word' id='word_1_66' title='bbox 1028 1072 1100 1125; x_wconf 88' lang='lat' dir='ltr'><strong>De</strong></span> <span class='ocrx_word' id='word_1_67' title='bbox 1123 1073 1154 1125; x_wconf 86' lang='lat' dir='ltr'><strong>J</strong></span> <span class='ocrx_word' id='word_1_68' title='bbox 1163 1074 1284 1138; x_wconf 86' lang='lat' dir='ltr'><strong>uda,</strong></span> <span class='ocrx_word' id='word_1_69' title='bbox 1309 1073 1497 1141; x_wconf 85' lang='lat' dir='ltr'><strong>inquit,</strong></span> <span class='ocrx_word' id='word_1_70' title='bbox 1511 1073 1596 1135; x_wconf 83' lang='lat' dir='ltr'><strong>qui</strong></span> <span class='ocrx_word' id='word_1_71' title='bbox 1612 1073 1708 1141; x_wconf 82' lang='lat' dir='ltr'><strong>fuit</strong></span> <span class='ocrx_word' id='word_1_72' title='bbox 1727 1070 1852 1124; x_wconf 72' lang='lat' dir='ltr'><strong>dux.</strong></span> <span class='ocrx_word' id='word_1_73' title='bbox 1872 1069 1970 1122; x_wconf 81' lang='lat' dir='ltr'><strong>Hic</strong></span> <span class='ocrx_word' id='word_1_74' title='bbox 1986 1082 2217 1137; x_wconf 84' lang='lat' dir='ltr'><strong>perpen-</strong></span> 
     </span>
    </p>
   </div>
   <div class='ocr_carea' id='block_1_10' title="bbox 650 1157 2216 1231">
    <p class='ocr_par' dir='ltr' id='par_1_10' title="bbox 650 1157 2216 1231">
     <span class='ocr_line' id='line_1_10' title="bbox 650 1157 2216 1231; baseline -0.006 -15"><span class='ocrx_word' id='word_1_75' title='bbox 650 1161 717 1216; x_wconf 89' lang='lat' dir='ltr'><strong>de</strong></span> <span class='ocrx_word' id='word_1_76' title='bbox 759 1163 857 1216; x_wconf 87' lang='lat' dir='ltr'><strong>viri</strong></span> <span class='ocrx_word' id='word_1_77' title='bbox 901 1161 1307 1231; x_wconf 63' lang='lat' dir='ltr'><strong>philosophiam.</strong></span> <span class='ocrx_word' id='word_1_78' title='bbox 1336 1161 1451 1215; x_wconf 86' lang='lat' dir='ltr'><strong>Non</strong></span> <span class='ocrx_word' id='word_1_79' title='bbox 1502 1160 1877 1215; x_wconf 83' lang='lat' dir='ltr'><strong>contumeliam</strong></span> <span class='ocrx_word' id='word_1_80' title='bbox 1916 1157 2063 1221; x_wconf 90' lang='lat' dir='ltr'><strong>dicit,</strong></span> <span class='ocrx_word' id='word_1_81' title='bbox 2114 1170 2216 1207; x_wconf 90' lang='lat' dir='ltr'><strong>non</strong></span> 
     </span>
    </p>
   </div>
   <div class='ocr_carea' id='block_1_11' title="bbox 650 1247 2217 1317">
    <p class='ocr_par' dir='ltr' id='par_1_11' title="bbox 650 1247 2217 1317">
     <span class='ocr_line' id='line_1_11' title="bbox 650 1247 2217 1317; baseline -0.006 -9"><span class='ocrx_word' id='word_1_82' title='bbox 650 1254 890 1317; x_wconf 82' lang='lat' dir='ltr'><strong>insultat,</strong></span> <span class='ocrx_word' id='word_1_83' title='bbox 928 1269 1028 1308; x_wconf 91' lang='lat' dir='ltr'><strong>nec</strong></span> <span class='ocrx_word' id='word_1_84' title='bbox 1064 1264 1220 1308; x_wconf 82' lang='lat' dir='ltr'><strong>vocat</strong></span> <span class='ocrx_word' id='word_1_85' title='bbox 1256 1254 1539 1307; x_wconf 87' lang='lat' dir='ltr'><strong>scelestum</strong></span> <span class='ocrx_word' id='word_1_86' title='bbox 1575 1261 1663 1304; x_wconf 90' lang='lat' dir='ltr'><strong>aut</strong></span> <span class='ocrx_word' id='word_1_87' title='bbox 1688 1249 2089 1308; x_wconf 79' lang='lat' dir='ltr'><strong>exsecrandum:</strong></span> <span class='ocrx_word' id='word_1_88' title='bbox 2124 1247 2217 1300; x_wconf 87' lang='lat' dir='ltr'><strong>sed</strong></span> 
     </span>
    </p>
   </div>
   <div class='ocr_carea' id='block_1_12' title="bbox 647 1339 2215 1412">
    <p class='ocr_par' dir='ltr' id='par_1_12' title="bbox 647 1339 2215 1412">
     <span class='ocr_line' id='line_1_12' title="bbox 647 1339 2215 1412; baseline -0.003 -15"><span class='ocrx_word' id='word_1_89' title='bbox 647 1360 763 1397; x_wconf 89' lang='lat' dir='ltr'><strong>rem</strong></span> <span class='ocrx_word' id='word_1_90' title='bbox 782 1346 1091 1412; x_wconf 80' lang='lat' dir='ltr'><strong>simpliciter</strong></span> <span class='ocrx_word' id='word_1_91' title='bbox 1109 1353 1307 1407; x_wconf 90' lang='lat' dir='ltr'><strong>narrat,</strong></span> <span class='ocrx_word' id='word_1_92' title='bbox 1333 1359 1430 1396; x_wconf 88' lang='lat' dir='ltr'><strong>nec</strong></span> <span class='ocrx_word' id='word_1_93' title='bbox 1449 1354 1599 1395; x_wconf 88' lang='lat' dir='ltr'><strong>vocat</strong></span> <span class='ocrx_word' id='word_1_94' title='bbox 1618 1358 1736 1394; x_wconf 90' lang='lat' dir='ltr'><strong>eum</strong></span> <span class='ocrx_word' id='word_1_95' title='bbox 1758 1341 2100 1408; x_wconf 84' lang='lat' dir='ltr'><strong>proditorem;</strong></span> <span class='ocrx_word' id='word_1_96' title='bbox 2124 1339 2215 1393; x_wconf 90' lang='lat' dir='ltr'><strong>sed</strong></span> 
     </span>
    </p>
   </div>
   <div class='ocr_carea' id='block_1_13' title="bbox 647 1432 2215 1501">
    <p class='ocr_par' dir='ltr' id='par_1_13' title="bbox 647 1432 2215 1501">
     <span class='ocr_line' id='line_1_13' title="bbox 647 1432 2215 1501; baseline -0.004 -13"><span class='ocrx_word' id='word_1_97' title='bbox 647 1436 698 1488; x_wconf 89' lang='lat' dir='ltr'><strong>in</strong></span> <span class='ocrx_word' id='word_1_98' title='bbox 727 1436 860 1488; x_wconf 82' lang='lat' dir='ltr'><strong>alios</strong></span> <span class='ocrx_word' id='word_1_99' title='bbox 880 1437 1080 1488; x_wconf 92' lang='lat' dir='ltr'><strong>crimen</strong></span> <span class='ocrx_word' id='word_1_100' title='bbox 1107 1435 1386 1501; x_wconf 90' lang='lat' dir='ltr'><strong>detorquet</strong></span> <span class='ocrx_word' id='word_1_101' title='bbox 1415 1443 1667 1499; x_wconf 87' lang='lat' dir='ltr'><strong>quantum</strong></span> <span class='ocrx_word' id='word_1_102' title='bbox 1712 1440 1904 1499; x_wconf 81' lang='lat' dir='ltr'><strong>potest.</strong></span> <span class='ocrx_word' id='word_1_103' title='bbox 1939 1432 2014 1483; x_wconf 86' lang='lat' dir='ltr'><strong>Ac</strong></span> <span class='ocrx_word' id='word_1_104' title='bbox 2044 1445 2215 1497; x_wconf 88' lang='lat' dir='ltr'><strong>neque</strong></span> 
     </span>
    </p>
   </div>
   <div class='ocr_carea' id='block_1_14' title="bbox 645 1523 2213 1593">
    <p class='ocr_par' dir='ltr' id='par_1_14' title="bbox 645 1523 2213 1593">
     <span class='ocr_line' id='line_1_14' title="bbox 645 1523 2213 1593; baseline -0.004 -16"><span class='ocrx_word' id='word_1_105' title='bbox 645 1525 763 1579; x_wconf 86' lang='lat' dir='ltr'><strong>illos</strong></span> <span class='ocrx_word' id='word_1_106' title='bbox 783 1527 1125 1580; x_wconf 82' lang='lat' dir='ltr'><strong>vehementer</strong></span> <span class='ocrx_word' id='word_1_107' title='bbox 1143 1525 1391 1593; x_wconf 79' lang='lat' dir='ltr'><strong>exagitat.</strong></span> <span class='ocrx_word' id='word_1_108' title='bbox 1415 1524 1513 1588; x_wconf 83' lang='lat' dir='ltr'><strong>Qui</strong></span> <span class='ocrx_word' id='word_1_109' title='bbox 1544 1525 1655 1586; x_wconf 78' lang='lat' dir='ltr'><strong>fuit,</strong></span> <span class='ocrx_word' id='word_1_110' title='bbox 1678 1523 1865 1590; x_wconf 86' lang='lat' dir='ltr'><strong>inquit,</strong></span> <span class='ocrx_word' id='word_1_111' title='bbox 1889 1523 1996 1574; x_wconf 72' lang='lat' dir='ltr'><strong>dux</strong></span> <span class='ocrx_word' id='word_1_112' title='bbox 2022 1537 2213 1585; x_wconf 85' lang='lat' dir='ltr'><strong>eorum,</strong></span> 
     </span>
    </p>
   </div>
   <div class='ocr_carea' id='block_1_15' title="bbox 644 1610 2215 1683">
    <p class='ocr_par' dir='ltr' id='par_1_15' title="bbox 644 1610 2215 1683">
     <span class='ocr_line' id='line_1_15' title="bbox 644 1610 2215 1683; baseline -0.002 -18"><span class='ocrx_word' id='word_1_113' title='bbox 644 1615 727 1682; x_wconf 88' lang='lat' dir='ltr'><strong>qui</strong></span> <span class='ocrx_word' id='word_1_114' title='bbox 757 1615 1231 1683; x_wconf 82' lang='lat' dir='ltr'><strong>comprehenderunt</strong></span> <span class='ocrx_word' id='word_1_115' title='bbox 1258 1613 1451 1665; x_wconf 83' lang='lat' dir='ltr'><strong>Jesum.</strong></span> <span class='ocrx_word' id='word_1_116' title='bbox 1478 1615 1556 1665; x_wconf 79' lang='lat' dir='ltr'><strong>Ac</strong></span> <span class='ocrx_word' id='word_1_117' title='bbox 1587 1615 1889 1680; x_wconf 80' lang='lat' dir='ltr'><strong>priusquam</strong></span> <span class='ocrx_word' id='word_1_118' title='bbox 1912 1610 2073 1676; x_wconf 82' lang='lat' dir='ltr'><strong>dicat,</strong></span> <span class='ocrx_word' id='word_1_119' title='bbox 2126 1610 2215 1663; x_wconf 89' lang='lat' dir='ltr'><strong>ubi</strong></span> 
     </span>
    </p>
   </div>
   <div class='ocr_carea' id='block_1_16' title="bbox 648 1701 2216 1773">
    <p class='ocr_par' dir='ltr' id='par_1_16' title="bbox 648 1701 2216 1773">
     <span class='ocr_line' id='line_1_16' title="bbox 648 1701 2216 1773; baseline -0.002 -18"><span class='ocrx_word' id='word_1_120' title='bbox 648 1706 745 1759; x_wconf 91' lang='lat' dir='ltr'><strong>hoc</strong></span> <span class='ocrx_word' id='word_1_121' title='bbox 768 1706 1071 1773; x_wconf 64' lang='lat' dir='ltr'><strong>praedixerit</strong></span> <span class='ocrx_word' id='word_1_122' title='bbox 1103 1704 1285 1767; x_wconf 79' lang='lat' dir='ltr'><strong>David,</strong></span> <span class='ocrx_word' id='word_1_123' title='bbox 1307 1712 1617 1771; x_wconf 77' lang='lat' dir='ltr'><strong>narratquac</strong></span> <span class='ocrx_word' id='word_1_124' title='bbox 1638 1701 2019 1763; x_wconf 82' lang='lat' dir='ltr'><strong>feceritJudas,</strong></span> <span class='ocrx_word' id='word_1_125' title='bbox 2058 1709 2115 1752; x_wconf 92' lang='lat' dir='ltr'><strong>ut</strong></span> <span class='ocrx_word' id='word_1_126' title='bbox 2152 1714 2216 1752; x_wconf 80' lang='lat' dir='ltr'><strong>ex</strong></span> 
     </span>
    </p>
   </div>
   <div class='ocr_carea' id='block_1_17' title="bbox 647 1788 2213 1860">
    <p class='ocr_par' dir='ltr' id='par_1_17' title="bbox 647 1788 2213 1860">
     <span class='ocr_line' id='line_1_17' title="bbox 647 1788 2213 1860; baseline -0.003 -17"><span class='ocrx_word' id='word_1_127' title='bbox 647 1794 993 1860; x_wconf 42' lang='lat' dir='ltr'><strong>praesentibus</strong></span> <span class='ocrx_word' id='word_1_128' title='bbox 1033 1792 1207 1845; x_wconf 81' lang='lat' dir='ltr'><strong>futura</strong></span> <span class='ocrx_word' id='word_1_129' title='bbox 1252 1792 1476 1854; x_wconf 85' lang='lat' dir='ltr'><strong>indicet,</strong></span> <span class='ocrx_word' id='word_1_130' title='bbox 1527 1791 1876 1858; x_wconf 85' lang='lat' dir='ltr'><strong>ostendatque</strong></span> <span class='ocrx_word' id='word_1_131' title='bbox 1911 1790 2081 1857; x_wconf 88' lang='lat' dir='ltr'><strong>ipsum</strong></span> <span class='ocrx_word' id='word_1_132' title='bbox 2106 1788 2213 1855; x_wconf 90' lang='lat' dir='ltr'><strong>jam</strong></span> 
     </span>
    </p>
   </div>
   <div class='ocr_carea' id='block_1_18' title="bbox 644 1878 2209 1951">
    <p class='ocr_par' dir='ltr' id='par_1_18' title="bbox 644 1878 2209 1951">
     <span class='ocr_line' id='line_1_18' title="bbox 644 1878 2209 1951; baseline -0.001 -21"><span class='ocrx_word' id='word_1_133' title='bbox 644 1897 827 1951; x_wconf 66' lang='lat' dir='ltr'><strong>poenas</strong></span> <span class='ocrx_word' id='word_1_134' title='bbox 866 1881 1097 1935; x_wconf 85' lang='lat' dir='ltr'><strong>dedisse.</strong></span> <span class='ocrx_word' id='word_1_135' title='bbox 1128 1882 1213 1934; x_wconf 80' lang='grc'><strong>17.</strong></span> <span class='ocrx_word' id='word_1_136' title='bbox 1257 1881 1357 1944; x_wconf 85' lang='lat' dir='ltr'><strong>Qui</strong></span> <span class='ocrx_word' id='word_1_137' title='bbox 1394 1890 1777 1931; x_wconf 85' lang='lat' dir='ltr'><strong>connumeratus</strong></span> <span class='ocrx_word' id='word_1_138' title='bbox 1806 1887 1912 1930; x_wconf 84' lang='lat' dir='ltr'><strong>erat</strong></span> <span class='ocrx_word' id='word_1_139' title='bbox 1950 1878 2001 1929; x_wconf 87' lang='lat' dir='ltr'><strong>in</strong></span> <span class='ocrx_word' id='word_1_140' title='bbox 2041 1878 2209 1941; x_wconf 86' lang='lat' dir='ltr'><strong>nobis,</strong></span> 
     </span>
    </p>
   </div>
   <div class='ocr_carea' id='block_1_19' title="bbox 643 1967 2212 2037">
    <p class='ocr_par' dir='ltr' id='par_1_19' title="bbox 643 1967 2212 2037">
     <span class='ocr_line' id='line_1_19' title="bbox 643 1967 2212 2037; baseline -0.004 -13"><span class='ocrx_word' id='word_1_141' title='bbox 643 1982 685 2024; x_wconf 80' lang='lat' dir='ltr'><strong>et</strong></span> <span class='ocrx_word' id='word_1_142' title='bbox 709 1974 909 2025; x_wconf 86' lang='lat' dir='ltr'><strong>sortitus</strong></span> <span class='ocrx_word' id='word_1_143' title='bbox 934 1981 1004 2023; x_wconf 90' lang='lat' dir='ltr'><strong>est</strong></span> <span class='ocrx_word' id='word_1_144' title='bbox 1025 1980 1205 2023; x_wconf 78' lang='lat' dir='ltr'><strong>sortem</strong></span> <span class='ocrx_word' id='word_1_145' title='bbox 1227 1970 1485 2022; x_wconf 77' lang='lat' dir='ltr'><strong>ministerii</strong></span> <span class='ocrx_word' id='word_1_146' title='bbox 1517 1970 1684 2037; x_wconf 84' lang='lat' dir='ltr'><strong>hujus.</strong></span> <span class='ocrx_word' id='word_1_147' title='bbox 1707 1968 1796 2021; x_wconf 78' lang='lat' dir='ltr'><strong>l8.</strong></span> <span class='ocrx_word' id='word_1_148' title='bbox 1832 1967 1893 2019; x_wconf 86' lang='lat' dir='ltr'><strong>Et</strong></span> <span class='ocrx_word' id='word_1_149' title='bbox 1918 1968 1995 2018; x_wconf 88' lang='lat' dir='ltr'><strong>Itic</strong></span> <span class='ocrx_word' id='word_1_150' title='bbox 2015 1967 2212 2034; x_wconf 79' lang='lat' dir='ltr'><strong>quidem</strong></span> 
     </span>
    </p>
   </div>
   <div class='ocr_carea' id='block_1_20' title="bbox 648 2057 2214 2132">
    <p class='ocr_par' dir='ltr' id='par_1_20' title="bbox 648 2057 2214 2132">
     <span class='ocr_line' id='line_1_20' title="bbox 648 2057 2214 2132; baseline -0.001 -21"><span class='ocrx_word' id='word_1_151' title='bbox 648 2064 866 2129; x_wconf 81' lang='lat' dir='ltr'><strong>possedit</strong></span> <span class='ocrx_word' id='word_1_152' title='bbox 893 2078 1069 2132; x_wconf 80' lang='lat' dir='ltr'><strong>agrum</strong></span> <span class='ocrx_word' id='word_1_153' title='bbox 1096 2063 1157 2114; x_wconf 88' lang='lat' dir='ltr'><strong>de</strong></span> <span class='ocrx_word' id='word_1_154' title='bbox 1183 2062 1405 2114; x_wconf 80' lang='lat' dir='ltr'><strong>mercede</strong></span> <span class='ocrx_word' id='word_1_155' title='bbox 1429 2061 1724 2129; x_wconf 78' lang='lat' dir='ltr'><strong>iniquitatis.</strong></span> <span class='ocrx_word' id='word_1_156' title='bbox 1756 2060 2006 2111; x_wconf 83' lang='lat' dir='ltr'><strong>Moralem</strong></span> <span class='ocrx_word' id='word_1_157' title='bbox 2039 2057 2214 2110; x_wconf 81' lang='lat' dir='ltr'><strong>reddit</strong></span> 
     </span>
    </p>
   </div>
   <div class='ocr_carea' id='block_1_21' title="bbox 644 2148 2209 2215">
    <p class='ocr_par' dir='ltr' id='par_1_21' title="bbox 644 2148 2209 2215">
     <span class='ocr_line' id='line_1_21' title="bbox 644 2148 2209 2215; baseline -0.003 -11"><span class='ocrx_word' id='word_1_158' title='bbox 644 2166 937 2206; x_wconf 69' lang='lat' dir='ltr'><strong>sermonem</strong></span> <span class='ocrx_word' id='word_1_159' title='bbox 963 2192 979 2215; x_wconf 94' lang='lat'><strong>,</strong></span> <span class='ocrx_word' id='word_1_160' title='bbox 1010 2162 1063 2205; x_wconf 89' lang='lat' dir='ltr'><strong>et</strong></span> <span class='ocrx_word' id='word_1_161' title='bbox 1086 2152 1312 2204; x_wconf 89' lang='lat' dir='ltr'><strong>latenter</strong></span> <span class='ocrx_word' id='word_1_162' title='bbox 1338 2150 1635 2204; x_wconf 86' lang='lat' dir='ltr'><strong>subindicat</strong></span> <span class='ocrx_word' id='word_1_163' title='bbox 1660 2191 1673 2213; x_wconf 94' lang='lat'><strong>,</strong></span> <span class='ocrx_word' id='word_1_164' title='bbox 1707 2165 1817 2203; x_wconf 89' lang='lat' dir='ltr'><strong>rem</strong></span> <span class='ocrx_word' id='word_1_165' title='bbox 1848 2164 1967 2203; x_wconf 88' lang='lat' dir='ltr'><strong>esse</strong></span> <span class='ocrx_word' id='word_1_166' title='bbox 1992 2148 2056 2200; x_wconf 85' lang='lat' dir='ltr'><strong>ad</strong></span> <span class='ocrx_word' id='word_1_167' title='bbox 2088 2164 2209 2201; x_wconf 92' lang='lat' dir='ltr'><strong>cor-</strong></span> 
     </span>
    </p>
   </div>
   <div class='ocr_carea' id='block_1_22' title="bbox 644 2238 2209 2311">
    <p class='ocr_par' dir='ltr' id='par_1_22' title="bbox 644 2238 2209 2311">
     <span class='ocr_line' id='line_1_22' title="bbox 644 2238 2209 2311; baseline -0.002 -19"><span class='ocrx_word' id='word_1_168' title='bbox 644 2244 930 2311; x_wconf 86' lang='lat' dir='ltr'><strong>rcptiouem</strong></span> <span class='ocrx_word' id='word_1_169' title='bbox 988 2253 1186 2309; x_wconf 84' lang='lat' dir='ltr'><strong>aptam.</strong></span> <span class='ocrx_word' id='word_1_170' title='bbox 1236 2241 1352 2294; x_wconf 85' lang='lat' dir='ltr'><strong>Non</strong></span> <span class='ocrx_word' id='word_1_171' title='bbox 1415 2241 1545 2293; x_wconf 80' lang='lat' dir='ltr'><strong>dicit</strong></span> <span class='ocrx_word' id='word_1_172' title='bbox 1588 2239 1836 2301; x_wconf 70' lang='lat' dir='ltr'><strong>Judtcos,</strong></span> <span class='ocrx_word' id='word_1_173' title='bbox 1896 2238 1987 2291; x_wconf 90' lang='lat' dir='ltr'><strong>sed</strong></span> <span class='ocrx_word' id='word_1_174' title='bbox 2041 2240 2209 2305; x_wconf 88' lang='lat' dir='ltr'><strong>ipsum</strong></span> 
     </span>
    </p>
   </div>
   <div class='ocr_carea' id='block_1_23' title="bbox 644 2328 2205 2397">
    <p class='ocr_par' dir='ltr' id='par_1_23' title="bbox 644 2328 2205 2397">
     <span class='ocr_line' id='line_1_23' title="bbox 644 2328 2205 2397; baseline -0.002 -16"><span class='ocrx_word' id='word_1_175' title='bbox 644 2329 938 2397; x_wconf 80' lang='lat' dir='ltr'><strong>possedisse</strong></span> <span class='ocrx_word' id='word_1_176' title='bbox 982 2344 1189 2397; x_wconf 83' lang='lat' dir='ltr'><strong>agrum.</strong></span> <span class='ocrx_word' id='word_1_177' title='bbox 1234 2329 1365 2393; x_wconf 85' lang='lat' dir='ltr'><strong>Quia</strong></span> <span class='ocrx_word' id='word_1_178' title='bbox 1414 2330 1556 2381; x_wconf 89' lang='lat' dir='ltr'><strong>enim</strong></span> <span class='ocrx_word' id='word_1_179' title='bbox 1609 2328 1991 2380; x_wconf 79' lang='lat' dir='ltr'><strong>imbecillorum</strong></span> <span class='ocrx_word' id='word_1_180' title='bbox 2044 2328 2205 2378; x_wconf 89' lang='lat' dir='ltr'><strong>animi</strong></span> 
     </span>
    </p>
   </div>
   <div class='ocr_carea' id='block_1_24' title="bbox 639 2414 2205 2484">
    <p class='ocr_par' dir='ltr' id='par_1_24' title="bbox 639 2414 2205 2484">
     <span class='ocr_line' id='line_1_24' title="bbox 639 2414 2205 2484; baseline -0.001 -15"><span class='ocrx_word' id='word_1_181' title='bbox 639 2432 741 2471; x_wconf 90' lang='lat' dir='ltr'><strong>non</strong></span> <span class='ocrx_word' id='word_1_182' title='bbox 774 2419 842 2471; x_wconf 90' lang='lat' dir='ltr'><strong>ita</strong></span> <span class='ocrx_word' id='word_1_183' title='bbox 873 2415 1051 2469; x_wconf 82' lang='lat' dir='ltr'><strong>futura</strong></span> <span class='ocrx_word' id='word_1_184' title='bbox 1076 2426 1133 2469; x_wconf 91' lang='lat' dir='ltr'><strong>ut</strong></span> <span class='ocrx_word' id='word_1_185' title='bbox 1163 2417 1439 2484; x_wconf 71' lang='lat' dir='ltr'><strong>praesentia</strong></span> <span class='ocrx_word' id='word_1_186' title='bbox 1472 2417 1798 2483; x_wconf 81' lang='lat' dir='ltr'><strong>pchpiciunt</strong></span> <span class='ocrx_word' id='word_1_187' title='bbox 1819 2455 1831 2476; x_wconf 90' lang='lat'><strong>,</strong></span> <span class='ocrx_word' id='word_1_188' title='bbox 1862 2414 1928 2467; x_wconf 90' lang='lat' dir='ltr'><strong>de</strong></span> <span class='ocrx_word' id='word_1_189' title='bbox 1958 2416 2205 2481; x_wconf 74' lang='lat' dir='ltr'><strong>prmseuti</strong></span> 
     </span>
    </p>
   </div>
   <div class='ocr_carea' id='block_1_25' title="bbox 641 2505 2209 2572">
    <p class='ocr_par' dir='ltr' id='par_1_25' title="bbox 641 2505 2209 2572">
     <span class='ocr_line' id='line_1_25' title="bbox 641 2505 2209 2572; baseline 0 -15"><span class='ocrx_word' id='word_1_190' title='bbox 641 2505 841 2558; x_wconf 88' lang='lat' dir='ltr'><strong>ultione</strong></span> <span class='ocrx_word' id='word_1_191' title='bbox 885 2506 1133 2572; x_wconf 89' lang='lat' dir='ltr'><strong>loquitur.</strong></span> <span class='ocrx_word' id='word_1_192' title='bbox 1168 2505 1229 2556; x_wconf 80' lang='lat' dir='ltr'><strong>Et</strong></span> <span class='ocrx_word' id='word_1_193' title='bbox 1261 2520 1531 2571; x_wconf 84' lang='lat' dir='ltr'><strong>suspensus</strong></span> <span class='ocrx_word' id='word_1_194' title='bbox 1558 2506 1747 2571; x_wconf 79' lang='lat' dir='ltr'><strong>crepuit</strong></span> <span class='ocrx_word' id='word_1_195' title='bbox 1791 2505 2001 2556; x_wconf 88' lang='lat' dir='ltr'><strong>medius.</strong></span> <span class='ocrx_word' id='word_1_196' title='bbox 2047 2505 2209 2557; x_wconf 81' lang='lat' dir='ltr'><strong>Recte</strong></span> 
     </span>
    </p>
   </div>
   <div class='ocr_carea' id='block_1_26' title="bbox 638 2591 2205 2663">
    <p class='ocr_par' dir='ltr' id='par_1_26' title="bbox 638 2591 2205 2663">
     <span class='ocr_line' id='line_1_26' title="bbox 638 2591 2205 2663; baseline -0.001 -17"><span class='ocrx_word' id='word_1_197' title='bbox 638 2608 744 2647; x_wconf 89' lang='lat' dir='ltr'><strong>non</strong></span> <span class='ocrx_word' id='word_1_198' title='bbox 772 2594 824 2647; x_wconf 91' lang='lat' dir='ltr'><strong>iu</strong></span> <span class='ocrx_word' id='word_1_199' title='bbox 850 2601 1068 2663; x_wconf 87' lang='lat' dir='ltr'><strong>peccato</strong></span> <span class='ocrx_word' id='word_1_200' title='bbox 1087 2634 1101 2657; x_wconf 89' lang='lat'><strong>,</strong></span> <span class='ocrx_word' id='word_1_201' title='bbox 1129 2592 1221 2647; x_wconf 90' lang='lat' dir='ltr'><strong>sed</strong></span> <span class='ocrx_word' id='word_1_202' title='bbox 1246 2594 1296 2645; x_wconf 90' lang='lat' dir='ltr'><strong>in</strong></span> <span class='ocrx_word' id='word_1_203' title='bbox 1322 2593 1519 2645; x_wconf 91' lang='lat' dir='ltr'><strong>ultione</strong></span> <span class='ocrx_word' id='word_1_204' title='bbox 1544 2593 1756 2644; x_wconf 86' lang='lat' dir='ltr'><strong>insistit.</strong></span> <span class='ocrx_word' id='word_1_205' title='bbox 1788 2591 1853 2643; x_wconf 82' lang='lat' dir='ltr'><strong>Et</strong></span> <span class='ocrx_word' id='word_1_206' title='bbox 1878 2592 2037 2657; x_wconf 78' lang='lat' dir='ltr'><strong>cﬂ&#39;usa</strong></span> <span class='ocrx_word' id='word_1_207' title='bbox 2062 2601 2205 2655; x_wconf 85' lang='lat' dir='ltr'><strong>sunt,</strong></span> 
     </span>
    </p>
   </div>
   <div class='ocr_carea' id='block_1_27' title="bbox 638 2680 2206 2752">
    <p class='ocr_par' dir='ltr' id='par_1_27' title="bbox 638 2680 2206 2752">
     <span class='ocr_line' id='line_1_27' title="bbox 638 2680 2206 2752; baseline -0.001 -16"><span class='ocrx_word' id='word_1_208' title='bbox 638 2682 842 2752; x_wconf 88' lang='lat' dir='ltr'><strong>inquit,</strong></span> <span class='ocrx_word' id='word_1_209' title='bbox 875 2684 1041 2735; x_wconf 85' lang='lat' dir='ltr'><strong>omnia</strong></span> <span class='ocrx_word' id='word_1_210' title='bbox 1083 2682 1268 2734; x_wconf 76' lang='lat' dir='ltr'><strong>uiscch</strong></span> <span class='ocrx_word' id='word_1_211' title='bbox 1314 2682 1441 2749; x_wconf 85' lang='lat' dir='ltr'><strong>ejus.</strong></span> <span class='ocrx_word' id='word_1_212' title='bbox 1476 2680 1588 2733; x_wconf 85' lang='lat' dir='ltr'><strong>Hoc</strong></span> <span class='ocrx_word' id='word_1_213' title='bbox 1638 2682 1742 2734; x_wconf 89' lang='lat' dir='ltr'><strong>illis</strong></span> <span class='ocrx_word' id='word_1_214' title='bbox 1789 2683 2206 2735; x_wconf 78' lang='lat' dir='ltr'><strong>consolationem</strong></span> 
     </span>
    </p>
   </div>
   <div class='ocr_carea' id='block_1_28' title="bbox 634 2768 2209 2837">
    <p class='ocr_par' dir='ltr' id='par_1_28' title="bbox 634 2768 2209 2837">
     <span class='ocr_line' id='line_1_28' title="bbox 634 2768 2209 2837; baseline -0.001 -13"><span class='ocrx_word' id='word_1_215' title='bbox 634 2770 904 2825; x_wconf 73' lang='lat' dir='ltr'><strong>aﬂ&#39;et‘ebat.</strong></span> <span class='ocrx_word' id='word_1_216' title='bbox 936 2770 1023 2824; x_wconf 75' lang='lat' dir='ltr'><strong>i9.</strong></span> <span class='ocrx_word' id='word_1_217' title='bbox 1064 2768 1126 2821; x_wconf 83' lang='lat' dir='ltr'><strong>Et</strong></span> <span class='ocrx_word' id='word_1_218' title='bbox 1153 2779 1323 2821; x_wconf 90' lang='lat' dir='ltr'><strong>notunt</strong></span> <span class='ocrx_word' id='word_1_219' title='bbox 1374 2772 1563 2837; x_wconf 79' lang='lat' dir='ltr'><strong>factum</strong></span> <span class='ocrx_word' id='word_1_220' title='bbox 1609 2778 1681 2821; x_wconf 86' lang='lat' dir='ltr'><strong>est</strong></span> <span class='ocrx_word' id='word_1_221' title='bbox 1707 2769 1934 2821; x_wconf 85' lang='lat' dir='ltr'><strong>omnibus</strong></span> <span class='ocrx_word' id='word_1_222' title='bbox 1974 2769 2209 2822; x_wconf 76' lang='lat' dir='ltr'><strong>habitan-</strong></span> 
     </span>
    </p>
   </div>
   <div class='ocr_carea' id='block_1_29' title="bbox 644 2859 2207 2929">
    <p class='ocr_par' dir='ltr' id='par_1_29' title="bbox 644 2859 2207 2929">
     <span class='ocr_line' id='line_1_29' title="bbox 644 2859 2207 2929; baseline 0 -17"><span class='ocrx_word' id='word_1_223' title='bbox 644 2861 775 2914; x_wconf 88' lang='lat' dir='ltr'><strong>tibus</strong></span> <span class='ocrx_word' id='word_1_224' title='bbox 802 2859 1121 2924; x_wconf 77' lang='lat' dir='ltr'><strong>Jerusalem,</strong></span> <span class='ocrx_word' id='word_1_225' title='bbox 1177 2861 1249 2911; x_wconf 85' lang='lat' dir='ltr'><strong>ita</strong></span> <span class='ocrx_word' id='word_1_226' title='bbox 1291 2868 1345 2911; x_wconf 88' lang='lat' dir='ltr'><strong>ut</strong></span> <span class='ocrx_word' id='word_1_227' title='bbox 1385 2860 1725 2927; x_wconf 81' lang='lat' dir='ltr'><strong>appellaretur</strong></span> <span class='ocrx_word' id='word_1_228' title='bbox 1764 2876 1882 2929; x_wconf 88' lang='lat' dir='ltr'><strong>ager</strong></span> <span class='ocrx_word' id='word_1_229' title='bbox 1924 2859 2011 2911; x_wconf 84' lang='lat' dir='ltr'><strong>ille</strong></span> <span class='ocrx_word' id='word_1_230' title='bbox 2034 2860 2207 2929; x_wconf 84' lang='lat' dir='ltr'><strong>lingua</strong></span> 
     </span>
    </p>
   </div>
   <div class='ocr_carea' id='block_1_30' title="bbox 636 2948 1837 3018">
    <p class='ocr_par' dir='ltr' id='par_1_30' title="bbox 636 2948 1837 3018">
     <span class='ocr_line' id='line_1_30' title="bbox 636 2948 1837 3018; baseline -0.003 -15"><span class='ocrx_word' id='word_1_231' title='bbox 636 2965 807 3003; x_wconf 88' lang='lat' dir='ltr'><strong>eorum</strong></span> <span class='ocrx_word' id='word_1_232' title='bbox 833 2950 1103 3001; x_wconf 86' lang='lat' dir='ltr'><strong>Aceldama</strong></span> <span class='ocrx_word' id='word_1_233' title='bbox 1121 2990 1133 3011; x_wconf 95' lang='lat'><strong>,</strong></span> <span class='ocrx_word' id='word_1_234' title='bbox 1165 2949 1258 3001; x_wconf 85' lang='lat' dir='ltr'><strong>hoc</strong></span> <span class='ocrx_word' id='word_1_235' title='bbox 1281 2961 1383 3013; x_wconf 89' lang='lat' dir='ltr'><strong>est,</strong></span> <span class='ocrx_word' id='word_1_236' title='bbox 1410 2965 1529 3017; x_wconf 87' lang='lat' dir='ltr'><strong>ager</strong></span> <span class='ocrx_word' id='word_1_237' title='bbox 1556 2948 1837 3018; x_wconf 73' lang='lat' dir='ltr'><strong>sanguinis.</strong></span> 
     </span>
    </p>
   </div>
   <div class='ocr_carea' id='block_1_31' title="bbox 705 3040 2211 3109">
    <p class='ocr_par' dir='ltr' id='par_1_31' title="bbox 705 3040 2211 3109">
     <span class='ocr_line' id='line_1_31' title="bbox 705 3040 2211 3109; baseline 0.001 -16"><span class='ocrx_word' id='word_1_238' title='bbox 705 3041 759 3093; x_wconf 81' lang='lat'><strong>2.</strong></span> <span class='ocrx_word' id='word_1_239' title='bbox 805 3041 972 3095; x_wconf 72' lang='lat' dir='ltr'><strong>Judmi</strong></span> <span class='ocrx_word' id='word_1_240' title='bbox 1013 3055 1139 3109; x_wconf 86' lang='lat' dir='ltr'><strong>ergo</strong></span> <span class='ocrx_word' id='word_1_241' title='bbox 1179 3042 1277 3093; x_wconf 90' lang='lat' dir='ltr'><strong>hoc</strong></span> <span class='ocrx_word' id='word_1_242' title='bbox 1320 3054 1509 3093; x_wconf 85' lang='lat' dir='ltr'><strong>nomen</strong></span> <span class='ocrx_word' id='word_1_243' title='bbox 1552 3053 1679 3108; x_wconf 90' lang='lat' dir='ltr'><strong>agro</strong></span> <span class='ocrx_word' id='word_1_244' title='bbox 1716 3040 1947 3103; x_wconf 88' lang='lat' dir='ltr'><strong>dedere,</strong></span> <span class='ocrx_word' id='word_1_245' title='bbox 1992 3056 2099 3095; x_wconf 90' lang='lat' dir='ltr'><strong>non</strong></span> <span class='ocrx_word' id='word_1_246' title='bbox 2140 3042 2211 3095; x_wconf 90' lang='lat' dir='ltr'><strong>ob</strong></span> 
     </span>
    </p>
   </div>
   <div class='ocr_carea' id='block_1_32' title="bbox 638 3130 2208 3201">
    <p class='ocr_par' dir='ltr' id='par_1_32' title="bbox 638 3130 2208 3201">
     <span class='ocr_line' id='line_1_32' title="bbox 638 3130 2208 3201; baseline 0.001 -18"><span class='ocrx_word' id='word_1_247' title='bbox 638 3146 821 3201; x_wconf 83' lang='lat' dir='ltr'><strong>agrum</strong></span> <span class='ocrx_word' id='word_1_248' title='bbox 870 3133 1074 3199; x_wconf 86' lang='lat' dir='ltr'><strong>ipsum,</strong></span> <span class='ocrx_word' id='word_1_249' title='bbox 1114 3130 1205 3183; x_wconf 86' lang='lat' dir='ltr'><strong>sed</strong></span> <span class='ocrx_word' id='word_1_250' title='bbox 1237 3131 1306 3184; x_wconf 92' lang='lat' dir='ltr'><strong>ob</strong></span> <span class='ocrx_word' id='word_1_251' title='bbox 1332 3130 1520 3183; x_wconf 85' lang='lat' dir='ltr'><strong>Judam</strong></span> <span class='ocrx_word' id='word_1_252' title='bbox 1556 3148 1569 3181; x_wconf 90' lang='lat'>:</span> <span class='ocrx_word' id='word_1_253' title='bbox 1602 3146 1723 3183; x_wconf 82' lang='lat' dir='ltr'><strong>nam</strong></span> <span class='ocrx_word' id='word_1_254' title='bbox 1764 3131 1808 3185; x_wconf 89' lang='lat' dir='ltr'><strong>is</strong></span> <span class='ocrx_word' id='word_1_255' title='bbox 1851 3144 1979 3198; x_wconf 87' lang='lat' dir='ltr'><strong>agro</strong></span> <span class='ocrx_word' id='word_1_256' title='bbox 2015 3146 2208 3185; x_wconf 88' lang='lat' dir='ltr'><strong>nomen</strong></span> 
     </span>
    </p>
   </div>
   <div class='ocr_carea' id='block_1_33' title="bbox 639 3220 2205 3289">
    <p class='ocr_par' dir='ltr' id='par_1_33' title="bbox 639 3220 2205 3289">
     <span class='ocr_line' id='line_1_33' title="bbox 639 3220 2205 3289; baseline -0.001 -14"><span class='ocrx_word' id='word_1_257' title='bbox 639 3222 846 3275; x_wconf 89' lang='lat' dir='ltr'><strong>indidit.</strong></span> <span class='ocrx_word' id='word_1_258' title='bbox 880 3222 943 3274; x_wconf 82' lang='lat' dir='ltr'><strong>Et</strong></span> <span class='ocrx_word' id='word_1_259' title='bbox 973 3230 1132 3274; x_wconf 78' lang='lat' dir='ltr'><strong>testes</strong></span> <span class='ocrx_word' id='word_1_260' title='bbox 1162 3220 1315 3273; x_wconf 78' lang='lat' dir='ltr'><strong>affert</strong></span> <span class='ocrx_word' id='word_1_261' title='bbox 1342 3221 1583 3273; x_wconf 90' lang='lat' dir='ltr'><strong>inimicos</strong></span> <span class='ocrx_word' id='word_1_262' title='bbox 1611 3239 1623 3273; x_wconf 97' lang='lat'>:</span> <span class='ocrx_word' id='word_1_263' title='bbox 1655 3221 1704 3274; x_wconf 92' lang='lat' dir='ltr'><strong>id</strong></span> <span class='ocrx_word' id='word_1_264' title='bbox 1745 3222 1886 3274; x_wconf 91' lang='lat' dir='ltr'><strong>enim</strong></span> <span class='ocrx_word' id='word_1_265' title='bbox 1916 3222 2205 3289; x_wconf 82' lang='lat' dir='ltr'><strong>signiﬁcat,</strong></span> 
     </span>
    </p>
   </div>
   <div class='ocr_carea' id='block_1_34' title="bbox 638 3310 2208 3380">
    <p class='ocr_par' dir='ltr' id='par_1_34' title="bbox 638 3310 2208 3380">
     <span class='ocr_line' id='line_1_34' title="bbox 638 3310 2208 3380; baseline 0 -16"><span class='ocrx_word' id='word_1_266' title='bbox 638 3325 761 3364; x_wconf 89' lang='lat' dir='ltr'><strong>cum</strong></span> <span class='ocrx_word' id='word_1_267' title='bbox 787 3310 950 3375; x_wconf 87' lang='lat' dir='ltr'><strong>dicit,</strong></span> <span class='ocrx_word' id='word_1_268' title='bbox 994 3311 1136 3378; x_wconf 85' lang='lat' dir='ltr'><strong>ipsos</strong></span> <span class='ocrx_word' id='word_1_269' title='bbox 1158 3311 1526 3378; x_wconf 75' lang='lat' dir='ltr'><strong>appellavisse,</strong></span> <span class='ocrx_word' id='word_1_270' title='bbox 1564 3320 1620 3364; x_wconf 93' lang='lat' dir='ltr'><strong>et</strong></span> <span class='ocrx_word' id='word_1_271' title='bbox 1659 3325 1776 3364; x_wconf 93' lang='lat' dir='ltr'><strong>cum</strong></span> <span class='ocrx_word' id='word_1_272' title='bbox 1803 3310 1980 3375; x_wconf 86' lang='lat' dir='ltr'><strong>addit,</strong></span> <span class='ocrx_word' id='word_1_273' title='bbox 2011 3311 2208 3380; x_wconf 84' lang='lat' dir='ltr'><strong>Lingua</strong></span> 
     </span>
    </p>
   </div>
   <div class='ocr_carea' id='block_1_35' title="bbox 635 3400 2209 3470">
    <p class='ocr_par' dir='ltr' id='par_1_35' title="bbox 635 3400 2209 3470">
     <span class='ocr_line' id='line_1_35' title="bbox 635 3400 2209 3470; baseline -0.001 -16"><span class='ocrx_word' id='word_1_274' title='bbox 635 3418 827 3454; x_wconf 87' lang='lat' dir='ltr'><strong>eorum.</strong></span> <span class='ocrx_word' id='word_1_275' title='bbox 859 3400 1059 3457; x_wconf 87' lang='lat' dir='ltr'><strong>Deinde</strong></span> <span class='ocrx_word' id='word_1_276' title='bbox 1080 3409 1199 3469; x_wconf 89' lang='lat' dir='ltr'><strong>post</strong></span> <span class='ocrx_word' id='word_1_277' title='bbox 1222 3409 1492 3465; x_wconf 84' lang='lat' dir='ltr'><strong>eventum,</strong></span> <span class='ocrx_word' id='word_1_278' title='bbox 1515 3402 1756 3468; x_wconf 81' lang='lat' dir='ltr'><strong>apposite</strong></span> <span class='ocrx_word' id='word_1_279' title='bbox 1779 3400 2090 3470; x_wconf 70' lang='lat' dir='ltr'><strong>prophetam</strong></span> <span class='ocrx_word' id='word_1_280' title='bbox 2116 3403 2209 3453; x_wconf 89' lang='lat' dir='ltr'><strong>ad-</strong></span> 
     </span>
    </p>
   </div>
   <div class='ocr_carea' id='block_1_36' title="bbox 634 3489 2209 3555">
    <p class='ocr_par' dir='ltr' id='par_1_36' title="bbox 634 3489 2209 3555">
     <span class='ocr_line' id='line_1_36' title="bbox 634 3489 2209 3555; baseline 0.001 -13"><span class='ocrx_word' id='word_1_281' title='bbox 634 3490 780 3543; x_wconf 86' lang='lat' dir='ltr'><strong>ducit</strong></span> <span class='ocrx_word' id='word_1_282' title='bbox 805 3490 983 3543; x_wconf 85' lang='lat' dir='ltr'><strong>dicens</strong></span> <span class='ocrx_word' id='word_1_283' title='bbox 1016 3507 1029 3542; x_wconf 88' lang='lat'><strong>:</strong></span> <span class='ocrx_word' id='word_1_284' title='bbox 1060 3489 1148 3544; x_wconf 83' lang='lat'><strong>20.</strong></span> <span class='ocrx_word' id='word_1_285' title='bbox 1181 3489 1442 3555; x_wconf 83' lang='lat' dir='ltr'><strong>Scriptum</strong></span> <span class='ocrx_word' id='word_1_286' title='bbox 1468 3500 1539 3541; x_wconf 92' lang='lat' dir='ltr'><strong>est</strong></span> <span class='ocrx_word' id='word_1_287' title='bbox 1566 3491 1697 3541; x_wconf 88' lang='lat' dir='ltr'><strong>enim</strong></span> <span class='ocrx_word' id='word_1_288' title='bbox 1724 3490 1777 3541; x_wconf 87' lang='lat' dir='ltr'><strong>in</strong></span> <span class='ocrx_word' id='word_1_289' title='bbox 1815 3490 1941 3543; x_wconf 86' lang='lat' dir='ltr'><strong>libro</strong></span> <span class='ocrx_word' id='word_1_290' title='bbox 1976 3489 2209 3545; x_wconf 85' lang='lat' dir='ltr'><strong>Psalmo-</strong></span> 
     </span>
    </p>
   </div>
   <div class='ocr_carea' id='block_1_37' title="bbox 634 3576 2209 3648">
    <p class='ocr_par' dir='ltr' id='par_1_37' title="bbox 634 3576 2209 3648">
     <span class='ocr_line' id='line_1_37' title="bbox 634 3576 2209 3648; baseline 0.003 -19"><span class='ocrx_word' id='word_1_291' title='bbox 634 3594 787 3632; x_wconf 85' lang='lat' dir='ltr'><strong>runt:</strong></span> <span class='ocrx_word' id='word_1_292' title='bbox 821 3576 936 3630; x_wconf 84' lang='lat' dir='ltr'><strong>Fiat</strong></span> <span class='ocrx_word' id='word_1_293' title='bbox 962 3579 1285 3631; x_wconf 77' lang='lat' dir='ltr'><strong>commoratio</strong></span> <span class='ocrx_word' id='word_1_294' title='bbox 1326 3594 1497 3630; x_wconf 76' lang='lat' dir='ltr'><strong>eorum</strong></span> <span class='ocrx_word' id='word_1_295' title='bbox 1536 3578 1762 3643; x_wconf 81' lang='lat' dir='ltr'><strong>deserta,</strong></span> <span class='ocrx_word' id='word_1_296' title='bbox 1806 3588 1850 3630; x_wconf 85' lang='lat' dir='ltr'><strong>et</strong></span> <span class='ocrx_word' id='word_1_297' title='bbox 1889 3595 1989 3631; x_wconf 85' lang='lat' dir='ltr'><strong>non</strong></span> <span class='ocrx_word' id='word_1_298' title='bbox 2026 3581 2088 3632; x_wconf 85' lang='lat' dir='ltr'><strong>sit</strong></span> <span class='ocrx_word' id='word_1_299' title='bbox 2123 3582 2209 3648; x_wconf 88' lang='lat' dir='ltr'><strong>qui</strong></span> 
     </span>
    </p>
   </div>
   <div class='ocr_carea' id='block_1_38' title="bbox 636 3664 2209 3737">
    <p class='ocr_par' dir='ltr' id='par_1_38' title="bbox 636 3664 2209 3737">
     <span class='ocr_line' id='line_1_38' title="bbox 636 3664 2209 3737; baseline 0.004 -20"><span class='ocrx_word' id='word_1_300' title='bbox 636 3666 871 3718; x_wconf 76' lang='lat' dir='ltr'><strong>inhabitet</strong></span> <span class='ocrx_word' id='word_1_301' title='bbox 896 3667 947 3718; x_wconf 79' lang='lat' dir='ltr'><strong>in</strong></span> <span class='ocrx_word' id='word_1_302' title='bbox 969 3682 1027 3719; x_wconf 86' lang='lat' dir='ltr'><strong>ea</strong></span> <span class='ocrx_word' id='word_1_303' title='bbox 1054 3664 1222 3737; x_wconf 85' lang='lat' dir='ltr'><strong>(Psal.</strong></span> <span class='ocrx_word' id='word_1_304' title='bbox 1251 3666 1338 3721; x_wconf 84' lang='lat'><strong>68.</strong></span> <span class='ocrx_word' id='word_1_305' title='bbox 1367 3666 1482 3735; x_wconf 87' lang='lat'><strong>26).</strong></span> <span class='ocrx_word' id='word_1_306' title='bbox 1507 3666 1619 3720; x_wconf 83' lang='lat' dir='ltr'><strong>Hoc</strong></span> <span class='ocrx_word' id='word_1_307' title='bbox 1641 3666 1709 3720; x_wconf 89' lang='lat' dir='ltr'><strong>de</strong></span> <span class='ocrx_word' id='word_1_308' title='bbox 1732 3682 1860 3736; x_wconf 83' lang='lat' dir='ltr'><strong>agro</strong></span> <span class='ocrx_word' id='word_1_309' title='bbox 1881 3669 2025 3722; x_wconf 89' lang='lat' dir='ltr'><strong>etde</strong></span> <span class='ocrx_word' id='word_1_310' title='bbox 2049 3669 2209 3722; x_wconf 91' lang='lat' dir='ltr'><strong>domo</strong></span> 
     </span>
    </p>
   </div>
   <div class='ocr_carea' id='block_1_39' title="bbox 640 3757 2204 3828">
    <p class='ocr_par' dir='ltr' id='par_1_39' title="bbox 640 3757 2204 3828">
     <span class='ocr_line' id='line_1_39' title="bbox 640 3757 2204 3828; baseline 0.001 -17"><span class='ocrx_word' id='word_1_311' title='bbox 640 3758 852 3811; x_wconf 89' lang='lat' dir='ltr'><strong>dicitur.</strong></span> <span class='ocrx_word' id='word_1_312' title='bbox 885 3757 953 3810; x_wconf 85' lang='lat' dir='ltr'><strong>Et</strong></span> <span class='ocrx_word' id='word_1_313' title='bbox 999 3757 1335 3826; x_wconf 82' lang='lat' dir='ltr'><strong>episcopatum</strong></span> <span class='ocrx_word' id='word_1_314' title='bbox 1359 3758 1469 3824; x_wconf 82' lang='lat' dir='ltr'><strong>ejus</strong></span> <span class='ocrx_word' id='word_1_315' title='bbox 1506 3759 1720 3825; x_wconf 84' lang='lat' dir='ltr'><strong>accipiat</strong></span> <span class='ocrx_word' id='word_1_316' title='bbox 1748 3757 1912 3823; x_wconf 87' lang='lat' dir='ltr'><strong>alter;</strong></span> <span class='ocrx_word' id='word_1_317' title='bbox 1954 3759 2052 3812; x_wconf 90' lang='lat' dir='ltr'><strong>hoc</strong></span> <span class='ocrx_word' id='word_1_318' title='bbox 2096 3769 2204 3828; x_wconf 82' lang='lat' dir='ltr'><strong>est,</strong></span> 
     </span>
    </p>
   </div>
   <div class='ocr_carea' id='block_1_40' title="bbox 639 3844 2203 3914">
    <p class='ocr_par' dir='ltr' id='par_1_40' title="bbox 639 3844 2203 3914">
     <span class='ocr_line' id='line_1_40' title="bbox 639 3844 2203 3914; baseline 0.003 -16"><span class='ocrx_word' id='word_1_319' title='bbox 639 3845 989 3914; x_wconf 82' lang='lat' dir='ltr'><strong>principatum</strong></span> <span class='ocrx_word' id='word_1_320' title='bbox 1010 3886 1025 3909; x_wconf 92' lang='lat'><strong>,</strong></span> <span class='ocrx_word' id='word_1_321' title='bbox 1042 3845 1419 3898; x_wconf 73' lang='lat' dir='ltr'><strong>sacerdotium.</strong></span> <span class='ocrx_word' id='word_1_322' title='bbox 1445 3844 1621 3912; x_wconf 87' lang='lat' dir='ltr'><strong>Itaque</strong></span> <span class='ocrx_word' id='word_1_323' title='bbox 1641 3845 1756 3897; x_wconf 60' lang='lat' dir='ltr'><strong>hate</strong></span> <span class='ocrx_word' id='word_1_324' title='bbox 1782 3862 1883 3899; x_wconf 91' lang='lat' dir='ltr'><strong>non</strong></span> <span class='ocrx_word' id='word_1_325' title='bbox 1907 3864 2025 3901; x_wconf 90' lang='lat' dir='ltr'><strong>meo</strong></span> <span class='ocrx_word' id='word_1_326' title='bbox 2053 3846 2203 3914; x_wconf 86' lang='lat' dir='ltr'><strong>ﬁunt,</strong></span> 
     </span>
    </p>
   </div>
   <div class='ocr_carea' id='block_1_41' title="bbox 635 3933 2205 4001">
    <p class='ocr_par' dir='ltr' id='par_1_41' title="bbox 635 3933 2205 4001">
     <span class='ocr_line' id='line_1_41' title="bbox 635 3933 2205 4001; baseline 0.003 -13"><span class='ocrx_word' id='word_1_327' title='bbox 635 3933 728 3988; x_wconf 88' lang='lat' dir='ltr'><strong>sed</strong></span> <span class='ocrx_word' id='word_1_328' title='bbox 754 3934 889 4000; x_wconf 91' lang='lat' dir='ltr'><strong>ejus,</strong></span> <span class='ocrx_word' id='word_1_329' title='bbox 908 3934 996 4001; x_wconf 88' lang='lat' dir='ltr'><strong>qui</strong></span> <span class='ocrx_word' id='word_1_330' title='bbox 1021 3934 1131 3987; x_wconf 69' lang='lat' dir='ltr'><strong>haec</strong></span> <span class='ocrx_word' id='word_1_331' title='bbox 1148 3933 1407 4001; x_wconf 65' lang='lat' dir='ltr'><strong>praadixit,</strong></span> <span class='ocrx_word' id='word_1_332' title='bbox 1430 3934 1671 3988; x_wconf 86' lang='lat' dir='ltr'><strong>consilio.</strong></span> <span class='ocrx_word' id='word_1_333' title='bbox 1694 3934 1769 3989; x_wconf 87' lang='lat' dir='ltr'><strong>Ne</strong></span> <span class='ocrx_word' id='word_1_334' title='bbox 1786 3935 2050 3990; x_wconf 84' lang='lat' dir='ltr'><strong>videretur</strong></span> <span class='ocrx_word' id='word_1_335' title='bbox 2065 3939 2205 3993; x_wconf 88' lang='lat' dir='ltr'><strong>enim</strong></span> 
     </span>
    </p>
   </div>
   <div class='ocr_carea' id='block_1_42' title="bbox 640 4022 2207 4093">
    <p class='ocr_par' dir='ltr' id='par_1_42' title="bbox 640 4022 2207 4093">
     <span class='ocr_line' id='line_1_42' title="bbox 640 4022 2207 4093; baseline 0.003 -19"><span class='ocrx_word' id='word_1_336' title='bbox 640 4036 882 4090; x_wconf 84' lang='lat' dir='ltr'><strong>magnam</strong></span> <span class='ocrx_word' id='word_1_337' title='bbox 910 4036 1020 4075; x_wconf 91' lang='lat' dir='ltr'><strong>rem</strong></span> <span class='ocrx_word' id='word_1_338' title='bbox 1049 4022 1289 4091; x_wconf 79' lang='lat' dir='ltr'><strong>aggredi,</strong></span> <span class='ocrx_word' id='word_1_339' title='bbox 1321 4032 1374 4077; x_wconf 89' lang='lat' dir='ltr'><strong>et</strong></span> <span class='ocrx_word' id='word_1_340' title='bbox 1399 4023 1609 4091; x_wconf 90' lang='lat' dir='ltr'><strong>qualem</strong></span> <span class='ocrx_word' id='word_1_341' title='bbox 1634 4022 1877 4077; x_wconf 84' lang='lat' dir='ltr'><strong>Christus</strong></span> <span class='ocrx_word' id='word_1_342' title='bbox 1906 4025 2018 4093; x_wconf 88' lang='lat' dir='ltr'><strong>ipse</strong></span> <span class='ocrx_word' id='word_1_343' title='bbox 2054 4026 2207 4079; x_wconf 79' lang='lat' dir='ltr'><strong>iecis—</strong></span> 
     </span>
    </p>
   </div>
   <div class='ocr_carea' id='block_1_43' title="bbox 642 4110 2204 4185">
    <p class='ocr_par' dir='ltr' id='par_1_43' title="bbox 642 4110 2204 4185">
     <span class='ocr_line' id='line_1_43' title="bbox 642 4110 2204 4185; baseline 0.004 -24"><span class='ocrx_word' id='word_1_344' title='bbox 642 4119 747 4175; x_wconf 87' lang='lat' dir='ltr'><strong>set,</strong></span> <span class='ocrx_word' id='word_1_345' title='bbox 775 4111 1080 4178; x_wconf 89' lang='lat' dir='ltr'><strong>prophetam</strong></span> <span class='ocrx_word' id='word_1_346' title='bbox 1124 4120 1313 4165; x_wconf 86' lang='lat' dir='ltr'><strong>testem</strong></span> <span class='ocrx_word' id='word_1_347' title='bbox 1339 4110 1571 4165; x_wconf 88' lang='lat' dir='ltr'><strong>adhibet.</strong></span> <span class='ocrx_word' id='word_1_348' title='bbox 1598 4112 1689 4165; x_wconf 85' lang='lat'><strong>2|.</strong></span> <span class='ocrx_word' id='word_1_349' title='bbox 1723 4111 1931 4180; x_wconf 85' lang='lat' dir='ltr'><strong>Oportet</strong></span> <span class='ocrx_word' id='word_1_350' title='bbox 1956 4130 2093 4185; x_wconf 91' lang='lat' dir='ltr'><strong>ergo,</strong></span> <span class='ocrx_word' id='word_1_351' title='bbox 2122 4116 2204 4167; x_wconf 80' lang='lat' dir='ltr'><strong>in-</strong></span> 
     </span>
    </p>
   </div>
   <div class='ocr_carea' id='block_1_44' title="bbox 642 4198 2208 4273">
    <p class='ocr_par' dir='ltr' id='par_1_44' title="bbox 642 4198 2208 4273">
     <span class='ocr_line' id='line_1_44' title="bbox 642 4198 2208 4273; baseline 0.004 -22"><span class='ocrx_word' id='word_1_352' title='bbox 642 4199 785 4267; x_wconf 86' lang='lat' dir='ltr'><strong>quit,</strong></span> <span class='ocrx_word' id='word_1_353' title='bbox 813 4214 874 4252; x_wconf 80' lang='lat' dir='ltr'><strong>ea:</strong></span> <span class='ocrx_word' id='word_1_354' title='bbox 896 4198 972 4250; x_wconf 84' lang='lat' dir='ltr'><strong>Itis</strong></span> <span class='ocrx_word' id='word_1_355' title='bbox 995 4200 1131 4265; x_wconf 81' lang='lat' dir='ltr'><strong>viris,</strong></span> <span class='ocrx_word' id='word_1_356' title='bbox 1158 4202 1242 4268; x_wconf 87' lang='lat' dir='ltr'><strong>qui</strong></span> <span class='ocrx_word' id='word_1_357' title='bbox 1267 4202 1519 4253; x_wconf 86' lang='lat' dir='ltr'><strong>nobiscum</strong></span> <span class='ocrx_word' id='word_1_358' title='bbox 1544 4210 1659 4253; x_wconf 87' lang='lat' dir='ltr'><strong>sunt</strong></span> <span class='ocrx_word' id='word_1_359' title='bbox 1684 4204 1966 4273; x_wconf 75' lang='lat' dir='ltr'><strong>congregati</strong></span> <span class='ocrx_word' id='word_1_360' title='bbox 1992 4206 2042 4255; x_wconf 89' lang='lat' dir='ltr'><strong>in</strong></span> <span class='ocrx_word' id='word_1_361' title='bbox 2071 4206 2208 4257; x_wconf 90' lang='lat' dir='ltr'><strong>omni</strong></span> 
     </span>
    </p>
   </div>
   <div class='ocr_carea' id='block_1_45' title="bbox 644 4285 2205 4355">
    <p class='ocr_par' dir='ltr' id='par_1_45' title="bbox 644 4285 2205 4355">
     <span class='ocr_line' id='line_1_45' title="bbox 644 4285 2205 4355; baseline 0.006 -16"><span class='ocrx_word' id='word_1_362' title='bbox 644 4297 881 4355; x_wconf 85' lang='lat' dir='ltr'><strong>tempore.</strong></span> <span class='ocrx_word' id='word_1_363' title='bbox 914 4285 1020 4341; x_wconf 87' lang='lat' dir='ltr'><strong>Cur</strong></span> <span class='ocrx_word' id='word_1_364' title='bbox 1046 4302 1163 4340; x_wconf 90' lang='lat' dir='ltr'><strong>cum</strong></span> <span class='ocrx_word' id='word_1_365' title='bbox 1196 4289 1301 4341; x_wconf 91' lang='lat' dir='ltr'><strong>illis</strong></span> <span class='ocrx_word' id='word_1_366' title='bbox 1328 4289 1428 4342; x_wconf 91' lang='lat' dir='ltr'><strong>hoc</strong></span> <span class='ocrx_word' id='word_1_367' title='bbox 1452 4292 1843 4344; x_wconf 83' lang='lat' dir='ltr'><strong>communicat?</strong></span> <span class='ocrx_word' id='word_1_368' title='bbox 1884 4292 1949 4346; x_wconf 90' lang='lat' dir='ltr'><strong>Ut</strong></span> <span class='ocrx_word' id='word_1_369' title='bbox 1982 4309 2047 4347; x_wconf 88' lang='lat' dir='ltr'><strong>ne</strong></span> <span class='ocrx_word' id='word_1_370' title='bbox 2075 4310 2205 4347; x_wconf 86' lang='lat' dir='ltr'><strong>con-</strong></span> 
     </span>
    </p>
   </div>
   <div class='ocr_carea' id='block_1_46' title="bbox 639 4377 2204 4450">
    <p class='ocr_par' dir='ltr' id='par_1_46' title="bbox 639 4377 2204 4450">
     <span class='ocr_line' id='line_1_46' title="bbox 639 4377 2204 4450; baseline 0.004 -20"><span class='ocrx_word' id='word_1_371' title='bbox 639 4378 803 4430; x_wconf 91' lang='lat' dir='ltr'><strong>tentio</strong></span> <span class='ocrx_word' id='word_1_372' title='bbox 833 4377 928 4429; x_wconf 90' lang='lat' dir='ltr'><strong>hac</strong></span> <span class='ocrx_word' id='word_1_373' title='bbox 952 4377 1017 4429; x_wconf 87' lang='lat' dir='ltr'><strong>de</strong></span> <span class='ocrx_word' id='word_1_374' title='bbox 1044 4392 1100 4430; x_wconf 90' lang='lat' dir='ltr'><strong>re</strong></span> <span class='ocrx_word' id='word_1_375' title='bbox 1125 4378 1374 4442; x_wconf 89' lang='lat' dir='ltr'><strong>oriretur,</strong></span> <span class='ocrx_word' id='word_1_376' title='bbox 1401 4388 1453 4431; x_wconf 86' lang='lat' dir='ltr'><strong>et</strong></span> <span class='ocrx_word' id='word_1_377' title='bbox 1480 4394 1547 4432; x_wconf 90' lang='lat' dir='ltr'><strong>ne</strong></span> <span class='ocrx_word' id='word_1_378' title='bbox 1567 4389 1751 4434; x_wconf 90' lang='lat' dir='ltr'><strong>mutuo</strong></span> <span class='ocrx_word' id='word_1_379' title='bbox 1769 4382 2048 4450; x_wconf 80' lang='lat' dir='ltr'><strong>litigarem.</strong></span> <span class='ocrx_word' id='word_1_380' title='bbox 2075 4384 2204 4437; x_wconf 86' lang='lat' dir='ltr'><strong>Nam</strong></span> 
     </span>
    </p>
   </div>
   <div class='ocr_carea' id='block_1_47' title="bbox 635 4465 2204 4542">
    <p class='ocr_par' dir='ltr' id='par_1_47' title="bbox 635 4465 2204 4542">
     <span class='ocr_line' id='line_1_47' title="bbox 635 4465 2204 4542; baseline 0.006 -25"><span class='ocrx_word' id='word_1_381' title='bbox 635 4467 680 4517; x_wconf 86' lang='lat' dir='ltr'><strong>si</strong></span> <span class='ocrx_word' id='word_1_382' title='bbox 727 4466 776 4517; x_wconf 89' lang='lat' dir='ltr'><strong>id</strong></span> <span class='ocrx_word' id='word_1_383' title='bbox 821 4465 948 4532; x_wconf 89' lang='lat' dir='ltr'><strong>ipsis</strong></span> <span class='ocrx_word' id='word_1_384' title='bbox 990 4466 1216 4530; x_wconf 82' lang='lat' dir='ltr'><strong>accidit,</strong></span> <span class='ocrx_word' id='word_1_385' title='bbox 1261 4469 1426 4520; x_wconf 91' lang='lat' dir='ltr'><strong>multo</strong></span> <span class='ocrx_word' id='word_1_386' title='bbox 1468 4470 1635 4536; x_wconf 91' lang='lat' dir='ltr'><strong>magis</strong></span> <span class='ocrx_word' id='word_1_387' title='bbox 1673 4470 1779 4522; x_wconf 91' lang='lat' dir='ltr'><strong>illis</strong></span> <span class='ocrx_word' id='word_1_388' title='bbox 1805 4472 2079 4524; x_wconf 82' lang='lat' dir='ltr'><strong>accidisset</strong></span> <span class='ocrx_word' id='word_1_389' title='bbox 2108 4472 2204 4542; x_wconf 82' lang='lat' dir='ltr'><strong>(a).</strong></span> 
     </span>
    </p>
   </div>
   <div class='ocr_carea' id='block_1_48' title="bbox 639 4554 2203 4630">
    <p class='ocr_par' dir='ltr' id='par_1_48' title="bbox 639 4554 2203 4630">
     <span class='ocr_line' id='line_1_48' title="bbox 639 4554 2203 4630; baseline 0.005 -23"><span class='ocrx_word' id='word_1_390' title='bbox 639 4554 747 4607; x_wconf 91' lang='lat' dir='ltr'><strong>lloc</strong></span> <span class='ocrx_word' id='word_1_391' title='bbox 774 4570 899 4607; x_wconf 90' lang='lat' dir='ltr'><strong>vero</strong></span> <span class='ocrx_word' id='word_1_392' title='bbox 926 4570 1138 4623; x_wconf 87' lang='lat' dir='ltr'><strong>semper</strong></span> <span class='ocrx_word' id='word_1_393' title='bbox 1169 4556 1391 4610; x_wconf 85' lang='lat' dir='ltr'><strong>devitat.</strong></span> <span class='ocrx_word' id='word_1_394' title='bbox 1426 4558 1547 4611; x_wconf 92' lang='lat' dir='ltr'><strong>Ideo</strong></span> <span class='ocrx_word' id='word_1_395' title='bbox 1578 4563 1627 4611; x_wconf 91' lang='lat' dir='ltr'><strong>in</strong></span> <span class='ocrx_word' id='word_1_396' title='bbox 1672 4561 1929 4628; x_wconf 82' lang='lat' dir='ltr'><strong>principio</strong></span> <span class='ocrx_word' id='word_1_397' title='bbox 1960 4561 2166 4615; x_wconf 81' lang='lat' dir='ltr'><strong>dicebat</strong></span> <span class='ocrx_word' id='word_1_398' title='bbox 2189 4607 2203 4630; x_wconf 93' lang='lat'><strong>,</strong></span> 
     </span>
    </p>
   </div>
   <div class='ocr_carea' id='block_1_49' title="bbox 650 4642 2207 4720">
    <p class='ocr_par' dir='ltr' id='par_1_49' title="bbox 650 4642 2207 4720">
     <span class='ocr_line' id='line_1_49' title="bbox 650 4642 2207 4720; baseline 0.006 -25"><span class='ocrx_word' id='word_1_399' title='bbox 650 4642 756 4695; x_wconf 84' lang='lat' dir='ltr'><strong>Viri</strong></span> <span class='ocrx_word' id='word_1_400' title='bbox 784 4647 980 4712; x_wconf 77' lang='lat' dir='ltr'><strong>fratres,</strong></span> <span class='ocrx_word' id='word_1_401' title='bbox 1024 4655 1215 4712; x_wconf 87' lang='lat' dir='ltr'><strong>oportet</strong></span> <span class='ocrx_word' id='word_1_402' title='bbox 1255 4648 1433 4715; x_wconf 85' lang='lat' dir='ltr'><strong>eligere</strong></span> <span class='ocrx_word' id='word_1_403' title='bbox 1470 4664 1531 4699; x_wconf 78' lang='lat' dir='ltr'><strong>ea:</strong></span> <span class='ocrx_word' id='word_1_404' title='bbox 1558 4648 1715 4700; x_wconf 86' lang='lat' dir='ltr'><strong>nobis.</strong></span> <span class='ocrx_word' id='word_1_405' title='bbox 1746 4650 2057 4704; x_wconf 82' lang='lat' dir='ltr'><strong>Multitudini</strong></span> <span class='ocrx_word' id='word_1_406' title='bbox 2086 4667 2207 4720; x_wconf 89' lang='lat' dir='ltr'><strong>pcr-</strong></span> 
     </span>
    </p>
   </div>
   <div class='ocr_carea' id='block_1_50' title="bbox 646 4731 2204 4806">
    <p class='ocr_par' dir='ltr' id='par_1_50' title="bbox 646 4731 2204 4806">
     <span class='ocr_line' id='line_1_50' title="bbox 646 4731 2204 4806; baseline 0.007 -23"><span class='ocrx_word' id='word_1_407' title='bbox 646 4732 804 4784; x_wconf 90' lang='lat' dir='ltr'><strong>mittit</strong></span> <span class='ocrx_word' id='word_1_408' title='bbox 825 4731 1100 4799; x_wconf 85' lang='lat' dir='ltr'><strong>judicium,</strong></span> <span class='ocrx_word' id='word_1_409' title='bbox 1132 4736 1285 4787; x_wconf 92' lang='lat' dir='ltr'><strong>simul</strong></span> <span class='ocrx_word' id='word_1_410' title='bbox 1310 4751 1422 4799; x_wconf 86' lang='lat' dir='ltr'><strong>eos,</strong></span> <span class='ocrx_word' id='word_1_411' title='bbox 1453 4738 1541 4805; x_wconf 87' lang='lat' dir='ltr'><strong>qui</strong></span> <span class='ocrx_word' id='word_1_412' title='bbox 1568 4738 1917 4806; x_wconf 78' lang='lat' dir='ltr'><strong>eligebantur,</strong></span> <span class='ocrx_word' id='word_1_413' title='bbox 1947 4756 2204 4794; x_wconf 84' lang='lat' dir='ltr'><strong>veneran-</strong></span> 
     </span>
    </p>
   </div>
   <div class='ocr_carea' id='block_1_51' title="bbox 638 4819 2206 4897">
    <p class='ocr_par' dir='ltr' id='par_1_51' title="bbox 638 4819 2206 4897">
     <span class='ocr_line' id='line_1_51' title="bbox 638 4819 2206 4897; baseline 0.008 -26"><span class='ocrx_word' id='word_1_414' title='bbox 638 4819 737 4872; x_wconf 89' lang='lat' dir='ltr'><strong>dos</strong></span> <span class='ocrx_word' id='word_1_415' title='bbox 762 4819 1009 4884; x_wconf 89' lang='lat' dir='ltr'><strong>reddens,</strong></span> <span class='ocrx_word' id='word_1_416' title='bbox 1040 4836 1205 4889; x_wconf 86' lang='lat' dir='ltr'><strong>seque</strong></span> <span class='ocrx_word' id='word_1_417' title='bbox 1234 4823 1466 4877; x_wconf 86' lang='lat' dir='ltr'><strong>liberans</strong></span> <span class='ocrx_word' id='word_1_418' title='bbox 1490 4826 1555 4879; x_wconf 87' lang='lat' dir='ltr'><strong>ab</strong></span> <span class='ocrx_word' id='word_1_419' title='bbox 1580 4827 1795 4890; x_wconf 87' lang='lat' dir='ltr'><strong>invidia,</strong></span> <span class='ocrx_word' id='word_1_420' title='bbox 1826 4844 1943 4897; x_wconf 75' lang='lat' dir='ltr'><strong>qua:</strong></span> <span class='ocrx_word' id='word_1_421' title='bbox 1982 4832 2206 4884; x_wconf 87' lang='lat' dir='ltr'><strong>suboriri</strong></span> 
     </span>
    </p>
   </div>
   <div class='ocr_carea' id='block_1_52' title="bbox 643 4908 2204 4991">
    <p class='ocr_par' dir='ltr' id='par_1_52' title="bbox 643 4908 2204 4991">
     <span class='ocr_line' id='line_1_52' title="bbox 643 4908 2204 4991; baseline 0.008 -29"><span class='ocrx_word' id='word_1_422' title='bbox 643 4917 870 4991; x_wconf 87' lang='lat' dir='ltr'><strong>poterat.</strong></span> <span class='ocrx_word' id='word_1_423' title='bbox 899 4908 1028 4962; x_wconf 86' lang='lat' dir='ltr'><strong>Nam</strong></span> <span class='ocrx_word' id='word_1_424' title='bbox 1059 4910 1173 4965; x_wconf 75' lang='lat' dir='ltr'><strong>luce</strong></span> <span class='ocrx_word' id='word_1_425' title='bbox 1209 4928 1395 4982; x_wconf 89' lang='lat' dir='ltr'><strong>magna</strong></span> <span class='ocrx_word' id='word_1_426' title='bbox 1436 4930 1578 4984; x_wconf 70' lang='lat' dir='ltr'><strong>saepe</strong></span> <span class='ocrx_word' id='word_1_427' title='bbox 1614 4918 1788 4971; x_wconf 90' lang='lat' dir='ltr'><strong>solent</strong></span> <span class='ocrx_word' id='word_1_428' title='bbox 1827 4934 2013 4985; x_wconf 88' lang='lat' dir='ltr'><strong>parcre</strong></span> <span class='ocrx_word' id='word_1_429' title='bbox 2050 4923 2204 4974; x_wconf 87' lang='lat' dir='ltr'><strong>mala.</strong></span> 
     </span>
    </p>
   </div>
   <div class='ocr_carea' id='block_1_53' title="bbox 641 4998 2211 5074">
    <p class='ocr_par' dir='ltr' id='par_1_53' title="bbox 641 4998 2211 5074">
     <span class='ocr_line' id='line_1_53' title="bbox 641 4998 2211 5074; baseline 0.009 -23"><span class='ocrx_word' id='word_1_430' title='bbox 641 4998 792 5063; x_wconf 84' lang='lat' dir='ltr'><strong>Quod</strong></span> <span class='ocrx_word' id='word_1_431' title='bbox 820 4998 980 5067; x_wconf 83' lang='lat' dir='ltr'><strong>igitur</strong></span> <span class='ocrx_word' id='word_1_432' title='bbox 1008 5002 1084 5053; x_wconf 92' lang='lat' dir='ltr'><strong>sic</strong></span> <span class='ocrx_word' id='word_1_433' title='bbox 1111 5001 1223 5054; x_wconf 79' lang='lat' dir='ltr'><strong>ﬁeri</strong></span> <span class='ocrx_word' id='word_1_434' title='bbox 1253 5012 1515 5069; x_wconf 86' lang='lat' dir='ltr'><strong>oporteat,</strong></span> <span class='ocrx_word' id='word_1_435' title='bbox 1562 5006 1874 5074; x_wconf 85' lang='lat' dir='ltr'><strong>prophetam</strong></span> <span class='ocrx_word' id='word_1_436' title='bbox 1898 5009 2108 5064; x_wconf 88' lang='lat' dir='ltr'><strong>adducit</strong></span> <span class='ocrx_word' id='word_1_437' title='bbox 2135 5020 2211 5065; x_wconf 86' lang='lat' dir='ltr'><strong>te-</strong></span> 
     </span>
    </p>
   </div>
   <div class='ocr_carea' id='block_1_54' title="bbox 642 5088 2208 5164">
    <p class='ocr_par' dir='ltr' id='par_1_54' title="bbox 642 5088 2208 5164">
     <span class='ocr_line' id='line_1_54' title="bbox 642 5088 2208 5164; baseline 0.009 -25"><span class='ocrx_word' id='word_1_438' title='bbox 642 5097 811 5142; x_wconf 85' lang='lat' dir='ltr'><strong>stem:</strong></span> <span class='ocrx_word' id='word_1_439' title='bbox 840 5102 905 5140; x_wconf 82' lang='lat' dir='ltr'><strong>ex</strong></span> <span class='ocrx_word' id='word_1_440' title='bbox 936 5088 1126 5157; x_wconf 89' lang='lat' dir='ltr'><strong>quibus</strong></span> <span class='ocrx_word' id='word_1_441' title='bbox 1149 5105 1274 5145; x_wconf 89' lang='lat' dir='ltr'><strong>vero</strong></span> <span class='ocrx_word' id='word_1_442' title='bbox 1293 5093 1603 5147; x_wconf 88' lang='lat' dir='ltr'><strong>electionem</strong></span> <span class='ocrx_word' id='word_1_443' title='bbox 1618 5095 1731 5149; x_wconf 86' lang='lat' dir='ltr'><strong>ﬁeri</strong></span> <span class='ocrx_word' id='word_1_444' title='bbox 1755 5106 2016 5164; x_wconf 86' lang='lat' dir='ltr'><strong>oporteat,</strong></span> <span class='ocrx_word' id='word_1_445' title='bbox 2044 5099 2208 5153; x_wconf 89' lang='lat' dir='ltr'><strong>inter-</strong></span> 
     </span>
    </p>
   </div>
   <div class='ocr_carea' id='block_1_55' title="bbox 645 5180 2210 5259">
    <p class='ocr_par' dir='ltr' id='par_1_55' title="bbox 645 5180 2210 5259">
     <span class='ocr_line' id='line_1_55' title="bbox 645 5180 2210 5259; baseline 0.008 -29"><span class='ocrx_word' id='word_1_446' title='bbox 645 5187 879 5246; x_wconf 86' lang='lat' dir='ltr'><strong>pretatur</strong></span> <span class='ocrx_word' id='word_1_447' title='bbox 908 5181 1016 5247; x_wconf 83' lang='lat' dir='ltr'><strong>ipse</strong></span> <span class='ocrx_word' id='word_1_448' title='bbox 1051 5180 1251 5245; x_wconf 89' lang='lat' dir='ltr'><strong>dicens,</strong></span> <span class='ocrx_word' id='word_1_449' title='bbox 1285 5183 1363 5235; x_wconf 79' lang='lat' dir='ltr'><strong>Ea:</strong></span> <span class='ocrx_word' id='word_1_450' title='bbox 1388 5186 1470 5251; x_wconf 88' lang='lat' dir='ltr'><strong>iis,</strong></span> <span class='ocrx_word' id='word_1_451' title='bbox 1511 5187 1596 5252; x_wconf 88' lang='lat' dir='ltr'><strong>qui</strong></span> <span class='ocrx_word' id='word_1_452' title='bbox 1635 5189 1886 5240; x_wconf 82' lang='lat' dir='ltr'><strong>nobiscum</strong></span> <span class='ocrx_word' id='word_1_453' title='bbox 1927 5193 2210 5259; x_wconf 85' lang='lat' dir='ltr'><strong>congregati</strong></span> 
     </span>
    </p>
   </div>
   <div class='ocr_carea' id='block_1_56' title="bbox 649 5269 2211 5350">
    <p class='ocr_par' dir='ltr' id='par_1_56' title="bbox 649 5269 2211 5350">
     <span class='ocr_line' id='line_1_56' title="bbox 649 5269 2211 5350; baseline 0.01 -30"><span class='ocrx_word' id='word_1_454' title='bbox 649 5278 785 5331; x_wconf 79' lang='lat' dir='ltr'><strong>sunt,</strong></span> <span class='ocrx_word' id='word_1_455' title='bbox 811 5269 861 5319; x_wconf 86' lang='lat' dir='ltr'><strong>in</strong></span> <span class='ocrx_word' id='word_1_456' title='bbox 888 5272 1023 5322; x_wconf 88' lang='lat' dir='ltr'><strong>onmi</strong></span> <span class='ocrx_word' id='word_1_457' title='bbox 1049 5281 1285 5339; x_wconf 89' lang='lat' dir='ltr'><strong>tempore.</strong></span> <span class='ocrx_word' id='word_1_458' title='bbox 1310 5275 1363 5327; x_wconf 88' lang='lat' dir='ltr'><strong>Si</strong></span> <span class='ocrx_word' id='word_1_459' title='bbox 1394 5277 1533 5329; x_wconf 88' lang='lat' dir='ltr'><strong>enim</strong></span> <span class='ocrx_word' id='word_1_460' title='bbox 1555 5277 1807 5344; x_wconf 78' lang='lat' dir='ltr'><strong>dixisset,</strong></span> <span class='ocrx_word' id='word_1_461' title='bbox 1834 5280 2027 5349; x_wconf 81' lang='lat' dir='ltr'><strong>Dignos</strong></span> <span class='ocrx_word' id='word_1_462' title='bbox 2054 5297 2211 5350; x_wconf 89' lang='lat' dir='ltr'><strong>opor-</strong></span> 
     </span>
    </p>
   </div>
   <div class='ocr_carea' id='block_1_57' title="bbox 650 5356 2208 5425">
    <p class='ocr_par' dir='ltr' id='par_1_57' title="bbox 650 5356 2208 5425">
     <span class='ocr_line' id='line_1_57' title="bbox 650 5356 2208 5425; baseline 0.01 -17"><span class='ocrx_word' id='word_1_463' title='bbox 650 5366 725 5409; x_wconf 73' lang='lat' dir='ltr'><strong>tet</strong></span> <span class='ocrx_word' id='word_1_464' title='bbox 744 5356 949 5417; x_wconf 84' lang='lat' dir='ltr'><strong>adesse,</strong></span> <span class='ocrx_word' id='word_1_465' title='bbox 972 5372 1193 5413; x_wconf 73' lang='lat' dir='ltr'><strong>ca-teros</strong></span> <span class='ocrx_word' id='word_1_466' title='bbox 1213 5362 1473 5418; x_wconf 83' lang='lat' dir='ltr'><strong>atlecissct</strong></span> <span class='ocrx_word' id='word_1_467' title='bbox 1497 5371 1836 5422; x_wconf 89' lang='lat' dir='ltr'><strong>contumelia.</strong></span> <span class='ocrx_word' id='word_1_468' title='bbox 1863 5370 2011 5425; x_wconf 87' lang='lat' dir='ltr'><strong>Nunc</strong></span> <span class='ocrx_word' id='word_1_469' title='bbox 2036 5382 2208 5425; x_wconf 86' lang='lat' dir='ltr'><strong>autem</strong></span> 
     </span>
    </p>
   </div>
   <div class='ocr_carea' id='block_1_58' title="bbox 648 5447 2212 5527">
    <p class='ocr_par' dir='ltr' id='par_1_58' title="bbox 648 5447 2212 5527">
     <span class='ocr_line' id='line_1_58' title="bbox 648 5447 2212 5527; baseline 0.008 -29"><span class='ocrx_word' id='word_1_470' title='bbox 648 5447 871 5513; x_wconf 86' lang='lat' dir='ltr'><strong>tempori</strong></span> <span class='ocrx_word' id='word_1_471' title='bbox 915 5463 1023 5500; x_wconf 92' lang='lat' dir='ltr'><strong>rem</strong></span> <span class='ocrx_word' id='word_1_472' title='bbox 1067 5452 1369 5517; x_wconf 73' lang='lat' dir='ltr'><strong>conmisit;</strong></span> <span class='ocrx_word' id='word_1_473' title='bbox 1418 5470 1513 5507; x_wconf 86' lang='lat' dir='ltr'><strong>nec</strong></span> <span class='ocrx_word' id='word_1_474' title='bbox 1553 5457 1683 5509; x_wconf 79' lang='lat' dir='ltr'><strong>dixit</strong></span> <span class='ocrx_word' id='word_1_475' title='bbox 1723 5460 2051 5527; x_wconf 87' lang='lat' dir='ltr'><strong>simpliciter,</strong></span> <span class='ocrx_word' id='word_1_476' title='bbox 2113 5459 2212 5523; x_wconf 85' lang='lat' dir='ltr'><strong>Qui</strong></span> 
     </span>
    </p>
   </div>
   <div class='ocr_carea' id='block_1_59' title="bbox 708 5556 2208 5626">
    <p class='ocr_par' dir='ltr' id='par_1_59' title="bbox 708 5556 2208 5626">
     <span class='ocr_line' id='line_1_59' title="bbox 708 5556 2208 5626; baseline 0.009 -22"><span class='ocrx_word' id='word_1_477' title='bbox 708 5556 781 5617; x_wconf 80' lang='grc' dir='ltr'><strong>(α)</strong></span> <span class='ocrx_word' id='word_1_478' title='bbox 820 5556 872 5604; x_wconf 85' lang='lat' dir='ltr'><strong>id</strong></span> <span class='ocrx_word' id='word_1_479' title='bbox 894 5565 983 5626; x_wconf 63' lang='lat' dir='ltr'><strong>est</strong></span> <span class='ocrx_word' id='word_1_480' title='bbox 1006 5561 1077 5615; x_wconf 69' lang='grc' dir='ltr'><strong>,εἰ</strong></span> <span class='ocrx_word' id='word_1_481' title='bbox 1098 5563 1324 5626; x_wconf 73' lang='lat' dir='ltr'><strong>apostolis</strong></span> <span class='ocrx_word' id='word_1_482' title='bbox 1348 5565 1514 5613; x_wconf 79' lang='lat' dir='ltr'><strong>accidit</strong></span> <span class='ocrx_word' id='word_1_483' title='bbox 1534 5572 1585 5613; x_wconf 86' lang='lat' dir='ltr'><strong>ut</strong></span> <span class='ocrx_word' id='word_1_484' title='bbox 1606 5565 1669 5613; x_wconf 86' lang='lat' dir='ltr'><strong>de</strong></span> <span class='ocrx_word' id='word_1_485' title='bbox 1694 5569 1898 5626; x_wconf 76' lang='lat' dir='ltr'><strong>primatu</strong></span> <span class='ocrx_word' id='word_1_486' title='bbox 1938 5569 2208 5617; x_wconf 85' lang='lat' dir='ltr'><strong>contende-</strong></span> 
     </span>
    </p>
   </div>
   <div class='ocr_carea' id='block_1_60' title="bbox 649 5618 2205 5689">
    <p class='ocr_par' dir='ltr' id='par_1_60' title="bbox 649 5618 2205 5689">
     <span class='ocr_line' id='line_1_60' title="bbox 649 5618 2205 5689; baseline 0.008 -24"><span class='ocrx_word' id='word_1_487' title='bbox 649 5626 790 5689; x_wconf 72' lang='lat' dir='ltr'><strong>rent:</strong></span> <span class='ocrx_word' id='word_1_488' title='bbox 811 5618 1141 5689; x_wconf 68' lang='lat' dir='ltr'><strong>multomagis</strong></span> <span class='ocrx_word' id='word_1_489' title='bbox 1156 5623 1372 5671; x_wconf 84' lang='lat' dir='ltr'><strong>accidere</strong></span> <span class='ocrx_word' id='word_1_490' title='bbox 1397 5634 1615 5689; x_wconf 81' lang='lat' dir='ltr'><strong>p0&#39;erat.</strong></span> <span class='ocrx_word' id='word_1_491' title='bbox 1642 5618 1796 5688; x_wconf 63' lang='lat' dir='ltr'><strong>ut&#39;qui</strong></span> <span class='ocrx_word' id='word_1_492' title='bbox 1823 5628 2038 5688; x_wconf 78' lang='lat' dir='ltr'><strong>eligendi</strong></span> <span class='ocrx_word' id='word_1_493' title='bbox 2064 5638 2205 5679; x_wconf 87' lang='lat' dir='ltr'><strong>erant</strong></span> 
     </span>
    </p>
   </div>
   <div class='ocr_carea' id='block_1_61' title="bbox 646 5678 1655 5740">
    <p class='ocr_par' dir='ltr' id='par_1_61' title="bbox 646 5678 1655 5740">
     <span class='ocr_line' id='line_1_61' title="bbox 646 5678 1655 5740; baseline 0.008 -16"><span class='ocrx_word' id='word_1_494' title='bbox 646 5681 691 5725; x_wconf 84' lang='lat' dir='ltr'><strong>tu</strong></span> <span class='ocrx_word' id='word_1_495' title='bbox 715 5678 871 5726; x_wconf 85' lang='lat' dir='ltr'><strong>locum</strong></span> <span class='ocrx_word' id='word_1_496' title='bbox 891 5680 1046 5740; x_wconf 69' lang='lat' dir='ltr'><strong>Judaa,</strong></span> <span class='ocrx_word' id='word_1_497' title='bbox 1064 5678 1192 5731; x_wconf 83' lang='lat' dir='ltr'><strong>inter</strong></span> <span class='ocrx_word' id='word_1_498' title='bbox 1210 5695 1264 5731; x_wconf 89' lang='lat' dir='ltr'><strong>se</strong></span> <span class='ocrx_word' id='word_1_499' title='bbox 1286 5678 1655 5734; x_wconf 72' lang='lat' dir='ltr'><strong>contenderent.</strong></span> 
     </span>
    </p>
   </div>
   <div class='ocr_carea' id='block_1_62' title="bbox 2322 435 3900 507">
    <p class='ocr_par' dir='ltr' id='par_1_62' title="bbox 2322 435 3900 507">
     <span class='ocr_line' id='line_1_62' title="bbox 2322 435 3900 507; baseline 0 -17"><span class='ocrx_word' id='word_1_500' title='bbox 2322 440 2607 507; x_wconf 82' lang='lat' dir='ltr'><strong>congregati</strong></span> <span class='ocrx_word' id='word_1_501' title='bbox 2632 447 2766 502; x_wconf 87' lang='lat' dir='ltr'><strong>sunt,</strong></span> <span class='ocrx_word' id='word_1_502' title='bbox 2794 437 2887 492; x_wconf 84' lang='lat' dir='ltr'><strong>sed</strong></span> <span class='ocrx_word' id='word_1_503' title='bbox 2918 437 3145 501; x_wconf 87' lang='lat' dir='ltr'><strong>addidit,</strong></span> <span class='ocrx_word' id='word_1_504' title='bbox 3177 435 3241 489; x_wconf 88' lang='lat' dir='ltr'><strong>In</strong></span> <span class='ocrx_word' id='word_1_505' title='bbox 3271 437 3407 489; x_wconf 88' lang='lat' dir='ltr'><strong>ontni</strong></span> <span class='ocrx_word' id='word_1_506' title='bbox 3431 445 3669 506; x_wconf 85' lang='lat' dir='ltr'><strong>tempore,</strong></span> <span class='ocrx_word' id='word_1_507' title='bbox 3690 453 3797 506; x_wconf 79' lang='lat' dir='ltr'><strong>quo</strong></span> <span class='ocrx_word' id='word_1_508' title='bbox 3822 439 3900 490; x_wconf 84' lang='lat' dir='ltr'><strong>in-</strong></span> 
     </span>
    </p>
   </div>
   <div class='ocr_carea' id='block_1_63' title="bbox 2317 526 3903 594">
    <p class='ocr_par' dir='ltr' id='par_1_63' title="bbox 2317 526 3903 594">
     <span class='ocr_line' id='line_1_63' title="bbox 2317 526 3903 594; baseline 0 -16"><span class='ocrx_word' id='word_1_509' title='bbox 2317 530 2464 579; x_wconf 76' lang='lat' dir='ltr'><strong>travit</strong></span> <span class='ocrx_word' id='word_1_510' title='bbox 2492 537 2537 579; x_wconf 88' lang='lat' dir='ltr'><strong>et</strong></span> <span class='ocrx_word' id='word_1_511' title='bbox 2563 528 2713 580; x_wconf 72' lang='lat' dir='ltr'><strong>exivit</strong></span> <span class='ocrx_word' id='word_1_512' title='bbox 2740 530 2872 580; x_wconf 90' lang='lat' dir='ltr'><strong>inter</strong></span> <span class='ocrx_word' id='word_1_513' title='bbox 2896 544 2984 579; x_wconf 89' lang='lat' dir='ltr'><strong>nos</strong></span> <span class='ocrx_word' id='word_1_514' title='bbox 3012 526 3260 580; x_wconf 83' lang='lat' dir='ltr'><strong>Dominus</strong></span> <span class='ocrx_word' id='word_1_515' title='bbox 3283 526 3453 592; x_wconf 87' lang='lat' dir='ltr'><strong>Jesus,</strong></span> <span class='ocrx_word' id='word_1_516' title='bbox 3479 526 3569 579; x_wconf 78' lang='lat'><strong>22.</strong></span> <span class='ocrx_word' id='word_1_517' title='bbox 3601 527 3844 594; x_wconf 76' lang='lat' dir='ltr'><strong>incipiens</strong></span> <span class='ocrx_word' id='word_1_518' title='bbox 3870 544 3903 578; x_wconf 90' lang='lat' dir='ltr'><strong>a</strong></span> 
     </span>
    </p>
   </div>
   <div class='ocr_carea' id='block_1_64' title="bbox 2317 616 3903 685">
    <p class='ocr_par' dir='ltr' id='par_1_64' title="bbox 2317 616 3903 685">
     <span class='ocr_line' id='line_1_64' title="bbox 2317 616 3903 685; baseline 0.001 -19"><span class='ocrx_word' id='word_1_519' title='bbox 2317 616 2610 681; x_wconf 86' lang='lat' dir='ltr'><strong>baptismate</strong></span> <span class='ocrx_word' id='word_1_520' title='bbox 2633 617 2865 681; x_wconf 87' lang='lat' dir='ltr'><strong>Joannis,</strong></span> <span class='ocrx_word' id='word_1_521' title='bbox 2896 634 3047 685; x_wconf 87' lang='lat' dir='ltr'><strong>usque</strong></span> <span class='ocrx_word' id='word_1_522' title='bbox 3080 618 3132 669; x_wconf 89' lang='lat' dir='ltr'><strong>in</strong></span> <span class='ocrx_word' id='word_1_523' title='bbox 3158 617 3288 669; x_wconf 85' lang='lat' dir='ltr'><strong>diem</strong></span> <span class='ocrx_word' id='word_1_524' title='bbox 3315 633 3413 683; x_wconf 86' lang='lat' dir='ltr'><strong>qua</strong></span> <span class='ocrx_word' id='word_1_525' title='bbox 3438 626 3726 684; x_wconf 86' lang='lat' dir='ltr'><strong>assumptus</strong></span> <span class='ocrx_word' id='word_1_526' title='bbox 3753 626 3828 669; x_wconf 83' lang='lat' dir='ltr'><strong>est</strong></span> <span class='ocrx_word' id='word_1_527' title='bbox 3869 634 3903 667; x_wconf 91' lang='lat' dir='ltr'><strong>a</strong></span> 
     </span>
    </p>
   </div>
   <div class='ocr_carea' id='block_1_65' title="bbox 2318 706 3903 775">
    <p class='ocr_par' dir='ltr' id='par_1_65' title="bbox 2318 706 3903 775">
     <span class='ocr_line' id='line_1_65' title="bbox 2318 706 3903 775; baseline 0.001 -17"><span class='ocrx_word' id='word_1_528' title='bbox 2318 708 2477 766; x_wconf 87' lang='lat' dir='ltr'><strong>nobis,</strong></span> <span class='ocrx_word' id='word_1_529' title='bbox 2507 717 2677 759; x_wconf 88' lang='lat' dir='ltr'><strong>testem</strong></span> <span class='ocrx_word' id='word_1_530' title='bbox 2707 709 3081 760; x_wconf 87' lang='lat' dir='ltr'><strong>resurrectionis</strong></span> <span class='ocrx_word' id='word_1_531' title='bbox 3109 709 3217 775; x_wconf 83' lang='lat' dir='ltr'><strong>ejus</strong></span> <span class='ocrx_word' id='word_1_532' title='bbox 3243 708 3499 759; x_wconf 79' lang='lat' dir='ltr'><strong>nobiscum</strong></span> <span class='ocrx_word' id='word_1_533' title='bbox 3524 706 3635 773; x_wconf 78' lang='lat' dir='ltr'><strong>ﬁeri</strong></span> <span class='ocrx_word' id='word_1_534' title='bbox 3660 722 3819 757; x_wconf 85' lang='lat' dir='ltr'><strong>unum</strong></span> <span class='ocrx_word' id='word_1_535' title='bbox 3838 723 3903 759; x_wconf 74' lang='lat' dir='ltr'><strong>ea:</strong></span> 
     </span>
    </p>
   </div>
   <div class='ocr_carea' id='block_1_66' title="bbox 2318 796 3896 866">
    <p class='ocr_par' dir='ltr' id='par_1_66' title="bbox 2318 796 3896 866">
     <span class='ocr_line' id='line_1_66' title="bbox 2318 796 3896 866; baseline 0.001 -20"><span class='ocrx_word' id='word_1_536' title='bbox 2318 796 2447 851; x_wconf 80' lang='lat' dir='ltr'><strong>istis.</strong></span> <span class='ocrx_word' id='word_1_537' title='bbox 2478 798 2556 850; x_wconf 80' lang='lat' dir='ltr'><strong>Ad</strong></span> <span class='ocrx_word' id='word_1_538' title='bbox 2582 797 2709 866; x_wconf 90' lang='lat' dir='ltr'><strong>quid</strong></span> <span class='ocrx_word' id='word_1_539' title='bbox 2734 798 2859 850; x_wconf 91' lang='lat' dir='ltr'><strong>illud</strong></span> <span class='ocrx_word' id='word_1_540' title='bbox 2881 800 2904 849; x_wconf 67' lang='grc' dir='ltr'><strong>’ἔ</strong></span> <span class='ocrx_word' id='word_1_541' title='bbox 2932 797 3009 850; x_wconf 86' lang='lat' dir='ltr'><strong>Ne</strong></span> <span class='ocrx_word' id='word_1_542' title='bbox 3032 798 3229 850; x_wconf 89' lang='lat' dir='ltr'><strong>chorus</strong></span> <span class='ocrx_word' id='word_1_543' title='bbox 3253 811 3477 850; x_wconf 90' lang='lat' dir='ltr'><strong>numero</strong></span> <span class='ocrx_word' id='word_1_544' title='bbox 3505 804 3778 850; x_wconf 89' lang='lat' dir='ltr'><strong>truncatus</strong></span> <span class='ocrx_word' id='word_1_545' title='bbox 3808 810 3896 849; x_wconf 88' lang='lat' dir='ltr'><strong>es-</strong></span> 
     </span>
    </p>
   </div>
   <div class='ocr_carea' id='block_1_67' title="bbox 2320 884 3902 957">
    <p class='ocr_par' dir='ltr' id='par_1_67' title="bbox 2320 884 3902 957">
     <span class='ocr_line' id='line_1_67' title="bbox 2320 884 3902 957; baseline -0.002 -17"><span class='ocrx_word' id='word_1_546' title='bbox 2320 896 2420 940; x_wconf 86' lang='lat' dir='ltr'><strong>set.</strong></span> <span class='ocrx_word' id='word_1_547' title='bbox 2447 888 2582 954; x_wconf 85' lang='lat' dir='ltr'><strong>Quid</strong></span> <span class='ocrx_word' id='word_1_548' title='bbox 2605 888 2771 957; x_wconf 84' lang='lat' dir='ltr'><strong>ergo?</strong></span> <span class='ocrx_word' id='word_1_549' title='bbox 2791 902 2856 939; x_wconf 89' lang='lat' dir='ltr'><strong>an</strong></span> <span class='ocrx_word' id='word_1_550' title='bbox 2882 888 3095 940; x_wconf 85' lang='lat' dir='ltr'><strong>Petrum</strong></span> <span class='ocrx_word' id='word_1_551' title='bbox 3127 887 3299 953; x_wconf 86' lang='lat' dir='ltr'><strong>ipsum</strong></span> <span class='ocrx_word' id='word_1_552' title='bbox 3319 886 3515 955; x_wconf 86' lang='lat' dir='ltr'><strong>eligere</strong></span> <span class='ocrx_word' id='word_1_553' title='bbox 3540 900 3645 939; x_wconf 93' lang='lat' dir='ltr'><strong>non</strong></span> <span class='ocrx_word' id='word_1_554' title='bbox 3667 884 3902 940; x_wconf 68' lang='lat' dir='ltr'><strong>licebat?</strong></span> 
     </span>
    </p>
   </div>
   <div class='ocr_carea' id='block_1_68' title="bbox 2322 974 3899 1046">
    <p class='ocr_par' dir='ltr' id='par_1_68' title="bbox 2322 974 3899 1046">
     <span class='ocr_line' id='line_1_68' title="bbox 2322 974 3899 1046; baseline -0.001 -17"><span class='ocrx_word' id='word_1_555' title='bbox 2322 976 2540 1030; x_wconf 87' lang='lat' dir='ltr'><strong>Licebat</strong></span> <span class='ocrx_word' id='word_1_556' title='bbox 2566 978 2783 1046; x_wconf 87' lang='lat' dir='ltr'><strong>utique;</strong></span> <span class='ocrx_word' id='word_1_557' title='bbox 2813 976 2908 1031; x_wconf 90' lang='lat' dir='ltr'><strong>sed</strong></span> <span class='ocrx_word' id='word_1_558' title='bbox 2938 991 3005 1030; x_wconf 91' lang='lat' dir='ltr'><strong>ne</strong></span> <span class='ocrx_word' id='word_1_559' title='bbox 3031 976 3299 1029; x_wconf 82' lang='lat' dir='ltr'><strong>videretur</strong></span> <span class='ocrx_word' id='word_1_560' title='bbox 3338 975 3400 1027; x_wconf 88' lang='lat' dir='ltr'><strong>ad</strong></span> <span class='ocrx_word' id='word_1_561' title='bbox 3429 974 3651 1043; x_wconf 86' lang='lat' dir='ltr'><strong>gratiam</strong></span> <span class='ocrx_word' id='word_1_562' title='bbox 3682 974 3859 1028; x_wconf 81' lang='lat' dir='ltr'><strong>facere</strong></span> <span class='ocrx_word' id='word_1_563' title='bbox 3881 1014 3899 1039; x_wconf 86' lang='lat'><strong>,</strong></span> 
     </span>
    </p>
   </div>
   <div class='ocr_carea' id='block_1_69' title="bbox 2321 1064 3903 1135">
    <p class='ocr_par' dir='ltr' id='par_1_69' title="bbox 2321 1064 3903 1135">
     <span class='ocr_line' id='line_1_69' title="bbox 2321 1064 3903 1135; baseline -0.001 -17"><span class='ocrx_word' id='word_1_564' title='bbox 2321 1067 2569 1119; x_wconf 87' lang='lat' dir='ltr'><strong>abstinet.</strong></span> <span class='ocrx_word' id='word_1_565' title='bbox 2614 1066 2860 1135; x_wconf 85' lang='lat' dir='ltr'><strong>Alioquin</strong></span> <span class='ocrx_word' id='word_1_566' title='bbox 2906 1081 3033 1119; x_wconf 86' lang='lat' dir='ltr'><strong>vero</strong></span> <span class='ocrx_word' id='word_1_567' title='bbox 3077 1064 3312 1118; x_wconf 89' lang='lat' dir='ltr'><strong>nondum</strong></span> <span class='ocrx_word' id='word_1_568' title='bbox 3360 1064 3585 1133; x_wconf 86' lang='lat' dir='ltr'><strong>Spiritus</strong></span> <span class='ocrx_word' id='word_1_569' title='bbox 3634 1066 3903 1134; x_wconf 78' lang='lat' dir='ltr'><strong>particeps</strong></span> 
     </span>
    </p>
   </div>
   <div class='ocr_carea' id='block_1_70' title="bbox 2321 1153 3902 1223">
    <p class='ocr_par' dir='ltr' id='par_1_70' title="bbox 2321 1153 3902 1223">
     <span class='ocr_line' id='line_1_70' title="bbox 2321 1153 3902 1223; baseline -0.003 -14"><span class='ocrx_word' id='word_1_570' title='bbox 2321 1165 2457 1209; x_wconf 90' lang='lat' dir='ltr'><strong>erat.</strong></span> <span class='ocrx_word' id='word_1_571' title='bbox 2488 1156 2577 1210; x_wconf 78' lang='lat'><strong>25.</strong></span> <span class='ocrx_word' id='word_1_572' title='bbox 2606 1154 2674 1207; x_wconf 85' lang='lat' dir='ltr'><strong>Et</strong></span> <span class='ocrx_word' id='word_1_573' title='bbox 2700 1165 3007 1219; x_wconf 83' lang='lat' dir='ltr'><strong>statuerunt,</strong></span> <span class='ocrx_word' id='word_1_574' title='bbox 3040 1154 3241 1223; x_wconf 91' lang='lat' dir='ltr'><strong>inquit,</strong></span> <span class='ocrx_word' id='word_1_575' title='bbox 3274 1153 3421 1218; x_wconf 86' lang='lat' dir='ltr'><strong>duos,</strong></span> <span class='ocrx_word' id='word_1_576' title='bbox 3452 1153 3666 1221; x_wconf 83' lang='lat' dir='ltr'><strong>Joseplt,</strong></span> <span class='ocrx_word' id='word_1_577' title='bbox 3708 1154 3796 1221; x_wconf 84' lang='lat' dir='ltr'><strong>qui</strong></span> <span class='ocrx_word' id='word_1_578' title='bbox 3823 1168 3902 1205; x_wconf 72' lang='lat' dir='ltr'><strong>vo~</strong></span> 
     </span>
    </p>
   </div>
   <div class='ocr_carea' id='block_1_71' title="bbox 2320 1244 3903 1315">
    <p class='ocr_par' dir='ltr' id='par_1_71' title="bbox 2320 1244 3903 1315">
     <span class='ocr_line' id='line_1_71' title="bbox 2320 1244 3903 1315; baseline -0.002 -15"><span class='ocrx_word' id='word_1_579' title='bbox 2320 1248 2524 1300; x_wconf 82' lang='lat' dir='ltr'><strong>cabatur</strong></span> <span class='ocrx_word' id='word_1_580' title='bbox 2547 1248 2814 1311; x_wconf 85' lang='lat' dir='ltr'><strong>Barsabas,</strong></span> <span class='ocrx_word' id='word_1_581' title='bbox 2846 1250 2929 1314; x_wconf 88' lang='lat' dir='ltr'><strong>qui</strong></span> <span class='ocrx_word' id='word_1_582' title='bbox 2958 1247 3339 1315; x_wconf 86' lang='lat' dir='ltr'><strong>cognominatus</strong></span> <span class='ocrx_word' id='word_1_583' title='bbox 3364 1256 3436 1298; x_wconf 87' lang='lat' dir='ltr'><strong>est</strong></span> <span class='ocrx_word' id='word_1_584' title='bbox 3462 1244 3661 1307; x_wconf 84' lang='lat' dir='ltr'><strong>Justus,</strong></span> <span class='ocrx_word' id='word_1_585' title='bbox 3684 1255 3731 1297; x_wconf 71' lang='lat' dir='ltr'><strong>et</strong></span> <span class='ocrx_word' id='word_1_586' title='bbox 3769 1244 3903 1298; x_wconf 73' lang='lat' dir='ltr'><strong>Mut-</strong></span> 
     </span>
    </p>
   </div>
   <div class='ocr_carea' id='block_1_72' title="bbox 2322 1333 3897 1405">
    <p class='ocr_par' dir='ltr' id='par_1_72' title="bbox 2322 1333 3897 1405">
     <span class='ocr_line' id='line_1_72' title="bbox 2322 1333 3897 1405; baseline -0.002 -15"><span class='ocrx_word' id='word_1_587' title='bbox 2322 1339 2496 1390; x_wconf 79' lang='lat' dir='ltr'><strong>tltiant.</strong></span> <span class='ocrx_word' id='word_1_588' title='bbox 2524 1337 2637 1390; x_wconf 84' lang='lat' dir='ltr'><strong>Non</strong></span> <span class='ocrx_word' id='word_1_589' title='bbox 2680 1338 2791 1405; x_wconf 86' lang='lat' dir='ltr'><strong>ipse</strong></span> <span class='ocrx_word' id='word_1_590' title='bbox 2831 1338 2951 1389; x_wconf 85' lang='lat' dir='ltr'><strong>illos</strong></span> <span class='ocrx_word' id='word_1_591' title='bbox 2979 1336 3162 1388; x_wconf 86' lang='lat' dir='ltr'><strong>statuit</strong></span> <span class='ocrx_word' id='word_1_592' title='bbox 3188 1375 3201 1399; x_wconf 93' lang='lat'><strong>,</strong></span> <span class='ocrx_word' id='word_1_593' title='bbox 3246 1335 3339 1388; x_wconf 84' lang='lat' dir='ltr'><strong>sed</strong></span> <span class='ocrx_word' id='word_1_594' title='bbox 3370 1348 3573 1387; x_wconf 89' lang='lat' dir='ltr'><strong>omnes.</strong></span> <span class='ocrx_word' id='word_1_595' title='bbox 3606 1333 3897 1387; x_wconf 78' lang='lat' dir='ltr'><strong>Consilium</strong></span> 
     </span>
    </p>
   </div>
   <div class='ocr_carea' id='block_1_73' title="bbox 2321 1422 3938 1497">
    <p class='ocr_par' dir='ltr' id='par_1_73' title="bbox 2321 1422 3938 1497">
     <span class='ocr_line' id='line_1_73' title="bbox 2321 1422 3938 1497; baseline -0.003 -16"><span class='ocrx_word' id='word_1_596' title='bbox 2321 1444 2447 1483; x_wconf 80' lang='lat' dir='ltr'><strong>vero</strong></span> <span class='ocrx_word' id='word_1_597' title='bbox 2473 1430 2584 1496; x_wconf 88' lang='lat' dir='ltr'><strong>ipse</strong></span> <span class='ocrx_word' id='word_1_598' title='bbox 2610 1429 2847 1497; x_wconf 88' lang='lat' dir='ltr'><strong>protulit,</strong></span> <span class='ocrx_word' id='word_1_599' title='bbox 2876 1426 3165 1480; x_wconf 83' lang='lat' dir='ltr'><strong>ostendens</strong></span> <span class='ocrx_word' id='word_1_600' title='bbox 3194 1440 3300 1478; x_wconf 93' lang='lat' dir='ltr'><strong>non</strong></span> <span class='ocrx_word' id='word_1_601' title='bbox 3324 1440 3478 1478; x_wconf 90' lang='lat' dir='ltr'><strong>suum</strong></span> <span class='ocrx_word' id='word_1_602' title='bbox 3503 1438 3643 1488; x_wconf 88' lang='lat' dir='ltr'><strong>esse,</strong></span> <span class='ocrx_word' id='word_1_603' title='bbox 3668 1422 3762 1477; x_wconf 82' lang='lat' dir='ltr'><strong>sed</strong></span> <span class='ocrx_word' id='word_1_604' title='bbox 3784 1424 3898 1491; x_wconf 75' lang='lat' dir='ltr'><strong>jam</strong></span> <span class='ocrx_word' id='word_1_605' title='bbox 3934 1486 3938 1491; x_wconf 18' lang='grc' dir='ltr'><strong><em>Α</em></strong></span> 
     </span>
    </p>
   </div>
   <div class='ocr_carea' id='block_1_74' title="bbox 2320 1516 3898 1587">
    <p class='ocr_par' dir='ltr' id='par_1_74' title="bbox 2320 1516 3898 1587">
     <span class='ocr_line' id='line_1_74' title="bbox 2320 1516 3898 1587; baseline -0.003 -14"><span class='ocrx_word' id='word_1_606' title='bbox 2320 1522 2446 1573; x_wconf 91' lang='lat' dir='ltr'><strong>olim</strong></span> <span class='ocrx_word' id='word_1_607' title='bbox 2479 1522 2529 1573; x_wconf 90' lang='lat' dir='ltr'><strong>iu</strong></span> <span class='ocrx_word' id='word_1_608' title='bbox 2562 1520 2832 1587; x_wconf 86' lang='lat' dir='ltr'><strong>prephetia</strong></span> <span class='ocrx_word' id='word_1_609' title='bbox 2863 1519 3061 1573; x_wconf 84' lang='lat' dir='ltr'><strong>ell&#39;erri.</strong></span> <span class='ocrx_word' id='word_1_610' title='bbox 3093 1518 3281 1587; x_wconf 85' lang='lat' dir='ltr'><strong>Itaque</strong></span> <span class='ocrx_word' id='word_1_611' title='bbox 3319 1519 3582 1587; x_wconf 87' lang='lat' dir='ltr'><strong>interpres</strong></span> <span class='ocrx_word' id='word_1_612' title='bbox 3608 1516 3744 1581; x_wconf 77' lang='lat' dir='ltr'><strong>fuit,</strong></span> <span class='ocrx_word' id='word_1_613' title='bbox 3789 1533 3898 1569; x_wconf 88' lang='lat' dir='ltr'><strong>non</strong></span> 
     </span>
    </p>
   </div>
   <div class='ocr_carea' id='block_1_75' title="bbox 2321 1607 3897 1678">
    <p class='ocr_par' dir='ltr' id='par_1_75' title="bbox 2321 1607 3897 1678">
     <span class='ocr_line' id='line_1_75' title="bbox 2321 1607 3897 1678; baseline -0.001 -17"><span class='ocrx_word' id='word_1_614' title='bbox 2321 1618 2628 1677; x_wconf 64' lang='lat' dir='ltr'><strong>pra‘ceptor.</strong></span> <span class='ocrx_word' id='word_1_615' title='bbox 2655 1608 2844 1678; x_wconf 81' lang='lat' dir='ltr'><strong>Joseplt</strong></span> <span class='ocrx_word' id='word_1_616' title='bbox 2870 1610 2956 1677; x_wconf 87' lang='lat' dir='ltr'><strong>qui</strong></span> <span class='ocrx_word' id='word_1_617' title='bbox 2990 1609 3258 1662; x_wconf 80' lang='lat' dir='ltr'><strong>vocabatur</strong></span> <span class='ocrx_word' id='word_1_618' title='bbox 3292 1607 3563 1673; x_wconf 85' lang='lat' dir='ltr'><strong>Barsabas,</strong></span> <span class='ocrx_word' id='word_1_619' title='bbox 3592 1607 3677 1675; x_wconf 88' lang='lat' dir='ltr'><strong>qui</strong></span> <span class='ocrx_word' id='word_1_620' title='bbox 3704 1623 3897 1677; x_wconf 80' lang='lat' dir='ltr'><strong>cogno-</strong></span> 
     </span>
    </p>
   </div>
   <div class='ocr_carea' id='block_1_76' title="bbox 2320 1698 3900 1766">
    <p class='ocr_par' dir='ltr' id='par_1_76' title="bbox 2320 1698 3900 1766">
     <span class='ocr_line' id='line_1_76' title="bbox 2320 1698 3900 1766; baseline -0.001 -15"><span class='ocrx_word' id='word_1_621' title='bbox 2320 1702 2538 1752; x_wconf 87' lang='lat' dir='ltr'><strong>minatus</strong></span> <span class='ocrx_word' id='word_1_622' title='bbox 2592 1711 2664 1753; x_wconf 89' lang='lat' dir='ltr'><strong>est</strong></span> <span class='ocrx_word' id='word_1_623' title='bbox 2714 1701 2911 1752; x_wconf 81' lang='lat' dir='ltr'><strong>Justus.</strong></span> <span class='ocrx_word' id='word_1_624' title='bbox 2960 1698 3118 1753; x_wconf 85' lang='lat' dir='ltr'><strong>Forte</strong></span> <span class='ocrx_word' id='word_1_625' title='bbox 3161 1698 3301 1766; x_wconf 89' lang='lat' dir='ltr'><strong>quod</strong></span> <span class='ocrx_word' id='word_1_626' title='bbox 3334 1699 3514 1765; x_wconf 89' lang='lat' dir='ltr'><strong>plures</strong></span> <span class='ocrx_word' id='word_1_627' title='bbox 3554 1699 3900 1765; x_wconf 80' lang='lat' dir='ltr'><strong>cognomines</strong></span> 
     </span>
    </p>
   </div>
   <div class='ocr_carea' id='block_1_77' title="bbox 2317 1788 3900 1857">
    <p class='ocr_par' dir='ltr' id='par_1_77' title="bbox 2317 1788 3900 1857">
     <span class='ocr_line' id='line_1_77' title="bbox 2317 1788 3900 1857; baseline 0 -16"><span class='ocrx_word' id='word_1_628' title='bbox 2317 1800 2512 1852; x_wconf 82' lang='lat' dir='ltr'><strong>essent,</strong></span> <span class='ocrx_word' id='word_1_629' title='bbox 2533 1800 2821 1856; x_wconf 82' lang='lat' dir='ltr'><strong>utrumque</strong></span> <span class='ocrx_word' id='word_1_630' title='bbox 2848 1789 3023 1856; x_wconf 85' lang='lat' dir='ltr'><strong>posuit</strong></span> <span class='ocrx_word' id='word_1_631' title='bbox 3046 1806 3059 1840; x_wconf 90' lang='lat'>:</span> <span class='ocrx_word' id='word_1_632' title='bbox 3085 1803 3204 1841; x_wconf 89' lang='lat' dir='ltr'><strong>nam</strong></span> <span class='ocrx_word' id='word_1_633' title='bbox 3231 1788 3369 1841; x_wconf 90' lang='lat' dir='ltr'><strong>inter</strong></span> <span class='ocrx_word' id='word_1_634' title='bbox 3392 1788 3659 1857; x_wconf 89' lang='lat' dir='ltr'><strong>apostolos</strong></span> <span class='ocrx_word' id='word_1_635' title='bbox 3685 1804 3900 1856; x_wconf 85' lang='lat' dir='ltr'><strong>quoque</strong></span> 
     </span>
    </p>
   </div>
   <div class='ocr_carea' id='block_1_78' title="bbox 2317 1878 3899 1946">
    <p class='ocr_par' dir='ltr' id='par_1_78' title="bbox 2317 1878 3899 1946">
     <span class='ocr_line' id='line_1_78' title="bbox 2317 1878 3899 1946; baseline -0.001 -14"><span class='ocrx_word' id='word_1_636' title='bbox 2317 1880 2616 1945; x_wconf 88' lang='lat' dir='ltr'><strong>complures</strong></span> <span class='ocrx_word' id='word_1_637' title='bbox 2640 1889 2793 1932; x_wconf 89' lang='lat' dir='ltr'><strong>erant</strong></span> <span class='ocrx_word' id='word_1_638' title='bbox 2830 1880 3197 1946; x_wconf 85' lang='lat' dir='ltr'><strong>eognomines,</strong></span> <span class='ocrx_word' id='word_1_639' title='bbox 3228 1878 3457 1932; x_wconf 81' lang='lat' dir='ltr'><strong>Jacohus</strong></span> <span class='ocrx_word' id='word_1_640' title='bbox 3500 1878 3741 1931; x_wconf 79' lang='lat' dir='ltr'><strong>Zcbedtni</strong></span> <span class='ocrx_word' id='word_1_641' title='bbox 3760 1921 3774 1942; x_wconf 94' lang='lat'><strong>,</strong></span> <span class='ocrx_word' id='word_1_642' title='bbox 3801 1878 3899 1932; x_wconf 83' lang='lat' dir='ltr'><strong>Ja-</strong></span> 
     </span>
    </p>
   </div>
   <div class='ocr_carea' id='block_1_79' title="bbox 2316 1967 3900 2036">
    <p class='ocr_par' dir='ltr' id='par_1_79' title="bbox 2316 1967 3900 2036">
     <span class='ocr_line' id='line_1_79' title="bbox 2316 1967 3900 2036; baseline 0 -14"><span class='ocrx_word' id='word_1_643' title='bbox 2316 1969 2480 2022; x_wconf 81' lang='lat' dir='ltr'><strong>eubus</strong></span> <span class='ocrx_word' id='word_1_644' title='bbox 2508 1968 2744 2036; x_wconf 72' lang='lat' dir='ltr'><strong>Alpltmi,</strong></span> <span class='ocrx_word' id='word_1_645' title='bbox 2777 1968 2959 2022; x_wconf 89' lang='lat' dir='ltr'><strong>Simon</strong></span> <span class='ocrx_word' id='word_1_646' title='bbox 2994 1969 3179 2021; x_wconf 85' lang='lat' dir='ltr'><strong>Petrus</strong></span> <span class='ocrx_word' id='word_1_647' title='bbox 3198 2008 3213 2029; x_wconf 87' lang='lat'><strong>,</strong></span> <span class='ocrx_word' id='word_1_648' title='bbox 3240 1967 3423 2021; x_wconf 87' lang='lat' dir='ltr'><strong>Simon</strong></span> <span class='ocrx_word' id='word_1_649' title='bbox 3452 1967 3666 2022; x_wconf 84' lang='lat' dir='ltr'><strong>Zelotes</strong></span> <span class='ocrx_word' id='word_1_650' title='bbox 3687 2009 3700 2030; x_wconf 90' lang='lat'><strong>,</strong></span> <span class='ocrx_word' id='word_1_651' title='bbox 3734 1968 3900 2022; x_wconf 79' lang='lat' dir='ltr'><strong>ludas</strong></span> 
     </span>
    </p>
   </div>
   <div class='ocr_carea' id='block_1_80' title="bbox 2316 2058 3897 2126">
    <p class='ocr_par' dir='ltr' id='par_1_80' title="bbox 2316 2058 3897 2126">
     <span class='ocr_line' id='line_1_80' title="bbox 2316 2058 3897 2126; baseline -0.003 -14"><span class='ocrx_word' id='word_1_652' title='bbox 2316 2059 2518 2122; x_wconf 87' lang='lat' dir='ltr'><strong>Jacobi,</strong></span> <span class='ocrx_word' id='word_1_653' title='bbox 2547 2069 2601 2112; x_wconf 91' lang='lat' dir='ltr'><strong>ct</strong></span> <span class='ocrx_word' id='word_1_654' title='bbox 2626 2059 2788 2113; x_wconf 83' lang='lat' dir='ltr'><strong>Judas</strong></span> <span class='ocrx_word' id='word_1_655' title='bbox 2818 2060 3113 2112; x_wconf 85' lang='lat' dir='ltr'><strong>lscariotes.</strong></span> <span class='ocrx_word' id='word_1_656' title='bbox 3142 2058 3388 2126; x_wconf 84' lang='lat' dir='ltr'><strong>Alioquin</strong></span> <span class='ocrx_word' id='word_1_657' title='bbox 3417 2073 3541 2111; x_wconf 82' lang='lat' dir='ltr'><strong>vero</strong></span> <span class='ocrx_word' id='word_1_658' title='bbox 3572 2068 3770 2126; x_wconf 82' lang='lat' dir='ltr'><strong>poterat</strong></span> <span class='ocrx_word' id='word_1_659' title='bbox 3810 2075 3897 2126; x_wconf 84' lang='lat' dir='ltr'><strong>ap-</strong></span> 
     </span>
    </p>
   </div>
   <div class='ocr_carea' id='block_1_81' title="bbox 2318 2150 3900 2218">
    <p class='ocr_par' dir='ltr' id='par_1_81' title="bbox 2318 2150 3900 2218">
     <span class='ocr_line' id='line_1_81' title="bbox 2318 2150 3900 2218; baseline 0.001 -20"><span class='ocrx_word' id='word_1_660' title='bbox 2318 2151 2528 2217; x_wconf 86' lang='lat' dir='ltr'><strong>pellatio</strong></span> <span class='ocrx_word' id='word_1_661' title='bbox 2556 2166 2674 2205; x_wconf 89' lang='lat' dir='ltr'><strong>esse</strong></span> <span class='ocrx_word' id='word_1_662' title='bbox 2699 2152 2783 2204; x_wconf 86' lang='lat' dir='ltr'><strong>vel</strong></span> <span class='ocrx_word' id='word_1_663' title='bbox 2812 2166 2879 2204; x_wconf 82' lang='lat' dir='ltr'><strong>ex</strong></span> <span class='ocrx_word' id='word_1_664' title='bbox 2909 2152 3031 2203; x_wconf 78' lang='lat' dir='ltr'><strong>vita:</strong></span> <span class='ocrx_word' id='word_1_665' title='bbox 3053 2151 3365 2208; x_wconf 85' lang='lat' dir='ltr'><strong>mutatione,</strong></span> <span class='ocrx_word' id='word_1_666' title='bbox 3394 2150 3473 2202; x_wconf 84' lang='lat' dir='ltr'><strong>vel</strong></span> <span class='ocrx_word' id='word_1_667' title='bbox 3513 2165 3577 2201; x_wconf 81' lang='lat' dir='ltr'><strong>ex</strong></span> <span class='ocrx_word' id='word_1_668' title='bbox 3610 2150 3773 2218; x_wconf 83' lang='lat' dir='ltr'><strong>ipsius</strong></span> <span class='ocrx_word' id='word_1_669' title='bbox 3806 2165 3900 2200; x_wconf 78' lang='lat' dir='ltr'><strong>vo-</strong></span> 
     </span>
    </p>
   </div>
   <div class='ocr_carea' id='block_1_82' title="bbox 2316 2224 3901 2309">
    <p class='ocr_par' dir='ltr' id='par_1_82' title="bbox 2316 2224 3901 2309">
     <span class='ocr_line' id='line_1_82' title="bbox 2316 2224 3901 2309; baseline 0 -16"><span class='ocrx_word' id='word_1_670' title='bbox 2316 2244 2535 2295; x_wconf 78' lang='lat' dir='ltr'><strong>luntate.</strong></span> <span class='ocrx_word' id='word_1_671' title='bbox 2574 2261 2590 2292; x_wconf 72' lang='grc' dir='ltr'>ι</span> <span class='ocrx_word' id='word_1_672' title='bbox 2610 2244 2938 2307; x_wconf 86' lang='lat' dir='ltr'><strong>Statuerunt,</strong></span> <span class='ocrx_word' id='word_1_673' title='bbox 2963 2261 2981 2293; x_wconf 75' lang='grc' dir='ltr'><strong><em>ι</em></strong></span> <span class='ocrx_word' id='word_1_674' title='bbox 3007 2241 3193 2309; x_wconf 86' lang='lat' dir='ltr'><strong>inquit,</strong></span> <span class='ocrx_word' id='word_1_675' title='bbox 3212 2224 3237 2290; x_wconf 7' lang='lat' dir='ltr'><strong>is</strong></span> <span class='ocrx_word' id='word_1_676' title='bbox 3263 2240 3480 2308; x_wconf 71' lang='lat' dir='ltr'><strong>Ioseph,</strong></span> <span class='ocrx_word' id='word_1_677' title='bbox 3500 2241 3589 2309; x_wconf 91' lang='lat' dir='ltr'><strong>qui</strong></span> <span class='ocrx_word' id='word_1_678' title='bbox 3613 2241 3901 2293; x_wconf 79' lang='lat' dir='ltr'><strong>vocabatur</strong></span> 
     </span>
    </p>
   </div>
   <div class='ocr_carea' id='block_1_83' title="bbox 2314 2331 3893 2402">
    <p class='ocr_par' dir='ltr' id='par_1_83' title="bbox 2314 2331 3893 2402">
     <span class='ocr_line' id='line_1_83' title="bbox 2314 2331 3893 2402; baseline -0.001 -17"><span class='ocrx_word' id='word_1_679' title='bbox 2314 2334 2571 2386; x_wconf 81' lang='lat' dir='ltr'><strong>Barsabas</strong></span> <span class='ocrx_word' id='word_1_680' title='bbox 2593 2375 2606 2398; x_wconf 92' lang='lat'><strong>,</strong></span> <span class='ocrx_word' id='word_1_681' title='bbox 2635 2336 2722 2402; x_wconf 90' lang='lat' dir='ltr'><strong>qui</strong></span> <span class='ocrx_word' id='word_1_682' title='bbox 2751 2334 3153 2401; x_wconf 86' lang='lat' dir='ltr'><strong>cognominatus</strong></span> <span class='ocrx_word' id='word_1_683' title='bbox 3174 2340 3256 2385; x_wconf 91' lang='lat' dir='ltr'><strong>est</strong></span> <span class='ocrx_word' id='word_1_684' title='bbox 3280 2331 3480 2396; x_wconf 80' lang='lat' dir='ltr'><strong>Justus,</strong></span> <span class='ocrx_word' id='word_1_685' title='bbox 3513 2339 3567 2384; x_wconf 89' lang='lat' dir='ltr'><strong>et</strong></span> <span class='ocrx_word' id='word_1_686' title='bbox 3592 2331 3893 2384; x_wconf 81' lang='lat' dir='ltr'><strong>Matthiam.</strong></span> 
     </span>
    </p>
   </div>
   <div class='ocr_carea' id='block_1_84' title="bbox 2310 2421 3899 2489">
    <p class='ocr_par' dir='ltr' id='par_1_84' title="bbox 2310 2421 3899 2489">
     <span class='ocr_line' id='line_1_84' title="bbox 2310 2421 3899 2489; baseline -0.003 -14"><span class='ocrx_word' id='word_1_687' title='bbox 2310 2423 2401 2475; x_wconf 82' lang='lat' dir='ltr'><strong>2i.</strong></span> <span class='ocrx_word' id='word_1_688' title='bbox 2431 2443 2449 2475; x_wconf 72' lang='grc' dir='ltr'>ι</span> <span class='ocrx_word' id='word_1_689' title='bbox 2481 2423 2548 2477; x_wconf 83' lang='grc' dir='ltr'><strong>Ει</strong></span> <span class='ocrx_word' id='word_1_690' title='bbox 2568 2434 2785 2477; x_wconf 88' lang='lat' dir='ltr'><strong>orantes</strong></span> <span class='ocrx_word' id='word_1_691' title='bbox 2804 2423 3053 2478; x_wconf 81' lang='lat' dir='ltr'><strong>dixerunt</strong></span> <span class='ocrx_word' id='word_1_692' title='bbox 3079 2440 3092 2475; x_wconf 90' lang='lat'><strong>:</strong></span> <span class='ocrx_word' id='word_1_693' title='bbox 3118 2422 3218 2487; x_wconf 92' lang='lat' dir='ltr'><strong>Tu,</strong></span> <span class='ocrx_word' id='word_1_694' title='bbox 3247 2422 3491 2486; x_wconf 87' lang='lat' dir='ltr'><strong>Domine,</strong></span> <span class='ocrx_word' id='word_1_695' title='bbox 3509 2421 3776 2489; x_wconf 86' lang='lat' dir='ltr'><strong>quieorda</strong></span> <span class='ocrx_word' id='word_1_696' title='bbox 3802 2438 3899 2473; x_wconf 80' lang='lat' dir='ltr'><strong>un-</strong></span> 
     </span>
    </p>
   </div>
   <div class='ocr_carea' id='block_1_85' title="bbox 2312 2510 3897 2581">
    <p class='ocr_par' dir='ltr' id='par_1_85' title="bbox 2312 2510 3897 2581">
     <span class='ocr_line' id='line_1_85' title="bbox 2312 2510 3897 2581; baseline -0.002 -13"><span class='ocrx_word' id='word_1_697' title='bbox 2312 2516 2380 2568; x_wconf 86' lang='lat' dir='ltr'><strong>sti</strong></span> <span class='ocrx_word' id='word_1_698' title='bbox 2416 2515 2649 2569; x_wconf 88' lang='lat' dir='ltr'><strong>omnium</strong></span> <span class='ocrx_word' id='word_1_699' title='bbox 2673 2555 2690 2581; x_wconf 90' lang='lat'><strong>,</strong></span> <span class='ocrx_word' id='word_1_700' title='bbox 2734 2514 2958 2568; x_wconf 88' lang='lat' dir='ltr'><strong>ostende</strong></span> <span class='ocrx_word' id='word_1_701' title='bbox 2999 2528 3158 2581; x_wconf 88' lang='lat' dir='ltr'><strong>quem</strong></span> <span class='ocrx_word' id='word_1_702' title='bbox 3202 2511 3426 2581; x_wconf 78' lang='lat' dir='ltr'><strong>elegeris</strong></span> <span class='ocrx_word' id='word_1_703' title='bbox 3461 2526 3526 2564; x_wconf 80' lang='lat' dir='ltr'><strong>ex</strong></span> <span class='ocrx_word' id='word_1_704' title='bbox 3574 2510 3655 2563; x_wconf 91' lang='lat' dir='ltr'><strong>his</strong></span> <span class='ocrx_word' id='word_1_705' title='bbox 3684 2511 3897 2565; x_wconf 88' lang='lat' dir='ltr'><strong>duobus</strong></span> 
     </span>
    </p>
   </div>
   <div class='ocr_carea' id='block_1_86' title="bbox 2314 2601 3888 2673">
    <p class='ocr_par' dir='ltr' id='par_1_86' title="bbox 2314 2601 3888 2673">
     <span class='ocr_line' id='line_1_86' title="bbox 2314 2601 3888 2673; baseline -0.001 -16"><span class='ocrx_word' id='word_1_706' title='bbox 2314 2620 2505 2668; x_wconf 91' lang='lat' dir='ltr'><strong>unum,</strong></span> <span class='ocrx_word' id='word_1_707' title='bbox 2536 2605 2627 2659; x_wconf 84' lang='lat'><strong>25.</strong></span> <span class='ocrx_word' id='word_1_708' title='bbox 2658 2606 2900 2673; x_wconf 87' lang='lat' dir='ltr'><strong>accipere</strong></span> <span class='ocrx_word' id='word_1_709' title='bbox 2929 2612 3130 2658; x_wconf 92' lang='lat' dir='ltr'><strong>sortem</strong></span> <span class='ocrx_word' id='word_1_710' title='bbox 3162 2603 3438 2655; x_wconf 79' lang='lat' dir='ltr'><strong>ministerii</strong></span> <span class='ocrx_word' id='word_1_711' title='bbox 3480 2601 3637 2669; x_wconf 86' lang='lat' dir='ltr'><strong>hujus</strong></span> <span class='ocrx_word' id='word_1_712' title='bbox 3673 2610 3728 2656; x_wconf 91' lang='lat' dir='ltr'><strong>ct</strong></span> <span class='ocrx_word' id='word_1_713' title='bbox 3765 2617 3888 2668; x_wconf 85' lang='lat' dir='ltr'><strong>apo-</strong></span> 
     </span>
    </p>
   </div>
   <div class='ocr_carea' id='block_1_87' title="bbox 2312 2680 3895 2763">
    <p class='ocr_par' dir='ltr' id='par_1_87' title="bbox 2312 2680 3895 2763">
     <span class='ocr_line' id='line_1_87' title="bbox 2312 2680 3895 2763; baseline -0.002 -16"><span class='ocrx_word' id='word_1_714' title='bbox 2312 2695 2537 2748; x_wconf 86' lang='lat' dir='ltr'><strong>stolatus</strong></span> <span class='ocrx_word' id='word_1_715' title='bbox 2556 2737 2569 2755; x_wconf 85' lang='lat'><strong>,</strong></span> <span class='ocrx_word' id='word_1_716' title='bbox 2601 2694 2671 2747; x_wconf 91' lang='lat' dir='ltr'><strong>de</strong></span> <span class='ocrx_word' id='word_1_717' title='bbox 2698 2710 2805 2763; x_wconf 92' lang='lat' dir='ltr'><strong>quo</strong></span> <span class='ocrx_word' id='word_1_718' title='bbox 2833 2680 3212 2762; x_wconf 71' lang='lat' dir='ltr'><strong>praevaricatus</strong></span> <span class='ocrx_word' id='word_1_719' title='bbox 3237 2701 3317 2745; x_wconf 87' lang='lat' dir='ltr'><strong>cst</strong></span> <span class='ocrx_word' id='word_1_720' title='bbox 3336 2691 3499 2745; x_wconf 76' lang='lat' dir='ltr'><strong>ludas</strong></span> <span class='ocrx_word' id='word_1_721' title='bbox 3518 2733 3533 2757; x_wconf 95' lang='lat'><strong>,</strong></span> <span class='ocrx_word' id='word_1_722' title='bbox 3560 2701 3617 2745; x_wconf 93' lang='lat' dir='ltr'><strong>ut</strong></span> <span class='ocrx_word' id='word_1_723' title='bbox 3643 2691 3813 2744; x_wconf 84' lang='lat' dir='ltr'><strong>abiret</strong></span> <span class='ocrx_word' id='word_1_724' title='bbox 3840 2690 3895 2744; x_wconf 86' lang='lat' dir='ltr'><strong>in</strong></span> 
     </span>
    </p>
   </div>
   <div class='ocr_carea' id='block_1_88' title="bbox 2312 2781 3897 2849">
    <p class='ocr_par' dir='ltr' id='par_1_88' title="bbox 2312 2781 3897 2849">
     <span class='ocr_line' id='line_1_88' title="bbox 2312 2781 3897 2849; baseline -0.001 -13"><span class='ocrx_word' id='word_1_725' title='bbox 2312 2783 2484 2839; x_wconf 86' lang='lat' dir='ltr'><strong>locum</strong></span> <span class='ocrx_word' id='word_1_726' title='bbox 2524 2800 2698 2837; x_wconf 91' lang='lat' dir='ltr'><strong>suum.</strong></span> <span class='ocrx_word' id='word_1_727' title='bbox 2726 2803 2743 2835; x_wconf 73' lang='grc' dir='ltr'><strong><em>ι</em></strong></span> <span class='ocrx_word' id='word_1_728' title='bbox 2780 2784 2942 2837; x_wconf 78' lang='lat' dir='ltr'><strong>Recte</strong></span> <span class='ocrx_word' id='word_1_729' title='bbox 2969 2792 3271 2835; x_wconf 89' lang='lat' dir='ltr'><strong>memorant</strong></span> <span class='ocrx_word' id='word_1_730' title='bbox 3300 2782 3440 2835; x_wconf 92' lang='lat' dir='ltr'><strong>illius</strong></span> <span class='ocrx_word' id='word_1_731' title='bbox 3471 2790 3768 2849; x_wconf 83' lang='lat' dir='ltr'><strong>peccatum,</strong></span> <span class='ocrx_word' id='word_1_732' title='bbox 3798 2781 3897 2835; x_wconf 90' lang='lat' dir='ltr'><strong>de-</strong></span> 
     </span>
    </p>
   </div>
   <div class='ocr_carea' id='block_1_89' title="bbox 2309 2874 3893 2941">
    <p class='ocr_par' dir='ltr' id='par_1_89' title="bbox 2309 2874 3893 2941">
     <span class='ocr_line' id='line_1_89' title="bbox 2309 2874 3893 2941; baseline -0.001 -14"><span class='ocrx_word' id='word_1_733' title='bbox 2309 2874 2571 2928; x_wconf 84' lang='lat' dir='ltr'><strong>clarantes</strong></span> <span class='ocrx_word' id='word_1_734' title='bbox 2599 2889 2657 2927; x_wconf 92' lang='lat' dir='ltr'><strong>se</strong></span> <span class='ocrx_word' id='word_1_735' title='bbox 2684 2882 2868 2926; x_wconf 78' lang='lat' dir='ltr'><strong>teSIem</strong></span> <span class='ocrx_word' id='word_1_736' title='bbox 2895 2887 3157 2941; x_wconf 70' lang='lat' dir='ltr'><strong>quazrere,</strong></span> <span class='ocrx_word' id='word_1_737' title='bbox 3184 2887 3287 2925; x_wconf 90' lang='lat' dir='ltr'><strong>non</strong></span> <span class='ocrx_word' id='word_1_738' title='bbox 3311 2884 3563 2941; x_wconf 85' lang='lat' dir='ltr'><strong>augentes</strong></span> <span class='ocrx_word' id='word_1_739' title='bbox 3585 2886 3893 2939; x_wconf 88' lang='lat' dir='ltr'><strong>numerum,</strong></span> 
     </span>
    </p>
   </div>
   <div class='ocr_carea' id='block_1_90' title="bbox 2313 2962 3899 3018">
    <p class='ocr_par' dir='ltr' id='par_1_90' title="bbox 2313 2962 3899 3018">
     <span class='ocr_line' id='line_1_90' title="bbox 2313 2962 3899 3018; baseline -0.001 0"><span class='ocrx_word' id='word_1_740' title='bbox 2313 2964 2406 3018; x_wconf 82' lang='lat' dir='ltr'><strong>sed</strong></span> <span class='ocrx_word' id='word_1_741' title='bbox 2438 2980 2541 3016; x_wconf 88' lang='lat' dir='ltr'><strong>non</strong></span> <span class='ocrx_word' id='word_1_742' title='bbox 2580 2964 2817 3015; x_wconf 87' lang='lat' dir='ltr'><strong>imminui</strong></span> <span class='ocrx_word' id='word_1_743' title='bbox 2855 2964 3111 3015; x_wconf 67' lang='lat' dir='ltr'><strong>sinentes.</strong></span> <span class='ocrx_word' id='word_1_744' title='bbox 3142 2962 3231 3015; x_wconf 87' lang='lat'><strong>26.</strong></span> <span class='ocrx_word' id='word_1_745' title='bbox 3270 2984 3290 3014; x_wconf 76' lang='grc' dir='ltr'>ι</span> <span class='ocrx_word' id='word_1_746' title='bbox 3316 2963 3381 3015; x_wconf 85' lang='grc' dir='ltr'><strong>Ει</strong></span> <span class='ocrx_word' id='word_1_747' title='bbox 3418 2962 3679 3016; x_wconf 85' lang='lat' dir='ltr'><strong>dederunt</strong></span> <span class='ocrx_word' id='word_1_748' title='bbox 3718 2969 3899 3016; x_wconf 81' lang='lat' dir='ltr'><strong>sortes</strong></span> 
     </span>
    </p>
   </div>
   <div class='ocr_carea' id='block_1_91' title="bbox 2312 3051 3896 3121">
    <p class='ocr_par' dir='ltr' id='par_1_91' title="bbox 2312 3051 3896 3121">
     <span class='ocr_line' id='line_1_91' title="bbox 2312 3051 3896 3121; baseline 0 -16"><span class='ocrx_word' id='word_1_749' title='bbox 2312 3054 2391 3105; x_wconf 90' lang='lat' dir='ltr'><strong>eis</strong></span> <span class='ocrx_word' id='word_1_750' title='bbox 2436 3053 2703 3119; x_wconf 91' lang='lat' dir='ltr'><strong>(nondum</strong></span> <span class='ocrx_word' id='word_1_751' title='bbox 2747 3051 2886 3104; x_wconf 90' lang='lat' dir='ltr'><strong>enim</strong></span> <span class='ocrx_word' id='word_1_752' title='bbox 2933 3052 3160 3118; x_wconf 88' lang='lat' dir='ltr'><strong>Spiritus</strong></span> <span class='ocrx_word' id='word_1_753' title='bbox 3196 3052 3350 3105; x_wconf 87' lang='lat' dir='ltr'><strong>datus</strong></span> <span class='ocrx_word' id='word_1_754' title='bbox 3389 3052 3569 3121; x_wconf 90' lang='lat' dir='ltr'><strong>erat),</strong></span> <span class='ocrx_word' id='word_1_755' title='bbox 3609 3060 3664 3105; x_wconf 90' lang='lat' dir='ltr'><strong>et</strong></span> <span class='ocrx_word' id='word_1_756' title='bbox 3700 3052 3896 3105; x_wconf 86' lang='lat' dir='ltr'><strong>cecidit</strong></span> 
     </span>
    </p>
   </div>
   <div class='ocr_carea' id='block_1_92' title="bbox 2314 3140 3891 3207">
    <p class='ocr_par' dir='ltr' id='par_1_92' title="bbox 2314 3140 3891 3207">
     <span class='ocr_line' id='line_1_92' title="bbox 2314 3140 3891 3207; baseline 0.001 -13"><span class='ocrx_word' id='word_1_757' title='bbox 2314 3157 2433 3196; x_wconf 87' lang='lat' dir='ltr'><strong>sors</strong></span> <span class='ocrx_word' id='word_1_758' title='bbox 2462 3157 2621 3207; x_wconf 80' lang='lat' dir='ltr'><strong>Super</strong></span> <span class='ocrx_word' id='word_1_759' title='bbox 2645 3140 2937 3203; x_wconf 79' lang='lat' dir='ltr'><strong>Matthiam,</strong></span> <span class='ocrx_word' id='word_1_760' title='bbox 2966 3150 3019 3193; x_wconf 93' lang='lat' dir='ltr'><strong>ct</strong></span> <span class='ocrx_word' id='word_1_761' title='bbox 3049 3150 3427 3193; x_wconf 79' lang='lat' dir='ltr'><strong>annnmeratns</strong></span> <span class='ocrx_word' id='word_1_762' title='bbox 3456 3149 3537 3195; x_wconf 89' lang='lat' dir='ltr'><strong>est</strong></span> <span class='ocrx_word' id='word_1_763' title='bbox 3566 3156 3685 3193; x_wconf 91' lang='lat' dir='ltr'><strong>cum</strong></span> <span class='ocrx_word' id='word_1_764' title='bbox 3715 3141 3891 3195; x_wconf 86' lang='lat' dir='ltr'><strong>unde-</strong></span> 
     </span>
    </p>
   </div>
   <div class='ocr_carea' id='block_1_93' title="bbox 2312 3230 3892 3302">
    <p class='ocr_par' dir='ltr' id='par_1_93' title="bbox 2312 3230 3892 3302">
     <span class='ocr_line' id='line_1_93' title="bbox 2312 3230 3892 3302; baseline 0.001 -18"><span class='ocrx_word' id='word_1_765' title='bbox 2312 3234 2411 3284; x_wconf 87' lang='lat' dir='ltr'><strong>cim</strong></span> <span class='ocrx_word' id='word_1_766' title='bbox 2441 3232 2715 3298; x_wconf 84' lang='lat' dir='ltr'><strong>apostolis.</strong></span> <span class='ocrx_word' id='word_1_767' title='bbox 2742 3230 2925 3294; x_wconf 89' lang='lat' dir='ltr'><strong>Tunc,</strong></span> <span class='ocrx_word' id='word_1_768' title='bbox 2956 3231 3158 3299; x_wconf 88' lang='lat' dir='ltr'><strong>inquit,</strong></span> <span class='ocrx_word' id='word_1_769' title='bbox 3201 3232 3398 3285; x_wconf 87' lang='lat' dir='ltr'><strong>reversi</strong></span> <span class='ocrx_word' id='word_1_770' title='bbox 3444 3242 3565 3284; x_wconf 92' lang='lat' dir='ltr'><strong>sunt</strong></span> <span class='ocrx_word' id='word_1_771' title='bbox 3613 3232 3892 3302; x_wconf 77' lang='lat' dir='ltr'><strong>Jcrosoly-</strong></span> 
     </span>
    </p>
   </div>
   <div class='ocr_carea' id='block_1_94' title="bbox 2311 3321 3891 3391">
    <p class='ocr_par' dir='ltr' id='par_1_94' title="bbox 2311 3321 3891 3391">
     <span class='ocr_line' id='line_1_94' title="bbox 2311 3321 3891 3391; baseline 0.003 -17"><span class='ocrx_word' id='word_1_772' title='bbox 2311 3338 2450 3375; x_wconf 80' lang='lat' dir='ltr'><strong>inani</strong></span> <span class='ocrx_word' id='word_1_773' title='bbox 2479 3338 2506 3372; x_wconf 88' lang='lat' dir='ltr'><strong>a</strong></span> <span class='ocrx_word' id='word_1_774' title='bbox 2540 3321 2717 3373; x_wconf 78' lang='lat' dir='ltr'><strong>monte</strong></span> <span class='ocrx_word' id='word_1_775' title='bbox 2736 3362 2750 3383; x_wconf 95' lang='lat'><strong>,</strong></span> <span class='ocrx_word' id='word_1_776' title='bbox 2779 3321 2867 3389; x_wconf 91' lang='lat' dir='ltr'><strong>qui</strong></span> <span class='ocrx_word' id='word_1_777' title='bbox 2896 3334 3113 3374; x_wconf 78' lang='lat' dir='ltr'><strong>voratur</strong></span> <span class='ocrx_word' id='word_1_778' title='bbox 3139 3322 3327 3374; x_wconf 85' lang='lat' dir='ltr'><strong>Oliveti</strong></span> <span class='ocrx_word' id='word_1_779' title='bbox 3351 3362 3368 3386; x_wconf 91' lang='lat'><strong>,</strong></span> <span class='ocrx_word' id='word_1_780' title='bbox 3396 3323 3484 3391; x_wconf 90' lang='lat' dir='ltr'><strong>qui</strong></span> <span class='ocrx_word' id='word_1_781' title='bbox 3516 3331 3597 3376; x_wconf 90' lang='lat' dir='ltr'><strong>cst</strong></span> <span class='ocrx_word' id='word_1_782' title='bbox 3620 3323 3772 3391; x_wconf 81' lang='lat' dir='ltr'><strong>juxta</strong></span> <span class='ocrx_word' id='word_1_783' title='bbox 3799 3324 3891 3379; x_wconf 85' lang='lat' dir='ltr'><strong>Je-</strong></span> 
     </span>
    </p>
   </div>
   <div class='ocr_carea' id='block_1_95' title="bbox 2313 3410 3894 3480">
    <p class='ocr_par' dir='ltr' id='par_1_95' title="bbox 2313 3410 3894 3480">
     <span class='ocr_line' id='line_1_95' title="bbox 2313 3410 3894 3480; baseline 0.004 -18"><span class='ocrx_word' id='word_1_784' title='bbox 2313 3411 2668 3480; x_wconf 85' lang='lat' dir='ltr'><strong>rosolymam,</strong></span> <span class='ocrx_word' id='word_1_785' title='bbox 2698 3410 2900 3464; x_wconf 85' lang='lat' dir='ltr'><strong>sabbati</strong></span> <span class='ocrx_word' id='word_1_786' title='bbox 2938 3411 3139 3464; x_wconf 88' lang='lat' dir='ltr'><strong>habens</strong></span> <span class='ocrx_word' id='word_1_787' title='bbox 3161 3412 3280 3465; x_wconf 91' lang='lat' dir='ltr'><strong>iter.</strong></span> <span class='ocrx_word' id='word_1_788' title='bbox 3312 3430 3331 3462; x_wconf 82' lang='grc'><strong>›</strong></span> <span class='ocrx_word' id='word_1_789' title='bbox 3358 3412 3469 3465; x_wconf 87' lang='lat' dir='ltr'><strong>Hoc</strong></span> <span class='ocrx_word' id='word_1_790' title='bbox 3486 3413 3558 3464; x_wconf 90' lang='lat' dir='ltr'><strong>ait</strong></span> <span class='ocrx_word' id='word_1_791' title='bbox 3577 3422 3631 3465; x_wconf 92' lang='lat' dir='ltr'><strong>ut</strong></span> <span class='ocrx_word' id='word_1_792' title='bbox 3649 3414 3894 3468; x_wconf 83' lang='lat' dir='ltr'><strong>innucrct</strong></span> 
     </span>
    </p>
   </div>
   <div class='ocr_carea' id='block_1_96' title="bbox 2313 3500 3893 3571">
    <p class='ocr_par' dir='ltr' id='par_1_96' title="bbox 2313 3500 3893 3571">
     <span class='ocr_line' id='line_1_96' title="bbox 2313 3500 3893 3571; baseline 0.004 -19"><span class='ocrx_word' id='word_1_793' title='bbox 2313 3500 2453 3568; x_wconf 83' lang='lat' dir='ltr'><strong>ipsos</strong></span> <span class='ocrx_word' id='word_1_794' title='bbox 2482 3516 2586 3553; x_wconf 90' lang='lat' dir='ltr'><strong>non</strong></span> <span class='ocrx_word' id='word_1_795' title='bbox 2604 3500 2815 3569; x_wconf 83' lang='lat' dir='ltr'><strong>longum</strong></span> <span class='ocrx_word' id='word_1_796' title='bbox 2842 3500 2941 3554; x_wconf 90' lang='lat' dir='ltr'><strong>iter</strong></span> <span class='ocrx_word' id='word_1_797' title='bbox 2961 3502 3253 3570; x_wconf 87' lang='lat' dir='ltr'><strong>suscipere,</strong></span> <span class='ocrx_word' id='word_1_798' title='bbox 3271 3516 3339 3555; x_wconf 88' lang='lat' dir='ltr'><strong>ne</strong></span> <span class='ocrx_word' id='word_1_799' title='bbox 3366 3502 3489 3571; x_wconf 91' lang='lat' dir='ltr'><strong>quid</strong></span> <span class='ocrx_word' id='word_1_800' title='bbox 3514 3504 3735 3557; x_wconf 88' lang='lat' dir='ltr'><strong>terroris</strong></span> <span class='ocrx_word' id='word_1_801' title='bbox 3759 3504 3893 3558; x_wconf 82' lang='lat' dir='ltr'><strong>acci-</strong></span> 
     </span>
    </p>
   </div>
   <div class='ocr_carea' id='block_1_97' title="bbox 2310 3594 3889 3665">
    <p class='ocr_par' dir='ltr' id='par_1_97' title="bbox 2310 3594 3889 3665">
     <span class='ocr_line' id='line_1_97' title="bbox 2310 3594 3889 3665; baseline 0.002 -21"><span class='ocrx_word' id='word_1_802' title='bbox 2310 3596 2461 3650; x_wconf 82' lang='lat' dir='ltr'><strong>deret</strong></span> <span class='ocrx_word' id='word_1_803' title='bbox 2491 3595 2836 3650; x_wconf 83' lang='lat' dir='ltr'><strong>tremeutibus</strong></span> <span class='ocrx_word' id='word_1_804' title='bbox 2862 3595 3035 3648; x_wconf 87' lang='lat' dir='ltr'><strong>adhuc</strong></span> <span class='ocrx_word' id='word_1_805' title='bbox 3057 3595 3183 3665; x_wconf 88' lang='lat' dir='ltr'><strong>ipsis</strong></span> <span class='ocrx_word' id='word_1_806' title='bbox 3212 3603 3268 3648; x_wconf 87' lang='lat' dir='ltr'><strong>et</strong></span> <span class='ocrx_word' id='word_1_807' title='bbox 3292 3594 3664 3649; x_wconf 85' lang='lat' dir='ltr'><strong>metuentibus.</strong></span> <span class='ocrx_word' id='word_1_808' title='bbox 3698 3595 3889 3649; x_wconf 84' lang='lat' dir='ltr'><strong>Etcum</strong></span> 
     </span>
    </p>
   </div>
   <div class='ocr_carea' id='block_1_98' title="bbox 2311 3684 3890 3750">
    <p class='ocr_par' dir='ltr' id='par_1_98' title="bbox 2311 3684 3890 3750">
     <span class='ocr_line' id='line_1_98' title="bbox 2311 3684 3890 3750; baseline 0.001 -13"><span class='ocrx_word' id='word_1_809' title='bbox 2311 3687 2610 3750; x_wconf 84' lang='lat' dir='ltr'><strong>introissent,</strong></span> <span class='ocrx_word' id='word_1_810' title='bbox 2631 3686 2957 3739; x_wconf 86' lang='lat' dir='ltr'><strong>ascenderunt</strong></span> <span class='ocrx_word' id='word_1_811' title='bbox 2978 3688 3027 3737; x_wconf 88' lang='lat' dir='ltr'><strong>in</strong></span> <span class='ocrx_word' id='word_1_812' title='bbox 3049 3689 3379 3737; x_wconf 64' lang='lat' dir='ltr'><strong>cenaculum.</strong></span> <span class='ocrx_word' id='word_1_813' title='bbox 3416 3684 3527 3737; x_wconf 83' lang='lat' dir='ltr'><strong>Non</strong></span> <span class='ocrx_word' id='word_1_814' title='bbox 3557 3685 3697 3737; x_wconf 89' lang='lat' dir='ltr'><strong>enim</strong></span> <span class='ocrx_word' id='word_1_815' title='bbox 3722 3686 3890 3739; x_wconf 81' lang='lat' dir='ltr'><strong>aude-</strong></span> 
     </span>
    </p>
   </div>
   <div class='ocr_carea' id='block_1_99' title="bbox 2312 3777 3890 3845">
    <p class='ocr_par' dir='ltr' id='par_1_99' title="bbox 2312 3777 3890 3845">
     <span class='ocr_line' id='line_1_99' title="bbox 2312 3777 3890 3845; baseline 0.001 -16"><span class='ocrx_word' id='word_1_816' title='bbox 2312 3778 2439 3831; x_wconf 88' lang='lat' dir='ltr'><strong>bant</strong></span> <span class='ocrx_word' id='word_1_817' title='bbox 2488 3779 2539 3831; x_wconf 93' lang='lat' dir='ltr'><strong>in</strong></span> <span class='ocrx_word' id='word_1_818' title='bbox 2587 3779 2800 3831; x_wconf 90' lang='lat' dir='ltr'><strong>civitate</strong></span> <span class='ocrx_word' id='word_1_819' title='bbox 2848 3792 3177 3845; x_wconf 89' lang='lat' dir='ltr'><strong>comparere.</strong></span> <span class='ocrx_word' id='word_1_820' title='bbox 3229 3777 3294 3829; x_wconf 83' lang='lat' dir='ltr'><strong>Et</strong></span> <span class='ocrx_word' id='word_1_821' title='bbox 3345 3784 3488 3831; x_wconf 86' lang='lat' dir='ltr'><strong>recte</strong></span> <span class='ocrx_word' id='word_1_822' title='bbox 3532 3777 3890 3831; x_wconf 87' lang='lat' dir='ltr'><strong>ascenderunt</strong></span> 
     </span>
    </p>
   </div>
   <div class='ocr_carea' id='block_1_100' title="bbox 2311 3866 3889 3935">
    <p class='ocr_par' dir='ltr' id='par_1_100' title="bbox 2311 3866 3889 3935">
     <span class='ocr_line' id='line_1_100' title="bbox 2311 3866 3889 3935; baseline 0.001 -14"><span class='ocrx_word' id='word_1_823' title='bbox 2311 3870 2362 3922; x_wconf 93' lang='lat' dir='ltr'><strong>in</strong></span> <span class='ocrx_word' id='word_1_824' title='bbox 2402 3870 2756 3933; x_wconf 78' lang='lat' dir='ltr'><strong>cmnaculum,</strong></span> <span class='ocrx_word' id='word_1_825' title='bbox 2800 3878 2855 3921; x_wconf 88' lang='lat' dir='ltr'><strong>ut</strong></span> <span class='ocrx_word' id='word_1_826' title='bbox 2899 3882 3004 3921; x_wconf 93' lang='lat' dir='ltr'><strong>non</strong></span> <span class='ocrx_word' id='word_1_827' title='bbox 3050 3866 3205 3921; x_wconf 81' lang='lat' dir='ltr'><strong>facile</strong></span> <span class='ocrx_word' id='word_1_828' title='bbox 3255 3876 3399 3921; x_wconf 87' lang='lat' dir='ltr'><strong>esset</strong></span> <span class='ocrx_word' id='word_1_829' title='bbox 3444 3868 3588 3935; x_wconf 87' lang='lat' dir='ltr'><strong>ipsos</strong></span> <span class='ocrx_word' id='word_1_830' title='bbox 3637 3880 3889 3935; x_wconf 82' lang='lat' dir='ltr'><strong>compre-</strong></span> 
     </span>
    </p>
   </div>
   <div class='ocr_carea' id='block_1_101' title="bbox 2311 3959 3891 4027">
    <p class='ocr_par' dir='ltr' id='par_1_101' title="bbox 2311 3959 3891 4027">
     <span class='ocr_line' id='line_1_101' title="bbox 2311 3959 3891 4027; baseline -0.001 -13"><span class='ocrx_word' id='word_1_831' title='bbox 2311 3961 2561 4015; x_wconf 89' lang='lat' dir='ltr'><strong>beudcrc.</strong></span> <span class='ocrx_word' id='word_1_832' title='bbox 2596 3959 2661 4012; x_wconf 84' lang='lat' dir='ltr'><strong>Et</strong></span> <span class='ocrx_word' id='word_1_833' title='bbox 2707 3969 2870 4023; x_wconf 90' lang='lat' dir='ltr'><strong>erant,</strong></span> <span class='ocrx_word' id='word_1_834' title='bbox 2932 3960 3133 4027; x_wconf 86' lang='lat' dir='ltr'><strong>inquit,</strong></span> <span class='ocrx_word' id='word_1_835' title='bbox 3172 3970 3539 4027; x_wconf 79' lang='lat' dir='ltr'><strong>perseverantes</strong></span> <span class='ocrx_word' id='word_1_836' title='bbox 3583 3960 3891 4013; x_wconf 87' lang='lat' dir='ltr'><strong>unanimiter</strong></span> 
     </span>
    </p>
   </div>
   <div class='ocr_carea' id='block_1_102' title="bbox 2310 4050 3890 4119">
    <p class='ocr_par' dir='ltr' id='par_1_102' title="bbox 2310 4050 3890 4119">
     <span class='ocr_line' id='line_1_102' title="bbox 2310 4050 3890 4119; baseline 0.001 -15"><span class='ocrx_word' id='word_1_837' title='bbox 2310 4054 2362 4105; x_wconf 88' lang='lat' dir='ltr'><strong>in</strong></span> <span class='ocrx_word' id='word_1_838' title='bbox 2395 4055 2636 4105; x_wconf 84' lang='lat' dir='ltr'><strong>oratione.</strong></span> <span class='ocrx_word' id='word_1_839' title='bbox 2684 4052 2869 4104; x_wconf 72' lang='lat' dir='ltr'><strong>Viden’</strong></span> <span class='ocrx_word' id='word_1_840' title='bbox 2913 4066 3071 4119; x_wconf 87' lang='lat' dir='ltr'><strong>quam</strong></span> <span class='ocrx_word' id='word_1_841' title='bbox 3100 4051 3282 4119; x_wconf 89' lang='lat' dir='ltr'><strong>vigiles</strong></span> <span class='ocrx_word' id='word_1_842' title='bbox 3319 4060 3502 4104; x_wconf 86' lang='lat' dir='ltr'><strong>essent</strong></span> <span class='ocrx_word' id='word_1_843' title='bbox 3548 4051 3599 4104; x_wconf 92' lang='lat' dir='ltr'><strong>in</strong></span> <span class='ocrx_word' id='word_1_844' title='bbox 3644 4050 3890 4106; x_wconf 89' lang='lat' dir='ltr'><strong>oratione</strong></span> 
     </span>
    </p>
   </div>
   <div class='ocr_carea' id='block_1_103' title="bbox 2312 4140 3885 4209">
    <p class='ocr_par' dir='ltr' id='par_1_103' title="bbox 2312 4140 3885 4209">
     <span class='ocr_line' id='line_1_103' title="bbox 2312 4140 3885 4209; baseline 0.001 -16"><span class='ocrx_word' id='word_1_845' title='bbox 2312 4152 2739 4209; x_wconf 78' lang='lat' dir='ltr'><strong>perseverantes,</strong></span> <span class='ocrx_word' id='word_1_846' title='bbox 2789 4140 2945 4208; x_wconf 90' lang='lat' dir='ltr'><strong>idque</strong></span> <span class='ocrx_word' id='word_1_847' title='bbox 2976 4140 3294 4193; x_wconf 90' lang='lat' dir='ltr'><strong>unanimiter</strong></span> <span class='ocrx_word' id='word_1_848' title='bbox 3328 4141 3473 4207; x_wconf 86' lang='lat' dir='ltr'><strong>quasi</strong></span> <span class='ocrx_word' id='word_1_849' title='bbox 3516 4155 3622 4193; x_wconf 92' lang='lat' dir='ltr'><strong>uno</strong></span> <span class='ocrx_word' id='word_1_850' title='bbox 3661 4141 3885 4195; x_wconf 89' lang='lat' dir='ltr'><strong>eodem-</strong></span> 
     </span>
    </p>
   </div>
   <div class='ocr_carea' id='block_1_104' title="bbox 2310 4229 3885 4300">
    <p class='ocr_par' dir='ltr' id='par_1_104' title="bbox 2310 4229 3885 4300">
     <span class='ocr_line' id='line_1_104' title="bbox 2310 4229 3885 4300; baseline 0 -17"><span class='ocrx_word' id='word_1_851' title='bbox 2310 4248 2412 4299; x_wconf 88' lang='lat' dir='ltr'><strong>que</strong></span> <span class='ocrx_word' id='word_1_852' title='bbox 2456 4231 2672 4283; x_wconf 88' lang='lat' dir='ltr'><strong>animo?</strong></span> <span class='ocrx_word' id='word_1_853' title='bbox 2712 4230 2835 4284; x_wconf 65' lang='lat' dir='ltr'><strong>llazc</strong></span> <span class='ocrx_word' id='word_1_854' title='bbox 2875 4229 2981 4284; x_wconf 91' lang='lat' dir='ltr'><strong>duo</strong></span> <span class='ocrx_word' id='word_1_855' title='bbox 3029 4229 3096 4283; x_wconf 89' lang='lat' dir='ltr'><strong>de</strong></span> <span class='ocrx_word' id='word_1_856' title='bbox 3142 4230 3246 4282; x_wconf 90' lang='lat' dir='ltr'><strong>illis</strong></span> <span class='ocrx_word' id='word_1_857' title='bbox 3298 4229 3628 4283; x_wconf 76' lang='lat' dir='ltr'><strong>testificatur.</strong></span> <span class='ocrx_word' id='word_1_858' title='bbox 3686 4230 3885 4300; x_wconf 86' lang='lat' dir='ltr'><strong>Joseph</strong></span> 
     </span>
    </p>
   </div>
   <div class='ocr_carea' id='block_1_105' title="bbox 2313 4317 3891 4389">
    <p class='ocr_par' dir='ltr' id='par_1_105' title="bbox 2313 4317 3891 4389">
     <span class='ocr_line' id='line_1_105' title="bbox 2313 4317 3891 4389; baseline 0.001 -17"><span class='ocrx_word' id='word_1_859' title='bbox 2313 4320 2537 4372; x_wconf 69' lang='lat' dir='ltr'><strong>furuisse</strong></span> <span class='ocrx_word' id='word_1_860' title='bbox 2598 4329 2831 4373; x_wconf 89' lang='lat' dir='ltr'><strong>mortuus</strong></span> <span class='ocrx_word' id='word_1_861' title='bbox 2875 4328 2991 4372; x_wconf 88' lang='lat' dir='ltr'><strong>erat</strong></span> <span class='ocrx_word' id='word_1_862' title='bbox 3039 4319 3173 4389; x_wconf 92' lang='lat' dir='ltr'><strong>(a).</strong></span> <span class='ocrx_word' id='word_1_863' title='bbox 3228 4317 3345 4371; x_wconf 85' lang='lat' dir='ltr'><strong>Non</strong></span> <span class='ocrx_word' id='word_1_864' title='bbox 3401 4318 3578 4381; x_wconf 89' lang='lat' dir='ltr'><strong>enim,</strong></span> <span class='ocrx_word' id='word_1_865' title='bbox 3636 4318 3891 4374; x_wconf 81' lang='lat' dir='ltr'><strong>fratribus</strong></span> 
     </span>
    </p>
   </div>
   <div class='ocr_carea' id='block_1_106' title="bbox 2310 4408 3890 4478">
    <p class='ocr_par' dir='ltr' id='par_1_106' title="bbox 2310 4408 3890 4478">
     <span class='ocr_line' id='line_1_106' title="bbox 2310 4408 3890 4478; baseline -0.002 -12"><span class='ocrx_word' id='word_1_866' title='bbox 2310 4412 2665 4474; x_wconf 80' lang='lat' dir='ltr'><strong>credentibus,</strong></span> <span class='ocrx_word' id='word_1_867' title='bbox 2714 4412 2825 4478; x_wconf 86' lang='lat' dir='ltr'><strong>ipse</strong></span> <span class='ocrx_word' id='word_1_868' title='bbox 2871 4425 2974 4461; x_wconf 90' lang='lat' dir='ltr'><strong>non</strong></span> <span class='ocrx_word' id='word_1_869' title='bbox 3021 4408 3354 4474; x_wconf 78' lang='lat' dir='ltr'><strong>credidisset,</strong></span> <span class='ocrx_word' id='word_1_870' title='bbox 3396 4408 3483 4477; x_wconf 94' lang='lat' dir='ltr'><strong>qui</strong></span> <span class='ocrx_word' id='word_1_871' title='bbox 3531 4415 3655 4462; x_wconf 90' lang='lat' dir='ltr'><strong>ante</strong></span> <span class='ocrx_word' id='word_1_872' title='bbox 3698 4422 3890 4463; x_wconf 87' lang='lat' dir='ltr'><strong>omnes</strong></span> 
     </span>
    </p>
   </div>
   <div class='ocr_carea' id='block_1_107' title="bbox 2312 4496 3889 4565">
    <p class='ocr_par' dir='ltr' id='par_1_107' title="bbox 2312 4496 3889 4565">
     <span class='ocr_line' id='line_1_107' title="bbox 2312 4496 3889 4565; baseline -0.003 -11"><span class='ocrx_word' id='word_1_873' title='bbox 2312 4502 2626 4555; x_wconf 79' lang='lat' dir='ltr'><strong>crediderat.</strong></span> <span class='ocrx_word' id='word_1_874' title='bbox 2659 4501 2814 4555; x_wconf 87' lang='lat' dir='ltr'><strong>Certe</strong></span> <span class='ocrx_word' id='word_1_875' title='bbox 2846 4514 2948 4551; x_wconf 89' lang='lat' dir='ltr'><strong>non</strong></span> <span class='ocrx_word' id='word_1_876' title='bbox 2981 4498 3252 4551; x_wconf 76' lang='lat' dir='ltr'><strong>videbatur</strong></span> <span class='ocrx_word' id='word_1_877' title='bbox 3292 4513 3510 4565; x_wconf 84' lang='lat' dir='ltr'><strong>usquam</strong></span> <span class='ocrx_word' id='word_1_878' title='bbox 3552 4496 3638 4549; x_wconf 89' lang='lat' dir='ltr'><strong>ille</strong></span> <span class='ocrx_word' id='word_1_879' title='bbox 3671 4496 3889 4552; x_wconf 83' lang='lat' dir='ltr'><strong>Christo</strong></span> 
     </span>
    </p>
   </div>
   <div class='ocr_carea' id='block_1_108' title="bbox 2314 4586 3890 4656">
    <p class='ocr_par' dir='ltr' id='par_1_108' title="bbox 2314 4586 3890 4656">
     <span class='ocr_line' id='line_1_108' title="bbox 2314 4586 3890 4656; baseline -0.001 -14"><span class='ocrx_word' id='word_1_880' title='bbox 2314 4601 2369 4643; x_wconf 92' lang='lat' dir='ltr'><strong>ut</strong></span> <span class='ocrx_word' id='word_1_881' title='bbox 2398 4592 2593 4645; x_wconf 86' lang='lat' dir='ltr'><strong>homini</strong></span> <span class='ocrx_word' id='word_1_882' title='bbox 2624 4590 2896 4643; x_wconf 84' lang='lat' dir='ltr'><strong>attendere</strong></span> <span class='ocrx_word' id='word_1_883' title='bbox 2916 4631 2930 4654; x_wconf 88' lang='lat'><strong>,</strong></span> <span class='ocrx_word' id='word_1_884' title='bbox 2974 4599 3028 4639; x_wconf 90' lang='lat' dir='ltr'><strong>ut</strong></span> <span class='ocrx_word' id='word_1_885' title='bbox 3066 4587 3233 4641; x_wconf 78' lang='lat' dir='ltr'><strong>Mater</strong></span> <span class='ocrx_word' id='word_1_886' title='bbox 3259 4587 3501 4650; x_wconf 82' lang='lat' dir='ltr'><strong>diccbat,</strong></span> <span class='ocrx_word' id='word_1_887' title='bbox 3534 4586 3643 4656; x_wconf 87' lang='lat' dir='ltr'><strong>Ego</strong></span> <span class='ocrx_word' id='word_1_888' title='bbox 3672 4596 3716 4638; x_wconf 87' lang='lat' dir='ltr'><strong>et</strong></span> <span class='ocrx_word' id='word_1_889' title='bbox 3748 4596 3890 4655; x_wconf 85' lang='lat' dir='ltr'><strong>pater</strong></span> 
     </span>
    </p>
   </div>
   <div class='ocr_carea' id='block_1_109' title="bbox 2313 4676 3890 4745">
    <p class='ocr_par' dir='ltr' id='par_1_109' title="bbox 2313 4676 3890 4745">
     <span class='ocr_line' id='line_1_109' title="bbox 2313 4676 3890 4745; baseline -0.002 -13"><span class='ocrx_word' id='word_1_890' title='bbox 2313 4692 2424 4734; x_wconf 89' lang='lat' dir='ltr'><strong>tuus</strong></span> <span class='ocrx_word' id='word_1_891' title='bbox 2449 4682 2671 4733; x_wconf 82' lang='lat' dir='ltr'><strong>dolentes</strong></span> <span class='ocrx_word' id='word_1_892' title='bbox 2694 4680 3033 4745; x_wconf 66' lang='lat' dir='ltr'><strong>quaerebamus</strong></span> <span class='ocrx_word' id='word_1_893' title='bbox 3058 4687 3104 4730; x_wconf 90' lang='lat' dir='ltr'><strong>te</strong></span> <span class='ocrx_word' id='word_1_894' title='bbox 3130 4676 3288 4745; x_wconf 87' lang='lat' dir='ltr'><strong>(Luc.</strong></span> <span class='ocrx_word' id='word_1_895' title='bbox 3315 4676 3370 4729; x_wconf 90' lang='lat'><strong>2.</strong></span> <span class='ocrx_word' id='word_1_896' title='bbox 3401 4676 3526 4745; x_wconf 72' lang='grc'><strong>48).</strong></span> <span class='ocrx_word' id='word_1_897' title='bbox 3558 4677 3739 4745; x_wconf 87' lang='lat' dir='ltr'><strong>Itaque</strong></span> <span class='ocrx_word' id='word_1_898' title='bbox 3767 4687 3890 4729; x_wconf 90' lang='lat' dir='ltr'><strong>ante</strong></span> 
     </span>
    </p>
   </div>
   <div class='ocr_carea' id='block_1_110' title="bbox 2313 4765 3889 4826">
    <p class='ocr_par' dir='ltr' id='par_1_110' title="bbox 2313 4765 3889 4826">
     <span class='ocr_line' id='line_1_110' title="bbox 2313 4765 3889 4826; baseline -0.005 -1"><span class='ocrx_word' id='word_1_899' title='bbox 2313 4787 2496 4826; x_wconf 71' lang='lat' dir='ltr'><strong>omnes</strong></span> <span class='ocrx_word' id='word_1_900' title='bbox 2529 4772 2615 4824; x_wconf 89' lang='lat' dir='ltr'><strong>ille</strong></span> <span class='ocrx_word' id='word_1_901' title='bbox 2644 4771 2922 4823; x_wconf 88' lang='lat' dir='ltr'><strong>Dominum</strong></span> <span class='ocrx_word' id='word_1_902' title='bbox 2952 4778 3191 4823; x_wconf 83' lang='lat' dir='ltr'><strong>noverat.</strong></span> <span class='ocrx_word' id='word_1_903' title='bbox 3224 4768 3499 4821; x_wconf 87' lang='lat' dir='ltr'><strong>Fratribus</strong></span> <span class='ocrx_word' id='word_1_904' title='bbox 3524 4781 3649 4819; x_wconf 85' lang='lat' dir='ltr'><strong>vero</strong></span> <span class='ocrx_word' id='word_1_905' title='bbox 3674 4765 3889 4819; x_wconf 89' lang='lat' dir='ltr'><strong>dicebat</strong></span> 
     </span>
    </p>
   </div>
   <div class='ocr_carea' id='block_1_111' title="bbox 2313 4856 3891 4922">
    <p class='ocr_par' dir='ltr' id='par_1_111' title="bbox 2313 4856 3891 4922">
     <span class='ocr_line' id='line_1_111' title="bbox 2313 4856 3891 4922; baseline -0.006 -8"><span class='ocrx_word' id='word_1_906' title='bbox 2313 4863 2593 4916; x_wconf 80' lang='lat' dir='ltr'><strong>Christus:</strong></span> <span class='ocrx_word' id='word_1_907' title='bbox 2628 4858 2747 4912; x_wconf 85' lang='lat' dir='ltr'><strong>Non</strong></span> <span class='ocrx_word' id='word_1_908' title='bbox 2776 4868 2929 4922; x_wconf 83' lang='lat' dir='ltr'><strong>potest</strong></span> <span class='ocrx_word' id='word_1_909' title='bbox 2975 4858 3189 4909; x_wconf 87' lang='lat' dir='ltr'><strong>mundus</strong></span> <span class='ocrx_word' id='word_1_910' title='bbox 3233 4872 3318 4909; x_wconf 82' lang='lat' dir='ltr'><strong>vos</strong></span> <span class='ocrx_word' id='word_1_911' title='bbox 3360 4856 3525 4909; x_wconf 87' lang='lat' dir='ltr'><strong>odisse</strong></span> <span class='ocrx_word' id='word_1_912' title='bbox 3548 4895 3564 4920; x_wconf 86' lang='lat'><strong>,</strong></span> <span class='ocrx_word' id='word_1_913' title='bbox 3604 4870 3681 4905; x_wconf 88' lang='lat' dir='ltr'><strong>me</strong></span> <span class='ocrx_word' id='word_1_914' title='bbox 3720 4863 3891 4905; x_wconf 79' lang='lat' dir='ltr'><strong>autem</strong></span> 
     </span>
    </p>
   </div>
   <div class='ocr_carea' id='block_1_112' title="bbox 2313 4941 3892 5020">
    <p class='ocr_par' dir='ltr' id='par_1_112' title="bbox 2313 4941 3892 5020">
     <span class='ocr_line' id='line_1_112' title="bbox 2313 4941 3892 5020; baseline -0.006 -16"><span class='ocrx_word' id='word_1_915' title='bbox 2313 4952 2417 5004; x_wconf 85' lang='lat' dir='ltr'><strong>adit</strong></span> <span class='ocrx_word' id='word_1_916' title='bbox 2448 4949 2632 5020; x_wconf 89' lang='lat' dir='ltr'><strong>(Joan.</strong></span> <span class='ocrx_word' id='word_1_917' title='bbox 2667 4950 2717 5000; x_wconf 88' lang='grc'><strong>7.</strong></span> <span class='ocrx_word' id='word_1_918' title='bbox 2750 4949 2838 5016; x_wconf 83' lang='lat'><strong>7).</strong></span> <span class='ocrx_word' id='word_1_919' title='bbox 2874 4947 3002 5000; x_wconf 81' lang='lat' dir='ltr'><strong>Vide</strong></span> <span class='ocrx_word' id='word_1_920' title='bbox 3028 4956 3201 4999; x_wconf 88' lang='lat' dir='ltr'><strong>autem</strong></span> <span class='ocrx_word' id='word_1_921' title='bbox 3226 4945 3408 4999; x_wconf 80' lang='lat' dir='ltr'><strong>Jacobi</strong></span> <span class='ocrx_word' id='word_1_922' title='bbox 3440 4942 3773 4996; x_wconf 88' lang='lat' dir='ltr'><strong>modestiam.</strong></span> <span class='ocrx_word' id='word_1_923' title='bbox 3799 4941 3892 4995; x_wconf 89' lang='lat' dir='ltr'><strong>Ille</strong></span> 
     </span>
    </p>
   </div>
   <div class='ocr_carea' id='block_1_113' title="bbox 2314 5033 3892 5109">
    <p class='ocr_par' dir='ltr' id='par_1_113' title="bbox 2314 5033 3892 5109">
     <span class='ocr_line' id='line_1_113' title="bbox 2314 5033 3892 5109; baseline -0.008 -14"><span class='ocrx_word' id='word_1_924' title='bbox 2314 5055 2543 5109; x_wconf 90' lang='lat' dir='ltr'><strong>namque</strong></span> <span class='ocrx_word' id='word_1_925' title='bbox 2572 5038 3024 5107; x_wconf 79' lang='lat' dir='ltr'><strong>Jcrosolymorum</strong></span> <span class='ocrx_word' id='word_1_926' title='bbox 3064 5035 3428 5103; x_wconf 80' lang='lat' dir='ltr'><strong>episcOpatum</strong></span> <span class='ocrx_word' id='word_1_927' title='bbox 3458 5033 3699 5100; x_wconf 77' lang='lat' dir='ltr'><strong>accepit,</strong></span> <span class='ocrx_word' id='word_1_928' title='bbox 3728 5040 3785 5085; x_wconf 89' lang='lat' dir='ltr'><strong>et</strong></span> <span class='ocrx_word' id='word_1_929' title='bbox 3815 5041 3892 5083; x_wconf 89' lang='lat' dir='ltr'><strong>ta-</strong></span> 
     </span>
    </p>
   </div>
   <div class='ocr_carea' id='block_1_114' title="bbox 2316 5121 3889 5194">
    <p class='ocr_par' dir='ltr' id='par_1_114' title="bbox 2316 5121 3889 5194">
     <span class='ocr_line' id='line_1_114' title="bbox 2316 5121 3889 5194; baseline -0.006 -12"><span class='ocrx_word' id='word_1_930' title='bbox 2316 5144 2436 5184; x_wconf 88' lang='lat' dir='ltr'><strong>men</strong></span> <span class='ocrx_word' id='word_1_931' title='bbox 2466 5128 2552 5181; x_wconf 90' lang='lat' dir='ltr'><strong>hic</strong></span> <span class='ocrx_word' id='word_1_932' title='bbox 2579 5126 2710 5181; x_wconf 88' lang='lat' dir='ltr'><strong>nihil</strong></span> <span class='ocrx_word' id='word_1_933' title='bbox 2730 5127 2985 5194; x_wconf 88' lang='lat' dir='ltr'><strong>loquitur.</strong></span> <span class='ocrx_word' id='word_1_934' title='bbox 3014 5125 3251 5178; x_wconf 84' lang='lat' dir='ltr'><strong>Aliorum</strong></span> <span class='ocrx_word' id='word_1_935' title='bbox 3276 5137 3487 5192; x_wconf 90' lang='lat' dir='ltr'><strong>quoque</strong></span> <span class='ocrx_word' id='word_1_936' title='bbox 3511 5121 3889 5188; x_wconf 89' lang='lat' dir='ltr'><strong>discipulorum</strong></span> 
     </span>
    </p>
   </div>
   <div class='ocr_carea' id='block_1_115' title="bbox 2316 5211 3885 5283">
    <p class='ocr_par' dir='ltr' id='par_1_115' title="bbox 2316 5211 3885 5283">
     <span class='ocr_line' id='line_1_115' title="bbox 2316 5211 3885 5283; baseline -0.01 -9"><span class='ocrx_word' id='word_1_937' title='bbox 2316 5236 2572 5274; x_wconf 90' lang='lat' dir='ltr'><strong>summam</strong></span> <span class='ocrx_word' id='word_1_938' title='bbox 2607 5220 2955 5273; x_wconf 90' lang='lat' dir='ltr'><strong>humilitatem</strong></span> <span class='ocrx_word' id='word_1_939' title='bbox 2987 5216 3286 5279; x_wconf 89' lang='lat' dir='ltr'><strong>considera,</strong></span> <span class='ocrx_word' id='word_1_940' title='bbox 3315 5230 3420 5283; x_wconf 92' lang='lat' dir='ltr'><strong>quo</strong></span> <span class='ocrx_word' id='word_1_941' title='bbox 3452 5222 3603 5281; x_wconf 88' lang='lat' dir='ltr'><strong>pacto</strong></span> <span class='ocrx_word' id='word_1_942' title='bbox 3629 5212 3701 5263; x_wconf 87' lang='lat' dir='ltr'><strong>illi</strong></span> <span class='ocrx_word' id='word_1_943' title='bbox 3743 5211 3885 5263; x_wconf 65' lang='lat' dir='ltr'><strong>thro.</strong></span> 
     </span>
    </p>
   </div>
   <div class='ocr_carea' id='block_1_116' title="bbox 2319 5300 3890 5377">
    <p class='ocr_par' dir='ltr' id='par_1_116' title="bbox 2319 5300 3890 5377">
     <span class='ocr_line' id='line_1_116' title="bbox 2319 5300 3890 5377; baseline -0.011 -12"><span class='ocrx_word' id='word_1_944' title='bbox 2319 5327 2441 5365; x_wconf 88' lang='lat' dir='ltr'><strong>num</strong></span> <span class='ocrx_word' id='word_1_945' title='bbox 2479 5310 2819 5374; x_wconf 88' lang='lat' dir='ltr'><strong>concedunt,</strong></span> <span class='ocrx_word' id='word_1_946' title='bbox 2861 5323 3032 5377; x_wconf 89' lang='lat' dir='ltr'><strong>neque</strong></span> <span class='ocrx_word' id='word_1_947' title='bbox 3066 5308 3175 5375; x_wconf 85' lang='lat' dir='ltr'><strong>jam</strong></span> <span class='ocrx_word' id='word_1_948' title='bbox 3214 5314 3396 5358; x_wconf 91' lang='lat' dir='ltr'><strong>mutuo</strong></span> <span class='ocrx_word' id='word_1_949' title='bbox 3434 5303 3747 5369; x_wconf 72' lang='lat' dir='ltr'><strong>disceptant.</strong></span> <span class='ocrx_word' id='word_1_950' title='bbox 3800 5300 3890 5353; x_wconf 81' lang='lat' dir='ltr'><strong>llla</strong></span> 
     </span>
    </p>
   </div>
   <div class='ocr_carea' id='block_1_117' title="bbox 2318 5392 3893 5471">
    <p class='ocr_par' dir='ltr' id='par_1_117' title="bbox 2318 5392 3893 5471">
     <span class='ocr_line' id='line_1_117' title="bbox 2318 5392 3893 5471; baseline -0.009 -16"><span class='ocrx_word' id='word_1_951' title='bbox 2318 5404 2457 5455; x_wconf 90' lang='lat' dir='ltr'><strong>cnim</strong></span> <span class='ocrx_word' id='word_1_952' title='bbox 2488 5401 2725 5455; x_wconf 87' lang='lat' dir='ltr'><strong>Ecclesia</strong></span> <span class='ocrx_word' id='word_1_953' title='bbox 2765 5402 2915 5471; x_wconf 84' lang='lat' dir='ltr'><strong>quasi</strong></span> <span class='ocrx_word' id='word_1_954' title='bbox 2958 5401 3008 5451; x_wconf 90' lang='lat' dir='ltr'><strong>in</strong></span> <span class='ocrx_word' id='word_1_955' title='bbox 3052 5398 3197 5452; x_wconf 86' lang='lat' dir='ltr'><strong>ca-lis</strong></span> <span class='ocrx_word' id='word_1_956' title='bbox 3238 5395 3402 5465; x_wconf 88' lang='lat' dir='ltr'><strong>posita</strong></span> <span class='ocrx_word' id='word_1_957' title='bbox 3446 5402 3594 5455; x_wconf 88' lang='lat' dir='ltr'><strong>erat,</strong></span> <span class='ocrx_word' id='word_1_958' title='bbox 3636 5392 3893 5445; x_wconf 73' lang='lat' dir='ltr'><strong>smcularc</strong></span> 
     </span>
    </p>
   </div>
   <div class='ocr_carea' id='block_1_118' title="bbox 2321 5480 3891 5561">
    <p class='ocr_par' dir='ltr' id='par_1_118' title="bbox 2321 5480 3891 5561">
     <span class='ocr_line' id='line_1_118' title="bbox 2321 5480 3891 5561; baseline -0.01 -13"><span class='ocrx_word' id='word_1_959' title='bbox 2321 5496 2450 5548; x_wconf 84' lang='lat' dir='ltr'><strong>nihil</strong></span> <span class='ocrx_word' id='word_1_960' title='bbox 2481 5496 2701 5559; x_wconf 87' lang='lat' dir='ltr'><strong>habens,</strong></span> <span class='ocrx_word' id='word_1_961' title='bbox 2734 5508 2837 5547; x_wconf 88' lang='lat' dir='ltr'><strong>non</strong></span> <span class='ocrx_word' id='word_1_962' title='bbox 2870 5491 3157 5561; x_wconf 85' lang='lat' dir='ltr'><strong>parietibus</strong></span> <span class='ocrx_word' id='word_1_963' title='bbox 3180 5531 3193 5553; x_wconf 91' lang='lat'><strong>,</strong></span> <span class='ocrx_word' id='word_1_964' title='bbox 3237 5504 3339 5541; x_wconf 79' lang='lat' dir='ltr'><strong>non</strong></span> <span class='ocrx_word' id='word_1_965' title='bbox 3370 5487 3750 5544; x_wconf 77' lang='lat' dir='ltr'><strong>martum-ibus,</strong></span> <span class='ocrx_word' id='word_1_966' title='bbox 3796 5480 3891 5533; x_wconf 78' lang='lat' dir='ltr'><strong>sed</strong></span> 
     </span>
    </p>
   </div>
   <div class='ocr_carea' id='block_1_119' title="bbox 2383 5620 3897 5691">
    <p class='ocr_par' dir='ltr' id='par_1_119' title="bbox 2383 5620 3897 5691">
     <span class='ocr_line' id='line_1_119' title="bbox 2383 5620 3897 5691; baseline -0.009 -14"><span class='ocrx_word' id='word_1_967' title='bbox 2383 5642 2455 5689; x_wconf 67' lang='lat' dir='ltr'><strong>tu:</strong></span> <span class='ocrx_word' id='word_1_968' title='bbox 2473 5628 2654 5689; x_wconf 72' lang='lat' dir='ltr'><strong>Ioseph</strong></span> <span class='ocrx_word' id='word_1_969' title='bbox 2673 5641 2875 5691; x_wconf 82' lang='lat' dir='ltr'><strong>Sponsus</strong></span> <span class='ocrx_word' id='word_1_970' title='bbox 2894 5628 3047 5676; x_wconf 69' lang='lat' dir='ltr'><strong>Maria:</strong></span> <span class='ocrx_word' id='word_1_971' title='bbox 3070 5626 3255 5675; x_wconf 72' lang='lat' dir='ltr'><strong>videtur</strong></span> <span class='ocrx_word' id='word_1_972' title='bbox 3274 5631 3491 5673; x_wconf 81' lang='lat' dir='ltr'><strong>mortuus</strong></span> <span class='ocrx_word' id='word_1_973' title='bbox 3512 5620 3657 5669; x_wconf 76' lang='lat' dir='ltr'><strong>fuisse</strong></span> <span class='ocrx_word' id='word_1_974' title='bbox 3682 5624 3793 5664; x_wconf 84' lang='lat' dir='ltr'><strong>ante</strong></span> <span class='ocrx_word' id='word_1_975' title='bbox 3822 5630 3897 5663; x_wconf 58' lang='grc' dir='ltr'><strong>οδε</strong></span> 
     </span>
    </p>
   </div>
   <div class='ocr_carea' id='block_1_120' title="bbox 2329 5704 2618 5742">
    <p class='ocr_par' dir='ltr' id='par_1_120' title="bbox 2329 5704 2618 5742">
     <span class='ocr_line' id='line_1_120' title="bbox 2329 5704 2618 5742; baseline -0.01 -2"><span class='ocrx_word' id='word_1_976' title='bbox 2329 5704 2618 5742; x_wconf 68' lang='grc' dir='ltr'><strong>εευδιυιιριιι,</strong></span> 
     </span>
    </p>
   </div>
  </div>
