4074 6302
604 350 671 401 37
1280 345 1333 400 S.
1373 342 1654 400 JOANNIS
1690 338 2174 398 CHRYSOSTOMI
2215 337 2530 394 ARCHIEP.
2575 337 3118 394 CONSTANTIAOP.
3753 335 3826 390 58

669 460 736 528 7’.
755 458 896 526 Αῦτη
924 458 1144 529 πρόνοια
1158 458 1492 512 διδασκάλου.
1513 459 1732 527 Πρῶτος
1747 450 1901 518 0610;
1917 456 2166 507 διδάσκα-

600 544 686 594 λον
726 539 1073 609 κατέστησεν.
1122 538 1234 592 Οὐκ
1273 536 1442 602 εἶπεν,
1491 540 1571 591 ὅτι
1614 537 1936 604 Ἀρκοῦμεν
1960 534 2160 602 ἡμεῖς·

601 621 742 674 οὕτω
773 623 949 690 πάσης
979 621 1279 685 κενοδοξίας
1314 622 1467 683 ἐκτὸς
1502 616 1570 689 ἦν
1592 663 1605 681 ,
1643 621 1737 672 καὶ
1766 619 1900 689 πρὸς
1929 619 1985 669 ἐν
2020 615 2165 684 ἐώρα

599 703 779 774 μόνον,
808 703 985 756 καίτοι
1035 703 1156 755 οὐδὲ
1204 703 1453 755 ίσότυπον
1486 703 1688 754 ἅπασιν
1725 698 1834 770 εἶχε
1868 699 1965 769 τὴν
1996 697 2165 750 κατά-

599 803 785 838 στασιν
841 785 954 838 ἀλλ’
973 786 1194 848 είκότως
1213 785 1381 838 ταῦτα
1401 785 1613 851 ἐγένετο
1628 785 1716 836 διὰ
1739 787 1832 853 τὴν
1849 782 2047 851 ἀρετὴν
2073 777 2164 830 τοῦ

597 867 786 937 ἀνδρός
805 883 818 894 ·
844 867 939 920 καὶ
965 867 1045 919 ὅτι
1077 867 1194 918 τότε
1234 867 1266 935 ή
1301 866 1589 918 ἐπιστασία
1619 861 1707 939 ᾖν,
1739 865 1800 917 οὐ
1832 864 1963 934 τιμή
1983 903 1996 925 ,
2028 861 2163 913 ἀλλά

597 953 822 1022 πρόνοια
862 952 970 1006 τῶν
1013 951 1347 1021 ἀρχομένων.
1377 950 1546 1005 Τοῦτο
1591 949 1714 1003 οὔτε
1749 950 1874 1011 τοὺς
1910 947 2163 1018 αἱρουμέ-

597 1053 720 1099 νους
740 1037 909 1089 ἐποίει
934 1033 1251 1105 ἐπαίρεσθαι
1273 1050 1287 1064 ·
1312 1033 1404 1086 ἐπὶ
1425 1033 1530 1104 γάρ
1549 1033 1822 1095 κινδύνους
1845 1031 2159 1085 ἐκαλοῦντο·

596 1116 714 1169 οὔτε
744 1117 869 1180 τοὺς
900 1115 973 1187 μή
1026 1116 1346 1186 αἱρεθέντας
1397 1114 1472 1177 ώς
1516 1115 1918 1184 ἀτιμασθέντας
1955 1113 2157 1178 ἀλγεῖν.

608 1197 746 1249 Ἀλλ’
784 1198 905 1268 οὐχὶ
944 1196 1038 1249 νῦν
1067 1197 1207 1248 οῦτω
1243 1197 1473 1263 γίνεται,
1503 1195 1618 1248 ἀλλ’
1647 1195 1791 1249 ἀπαν
1833 1195 2158 1247 τούναντίον.

595 1278 735 1348 Ὀρα
758 1278 887 1349 γάρ,
924 1279 1116 1331 ἑκατὸν
1161 1280 1363 1332 είκοσιν
1403 1275 1562 1349 ἦσαν,
1610 1279 1703 1332 καὶ
1741 1279 1836 1330 ἐνα
1864 1279 2006 1329 αἰτεῖ
2055 1274 2161 1328 ἀπὸ

592 1362 789 1424 παντὸς
819 1361 911 1414 τοῦ
936 1360 1172 1432 πλήθους
1192 1377 1206 1389 ·
1253 1362 1493 1424 εἰκότως.
1524 1360 1744 1431 Πρῶτος
1782 1357 1873 1411 τοῦ
1913 1359 2162 1428 πράγμα-

591 1461 681 1507 τος
715 1444 980 1507 αύθεντεῖ,
1023 1444 1118 1497 ἅτε
1147 1443 1305 1505 αὐτὸς
1349 1444 1554 1504 πάντας
1604 1441 1982 1514 ἐγχειρισθείς.
2019 1441 2160 1510 Πρὸς

591 1526 698 1596 7&9
725 1526 907 1578 τοῦτον
934 1521 1086 1577 εἶπεν
1122 1528 1150 1578 ό
1178 1524 1438 1594 Χριστός·
1468 1524 1579 1576 Καὶ
1603 1526 1682 1577 σύ
1708 1540 1852 1577 ποτε
1891 1521 2162 1590 ἐπιστρέ-

588 1611 731 1674 ψας,
769 1608 1058 1676 στήριξον
1094 1606 1234 1673 τοὺς
1271 1606 1572 1674 ἀδελφούς
1594 1620 1733 1661 σου.
1767 1607 1890 1659 Ὅτι
1918 1609 2160 1670 Κατηρι-

587 1689 885 1757 θμημένος
912 1687 1009 1758 ἦν,
1047 1690 1200 1759 φησὶ,
1229 1687 1351 1741 σὺν
1380 1687 1544 1756 ἡμῖν.
1577 1687 1674 1740 Διά
1706 1688 1862 1741 τοῦτο
1893 1689 2157 1758 προσήκει

589 1770 772 1840 ἕτερον
796 1770 1214 1840 προϐάλλεσθαι,
1243 1769 1383 1822 ὥστε
1414 1769 1666 1840 μάρτυρα
1687 1769 1935 1837 γενέσθαι
1964 1770 2042 1830 είς
2069 1767 2158 1819 τὸν

588 1853 795 1904 ἐκείνου
816 1854 997 1905 τόπον.
1030 1854 1135 1903 Καὶ
1157 1853 1278 1922 ὅρα,
1302 1851 1418 1914 πῶς
1438 1852 1528 1903 τὸν
1555 1851 1870 1905 διδάσκαλον
1893 1853 2154 1922 μιμεῖται,

587 1931 858 2002 πανταχοῦ
893 1933 999 1986 ἀπὸ
1038 1932 1146 1985 τῶν
1181 1918 1413 2001 Γραφῶν
1439 1931 1820 2002 διαλεγόμενος
1841 1970 1856 1993 ,
1886 1918 1979 1984 καί
2007 1918 2157 1982 οὐδὲν

588 2015 718 2084 περὶ
763 2014 856 2066 τοῦ
896 2014 1133 2085 Χριστοῦ
1171 2014 1355 2082 λέγων
1388 2012 1619 2076 οὐδέπω,
1659 2013 1739 2066 δτι
1770 2015 1996 2080 προεῖπε
2029 2012 2158 2063 πολ-

591 2098 746 2160 λάκις
775 2097 955 2160 αὑτός.
985 2098 1096 2150 Καὶ
1125 2097 1184 2149 οὐ
1210 2097 1378 2165 λέγει,
1408 2096 1535 2148 ἔνθα
1553 2095 1650 2164 τῆς
1674 2096 1964 2167 προδοσίας
1991 2093 2156 2148 αὑτοῦ

591 2182 895 2251 μέμνηται·
965 2174 1097 2242 οἷον,
1138 2181 1335 2246 Στόμα
1394 2177 1766 2246 ἀμαρτωλοῦ,
1815 2177 1916 2229 καί
1966 2178 2159 2245 στόμα

590 2263 796 2315 δολίου
839 2262 931 2314 ἐπ’
969 2260 1073 2329 ἐμὲ
1107 2261 1390 2328 ἠνοίχθη·
1440 2259 1555 2312 ἀλλ’
1598 2259 1726 2312 ἔνθα
1767 2260 1866 2329 τῆς
1889 2259 2158 2328 τιμωρίας

589 2345 754 2399 αὑτοῦ
795 2345 953 2414 μόνον
979 2343 1074 2413 τήν
1117 2343 1335 2413 μνήμην
1367 2345 1659 2413 ἐποιήσατο
1680 2359 1693 2372 ·
1737 2342 1895 2395 τοῦτο
1924 2341 2027 2412 γάρ
2059 2342 2155 2392 αὑ-

590 2432 716 2492 τοὺς
767 2428 902 2490 τέως
956 2426 1175 2494 ὠφέλει.
1223 2423 1392 2477 Τοῦτο
1445 2425 1678 2494 μάλιστα
1710 2424 1948 2476 δείκνυσι
1996 2422 2157 2475 πάλιν

595 2511 681 2565 τοῦ
718 2510 988 2562 Δεσπότου
1022 2508 1120 2578 τήν
1160 2506 1588 2578 φιλανθρωπίαν.
1626 2507 1749 2558 Ὀτι
1789 2508 2157 2573 Κατηριθμη-

593 2592 766 2658 μένος
789 2587 886 2659 ἦν,
917 2590 1070 2658 φησὶ,
1098 2588 1219 2640 σὺν
1240 2587 1404 2655 ἡμῖν,
1437 2587 1532 2638 καί
1579 2586 1760 2653 ἔλαχε
1785 2586 1888 2638 τὸν
1931 2585 2159 2652 κλῆρον

593 2673 698 2740 τῆς
722 2671 1024 2736 διακονίας
1047 2671 1287 2736 ταύτης.
1323 2668 1534 2738 Κλῆρον
1567 2668 1725 2721 αὐτὸν
1760 2666 2030 2736 πανταχοῦ
2069 2685 2161 2720 κα⁹

593 2758 689 2817 λετ,
717 2753 927 2814 δεικνὺς
957 2751 1055 2820 τῆς
1082 2749 1173 2802 τοῦ
1206 2749 1338 2801 Θεοῦ
1365 2750 1588 2818 χάριτος
1613 2749 1674 2801 16
1701 2751 1807 2801 πᾶν
1833 2748 1912 2811 δν,
1944 2750 2036 2802 καὶ
2061 2750 2159 2816 τῆς

592 2835 836 2904 ἐκλογῆς,
877 2831 971 2886 καὶ
1023 2833 1452 2902 ἀναμιμνήσκων
1501 2831 1698 2893 αὐτοὺς
1740 2831 1849 2882 τῶν
1876 2831 2156 2896 παλαιῶν,

591 2916 702 2989 [27]
754 2919 836 2969 ὅτι
869 2917 898 2968 ό
951 2913 1081 2977 Θεὸς
1135 2914 1296 2965 αὑτὸν
1329 2912 1696 2982 ἐκληρώσατο,
1743 2913 1994 2980 καθάπερ
2034 2915 2159 2974 τοὺς

594 3003 842 3065 Λευίτας,
871 3000 965 3053 καὶ
994 2998 1314 3068 ἐνδιατρίϐει
1343 3008 1361 3028 ⁸
1377 3001 1487 3061 τοῖς
1508 2998 1635 3068 περὶ
1655 2998 1837 3060 αὑτοῦ,
1859 3001 1887 3050 6
1912 3000 2006 3067 τῆς
2031 3015 2160 3066 προ-

594 3085 772 3143 δοσίας
806 3081 994 3151 μισθὸς
1025 3080 1185 3142 αὐτὸς
1215 3081 1305 3131 καὶ
1333 3079 1432 3148 τῆς
1456 3079 1726 3148 τιμωρίας
1753 3081 1941 3145 γέγονε
1966 3080 2160 3148 κήρυξ.

605 3165 929 3229 Ἐκτήσατο
967 3162 1096 3232 γὰρ,
1144 3164 1294 3231 φησὶ,
1324 3164 1540 3229 χωρίον
1565 3161 1632 3213 ἐκ
1653 3162 1875 3229 μισθοῦ
1904 3161 2012 3228 τῆς
2041 3162 2162 3213 ἀδι-

595 3247 745 3310 κίας.
777 3245 917 3314 Ὅρα
957 3244 1068 3305 πῶς
1096 3243 1231 3294 Θεοῦ
1274 3243 1554 3312 οἰκονομία
1593 3243 1650 3296 τὸ
1678 3244 1896 3311 γεγονὸς
1925 3241 2010 3310 ἧν.
2051 3243 2162 3310 Τῆς

594 3327 842 3392 ἀδικίας,
879 3327 1028 3393 φησί.
1056 3324 1251 3376 Πολλαὶ
1273 3328 1326 3376 αἱ
1357 3325 1580 3390 ἀδικίαι,
1615 3325 1750 3377 ἀλλά
1787 3325 1986 3394 ταύτης
2013 3327 2160 3377 οὐδὲν

595 3409 917 3478 ἀδικώτερον
945 3406 1131 3474 γέγονέ
1157 3423 1302 3468 ποτε,
1334 3405 1472 3458 ὥστε
1502 3407 1711 3469 ἀδικίας
1737 3403 1803 3477 ἦν
1828 3408 1888 3459 τὸ
1910 3411 2158 3477 πρᾶγμα.

596 3492 728 3559 Οὐχὶ
761 3490 817 3541 δὲ
848 3490 1006 3558 μόνον
1036 3490 1148 3550 τοῖς
1185 3487 1417 3556 παροῦσι
1446 3487 1634 3554 γέγονε
1661 3487 1818 3556 δῆλον
1849 3490 1908 3540 τὸ
1936 3490 2160 3557 γενόμε-

599 3588 702 3636 νον,
731 3570 865 3623 ἀλλά
919 3569 1009 3620 καὶ
1058 3571 1192 3620 πᾶσι
1222 3571 1330 3630 τοῖς
1366 3568 1504 3637 μετά
1546 3569 1737 3634 ταῦτα,
1774 3569 1914 3623 ὥστε
1941 3571 2162 3633 ἄκοντες

595 3655 881 3723 ὠνόμασαν
903 3653 999 3704 οὐκ
1023 3651 1240 3713 εἰδότες,
1261 3650 1509 3720 καθάπερ
1536 3653 1630 3705 καὶ
1656 3655 1908 3721 Καϊάφας
1931 3655 2164 3724 προεφή-

597 3752 782 3788 τευσεν
829 3736 926 3786 οὐκ
969 3732 1141 3794 εἰδώς.
1187 3731 1246 3785 Ὀ
1286 3732 1415 3795 Θεὸς
1444 3734 1640 3797 αὐτοὺς
1670 3731 1990 3803 ’ἠνάγκασεν
2022 3734 2163 3788 οὕτω

599 3816 822 3870 καλέσαι
880 3814 1155 3884 Ἐϐραϊστὶ
1195 3813 1519 3880 Ἀκελδαμά.
1559 3816 1692 3868 ’Λπὸ
1736 3817 1925 3869 τούτου
1971 3818 2062 3869 καὶ
2095 3817 2164 3869 τά

611 3899 882 3960 Ἰουδαίοις
907 3898 1115 3950 ἐπιέναι
1148 3896 1406 3966 μέλλοντα
1451 3898 1597 3949 κακὰ
1625 3898 1755 3968 δῆλα
1782 3895 1848 3969 ἦν
1869 3915 1881 3928 ·
1935 3900 2027 3951 καὶ
2052 3900 2160 3951 δεί-

600 3997 758 4033 κιυσι
808 3980 942 4042 τέως
985 3979 1082 4049 τὴν
1129 3980 1434 4050 πρόρρησιν
1472 3979 1792 4042 ἐξελθοῦσαν
1825 3984 1889 4032 ἐκ
1942 3982 2158 4052 μέρους,

598 4065 698 4132 τήν
728 4063 756 4102 ιν
782 4062 1042 4129 λέγουσαν
1061 4080 1073 4090 ·
1101 4064 1303 4115 Καλόν
1321 4058 1399 4132 ἦν
1425 4061 1601 4126 αὐτῷ,
1631 4065 1685 4115 εὶ
1717 4065 1827 4116 οὐκ
1873 4064 2159 4132 ἐγεννήθη

602 4148 634 4198 ὁ
658 4143 965 4212 ἄνθρωπος
1012 4143 1261 4209 ἐκεῖνος.
1315 4144 1425 4197 Καὶ⁹
1474 4147 1601 4213 περὶ
1639 4145 1747 4197 τῶν
1797 4145 2061 4198 Ἰουδαίων
2097 4148 2163 4198 τὰ

607 4225 747 4280 αὺτά
793 4226 1021 4299 ἁρμόζει
1067 4227 1262 4294 λέγειν.
1312 4228 1371 4278 Εἰ
1401 4229 1506 4297 γὰρ
1556 4231 1583 4280 ὁ
1617 4229 1904 4298 γενόμενος
1953 4230 2160 4300 ὁδητδῖν

607 4307 783 4377 πολλῷ
821 4308 1014 4378 μᾶλλον
1069 4311 1159 4361 καὶ
1200 4303 1364 4361 οῦτοι.
1427 4308 1562 4360 Ἀλλ’
1590 4309 1738 4362 οὐδὲν
1770 4310 1968 4364 τούτων
2019 4312 2163 4380 λέγει

603 4391 760 4453 τέως.
790 4387 917 4443 Εἶτα
936 4391 1170 4453 δεικνὺς,
1189 4392 1270 4443 δτι
1292 4391 1418 4462 περὶ
1445 4390 1605 4442 αὐτοῦ
1630 4393 1850 4456 είκὸτως
1875 4393 1939 4446 ἂν
1958 4393 2164 4462 λέγοιτο

616 4473 936 4543 Ἀκελδαμά,
970 4475 1151 4540 ἐνάγει
1184 4485 1204 4511 ο
1239 4475 1327 4525 τὸν
1366 4476 1647 4543 προφήτην
1681 4475 1909 4542 λέγοντα
1932 4517 1943 4538 ,
1974 4481 2159 4545 Γενη-

607 4558 763 4623 θήτω
792 4560 829 4625 ἠ
883 4558 1135 4621 ἔπαυλις
1179 4557 1362 4609 αὑτοῦ
1391 4557 1630 4624 ἕρημος.
1668 4559 1731 4609 Τί
1764 4560 1869 4630 7&9
1908 4564 2164 4630 ἐρημότε-

607 4660 696 4713 ρον
732 4641 824 4695 106
866 4643 1034 4709 τάφον
1081 4639 1366 4707 γενέσθαι;
1400 4639 1560 4691 Ὥστε
1595 4644 1687 4693 καὶ
1714 4645 1936 4704 εἰκότως
1966 4645 2029 4695 ἂν
2065 4646 2162 4696 αύ-

605 4726 698 4778 τοῦ
730 4725 948 4793 κληθείη
971 4722 1032 4775 τὸ
1055 4723 1270 4792 χωρίον.
1306 4723 1362 4773 Ὀ
1385 4722 1488 4792 γάρ
1512 4723 1572 4773 16
1592 4724 1806 4794 τίμημα
1827 4725 2162 4791 καταϐαλὼν,

608 4809 657 4859 εί
698 4809 791 4858 καὶ
828 4807 1002 4874 ἐτεροι
1048 4808 1095 4856 οἱ
1130 4804 1461 4874 ήγορακότες
1499 4801 1638 4868 εἷεν,
1678 4807 1837 4869 αὐτὸς
1868 4807 1932 4859 ἂν
1961 4808 2044 4876 εἴη
2088 4808 2165 4860 δί-

609 4905 759 4951 καιος
795 4885 1102 4953 λογίζεσθαι
1141 4887 1326 4954 κύριος
1361 4888 1688 4956 ἐρημώσεως
1721 4891 1980 4959 μεγάλης.
2017 4891 2163 4963 Αῦτη

610 4973 640 5043 ή
667 4973 943 5043 ἐρήμωσις
964 4969 1243 5039 προοίμιον
1269 4970 1368 5037 τῆς
1397 4970 1710 5037 Ἰουδαϊκῆς,
1740 4974 1872 5040 εῖγέ
1903 4993 1983 5037 τις
2017 4977 2168 5046 ἀκρι-

607 5055 717 5116 6ὦς
739 5054 1030 5117 ἐξετάσειε.
1057 5052 1163 5105 Καὶ
1194 5051 1302 5122 7&9
1325 5054 1517 5104 ἐκεῖνοι
1542 5054 1764 5117 ἑαυτοὺς
1792 5058 1996 5110 ἀνεῖλον
2025 5058 2166 5128 λιμῷ

607 5137 703 5189 καὶ
727 5134 948 5196 πολλοὺς
976 5134 1298 5188 ἀπέκτειναν
1317 5175 1329 5196 ,
1359 5135 1450 5187 καὶ
1484 5137 1650 5201 τάφος
1680 5138 1895 5205 γέγονεν
1922 5142 1952 5210 ή
1980 5141 2130 5203 πόλις
2149 5180 2164 5203 ,

608 5219 716 5271 τῶν
761 5216 946 5280 ξένων,
997 5217 1104 5268 τῶν
1135 5216 1511 5286 στρατιωτῶν·
1555 5221 1793 5284 ἐκείνους
1828 5222 1934 5294 γάρ
1963 5224 2066 5275 οὐδ’
2103 5223 2166 5277 ἂν

610 5301 796 5353 εἴασαν
830 5301 1083 5368 ταφῆναι,
1115 5299 1232 5352 ούδέ
1265 5300 1371 5371 7&9
1407 5300 1580 5370 ταφῆς
1617 5304 2042 5374 κατηξιώθησαν.
2077 5307 2174 5360 Δεῖ

613 5376 723 5435 οὖν
749 5380 864 5432 τῶν
885 5381 1301 5434 συνελθόντων
1319 5381 1484 5449 ἡμῖν.
1509 5385 1692 5452 φησὶν,
1716 5385 1968 5452 ἀνδρῶν.
2001 5388 2166 5458 Ὅρα,

612 5464 726 5525 πῶς
783 5463 1025 5532 βούλεται
1090 5462 1365 5526 αὐτόπτας
1427 5464 1621 5527 αὐτοὺς
1687 5462 1850 5520 εἶναι.
1912 5471 2168 5540 Καίτοιγε

611 5546 801 5614 ἔμελλε
826 5545 1150 5614 παρέσεσθαι
1174 5545 1234 5598 16
1258 5545 1498 5614 Πνεῦμα·
1529 5547 1640 5600 ἀλλ’
1663 5551 1810 5618 ὅμως
1833 5552 1996 5623 πολλὴ
2017 5571 2170 5606 σπου.

609 5630 672 5700 δή
695 5638 760 5682 πε
769 5631 819 5699 ρ).
848 5629 1033 5681 τούτου
1059 5625 1146 5699 ἦν.
1175 5629 1300 5682 Τῶν
1318 5631 1735 5685 συνελθόντων
1755 5634 1897 5703 ἡμῖν
1913 5637 2164 5706 ἀνδρῶν,

675 5811 701 5838 ⁸
730 5811 900 5880 Μαί-θ)...
921 5811 1095 5880 κάξ-ὄτι
1114 5814 1420 5880 ἐνδιατρίϐειζ
1530 5815 1699 5880 Morel.
1731 5819 1782 5866 ἐκ
1805 5820 1968 5880 μέρους
1991 5819 2166 5878 ἐκείνην

617 5872 719 5920 τήν.
791 5873 812 5901 ο
855 5869 930 5919 Sic
976 5873 1143 5920 Ματρί.
1176 5883 1222 5922 (‘l
1255 5869 1368 5925 xhss.
1393 5875 1743 5938 Ξανί1.ὲπεὶίει.

2262 455 2445 522 φησιν,
2473 455 2542 506 ἐν
2567 457 2745 509 παντί
2776 457 2987 523 χρόνῳ,
3013 455 3081 507 ἐν·
3102 448 3150 519 ᾧ
3168 453 3414 520 εἰσῆλθε
3439 451 3535 505 καί
3567 449 3826 518 ἐξῆλθεν

2383 535 2538 603 ἡμᾶς
2577 540 2608 589 o'
2630 539 2840 605 Κύριος
2881 539 3127 604 Ἰησοῦς.
3168 537 3446 588 Δείκνυσιν
3474 534 3667 597 αὐτοὺς
3696 550 3824 586 συν-

2265 618 2548 685 ῳκηκότας
2585 620 2732 687 αὐτῷ
2773 622 2870 688 οὐχ
2915 618 3099 681 ἁπλῶς
3138 619 3212 681 ώς
3243 616 3487 687 μαθητὰς
3531 616 3823 686 παρόντας.

2268 698 2408 765 Ἄρα
2434 698 2525 749 καὶ
2552 695 2609 761 ἐξ
2631 699 2802 769 ἀρχῆς
2825 702 2942 752 τότε
2976 701 3159 752 πολλοὶ
3190 697 3624 769 παρηκολούθουν
3653 697 3823 765 αὐτῷ.

2265 777 2404 846 Ὅρα
2443 779 2592 846 γοῦν,
2619 781 2736 841 πῶς
2757 787 2912 833 τοῦτο
2950 782 3096 849 δηλοῖ
3124 781 3173 843 ἀ,
3207 782 3331 834 ὅταν
3375 780 3540 851 λέγῃ·
3578 775 3696 832 Ἦν
3737 775 3828 842 εἷς

2261 858 2329 910 ἐκ
2364 858 2481 911 τῶν
2508 861 2615 914 δύο
2645 861 2762 914 τῶν
2789 863 3177 915 ἀκουσάντων
3202 863 3361 929 παρὰ
3394 861 3692 920 Ἰωάννου,
3725 860 3827 911 καί

2261 941 2804 1010 ἀκολουθησάντων
2844 944 2923 1010 τῷ
2972 944 3194 1011 Ἰησοῦ.
3241 940 3337 994 Ἐν
3375 942 3551 994 παντί
3588 944 3786 1011 χρόνῳ
3811 983 3826 1001 ,

2261 1024 2444 1092 φησὶν,
2468 1023 2537 1075 ἐν
2557 1017 2604 1088 ᾧ
2624 1024 2871 1092 είσῆλθε
2890 1026 2986 1078 καί
3009 1024 3264 1092 ἐξῆλθεν
3286 1023 3376 1091 ἐφ’
3391 1023 3546 1091 ἡμᾶς
3564 1028 3596 1076 ό
3612 1025 3829 1089 Κύριος

2274 1105 2529 1171 Ἰησοῦς,
2554 1108 2880 1176 ἀρξάμενος
2905 1109 3020 1162 ἀπὸ
3051 1108 3599 1175 τοῦσβαπτίσματος
3637 1106 3827 1160 Ἰωάν-

2259 1203 2391 1241 νου.
2412 1189 2627 1252 Καλῶς.
2661 1191 2741 1243 Τά
2774 1192 2883 1261 γὰρ
2914 1192 3019 1261 πρὸ
3043 1191 3232 1244 τούτου
3264 1190 3436 1251 οὐδεὶς
3471 1190 3586 1259 ᾔδει
3611 1188 3822 1258 μαθὼν,

2258 1268 2394 1322 ἀλλά
2421 1271 2693 1340 Πνεύματι
2717 1274 3034 1340 ἐμάνθανον.
3064 1272 3217 1337 Ἕως
3235 1270 3345 1337 τῆς
3366 1273 3605 1338 ἡμέρας,
3636 1271 3824 1340 φησὶν.

2256 1346 2332 1421 ἧς
2387 1353 2694 1422 ἀνελήφθη
2745 1355 2842 1422 ἀφ’
2877 1352 3062 1422 ἡμῶν,
3118 1353 3387 1422 μάρτυρα
3420 1352 3528 1420 τῆς
3570 1354 3826 1405 ἀναστάς

2257 1449 2412 1500 σεως
2445 1434 2630 1488 αὐτοῦ
2665 1435 2786 1488 σὺν
2821 1434 2966 1504 ἡμῖν
2992 1435 3267 1505 γενέσθαι
3287 1435 3392 1487 ἕνα
3425 1435 3664 1487 τούτων.
3709 1436 3825 1486 υὺκ

2257 1513 2412 1581 εἷπε,
2461 1517 2583 1571 Τῶν
2619 1518 2822 1570 ἄλλων
2847 1517 3117 1586 μάρτιφα
3138 1559 3150 1579 ,
3199 1516 3332 1569 ἀλλὰ
3353 1559 3367 1579 ,
3409 1516 3521 1583 Τῆς
3563 1515 3828 1568 ἀναστά-

2257 1615 2411 1666 σεως
2440 1600 2606 1670 μόνης
2639 1600 2908 1670 μάρτυρα.
2950 1601 3060 1653 Καὶ
3093 1600 3201 1670 γάρ
3242 1599 3676 1668 ἀξιοπιστότερος
3699 1592 3768 1666 ἦν
3796 1599 3828 1648 6

2255 1683 2550 1752 δυνάμενος
2595 1683 2790 1744 εἰπεῖν,
2834 1682 2916 1734 ὅτι
2962 1682 3194 1744 Ἐκεῖνος
3223 1684 3251 1732 6
3287 1680 3496 1750 φαγὼν,
3537 1681 3629 1732 καὶ
3658 1678 3822 1737 πιὼν.

2257 1767 2351 1818 καὶ
2387 1764 2716 1837 σταυρωθεὶς
2738 1804 2752 1828 ,
2789 1764 2949 1828 αὐτὸς
2987 1765 3205 1833 ἀνέστη.
3237 1765 3396 1815 Ὥστε
3435 1762 3556 1815 οὔτε
3586 1764 3689 1816 τῶν
3716 1763 3827 1831 πρὸ

2255 1848 2443 1899 τούτου
2475 1847 2681 1917 χρόνων
2700 1886 2715 1909 ,
2743 1845 2865 1898 οὔτε
2913 1847 3021 1898 τῶν
3063 1848 3200 1916 μετά
3229 1845 3400 1899 ταῦτα
3432 1847 3536 1898 ἔδει
3572 1847 3827 1915 μάρτυρα

2255 1925 2394 1982 εἶναι
2423 1933 2515 1982 καὶ
2555 1940 2578 1966 ε
2617 1929 2724 1980 τῶν
2767 1930 3026 1998 σημείων.
3079 1930 3150 1981 '1'6
3180 1929 3286 1997 γάρ
3316 1929 3640 1998 ζητούμενον
3664 1927 3828 1978 τοῦτο

2253 2008 2342 2082 ἦν,
2373 2013 2408 2080 ἡ
2442 2011 2732 2075 ἀνάστ,ασις
2757 2027 2770 2040 ·
2812 2012 2931 2064 ἐπεὶ
2965 2015 3150 2063 ἐκεῖνα
3192 2013 3328 2082 δῆλα
3372 2008 3441 2082 ἦν
3470 2013 3563 2063 καὶ
3615 2011 3826 2079 ώμολο-

2257 2094 2490 2164 γημένα,
2541 2093 2679 2161 αῦτη
2721 2093 2777 2145 δὲ
2820 2093 2995 2164 λάθρα
3025 2095 3248 2162 γέγονε,
3275 2095 3370 2147 καὶ
3400 2094 3608 2157 τούτοις
3642 2097 3831 2162 μόνοις

2255 2173 2323 2247 ἦν
2354 2176 2512 2247 δήλη.
2539 2177 2648 2229 Καὶ
2671 2176 2730 2228 ού
2761 2175 3028 2243 λέγουσιν,
3067 2178 3150 2229 δτι
3183 2177 3434 2244 ’Δγγελοι
3475 2174 3624 2228 εἶπον
3668 2177 3826 2245 ήμῖν,

2256 2260 2368 2312 ἀλλ’
2399 2262 2480 2311 ὃτι
2521 2259 2872 2329 Ἑωράκαμεν
2915 2258 3028 2330 [28]
3061 2262 3238 2329 ἡμεῖς.
3265 2260 3432 2313 Πόθεν
3474 2259 3667 2328 δῆλον;
3734 2259 3828 2323 Ἐξ

2258 2338 2332 2394 ὧν
2363 2340 2905 2411 θαυματουργοῦμεν.
2929 2341 3027 2392 Διά
3051 2340 3205 2393 τοῦτο
3229 2340 3458 2410 μάλιστα
3481 2340 3599 2391 τότε
3628 2339 3832 2400 αὐτοὺς

2255 2423 2600 2488 ἀξιοπίστους
2646 2423 2751 2474 ἔδει
2800 2418 2957 2475 εἶναι.
3022 2424 3131 2476 Καὶ
3172 2423 3462 2489 ἔστησαν,
3506 2421 3826 2492 φησὶ,δύο.

2256 2504 2410 2557 Διατί
2441 2505 2515 2574 μή
2545 2505 2806 2569 πολλούς;
2833 2503 2948 2557 Ἵνα
2980 2505 3055 2574 μὴ
3086 2503 3283 2574 μείζων
3303 2508 3335 2576 ή
3354 2505 3558 2574 ἀθυμία
3575 2505 3825 2574 γένηται,

2262 2587 2395 2656 μηδὲ
2425 2589 2504 2648 εἰς
2535 2587 2758 2650 πολλοὺς
2781 2587 2842 2639 16
2867 2589 3096 2657 πρᾶγμα
3133 2592 3383 2658 περιστῇ.
3417 2588 3528 2656 Οὐχ
3558 2587 3740 2647 ἁπλῶς
3765 2587 3829 2638 δὲ

2259 2668 2610 2738 προστίθησιν
2650 2670 2875 2732 ἐκεῖνον,
2918 2669 3050 2721 ἀλλά
3094 2669 3340 2733 δεικνὺς,
3383 2670 3465 2722 ὅτι
3504 2669 3760 2730 πολλάκις
3800 2671 3832 2720 ὁ

2260 2750 2412 2819 παρά
2439 2750 2747 2820 ἀνθρώποις
2771 2752 2969 2820 τίμιος,
3004 2749 3153 2814 παρά
3183 2751 3260 2819 τῷ
3284 2750 3401 2820 Θεῷ
3430 2749 3662 2802 ἐλάττων
3687 2750 3828 2801 ἐστί.

2259 2833 2369 2884 Καὶ
2407 2837 2556 2902 κοινῇ
2582 2834 2637 2884 δέ
2673 2833 2871 2893 πάντες
2904 2832 3152 2900 εὔχονται
3177 2832 3454 2898 λέγοντες·
3488 2832 3592 2896 Σὺ,
3628 2833 3830 2899 Κύριε.

2259 2912 2705 2981 καρδιογνῶστα
2749 2914 3020 2977 πάντων,
3051 2913 3385 2977 ἀνάδειξον.
3417 2916 3486 2967 Σὺ
3511 2955 3523 2974 ,
3551 2917 3680 2984 φησὶ
3700 2958 3713 2977 ,
3748 2917 3831 2983 μὴ

2258 2997 2439 3064 ἡμεῖς.
2482 2996 2764 3064 Εὑκαίρως
2800 2995 3231 3066 καρδιογνώστην
3263 2996 3546 3059 καλοῦσιν,
3583 2999 3688 3049 ἀπὸ
3716 2997 3833 3066 γάρ

2259 3078 2448 3129 τούτου
2483 3079 2754 3146 αἱρεῖσθαι
2789 3079 2974 3148 ἐχρῆν,
3027 3079 3147 3146 οὐχὶ
3187 3078 3296 3130 τῶν
3343 3078 3538 3143 ἔξωθεν
3567 3077 3608 3132 ί.
3641 3078 3835 3141 Οῦτως

2263 3157 2561 3228 ἐθάρρουν,
2609 3160 2688 3209 ὅτι
2747 3161 2960 3220 πάντως
2999 3160 3096 3210 ἐνα
3138 3159 3219 3211 δεῖ
3260 3160 3533 3226 γενέσθαι.
3570 3162 3675 3212 Καὶ
3725 3161 3834 3212 οὐκ

2262 3236 2447 3302 εἷπον,
2496 3236 2748 3304 Ἐκλεξαι
2771 3283 2784 3303 ,
2827 3242 2991 3302 ἀλλά,
3031 3242 3324 3304 ’Δνάδειξον
3358 3244 3447 3295 τὸν
3498 3243 3790 3310 ἐκλεγέντα
3815 3284 3832 3304 ,

2263 3323 2446 3390 φησὶν,
2487 3325 2596 3375 Ὃν
2620 3324 2902 3388 ἐξελέξω·
2941 3325 3137 3386 εἰδότες
3187 3328 3363 3379 πάντα
3393 3326 3722 3396 προωρίσθαι
3747 3326 3835 3394 τῷ

2261 3407 2397 3476 Θεῷ.
2447 3408 2546 3461 Ἐκ
2572 3411 2795 3461 τούτων
2824 3408 2939 3460 τῶν
2966 3409 3072 3462 δύο
3110 3410 3218 3462 ἕνα
3236 3410 3446 3480 λαχεῖν
3471 3412 3576 3463 τὸν
3598 3408 3836 3475 κλῆροι--

2261 3488 2372 3556 τῆς
2413 3489 2716 3556 διακονίας
2761 3493 2980 3557 ταύτης
3039 3494 3135 3544 καί
3183 3491 3549 3557 ἀποστολῆς.
3574 3488 3679 3544 Ἦν
3718 3492 3834 3559 γὰρ

2262 3574 2356 3624 καὶ
2386 3572 2517 3642 ἄλλη
2569 3573 2830 3625 διακονία.
2876 3574 2984 3627 Καὶ
3030 3574 3259 3628 ἔδωκαν
3305 3576 3507 3640 αὐτοῖς
3539 3577 3828 3642 κλήρους.

2263 3652 2430 3706 Οὔπω
2478 3655 2584 3724 7&9
2625 3656 2846 3716 ἑαυτοὺς
2904 3655 3085 3718 ἀξίους
3120 3666 3145 3702 Il
3195 3657 3423 3725 ἡγοῦντο
3479 3657 3570 3724 ἀφ’
3618 3655 3832 3708 ἑαυτῶν

2261 3735 2613 3798 ἐκλέξασθαι·
2654 3736 2733 3789 διὸ
2775 3739 2866 3789 καὶ
2909 3739 3119 3790 αἰτοῦσι
3156 3739 3244 3790 διά
3283 3755 3424 3801 τινος
3467 3740 3692 3809 σημείου
3722 3755 3831 3807 μα-

2262 3817 2393 3870 θεῖν.

2331 3900 2390 3952 δ’.
2438 3901 2644 3962 Ἀλλως
2676 3901 2753 3963 δὲ,
2808 3903 2855 3952 εἰ
2885 3902 3014 3955 ἔνθα
3052 3903 3173 3956 οὕτε
3219 3904 3372 3974 εὐχὴ,
3404 3902 3527 3956 οὔτε
3554 3905 3828 3972 ἀξιόλογοι

2261 3984 2471 4053 ἄνδρες,
2496 3983 2694 4052 κλῆρος
2717 3984 2966 4035 τοσοῦτον
2987 3986 3188 4053 ἴσχυσε,
3211 3986 3295 4038 διὰ
3317 3987 3374 4037 τὸ
3401 3984 3460 4049 ἐξ
3487 3986 3649 4056 ὀρθῆς
3669 3991 3828 4055 γενέ-

2263 4069 2384 4119 σθαι
2420 4067 2642 4137 γνώμης
2692 4068 2783 4118 ἐπὶ
2812 4067 2903 4118 τοῦ
2945 4068 3114 4119 Ἰωνᾶ·
3151 4067 3330 4137 πολλῷ
3364 4070 3561 4138 μᾶλλον
3593 4071 3830 4123 ἐνταῦθα

2263 4149 2547 4218 ἐπλήρωσε
2579 4149 2666 4200 τὸν
2693 4149 2868 4216 χορὸν,
2901 4150 3164 4218 ἀπήρτισε
3196 4149 3292 4220 τὴν
3319 4151 3488 4216 τάξιν.
3520 4153 3628 4205 Καὶ
3655 4155 3682 4204 ὁ
3707 4154 3794 4206 ἐτε
3812 4183 3830 4193 ο

2265 4248 2355 4300 ρος
2385 4231 2482 4282 ούκ
2518 4229 2771 4298 ἤλγησεν·
2832 4231 2891 4280 ού
2924 4230 3032 4301 γάρ
3064 4230 3128 4282 ἂν
3175 4232 3494 4301 ἀπέκρυψαν
3536 4235 3604 4287 τά
3652 4238 3830 4289 οἰκεῖα

2264 4313 2617 4382 ἐλαττώματα
2649 4313 2696 4363 οί
2721 4311 3091 4364 ἀπόστολοιόἴ
3125 4330 3187 4380 γε
3235 4317 3361 4384 περὶ
3391 4316 3566 4368 αὐτῶν
3599 4317 3707 4369 τῶν
3734 4335 3827 4368 κο-

2266 4396 2504 4466 ρυφαίων
2531 4396 2704 4447 εἰπεῖν
2732 4396 2829 4446 οὐκ
2856 4395 3173 4464 ἀπέσχοντο,
3203 4398 3282 4450 ὅτι
3308 4399 3688 4469 ἠγανάκτησαν
3731 4400 3830 4452 ἀλ-

2263 4479 2444 4547 λαχοῦ·
2477 4478 2683 4545 καὶόύχ
2709 4475 2870 4542 ἅπαξ,
2897 4478 3029 4531 ἀλλά
3059 4481 3151 4532 καὶ
3178 4480 3258 4542 δὶς
3278 4483 3370 4533 καὶ
3397 4481 3824 4544 πολλάκις.Τού-

2263 4580 2384 4624 τους
2409 4557 2499 4613 οὖν
2541 4562 2632 4612 καὶ
2667 4563 2823 4629 ήμεῖς
2861 4561 3242 4630 μιμησώμεθα.
3295 4565 3404 4617 Οὐκ
3439 4565 3516 4617 ἔτι
3568 4583 3656 4634 μοι
3686 4568 3824 4637 πρὸς

2264 4646 2468 4706 πάντας
2498 4645 2525 4695 6
2560 4643 2735 4711 λόγος,
2771 4643 2905 4694 ἀλλὰ
2951 4643 3088 4711 πρὸς
3117 4645 3238 4708 τοὺς
3284 4645 3458 4715 ἀρχῆς
3483 4650 3820 4716 ἐφιεμένους.

2266 4729 2326 4780 Εἰ
2357 4726 2648 4789 πιστεύεις,
2678 4726 2757 4778 ὃτι
2782 4725 2917 4777 Θεοῦ
2941 4726 3088 4793 ἐστιν
3124 4726 3339 4796 ἐκλογὴ,
3407 4730 3480 4799 μή
3505 4732 3819 4798 ἀγανάκτει·

2264 4810 2454 4877 ἐκείνῳ
2474 4809 2580 4878 γάρ
2613 4810 2964 4876 ἀγανακτεῖς,
2999 4809 3087 4860 καὶ
3123 4809 3258 4878 πρὸς
3291 4812 3491 4863 ἐκεῖνον
3525 4813 3825 4883 παροξύνῃ·

2265 4894 2469 4953 ἐκεῖνός
2499 4895 2644 4944 ἐστιν
2683 4893 2710 4942 6
2737 4890 3111 4958 ἐκλεξάμενος.
3144 4892 3206 4942 EE
3239 4891 3292 4943 δὲ
3333 4893 3491 4955 αὐτὸς
3520 4895 3617 4962 μὲν
3647 4895 3826 4957 ἐξελέ-

2267 4975 2409 5038 ξατο,
2437 4977 2499 5027 σὺ
2521 4974 2577 5026 δὲ
2591 4975 2790 5043 τολμᾷς
2820 4974 2992 5043 τούτῳ
3045 4976 3367 5042 ἀγανακτεῖν
3385 5015 3397 5033 ,
3432 4977 3623 5028 ταύτὸν
3653 4981 3823 5040 ποιεῖς

2265 5057 2374 5111 οἷον
2403 5058 2602 5111 όΚάῖν.
2640 5057 2765 5108 Δέον
2795 5057 2902 5126 γάρ
2947 5057 3324 5120 ἀποδέξασθαι,
3376 5059 3403 5109 ό
3427 5058 3481 5110 δὲ
3502 5059 3579 5110 ὅτι
3609 5077 3823 5128 προετι-

2269 5142 2413 5212 μήθη
2445 5141 2662 5211 ήθυσία
2688 5140 2781 5192 τοῦ
2843 5140 3090 5209 ἀδελφοῦ,
3133 5142 3394 5211 ἐλυπήθη·
3457 5144 3821 5213 ἠγανάκτησε,

2265 5226 2381 5278 δέον
2403 5223 2789 5292 κατανυγῆναι.
2831 5223 2968 5291 Ἐγὼ
3000 5224 3053 5276 δέ
3077 5225 3137 5275 οὐ
3177 5224 3332 5277 τοῦτο
3377 5226 3536 5294 λέγω,
3572 5227 3686 5279 ἀλλ’
3741 5229 3822 5280 ὅτι

2269 5307 2651 5378 συμφερόντως
2681 5301 2819 5358 οἶδεν
2845 5308 3142 5376 οίκονομεῖν
3174 5308 3201 5358 ό
3225 5308 3370 5370 Θεός.
3404 5309 3664 5370 Πολλάκις
3717 5311 3823 5380 γὰρ

2266 5390 2326 5442 τὸ
2358 5390 2455 5458 μὲν
2480 5384 2611 5458 ἦθος
2641 5389 3040 5458 ἐπιεικέστερος
3073 5391 3157 5454 σὺ,
3187 5390 3284 5441 οὐκ
3304 5391 3601 5460 ἐπιτήδειος
3617 5391 3692 5445 δέ.
3715 5395 3821 5444 Πά-

2267 5473 2348 5525 λιν
2373 5473 2484 5523 ἕστι
2517 5473 2598 5523 σοὶ
2634 5471 2730 5540 μὲν
2765 5471 2875 5539 βίος
2909 5472 3143 5539 ἄληπτος
3158 5473 3247 5523 καὶ
3278 5468 3404 5542 ἦθος
3423 5474 3742 5543 ἐλευθέριον,
3768 5477 3820 5527 ἐν

2330 5575 2355 5613 d
2380 5573 2556 5629 Verba,
2602 5575 2702 5627 πῶς
2741 5571 2882 5620 τοῦτο
2926 5573 3076 5630 δηλοῖ,
3121 5586 3180 5622 ex
3228 5589 3324 5622 uno
3366 5576 3471 5623 cod.
3495 5588 3727 5624 necassem
3753 5588 3820 5627 nl.

2269 5639 2403 5688 Enn.
2476 5640 2497 5663 ”
2523 5635 2692 5697 Morel.
2718 5635 2833 5697 εἶναι
2856 5635 3114 5694 μόνον,καὶ.
3203 5633 3221 5672 ῐ
3249 5637 3378 5692 ΙΙεΡο,
3399 5638 3502 5697 ούχὶ
3525 5640 3618 5684 τῶν
3642 5642 3823 5693 ἐξιών

2265 5700 2445 5750 absunt
2498 5695 2557 5742 ab
2598 5695 2820 5744 omnibus
2843 5709 2954 5742 mss.
2985 5697 3188 5753 nostris;
3231 5698 3316 5744 sed
3344 5695 3583 5745 habéhlur
3605 5702 3654 5746 in
3677 5702 3829 5750 Savil.

2269 5767 2316 5807 εἰ
2354 5757 2523 5806 Morel.
2550 5761 2603 5804 et
2626 5756 2756 5805 bene
2777 5757 3053 5817 quadram,
3101 5760 3125 5795 8
3162 5761 3378 5805 Sicunus
3400 5760 3504 5806 cod.
3530 5759 3693 5808 Monll'.
3718 5774 3827 5809 cum

2267 5818 2502 5929 ῗοῐηιηοὶ.
2527 5825 2578 5866 el
2600 5815 2921 5865 duobus‘mss.
2942 5815 3141 5877 ἡγοῦντο
3164 5819 3278 5866 εἶναι
3299 5817 3382 5866 τοῦ
3407 5820 3482 5866 διά
3504 5836 3544 5867 τ.
3572 5837 3616 5867 σ.
3648 5824 3824 5882 μαθεῖε,

2291 5895 2402 5928 πυτ.

2291 5895 2402 5928 ΞΟΠ.
