4098 6324
178 430 243 483 57
1138 428 1203 485 IN
1245 425 1425 481 ACTA
1469 420 1772 506 Αιιοετςοι

1879 416 1996 471 UM.
2015 413 2242 469 llOMIL.
2286 413 2373 468 Ill.
3403 406 3469 459 38

174 572 358 613 eorum
401 554 490 625 qui
515 558 883 607 convenerant
912 546 1120 600 fervore
1158 538 1526 611 resplendens.
1571 535 1762 595 Erant,

175 646 381 718 inquit,
415 649 517 715 fere
540 652 744 698 centum
784 637 977 708 viginti.
1020 635 1181 689 Forte
1216 630 1549 700 septuaginta
1576 671 1590 693 ,
1632 640 1768 697 quos

177 736 286 803 ipse
299 736 558 805 elegerat,
581 733 697 785 sive
718 730 807 782 alii
828 740 1037 796 quoque
1057 740 1121 779 ex
1138 721 1568 785 ferventioribus,
1582 720 1768 788 quales

174 836 325 881 erant
352 825 555 895 Joseph
584 832 640 879 et
667 819 913 876 Mattltias
943 834 959 873 :
983 828 1037 872 et
1062 816 1314 870 mulieres
1338 813 1518 867 multa:
1541 828 1660 882 qua:
1684 825 1769 864 se-

172 918 477 986 quebantur
518 915 688 976 illum,
725 909 881 965 simul
912 908 1107 977 ubique
1134 905 1374 960 aderant.

239 1008 294 1061 5.
330 1005 457 1059 Itast:
480 1000 717 1058 doctoris
748 997 1102 1070 providentia.
1131 994 1341 1049 Primus
1372 993 1457 1047 hic
1485 991 1760 1045 doctorem

169 1095 467 1151 constituit.
500 1093 617 1148 Non
643 1092 797 1153 dixit,
830 1089 938 1143 Nos
979 1087 1044 1141 ad
1091 1085 1388 1140 docendum
1428 1080 1763 1137 sufﬁcimus:

169 1188 240 1241 ita
287 1184 474 1255 procul
520 1192 635 1239 erat
678 1197 709 1236 a
758 1196 888 1233 vana
918 1177 1108 1247 gloria,
1152 1184 1206 1230 et
1248 1176 1314 1228 ad
1357 1188 1518 1227 unum
1562 1179 1766 1225 tantum

169 1276 481 1345 spectabat,
527 1286 847 1344 quamquam
882 1285 986 1323 non
1039 1266 1151 1336 pari
1182 1265 1352 1319 fornta
1394 1262 1533 1332 apud
1579 1274 1767 1315 omnes

168 1370 287 1436 ejus
315 1370 530 1438 vigebat
563 1364 873 1420 auctoritas.
901 1360 1008 1415 Sed
1043 1361 1166 1428 jure
1196 1357 1310 1411 lucc
1338 1356 1416 1410 sic
1446 1352 1768 1424 gerebantur

167 1461 236 1512 ob
265 1460 519 1511 virtutem
549 1455 682 1517 viri;
715 1461 769 1508 et
797 1451 936 1523 quod
965 1465 1107 1505 nunc
1130 1446 1444 1517 prtefectura
1467 1459 1570 1499 non
1596 1444 1768 1497 honor

165 1556 329 1611 esset,
366 1546 460 1600 sed
495 1544 827 1614 providentia
872 1556 995 1610 erga
1043 1538 1304 1593 subditos.
1350 1537 1420 1590 Ea
1448 1550 1533 1588 res
1558 1549 1663 1587 non
1692 1534 1764 1587 si-

169 1639 334 1693 nebat
360 1638 566 1692 electos
594 1634 806 1698 efferri;
839 1634 903 1686 ad
947 1633 1182 1701 pericula
1223 1630 1365 1685 enim
1393 1628 1722 1683 vocabantur
1749 1642 1765 1692 ;

169 1742 345 1796 neque
376 1741 474 1781 eos
504 1726 591 1793 qui
622 1726 778 1779 electi
810 1736 915 1777 non
949 1722 1179 1784 fuerant,
1211 1729 1268 1774 ttt
1296 1719 1643 1773 inhonoratos
1672 1718 1767 1771 do-

170 1818 303 1872 lere.
329 1820 401 1872 At
428 1832 571 1872 nunc
607 1831 713 1870 non
742 1824 811 1869 ita
841 1829 900 1869 se
926 1829 1014 1869 res
1044 1812 1225 1875 habet,
1254 1810 1348 1865 sed
1376 1818 1562 1864 contra
1589 1808 1767 1862 omni-

170 1923 261 1963 no.
298 1909 433 1964 Vide
461 1924 711 1977 namque,
738 1915 957 1963 centum
985 1904 1167 1973 viginti
1195 1910 1369 1968 erant,
1396 1910 1450 1957 et
1478 1915 1639 1954 unum
1670 1913 1767 1968 po-

169 2000 333 2055 stulat
363 1999 435 2053 ab
458 1999 604 2054 omni
634 1994 1009 2059 multitudine;
1052 2003 1108 2049 et
1140 1994 1263 2062 jure
1294 1990 1528 2061 quidem.
1560 1989 1769 2044 Primus

170 2093 549 2147 auctoritatem
578 2090 740 2145 habet
766 2091 819 2144 in
848 2089 1080 2159 negotio,
1102 2082 1280 2142 ‘utcui
1307 2101 1495 2141 omnes
1515 2085 1770 2139 commis-

172 2185 215 2239 si
248 2182 502 2237 fuissent.
552 2182 684 2237 Huic
727 2182 869 2235 enim
910 2178 1157 2235 Christus
1186 2179 1395 2233 dixerat
1439 2196 1451 2229 :
1494 2175 1559 2228 Et
1589 2186 1642 2229 tu
1666 2176 1767 2228 ali-

170 2276 376 2343 quando
398 2289 685 2337 conversus,
718 2273 964 2340 conﬁrma
998 2270 1183 2340 fratres
1210 2279 1323 2322 tuos
1353 2266 1504 2338 (Luc.
1533 2266 1623 2320 22.
1654 2266 1765 2336 52).

171 2366 326 2431 Quia,
364 2365 558 2434 inquit,
581 2363 983 2417 Connumeratns
1012 2370 1118 2416 erat
1138 2362 1190 2415 in
1217 2360 1379 2426 nobis,
1413 2359 1533 2414 ideo
1556 2368 1769 2425 oportet

171 2458 334 2511 alium
366 2470 702 2525 proponere,
736 2454 827 2523 qui
862 2453 1005 2507 illius
1050 2453 1169 2507 loco
1218 2452 1286 2504 sit
1331 2452 1501 2505 testis.
1532 2450 1598 2503 Et
1623 2450 1765 2515 vide,

171 2548 445 2618 quomodo
493 2546 767 2600 doctorem
814 2559 967 2597 suum
1024 2544 1280 2607 imitatur,
1311 2543 1503 2611 ubique
1531 2557 1594 2595 ex
1625 2540 1768 2595 Scri-

174 2641 347 2708 pturis
374 2638 685 2701 disserens;
712 2650 812 2690 nec
834 2635 1115 2705 quidquam
1157 2634 1225 2688 de
1267 2633 1481 2688 Christo
1518 2634 1765 2702 loquens,

172 2728 311 2797 quod
344 2742 539 2796 nempe
564 2726 617 2780 id
645 2726 733 2781 ille
770 2740 913 2795 stupe
941 2724 1291 2793 pnedixisset.
1317 2722 1503 2793 Neque
1528 2722 1659 2777 dicit
1680 2722 1768 2777 ubi

172 2820 451 2889 Scriptura
478 2816 833 2887 proditionem
855 2815 970 2882 ejus
995 2824 1287 2878 memoret;
1320 2828 1530 2883 nempe,
1559 2812 1629 2868 0s
1649 2830 1770 2883 pec-

174 2912 360 2964 catoris
392 2920 438 2964 et
464 2926 523 2964 os
551 2907 714 2961 dolosi
740 2923 891 2975 super
934 2921 1013 2958 nte
1050 2921 1283 2966 apertum
1324 2914 1398 2959 est
1433 2903 1607 2975 (Psal.
1642 2904 1765 2960 408.

173 3002 253 3071 2);
283 3001 380 3056 sed
411 3001 497 3055 ubi
523 3008 726 3054 tantum
761 2999 899 3054 illius
919 2997 1161 3066 supplicii
1193 2996 1433 3050 meminit
1460 3014 1473 3050 :
1498 2996 1597 3050 hoc
1622 2997 1767 3050 enim

177 3094 391 3147 interim
434 3092 555 3147 illos
598 3090 736 3145 scire
765 3089 1004 3158 juvabat.
1048 3087 1180 3142 Illud
1225 3102 1354 3143 vero
1390 3087 1621 3140 maxime
1668 3086 1771 3140 Do—

178 3186 303 3238 mini
333 3184 715 3252 benignitatem
742 3181 996 3235 declarat.
1028 3178 1313 3244 Quoniam,
1345 3178 1535 3248 inquit,
1562 3177 1769 3231 Connu-

177 3286 400 3327 meratus
425 3282 532 3327 erat
560 3272 613 3324 in
653 3271 813 3333 nobis,
844 3280 890 3323 et
916 3271 1126 3323 sortitus
1166 3277 1239 3321 est
1281 3276 1466 3321 sortem
1504 3267 1771 3321 ministerii

177 3368 352 3436 hujus.
383 3366 594 3421 Sortem
625 3364 821 3431 ubique
864 3375 1037 3427 vocat,
1071 3360 1362 3415 ostendens
1390 3369 1558 3414 totum
1582 3374 1612 3413 a
1642 3374 1768 3428 gra-

179 3463 245 3511 tia
274 3459 368 3512 Dei
410 3468 461 3511 et
508 3458 575 3511 ab
613 3456 731 3525 ejus
776 3454 1038 3510 electione
1081 3467 1201 3507 esse
1224 3494 1239 3518 ,
1270 3463 1320 3506 et
1348 3460 1528 3506 vetera
1558 3451 1687 3519 ipsis
1718 3452 1768 3505 in

176 3559 415 3603 mentem
442 3561 721 3611 revocans,
751 3545 892 3615 quod
925 3560 1117 3614 nempe
1141 3543 1282 3598 Deus
1307 3544 1436 3612 ipsis
1457 3552 1654 3597 sortem
1677 3542 1772 3597 de-

177 3642 337 3705 derit,
371 3651 431 3694 ut
460 3639 586 3694 olim
610 3639 828 3693 Levitis.
863 3638 926 3692 Et
949 3638 1266 3691 immoratur
1286 3635 1349 3689 iis
1374 3651 1495 3705 quae
1522 3635 1772 3689 dicuntur

178 3732 247 3786 de
274 3731 435 3794 Juda,
462 3729 603 3799 quod
649 3743 841 3797 nempe
891 3726 1205 3796 proditionis
1251 3741 1478 3790 merces,
1525 3726 1772 3779 vindictae

179 3824 250 3876 sit
275 3836 477 3892 praeco.
512 3818 771 3883 Possedit,
803 3817 995 3887 inquit,
1017 3833 1198 3887 agrum
1226 3816 1289 3868 de
1327 3816 1553 3869 mercede
1584 3816 1773 3885 iniqui-

179 3913 315 3966 tatis.
344 3910 479 3965 Vide
507 3909 775 3980 quomodo
804 3906 908 3962 hoc
944 3922 1008 3961 ex
1051 3906 1233 3961 divina
1260 3905 1665 3975 dispensatione
1692 3907 1771 3959 fa-

178 4017 321 4060 ctum
342 4004 521 4059 fuerit.
548 4002 861 4070 Iniquitatis,
886 4001 1075 4069 inquit.
1102 3998 1279 4053 Multa:
1300 4008 1425 4052 sunt
1442 3998 1770 4066 iniquitates,

180 4096 274 4152 sed
303 4097 404 4150 hac
430 4094 564 4149 nihil
588 4094 822 4163 iniquius
850 4105 1101 4161 umquam
1132 4089 1328 4145 factum
1346 4099 1447 4144 est.
1471 4088 1651 4158 Itaque
1675 4090 1785 4143 ini-

179 4189 400 4258 quitatis
428 4195 547 4241 emt
572 4185 864 4255 negotium.
908 4184 1017 4238 Nec
1059 4182 1414 4252 praesentibus
1443 4191 1646 4235 tantum
1675 4196 1776 4235 no-

181 4292 292 4333 tnm
326 4279 448 4345 fuit,
482 4276 577 4333 sed
607 4277 766 4332 etiam
800 4275 1029 4345 posteris
1055 4274 1303 4328 omnibus
1345 4292 1358 4326 :
1390 4274 1460 4327 ita
1494 4283 1550 4327 ut
1580 4273 1662 4329 vel
1692 4274 1775 4327 in-

181 4372 276 4425 viti
318 4380 374 4425 et
419 4368 573 4423 inscii
621 4368 795 4421 locum
845 4365 1205 4431 nominarent,
1245 4363 1693 4433 quemadmodum
1723 4373 1779 4418 et

180 4462 413 4530 Caiphas
452 4458 794 4529 prophetarit
837 4458 1057 4511 inscius.
1110 4457 1247 4509 Deus
1295 4457 1559 4523 compulit
1597 4470 1691 4510 eos
1722 4466 1779 4510 ut

185 4551 449 4606 Hebraice
480 4564 675 4604 nomen
706 4550 896 4603 darent
922 4548 1227 4601 Aceldama.
1265 4545 1399 4600 llinc
1429 4546 1776 4601 declaraban-

184 4653 274 4697 tttr
298 4643 435 4696 mala
465 4640 682 4695 Judmos
713 4641 979 4694 invasura.
1026 4640 1199 4708 Atque
1224 4637 1457 4692 ostendit
1488 4637 1625 4693 hanc
1657 4653 1779 4707 pru-

187 4736 424 4806 pltctiam
454 4750 521 4788 ex
552 4741 701 4803 parte
720 4734 1039 4802 completam
1069 4752 1079 4785 :
1108 4730 1307 4784 Bonum
1333 4741 1439 4785 erat
1464 4734 1527 4795 ei,
1560 4732 1603 4785 si
1630 4743 1779 4785 natus

184 4846 290 4884 non
313 4832 490 4897 fuisset
517 4828 669 4881 homo
687 4826 777 4880 ille
802 4824 1015 4894 (Matth.
1047 4825 1137 4878 26.
1168 4824 1283 4893 24).
1316 4824 1389 4879 De
1414 4823 1614 4878 Judzeis
1644 4839 1778 4891 quo-

186 4936 295 4991 que
321 4920 510 4976 eadem
537 4919 715 4972 dicere
746 4933 840 4987 par
870 4929 973 4971 cst.
1007 4916 1211 4970 Etenim
1241 4917 1284 4969 si
1315 4915 1417 4969 dux
1446 4917 1633 4984 plexus
1662 4916 1778 4980 fuit,

188 5013 361 5066 multo
389 5010 561 5079 magis
608 5008 681 5061 hi.
738 5007 842 5062 Sed
891 5008 1082 5060 horum
1126 5006 1260 5059 nihil
1306 5006 1479 5060 adhuc
1524 5008 1779 5075 loquitur.

190 5102 398 5157 Deinde
425 5100 717 5155 ostendens
756 5099 820 5153 de
846 5100 964 5167 ipso
989 5097 1109 5165 jure
1144 5097 1247 5151 dici
1295 5096 1421 5150 illttd
1471 5096 1780 5164 Aceldama,

188 5195 399 5249 inducit
434 5193 751 5263 prOphetam
780 5192 1043 5246 dicentem
1075 5209 1089 5244 :
1124 5189 1242 5243 Fiat
1273 5190 1515 5243 habitatio
1552 5192 1661 5258 ejus
1689 5190 1780 5242 de-

190 5298 331 5340 serta
359 5284 529 5357 (Psat.
562 5284 652 5340 68.
693 5283 808 5353 26).
855 5282 993 5348 Quid
1019 5282 1161 5337 enim
1193 5282 1457 5336 desertius
1497 5283 1784 5351 sepulcro?

193 5378 325 5432 Ideo
352 5377 429 5429 sic
468 5375 589 5444 jure
613 5373 799 5430 debuit
839 5388 966 5443 ager
1007 5373 1207 5427 vocari.
1251 5373 1351 5439 Qui
1383 5372 1524 5426 enim
1554 5374 1785 5443 pretium

193 5467 520 5529 numeravit,
553 5467 761 5521 etiamsi
793 5465 880 5518 alii
921 5464 1171 5529 emerint,
1217 5463 1305 5518 ille
1345 5464 1535 5517 merito
1574 5465 1783 5519 censeri

193 5560 361 5614 debet
386 5571 543 5612 causa
575 5572 697 5612 esse
727 5566 887 5610 tanta:
931 5555 1298 5610 desolatiOnis.
1343 5554 1469 5609 Haec
1497 5570 1661 5625 porro
1686 5555 1782 5609 dc-

193 5648 394 5704 soiatio
436 5649 754 5718 principium
799 5656 881 5701 est
921 5645 1155 5701 Judaica:
1185 5645 1554 5710 desolationis,
1596 5647 1640 5700 si
1668 5647 1787 5716 quis

196 5740 481 5810 diligenter
510 5740 799 5809 expendat.
827 5738 956 5793 Nam
991 5747 1046 5793 et
1093 5738 1191 5807 ipsi
1236 5738 1441 5806 seipsos
1478 5738 1615 5792 fame
1639 5738 1787 5793 occi-

201 5837 419 5897 derunt,
446 5832 753 5902 multosque
782 5830 1185 5895 interemerunt,
1220 5840 1272 5883 et
1300 5830 1426 5883 urbs
1457 5830 1577 5900 ipsa
1604 5832 1783 5899 sepul-

1850 574 1853 577 ς
1881 545 2031 583 erum
2063 528 2153 581 fuit
2188 526 2457 596 hospitum
2485 533 2541 578 et
2568 522 2814 577 militum.
2845 523 2968 578 lilos
2994 538 3124 578 vero
3153 536 3223 578 tte
3252 522 3467 594 sepeliri

1878 619 2094 691 quidem
2122 618 2392 683 sinebant,
2418 625 2477 670 ut
2505 615 2776 684 sepultura
2820 615 3089 685 indignos.
3132 614 3342 686 Oportet
3376 618 3470 685 igi-

1876 721 1979 775 tur,
2008 710 2195 779 inqttit,
2225 726 2286 763 ea:
2310 709 2389 761 his
2435 707 2555 761 viris
2590 707 2679 778 qui
2718 707 2977 759 nobiscum
3011 718 3130 760 sunt
3156 707 3468 777 congregati.

1877 802 2029 865 Vide,
2044 802 2313 870 quomodo
2339 800 2451 853 vult
2472 799 2589 853 illos
2607 805 2769 851 testes
2787 797 3028 852 oculatos
3051 796 3232 855 fuisse.
3257 798 3469 851 etiamsi

1874 893 2199 948 adventuros
2242 903 2386 946 esset
2434 890 2667 957 Spiritus
2696 907 2709 942 :
2738 895 2972 942 attamen
3013 903 3261 957 magnam
3308 886 3468 957 hujus

1874 983 1949 1037 rei
1976 998 2156 1036 curam
2181 978 2543 1036 habebat.~Ex
2562 980 2701 1042 siris,
2732 978 2920 1048 inquit,
2951 978 3039 1048 qui
3059 978 3321 1031 nobiscum
3348 989 3469 1031 sunt

1874 1074 2184 1143 congregati,
2216 1074 2266 1125 in
2295 1072 2432 1124 omni
2460 1080 2685 1138 tempore
2707 1086 2807 1137 quo
2835 1070 3039 1122 intravit
3077 1079 3125 1122 et
3152 1070 3302 1122 exiuit
3338 1070 3469 1122 inter

1872 1180 1966 1218 nos
1986 1164 2229 1217 (tonantis
2248 1162 2419 1216 Iesus.
2444 1160 2721 1231 Signiﬁcat
2746 1161 2892 1230 ipsos
2914 1159 3183 1215 habitasse
3204 1175 3325 1213 cum
3350 1160 3466 1225 illo,

1872 1268 1974 1307 nec
1998 1254 2309 1322 simpliciter
2332 1253 2493 1305 fuisse
2520 1251 2829 1320 discipulos.
2860 1250 3120 1305 Nimirum
3147 1266 3175 1303 tt
3209 1250 3471 1319 principio

1874 1345 2026 1398 multi
2054 1344 2419 1413 sequebantur
2440 1357 2584 1397 eum.
2619 1342 2751 1395 Vide
2792 1341 2952 1411 igitur
2971 1340 3244 1410 quomodo
3278 1341 3418 1395 dicat
3454 1358 3466 1393 :

1873 1431 2002 1487 Erat
2030 1450 2165 1487 unus
2193 1449 2257 1487 ex
2280 1433 2477 1486 duobus
2501 1433 2589 1501 qui
2608 1432 2878 1493 audierant
2898 1448 2929 1483 α
2955 1430 3180 1497 Joanne,
3203 1440 3249 1483 et
3270 1432 3469 1499 sequuti

1872 1533 1987 1596 sunt
2012 1523 2189 1577 Jesum
2216 1524 2392 1591 (Joan.
2430 1526 2480 1578 l.
2522 1522 2638 1591 40).
2681 1521 2749 1576 In
2801 1523 2939 1575 omni
2988 1532 3230 1592 tempore,
3277 1522 3464 1591 inquit,

1871 1630 1972 1683 quo
2002 1616 2207 1668 intrarit
2237 1627 2283 1667 et
2308 1616 2459 1668 exivit
2488 1616 2620 1667 inter
2646 1631 2737 1667 nos
2766 1612 3017 1667 Dominus
3044 1611 3080 1665 ,1
3086 1629 3198 1667 esus
3222 1613 3469 1682 incipiens

1870 1722 1904 1759 a
1931 1706 2230 1773 baptismate
2253 1706 2490 1759 Joannis.
2521 1705 2687 1759 Recte
2717 1704 2939 1768 etenim,
2970 1720 3090 1774 qua:
3131 1706 3279 1772 prius
3319 1715 3467 1774 gesta

1873 1795 2102 1860 fuerant,
2135 1812 2294 1851 nemo
2330 1806 2551 1856 noverat
2578 1795 2823 1856 edoctus,
2862 1794 2952 1848 sed
2981 1809 3010 1847 a
3038 1794 3240 1864 Spiritu
3267 1796 3470 1850 didice—

1872 1897 2019 1942 runt.
2050 1885 2221 1950 Usque
2239 1887 2291 1940 in
2313 1887 2466 1953 diem,
2490 1887 2680 1955 inquit,
2707 1901 2808 1955 qua
2834 1896 3125 1954 assumptus
3151 1895 3223 1940 est
3249 1904 3280 1939 a
3306 1890 3467 1953 nobis,

1873 1985 2045 2029 testem
2068 1977 2447 2030 resurrectionis
2474 1978 2583 2046 ejus
2624 1977 2880 2030 nobiscum
2915 1976 3025 2043 fieri
3057 1992 3213 2028 unum
3251 1976 3467 2031 existis.

1872 2068 1987 2123 Non
2016 2069 2170 2133 dixit,
2201 2068 2531 2124 Ca-terorum
2577 2078 2809 2132 testem;
2842 2068 2959 2134 scd,
3012 2066 3207 2121 Testem
3240 2082 3468 2121 resurre-

1872 2158 2073 2225 ctionis,
2104 2167 2331 2213 tantum.
2376 2158 2508 2212 Nam
2544 2158 2648 2212 ﬁde
2676 2157 2891 2226 dignior
2918 2167 3035 2211 erat
3063 2158 3125 2218 is,
3160 2158 3250 2227 qtti
3289 2157 3472 2213 dicere.

1874 2262 2119 2321 poterat:
2152 2252 2253 2319 Qui
2300 2251 2511 2314 edebat,
2555 2251 2799 2316 bibebat,
2843 2260 2896 2305 et
2943 2250 3232 2305 cruciﬁxus
3269 2259 3370 2316 est,
3427 2252 3471 2305 is

1875 2344 1988 2411 ipse
2037 2343 2351 2397 resurrexit.
2409 2343 2594 2410 Itaque
2640 2355 2815 2411 neque
2856 2341 3135 2409 praeteriti,
3169 2356 3343 2409 neque
3386 2356 3474 2396 se-

1873 2432 2084 2501 quentis
2114 2432 2389 2502 temporis,
2424 2447 2599 2503 neque
2628 2433 2905 2502 signorum
2940 2439 3129 2485 testem
3160 2446 3282 2486 esse
3304 2446 3469 2501 opor-

1875 2525 2040 2591 tebat,
2070 2525 2164 2579 sed
2198 2525 2612 2580 resurrectionis
2644 2532 2873 2578 tantum.
2915 2524 3002 2577 Illa
3037 2538 3266 2593 namque
3295 2525 3471 2578 mani-

1875 2616 2008 2669 festa
2059 2623 2116 2669 Cl
2154 2615 2206 2667 in
2248 2614 2498 2669 confesso
2546 2623 2729 2676 erant;
2772 2613 3095 2667 I'CSUI‘I'CCilO
3124 2619 3302 2666 autem
3333 2612 3470 2668 clam

1874 2707 2008 2762 facta
2041 2706 2235 2770 fuerat,
2267 2707 2455 2777 hisque
2484 2707 2657 2760 solum
2704 2715 2828 2758 nota
2856 2713 2994 2760 erat.
3024 2703 3207 2773 Neque
3236 2705 3421 2759 dicunt
3455 2723 3468 2758 :

1875 2798 2062 2866 Angeli
2104 2798 2355 2853 dixerunt
2387 2797 2570 2862 nobis;
2605 2796 2721 2857 sed.
2751 2796 2858 2850 Nos
2902 2793 3136 2851 vidimus
3188 2795 3469 2852 Undenam

1873 2891 1924 2946 id
1958 2891 2299 2946 manifestum
2330 2890 2450 2945 est?
2481 2889 2557 2943 Ex
2599 2889 2870 2942 miraculis
2910 2904 3031 2958 qua:
3066 2886 3310 2941 facimus.
3348 2888 3473 2943 ideo

1876 2990 2000 3035 tunc
2033 2981 2366 3050 peti~simnm
2416 2980 2533 3034 illos
2592 2978 2695 3032 fide
2729 2978 2918 3048 dignos
2953 2992 3074 3033 esse
3107 2979 3363 3046 Oportuit.
3410 2980 3472 3031 Et
3524 3022 3530 3027 .

1872 3082 2177 3153 statuerunt,
2215 3072 2406 3142 inquit,
2436 3073 2583 3124 duos.
2627 3069 2735 3125 Cur
2775 3086 2881 3124 non
2933 3070 3150 3140 plures?
3188 3068 3265 3124 Ne
3302 3070 3473 3139 major

1874 3154 2029 3220 ﬁeret
2055 3165 2356 3219 animorum
2390 3163 2742 3233 perturbatio,
2780 3178 2913 3217 neve
2944 3178 3032 3217 res
3061 3164 3112 3217 in
3145 3165 3343 3217 multos
3366 3180 3465 3219 ex.

1874 3258 2206 3313 tenderetur.
2238 3256 2347 3310 Nec
2376 3257 2496 3310 sine
2532 3269 2692 3310 causa
2727 3255 3003 3310 Matthiam
3050 3257 3254 3325 adjicit,
3291 3258 3385 3312 sed
3418 3269 3474 3313 ut

1873 3349 2120 3405 ostendat
2140 3364 2284 3413 eum,
2309 3348 2396 3417 qui
2422 3347 2563 3416 apud
2590 3346 2832 3401 homines
2856 3346 3184 3401 honorabilis
3205 3357 3309 3415 est,
3331 3350 3473 3419 apud

1876 3442 2042 3497 Deum
2094 3456 2215 3497 esse
2265 3439 2387 3495 infe:
2404 3440 2593 3494 iorem.
2635 3439 2703 3493 Et
2746 3439 2904 3492 simul
2953 3452 3143 3494 omnes
3188 3450 3475 3510 precantur

1875 3535 2136 3599 dicentes,
2166 3532 2269 3599 Tu,
2296 3532 2532 3595 Domine,
2561 3535 2647 3601 qui
2676 3532 2831 3584 corda
2856 3533 2987 3584 nosti
3020 3535 3268 3600 omnium,
3302 3544 3471 3589 osten-

1876 3624 1958 3676 de.
2002 3623 2120 3689 Tu,
2171 3638 2279 3676 non
2328 3637 2447 3675 nos.
2499 3620 2813 3691 Opportune
2852 3621 3097 3676 cordium
3144 3626 3474 3693 cognitorem

1877 3723 2071 3768 vocant
2102 3731 2115 3766 :
2144 3716 2212 3767 ab
2256 3714 2350 3767 illo
2394 3713 2539 3767 enim
2571 3712 2766 3767 electio
2802 3713 3039 3766 facienda
3072 3726 3206 3779 erat,
3254 3732 3359 3767 non
3407 3718 3476 3769 ab

1876 3808 2015 3862 aliis.
2068 3806 2159 3861 Sic
2206 3805 2546 3861 conﬁdenter
2601 3805 2977 3875 loquebantur,
3028 3808 3151 3877 quia
3192 3810 3479 3878 oportebat

1878 3899 2098 3953 omnino
2143 3913 2311 3952 unum
2354 3896 2499 3967 eligi.
2558 3895 2745 3966 Neque
2799 3896 3071 3959 dixerunt,
3127 3898 3305 3968 Elige;
3356 3901 3472 3963 sed,

1878 3989 2113 4045 Ostende
2166 3990 2393 4042 electum
2426 4029 2441 4053 ,
2490 3987 2651 4054 Quem
2690 3988 2901 4056 elegeris
2926 4030 2940 4054 ,
2990 3989 3196 4058 inquit:
3242 3991 3478 4046 scientes

1879 4083 2059 4135 omnia
2077 4096 2104 4133 a
2135 4078 2243 4133 Deo
2272 4078 2599 4149 pnrdefinita
2624 4094 2763 4133 esse.
2786 4078 2872 4132 Ex
2895 4080 2972 4133 Itis
2995 4082 3190 4134 duobus
3213 4099 3370 4135 unum
3394 4100 3482 4136 ac-

1880 4172 2046 4243 cipere
2065 4182 2249 4226 sortem
2277 4172 2541 4225 ministerii
2571 4172 2722 4237 hujus
2743 4182 2788 4224 et
2816 4173 3148 4239 apostolatus.
3175 4174 3309 4227 Erat
3335 4178 3479 4229 enim

1881 4266 2043 4320 etiam
2076 4264 2222 4318 aliud
2260 4263 2640 4317 ministerium.
2671 4263 2736 4315 Et
2761 4263 3007 4316 dederunt
3033 4274 3191 4318 sortes
3222 4267 3311 4319 eis.
3333 4266 3482 4320 Non-

1882 4358 2008 4411 dum
2028 4358 2169 4411 enim
2189 4372 2247 4410 se
2269 4356 2459 4424 dignos
2482 4370 2602 4409 esse
2619 4355 2899 4423 putabant,
2916 4357 3005 4425 qui
3027 4372 3092 4411 ex
3120 4372 3243 4412 sese
3270 4359 3367 4428 ipsi
3403 4360 3480 4412 fa-

1883 4458 2069 4505 cerent
2087 4449 2403 4503 electionem
2430 4465 2441 4500 :
2467 4447 2587 4501 ideo
2612 4448 2834 4517 cupiunt
2863 4448 3042 4517 aliquo
3065 4449 3218 4519 signo
3243 4450 3479 4505 edoceri.

1959 4542 2012 4595 4.
2046 4540 2294 4608 Alioquin
2327 4554 2475 4603 vero,
2508 4540 2551 4591 si
2595 4540 2680 4591 ubi
2716 4554 2815 4593 nec
2859 4541 3097 4609 precatio
3129 4551 3262 4605 erat,
3306 4558 3481 4612 neque

1887 4632 2029 4701 digni
2060 4631 2153 4683 viri
2196 4630 2439 4693 aderant,
2474 4638 2677 4682 tantum
2710 4630 2874 4683 valuit
2899 4646 3037 4693 sors,
3068 4646 3132 4685 eo
3160 4633 3302 4702 quod
3334 4645 3484 4687 recto

1887 4722 2067 4775 animo
2098 4721 2269 4783 fieret,
2313 4736 2504 4789 nempe
2542 4735 2705 4788 super
2750 4720 2883 4774 Jona
2917 4739 2929 4773 :
2982 4722 3149 4779 multo
3178 4725 3345 4792 magis
3374 4724 3480 4785 hic,

1889 4814 1978 4866 ubi
2008 4812 2232 4866 chorum
2278 4811 2535 4881 explevit,
2588 4810 2674 4864 ubi
2725 4811 2968 4865 ordinem
3022 4811 3263 4880 perfecit.
3302 4813 3488 4884 Neque

1890 4904 2026 4957 alter
2054 4902 2253 4967 doluit;
2287 4917 2389 4955 non
2418 4902 2561 4955 enim
2597 4900 2646 4953 id
2674 4902 2966 4976 tacuissent
2987 4904 3234 4969 apostoli,
3266 4905 3355 4973 qui
3381 4922 3485 4957 non

1891 4996 2263 5050 abstinuerunt
2287 5011 2316 5049 a
2349 4994 2643 5049 referendis
2674 4996 2833 5047 etiam
2861 4996 3249 5064 praecipuorum
3273 5009 3489 5065 aposto-

1894 5090 2064 5143 lorum
2092 5090 2254 5151 vittis,
2302 5087 2516 5156 quando
2567 5102 2761 5157 nempe
2808 5087 3065 5157 indignati
3110 5100 3236 5142 sunt
3266 5106 3370 5142 non
3402 5106 3487 5144 se-

1895 5182 2019 5245 mel,
2054 5180 2147 5235 sed
2177 5181 2257 5233 bis
2287 5190 2341 5235 ct
2366 5180 2584 5249 pluries.
2617 5181 2724 5233 llos
2768 5180 2944 5249 itaque
2972 5190 3023 5233 et
3055 5196 3153 5235 nos
3194 5182 3485 5236 imitemur.

1896 5274 2009 5328 Non
2057 5273 2307 5326 omnibus
2343 5272 2552 5339 loquor,
2594 5271 2688 5325 sed
2732 5272 2816 5334 iis,
2843 5272 2931 5340 qui
2968 5273 3323 5342 principatum
3363 5274 3493 5328 affe-

1896 5374 2060 5417 ctant.
2084 5364 2137 5417 Si
2165 5363 2341 5416 credis
2367 5362 2684 5417 electionem
2708 5378 2734 5414 a
2761 5362 2871 5416 Deo
2896 5377 3039 5427 esse,
3069 5380 3135 5417 ne
3161 5360 3453 5435 indigneris“
3478 5388 3490 5421 :

1897 5457 2157 5512 adversus
2189 5456 2335 5509 illum
2380 5456 2522 5507 enim
2570 5455 2862 5525 indignaris
2904 5466 2955 5511 et
2994 5456 3220 5510 irritaris
3250 5476 3263 5509 :
3294 5456 3383 5512 ille
3413 5468 3496 5513 est

1897 5553 1986 5622 qui
2036 5549 2219 5619 elegit.
2249 5546 2307 5605 Si
2329 5559 2509 5603 autem
2533 5549 2692 5619 elegit
2716 5551 2823 5615 ille,
2849 5560 2901 5604 et
2923 5550 3000 5603 sic
3018 5549 3280 5619 indignari
3304 5552 3493 5617 audes,

1898 5640 2129 5711 idipsum
2158 5638 2291 5695 facis
2317 5636 2461 5710 quod
2484 5638 2639 5693 Cain.
2661 5637 2796 5693 Cum
2823 5637 2965 5693 enim
2992 5644 3296 5709 approbare
3324 5656 3483 5711 apor-

1900 5735 2107 5794 tuissct,
2141 5748 2282 5800 aegre
2307 5740 2364 5787 et
2390 5731 2607 5801 indigne
2636 5732 2758 5785 tulit
2783 5731 2893 5794 ille,
2924 5731 3066 5801 quod
3096 5732 3277 5786 fratris
3303 5733 3388 5789 sui
3418 5736 3495 5789 vi-

1896 5822 2069 5882 ctima
2102 5827 2375 5889 acceptior
2402 5835 2543 5881 esset
2570 5842 2583 5891 ;
2624 5824 2835 5895 quando
2870 5823 3152 5897 cmnpttttgi
3176 5822 3485 5895 oportebat.
