4074 6302
647 322 713 374 δε)
1344 316 1401 371 S.
1440 315 1714 371 JOANNIS
1748 314 2208 373 CHRYSOSTOHI
2248 314 2563 371 ARCIIIEP.
2602 316 3125 375 CONSTANTINOP.
3815 324 3884 377 ιο

645 430 756 498 Ego
782 442 905 481 vero
934 442 1037 481 non
1065 428 1165 480 hoc
1191 427 1331 492 dico,
1361 427 1454 482 sed
1480 428 1619 495 quod
1651 428 1787 505 Deus
1811 428 1942 479 sciat
1970 442 2081 481 rem
2104 426 2203 482 uti-

646 525 762 575 liter
802 521 1131 590 dispensare.
1176 519 1330 589 Sarpe
1373 536 1599 589 namque
1639 530 1694 573 tu
1717 560 1732 585 ,
1765 521 1853 587 qui
1884 520 2119 574 moribus
2148 534 2207 573 es

645 612 1068 675 modestioribus,
1100 627 1203 663 non
1232 623 1405 665 tamen
1433 612 1653 664 Idoneus
1672 626 1750 665 es.
1785 611 1984 664 Rursus
2011 620 2093 664 est
2114 599 2207 664 tibi

644 701 748 754 vita
780 701 1038 769 inculpata
1060 716 1342 769 moresque
1369 701 1612 754 liberales
1636 711 1761 754 sunt
1789 718 1802 753 :
1837 716 2007 769 neque
2031 710 2205 755 tamen

644 791 695 842 iu
727 790 961 844 Ecclesia
1002 791 1115 843 haec
1165 792 1293 845 satis
1334 799 1474 843 sunt.
1522 792 1767 861 Alioquin
1806 808 1932 847 vero
1969 793 2102 845 alius
2140 791 2207 844 ad

642 881 779 933 aliud
815 889 892 935 est
939 881 1176 934 idoneus.
1224 882 1410 934 Annon
1455 882 1622 945 vides,
1652 891 1901 952 quantam
1945 882 2201 935 harumce

644 987 819 1024 rerum
849 972 1105 1025 rationem
1133 970 1323 1024 habeat
1345 971 1523 1025 divina
1548 971 1856 1041 Scriptura?

716 1058 955 1125 Episcopi
970 1059 1405 1128 animum—Sed
1422 1062 1615 1125 dicam,
1638 1078 1737 1131 qua
1759 1064 1823 1115 de
1838 1077 1995 1116 causa
2019 1062 2117 1118 hac
2141 1063 2209 1118 dc

643 1162 699 1200 η
726 1147 938 1201 dissidia
969 1148 1207 1201 oriantur
1234 1167 1247 1199 :
1276 1151 1396 1218 quia
1425 1166 1615 1219 nempe
1649 1166 1753 1205 non
1796 1153 1943 1221 quasi
1974 1153 2038 1205 ad
2070 1167 2205 1221 pra:-

639 1237 895 1292 fecturam
926 1250 979 1292 et
1008 1241 1354 1307 patrocinium
1380 1242 1596 1296 fratrum
1620 1245 1937 1309 accedimus,
1961 1244 2062 1297 sed
2079 1258 2209 1311 qua-

638 1330 682 1381 si
713 1329 779 1381 ad
812 1329 1067 1384 honorem
1097 1341 1149 1383 et
1180 1331 1438 1399 requiem.
1470 1331 1524 1387 Si
1546 1334 1711 1387 scires
1734 1334 1872 1386 enim
1901 1335 2205 1403 episc0pum

641 1421 875 1473 omnium
905 1436 1044 1485 esse,
1090 1427 1326 1476 omnium
1368 1439 1528 1478 onera
1582 1425 1719 1478 ferre
1752 1435 1999 1493 Oportere
2024 1444 2037 1491 ;
2067 1428 2206 1496 quod

638 1508 757 1562 aliis
782 1510 1130 1564 irascentibus
1155 1513 1309 1570 venia
1334 1512 1506 1575 detur,
1538 1515 1613 1567 illi
1641 1529 1767 1567 vero
1792 1515 2008 1569 minime
2028 1532 2042 1579 ;
2065 1516 2203 1584 quod

636 1600 755 1652 aliis
781 1601 1117 1668 peccantibus
1138 1603 1409 1658 excusatio
1438 1604 1623 1666 multa,
1654 1604 1753 1673 ipsi
1782 1621 1908 1660 vero
1934 1606 2071 1659 nulla
2098 1608 2202 1659 sit:

639 1689 703 1741 ad
736 1689 871 1744 haue
898 1691 1206 1759 dignitatem
1239 1709 1342 1745 non
1391 1695 1732 1749 accurrisses.
1778 1696 1875 1750 ilic
1917 1697 2059 1751 enim
2086 1712 2206 1751 om-

640 1780 781 1831 nium
816 1780 1007 1848 linguis
1032 1783 1310 1847 expositus
1340 1794 1441 1848 ρει,
1474 1786 1711 1839 omnium
1734 1785 1961 1853 judicio,
1992 1788 2209 1853 sapien-

636 1868 762 1920 tium
785 1877 837 1921 et
869 1870 1227 1937 insipientium
1257 1888 1271 1922 :
1295 1874 1617 1940 quotidianis
1641 1874 1783 1929 curis
1802 1876 2063 1938 atteritur,
2096 1877 2204 1931 imo

634 1966 689 2013 ct
716 1960 987 2013 nocturnis
1016 1977 1029 2012 :
1062 1961 1347 2014 multorum
1379 1962 1521 2025 odio,
1552 1964 1839 2017 multorum
1880 1964 2087 2019 invidia:
2114 1980 2205 2034 pa-

638 2056 733 2102 tet.
756 2048 833 2103 Ne
858 2049 983 2103 mihi
1011 2050 1155 2104 enim
1179 2050 1246 2103 de
1272 2052 1377 2105 illis
1403 2053 1654 2120 loquaris,
1675 2055 1763 2121 qui
1792 2054 1969 2107 omnia
1995 2055 2059 2107 ad
2082 2070 2207 2123 gra-

637 2139 762 2191 tiam
796 2140 1011 2202 faciunt,
1043 2148 1095 2193 et
1141 2140 1375 2196 dormire
1420 2142 1661 2210 cupiunt,
1698 2145 1786 2212 qui
1817 2145 1881 2197 ad
1915 2145 2014 2198 hoc
2042 2159 2202 2214 nego—

635 2231 762 2282 titun
790 2231 938 2297 quasi
966 2230 1032 2283 ad
1056 2234 1288 2300 requiem
1316 2235 1595 2288 accedunt.
1646 2236 1717 2289 De
1748 2236 1830 2288 his
1858 2252 1960 2289 non
1989 2238 2202 2305 loquor,

632 2319 726 2371 sed
755 2318 823 2372 de
853 2315 937 2385 iis,
970 2322 1060 2389 qui
1105 2322 1319 2390 vigilant
1366 2338 1462 2391 pro
1512 2326 1789 2379 animabus
1840 2329 2065 2391 vestris,
2114 2331 2203 2396 qtti

632 2408 962 2463 subditorum
989 2411 1213 2463 salutem
1235 2427 1346 2465 sua:
1370 2422 1718 2481 anteponunt.
1749 2415 1845 2469 Dic
1866 2416 1994 2469 mihi
2021 2435 2034 2471 :
2064 2419 2107 2472 si
2134 2420 2201 2484 is,

635 2499 724 2565 qui
754 2506 938 2554 decem
968 2500 1106 2555 ﬁlios
1148 2502 1305 2556 habet
1333 2505 1590 2567 subditos,
1625 2519 1807 2560 secum
1854 2523 2068 2578 semper
2104 2510 2203 2566 ha-

636 2591 883 2657 bitantes,
927 2593 1043 2646 sine
1084 2593 1477 2649 intermissione
1518 2610 1700 2650 curam
1748 2598 1957 2651 illorum
2009 2599 2205 2656 habere

632 2682 871 2750 cogitur;
904 2684 965 2745 is,
995 2684 1081 2750 qui
1115 2691 1191 2736 tot
1214 2683 1393 2750 habet,
1422 2699 1525 2738 non
1552 2686 1652 2741 sub
1673 2703 1831 2742 mam.
1853 2690 2076 2757 positos.
2098 2708 2201 2748 non

631 2770 1016 2837 eobabitantes,
1049 2772 1141 2827 sed
1169 2774 1471 2829 auctoritati
1500 2792 1612 2831 sua:
1648 2777 2025 2848 obsequentes,
2068 2799 2200 2852 qua-

634 2867 735 2917 lem
766 2880 883 2937 esse
910 2866 1157 2934 oportet?
1195 2865 1324 2931 Sed,
1354 2868 1600 2936 inquies,
1631 2870 1683 2923 in
1711 2868 1914 2926 honore
1957 2873 2198 2929 habetur.

633 2954 687 3006 lu
724 2968 829 3022 quo
868 2954 1108 3007 honore?
1157 2955 1424 3023 Pauperes
1471 2956 1710 3012 vilissimi
1759 2960 1812 3012 in
1868 2961 1981 3015 foro
2031 2964 2201 3031 ipsum

632 3043 886 3097 conviciis
933 3043 1188 3097 lacerant.
1237 3044 1344 3097 Cur
1386 3060 1515 3115 ergo
1558 3048 1663 3101 illis
1702 3064 1805 3101 non
1837 3065 1897 3102 os
1925 3038 2204 3107 occlud'?

632 3133 779 3189 Belle
802 3149 964 3197 sane;
987 3134 1078 3187 sed
1108 3151 1211 3187 non
1237 3150 1373 3204 opus
1389 3137 1625 3207 episcopi
1648 3154 1849 3193 narras.
1874 3142 2076 3198 Rursus
2100 3146 2201 3201 nisi

630 3224 874 3277 omnibus
902 3225 1170 3291 largiatur,
1190 3233 1295 3279 tam
1316 3225 1523 3290 otiosis,
1552 3243 1710 3297 quam
1742 3230 1827 3295 iis,
1859 3234 1945 3300 qui
1968 3250 2197 3302 operan-

634 3327 738 3377 tur,
776 3316 920 3374 mille
957 3316 1186 3385 undique
1216 3318 1671 3374 criminationibus
1709 3322 1981 3392 impetitur
2008 3343 2201 3383 :nemo

635 3411 787 3463 timet
807 3410 950 3463 illum
972 3424 1225 3464 accusare
1252 3418 1307 3463 et
1322 3412 1610 3467 criminari.
1631 3413 1761 3468 Nam
1784 3433 1906 3486 erga
1937 3420 2201 3491 principes

632 3508 802 3552 metus
816 3499 1049 3563 cohibet,
1066 3514 1188 3568 erga
1212 3501 1308 3554 bos
1324 3500 1561 3558 minime.
1582 3505 1733 3573 Apud
1752 3506 1869 3560 illos
1884 3511 2023 3563 enim
2042 3511 2200 3569 timor

631 3590 722 3643 Dei
738 3589 864 3641 nihil
882 3589 1041 3642 valet.
1065 3588 1192 3654 Quis
1203 3600 1585 3658 repraesentare
1608 3596 1773 3661 possit
1793 3610 1972 3651 curam
1994 3599 2060 3653 de
2078 3616 2200 3655 ver-

630 3679 699 3732 bo
717 3687 770 3731 et
795 3677 1058 3743 doctrina,
1089 3676 1452 3734 difﬁcultatem
1482 3682 1531 3735 in
1557 3684 2022 3745 ordinatidnibus?
2063 3690 2198 3771 Forl.

632 3778 698 3819 ta~
714 3782 772 3821 se
792 3768 873 3820 vel
894 3782 992 3836 ego
1012 3767 1297 3823 admodum
1320 3769 1612 3825 imbecillus
1635 3788 1772 3839 sum,
1797 3777 1974 3841 miser,
1996 3788 2050 3834 et
2076 3767 2196 3835 nul-

631 3858 734 3911 lius
753 3858 939 3926 pretii;
965 3858 1046 3913 vel
1064 3874 1150 3913 res
1168 3861 1236 3913 ita
1258 3874 1315 3914 se
1335 3858 1511 3922 habet,
1530 3874 1587 3916 nt
1602 3864 1738 3918 dico.
1760 3866 2062 3925 Sacerdotis
2081 3875 2195 3926 ani-

633 3964 713 4002 ma
730 3949 858 4002 nihil
877 3950 1051 4004 dili‘ert
1065 3966 1091 4003 a
1115 3952 1229 4003 navi
1257 3950 1501 4007 ﬂuctibus
1521 3956 1715 4027 agitata
1741 3958 1997 4029 :undique
2013 3965 2196 4035 pungi-

633 4049 735 4099 tur.
758 4040 826 4092 ab
845 4041 1048 4105 amicis,
1088 4044 1154 4094 ab
1182 4043 1439 4108 inimicis;
1468 4058 1498 4097 a
1529 4045 1659 4111 suis,
1688 4048 1754 4099 ab
1779 4048 1985 4103 alienis.
2007 4058 2194 4110 Annon

638 4130 781 4182 orbis
808 4140 887 4183 est
918 4131 1223 4198 Imperatori
1248 4131 1628 4199 subditus;bic
1659 4151 1788 4191 vero
1813 4154 1966 4192 unam
1996 4150 2195 4199 tantum

630 4220 896 4273 civitatem
936 4220 1118 4288 regit?
1167 4222 1235 4276 At
1260 4229 1405 4276 tanto
1434 4224 1663 4292 majores
1702 4235 1827 4281 sunt
1866 4229 2023 4297 hujus
2051 4233 2197 4286 solli-

631 4309 911 4374 citudines,
934 4318 1132 4379 quanto
1154 4311 1321 4378 majus
1342 4320 1422 4365 est
1441 4314 1659 4383 pelagus
1689 4324 1895 4372 tumens
1923 4334 1984 4374 ac
2012 4320 2196 4378 furens

628 4414 763 4465 aqua
795 4399 1041 4453 ﬂuminis.
1088 4402 1254 4465 Quam
1300 4402 1511 4457 tandem
1540 4407 1608 4460 ob
1636 4421 1849 4463 causam
1876 4411 1900 4463 ?
1928 4412 2058 4479 Quia
2088 4414 2193 4471 illic

628 4489 777 4542 multi
803 4498 924 4543 sunt
952 4491 1196 4552 ministri,
1232 4494 1513 4562 omniaque
1544 4496 1661 4565 lege
1704 4508 1758 4551 et
1792 4500 2039 4555 mandato
2069 4519 2194 4572 per-

628 4590 893 4647 aguntur;
939 4580 1024 4634 hic
1049 4596 1178 4636 vero
1222 4596 1325 4637 non
1367 4584 1496 4639 item
1540 4603 1555 4639 :
1601 4602 1772 4657 neque
1811 4594 1950 4645 enim
1980 4594 2102 4649 licet
2128 4612 2196 4651 ex

634 4658 945 4725 auctoritate
980 4674 1310 4740 prtecipere;
1352 4690 1533 4729 verum
1563 4677 1609 4731 si
1635 4678 1917 4735 admodum
1960 4698 2194 4741 commo—

632 4772 844 4823 veatur,
890 4760 1119 4831 cntdclis
1144 4762 1325 4826 audit;
1355 4764 1437 4817 sin
1467 4780 1651 4833 parum
1679 4810 1693 4832 ,
1724 4768 1944 4838 frigidus
1978 4773 2191 4830 dicitur.

634 4848 857 4917 Oportet
882 4859 1057 4903 autem
1096 4849 1208 4903 hare
1235 4850 1341 4904 duo
1368 4858 1629 4909 contraria
1652 4874 1968 4917 concurrere
1988 4905 2003 4927 ,
2037 4866 2104 4918 ita
2136 4875 2191 4923 ιιι

632 4954 728 4993 nec
767 4950 1121 5010 contemptus,
1153 4956 1251 4995 nec
1273 4941 1452 4996 odium
1480 4947 1756 5001 excitetur.
1788 4953 2028 5017 Alioquin
2065 4970 2193 5014 vero

632 5030 743 5098 ipsa
778 5030 981 5097 negotia
1009 5042 1399 5101 prmoccnpant.
1430 5032 1567 5099 Quot
1599 5036 1841 5091 homines
1876 5042 2079 5108 cogitur
2106 5046 2189 5098 01³--

634 5116 865 5181 fendere,
894 5118 1021 5171 velit
1046 5119 1175 5172 nolit
1198 5121 1289 5174 ?iu
1322 5134 1449 5191 quot
1481 5124 1617 5179 alios
1643 5126 1832 5181 invitus
1859 5146 2043 5198 aspere
2071 5149 2197 5204 age-

644 5210 735 5263 re?
765 5212 874 5263 Non
922 5212 1028 5264 alio
1071 5212 1227 5265 modo
1256 5214 1460 5282 loquor,
1492 5232 1649 5286 quam
1696 5230 1751 5273 ut
1795 5221 2012 5276 affectus
2050 5242 2183 5282 sum.

635 5299 749 5350 Non
788 5300 979 5383 multos
1023 5311 1148 5368 puto
1176 5302 1477 5358 sacerdotes
1513 5308 1688 5361 salvos
1726 5308 1875 5375 fieri,
1904 5314 1997 5367 sed
2038 5314 2191 5383 longe

634 5392 804 5455 olores
835 5370 1026 5458 periie,
1049 5408 1153 5445 non
1185 5393 1284 5447 alia
1314 5393 1381 5446 de
1402 5409 1581 5459 causa,
1604 5414 1760 5466 quam
1789 5402 1928 5471 quod
1957 5420 2043 5458 res
2071 5421 2188 5460 ma-

618 5494 782 5547 guum
834 5481 1058 5548 postulet
1095 5484 1350 5538 animum.
1382 5485 1556 5540 Multis
1593 5491 1736 5543 enim
1786 5494 2189 5552 necessitatibus

616 5588 645 5627 :t
695 5573 921 5640 propriis
968 5572 1181 5641 pellitur
1226 5576 1477 5641 moribus,
1521 5588 1573 5633 et
1619 5580 1907 5637 innumeris
1955 5587 2186 5656 undique

619 5679 749 5731 opus.
784 5663 937 5719 habet
974 5665 1158 5722 oculis.
1208 5663 1321 5721 Non
1368 5668 1512 5723 vides
1555 5686 1709 5737 quam
1752 5675 1911 5726 multa
1957 5689 2091 5743 opus
2119 5680 2184 5733 sit

2317 428 2568 499 episcopo
2595 432 2783 485 adesse
2810 433 2832 484 7
2865 432 2929 486 Ut
2957 432 3194 487 doctrina
3232 433 3444 499 polleat,
3480 445 3533 487 nt
3560 437 3627 489 sit
3652 437 3880 504 patiens.

2314 527 2370 570 ut
2411 519 2617 572 fidelem
2645 536 2942 575 sermonem
2977 524 3026 577 in
3057 525 3293 577 doctrina
3325 535 3503 578 servet
3536 527 3557 592 (
3580 528 3631 579 1.
3663 527 3798 580 Tim.
3828 529 3883 582 '5.

2311 610 2365 663 2.
2391 611 2494 664 Tit.
2528 613 2577 665 l.
2612 612 2686 683 7).
2724 613 2945 678 Quanta:
2972 616 3073 669 hoc
3100 616 3458 670 difficultatis?
3488 617 3725 672 Aliorum
3755 636 3886 688 νικος

2311 703 2443 756 catis
2482 702 2595 769 ipse
2643 704 2903 757 olmoxius
2952 716 3050 759 est.
3094 708 3209 759 Alia
3257 724 3361 761 non
3406 723 3678 773 memoro;
3707 712 3800 763 sed
3841 713 3887 764 si

2315 794 2393 845 vel
2424 808 2560 846 tutus
2589 795 2805 848 decedat
2834 812 2937 849 non
2964 797 3220 862 initiatus,
3246 814 3422 853 annon
3449 801 3500 853 id
3533 810 3691 854 totam
3719 800 3891 868 ipsius

2312 886 2533 940 Salutem
2562 887 2818 941 subvertit
2846 888 2869 940 ?
2897 887 3064 944 Unius
3092 891 3235 942 enim
3265 892 3456 943 anima!
3483 893 3742 958 pernicies
3770 900 3889 945 tan-

2315 986 2422 1027 tum
2453 986 2534 1029 est
2557 976 2837 1042 damnum,
2885 990 2939 1033 ιιι
2970 981 3114 1033 nullo
3157 982 3322 1047 possit
3362 982 3585 1049 exprimi
3614 997 3887 1036 sermone.

2314 1064 2368 1117 Si
2414 1067 2554 1118 enim
2598 1068 2713 1133 ejus
2757 1069 2903 1121 salus
2948 1071 3076 1123 tanti
3107 1081 3225 1131 est,
3267 1080 3321 1123 ιιι
3352 1087 3449 1140 pro
3478 1074 3563 1125 illa
3593 1072 3759 1127 Filius
3794 1073 3888 1127 Dei

2314 1156 2473 1209 homo
2504 1160 2673 1212 factus
2713 1171 2763 1213 et
2812 1170 2956 1215 tanta
2987 1178 3173 1230 passus
3201 1166 3305 1227 sit,
3348 1168 3463 1231 ejus
3501 1167 3763 1233 pernicies
3790 1180 3887 1218 co-

2311 1247 2415 1314 gita
2458 1257 2711 1315 quantum
2749 1250 2937 1304 afferet
2983 1254 3319 1320 supplicium.
3364 1254 3419 1308 Si
3472 1256 3549 1319 is,
3599 1272 3691 1323 per
3726 1271 3888 1324 quem

2311 1336 2446 1389 alius
2474 1339 2625 1403 perit,
2655 1338 2703 1390 iu
2730 1336 2827 1392 hac
2855 1341 2957 1393 vita
2988 1354 3155 1395 morte
3182 1343 3370 1411 dignus
3391 1355 3489 1405 est,
3522 1347 3687 1398 multo
3717 1348 3891 1416 magis

2312 1426 2421 1480 ille.
2465 1426 2542 1480 Ne
2582 1428 2707 1481 mihi
2738 1430 2953 1494 dixeris,
3001 1432 3243 1487 Peccavit
3275 1435 3554 1503 presbyter
3580 1447 3670 1489 aut
3701 1437 3890 1491 diaco-

2312 1533 2412 1570 nus
2446 1536 2458 1572 :
2494 1520 2605 1573 lucc
2645 1524 2821 1576 omnia
2865 1524 2917 1577 in
2960 1535 3118 1593 caput
3158 1525 3515 1581 ordinandum
3562 1530 3886 1583 referuntur.

2311 1610 2467 1663 Aliud
2517 1614 2706 1666 iterum
2756 1615 2893 1669 dico.
2936 1616 3221 1687 Contingit,
3252 1628 3306 1673 ut
3333 1623 3450 1690 quis
3493 1623 3888 1677 successionem

2308 1702 2535 1769 excipiat
2582 1704 2939 1772 improborum
2982 1708 3253 1763 hominum
3301 1730 3313 1764 :
3358 1712 3563 1766 dubitat
3603 1715 3888 1781 ille,-quid

2308 1795 2516 1847 Consilii
2548 1809 2741 1865 capere
2772 1808 3011 1866 oporteat
3038 1805 3177 1854 circa
3208 1805 3470 1871 pncterita
3505 1814 3738 1871 peccata.
3768 1805 3889 1858 Duo

2307 1883 2450 1936 enim
2483 1895 2607 1937 sunt
2638 1888 2946 1953 praecipitia,
2979 1902 3139 1959 atque
3165 1903 3374 1960 oportet
3416 1910 3588 1964 neque
3620 1896 3764 1948 illum
3797 1898 3853 1949 di
3874 1927 3887 1934 -

2308 1974 2517 2027 mittere
2536 2016 2551 2041 ,
2594 1992 2765 2045 neque
2794 1978 2926 2033 alios
2955 1980 3243 2050 offendere.
3274 1986 3353 2037 An
3385 1987 3774 2040 exscindendus
3803 1998 3890 2041 est

2312 2065 2458 2129 prior
2488 2065 2511 2117 ?
2542 2064 2735 2119 Verum
2780 2084 2935 2122 causa
2984 2088 3085 2123 non
3137 2074 3303 2127 adest.
3352 2076 3431 2128 An
3486 2076 3889 2131 dimittendus?

2310 2155 2521 2220 Etiam,
2570 2158 2775 2226 inquies
2811 2178 2822 2213 :
2858 2176 2978 2214 nam
3011 2164 3125 2230 ejus
3154 2178 3236 2217 est
3278 2164 3435 2234 culpa
3464 2170 3551 2237 qui
3594 2169 3884 2223 ordinavit.

2309 2245 2443 2309 Quid
2491 2247 2666 2315 ergo?
2710 2265 2810 2301 non
2842 2262 3052 2318 Oportet
3094 2256 3371 2322 ordinare,
3415 2273 3586 2327 neque
3613 2260 3679 2312 ad
3718 2261 3887 2314 alium

2307 2336 2525 2403 gradum
2553 2337 2819 2391 evehere?
2839 2340 2943 2393 Sed
2973 2342 3093 2396 hinc
3114 2346 3355 2399 omnibus
3383 2350 3553 2415 palam
3578 2351 3701 2413 erit,
3730 2352 3887 2405 illum

2306 2439 2425 2479 esse
2470 2426 2786 2494 improbum.
2836 2430 3015 2499 Itaque
3065 2449 3246 2489 rursus
3286 2439 3392 2490 alio
3434 2438 3656 2493 oﬂ‘endit
3698 2444 3887 2495 modo.

2306 2513 2440 2568 Num
2488 2517 2554 2570 ad
2598 2519 2848 2587 majorem
2892 2522 3110 2590 gradum
3162 2530 3552 2594 promovendus
3596 2532 3725 2585 est?
3767 2532 3889 2588 Hoc

2308 2606 2478 2658 multo
2504 2606 2737 2661 deterius
2766 2619 2867 2663 est.

2370 2697 2424 2751 5.
2440 2696 2579 2752 Onus
2595 2701 2907 2770 episcopatus
2920 2720 3017 2759 non
3033 2708 3266 2774 anzbitur,
3280 2710 3368 2763 sed
3382 2712 3890 2786 dignitas.—ltaque

2306 2786 2350 2839 si
2381 2789 2499 2852 quis
2525 2789 2589 2841 ad
2620 2805 2884 2847 summum
2924 2798 3283 2854 sacerdotium
3315 2806 3600 2858 accesserit
3629 2807 3771 2861 velut
3812 2810 3884 2864 ad

2305 2876 2751 2947 sollicitudinem,
2801 2900 2958 2939 nemo
3004 2889 3131 2942 illud
3174 2890 3327 2946 facile
3381 2904 3693 2965 susceperit.
3728 2900 3887 2958 Nune

2305 2976 2480 3021 autem
2521 2971 2661 3023 velut
2688 2984 2942 3031 externos
2987 2981 3323 3048 magistratus
3370 2985 3496 3040 illud
3543 2990 3880 3045 atTectamus.

2304 3055 2434 3109 Nam
2482 3070 2537 3111 ut
2581 3060 2745 3127 gloria
2786 3074 2838 3117 et
2878 3065 3078 3121 honore
3118 3073 3253 3138 apud
3286 3075 3526 3131 homines
3555 3081 3881 3149 afficiantur,

2304 3149 2439 3217 apud
2484 3150 2646 3205 Deum
2680 3157 2925 3220 perimus.
2962 3159 3110 3224 Quod
3154 3163 3370 3219 honoris
3416 3169 3673 3226 lucrum?
3713 3191 3881 3244 quam

2304 3241 2447 3296 clare
2480 3247 2734 3313 probatur
2760 3252 2885 3305 nihil
2916 3271 3035 3310 esse
3065 3259 3087 3311 ?
3113 3261 3333 3325 Quando
3360 3269 3713 3323 sacerdotium
3744 3287 3883 3326 con-

2302 3334 2549 3401 cupiscis,
2575 3353 2638 3391 ex
2668 3340 2893 3397 adverso
2920 3361 3056 3414 pone
3075 3352 3391 3419 gehennam,
3414 3362 3679 3427 perpende
3705 3365 3884 3417 ratio-

2304 3437 2399 3476 nes
2429 3426 2533 3481 illic
2564 3430 2862 3488 reddendas
2892 3454 2905 3488 :
2950 3452 3016 3491 ex
3058 3442 3285 3497 adverso
3316 3463 3453 3514 pone
3482 3451 3641 3504 vitam
3670 3468 3698 3517 a
3730 3457 3883 3509 curis

2304 3512 2546 3583 liberam,
2578 3535 2716 3588 pone
2742 3527 2985 3595 supplicii
3014 3547 3337 3589 mensuram.
3383 3539 3642 3605 Quoniam
3672 3546 3716 3596 si
3761 3547 3879 3613 pri-

2301 3610 2459 3662 vatim
2493 3626 2699 3679 pecces,
2731 3618 2856 3671 nihil
2886 3620 2989 3675 tale
3014 3638 3265 3691 passurus
3290 3644 3350 3681 es
3376 3633 3450 3685 :si
3477 3649 3601 3687 vero
3623 3610 3883 3695 sacerdos

2300 3699 2402 3764 sis,
2437 3704 2659 3768 periisd.
2688 3707 2869 3777 Cogita
2890 3753 2905 3776 ,
2936 3704 3129 3781 quanta
3163 3733 3375 3786 passus,
3409 3736 3605 3790 quanta
3638 3728 3882 3796 philoso-

2303 3791 2423 3857 phia
2452 3810 2576 3849 usus
2616 3799 2683 3849 sit
2718 3800 2946 3873 Moyses,
2978 3818 3172 3875 quanta
3200 3812 3501 3869 exhibuerit
3528 3791 3681 3881 bona.
3714 3831 3769 3875 et
3794 3834 3883 3877 ta-

2301 3895 2419 3935 men
2459 3886 2598 3952 quod
2631 3904 2789 3943 unum
2825 3903 3095 3958 peccatum
3125 3900 3421 3967 admiserit,
3454 3909 3647 3962 acerbe
3676 3911 3876 3979 plexns

2297 3983 2426 4039 est;
2473 3991 2535 4031 ac
2565 3983 2754 4034 merito
2788 4002 2800 4035 :
2830 3989 3078 4053 quoniam
3125 3992 3172 4044 id
3223 4008 3341 4046 eum
3391 3997 3615 4051 aliorum
3659 4001 3878 4070 jactura

2298 4062 2493 4120 factum
2525 4081 2627 4123 est.
2676 4071 2750 4142 (a)
2790 4076 2970 4144 itaque
3008 4083 3282 4148 graviores
3327 4102 3510 4152 [‘(Bllils
3536 4062 3716 4159 dedit,
3763 4112 3878 4151 non

2298 4157 2437 4225 quod
2471 4161 2639 4228 palam
2670 4162 2863 4219 factum
2896 4169 2993 4233 sit,
3038 4174 3128 4224 sed
3160 4176 3297 4241 quod
3342 4181 3635 4236 sacerdotis
3679 4157 3882 4253 pecca-

2300 4255 2409 4300 tum
2441 4261 2601 4305 esset.
2634 4253 2747 4307 Non
2770 4256 2910 4310 enim
2939 4261 3049 4327 pari
3080 4264 3247 4318 modo.
3269 4266 3546 4334 plectimur
3570 4289 3664 4340 pro
3692 4279 3878 4332 mani-

2299 4334 2448 4392 festis
2474 4352 2525 4394 et
2559 4357 2654 4410 pro
2682 4348 2922 4401 occultis.
2948 4348 3226 4407 Peccatum
3250 4357 3392 4412 enim
3419 4360 3557 4415 idem
3572 4334 3681 4427 est.
3714 4382 3877 4434 [ιαιιιςι

2299 4444 2404 4483 non
2456 4432 2684 4498 eadem;
2730 4436 2843 4490 imo
2887 4455 2953 4493 ne
3001 4456 3272 4509 peccatum
3312 4451 3524 4518 quidem
3566 4465 3650 4509 est
3677 4432 3819 4512 idem
3858 4481 3874 4515 :

2300 4538 2471 4592 neque
2500 4526 2638 4579 enim
2692 4528 2831 4583 ideut
2875 4542 2977 4597 est,
3022 4537 3231 4592 occulte
3278 4555 3537 4608 peccare,
3586 4556 3639 4602 et
3695 4552 3876 4619 palam

2299 4615 2351 4668 id
2387 4618 2603 4673 audere.
2650 4621 2914 4693 Episcopo
2957 4637 3131 4683 autem
3177 4648 3281 4686 non
3310 4636 3430 4690 licet
3458 4639 3592 4694 clam
3622 4657 3875 4711 peccare.

2296 4704 2593 4776 Optandum
2631 4715 2771 4769 enim
2806 4717 2879 4770 illi
2908 4730 3070 4787 esset,
3092 4740 3194 4777 non
3222 4739 3529 4792 peccantem
3554 4749 3586 4787 a
3613 4704 3874 4794 crimina-

2298 4801 2529 4856 tionibus
2559 4804 2808 4872 liberari;
2855 4820 3056 4867 tantum
3086 4814 3237 4870 abest
3264 4830 3319 4873 ut
3343 4836 3568 4888 peccans
3593 4827 3645 4881 id
3676 4834 3873 4897 possit.

2297 4889 2352 4946 Si
2384 4893 2659 4949 irascatur.
2692 4899 2735 4950 si
2781 4899 2966 4963 rideat,
3016 4906 3059 4956 si
3105 4908 3184 4960 vel
3239 4924 3332 4977 per
3361 4927 3604 4969 somnum
3632 4922 3874 4987 quietem

2298 4994 2529 5051 expetat,
2558 4988 2709 5040 multi
2737 4991 2991 5045 conviciis
3022 4995 3305 5065 incessunt,
3328 5004 3477 5057 multi
3500 5006 3874 5081 offenduntur,

2298 5074 2448 5129 multi
2482 5076 2625 5145 leges
2650 5082 3019 5148 prazscribunt,
3052 5089 3201 5142 multi
3238 5093 3442 5159 priscos
3472 5110 3719 5168 repetunt
3748 5074 3876 5159 me;

2296 5166 2462 5219 moria
2483 5208 2499 5230 ,
2545 5176 2597 5222 et
2633 5176 2881 5238 ιιι-ωεξηιὶ
2931 5175 3291 5248 imprOperant
3322 5201 3335 5236 :
3368 5166 3573 5258 hocque
3601 5191 3797 5249 faciunt
3827 5199 3880 5265 ’,

2360 5384 2382 5473 τι
2410 5382 3239 5473 19%;..L'tiqfﬁlaﬁ'3fridsssin
3280 5402 3421 5473 savn-
3439 5407 3584 5473 ,οι-ίιι
3726 5409 3876 5473 αλδυς

2296 5444 2382 5517 sed
2410 5445 2616 5517 habetur
2642 5444 2699 5494 ιη’
2712 5444 2820 5498 aliis
2835 5444 3004 5517 Caudi,
3032 5464 3083 5504 et
3104 5444 3711 5517 adamaram;

2359 5506 2880 5586 φρὶξτίεηείθειξῐιξηιιιτν
2900 5506 3063 5586 “me
3085 5521 3210 5578 apud
3235 5506 3711 5586 ixbféi..‘2x“s;?.iii;
3730 5541 3783 5583 et
3808 5549 3880 5586 ωε

2295 5572 2625 5640 nanuscriptis
2646 5572 2873 5621 restituta
2896 5585 3025 5647 sunt.
3042 5572 3269 5631 inilorel.
3293 5587 3374 5647 qui
3404 5572 3881 5656 béiééééﬁinéltirﬁ

2295 5628 2674 5697 substituuntur,
2712 5645 2821 5697 qua:
2857 5647 3040 5687 senem
3078 5648 3301 5697 turbant.
3350 5601 3457 5697 ἀίξαι
3504 5654 3693 5697 omissa!
3726 5669 3881 5697 mre:

2295 5628 2687 5709 itzt‘bstituugtur,
2712 5645 2821 5709 qua:
2857 5638 3040 5709 seriem
3078 5628 3270 5693 turbant
3288 5628 3474 5703 illi?

2296 5688 2474 5739 hiatum
2497 5690 2691 5741 edicere
2715 5688 2950 5750 videntur,
