4098 6324
151 447 210 503 ιι
1159 433 1226 491 IN
1269 431 1444 489 ACTA
1490 419 2022 482 APOSTOLORUM.
2077 419 2309 477 llUMlL.
2358 417 2447 474 tv.
3274 423 3276 426 μ
3401 423 3472 480 η

152 577 254 617 non
295 560 438 632 quod
471 559 594 615 illos
620 557 844 615 laudare
866 598 882 620 ,
911 552 1006 610 sed
1031 550 1174 625 quod
1219 550 1363 606 hunc
1391 545 1641 604 mordere
1668 558 1754 598 ve-

151 653 268 720 lint,
298 650 654 722 coepiscopos
679 659 733 705 et
764 646 1106 718 presbyteros
1133 650 1520 699 memorantes.
1559 637 1749 700 Dulce,

147 743 318 807 aiunt,
349 741 550 798 bellum
577 731 890 810 inexpertis.
924 738 1035 794 lloc
1057 748 1110 792 et
1135 749 1276 789 nunc
1303 733 1483 788 dicere
1509 747 1606 801 par
1633 738 1713 783 est
1737 746 1754 784 ;

151 837 259 891 imo
289 837 452 890 etiam
482 835 717 890 dicimus
743 841 1030 903 antequam
1057 832 1105 884 in
1134 840 1410 884 certamen
1434 826 1714 880 veniamus
1738 837 1752 888 ;

148 942 268 982 cum
303 940 486 983 autem
532 942 602 983 eo
640 927 888 981 venimus
911 966 926 989 ,
959 939 1063 979 non
1105 938 1135 977 a
1173 922 1330 992 vulgo
1355 918 1754 990 eognoscimnr.

148 1021 264 1076 Non
299 1030 386 1076 cst
415 1022 561 1076 enim
601 1020 712 1091 jam
743 1019 895 1074 nobis
922 1017 1120 1073 bellum
1146 1024 1333 1070 contra
1365 1028 1481 1078 eos,
1511 1012 1600 1083 qui
1634 1025 1757 1082 pau-

149 1128 306 1180 peres
347 1114 695 1183 opprinmnt,
745 1124 918 1180 neque
961 1123 1178 1202 gregem
1222 1104 1608 1202 defendimus;
1660 1100 1755 1202 sed

149 1213 202 1256 ut
229 1213 483 1272 pastores
506 1204 580 1258 illi
605 1203 674 1259 ab
700 1201 986 1257 Ezechiele
1031 1198 1182 1272 (Cap.
1225 1199 1314 1254 54.
1341 1196 1401 1268 2)
1447 1196 1751 1257 memorati.

150 1304 452 1349 mactamus
495 1306 550 1350 ct
597 1294 936 1350 devoramns.
969 1292 1100 1362 Quis
1140 1299 1382 1345 nostrum
1430 1297 1631 1341 tantam
1662 1301 1758 1340 cu-

147 1400 258 1439 ram
311 1385 544 1442 exhibet
583 1385 723 1440 circa
776 1400 966 1456 greges
1010 1384 1234 1449 Christi,
1283 1393 1540 1452 quantam
1587 1378 1756 1435 Jacoh

146 1478 288 1532 circa
317 1493 519 1549 greges
549 1478 750 1534 Labani
777 1479 800 1532 ?
829 1479 950 1548 quis
979 1476 1292 1532 describere
1337 1474 1506 1544 possit
1537 1481 1751 1527 noctur-

150 1584 274 1621 num
322 1569 506 1639 gelu?
557 1569 634 1625 Nc
677 1570 806 1624 mihi
857 1568 1058 1624 dixeris
1117 1567 1396 1637 pervigilia
1444 1574 1757 1634 tantamque

147 1660 446 1716 exhibitam
475 1678 680 1719 curam.
705 1663 900 1719 Totum
933 1664 1092 1735 igitur
1118 1662 1451 1717 cootrarium
1477 1670 1577 1715 est.
1610 1659 1757 1732 Con-

147 1753 294 1808 sules
332 1765 390 1809 et
424 1755 659 1824 prmfecti
697 1771 804 1810 non
839 1765 986 1810 tanto
1015 1755 1267 1809 fruuntur
1299 1754 1525 1813 honore,
1554 1763 1756 1822 quanto

146 1843 192 1898 is
236 1845 330 1916 qui
380 1855 578 1915 pra-est
621 1846 904 1902 Ecclesize.
959 1845 1015 1901 Si
1063 1846 1114 1900 in
1149 1845 1350 1916 regiam
1403 1844 1752 1914 ingrediatur,

147 1935 265 2004 quis
297 1937 511 2005 primus
552 1946 634 1993 est
660 1939 684 1991 ?
712 1939 756 1993 si
788 1937 928 2007 apud
957 1933 1234 1992 matronas
1252 1979 1266 2001 .
1307 1937 1352 1991 si
1388 1939 1438 1992 in
1470 1952 1752 2006 procerum

146 2028 310 2094 aedes,
335 2046 501 2086 nemo
528 2032 598 2086 illi
634 2032 1001 2102 anteponitur.
1033 2033 1222 2087 Omnia
1257 2033 1530 2102 perierunt
1556 2042 1610 2087 et
1631 2047 1753 2088 Cor-

150 2133 301 2190 rupto
329 2134 481 2178 sunt.
514 2123 637 2180 Hmc
663 2124 808 2187 dico,
844 2141 949 2179 non
981 2135 1039 2180 ut
1061 2141 1156 2180 vos
1190 2125 1394 2196 pudore
1423 2125 1751 2193 sulTnndam,

147 2213 237 2266 sed
288 2224 351 2268 ut
397 2224 630 2270 vestram
681 2216 964 2272 cohibeam
1013 2218 1382 2287 cupiditatem.
1427 2218 1546 2285 Quo
1587 2218 1755 2273 uteris

146 2305 388 2384 conscio,
423 2307 466 2360 si
494 2307 703 2362 ambias
732 2309 816 2362 vel
858 2323 957 2376 per
987 2317 1039 2363 te
1073 2309 1152 2363 vel
1183 2324 1279 2378 per
1315 2309 1482 2363 alinm
1510 2309 1534 2362 ?
1559 2311 1754 2380 quibus

147 2399 314 2452 oculis
346 2400 606 2468 respicies
632 2416 755 2456 eum
785 2402 876 2473 qui
909 2402 1003 2456 tibi
1041 2403 1141 2457 fuit
1167 2403 1414 2458 auxilio?
1438 2405 1564 2474 quid
1598 2414 1753 2473 pote-

147 2489 217 2544 ris
259 2491 328 2545 ad
378 2493 455 2546 tui
496 2486 868 2551 defénsionem
912 2496 1202 2566 proferre?
1248 2497 1379 2552 Nam
1424 2499 1514 2568 qui
1559 2498 1755 2552 invitus

145 2593 364 2638 coactus
417 2583 531 2650 fuit,
584 2586 816 2655 aliquam
864 2588 1024 2644 habet
1060 2589 1498 2654 excusationem,
1543 2590 1755 2644 etiamsi

146 2677 467 2748 plerumque
499 2680 586 2734 hic
614 2697 827 2752 quoque
853 2683 1053 2737 nullam
1085 2683 1280 2738 habeat
1301 2684 1512 2738 veniam
1545 2701 1560 2738 :
1592 2694 1755 2739 czetc-

147 2782 261 2820 rum
292 2770 531 2837 aliquam
560 2781 739 2827 tamen
758 2775 1156 2831 excusationem
1183 2777 1364 2832 habet.
1391 2777 1598 2848 Cogita,
1627 2779 1755 2849 qttid

148 2859 411 2916 acciderit
437 2861 668 2919 Simoni.
699 2866 835 2934 Quid
864 2869 1008 2922 enim
1037 2869 1222 2934 refert,
1259 2871 1302 2924 si
1335 2880 1614 2942 argentum
1648 2888 1755 2928 non

146 2952 362 3008 dederis
391 2972 407 3019 ;
440 2957 482 3009 si
509 2959 716 3027 argenti
746 2959 886 3024 loco,
913 2960 1173 3028 adulcris,
1205 2972 1259 3016 ct
1289 2965 1570 3018 machinas
1599 2965 1756 3018 adbi-

154 3047 278 3101 heas
311 3049 334 3100 ‘.’
363 3050 648 3119 Argentum
668 3064 809 3106 tuum
834 3065 994 3107 tecum
1025 3057 1088 3108 sit
1109 3055 1160 3108 in
1184 3057 1517 3126 perditionem
1537 3059 1674 3124 (Act.
1699 3059 1752 3113 8.

147 3138 261 3207 ΞΟ).
300 3141 414 3196 lloc
443 3145 517 3197 illi
545 3145 717 3208 dixit;
748 3145 935 3217 hisque
961 3147 1106 3202 dicet
1140 3169 1151 3203 :
1188 3151 1425 3204 Ambitio
1453 3161 1627 3209 vestra
1655 3155 1756 3204 Vo-

139 3240 354 3294 biscum
401 3236 462 3288 sit
499 3237 547 3290 in
581 3237 956 3306 perditionem,
987 3243 1109 3308 quia
1145 3243 1370 3310 putastis
1404 3260 1496 3297 vos
1526 3243 1756 3298 humana

149 3328 465 3385 circuitione
504 3331 706 3385 donum
763 3329 856 3385 Dei
909 3348 1261 3400 possessuros
1290 3349 1430 3390 esse.
1467 3338 1534 3390 At
1579 3337 1758 3392 nullus

152 3418 222 3471 lal
245 3434 269 3472 s
289 3422 420 3474 est?
449 3421 662 3479 Utinam
691 3442 800 3480 non
827 3423 928 3482 sit!
948 3423 1214 3498 Cuperem
1247 3443 1378 3483 sane
1412 3429 1600 3483 horum
1627 3431 1756 3485 nihil

148 3511 212 3562 ad
252 3526 352 3565 vos
381 3513 652 3581 pertinere
682 3534 695 3571 :
727 3533 870 3572 nunc
893 3529 1074 3575 autem
1108 3535 1173 3575 ex
1203 3514 1488 3574 verborum
1533 3522 1672 3575 serie
1704 3523 1759 3577 in

152 3600 246 3655 hos
271 3603 565 3661 incidimus
590 3623 892 3666 sermones.
925 3611 1110 3682 Neque
1141 3614 1311 3678 enim,
1333 3612 1552 3681 quando
1578 3615 1758 3668 avari-

149 3695 271 3748 tiam
301 3699 652 3765 inseetamur,
677 3713 866 3757 contra
883 3719 980 3760 vos
1001 3706 1296 3776 loquimur,
1317 3705 1412 3762 sed
1442 3721 1615 3776 neque
1640 3723 1762 3761 con-

152 3794 229 3839 tra
263 3803 431 3842 unum
458 3790 699 3860 quidem.
731 3793 948 3850 Utinam
979 3813 1109 3852 vero
1141 3798 1256 3852 hcce
1283 3800 1575 3869 pharmace
1602 3815 1628 3852 a
1661 3815 1759 3854 no-

147 3875 227 3931 bis
255 3877 454 3934 frustra
483 3892 744 3952 parentur
773 3901 788 3938 :
815 3886 933 3942 luee
949 3898 1075 3944 sunt
1097 3889 1429 3947 medicorum
1459 3904 1599 3960 vota,
1629 3893 1762 3948 nihil

146 3968 288 4024 aliud
329 3975 752 4045 postulantium,
782 3992 942 4048 quam
994 3991 1046 4032 ut
1088 3991 1212 4049 post
1241 3984 1469 4039 multum
1517 3986 1760 4043 laborem

147 4061 386 4116 remedia
421 4065 620 4120 frustra
648 4078 831 4137 parata
864 4069 1236 4139 proiiciantur.
1264 4073 1388 4130 llzec
1409 4087 1462 4131 et
1491 4092 1589 4132 nos
1610 4089 1762 4148 opta-

147 4164 284 4216 mus,
321 4163 383 4207 ut
411 4155 576 4210 verba
605 4166 788 4213 nostra
821 4158 1021 4214 frustra
1068 4171 1121 4216 et
1155 4163 1206 4216 in
1239 4179 1419 4220 aerem
1461 4167 1677 4233 abeant,
1706 4178 1762 4225 et

148 4245 310 4301 verba
351 4256 562 4303 tantum
593 4250 725 4304 sint.
763 4250 1028 4323 Equidem
1061 4267 1279 4324 paratus
1320 4275 1440 4314 sum
1484 4261 1550 4315 ad
1580 4263 1760 4318 omnia

146 4339 490 4405 sustinenda,
523 4350 584 4396 ut
612 4358 722 4398 non
754 4347 822 4398 sit
850 4357 985 4416 opus
1017 4346 1130 4403 hare
1169 4349 1370 4406 dicere.
1399 4351 1536 4420 Quin
1564 4355 1608 4408 si
1638 4356 1761 4410 vul-

147 4429 233 4495 tis,
264 4430 591 4502 tacebimus,
625 4434 754 4491 dum
782 4437 1057 4493 silentium
1101 4442 1170 4496 sit
1213 4441 1329 4498 sine
1367 4446 1628 4514 periculo.
1659 4448 1762 4505 Ne-

160 4558 526 4575 _

1865 553 1970 608 que
2018 539 2163 593 enim
2207 545 2336 607 puto
2382 536 2690 609 quempiam
2722 536 3066 614 quantumvis
3109 551 3262 591 vanae
3289 538 3480 608 gloriae

1864 629 2138 702 cupidum,
2171 629 2276 684 nisi
2304 636 2459 684 vocet
2487 628 2785 683 necessitas
2809 669 2823 691 ,
2853 627 2990 682 velle
3018 627 3211 685 frustra
3244 643 3364 684 sese
3394 628 3479 685 ef-

1865 721 2027 776 ferre.
2054 719 2430 777 Concedemus
2454 719 2606 774 vobis
2629 719 2931 774 doctrinam
2959 737 2973 773 :
3003 718 3118 775 hzec
3139 723 3337 791 quippe
3362 735 3476 776 ma-

1858 812 1947 882 jor
1971 812 2238 879 doctrina,
2263 828 2385 881 qua:
2407 811 2560 867 factis
2586 811 2762 867 docet.
2782 811 3230 882 Quandoquidem
3257 822 3310 867 et
3330 816 3475 882 opti-

1863 906 1937 961 mi
1981 905 2198 972 medici,
2244 907 2456 962 etiamsi
2481 921 2748 977 aegrorum
2784 907 2960 961 morbi
2992 906 3298 962 mercedem
3330 907 3465 977 ipsis

1866 999 2099 1067 pariant,
2130 998 2322 1052 malint
2369 1007 2548 1054 tamen
2593 998 2799 1053 amicos
2837 1013 2969 1054 suos
2999 1000 3136 1054 bene
3165 998 3364 1054 valere.
3402 997 3472 1052 Et

1864 1105 1964 1145 nos
1989 1093 2243 1162 cupimus
2273 1106 2467 1147 omnes
2497 1091 2635 1146 bene
2661 1091 2867 1147 valere.
2896 1090 3013 1146 Non
3047 1091 3193 1146 enim
3224 1094 3474 1160 cupimus

1863 1200 1963 1240 nos
2011 1185 2264 1254 probatos
2308 1200 2466 1251 esse,
2500 1200 2596 1240 vos
2623 1194 2805 1240 autem
2840 1185 3123 1255 reprohos.
3163 1184 3390 1250 Vellem,
3426 1186 3474 1242 si

1864 1277 1976 1331 fieri
2002 1285 2218 1347 posset,
2250 1291 2426 1331 meam
2448 1291 2574 1348 erga
2600 1291 2697 1330 vos
2718 1277 2997 1332 caritatem
3027 1276 3156 1346 ipsis
3181 1275 3349 1331 oculis
3382 1293 3475 1330 ex-

1865 1368 2052 1424 hibere
2086 1385 2098 1421 :
2135 1369 2315 1423 nullus
2335 1370 2482 1424 enim
2517 1379 2702 1440 postea
2739 1386 2826 1425 me
2851 1370 3224 1440 redargueret,
3259 1370 3475 1424 etiamsi

1859 1475 2055 1531 aspero
2084 1476 2336 1516 sermone
2367 1473 2567 1518 uterer.
2619 1462 2749 1517 Nam
2779 1461 2914 1516 Fide
2947 1463 3182 1533 digniora
3211 1471 3331 1515 sunt
3360 1463 3474 1515 vut-

1861 1570 1984 1606 uera
2009 1553 2179 1618 amici,
2199 1570 2352 1624 quqm
2375 1564 2656 1624 spontaneo
2677 1555 2852 1608 oscula
2872 1555 3066 1608 inimici
3083 1553 3264 1624 (Prov.
3287 1554 3375 1607 27.
3393 1553 3473 1625 li).

1862 1643 2005 1698 Nihil
2038 1645 2169 1699 mihi
2194 1645 2372 1701 carius
2403 1647 2579 1714 vobis,
2609 1663 2678 1702 ne
2701 1647 2813 1717 ipsa
2842 1645 3063 1717 quidem
3091 1648 3201 1701 lux.
3227 1645 3474 1717 Optaritn

1862 1737 2006 1792 enim
2031 1739 2114 1793 vel
2144 1738 2342 1793 millies
2369 1740 2652 1804 exetecari,
2681 1741 2724 1795 si
2755 1741 2832 1794 sic
2862 1740 3072 1794 animas
3105 1753 3313 1795 vestras
3339 1755 3473 1794 con-

1863 1839 2073 1886 vertere
2118 1847 2329 1901 possem
2363 1853 2376 1887 :
2404 1833 2482 1886 sic
2520 1832 2649 1886 mihi
2680 1833 2826 1888 salus
2849 1844 3030 1889 vestra
3063 1833 3174 1904 ipsa
3206 1834 3328 1889 lucc
3357 1835 3478 1888 dul-

1860 1925 1977 1980 cior
2017 1934 2119 1980 est.
2169 1925 2308 1993 Quid
2349 1925 2493 1981 enim
2542 1936 2768 1996 prosunt
2801 1927 2931 1982 mihi
2975 1928 3184 1982 solares
3225 1927 3384 1995 radii,
3428 1929 3476 1982 si

1861 2018 2017 2074 dolor
2059 2027 2282 2088 propter
2313 2034 2407 2073 vos
2449 2029 2638 2085 ortus,
2670 2021 2858 2076 oculos
2901 2021 3138 2076 tenebris
3182 2020 3476 2076 offnndat?

1861 2109 2013 2166 Tunc
2043 2111 2129 2165 lux
2159 2111 2296 2166 bona
2329 2121 2439 2178 est,
2469 2113 2687 2182 quando
2714 2128 2835 2168 cum
2871 2114 3052 2168 laetitia
3083 2114 3264 2184 prodit
3297 2134 3309 2170 :
3334 2130 3479 2170 mm-

1861 2203 1998 2258 renti
2027 2204 2225 2274 quippe
2256 2205 2451 2259 anima:
2473 2206 2696 2260 molesta
2721 2217 2822 2260 est.
2847 2205 3000 2273 Quod
3031 2223 3160 2261 vero
3185 2223 3291 2262 non
3320 2225 3475 2264 inen-

1862 2293 1985 2360 tiar,
2011 2297 2212 2349 utinam
2237 2311 2529 2366 numquam
2552 2299 2825 2368 contingat
2847 2300 3222 2368 experimento
3244 2301 3472 2355 discere.

1862 2383 2130 2441 Catterum
2179 2388 2224 2442 si
2273 2388 2486 2458 quando
2541 2392 2828 2460 contigerit
2875 2394 3186 2463 quempiam
3233 2405 3473 2449 vestrum

1864 2491 2109 2546 peccare,
2142 2478 2431 2535 dormienti
2465 2481 2594 2537 mihi
2626 2483 2851 2549 adeste;
2881 2500 3119 2555 peream,
3157 2488 3200 2540 si
3235 2504 3342 2540 non
3377 2503 3473 2556 pa-

1863 2570 2104 2642 ralyticis
2158 2580 2251 2626 aut
2303 2584 2485 2629 mente
2520 2577 2692 2646 captis
2736 2578 2926 2633 similis
2981 2580 3119 2644 sim,
3176 2581 3474 2636 secundum

1866 2663 2242 2732 propheticnm
2273 2665 2498 2733 dictum,
2537 2667 2602 2722 Et
2636 2669 2807 2723 lumen
2848 2673 3114 2726 oculorum
3156 2691 3385 2727 meorum
3428 2683 3477 2728 et

1863 2756 2032 2826 ipsum
2056 2769 2255 2813 nonest
2281 2777 2478 2814 mecum
2512 2763 2530 2834 (
2558 2761 2705 2819 Psal.
2740 2766 2830 2819 57.
2867 2765 3002 2838 10
3036 2769 3168 2834 Qua:
3199 2770 3344 2824 enim
3373 2786 3478 2825 no-

1864 2850 1949 2904 bis
1980 2866 2125 2920 spcs,
2158 2852 2310 2908 vobis
2350 2870 2454 2910 non
2487 2857 2891 2925 proficientibus
2921 2861 2944 2914 ?
2971 2864 3092 2932 quis
3122 2879 3328 2918 mmror
3355 2880 3479 2920 esse

1866 2945 2057 3010 possit,
2091 2944 2244 2998 vobis
2296 2949 2557 3018 prmelare
2604 2951 2939 3020 agentibus?
2971 2954 3081 3008 Ceu
3125 2957 3229 3011 alis
3280 2958 3482 3013 instru-

1864 3046 1985 3090 etus
2017 3039 2222 3106 videor,
2253 3055 2374 3094 eum
2411 3042 2533 3097 boni
2562 3045 2836 3113 quidpiam
2865 3046 2933 3102 de
2964 3049 3117 3103 vobis
3142 3051 3325 3104 audio.
3360 3051 3474 3105 Im-

1866 3129 1998 3198 plete
2025 3134 2270 3202 gaudium
2296 3152 2461 3188 meum
2493 3136 2513 3209 (
2548 3135 2777 3208 Philipp.
2822 3138 2876 3192 Ξ.
2911 3139 2944 3192 Ξ).
2971 3139 3011 3211 ).
3059 3142 3170 3197 lloe
3216 3145 3389 3198 solum
3422 3147 3474 3200 in

1866 3234 1991 3276 voto
2031 3225 2204 3278 habeo
2229 3267 2244 3290 ,
2279 3228 2421 3296 quod
2451 3229 2755 3284 desiderem
2797 3233 3094 3300 profectum
3129 3246 3384 3292 vestrum.
3419 3237 3476 3293 ln

1867 3313 1970 3368 hoc
1992 3331 2120 3369 vero
2141 3333 2262 3370 cum
2291 3321 2542 3374 omnibus
2563 3321 2804 3388 deccrto,
2823 3326 2964 3393 quod
2993 3342 3088 3381 vos
3112 3344 3310 3395 amem,
3334 3333 3477 3402 quod

1866 3411 2198 3480 complet‘tar
2234 3431 2246 3467 :
2281 3415 2402 3483 quia
2436 3431 2533 3470 vos
2563 3415 2692 3470 mihi
2737 3420 2916 3474 munia
2950 3424 3102 3486 estis,
3136 3434 3190 3477 et
3220 3434 3394 3491 pater,
3425 3437 3482 3481 ct

1868 3511 2061 3569 mater,
2096 3504 2392 3578 etgfratres,
2416 3517 2468 3561 et
2492 3508 2606 3564 filii.
2639 3510 2713 3565 Ne
2738 3514 2936 3580 putetis
2956 3529 3143 3568 eorum
3174 3518 3476 3587 quidpiam,

1865 3611 1986 3666 quae
2030 3612 2057 3650 a
2091 3613 2178 3652 mc
2206 3598 2477 3667 dicuntur,
2508 3618 2573 3656 cx
2606 3603 2730 3657 odio
2753 3605 3041 3675 proficisci,
3078 3610 3170 3663 sed
3203 3611 3268 3664 ad
3298 3627 3484 3666 emen-

1867 3688 2140 3745 dationem
2175 3693 2387 3763 loquor.
2432 3694 2562 3749 Nam
2598 3694 2805 3763 Frater,
2852 3699 3043 3768 inquit,
3079 3703 3166 3767 qui
3202 3704 3480 3774 adjuvatur

1875 3801 1906 3836 α
1936 3787 2125 3854 fratre,
2168 3789 2316 3857 quasi
2341 3790 2518 3843 civitas
2559 3791 2710 3859 ﬁrma
2737 3792 2755 3861 (
2781 3790 2938 3847 Prov.
2975 3794 3060 3848 18.
3096 3796 3164 3851 l9
3193 3795 3233 3865 ).
3267 3798 3346 3853 Ne
3377 3800 3479 3870 igi~

1871 3888 1956 3931 tur
1979 3879 2323 3946 imlignemini
2351 3899 2364 3935 :
2392 3898 2565 3953 neque
2592 3884 2735 3939 enim
2763 3901 2864 3956 ego
2887 3903 3200 3944 sermonem
3232 3902 3473 3949 vestrum

1870 3979 2180 4037 contemno,
2213 3973 2306 4027 sed
2338 3976 2534 4029 vellem
2567 3964 2609 4029 a'
2632 3977 2787 4033 vobis
2828 3980 3132 4047 emendari,
3157 3983 3360 4051 vellem
3391 3986 3480 4041 di-

1864 4081 2039 4121 scere.
2093 4064 2294 4121 Omnes
2323 4066 2466 4121 enim
2515 4067 2707 4124 fratres
2748 4087 2957 4138 sumus,
3009 4089 3148 4129 unus
3187 4088 3270 4131 est
3299 4088 3484 4134 autem

1869 4158 2128 4229 Magister
2158 4169 2361 4214 noster.
2412 4160 2557 4217 lntcr
2590 4161 2784 4219 fratres
2825 4181 2957 4221 vero
2987 4182 3085 4237 par
3122 4179 3227 4235 est,
3259 4179 3316 4242 ut
3347 4188 3488 4228 unus

1871 4256 2144 4324 praecipiat
2171 4294 2184 4316 ,
2233 4254 2322 4307 alii
2355 4257 2753 4326 obtemperent.
2786 4259 2861 4315 Ne
2905 4261 3065 4330 igitur
3104 4261 3483 4334 indignemini,

1870 4349 1964 4403 sed
1991 4349 2174 4402 omnia
2209 4348 2465 4401 faciamus
2494 4349 2557 4402 ad
2589 4351 2817 4420 gloriam
2851 4352 2941 4408 Dei
2973 4371 2987 4419 ;
3019 4357 3145 4425 quia
3180 4357 3278 4427 ipsi
3310 4358 3486 4424 gloria

1870 4446 1923 4500 in
1952 4441 2149 4499 Stecula
2173 4440 2517 4497 seculorum.
2546 4444 2738 4497 Amen.

527 4564 3481 4603 ———______________________________________________

1599 4660 1944 4724 HOMILIA
1990 4662 2095 4724 IV.

148 4787 273 4842 Cn.
329 4784 392 4839 2.
435 4800 490 4838 v.
540 4787 594 4841 1.
643 4787 711 4841 Et
755 4805 868 4843 cum
907 4792 1244 4862 complentur
1285 4796 1391 4850 dies
1424 4795 1761 4865 l’entecostes,

214 4887 368 4932 erant
410 4895 583 4933 omnes
627 4882 820 4950 pariter
858 4883 909 4936 in
939 4886 1111 4938 eodem
1142 4887 1253 4940 loco
1283 4905 1300 4940 :
1325 4888 1380 4942 9..
1408 4901 1452 4942 et
1480 4894 1645 4960 [nctus
1685 4904 1756 4947 est

217 4983 432 5039 repente
459 4973 525 5026 de
547 4974 672 5027 cwlo
705 4991 883 5030 sonus.

218 5065 272 5119 1.
330 5063 443 5119 Cur
491 5066 546 5120 in
586 5065 882 5123 Pentecoste
922 5072 1122 5125 advenit
1169 5072 1397 5142 Spiritus
1438 5089 1662 5135 sanctus.
1691 5112 1760 5122 -—

152 5147 280 5222 Quae.
308 5167 400 5211 est
428 5157 545 5213 haec
579 5157 899 5217 Pentecoste
930 5163 953 5216 ἰ)
994 5162 1126 5220 Cum
1174 5166 1282 5222 falx
1328 5171 1586 5226 mittenda
1618 5182 1762 5228 esset

154 5252 202 5301 in
251 5265 517 5316 messem,
567 5267 688 5307 cum
739 5253 943 5309 fructus
982 5268 1166 5313 essent
1210 5261 1520 5332 colligendi.
1571 5264 1759 5321 Vidisti

153 5351 338 5412 typum
375 5341 450 5396 '1'
495 5344 626 5400 Vide
660 5343 771 5415 jam
821 5350 1122 5404 veritatem.
1156 5350 1287 5406 Cum
1343 5355 1446 5409 falx
1493 5360 1760 5412 sermonis

153 5447 296 5492 esset
327 5437 830 5504 immittenda,cuin
861 5442 1054 5498 messis
1081 5445 1401 5516 colligenda,
1437 5456 1562 5502 tunc
1590 5449 1763 5519 Spiri-

155 5538 236 5582 tus
262 5539 324 5584 ut
354 5540 514 5585 acuta
543 5529 644 5585 falx
675 5531 907 5588 advolat.
941 5536 1076 5590 Audi
1106 5554 1338 5607 namque
1369 5541 1642 5596 Christum
1673 5547 1756 5597 div

156 5632 371 5678 tentem
406 5641 420 5675 τ
453 5621 638 5678 Levate
661 5626 834 5680 oculos
859 5638 1068 5696 vestros,
1093 5641 1138 5683 et
1164 5632 1323 5685 ridete
1352 5633 1602 5704 regiones,
1633 5637 1752 5703 quia

155 5714 284 5768 alba?
312 5725 434 5768 sunt
465 5715 568 5779 iam
604 5717 672 5770 ad
712 5734 923 5773 messem
953 5721 1131 5790 (Joan.
1165 5723 1215 5776 4.
1251 5722 1320 5778 55
1350 5724 1369 5794 )
1401 5742 1414 5779 :
1448 5741 1509 5780 ac
1549 5741 1758 5792 rursus,

220 5849 323 5923 χιιι
348 5863 450 5900 uno
466 5849 645 5902 Codice
668 5852 869 5923 iromilia
891 5856 962 5906 sic
987 5857 1155 5918 incipit
1186 5873 1197 5906 :
1229 5859 1402 5910 t'idisti
1425 5867 1612 5923 typum.
1646 5874 1764 5922 (mat

158 5917 224 5959 est
250 5913 360 5962 haec
388 5923 658 5964 Pariter-oste
691 5915 715 5965 τι
738 5924 838 5965 etc.

1878 4805 2061 4860 Messis
2079 4806 2280 4875 quidem
2300 4807 2484 4871 multa,
2510 4807 2732 4876 operarii
2752 4818 2924 4861 autem
2943 4812 3093 4879 pauci
3112 4811 3264 4878 (Luc.
3290 4814 3480 4887 l0.-‘2).

1874 4896 2057 4967 Itaque
2089 4898 2179 4952 ille
2209 4899 2357 4968 prior
2384 4898 2576 4952 falcem
2614 4901 2858 4954 immisit.
2897 4901 2991 4956 llle
3037 4905 3181 4956 enim
3216 4906 3480 4974 primitias

1866 4987 1934 5042 ad
1979 4989 2168 5043 CtDlttm
2200 4989 2433 5052 advexit,
2467 4999 2649 5044 nostra
2678 5007 2954 5066 assumpta
2985 5003 3173 5050 natura
3207 5016 3218 5049 :
3256 4998 3487 5071 ideoque

1871 5081 1998 5134 illud
2032 5097 2264 5136 messem
2296 5083 2549 5151 appellat.
2586 5083 2713 5137 Cum
2759 5089 3118 5155 compleretur,
3154 5090 3352 5161 inquit,
3378 5095 3486 5147 dies

1871 5170 2232 5238 Pentecostes;
2264 5173 2366 5227 hoc
2391 5186 2494 5238 est,
2518 5192 2623 5229 non
2656 5187 2782 5231 ante
2808 5179 3186 5247 Pentecosten,
3217 5184 3311 5238 sed
3340 5187 3484 5240 circa

1870 5262 2077 5332 ipsam,
2115 5275 2170 5318 nt
2209 5265 2276 5318 ita
2328 5265 2523 5333 dicam,
2571 5267 2949 5325 l’entecosten.
2998 5272 3294 5341 Oportebat
3338 5283 3481 5335 enim

1871 5356 1987 5409 hare
2033 5373 2221 5412 rnrsns
2262 5358 2381 5412 festi
2417 5370 2664 5430 tempore
2705 5365 3041 5434 contingere,
3092 5377 3149 5421 ut
3195 5371 3284 5438 qui
3333 5373 3484 5425 cruci

1869 5447 2066 5503 Christi
2120 5449 2424 5514 adfuerant,
2476 5453 2594 5508 hrcc
2637 5472 2854 5527 quoque
2903 5460 3171 5514 viderent.
3208 5462 3276 5516 Et
3316 5465 3485 5534 factus

1868 5553 1939 5594 est
1984 5553 2188 5612 repente
2217 5544 2281 5597 de
2308 5546 2434 5599 cwlo
2471 5563 2645 5602 sonus.
2678 5548 2788 5604 Cur
2816 5567 2921 5605 non
2959 5553 3008 5607 id
3038 5554 3156 5609 sine
3205 5559 3482 5611 sensibili-

1872 5634 1969 5688 bus
2000 5637 2165 5707 signis
2199 5637 2394 5693 laetum
2419 5642 2537 5694 Osl?
2564 5643 2852 5710 Quoniam,
2882 5647 2924 5700 si
2956 5664 3012 5701 re
3043 5650 3120 5703 sic
3152 5660 3300 5720 gesta
3331 5651 3483 5708 diee-

1869 5726 2016 5786 bant.
2054 5728 2223 5784 Musto
2249 5731 2387 5800 pleni
2417 5744 2557 5801 sunt,
2591 5737 2691 5790 nisi
2734 5753 2820 5792 res
2849 5741 2927 5793 sic
2959 5741 3090 5794 facta
3120 5744 3329 5806 fuisset,
3356 5749 3482 5812 quid

1872 5839 1976 5876 non
2007 5823 2304 5879 dixissent?
2351 5827 2537 5897 Neque
2581 5831 2899 5902 simpliciter
2943 5849 3110 5889 sonus
3153 5836 3325 5891 factus
3376 5855 3480 5904 est,

1872 5916 1990 5982 sed,
2023 5917 2099 5974 De
2121 5917 2268 5976 ctt’lo.
2297 5918 2360 5972 Et
2391 5922 2519 5990 quia
2550 5924 2864 5993 repentinus
2893 5935 3027 5994 erat,
3060 5930 3313 5981 excitavit
3365 5929 3483 5984 illos
