4098 6324
652 354 718 408 ιὲἳ
1381 346 1437 404 S.
1465 344 1743 403 JOANNIS
1776 338 2248 403 CIIRYSOSTUMI
2278 340 2590 398 AilClllEf'.
2626 346 3158 406 CONSTANTINOP.
3859 341 3926 396 Η

655 467 717 522 Et
739 467 943 538 repleri!
960 476 1114 520 totam
1139 464 1366 518 domum.
1393 463 1633 535 Magnam
1660 462 1788 519 dicit
1814 462 2043 533 Spiritus
2068 461 2229 515 rebe-

652 561 926 615 nientiam.
967 557 1218 614 Attende.
1261 556 1460 612 Omnes
1509 556 1632 609 illuc
1675 554 2037 624 congregavit,
2077 567 2128 606 ut
2176 563 2231 607 et

652 662 939 720 νιπυεοηιεε
969 649 1270 716 crederent,
1316 665 1378 704 ac
1406 648 1548 719 digiti
1579 647 2010 702 ostenderentur.
2050 645 2230 713 Neque

651 745 752 799 hoc
780 753 1004 809 tantum,
1038 741 1130 797 sed
1169 750 1224 796 et
1245 740 1390 794 aliud
1432 741 1587 809 longe
1615 737 2144 808 terribiliusadjei-it.
2174 738 2226 788 5.

652 837 712 889 lit
736 846 1081 905 apparuerunt
1114 832 1216 888 illis
1245 830 1520 901 dispertita:
1553 830 1742 899 lingua!
1785 838 2043 897 tamquam
2074 827 2224 898 ignis.

649 928 837 997 inquit.
888 925 1051 979 [tecte
1099 923 1292 992 ubique
1333 921 1549 977 additur
1595 920 1746 986 illud,
1798 918 2117 988 Tamquam,
2161 933 2229 970 ne

646 1019 771 1088 quid
798 1017 1050 1073 sensibile
1074 1014 1140 1070 de
1184 1012 1388 1084 Spiritu
1425 1014 1718 1069 existimes.
1751 1013 2030 1081 Tamquam
2071 1011 2224 1079 ignis,

648 1112 834 1180 inquit,
881 1118 935 1164 et
976 1117 1241 1177 tamquam
1285 1107 1522 1176 spiritus.
1567 1104 1682 1159 Non
1724 1115 1838 1160 erat
1881 1118 2011 1175 ergo
2039 1114 2229 1158 ventus

643 1199 955 1270 simpliciter
984 1214 1078 1269 per
1107 1211 1287 1254 aerem
1327 1197 1548 1252 elfusus.
1578 1195 1711 1252 Nam
1741 1211 1862 1252 cum
1892 1194 2084 1252 Joanui
2111 1196 2229 1264 Spi-

643 1294 776 1345 ritus
800 1292 982 1346 debuit
1009 1291 1364 1356 innotescere,
1383 1289 1535 1359 quasi
1565 1289 1617 1344 in
1648 1290 1828 1358 specie
1856 1287 2114 1342 columba:
2137 1302 2226 1341 su-

641 1401 733 1451 pra
763 1385 960 1440 Christi
1007 1397 1167 1457 caput
1210 1386 1351 1441 venit
1391 1383 1586 1456 (Marc.
1628 1386 1680 1439 1.
1727 1383 1814 1442 ιθ.
1855 1381 1984 1436 Luc.
2034 1382 2086 1437 5.
2131 1381 2222 1435 9.2.

640 1476 795 1531 Joan.
828 1479 878 1532 1.
904 1477 999 1548 52)
1023 1495 1035 1532 :
1070 1492 1209 1533 nunc
1236 1492 1381 1540 vero,
1407 1492 1526 1533 cum
1560 1485 1664 1530 tota
1696 1473 1981 1528 multitudo
1999 1487 2224 1529 conver-

644 1569 798 1623 tenda
845 1579 1007 1635 esset,
1061 1579 1326 1638 tamquam
1376 1568 1513 1639 ignis
1565 1567 1731 1620 venit.
1781 1565 2024 1636 Seditque
2070 1579 2224 1633 supra

638 1659 862 1729 smgulos
885 1675 1094 1725 eorum;
1123 1658 1174 1713 id
1223 1668 1324 1724 est,
1376 1659 1592 1723 mansit,
1634 1657 1934 1727 requievit;
1982 1671 2102 1711 nam
2133 1671 2224 1711 se-

638 1749 788 1811 dt-re,
816 1757 960 1803 stare
989 1757 1043 1804 et
1089 1764 1307 1804 manere
1348 1748 1630 1818 signiﬁcat.
1680 1747 1816 1816 Quid
1858 1750 2023 1804 vero?
2063 1762 2129 1801 an
2171 1746 2223 1800 in

638 1839 915 1893 duodecim
937 1849 1138 1895 tantum
1166 1841 1333 1907 venit,
1349 1855 1456 1894 non
1484 1842 1540 1894 in
1557 1841 1818 1896 αθιετοδν
1845 1839 2220 1910 Nequaquam;

637 1934 730 1988 sed
757 1932 903 1987 venit
929 1937 1090 1986 etiam
1129 1932 1180 1986 in
1223 1932 1342 1988 illos
1378 1943 1590 1988 centum
1621 1932 1828 2002 viginti.
1870 1931 2052 2001 Neque
2076 1930 2221 1985 enim

636 2027 750 2079 sine
772 2038 930 2079 causa
956 2023 1146 2080 Petrus
1189 2024 1465 2095 prophetae
1495 2023 1858 2078 testimonium
1889 2021 2110 2092 protulit
2135 2021 2221 2076 di-

633 2133 761 2173 cens
791 2135 803 2171 :
839 2117 905 2170 Et
926 2117 1017 2171 erit
1041 2118 1094 2169 in
1120 2117 1402 2172 novissimis
1427 2116 1620 2181 diebus,
1646 2117 1766 2170 dicit
1786 2115 2038 2170 Dominus
2063 2115 2220 2181 Deus,

633 2210 891 2277 elfundam
917 2210 980 2264 de
1005 2208 1206 2280 Spiritu
1235 2225 1344 2264 meo
1371 2225 1523 2280 super
1552 2225 1750 2264 omnem
1776 2225 1978 2263 carnem
2003 2219 2088 2264 :et
2104 2226 2222 2280 pro-

634 2301 904 2364 plietabunt
934 2301 1030 2369 lilii
1069 2301 1237 2367 uestri,
1275 2310 1324 2354 et
1351 2301 1473 2370 ﬁlia:
1506 2311 1714 2364 eestrte;
1747 2310 1794 2355 ct
1828 2302 2040 2370 juvenes
2069 2301 2219 2354 uestri

629 2398 841 2450 risiones
863 2397 1114 2462 videbunt,
1134 2405 1178 2450 et
1199 2411 1341 2451 senes
1358 2397 1505 2450 vestri
1517 2395 1711 2449 somnia
1728 2394 2049 2449 somniabunt
2081 2392 2218 2464 (Joel

628 2488 680 2541 2.
714 2487 831 2559 28).
875 2486 1254 2543 Animadverte
1287 2500 1446 2556 porro
1492 2486 1637 2541 illum
1669 2501 1773 2540 non
1807 2485 1965 2540 modo
2003 2493 2060 2540 ut
2098 2501 2218 2556 per-

629 2581 863 2646 eelleret,
895 2580 990 2636 sed
1020 2580 1180 2635 etiam
1209 2587 1268 2633 ut
1292 2580 1458 2648 gratia
1491 2578 1744 2646 repleret,
1777 2579 1828 2632 in
1861 2578 2060 2649 Spiritu
2088 2594 2214 2633 san-

630 2681 716 2725 cto
743 2682 798 2728 et
829 2671 938 2742 igni
963 2671 1172 2726 venisse
1203 2688 1215 2724 :
1245 2669 1514 2739 subjungit
1535 2670 1698 2734 enim,
1731 2670 1783 2724 4.
1815 2669 1878 2722 Et
1903 2671 2077 2739 repleti
2099 2681 2216 2723 sunt

628 2780 798 2817 omnes
826 2762 1024 2831 Spiritu
1051 2771 1222 2814 sancto
1244 2803 1257 2825 ,
1299 2770 1345 2813 et
1375 2769 1629 2830 eteperunt
1659 2759 1795 2828 loqui
1824 2761 1975 2814 uariis
2003 2761 2211 2832 linguis,

627 2864 772 2920 prout
803 2852 1026 2922 Spiritus
1055 2861 1259 2906 sanctus
1285 2850 1438 2905 dabat
1466 2851 1630 2919 eloqui
1659 2851 1780 2906 illis.
1826 2851 1940 2906 Non
1967 2851 2109 2905 aliud
2136 2853 2213 2905 si-

625 2964 783 3015 gnum
813 2945 1097 3012 accipiunt.
1127 2945 1220 2999 sed
1249 2943 1351 2998 hoc
1378 2943 1608 3012 primum
1633 2962 1646 2997 :
1677 2959 1872 2998 novum
1903 2944 2045 2998 enim
2074 2953 2206 3008 erat,

629 3056 725 3092 nec
766 3053 902 3107 opus
931 3036 1026 3090 fuit
1055 3036 1158 3089 alio
1186 3036 1359 3105 signo.
1385 3034 1549 3099 Sedit,
1580 3035 1769 3103 inquit,
1803 3053 1959 3104 supra
1988 3038 2211 3108 singulos

625 3147 816 3182 (tn-um.
845 3130 983 3198 Ergo
1009 3128 1167 3183 etiam
1208 3142 1368 3194 supra
1397 3128 1566 3189 illum,
1597 3129 1687 3198 qui
1721 3129 1924 3182 electus
1953 3145 2055 3182 non
2101 3131 2213 3184 lue—

625 3230 727 3275 ι·.ιι.
775 3222 896 3276 Ideo
922 3236 1024 3275 non
1047 3219 1156 3290 jam
1192 3218 1338 3273 dolet
1381 3219 1522 3290 quod
1567 3235 1672 3274 non
1705 3220 1910 3276 electus
1958 3219 2116 3275 fuerit
2156 3232 2212 3275 ut

622 3314 874 3370 Matthias
895 3313 1008 3367 '.Et
1039 3313 1219 3382 repleti
1240 3322 1377 3376 sunt,
1402 3313 1590 3381 inquit,
1616 3329 1807 3367 omnes.
1839 3313 1952 3367 Non
1984 3315 2206 3383 gmtiam

622 3407 853 3475 Spiritus
881 3403 1193 3476 simpliciter
1233 3411 1574 3473 acceperunt,
1603 3403 1694 3457 sed
1724 3404 1810 3458 illa
1839 3405 2027 3472 repleti
2063 3415 2204 3458 sunt.

627 3497 695 3550 Et
725 3506 980 3567 coeperunt
1005 3497 1142 3568 loqui
1167 3497 1317 3550 uariis
1339 3497 1551 3566 linguis,
1577 3506 1723 3564 prout
1754 3497 1976 3565 Spiritus
2007 3509 2209 3552 sanctus

624 3589 775 3642 tlttlml
797 3589 962 3657 eloqui
988 3589 1110 3642 illis.
1139 3588 1252 3642 Non
1286 3589 1528 3654 dixisset,
1577 3588 1784 3657 Omnes,
1817 3590 1938 3645 licet
1975 3605 2210 3660 prmsen-

623 3680 1177 3749 tizsesseutapostoli,
1225 3679 1324 3734 nisi
1370 3680 1456 3734 alii
1502 3695 1715 3750 quoque
1764 3683 2049 3752 participes
2077 3683 2206 3737 luis-

622 3783 760 3824 si-nt.
795 3772 1043 3842 Alioquin
1069 3782 1270 3836 autem,
1301 3787 1419 3825 eum
1469 3773 1587 3827 illos
1613 3783 1737 3828 ante
1775 3775 2087 3829 neminatim
2120 3791 2207 3830 re-

623 3862 944 3926 retinuisset,
977 3876 1080 3915 non
1114 3861 1232 3916 illos
1259 3877 1397 3916 nunc
1426 3876 1547 3916 cum
1585 3862 1704 3917 aliis
1739 3864 1988 3934 jungeret
2025 3865 2077 3921 in
2108 3866 2209 3922 bac

624 3954 858 4022 ucgodo.
883 3951 1013 4007 Nam
1037 3953 1104 4019 si,
1136 3952 1222 4007 ubi
1247 3952 1528 4008 dicendum
1559 3962 1763 4008 tantum
1792 3965 1909 4009 erat
1935 3957 2207 4026 apostolos

624 4045 878 4113 adfuisse,
911 4046 1057 4114 ipsos
1077 4045 1388 4099 nominatim
1418 4045 1705 4112 recensuit,
1741 4047 1906 4101 multo
1929 4048 2099 4118 magis
2121 4049 2208 4105 hic

625 4137 744 4192 illos
771 4137 1121 4191 distinxisset.

700 4229 923 4296 Spiritus
967 4238 1171 4282 sanctus
1213 4229 1263 4281 in
1305 4238 1502 4283 orantes
1549 4228 1823 4283 descendit.
1853 4260 1923 4271 -—
1950 4231 2208 4286 Animad-

625 4328 774 4373 verte
801 4328 998 4380 autem,
1041 4320 1308 4387 quomodo
1344 4334 1464 4372 cum
1497 4330 1840 4388 perseverant
1864 4322 1914 4375 in
1941 4325 2203 4389 oratione,

625 4425 744 4462 cum
787 4409 1061 4463 raritatem
1098 4420 1347 4474 servant,
1391 4419 1514 4465 tunc
1561 4411 1789 4480 Spiritus
1833 4414 2098 4469 adveniat.
2152 4416 2206 4471 In

627 4501 942 4556 memoriam
982 4500 1085 4555 illis
1107 4510 1322 4555 revocat
1347 4503 1571 4556 alteram
1599 4505 1878 4571 visionem,
1906 4522 2025 4561 cum
2058 4508 2205 4576 dicit,

627 4594 903 4662 Tamquam
949 4594 1099 4663 ignis.
1159 4593 1449 4663 Tamquam
1493 4596 1628 4664 ignis
1677 4597 1818 4649 enim
1863 4599 2108 4667 apparuit
2155 4601 2209 4654 in

630 4686 783 4740 rubo.
828 4683 991 4738 Prout
1033 4684 1259 4754 Spiritus
1299 4695 1502 4740 sanctus
1546 4687 1695 4739 dabat
1718 4690 1880 4756 eloqui
1921 4690 2044 4745 illis.
2079 4691 2208 4745 Nam

626 4780 832 4848 eloquia
857 4777 1040 4832 eorum
1080 4777 1229 4846 quasi
1274 4779 1719 4849 apophthegmata
1760 4792 1932 4835 erant.
1961 4783 2013 4837 5.
2045 4780 2211 4837 Erant

628 4880 794 4923 autem
825 4870 875 4922 in
903 4867 1208 4933 Jerusalem,
1240 4870 1429 4938 inquit,
1465 4871 1743 4926 habitantes
1767 4870 1942 4927 Judwi
1971 4878 2063 4929 uiri
2093 4879 2208 4930 reli‘

623 4964 769 5031 giosi.
793 4961 914 5015 llaec
941 4960 1197 5015 habitatio
1227 4962 1435 5031 signum
1467 4964 1733 5033 religionis
1755 4968 2208 5034 erat.Quomodoi

623 5058 753 5109 tium
786 5071 817 5110 e
845 5064 922 5109 tot
951 5055 1254 5109 nationibus
1282 5063 1479 5121 essent,
1511 5057 1757 5124 patriam,
1777 5059 1987 5125 domos,
2016 5077 2210 5132 cogna-

626 5159 707 5200 tos
749 5148 1095 5215 reliquerant,
1128 5157 1174 5201 et
1210 5146 1317 5202 illic
1357 5147 1681 5201 habitabant.
1725 5149 1855 5204 Nam
1903 5153 1974 5206 ait
2006 5172 2016 5205 :
2052 5153 2213 5210 Erant

624 5240 676 5291 in
719 5237 1008 5291 Jerusalem
1057 5237 1333 5292 habitantes
1362 5237 1549 5302 Judtei,
1579 5241 1672 5293 viri
1708 5242 1953 5311 religiosi,
1985 5261 2045 5297 ea:
2075 5249 2212 5300 omni

627 5330 846 5394 natione,
889 5343 1004 5395 qua:
1043 5330 1134 5383 sub
1179 5331 1300 5383 cazlo
1340 5341 1430 5384 est.
1464 5332 1514 5385 6.
1546 5330 1705 5387 Facta
1750 5346 1917 5390 autem
1964 5337 2058 5390 liae
2098 5356 2213 5395 voce

626 5422 854 5473 cenvenit
883 5421 1171 5487 multitudo,
1195 5431 1240 5474 et
1267 5433 1425 5476 mente
1453 5427 1665 5494 confusa
1687 5434 1775 5478 est.
1802 5427 1936 5495 Quia
1967 5430 2017 5482 in
2051 5429 2213 5486 domo

632 5528 718 5565 res
746 5520 893 5580 gesta
921 5521 1021 5578 est,
1050 5513 1171 5581 jure
1195 5514 1285 5582 qui
1311 5512 1439 5566 loris
1467 5523 1620 5567 erant
1641 5519 2009 5574 accurrebaut.
2039 5521 2214 5577 Mente

625 5605 848 5659 contusa
881 5614 963 5658 cst
1001 5605 1304 5660 multitudo.
1327 5605 1465 5672 Quid
1508 5607 1765 5676 signiﬁcat
1803 5610 1955 5681 illud,
1990 5614 2212 5685 Confusa

694 5744 711 5807 '_
750 5739 834 5790 Alii
872 5742 1107 5803 legunt...
1150 5759 1171 5787 ι
1206 5755 1361 5807 supra
1401 5742 1613 5807 singulos
1655 5757 1840 5796 rarum.
1884 5765 1906 5792 ι
1948 5752 2212 5804 Considera

629 5804 744 5852 t'n'ln
766 5818 998 5867 quomouo
1022 5817 1114 5855 non
1135 5803 1290 5855 dolent
1323 5807 1447 5864 quod
1477 5803 1569 5856 non
1588 5807 1765 5858 (lactus
1792 5810 1963 5867 luerit.

2337 464 2454 519 est.’
2501 464 2769 535 Turbata,
2820 469 3081 525 admirata
3126 479 3228 527 est.
3273 469 3474 526 Deinde
3520 469 3922 525 admirationem

2338 557 2479 611 illam
2519 559 2800 614 declarans
2833 562 2903 616 ita
2939 563 3112 631 pergit
3146 581 3158 616 :
3193 561 3446 630 Quoniam
3490 562 3727 615 audiebat
3769 578 3920 614 uitus-

2335 648 2545 716 quisque
2569 649 2744 719 lingua
2783 668 2877 703 sua
2902 653 3016 706 illos
3043 654 3320 722 loquentes.
3352 654 3404 706 7.
3433 649 3501 705 Et
3531 653 3763 704 conuenit
3792 651 3922 702 mul-

2336 739 2516 802 titudo,
2541 750 2585 793 et
2614 741 2745 793 inter
2774 758 2826 795 se
2849 743 3083 798 dicebant
3113 760 3132 796 :
3168 743 3354 798 Nonne
3381 760 3491 797 erce
3519 743 3606 796 isti
3631 759 3825 798 omnes.
3843 743 3927 811 qui

2335 833 2627 898 loquuntur,
2679 830 2884 886 Calilwi
2922 836 3080 888 sunt?
3113 835 3189 887 Ad
3217 837 3492 904 apostolos
3529 836 3710 888 statim
3760 835 3924 902 respi-

2335 920 2502 976 citn.t.
2533 921 2586 976 8.
2630 921 2694 975 Et
2742 925 2992 993 quomodo
3023 942 3115 979 nos
3155 925 3394 978 audimus
3433 925 3778 994 unusquisque
3827 927 3924 977 lin-

2332 1029 2486 1078 guam
2523 1023 2763 1081 nostram,
2781 1017 2830 1068 in
2858 1033 2957 1085 qua
2986 1019 3094 1070 uati
3118 1034 3290 1072 sumus
3308 1017 3334 1070 .’
3364 1016 3577 1083 Parthi,
3605 1027 3649 1070 et
3678 1017 3849 1078 Medi,
3881 1031 3925 1070 ει

2335 1105 2603 1173 Ειιυηὶιω,
2637 1118 2682 1163 et
2727 1111 2815 1177 qui
2844 1110 3072 1165 habitant
3115 1110 3567 1180 MesOpotamiam,
3597 1110 3836 1183 Inclusam
3881 1119 3926 1163 et

2332 1199 2746 1270 Cappadociam,
2809 1203 3030 1258 Pontum
3067 1215 3116 1258 et
3158 1204 3360 1269 Asiam,
3413 1203 3499 1258 i0.
3555 1203 3836 1276 Phrygium
3880 1211 3926 1256 α

2335 1292 2697 1363 Pamphyliam
2721 1337 2735 1360 ,
2766 1294 3056 1366 Egyptian
3082 1307 3126 1349 et
3152 1308 3321 1365 partes
3349 1295 3544 1366 Libym,
3565 1312 3680 1365 qua:
3695 1306 3774 1347 es.’
3795 1299 3924 1347 virm

2332 1385 2579 1455 Cyrenen,
2615 1399 2658 1440 et
2679 1391 2887 1441 advenat
2911 1388 3150 1449 lio-inani,
3184 1390 3240 1443 il
3299 1388 3474 1442 Juda'i
3509 1404 3704 1458 quoque
3730 1397 3776 1438 t't
3807 1406 3924 1454 prn-

2330 1479 2496 1548 st’lyti,
2529 1479 2693 1533 Cretes
2719 1492 2761 1532 et
2795 1481 2981 1533 .lruln-s
3013 1482 3286 1533 :ttuu'intus
3324 1497 3406 1532 eos
3439 1479 3695 1550 loquentes
3746 1477 3931 1529 nos'ri‘

2331 1569 2516 1640 linguis
2559 1573 2813 1642 magna/ia
2854 1572 2967 1626 Dei.
3017 1571 3098 1626 l9...
3148 1572 3433 1640 Stupebant
3473 1582 3642 1624 autem
3685 1588 3857 1624 omnes
3883 1589 3923 1621 τι

2331 1663 2680 1725 mirabantur,
2724 1665 2790 1716 ad
2834 1665 3044 1717 invicem
3094 1664 3312 1718 dicentes
3339 1680 3356 1717 .'
3383 1663 3640 1729 Quidnam
3683 1663 3787 1716 vult
3835 1663 3924 1714 lto;

2330 1755 2468 1808 esse?
2494 1754 2660 1809 Vitlcn
2687 1755 2806 1810 illos
2834 1757 2901 1808 ab
2926 1757 3144 1810 Oriente
3173 1757 3224 1808 itt
3253 1755 3596 1809 Occidentem
3623 1771 3882 1808 accurrcu
3900 1783 3913 1791 -

2331 1855 2409 1901 tes
2437 1847 2492 1898 ‘1’
2519 1848 2601 1901 i5.
2630 1847 2731 1901 Alii
2757 1856 2947 1914 autem,
2979 1847 3170 1917 inquit,
3204 1848 3467 1902 irridentes
3506 1847 3758 1911 dicebant,
3796 1846 3927 1911 Quis

2329 1949 2491 1993 musto
2518 1941 2654 2009 pleni
2677 1949 2815 1992 sunt.

2396 2032 2450 2086 2.
2483 2031 2525 2086 0
2554 2033 2853 2086 vesaniam!
2879 2045 2912 2086 0
2943 2032 3213 2103 ingentem
3258 2033 3546 2101 tiu-quitiam
3573 2033 3585 2084 !
3635 2032 3793 2101 Atqui
3829 2047 3927 2085 nec

2329 2131 2535 2192 tempus
2563 2133 2679 2178 erat
2710 2124 3026 2178 vindemias:
3059 2135 3168 2178 erat
3199 2125 3339 2178 cnim
3375 2125 3708 2178 Pentecoste.
3740 2123 3924 2192 Quod-

2326 2231 2430 2284 quc
2474 2216 2689 2284 gravius
2738 2226 2838 2278 cst,
2890 2216 3268 2269 Confitentibus
3317 2215 3590 2280 omnibus,
3642 2215 3923 2277 lloniuuis,

2326 2311 2626 2381 prosclytis,
2650 2319 2700 2364 et
2730 2310 2865 2365 forte
2891 2325 2954 2364 ex
2994 2311 3059 2364 iis
3097 2313 3184 2381 qui
3237 2310 3634 2370 crucilixcrnut,
3675 2311 3762 2361 illi
3817 2321 3923 2362 tam

2326 2402 2506 2455 multis
2543 2402 2708 2470 signis
2739 2401 2901 2456 editis
2929 2401 3132 2464 dicunt,
3157 2399 3325 2453 Musto
3355 2402 3488 2466 pleni
3514 2411 3650 2456 sunt.
3672 2400 3776 2455 Sed
3805 2417 3926 2470 qua:

2321 2507 2478 2560 supra
2507 2491 2645 2546 dicta
2671 2502 2796 2545 sunt
2829 2503 3156 2560 repetamus.
3197 2491 3444 2560 lleplerit,
3475 2491 3663 2562 inquit,
3691 2492 3927 2546 domum.

2321 2583 2549 2652 Spiritus
2577 2583 2730 2652 quasi
2757 2583 2954 2651 piscina
2988 2597 3139 2651 aqua:
3162 2582 3276 2634 fuit.
3311 2582 3450 2652 lgn?s
3479 2600 3603 2636 vero
3628 2594 3681 2636 et
3711 2585 3925 2651 eopiam

2322 2687 2375 2729 et
2404 2676 2794 2730 vehementiam
2843 2676 3126 2742 signiﬁcat.
3171 2674 3312 2728 Nihil
3357 2677 3459 2729 tale
3487 2678 3678 2730 :itfcitiit
3720 2678 3770 2730 in
3801 2694 3927 2747 pro-

2323 2768 2528 2835 phetis;
2560 2768 2650 2823 sed
2673 2783 2814 2822 nunc
2841 2769 2918 2823 sic
2949 2767 3070 2827 illis,
3096 2768 3372 2837 prophetis
3404 2779 3581 2822 autem
3606 2770 3710 2823 alio
3739 2773 3922 2826 modo.

2321 2858 2618 2929 Capitulum
2671 2860 2814 2914 enim
2876 2859 2995 2913 libri
3039 2858 3220 2913 datum
3250 2870 3331 2913 est
3361 2859 3651 2927 lizechieli,
3681 2872 3735 2915 ct
3776 2877 3926 2918 cmu-

2317 2951 2427 3004 edit
2456 2967 2517 3005 ea
2545 2968 2664 3020 qua:
2697 2952 2936 3005 dicturus
2964 2959 3081 3005 erat
3115 2969 3127 3003 :
3163 2949 3377 3003 Factum
3401 2963 3470 3006 est
3502 2965 3690 3021 autem,
3728 2953 3923 3024 inquit,

2316 3044 2370 3098 in
2415 3061 2500 3097 ore
2545 3046 2652 3113 ejus
2698 3055 2750 3097 ut
2786 3046 2884 3098 mel
2922 3043 3215 3096 dulcescens
3245 3041 3461 3108 (Ezerlt.
3494 3045 3550 3098 5.
3583 3045 3657 3113 5).
3696 3045 3760 3098 ι·;ι
3807 3061 3927 3099 rur-

2318 3156 2434 3193 sum
2478 3155 2665 3194 manus
2716 3139 2811 3193 Dei
2856 3139 3024 3208 tangit
3069 3138 3303 3204 linguam
3363 3138 3588 3193 alterius
3643 3139 3926 3209 prnpheta:

2320 3232 2456 3299 (λεν.
2486 3231 2634 3300 1.9).
2658 3231 2754 3286 llic
2782 3247 2906 3287 vero
2931 3234 3043 3302 ipse
3069 3234 3299 3304 Spiritus
3330 3241 3547 3285 sanctus
3578 3241 3656 3285 cst
3684 3249 3695 3281 :
3732 3233 3924 3300 sicque

2318 3340 2412 3392 par
2438 3335 2521 3379 est
2568 3325 2770 3379 honore
2810 3325 2950 3378 Patri
2980 3334 3032 3380 et
3063 3326 3220 3380 Filio.
3256 3325 3568 3394 Rursusque
3605 3322 3728 3375 alibi
3774 3325 3854 3378 ait
3907 3341 3920 3377 :

2316 3415 2653 3477 Lamentatio,
2687 3426 2732 3469 et
2759 3419 3030 3479 canticum,
3055 3429 3100 3473 et
3132 3435 3204 3472 ra:
3229 3416 3444 3488 (Ezecli.
3463 3416 3519 3469 τὶ.
3541 3418 3617 3484 9).
3647 3416 3752 3469 Illis
3785 3431 3920 3486 ergo

2312 3510 2432 3576 jure
2461 3509 2510 3562 in
2550 3508 2687 3561 libro
2731 3508 2915 3562 datum
2961 3521 3041 3563 est
3077 3529 3090 3564 :
3135 3527 3259 3564 nam
3305 3507 3747 3563 similitudinibus
3791 3524 3922 3578 egeo

2318 3599 2443 3654 baut
2462 3618 2476 3654 :
2497 3616 2720 3678 remque
2748 3601 3108 3656 illihabcbant
3135 3619 3253 3656 cum
3275 3618 3376 3655 una
3403 3612 3603 3654 tantum
3629 3613 3789 3671 gente
3821 3602 3922 3656 sibi

2316 3692 2527 3760 propria
2562 3709 2576 3745 :
2609 3691 2663 3745 bi
2694 3707 2822 3746 vero
2855 3708 2975 3748 cum
3009 3695 3262 3750 universo
3289 3693 3442 3759 urbe,
3464 3705 3660 3748 etcum
3688 3694 3751 3747 iis
3781 3710 3926 3765 quos

2317 3801 2421 3839 non
2453 3795 2731 3839 noverant.
2770 3786 2998 3840 Eliszeus
3030 3802 3125 3856 per
3166 3787 3399 3840 ηιμιυιριι
3450 3787 3674 3856 gratiam
3720 3787 3925 3855 accipit

2316 3874 2526 3946 (lJteg.
2556 3875 2636 3943 2);
2664 3877 2799 3930 alius
2823 3892 2914 3945 per
2934 3878 3128 3943 oleum,
3164 3889 3218 3932 ut
3253 3877 3414 3930 David
3439 3878 3512 3944 (Ι.
3538 3876 3643 3948 Itrg
3688 3878 3878 3949 H.171)
3905 3894 3922 3945 ;

2316 3967 2526 4039 Moyses
2576 3985 2667 4037 per
2717 3971 2890 4038 ignem
2936 3970 3052 4022 rubi
3105 3983 3326 4024 vocatur
3355 3969 3553 4038 (Exod.
3596 3971 3646 4024 ’5.
3676 3968 3757 4039 2).
3815 3972 3922 4027 Sed

2315 4057 2402 4112 hic
2425 4074 2612 4122 secus;
2646 4061 2758 4128 ipse
2805 4077 3035 4131 namque
3063 4063 3197 4129 ignis
3247 4062 3459 4116 insedit.
3494 4062 3596 4116 Sed
3641 4078 3737 4116 cur
3783 4064 3926 4132 ignis

2316 4167 2419 4205 non
2453 4153 2522 4205 ita
2567 4155 2814 4221 apparuit
2841 4163 2898 4207 ut
2939 4154 3185 4222 impleret
3213 4155 3466 4207 donnun?
3493 4155 3625 4220 Quia
3669 4158 3926 4213 exterriti

2317 4241 2558 4297 fuissent.
2591 4244 2694 4298 Sed
2723 4245 2959 4298 ostendit
2991 4246 3219 4313 idipsmn
3252 4248 3516 4301 evenisse.
3545 4248 3622 4302 Ne
3657 4252 3918 4304 attendas

2316 4335 2456 4390 enim
2489 4336 2628 4405 quod
2651 4338 2862 4404 dixerit,
2892 4339 3253 4408 :lpparuerunt
3278 4339 3381 4392 illis
3407 4342 3681 4407 dispertitw
3703 4342 3920 4415 lingua,

2315 4429 2408 4484 sed
2439 4431 2610 4499 ignem
2643 4429 2802 4484 fuisse
2829 4431 3400 4509 CtiilSidCI‘CS..TallltlS
3429 4434 3568 4502 ignis
3592 4435 3920 4492 immensam

2315 4523 2521 4592 sylvam
2565 4531 2737 4590 potest
2781 4522 3084 4578 incendere.
3119 4525 3197 4578 Ac
3230 4535 3372 4579 recte
3401 4524 3549 4591 dicit,
3597 4526 3920 4595 Dispertitw.

2317 4613 2392 4688 lis
2424 4630 2523 4665 una
2552 4614 2690 4667 enim
2739 4615 2919 4669 radice
2946 4617 2966 4645 ¹
2999 4627 3180 4680 erant;
3212 4625 3267 4669 ut
3295 4615 3470 4671 ἀίεαςιε
3505 4618 3610 4671 vim
3651 4624 3923 4688 operaudi

2317 4686 2437 4761 esse
2467 4723 2495 4760 a
2520 4707 2797 4762 Paracleto
2847 4709 3088 4762 missam.
3121 4708 3397 4778 Perpende
3429 4719 3604 4765 autem
3648 4712 3772 4768 illos
3806 4718 3922 4784 pri-

2315 4813 2459 4852 mum
2491 4798 2679 4868 dignos
2709 4799 3007 4853 declaratos
3029 4815 3180 4865 esse,
3215 4810 3267 4854 ct
3291 4801 3414 4854 hinc
3435 4803 3710 4873 accepisse
3740 4807 3926 4875 Spiri-

2318 4901 2428 4946 tum
2475 4902 2747 4957 sanetum,
2781 4902 2838 4945 ut
2865 4895 2914 4944 in
2953 4893 3148 4946 Davide
3174 4892 3367 4946 accidit
3399 4912 3410 4944 :
3439 4910 3564 4948 nam
3589 4912 3707 4964 quae
3735 4897 3834 4954 ille
3868 4901 3921 4955 in

2317 4983 2542 5036 ovilibus
2591 4982 2806 5048 fecerat,
2838 4982 3025 5036 eadem
3069 4984 3192 5037 fecit
3238 4994 3360 5054 post
3404 4987 3684 5040 vietoriam
3717 4998 3770 5042 et
3803 5001 3923 5047 tro-

2317 5090 2450 5144 pauit
2498 5117 2510 5137 ,
2548 5085 2602 5128 ut
2635 5076 2806 5143 palam
2834 5084 2977 5128 esset
3020 5074 3150 5129 lides
3180 5076 3313 5145 ejus.
3353 5075 3489 5131 Vide
3514 5093 3724 5133 rursum
3760 5081 3922 5158 Moy-

2314 5181 2430 5221 setn
2453 5168 2538 5236 t‘lii
2565 5169 2674 5235 ipse
2694 5183 2902 5236 quoque
2926 5168 3123 5238 regiam
3147 5170 3477 5240 deSpiciebat
3511 5172 3768 5243 (Exodi.
3800 5179 3923 5249 11),

2317 5269 2369 5314 et
2394 5268 2511 5327 post
2555 5259 2903 5329 quadraginta
2934 5275 3104 5315 annos
3156 5263 3540 5332 rempublicam
3569 5266 3926 5325 administra-

2317 5355 2422 5419 vit;
2473 5351 2774 5408 Samuelcm
2819 5353 2871 5408 in
2919 5357 3120 5426 templo
3163 5356 3444 5412 educuqu
3473 5359 3547 5427 (Ι.
3580 5358 3708 5431 Rrg.
3738 5363 3800 5420 3.
3830 5365 3922 5433 '5);

2384 5510 2398 5540 ¹
2436 5517 2564 5558 Unus
2608 5510 2758 5558 habet
2791 5521 2802 5557 :
2852 5508 3020 5576 t’idcn’
3052 5512 3179 5576 unde
3219 5511 3513 5575 aligerorum
3553 5513 3708 5565 eum
3752 5520 3925 5568 ονέισμει

2318 5578 2563 5620 terrarum
2587 5574 2934 5633 ῖιιτιτίίγιϊνωι.
2974 5581 3103 5623 itane
3127 5574 3388 5625 lectionem
3435 5587 3677 5642 sequutus
3703 5589 3783 5630 est
3811 5582 3928 5631 lira-

2319 5646 2468 5680 SillUS.
3122 5675 3129 5678 _

2383 5697 2403 5725 ι
2471 5689 2602 5738 [ιιυιῖ
2662 5693 2840 5758 habet,
2879 5696 3017 5758 ﬁnite,
3053 5712 3140 5758 pro
3166 5734 3178 5754 ,
3206 5700 3390 5748 metire.
3415 5701 3470 5750 Et
3501 5701 3680 5750 infra...
3711 5718 3740 5752 α
3773 5714 3928 5754 raru-

2321 5756 2447 5826 (ιριηί
2468 5770 2575 5803 nn»
2636 5773 2659 5804 ξι
2685 5770 2699 5808 .·
2726 5772 2754 5820 q
2777 5757 2947 5820 dignis
2971 5756 3123 5808 instar
3150 5773 3344 5821 peccata
3379 5764 3546 5814 mundi
3573 5767 3711 5824 (l'tttai
3737 5768 3929 5831 tignum

2322 5833 2494 5866 ςυιιηικιί
2522 5830 2600 5870 δξι.
