4074 6302
605 323 678 378 45
1319 327 1374 381 S.
1413 325 1700 383 JOANNIS
1739 313 2225 379 CHRYSOSTOMI
2263 315 2583 374 ARCIIIEP.
2623 317 3175 375 CONSTANTINOP.
3811 313 3887 370 36

611 440 808 510 μείζων
841 437 946 491 τῶν
977 437 1269 508 προφητῶν
1292 441 1550 509 Μωῡσῆς.
1586 439 1818 501 Ἐκεῖνος
1841 438 1949 506 γὰρ
1970 439 2056 489 ὅτε
2085 432 2190 485 ἔδει

605 523 823 593 ἐτέρους
871 521 1123 590 γενέσθαι
1173 525 1612 592 πνευματικοὺς,
1664 520 1961 592 ἠλαττοῦτο
2005 517 2188 578 αὑτός.

618 606 757 657 Ἀλλ’
783 605 1018 658 ἐνταῦθα
1049 605 1144 674 οὐχ
1175 603 1346 669 οὕτως
1367 623 1379 632 ·
1403 605 1517 658 ἀλλ’
1540 605 1729 676 ὥσπερ
1759 604 1852 656 ἐπὶ
1874 603 1966 656 τοῦ
1993 599 2188 671 πυρὸς,

603 691 762 753 ὅσους
807 689 871 742 ἄν
918 706 1002 752 τις
1033 688 1176 740 θέλοι
1217 687 1440 757 λύχνους
1481 689 1736 753 ἀνάπτει,
1775 687 1833 740 τὸ
1869 686 1981 756 πῦρ
2037 684 2191 737 οὐδὲν

603 772 841 826 ἐλαττών
868 788 880 801 °
918 770 1060 824 οὕτω
1108 772 1202 824 καὶ
1250 771 1341 823 ἐπὶ
1395 771 1505 824 τών
1541 771 1855 824 ἀποστόλων
1907 767 2192 821 συνέϐαινε

603 859 748 912 τότε.
770 858 880 910 Καὶ
902 857 1011 926 γὰρ
1037 855 1123 920 διᾲ
1155 854 1248 908 τοῦ
1273 855 1445 926 πυρὸς
1478 858 1538 908 ού
1569 856 1729 926 μόνον
1757 855 1819 906 τὸ
1850 852 2071 922 δαψιλὲς
2095 851 2194 920 τῆς

603 943 826 1014 χάριτος
852 940 1143 1003 ἐδείκνυτο,
1171 939 1306 991 ἀλλά
1337 941 1432 993 καὶ
1458 939 1641 1009 πηγὴν
1663 939 1892 1000 ἕκαστος
1922 936 2194 1006 ἐλάμϐανε

603 1023 923 1094 Πνεύματος
946 1039 958 1052 ’
980 1023 1171 1092 ὥσπερ
1191 1018 1284 1077 οὖν
1315 1023 1408 1074 καὶ
1437 1023 1598 1084 αὐτὸς
1623 1039 1728 1093 mn
1739 1021 1803 1092 ὴν
1827 1021 2018 1083 ὕδατος
2041 1019 2194 1071 ἁλλο-

603 1109 763 1176 μένου
788 1109 868 1170 εἰς
892 1107 1038 1179 ζωὴν
1061 1107 1274 1160 αἰώνιον
1302 1107 1503 1178 ἔφησεν
1528 1107 1670 1172 ἕξειν
1695 1107 1820 1168 τοὺς
1841 1102 2193 1167 πιστεύοντας

600 1191 689 1245 ἐπ’
717 1193 881 1246 αὐτόν
899 1209 910 1222 ·
949 1193 1042 1245 καὶ
1077 1192 1221 1262 μάλα
1248 1192 1491 1251 εἰκότως.
1519 1194 1594 1244 Οὐ
1621 1191 1730 1262 γάρ
1761 1189 1840 1260 τῷ
1859 1187 2058 1259 Φαραὼ
2083 1187 2194 1240 δια-

599 1277 877 1347 λεξόμενοι
925 1276 1192 1347 ἀπῄεσαν,
1239 1275 1376 1328 ἀλλά
1419 1275 1497 1346 τῷ
1545 1273 1776 1344 διαϐόλῳ
1810 1272 2187 1332 παλαίσοντες.

600 1363 712 1415 Καὶ
757 1362 819 1415 τὸ
865 1360 927 1432 δὴ
960 1361 1402 1431 θαυμαστότερον
1436 1373 1485 1423 ι,
1540 1361 1620 1413 ὅτι
1664 1358 2006 1430 πεμπόμενοι
2040 1355 2190 1407 οὐδὲν

599 1449 877 1510 ἀντεῖπον,
930 1443 1049 1497 οὐδὲ
1083 1440 1237 1495 εἷπον
1289 1445 1607 1513 ἰσχνόφωνοι
1648 1438 1822 1505 εἶναι,
1859 1440 1953 1494 καὶ
1989 1437 2189 1510 βραδύ⁹

598 1529 836 1596 γλωσσοι
859 1545 872 1559 ·
919 1527 1158 1596 Μωῦσῆς
1189 1526 1297 1597 γὰρ
1331 1527 1526 1591 αύτούς
1559 1529 1635 1588 εἰς
1667 1525 1823 1578 τοῦτο
1851 1523 2186 1577 ἐπαίδευσεν.

599 1613 713 1665 Οὐκ
736 1609 888 1665 εἷπον
916 1607 1057 1664 εἷναι
1081 1610 1366 1681 νεώτεροι·
1400 1609 1672 1680 Ἱερεμίας
1703 1609 1810 1680 γὰρ
1832 1607 2029 1670 αὐτοὺς
2063 1609 2194 1659 ἐσω-

600 1698 841 1768 φρόνισε.
878 1695 1068 1749 Καίτοι
1104 1694 1273 1747 πολλά
1322 1695 1564 1766 ἥκουσαν
1614 1693 1843 1763 φοϐερὰ,
1878 1692 1974 1745 καὶ
2011 1688 2192 1758 πολλῷ

601 1781 825 1853 μείζονα
850 1781 1078 1832 ἐκείνων
1096 1795 1109 1808 ·
1141 1779 1255 1832 ἀλλ’
1286 1779 1432 1848 ὅμως
1457 1778 1750 1847 ἐφοϐοῦντο
1772 1778 2064 1830 ἀντειπεῖν.
2097 1773 2191 1826 Ἐκ

598 1865 791 1917 τούτου
820 1862 1002 1931 δῆλον,
1033 1861 1115 1914 ὃτι
1151 1861 1246 1915 καὶ
1289 1861 1472 1929 φωτός
1505 1859 1729 1929 ἄγγελοι
1755 1855 1918 1930 ἦσαν,
1949 1858 2044 1911 καὶ
2080 1856 2190 1911 τῶν

599 1948 807 2000 ἄνωθεν
833 1947 1174 2017 πραγμάτων
1199 1943 1485 2015 ὑπηρέται.
1513 1945 1622 1996 Kal
1645 1943 1872 2006 ἐκείνοις
1894 1943 1991 2012 μὲν
2017 1941 2192 2004 οὐδεὶς

599 2032 694 2083 ἀπ’
725 2029 958 2100 ούρανοῦ
1001 2029 1249 2097 φαίνεται
1283 2027 1311 2066 δ
1355 2029 1422 2080 τά
1453 2029 1509 2079 ἐν
1547 2029 1612 2098 τῇ
1646 2029 1715 2098 γῇ
1755 2026 2040 2080 διώκουσιν
2079 2025 2189 2077 ἔτι·

599 2113 864 2183 ἐπειδὴδὲ
889 2111 1119 2182 ἀνῆλθεν
1149 2112 1435 2182 ἄνθρωπος
1466 2111 1598 2175 ἄνω,
1619 2112 1711 2164 καὶ
1738 2108 1962 2181 Πνεῦμα
1988 2109 2192 2163 ἀνωθεν

600 2196 852 2268 φέρεται,
897 2196 1056 2249 Ὠσεί
1097 2195 1452 2264 φερομένης,
1495 2195 1668 2264 φησὶ,
1718 2194 1914 2263 πνοῆς
1958 2195 2188 2258 βιαίας.

598 2282 698 2331 Διά
730 2278 920 2330 τούτου
953 2277 1111 2347 δῆλον
1146 2280 1312 2336 ποιεῖ,
1339 2279 1420 2329 ὅτι
1457 2278 1614 2330 οὐδὲν
1653 2278 1840 2339 αὐτοῖς
1869 2276 2190 2345 ἀντιστῆναι

597 2362 901 2434 δυνήσεται,
927 2361 1040 2414 ἀλλ’
1071 2361 1260 2431 ὥσπερ
1298 2360 1428 2430 χοῦν
1456 2360 1584 2424 τοὺς
1614 2360 1966 2422 ὑπεναντίους
2000 2360 2189 2430 λικμή-

601 2463 770 2499 σουσι.
788 2447 896 2500 Καὶ
919 2444 1277 2512 ἐπλήρωσεν
1297 2444 1446 2498 ὅλον
1482 2443 1590 2497 τὸν
1625 2439 1810 2498 οἶκον.
1845 2444 1909 2496 Ἦ
1931 2446 2075 2497 οἰκία
2097 2442 2189 2496 τοῦ

604 2531 815 2600 κόσμου
863 2529 1135 2600 σύμϐολον
1173 2524 1259 2598 ἦν.
1310 2527 1419 2581 Καὶ
1455 2527 1740 2581 ἐκάθισεν
1773 2527 1865 2596 ἐφ’
1909 2527 2017 2582 ἕνα
2058 2527 2192 2580 ἕκα-

601 2630 754 2667 στον
786 2614 1006 2667 αὐτῶν.
1052 2611 1162 2667 Καὶ
1195 2609 1471 2679 συνῆλθε
1501 2611 1566 2663 τὸ
1604 2610 1875 2678 πλῆθος,
1917 2611 2013 2663 καί
2043 2625 2193 2678 συν-

602 2699 809 2764 εχύθη.
841 2682 1011 2765 Ὀρᾷς
1044 2697 1142 2764 τὴν
1188 2693 1394 2747 τούτων
1443 2692 1751 2757 εὐλάϐειαν,
1784 2696 1877 2746 καὶ
1929 2694 2045 2757 πῶς
2092 2695 2192 2747 οὐκ

603 2781 805 2842 εὐθέως
835 2789 857 2816 ο
890 2777 1302 2846 ἀποφαίνονται,
1321 2776 1432 2830 ἀλλ’
1455 2778 1511 2828 ἐν
1537 2777 1739 2848 ἀπορίᾳ
1760 2775 1893 2830 εἰσίν
1913 2777 2190 2840 ςκἙκεῖνοι

603 2865 660 2916 δὲ
687 2864 735 2914 οἰ
775 2860 1085 2931 ἀγνώμονες
1115 2861 1508 2928 ἀποφαίνονται
1555 2860 1830 2928 λέγοντες,
1873 2863 1955 2914 ὅτι
1994 2859 2190 2914 Γλεύ-

606 2964 756 3011 κους
799 2945 918 2997 εἰσὶ
961 2941 1427 3012 μεμεστωμένοι.
1482 2943 1636 2995 Ἐπεὶ
1669 2942 1795 3010 ἐξῆν
1828 2945 2009 3008 αὐτοῖς
2049 2942 2192 2997 κατά

603 3030 696 3080 τδν
731 3029 893 3098 νόμον
933 3028 1055 3097 τρὶς
1084 3025 1178 3078 τοῦ
1232 3027 1480 3079 ἐνιαυτοῦ
1525 3027 1811 3096 φαίνεσθαι
1842 3030 1900 3081 ἐν
1943 3027 2019 3098 τῷ
2052 3027 2184 3097 ναῷ,

604 3114 693 3166 διά
723 3112 876 3167 τοῦτο
921 3111 1101 3182 ᾤκουν
1134 3111 1251 3163 ἐκεῖ
1282 3111 1637 3183 ἀπὸιπάντων
1664 3111 1774 3165 τῶν
1823 3111 1991 3165 ἐθνῶν
2025 3112 2189 3165 εὐλα-

607 3196 721 3259 ϐεῖς
760 3195 968 3267 ἄνδρες,
1001 3195 1144 3265 Ὅρα
1174 3194 1422 3248 ἐντεῦθεν
1469 3195 1560 3246 τὸν
1605 3195 1904 3265 γράφοντα,
1943 3193 2061 3258 πῶς
2093 3195 2189 3247 αύ-

607 3283 736 3342 τοῦς
771 3279 832 3331 οῦ
873 3277 1183 3331 κολακεύει.
1224 3278 1298 3330 Ού
1330 3277 1440 3344 γάρ
1477 3275 1650 3340 εἶπεν,
1694 3278 1778 3330 ότι
1803 3279 2184 3349 ἀπεφήναντο·

607 3362 744 3416 ἀλλὰ
781 3361 867 3426 τί;
899 3359 1245 3429 Γενομένης
1281 3358 1348 3412 δὲ
1403 3359 1513 3427 τῆς
1562 3359 1676 3432 [56]
1716 3359 1922 3428 φωνῆς
1969 3362 2192 3429 ταύτης

609 3443 880 3514 συνῆλθε
904 3444 970 3497 τὸ
994 3442 1254 3510 πλῆθος,
1283 3441 1380 3496 καί
1408 3444 1740 3512 συνεχύθη.
1773 3444 2042 3507 Εἰκότως·
2079 3444 2196 3497 ἐνό-

612 3529 767 3596 μιζον
787 3528 895 3596 γὰρ
916 3527 1096 3588 αὐτοῖς
1120 3525 1272 3588 τέλος
1294 3524 1438 3594 ἔχειν
1463 3525 1522 3578 τὸ
1547 3527 1780 3596 πρᾶγμα
1810 3526 1899 3579 διά
1923 3527 2020 3596 τὴν
2049 3543 2198 3595 γενο-

615 3613 780 3683 μένην
806 3611 1011 3680 τόλμαν
1051 3608 1193 3661 κατά
1241 3607 1334 3661 τοῦ
1370 3608 1628 3679 Χριστοῦ.
1670 3608 1880 3671 Ἀλλως
1919 3607 1976 3660 δὲ
2007 3609 2104 3663 καὶ
2134 3609 2195 3660 τὸ

614 3693 852 3752 συνειδὸς
883 3691 1160 3745 κατέσειεν
1191 3689 1371 3742 αὐτῶν
1392 3691 1490 3752 τὰς
1510 3689 1706 3760 ψυχὰς,
1733 3691 1790 3742 ἐν
1817 3692 2005 3761 χερσὶν
2029 3689 2196 3760 οὔσης

613 3782 693 3832 ἐτι
717 3781 810 3848 τῆς
846 3776 1082 3846 σφαγῆς,
1122 3775 1216 3828 καὶ
1237 3775 1410 3828 πάντα
1435 3775 1631 3838 αὐτοὺς
1660 3775 1860 3828 ἐπτόει.
1884 3777 2006 3828 Οὐκ
2039 3774 2191 3840 ίδοὺ,

612 3862 766 3932 φησὶ,
796 3861 1018 3924 πάντες
1038 3853 1204 3914 οὗτοι
1221 3860 1378 3911 εἰσιν
1405 3861 1459 3911 οἰ
1489 3857 1819 3923 λαλοῦντες
1848 3857 2193 3923 Γαλιλαῖοι;

613 3946 806 4006 λαλῶς
832 3942 1003 4005 οὕτως
1021 3937 1141 3995 εἰπε
1159 3957 1172 3970 ·
1207 3944 1302 3994 καὶ
1330 3940 1436 4012 γὰρ
1457 3939 1612 3993 τοῦτο
1637 3933 1774 3993 εἶναι
1799 3940 2191 4009 ὡμολογοῦντο.

616 4030 802 4091 υῦτως
833 4027 1027 4089 αὐτοὺς
1062 4025 1328 4093 ἐπτόησεν
1353 4024 1381 4063 (ι
1416 4027 1444 4077 ὁ
1495 4019 1650 4093 ἦχος,
1678 4024 1759 4076 ὅτι
1807 4023 1901 4076 καὶ
1945 4024 2006 4076 τὸ
2033 4023 2194 4076 πλέον

615 4115 714 4181 τῆς
755 4111 1082 4180 οἰκουμένης
1127 4108 1359 4162 ἐνταῦθα
1389 4106 1674 4161 κατέλαϐε.
1711 4106 1882 4159 Τοῦτο
1916 4105 1973 4159 δὲ
2000 4107 2196 4170 αὐτοὺς

615 4195 837 4266 ἐνεύρου
888 4196 1015 4257 τοὺς
1044 4193 1392 4256 ἀποστόλους,
1424 4193 1506 4245 ὅτι
1552 4191 1604 4244 τί
1649 4208 1778 4246 ποτε
1812 4189 2081 4261 Παρθιστὶ
2126 4187 2195 4260 ἦν

615 4279 948 4349 φθέγγεσθαι
1000 4279 1099 4332 οὐκ
1138 4277 1373 4348 ᾔδεσαν,
1423 4274 1558 4328 ἀλλὰ
1615 4274 1746 4344 παρ’
1799 4274 2023 4326 ἐκείνων
2070 4274 2193 4328 τότε

616 4365 936 4433 ἐμάνθανον.
990 4359 1190 4414 Ἐθνῶν
1225 4359 1281 4412 δὲ
1329 4359 1600 4430 μέμνηται
1653 4357 1929 4427 πολεμίων
1971 4357 2192 4422 αὐτοῖς,

617 4446 872 4516 Κρητῶν,
913 4442 1190 4514 Ἀράϐων,
1224 4442 1570 4510 Αἰγυπτίων,
1602 4440 1861 4512 Περσῶν,
1895 4439 2072 4513 δηλῶν
2114 4440 2195 4493 ὅτι

614 4533 831 4583 πάντων
863 4529 1068 4583 τούτων
1097 4527 1482 4598 κρατήσουσιν.

685 4627 892 4693 γ’.”Ατε
913 4625 966 4678 δέ
982 4625 1151 4677 ὄντων
1176 4624 1234 4676 ἐν
1254 4619 1602 4693 αἰχμαλωσίᾳ
1619 4617 1727 4674 τῶν
1743 4617 2025 4684 Ἰουδαίων,
2051 4618 2195 4680 εἰκὸς

617 4711 801 4770 αὐτοῖς
836 4712 1198 4779 συμπαρεῖναι
1238 4705 1542 4778 τηνικαῦτα
1574 4703 1804 4767 πολλοὺς
1842 4703 1952 4756 τῶν
1983 4702 2154 4757 ἐθνῶν
2177 4723 2191 4738 ο

615 4797 648 4865 ἦ
681 4796 761 4848 ὃτι
789 4792 1039 4864 καὶπρὸς
1071 4793 1139 4846 τὰ
1178 4791 1304 4861 ἔθνη
1336 4792 1403 4844 τά
1442 4790 1547 4843 τῶν
1585 4789 1872 4859 δογμάτων
1918 4788 2018 4860 ήδη
2063 4805 2195 4841 κατ-

615 4882 874 4950 έσπαρτο.
903 4880 1011 4932 Καὶ
1035 4877 1122 4930 διά
1146 4875 1305 4930 τοῦτο
1331 4874 1514 4926 πολλοὶ
1541 4874 1634 4927 καὶ
1657 4873 1715 4938 ἐξ
1742 4872 1918 4925 αὐτῶν
1940 4875 2195 4943 παρῆσαν

615 4967 732 5017 ἐκεῖ
781 4963 923 5015 κατά
966 4962 1204 5032 μνήμην,
1265 4953 1339 5012 ὧν
1377 4959 1636 5029 ἥκουσαν.
1693 4954 1962 5008 Πάντοθεν
2017 4956 2193 5008 τοίνυν

613 5049 1002 5117 άναντίρῤητος
1036 5048 1068 5116 ἡ
1098 5045 1390 5116 μαρτυρία,
1424 5043 1572 5111 παρά
1619 5040 1729 5093 τῶν
1759 5038 2010 5103 πολιτῶν,
2044 5039 2194 5110 παρά

614 5134 721 5184 τῶν
756 5131 945 5196 ξένων,
997 5129 1147 5198 παρά
1173 5128 1281 5180 τῶν
1310 5123 1680 5198 προσηλύτων.
1727 5123 2051 5191 Ἀκούομεν
2095 5127 2198 5177 λα·

615 5217 887 5269 λούντων
937 5209 1135 5266 αὐτῶν
1205 5209 1332 5274 ταῖς
1395 5207 1707 5276 ἡμετέραις
1759 5204 2068 5274 γλώσσαις
2124 5207 2196 5259 τὰ

613 5297 900 5368 μεγαλεῖα
932 5295 1039 5350 τοῦ
1074 5293 1243 5348 Θεοῦ.
1290 5293 1363 5346 Οὐ
1398 5292 1507 5363 γάρ
1545 5289 1732 5352 ἁπλῶς
1771 5288 2012 5353 ἐλάλουν,
2060 5288 2196 5342 ἀλλά

616 5401 737 5436 τινα
790 5380 1076 5450 θαυμαστά
1125 5377 1332 5446 ἔλεγον.
1392 5376 1629 5438 Εἰκότως
1677 5373 1854 5427 τοίνυν
1918 5373 2190 5445 ἠπόρουνο

615 5467 871 5519 οὐδέποτε
898 5463 1004 5534 γὰρ
1031 5461 1219 5530 γέγονέ
1239 5479 1292 5514 τι
1315 5458 1572 5513 τοιοῦτον.
1609 5459 1749 5528 Ὅρα
1778 5457 2197 5528 εὐγνωμοσύνην

618 5548 943 5618 ἀνθρώπων.
988 5546 1298 5610 Ἐξίσταντο
1337 5544 1429 5596 καὶ
1453 5541 1743 5613 διηπόρουν
1789 5541 2071 5609 λέγοντες’
2138 5539 2200 5594 Τί

617 5634 772 5686 θέλει
829 5630 1004 5684 τοῦτο
1067 5629 1250 5690 είναις
1307 5630 1537 5695 Ἔτεροι
1586 5625 1653 5679 δὲ
1704 5625 2198 5693 διαχλευάζοντες

615 5715 850 5785 ἔλεγον,
881 5715 967 5766 ὅτι
996 5712 1305 5774 Γλεύκους
1319 5710 1763 5780 μεμεστωμένοι
1794 5711 1973 5763 είσίν.
2013 5709 2076 5760 Ὢ
2099 5708 2196 5778 τῆς

679 5867 706 5898 ⁸
742 5865 839 5914 Ahi
863 5865 1191 5921 παλαίσοντες,
1256 5862 1310 5909 τὸ
1368 5862 1420 5908 δέ
1457 5861 1741 5922 θαυμαστόν.
1813 5861 1840 5899 1›
1887 5860 2020 5908 [ους
2050 5860 2198 5914 οὐδεὶς

617 5930 697 5976 ἀπ’
715 5929 960 5986 ἀνθρώπου
984 5927 1211 5986 φαίνεται,
1282 5927 1303 5954 ο
1335 5921 1468 5971 Idem
1488 5923 1574 5986 ὅρα
1597 5921 1855 5971 εὐλάϐειαν.
1883 5923 1984 5972 Οὐκ
2009 5922 2196 5977 εὐθέως.

616 5990 641 6029 δ
665 5961 831 6039 ΜυῐρῘ.
862 5961 1027 6044 αὐτούς
1050 5988 1284 6046 ἐποίησεν,
1320 5986 1466 6035 male.

2298 430 2682 502 ἀναισχυντίας
2721 444 2745 472 ο
2771 433 2784 486 !
2821 435 2868 486 εί
2895 432 2983 485 διὰ
3013 432 3173 486 τοῦτο
3197 430 3502 502 ἐχλεύαζον.
3531 431 3643 485 Καὶ
3675 431 3727 484 τί
3756 431 3888 485 θαυ-

2301 520 2537 588 μαστόν;
2581 521 2713 573 ὅπου
2761 538 2822 583 γε
2855 523 2946 574 καὶ
2982 522 3142 574 αὑτὸν
3175 522 3268 574 τὸν
3299 520 3577 590 Δεσπότην
3621 521 3888 592 δαίμονας

2301 606 2608 672 ἐλαύνοντα,
2639 608 2868 678 δαίμονα
2904 609 3054 680 ἐχειν
3100 609 3367 679 λέγουσιν.
3404 609 3573 663 Ἔνθα
3607 609 3715 680 γὰρ
3751 609 3818 663 ἀν
3848 605 3887 682 ᾖ

2299 695 2580 765 ἰταμότης,
2613 697 2672 749 ἐν
2704 695 2858 768 ζητεῖ
2887 699 3066 766 μόνον,
3118 701 3294 751 εἰπεῖν
3342 698 3370 752 ὅ
3413 716 3468 751 τι
3512 698 3733 770 δήποτε,
3785 698 3887 768 οὐχ

2295 784 2445 848 ὅπως
2493 802 2546 837 τι
2592 785 2752 853 λόγου
2800 788 3034 857 πρᾶγμα
3080 787 3338 856 ἐχόμενον
3367 787 3534 849 εῐποι,
3579 785 3694 838 ἀλλ’
3735 787 3890 849 ὅπως

2294 874 2438 926 εἴποι
2481 873 2510 926 ὃ
2557 891 2608 926 τι
2651 873 2869 944 δήποτε.
2904 876 3216 941 Γλεύκους
3249 873 3694 943 μεμεστωμένοι
3739 873 3887 930 εισι.

2301 963 2451 1016 Πάνυ
2487 979 2551 1030 γε
2575 978 2589 993 ο
2617 963 2699 1015 δτι
2731 961 3008 1032 ἄνθρωποι
3039 963 3096 1015 ἐν
3124 962 3401 1026 τοσούτοις
3428 961 3713 1025 κινδύνοις,
3754 961 3892 1034 περὶ

2293 1046 2402 1099 τῶν
2434 1047 2678 1115 ἐσχάτων
2721 1045 3038 1116 τρέμοντες,
3085 1047 3142 1099 ἐν
3181 1048 3419 1118 τοσαύτῃ
3462 1047 3614 1110 ὄντες
3650 1045 3887 1117 ἀθυμίᾳ,

2294 1129 2521 1184 τοιαῦτα
2547 1129 2882 1198 φθέγγεσθαι
2906 1129 3168 1200 τολμῶσι.
3201 1129 3311 1182 Καὶ
3338 1131 3439 1201 ὅρα
3463 1144 3477 1158 ⁶
3506 1129 3694 1201 ἐπειδὴ
3727 1129 3890 1183 τοῦτο

2293 1211 2554 1267 ἀπίθανον
2589 1209 2681 1284 ἦν,
2716 1213 3211 1284 παραλογιζόμενοι
3253 1214 3380 1278 τοὺς
3427 1213 3746 1279 ἀκούοντας,
3791 1216 3889 1268 καὶ

2292 1301 2617 1365 δεικνύντες,
2669 1301 2752 1355 ὃτι
2796 1299 3201 1372 ἐμεθύσθησαν,
3254 1302 3321 1371 τῇ
3361 1300 3608 1371 ποιότητι
3659 1302 3720 1355 τὸ
3777 1303 3892 1358 πᾶν

2293 1386 2680 1456 ἐπιγράφουσι,
2722 1386 2814 1439 καί
2862 1402 3024 1454 φασι·
3075 1386 3389 1450 Γλεύκους
3437 1385 3887 1454 μεμεστωμένοι

2291 1470 2431 1522 εἰσί.
2460 1471 2703 1535 Σταθεὶς
2731 1469 2798 1521 δὲ
2824 1472 2856 1523 ό
2879 1469 3096 1537 Πέτρος
3125 1469 3249 1522 σὺν
3277 1469 3399 1534 τοῖς
3423 1469 3660 1532 ἕνδεκα,
3696 1468 3885 1537 ἐπῆρε

2292 1551 2389 1620 τὴν
2456 1553 2667 1622 φωνὴν
2729 1553 2934 1618 αὐτοῦ,
3015 1553 3112 1606 καὶ
3171 1552 3586 1622 ἀπεφθέγξατο
3653 1552 3886 1621 αὐτοῖς.

2304 1637 2467 1708 Ὁρᾷς
2497 1639 2613 1690 ἐκεῖ
2639 1636 2737 1708 τὴν
2768 1638 3116 1708 κηδεμονίαν,
3136 1637 3369 1691 ἐνταῦθα
3402 1638 3458 1690 δὲ
3485 1640 3583 1712 τὴν
3610 1639 3886 1711 ἀνδρείαν.

2295 1720 2357 1773 Εἰ
2392 1723 2500 1793 γὰρ
2539 1721 2870 1792 ἐθαύμαζον,
2913 1723 2971 1774 -εξ
3009 1725 3119 1792 γὰρ
3165 1722 3574 1792 ἐξεπλήττοντο,
3617 1724 3738 1794 ούχὶ
3789 1725 3889 1778 καὶ

2292 1805 2434 1858 οὕτω
2467 1805 2778 1875 θαυμαστὸν
2812 1802 2900 1876 ἦν,
2948 1806 3009 1858 τὸ
3046 1806 3337 1877 δυνηθῆναι
3375 1807 3579 1878 μεταξὺ
3613 1809 3892 1862 τοσούτων

2296 1888 2455 1960 ῥῆξαι
2488 1890 2669 1959 φωνὴν
2689 1889 2975 1960 ἄνθρωπον
3007 1891 3375 1961 ἀγράμματον
3406 1893 3504 1945 καὶ
3539 1892 3754 1963 ἰδιώτην
3779 1911 3793 1959 ;
3822 1895 3889 1948 Εί

2293 1974 2403 2044 γὰρ
2437 1975 2494 2025 ἐν
2527 1973 2752 2036 οἰκείοις
2782 1991 2865 2036 τις
2885 1973 3059 2042 λέγων
3093 1976 3441 2044 ταράττεται,
3475 1976 3655 2047 πολλῷ
3685 1978 3891 2046 μᾶλλον

2296 2058 2386 2109 ἐπὶ
2412 2056 2623 2127 ἐχθρῶν
2663 2058 2758 2110 καὶ
2793 2058 3079 2126 φονώντων
3126 2057 3170 2113 ἲ.
3217 2059 3338 2112 Ὅτι
3387 2058 3442 2112 δὲ
3471 2060 3531 2112 οὐ
3567 2061 3888 2131 μεθύουσιν,

2295 2140 2494 2205 εὐθέως
2527 2141 2632 2194 ἀπὸ
2657 2142 2754 2212 τῆς
2782 2140 2966 2211 φωνῆς
2989 2141 3272 2212 ἐδήλωσεψ
3303 2143 3385 2195 ὃτι
3415 2144 3514 2197 οὐκ
3535 2144 3888 2215 ἐξεστήκασι,

2295 2226 2546 2295 καθάπερ
2576 2227 2626 2278 οἰ
2659 2226 2904 2295 μάντεις,
2946 2228 3026 2278 ὃτι
3061 2228 3160 2279 οὐκ
3187 2227 3400 2298 ἀνάγκῃ
3450 2229 3782 2298 κατείχοντο.
3820 2231 3891 2284 Τί

2291 2307 2348 2360 δέ
2405 2310 2541 2367 ἐστι,
2597 2309 2722 2362 Σὺν
2762 2309 2888 2375 τοῖς
2930 2309 3186 2373 ἔνδεκα;
3241 2309 3443 2381 Κοινὴν
3488 2312 3893 2382 προεϐάλλοντο

2295 2395 2509 2465 φωνὴν,
2549 2395 2712 2464 φησὶ,
2736 2395 2832 2447 καὶ
2871 2395 3091 2448 πάντων
3125 2395 3286 2458 αὐτὸς
3315 2391 3382 2466 ῆν
3415 2398 3474 2449 τὸ
3507 2397 3703 2466 στόμα.
3735 2398 3892 2469 Παρ-

2295 2483 2557 2550 εστήκασι
2586 2480 2642 2534 δὲ
2668 2483 2715 2533 οἱ
2748 2480 2940 2534 ἕνδεκα
2974 2480 3381 2552 μαρτυροῦντες
3408 2485 3524 2546 τοῖς
3546 2484 3888 2555 λεγομένοις.

2307 2565 2525 2634 Ἐπῆρε
2573 2567 2687 2632 τὴν
2728 2565 2938 2634 φωνὴν
2978 2566 3183 2632 αὑτοῦ,
3235 2567 3401 2638 φησί’
3451 2569 3695 2624 τουτέστι
3743 2569 3890 2644 [57],

2294 2650 2447 2704 Μετά
2482 2648 2683 2718 πολλῆς
2709 2644 2828 2701 εἰπε
2855 2649 2956 2718 τῆς
2981 2648 3314 2722 παρρησίας.

2365 2750 2536 2803 Τοῦτο
2560 2750 2616 2803 δὲ
2647 2752 2808 2813 ποιεῖ,
2862 2751 2949 2803 ἵνα
3002 2751 3214 2821 μάθωσι
3267 2752 3362 2806 τοῦ
3419 2754 3736 2824 Πνεύματος
3783 2757 3892 2826 τὴν

2293 2839 2471 2909 χάριν.
2522 2838 2579 2891 '0
2604 2839 2714 2911 γάρ
2739 2837 2814 2910 μὴ
2841 2838 3079 2909 ἐνεγκὼν
3109 2839 3376 2911 ἐρώτησιν
3422 2844 3682 2914 κορασίου
3726 2845 3892 2898 εὐτε-

2295 2928 2438 2993 λοῦς,
2503 2920 2658 2992 οὗτος
2704 2929 2762 2980 ἐν
2801 2928 2953 3000 μέσῳ
3005 2929 3214 2999 δήμων,
3269 2931 3555 2999 φονώντων
3603 2934 3890 2998 ἁπάντων,

2299 3017 2439 3089 μετά
2455 3017 2725 3089 τοσαύτης
2746 3017 3049 3086 διαλέγεται
3071 3019 3406 3089 παρρησίας,
3434 3020 3508 3085 ὡς
3533 3023 3894 3095 ἀναμφισϐή-

2296 3123 2457 3178 τητον
2503 3106 2602 3176 τῆς
2647 3106 2998 3169 ἀναστάσεως
3042 3107 3297 3175 γενέσθαι
3336 3107 3493 3163 τοῦτο
3540 3112 3842 3182 τεκμήριον
3869 3130 3887 3143 ο

2300 3195 2504 3265 μεταξὺ
2552 3194 2662 3266 γὰρ
2699 3194 2982 3264 γελώντων
3030 3195 3353 3268 ἀνθρώπων,
3415 3199 3506 3252 καὶ
3552 3197 3620 3253 τά
3655 3199 3892 3254 τοιαῦτα

2295 3284 2758 3354 διαχλευαζὸντων
2790 3285 3247 3356 παρρησιάζεται.
3277 3285 3457 3358 Πόσης
3479 3282 3619 3341 εἶναι
3641 3289 3888 3358 νομίζεις

2301 3375 2622 3445 ἰταμότητος
2649 3373 2828 3441 τοῦτο,
2871 3354 3045 3445 πόσης
3075 3354 3558 3447 ἀσεϐείαςδπόσης
3590 3354 3892 3449 ἀναισχυν-

2297 3464 2441 3527 τίας,
2493 3464 2554 3516 τὸ
2607 3463 2778 3533 μέθης
2825 3462 3132 3531 λογίζεσθαι
3171 3464 3330 3536 ἔργον
3367 3465 3478 3518 τῶν
3511 3465 3772 3534 γλωσσῶν
3819 3467 3892 3522 τὸ

2297 3550 2633 3622 παράδοξον;
2681 3552 2820 3604 Ἀλλ’
2867 3551 3016 3605 οὐδὲν
3045 3552 3204 3606 τοῦτο
3233 3553 3360 3617 τοὺς
3401 3554 3734 3618 ἀποστόλους
3759 3555 3892 3609 ἐλύ-

2297 3657 2490 3710 πησεν,
2545 3639 2651 3692 οὐδ’
2697 3639 3097 3711 ἀτολμοτέρους
3144 3641 3439 3711 εἰργάσατο
3486 3643 3606 3695 τότε
3655 3642 3723 3695 τὰ
3779 3643 3891 3713 τῆς

2297 3727 2493 3798 χλεύης
2527 3727 2846 3790 ἀκούοντας.
2877 3729 2956 3798 Τῇ
2993 3728 3102 3796 γὰρ
3139 3729 3414 3799 παρουσία
3438 3728 3533 3781 τοῦ
3565 3729 3891 3800 Πνεύματος·

2296 3816 2396 3887 ἤδη
2429 3815 2966 3886 μετεσκευάσθησαν,
2999 3816 3092 3868 καὶ
3120 3814 3381 3886 ἀνώτεροι
3409 3816 3518 3869 τῶν
3551 3818 3890 3887 σωματικῶν

2296 3903 2514 3957 πάντων
2535 3904 2800 3974 ὑπῆρχον.
2837 3903 3075 3957 Ἔνθαδέ
3096 3904 3162 3956 ἂν
3185 3904 3564 3976 παραγένηται
3580 3905 3639 3958 τὸ
3655 3906 3891 3976 Πνεῦμα

2294 3992 2358 4045 τὸ
2386 3992 2563 4059 ἆγιον,
2601 3991 2837 4061 χρυσοῦς
2875 3991 2996 4046 ἀντὶ
3036 3991 3275 4063 πηλίνων
3314 3993 3606 4062 ἐργάζεται
3638 3995 3682 4048 ⁸.
3735 3995 3892 4065 Ὀριι

2299 4097 2389 4151 μοι
2431 4081 2614 4133 λοιπὸν
2645 4080 2736 4132 τὸν
2769 4080 2995 4150 Πέτρον,
3031 4083 3124 4133 καὶ
3153 4080 3372 4146 ἐξέταζε
3414 4081 3506 4135 τὸν
3549 4081 3740 4143 δειλὸν,
3789 4083 3892 4137 τὸν

2296 4171 2576 4232 ἀσύνετον,
2609 4169 2864 4241 καθάπερ
2895 4171 2924 4222 ὁ
2976 4171 3211 4240 Χριστός
3256 4188 3450 4240 φησιν·
3511 4172 3738 4241 Ἀκμὴν
3780 4175 3887 4228 καὶ

2295 4263 2463 4333 ὑμεῖς
2491 4263 2778 4318 ἀσύνετοί
2814 4263 2954 4315 ἐστε
2974 4279 2986 4291 ·
3013 4262 3103 4316 τὸν
3132 4264 3271 4332 μετά
3292 4262 3389 4334 τὴν
3416 4263 3705 4333 ὁμολογίαν
3740 4266 3893 4318 ἐκεί-

2298 4370 2396 4422 νην
2427 4351 2524 4422 τὴν
2555 4351 2873 4421 θαυμαστὴν
2898 4350 3072 4404 Σατᾶν
3103 4349 3388 4421 κληθέντα.
3435 4352 3637 4406 Σκόπει
3681 4353 3737 4406 δὲ
3783 4355 3888 4407 καὶ

2296 4437 2404 4488 τῶν
2435 4436 2747 4490 ἀποστόλων
2797 4435 2897 4505 τὴν
2938 4436 3208 4505 ὁμόνοιαν.
3255 4435 3418 4488 Αὐτοὶ
3459 4436 3891 4507 παραχωροῦσιν

2297 4523 2447 4594 αὐτῷ
2467 4523 2565 4594 τῆς
2589 4522 2957 4593 δημηγορίας·
3002 4523 3064 4575 οὐ
3103 4523 3212 4592 γάρ
3251 4523 3358 4576 ἔδει
3398 4523 3606 4586 πάντας
3651 4523 3892 4592 φθέγγε-

2300 4609 2443 4666 σθαι.
2493 4613 2602 4666 Καὶ
2643 4611 2847 4680 ἐπῆρε,
2905 4612 3059 4682 φησὶ,
3115 4610 3230 4678 τὴν
3263 4611 3475 4678 φωνὴν
3514 4612 3722 4675 αὐτοῦ,
3781 4615 3887 4668 καὶ

2297 4701 2681 4771 ἀπεφθέγξατο
2727 4701 2912 4763 αὐτοῖς
2966 4699 3103 4769 μετὰ
3150 4699 3352 4769 πολλῆς
3401 4700 3500 4770 τῆς
3536 4700 3883 4772 παρρησίας.

2297 4791 2549 4846 Τοιοῦτόν
2583 4792 2730 4844 ἐστιν
2761 4790 2930 4861 ἀνδρα
2967 4786 3105 4843 εἶναι
3146 4790 3531 4860 πνευματικόν.
3573 4791 3748 4844 Μόνον
3784 4793 3892 4846 καὶ

2297 4883 2457 4953 ἡμεῖς
2509 4883 2692 4949 ἀξίους
2747 4879 2972 4941 ἑαυτοὺς
3032 4862 3464 4949 καταστήσωμεν
3521 4880 3621 4950 τῆς
3673 4881 3890 4936 ἀνωθεν

2297 4973 2538 5044 χάριτος,
2577 4972 2671 5025 καὶ
2709 4971 2888 5022 πάντα
2933 4967 3128 5021 εὔκολα
3178 4968 3348 5020 ἔσται.
3396 4968 3660 5040 Καθάπερ
3701 4970 3728 5009 Ιι
3772 4972 3892 5040 γὰρ

2296 5063 2518 5134 πύρινος
2547 5062 2834 5134 ἄνθρωπος
2851 5061 2930 5121 εἰς
2959 5058 3126 5128 μέσην
3158 5057 3410 5127 καλάμην
3429 5058 3702 5128 ἐμπεσὼν,
3729 5061 3891 5114 οὐδὲν

2297 5153 2364 5207 ἂν
2408 5153 2572 5208 πάθοι
2601 5151 2794 5215 δεινὸν,
2844 5147 2980 5202 ἀλλά
3045 5146 3242 5218 μᾶλλον
3289 5146 3612 5218 ἐργάσεται·
3651 5150 3712 5201 ού
3770 5150 3890 5220 γὰρ

2297 5243 2463 5307 αὑτός
2491 5259 2542 5294 τι
2571 5242 2788 5311 πάσχει,
2823 5237 2936 5291 ἀλλ’
2971 5237 3127 5290 αὐτοὶ
3166 5237 3392 5299 ἑαυτοὺς
3431 5238 3482 5289 οί
3519 5237 3892 5302 πυκτεύοντες

2296 5331 2734 5402 διαφθείρουσιν⁶
2794 5327 2936 5381 οῦτω
2983 5327 3075 5379 καὶ
3118 5324 3214 5378 νῦν
3261 5325 3496 5393 ἐγένετο.
3555 5326 3769 5380 Μᾶλλον
3827 5327 3894 5381 δὲ

2297 5424 2484 5494 ὥσπερ
2529 5423 2595 5477 ἂν
2647 5423 2699 5474 εί
2747 5437 2829 5484 τις
2877 5417 2988 5489 πῦρ
3053 5414 3431 5487 ἐπιφερομένῳ
3486 5417 3677 5488 χόρτον
3743 5416 3894 5488 ἔχων

2366 5619 2389 5647 ο
2424 5605 2564 5655 Alius
2588 5603 2697 5656 εἰσὶ,
2719 5602 2798 5650 καὶ
2819 5601 2897 5649 διὰ
2915 5597 3058 5647 τοῦτο
3087 5595 3351 5660 ἐχλεύαζον.
3505 5600 3606 5660 τῆς
3630 5594 3896 5660 ἀναισχυν-

2296 5670 2416 5724 τίας.
2510 5666 2529 5703 τ
2559 5665 2729 5713 Morel.
2755 5663 3037 5726 φωνώντρον,
3073 5657 3714 5726 οιὶηίςιιειεὶῐηὶιξιςτηίῃῒή
3757 5657 3896 5726 things

2298 5718 2450 5780 Cod-ex
2511 5729 2720 5790 μάντεις.
2762 5718 2844 5774 καὶ
2886 5721 3030 5790 τοῦτο
3068 5721 3155 5771 οὐκ
3199 5720 3398 5790 ἀνάγκη.
3435 5783 3453 5790 ᾳ
3491 5718 3695 5790 {Mill}
3734 5721 3892 5790 tota}:

2300 5795 2406 5843 Mox
2434 5782 2564 5839 uan
2586 5791 2666 5836 τὸν
2697 5790 2848 5837 δειλὸν
2885 5787 3131 5847 πρότερον,
3158 5784 3238 5847 καί
3269 5784 3396 5847 οὕτω
3431 5782 3604 5847 δειλὸν,
3647 5783 3711 5836 ὡς
3740 5784 3897 5847 ’μηδὲ

2296 5856 2515 5914 γυναικὸς
2556 5850 2770 5903 εὐτελοῦς
2804 5843 3043 5910 ἐρώτησιν
3064 5843 3404 5914 ἐνεγκεῖν,ητίς.
3436 5844 3762 5914 γέγονε-μετα

2299 5904 2578 5967 ἐπιστασίαν
2603 5915 2680 5960 καὶ
2704 5904 2877 5972 δαψιλῆ
2910 5904 3256 5980 χορηγίαντοῦ
3287 5906 3573 5980 Ιξνεύμαιος.
3609 5905 3781 5955 Σκόπει
3819 5909 3893 5964 δὲ,

2305 5998 2347 6027 κ.
2388 5997 2425 6026 τ.
2470 5980 2512 6027 λ.
2582 5974 2608 6015 ι’·
2638 5969 2976 6025 Ῑύριῐι-εὑγρλα
3009 5969 3202 6031 γίνεται,
3251 5969 3480 6029 καθάπερ.
