4098 6324
148 402 212 459 ιε
1181 372 1248 427 1N
1288 367 1462 425 aen
1507 354 2286 423 APUSTOLORUMJIOMIL.
2331 353 2422 412 tv.
3403 342 3494 400 te

146 520 399 575 Elis‘eum
426 552 443 578 ,
480 507 573 581 qui
617 498 800 562 omnia
837 492 1041 554 dimisit
1073 492 1149 562 (3.
1186 488 1311 559 Reg.
1342 482 1574 581 19.2t);
1613 479 1750 581 Eze-

142 609 377 666 chielem
424 572 578 659 item.
627 592 783 665 Quod
812 604 941 647 vero
989 588 1068 641 sic
1096 581 1358 645 evenerit,
1401 579 1572 647 liquet
1598 590 1663 628 ex
1693 572 1758 627 iis

143 722 263 773 qttzu
316 696 546 769 sequuta
592 698 719 748 sunt
752 700 914 743 :nam
947 677 1000 735 hi
1028 694 1122 734 sua
1166 676 1345 731 omnia
1401 672 1754 741 reliquerunt.

147 765 271 851 lilco
321 765 453 845 tunc
489 784 746 855 Spiritum
783 772 1092 845 accipiunt.
1144 783 1266 823 cum
1307 765 1559 821 virtutem
1603 772 1756 814 suam

143 884 539 941 ostendissent.
580 871 889 928 Didiceraut
936 864 1222 918 humanam
1249 857 1615 913 umrmitatem
1661 864 1759 920 per

144 987 378 1046 «(quae
410 969 551 1042 passi
568 968 778 1023 fuerant
803 958 1129 1014 :didicerant
1152 966 1210 1006 se
1234 965 1341 1004 non
1368 946 1563 1000 frustra
1588 940 1758 1012 probe

146 1035 549 1138 rent-gessisse.
568 1064 657 1119 Sic
684 1068 739 1115 et
759 1056 889 1115 Saul
915 1066 1039 1109 cum
1062 1044 1431 1105 testimonium
1460 1035 1761 1105 accepisset

147 1178 203 1218 se
245 1126 455 1217 bonum
488 1171 611 1213 esse
639 1145 1110 1217 virum,Spiritum
1133 1138 1369 1207 accepit;
1400 1132 1578 1187 sedeo
1598 1126 1759 1183 modo

146 1271 255 1326 quo
284 1267 439 1309 nunc
477 1246 747 1319 discipuli,
772 1255 965 1306 nemo;
1008 1249 1183 1307 neque
1211 1230 1424 1303 Moyses
1464 1225 1555 1326 qui
1588 1224 1763 1326 major

148 1314 441 1420 pmphetis
478 1314 777 1398 erataNam
822 1335 935 1400 ille,
968 1344 1089 1386 cum
1119 1331 1395 1397 oporteret
1433 1320 1568 1374 alios
1594 1314 1761 1420 spiri-

151 1406 328 1494 iualcs
379 1434 566 1501 eflici,
616 1429 931 1487 imminutus
969 1429 1070 1478 est.
1101 1419 1200 1473 Hic
1244 1429 1375 1471 vero
1416 1425 1521 1466 non
1568 1406 1762 1463 eodem

150 1532 339 1595 modo,
368 1527 467 1584 sed
516 1497 969 1596 quemadmodum
998 1512 1065 1569 ad
1092 1511 1271 1583 ignem
1300 1512 1433 1577 quot
1471 1501 1616 1556 volet
1640 1497 1763 1569 qni~

149 1628 231 1682 vis
257 1626 515 1678 lucernas
538 1614 818 1677 accendet,
848 1625 950 1666 nec
971 1608 1176 1662 minuet
1204 1604 1407 1673 ignem,
1440 1596 1519 1652 sic
1546 1605 1600 1650 et
1629 1605 1767 1662 apo-
1822 1658 1825 1661 _

154 1719 310 1774 stolis
360 1725 494 1770 tunc
520 1708 766 1781 contigit.
811 1704 947 1760 Nam
975 1716 1074 1771 per
1102 1699 1281 1769 ignem
1319 1709 1426 1749 non
1455 1688 1617 1745 modo
1645 1701 1768 1757 gra-

155 1814 241 1865 tia:
272 1809 503 1863 ubertas
529 1778 945 1861 ostendebatur;
990 1790 1085 1848 sed
1110 1790 1334 1860 quisque
1363 1784 1567 1839 fontem
1593 1778 1766 1849 Spiri~

157 1914 238 1956 tus
263 1899 596 1969 accipiebat,
627 1902 685 1949 ut
711 1891 845 1947 dixit
896 1886 1007 1953 ille,
1039 1898 1135 1941 eos
1162 1882 1252 1953 qui
1282 1884 1334 1936 in
1357 1894 1418 1935 se
1456 1874 1765 1939 crederent,

157 2002 485 2062 accepturos
516 2000 636 2042 esse
659 1984 861 2038 fontem
893 1992 1048 2049 aqua:
1072 1972 1315 2030 salientis
1344 1972 1396 2025 in
1416 1969 1580 2023 vitam
1611 1975 1771 2021 teter—

155 2057 505 2154 nam-(Joan.
538 2080 590 2135 4.
622 2076 715 2147 lt)
744 2093 757 2127 :
793 2072 955 2143 idque
997 2070 1121 2138 jure
1169 2066 1384 2121 merito.
1411 2061 1597 2131 Neque
1624 2057 1770 2113 enim

154 2193 277 2231 eum
308 2150 595 2230 ﬁliaraone
624 2165 945 2239 disputaturi
975 2161 1252 2225 abierant,
1282 2154 1377 2211 sed
1406 2169 1526 2209 cum
1554 2150 1771 2207 diabolo

156 2267 474 2339 pugnaturi.
514 2260 777 2331 Quodque
820 2254 1121 2312 mirabilius
1163 2259 1269 2316 est,
1303 2248 1453 2304 missi
1486 2261 1593 2302 non
1620 2258 1774 2313 repu-

156 2370 415 2431 gnarunt,
444 2373 543 2412 nec
568 2356 818 2410 dixerunt
848 2367 908 2407 se
928 2348 1116 2431 gracili
1141 2359 1272 2401 voce
1300 2352 1356 2399 et
1378 2341 1556 2411 lingua
1589 2339 1773 2394 tardos

156 2428 281 2512 esse
313 2453 514 2526 (Exod.
540 2452 594 2506 6.
628 2448 752 2519 ιο);
785 2446 995 2517 Moyses
1023 2428 1167 2500 enim
1200 2440 1324 2495 illos
1355 2436 1421 2492 ad
1454 2436 1559 2491 hoc
1585 2432 1773 2489 erudi-

157 2558 300 2603 erat.
313 2546 431 2601 Non
450 2545 724 2609 dixerunt,
741 2538 1052 2609 sejuniores
1072 2550 1214 2599 esse;
1237 2548 1359 2587 nam
1377 2529 1640 2586 Jeremias
1655 2527 1775 2582 illos

162 2642 477 2696 instituerat
508 2636 641 2707 (Jer.
674 2637 727 2690 l.
757 2635 837 2704 6).
867 2630 1030 2701 Atqui
1074 2628 1242 2684 multa
1286 2623 1573 2680 audierant
1613 2620 1776 2677 terri-

162 2735 315 2797 bilia,
360 2732 660 2801 multoque,
694 2743 855 2800 quam
902 2726 999 2789 illi,
1032 2725 1276 2795 majora:
1306 2729 1361 2777 et
1392 2730 1570 2774 tamen
1616 2714 1773 2771 veriti

162 2838 291 2883 sttnt
314 2824 715 2883 contradicere.
760 2822 897 2878 Hinc
924 2820 1099 2891 palam
1130 2825 1213 2873 est
1237 2831 1333 2872 eos
1364 2813 1527 2868 fuisse
1557 2809 1779 2879 angelos

161 2920 318 2984 lucis,
344 2927 402 2971 et
427 2928 783 2986 supernarum
814 2927 995 2968 rerum
1030 2910 1327 2965 ministros.
1345 2906 1412 2960 Et
1432 2905 1537 2959 illis
1562 2902 1777 2973 quidem

165 3012 218 3066 in
248 3021 394 3065 terra
424 3006 705 3078 agentibus
728 3004 904 3059 nullus
932 3002 1001 3059 de
1028 3003 1165 3058 etnlo
1188 2999 1471 3070 apparuit;
1504 2995 1599 3052 sed
1632 3002 1781 3065 post-

165 3120 327 3174 quam
366 3099 615 3157 ascendit
660 3099 833 3153 Homo
874 3111 1089 3153 sursum
1116 3137 1131 3160 ,
1181 3093 1419 3164 Spiritus
1452 3106 1484 3147 e
1529 3087 1782 3159 supernis

166 3194 419 3258 advenit;
448 3190 726 3260 Tamquam
748 3187 1165 3258 superuenientis,
1189 3184 1382 3255 inquit,
1406 3182 1619 3252 spiritus
1635 3179 1784 3234 velte-

169 3287 374 3342 utentis.
423 3283 562 3339 Hinc
595 3282 833 3337 declarat
855 3281 994 3343 fore,
1025 3287 1082 3333 ut
1106 3275 1239 3333 nihil
1267 3276 1435 3346 possit
1463 3273 1593 3344 ipsis
1630 3270 1780 3327 obsio

167 3386 335 3443 ﬂere,
370 3376 467 3430 sed
500 3374 745 3429 inimicos
773 3372 840 3427 ab
866 3371 998 3441 ipsis
1043 3367 1281 3439 pulveris
1317 3368 1486 3421 instar
1515 3363 1783 3421 ventilan-

168 3467 271 3522 dos
312 3481 460 3522 esse.
509 3462 575 3518 Et
623 3464 832 3530 repleuit
879 3470 1039 3515 totam
1093 3460 1318 3513 domum.
1339 3457 1541 3511 Domus
1597 3453 1783 3509 mundi

174 3558 483 3630 symbolum
503 3566 638 3610 erat.
658 3554 902 3625 Seditque
931 3567 1091 3622 supra
1110 3549 1338 3622 singulos
1356 3564 1549 3603 eorum.
1573 3547 1640 3601 Et
1662 3562 1783 3601 con-

169 3653 309 3706 venit
326 3647 624 3713 multitudo,
643 3656 687 3699 et
704 3656 867 3700 mente
880 3648 1094 3716 confusa
1108 3652 1202 3698 est.
1212 3642 1620 3699 Viden‘illorum
1632 3645 1800 3714 pieta-

172 3751 309 3806 tem,
342 3749 401 3795 et
429 3737 706 3808 quomodo
726 3737 861 3792 nihil
888 3737 1066 3791 statim
1090 3736 1457 3806 pronuntient,
1501 3733 1596 3789 sed
1628 3730 1789 3786 haesi-

169 3834 327 3888 tent?
374 3833 454 3887 ll‘li
500 3846 632 3885 vero
658 3830 887 3901 improbi
927 3829 1280 3900 pronuntiant
1315 3828 1578 3887 dicentes.
1616 3826 1787 3880 Musto

174 3925 315 3994 ριεπὶ
351 3934 491 3978 sunt.
516 3922 783 3989 Quoniam
804 3921 1100 3975 secundum
1132 3921 1305 3990 legem
1346 3918 1544 3974 licebat
1574 3918 1681 3974 illis
1706 3928 1789 3973 ter

174 4015 472 4085 quotannis
504 4015 557 4067 iu
601 4012 805 4082 templo
832 4026 1172 4080 comparere,
1199 4011 1323 4066 ideo
1347 4011 1453 4066 illic
1478 4010 1789 4065 habitabant

170 4124 241 4163 ex
270 4107 530 4161 omnibus
558 4105 863 4159 nationibus
889 4104 990 4158 viri
1022 4104 1280 4174 religiosi.
1325 4103 1461 4157 Hinc
1489 4102 1786 4174 perpende,

174 4215 339 4269 quam
372 4214 481 4251 non
530 4196 779 4251 aduletur
804 4196 910 4251 illis
939 4196 1029 4265 qui
1066 4194 1185 4250 haec
1216 4196 1450 4263 scripsit.
1477 4197 1591 4251 Non
1643 4197 1788 4251 enim

174 4291 311 4347 dicit
338 4292 465 4347 illos
497 4290 628 4360 quid
665 4292 1066 4359 pronuntiasse,
1087 4289 1187 4344 sed
1219 4290 1379 4360 quid?
1416 4288 1579 4343 Facta
1618 4300 1791 4344 autent

176 4384 275 4437 liae
301 4400 422 4438 uoce
446 4384 680 4437 conuenit
708 4382 983 4437 multitudo
999 4393 1045 4436 et
1074 4391 1239 4436 mente
1268 4386 1481 4454 confusa
1500 4391 1592 4439 est.
1622 4383 1785 4440 lure:

177 4476 448 4547 putabant
478 4477 623 4532 enim
651 4491 764 4531 rem
792 4476 955 4531 finem
982 4476 1257 4547 accepisse
1285 4493 1381 4547 per
1405 4494 1560 4533 suum
1602 4488 1789 4533 contra

174 4570 461 4625 Christum
488 4568 718 4625 facinus.
750 4569 1003 4640 Alioquin
1027 4584 1181 4635 vero,
1220 4570 1549 4627 conscientia
1575 4572 1789 4627 illorum

176 4662 393 4714 animos
423 4660 771 4730 exagitabat,
801 4675 924 4717 cum
950 4660 1129 4717 caedes
1155 4662 1334 4717 adhuc
1358 4663 1508 4733 quasi
1538 4664 1589 4718 in
1618 4665 1791 4719 mani-

176 4754 284 4809 bus
328 4764 503 4819 esset,
535 4763 593 4809 et
619 4753 799 4817 omnia
830 4754 956 4811 illos
1002 4756 1295 4811 terrebant.
1322 4755 1511 4812 Nonne
1551 4774 1685 4825 ecce,
1709 4758 1792 4813 in-

170 4849 320 4919 quit,
362 4849 419 4903 Iti
462 4864 663 4915 omnes,
697 4850 783 4919 qui
830 4849 1137 4918 loquuntur,
1177 4850 1385 4906 Galilei
1412 4853 1582 4906 sunt?
1624 4853 1793 4909 Recte

176 4938 319 4994 dixit
351 4958 367 4994 :
394 4955 522 4994 nam
545 4955 607 4995 se
629 4940 766 4996 tales
794 4939 1204 5011 proﬁtebantur.
1252 4943 1403 4999 Adeo
1429 4944 1550 4999 ilios
1582 4946 1794 5003 sonitus

178 5031 431 5087 terrebat
474 5048 489 5084 :
530 5047 654 5086 nam
698 5047 889 5104 magna
937 5049 1062 5103 pars
1100 5035 1245 5090 orbis
1287 5036 1391 5091 huc
1435 5036 1791 5093 conﬂuxerat.

178 5122 319 5178 lllud
353 5137 489 5177 vero
516 5122 790 5191 apostolos
820 5125 1133 5192 mborabat,
1178 5127 1320 5196 quod
1349 5142 1472 5183 cum
1516 5130 1795 5185 nescirent

178 5215 310 5283 quid
356 5223 509 5271 esset
554 5215 803 5272 Parthiae
843 5218 1007 5289 loqui,
1040 5220 1110 5274 ab
1147 5220 1251 5275 illis
1299 5231 1423 5278 tunc
1452 5238 1513 5279 se
1540 5224 1610 5278 ita
1641 5226 1793 5295 loqui

179 5306 492 5361 discebant.
529 5306 699 5361 Porro
726 5318 914 5377 gentes
943 5324 1207 5365 memorat
1239 5314 1344 5371 illis
1372 5314 1636 5382 inimicas,
1664 5318 1798 5372 Cre-

182 5404 287 5463 tas,
338 5398 571 5463 Arabes,
610 5396 909 5470 Egyptios,
939 5401 1134 5459 Persas
1164 5418 1178 5458 :
1212 5404 1493 5461 declarans
1530 5409 1654 5465 illos
1696 5410 1797 5467 has

176 5504 383 5543 omnes
409 5490 727 5546 subacturos
751 5506 889 5549 esse.

251 5581 311 5636 3.
356 5579 493 5635 Cum
534 5592 715 5638 autem
758 5582 933 5641 Judzei
980 5595 1106 5642 tunc
1156 5588 1208 5643 in
1240 5591 1549 5659 captivitate
1590 5605 1793 5663 essent,

181 5674 490 5729 verisimile
527 5684 645 5730 erat
695 5676 767 5733 ibi
809 5678 1010 5735 multos
1052 5695 1367 5751 comparere
1410 5700 1475 5739 ex
1506 5688 1795 5756 gentibus;

183 5764 302 5820 sive
329 5764 477 5835 quod
505 5766 618 5835 jam
641 5767 781 5838 apud
810 5780 1004 5841 gentes
1024 5770 1271 5842 dogmata
1299 5777 1563 5832 seminata
1590 5788 1795 5835 essent.

184 5854 429 5928 ideoque
458 5859 609 5916 multi
650 5859 764 5930 jam
812 5861 924 5924 illic
950 5861 1210 5933 aderant.
1240 5880 1427 5922 cet'tun
1460 5884 1577 5939 quae
1609 5871 1798 5927 audie-

1868 484 1989 531 rant
2012 489 2305 530 memores.
2329 468 2727 527 Testimonium
2752 480 2882 537 ergo
2903 462 3140 534 undique
3167 470 3337 515 tutum
3360 469 3480 515 crat

1866 578 1919 623 et
1946 570 2063 624 sine
2084 564 2477 628 controversia,
2507 578 2535 616 a
2563 560 2789 626 civilius,
2814 558 2881 613 ab
2911 556 3204 618 extraneis,
3235 568 3266 607 a
3291 568 3480 623 prose-

1866 660 2015 732 lytis.
2050 658 2351 713 Audiuimus
2372 672 2458 710 eos
2486 655 2745 725 loquentes
2768 649 2957 705 nostris
2985 646 3175 720 linguis
3216 644 3481 711 muqnalin

1866 752 1985 806 Dei.
2010 750 2127 805 Non
2157 749 2300 805 enim
2326 746 2587 818 vulgaria,
2606 744 2703 800 sed
2733 741 2995 797 mirabilia
3020 737 3268 811 quaedam
3288 737 3480 808 loque-

1866 846 2082 900 bantur.
2128 843 2259 898 .lure
2285 856 2415 913 ergo
2464 838 2783 894 haesitabant
2818 854 2830 889 :
2864 834 2996 891 nihil
3041 833 3186 889 enim
3216 844 3473 901 umquam

1864 935 2042 992 simile
2074 932 2366 989 acciderat.
2399 929 2532 986 Vide
2577 928 2856 983 hominum
2904 924 3247 995 probitatem.
3279 921 3475 990 Stupe-
3546 953 3551 959 ι

1865 1030 1991 1084 bant
2020 1038 2078 1084 et
2104 1012 2444 1085 dubitabant.
2474 1023 2719 1077 dicentes
2751 1037 2764 1073 :
2801 1018 3064 1087 Quidnam
3095 1016 3196 1069 vult
3225 1013 3321 1067 hoc
3342 1008 3479 1066 esse?

1866 1122 1972 1177 Alii
2000 1131 2169 1175 autem
2196 1119 2465 1174 irridentes
2493 1115 2749 1181 dicebant,
2782 1112 2954 1167 Musio
2981 1109 3121 1183 pleni
3150 1118 3286 1163 sunt.
3310 1106 3355 1160 0
3376 1105 3481 1159 im-

1868 1213 2219 1287 pudentiam!
2249 1213 2307 1269 Si
2336 1227 2401 1268 ea
2429 1211 2499 1267 de
2525 1224 2688 1266 causa
2722 1207 2997 1273 ridebant,
3029 1202 3226 1276 ecquid
3259 1196 3484 1257 mirum?

1871 1305 2308 1381 quandoquidem
2355 1306 2530 1375 ipsum
2566 1302 2851 1358 Dominum
2896 1298 3176 1354 da‘monas
3204 1289 3484 1364 expellen-

1872 1410 2001 1467 tem,
2029 1398 2355 1456 daemonium
2379 1395 2579 1453 habere
2602 1394 2853 1457 dicebant
2897 1390 3077 1464 (Joan.
3106 1388 3162 1446 8.
3188 1386 3310 1458 48).
3351 1385 3486 1441 Nam

1870 1494 2167 1567 petulantia
2195 1492 2525 1561 ubicumque
2550 1488 2741 1552 adest;
2776 1501 2940 1541 unum
2967 1483 3165 1555 quaerit
3204 1478 3394 1544 modo,
3426 1486 3489 1532 ut

1873 1588 2151 1658 loquatur,
2178 1600 2287 1640 non
2320 1581 2619 1639 secundum
2648 1579 2916 1635 rationem
2943 1619 2959 1645 ,
2995 1575 3091 1631 sed
3118 1572 3380 1645 quidquid
3430 1571 3489 1624 in

1873 1679 2097 1735 buccam
2128 1676 2360 1732 venerit.
2407 1673 2581 1728 Musto
2622 1672 2761 1743 pleni
2807 1678 2949 1726 sunt.
2982 1667 3128 1724 Sane
3154 1679 3287 1721 vero
3321 1681 3333 1717 :
3367 1661 3494 1732 quia

1873 1770 2123 1826 homines
2168 1769 2219 1823 in
2266 1767 2429 1822 tantis
2456 1764 2742 1836 periculis,
2788 1772 3032 1819 extrema
3064 1765 3403 1817 metuentes,
3438 1754 3492 1807 iu

1877 1870 2027 1918 tanto
2056 1874 2292 1916 maerore
2319 1866 2619 1921 versantes,
2650 1854 2774 1909 talia
2808 1853 2955 1924 loqui
2983 1849 3209 1906 audent.
3241 1848 3489 1917 Perpen-

1876 1955 1972 2010 das
2001 1954 2161 2008 velim
2191 1950 2466 2023 quomodo
2491 1990 2507 2017 ,
2535 1964 2661 2003 cum
2701 1948 2806 2001 hoc
2830 1943 3129 2001 verisimile
3174 1956 3280 1996 non
3304 1946 3453 1994 esset
3471 1976 3492 2003 ,

1876 2057 1936 2104 ut
1961 2046 2299 2102 auditoribus
2345 2044 2668 2114 imponant,
2702 2048 2756 2095 et
2796 2036 3089 2092 ostendant
3136 2034 3284 2103 ipsos
3312 2029 3498 2087 ebrios

1877 2154 2001 2195 esse
2020 2180 2035 2205 ,
2064 2136 2259 2210 agendi
2289 2145 2344 2191 et
2375 2132 2633 2204 loquendi
2681 2128 2843 2185 modo
2870 2136 3046 2183 totum
3090 2123 3407 2180 adscribam
3435 2127 3497 2174 et

1879 2233 2082 2297 dicant,
2117 2229 2291 2286 Musio
2323 2227 2462 2297 pleni
2488 2234 2631 2281 sunt.
2664 2224 2827 2279 Stans
2849 2230 3021 2275 autem
3049 2218 3235 2273 Petrus
3264 2232 3381 2270 cunt
3407 2231 3497 2267 un-

1881 2324 2065 2388 decim,
2098 2322 2281 2377 levavit
2308 2335 2480 2374 vocem
2504 2333 2652 2374 suam
2669 2358 2685 2383 ,
2712 2325 2760 2370 et
2810 2315 3051 2386 loquutus
3077 2320 3153 2368 est
3180 2311 3272 2365 eis.
3302 2306 3499 2363 Vidisti

1882 2415 2046 2471 modo
2074 2414 2222 2469 illius
2255 2409 2654 2482 providentiam
2679 2449 2695 2474 ,
2722 2406 2810 2461 hic
2831 2404 2954 2460 vide
2982 2401 3379 2459 fortitudinem.
3407 2397 3503 2453 Et-

1883 2508 2029 2566 enim
2061 2508 2105 2562 si
2137 2504 2547 2561 admirabantur
2572 2500 2685 2565 illi,
2717 2500 2761 2554 si
2794 2497 3106 2570 stupebant,
3132 2507 3316 2550 annon
3343 2507 3501 2562 teque

1882 2597 2188 2656 mirandum
2214 2604 2371 2663 erat,
2401 2593 2679 2649 hominem
2730 2591 3044 2647 illiteratum
3089 2595 3145 2644 et
3189 2586 3411 2641 idiotam
3446 2584 3498 2638 iu

1885 2702 2033 2747 tanta
2062 2687 2412 2745 multitudine
2462 2699 2625 2757 posse
2653 2680 2710 2739 in
2749 2682 2915 2739 verba
2943 2677 3337 2754 prorumperet
3363 2675 3500 2732 Nam

1886 2787 1931 2841 si
1957 2786 2077 2856 quis
2098 2785 2243 2840 inter
2266 2781 2559 2838 familiares
2578 2780 2813 2850 loquens
2843 2776 3110 2841 turbatur,
3135 2773 3306 2831 multo
3330 2771 3503 2841 magis

1889 2878 2033 2933 inter
2058 2875 2306 2931 inimicos
2334 2882 2392 2929 et
2420 2871 2626 2928 cmdem
2673 2870 2946 2940 spirantes
2988 2867 3222 2936 loquens
3254 2862 3497 2920 turbabi~

1887 2978 1997 3024 tur.
2022 2967 2180 3037 Quod
2202 2977 2385 3023 autem
2408 2963 2550 3021 ebrii
2578 2978 2685 3017 non
2703 2970 2914 3026 essent,
2933 2960 3114 3014 statim
3138 2972 3209 3013 ex
3234 2956 3351 3028 ipsa
3375 2969 3507 3009 voce

1885 3062 2203 3128 declaravit,
2228 3059 2483 3131 quodque
2506 3072 2619 3113 non
2647 3070 2799 3111 more
2830 3063 3013 3109 vatum
3059 3051 3243 3107 furore
3264 3047 3508 3119 correpti

1888 3166 2095 3222 essent,
2128 3169 2306 3224 neque
2331 3155 2381 3209 vi
2407 3152 2638 3224 quadam
2667 3150 3062 3206 detinerentur.
3091 3144 3229 3216 Quid
3258 3142 3362 3201 sibi
3390 3141 3506 3197 vult

1890 3247 2047 3315 illud,
2074 3246 2203 3302 Cum
2234 3244 2514 3300 undecim?
2539 3241 2900 3298 Communem
2928 3236 3250 3294 emittebant
3276 3249 3465 3289 vocem
3485 3273 3502 3297 .

1890 3349 1945 3395 et
1975 3340 2093 3409 ipse
2113 3354 2176 3394 os
2202 3335 2445 3392 omnium
2472 3344 2612 3391 erat.
2645 3330 2877 3388 Adstaut
2898 3344 3030 3386 vero
3054 3327 3329 3392 undecim,
3356 3324 3505 3381 dicta

1891 3431 2207 3487 testimonio
2258 3443 2361 3485 suo
2386 3427 2795 3483 continuantes.
2846 3422 3055 3478 Levavit
3104 3437 3278 3475 vocem
3319 3434 3508 3487 suam,

1892 3522 2102 3594 inquit,
2136 3520 2242 3577 hoc
2271 3529 2391 3586 est,
2423 3533 2618 3590 magna
2645 3532 2769 3573 cum
2796 3514 2991 3571 ﬁducia
3019 3514 3369 3584 loquebatur.

1966 3612 2156 3667 Petrus
2184 3629 2338 3683 quant
2365 3620 2612 3665 mutatus.
2638 3638 2711 3650 -—-
2740 3608 2855 3664 Hoc
2883 3616 3065 3663 autem
3116 3606 3264 3670 facit,
3297 3614 3356 3660 ut
3380 3603 3504 3675 Spi-

1895 3704 2030 3760 ritus
2076 3704 2305 3774 gratiam
2353 3700 2685 3758 ediscerent.
2730 3699 2779 3754 ls
2817 3698 2964 3755 enim
3010 3696 3102 3769 qui
3141 3697 3263 3751 vilis
3309 3694 3508 3767 puella

1897 3795 2378 3865 interrogationem
2425 3809 2533 3850 non
2566 3792 2798 3857 tulerat,
2822 3790 2935 3862 jam
2967 3790 3021 3845 in
3064 3788 3246 3845 medio
3275 3787 3509 3859 populo-

1895 3904 2038 3953 rum,
2066 3886 2156 3957 qui
2181 3899 2374 3940 omnes
2397 3884 2603 3940 caedem
2632 3883 2941 3954 spirabant,
2967 3896 3091 3937 cum
3122 3888 3267 3937 tanta
3290 3879 3517 3935 disserit

1895 3978 2112 4044 ﬁducia,
2150 3986 2208 4032 ut
2235 3986 2384 4032 esset
2416 3975 2549 4030 illud
2595 3974 2958 4029 indubitatum
2989 3972 3409 4029 resurrectionis
3439 3972 3516 4026 si-

1892 4085 2107 4143 gnum:
2142 4084 2266 4124 nam
2315 4069 2457 4124 inter
2505 4067 2747 4123 ridentes
2798 4067 3048 4122 homines
3092 4075 3149 4122 et
3201 4066 3293 4120 tali
3349 4062 3519 4118 modo

1895 4163 2302 4217 subsannantes
2330 4175 2453 4216 cum
2506 4160 2759 4217 libertate
2807 4159 3069 4230 loquitur.
3100 4158 3329 4226 Quanta:
3355 4165 3516 4231 putas

1896 4254 2230 4324 petulantiae,
2266 4264 2484 4324 quanta:
2514 4252 2812 4324 impietatis
2836 4295 2851 4321 ,
2883 4263 3101 4323 quanta:
3129 4252 3517 4324 impudentiae,

1895 4345 2222 4416 stupendum
2246 4344 2377 4402 illud
2404 4346 2709 4417 linguarum
2734 4346 2935 4402 donum
2957 4344 3209 4402 ebrietati
3237 4345 3517 4403 adscribe-

1898 4440 2001 4496 re?
2026 4438 2137 4496 Sed
2168 4439 2304 4494 nihil
2331 4439 2434 4495 hoc
2465 4440 2744 4511 apostolos
2775 4440 3045 4506 turbavit,
3080 4454 3258 4509 neque
3288 4438 3521 4495 timidio-

1895 4545 1987 4587 res
2015 4544 2081 4586 ex
2110 4530 2204 4585 tali
2231 4530 2346 4586 risu
2400 4530 2528 4586 facti
2552 4539 2703 4586 sunt.
2732 4529 2865 4585 Nam
2894 4545 2958 4585 ex
3003 4528 3241 4584 adventu
3283 4529 3520 4599 Spiritus

1898 4622 2055 4694 quasi
2106 4621 2515 4683 transformati.
2558 4621 2847 4692 corporeis
2894 4622 3152 4678 omnibus
3202 4621 3518 4692 superiores

1895 4723 2076 4771 erant.
2107 4712 2164 4769 Si
2193 4726 2330 4783 quos
2357 4714 2503 4768 enim
2531 4713 2690 4768 adeat
2718 4710 2982 4783 Spiritus,
3031 4727 3230 4768 aureos
3258 4728 3324 4770 ex
3356 4712 3521 4767 luteis

1895 4805 2086 4861 efficit.
2116 4804 2235 4860 Jam
2266 4803 2398 4860 mihi
2424 4805 2643 4861 Petrum
2673 4806 2961 4861 considera
2984 4847 2999 4873 ,
3030 4814 3089 4862 et
3132 4805 3357 4876 esplora
3384 4805 3520 4861 mihi

1901 4898 2161 4958 timidum
2183 4899 2333 4954 illum
2362 4941 2376 4965 ,
2396 4908 2465 4967 et
2493 4899 2872 4971 insipientem;
2904 4911 2963 4955 ut
2985 4901 3062 4956 ait
3089 4899 3342 4956 Christus
3372 4917 3386 4955 :
3419 4900 3523 4956 Ad-

1903 4994 2003 5047 Ituc
2034 5002 2080 5047 et
2110 5009 2196 5048 vos
2224 4993 2521 5065 insipientes
2566 4995 2687 5049 estis
2728 4993 2966 5063 (Matth.
2998 4995 3086 5051 l5.
3119 4994 3245 5066 16);
3275 4995 3367 5066 qui
3396 5009 3495 5065 pos
3515 5004 3537 5048 t

1902 5086 2300 5143 confessionem
2356 5087 2499 5142 illam
2549 5088 2889 5155 mirabilem,
2941 5097 3095 5144 satan
3142 5087 3369 5146 voca'tus
3419 5086 3533 5146 fult

1905 5179 2017 5254 (Id.
2069 5180 2155 5236 16.
2178 5178 2295 5252 2'5).
2328 5181 2610 5253 Perpende
2652 5183 2782 5239 item
2812 5185 2828 5215 ι
2860 5184 3234 5255 apostolOrum
3274 5199 3515 5241 concor-

1904 5272 2071 5335 diam,
2103 5272 2380 5343 quomodo
2412 5274 2574 5329 Petm
2602 5275 2871 5331 cesserint
2896 5277 3255 5331 coneionandi
3285 5277 3471 5332 ofﬁcio
3504 5295 3519 5332 :

1904 5379 2081 5434 neque
2104 5365 2252 5419 enim
2282 5366 2571 5436 oportebat
2598 5382 2789 5423 omnes
2816 5368 2979 5427 simul
2997 5369 3166 5439 loqui.
3202 5368 3269 5423 Et
3302 5370 3521 5439 levavit,

1904 5457 2116 5528 inquit,
2149 5474 2320 5513 vacem
2357 5476 2532 5527 suam,
2564 5469 2618 5515 et
2646 5477 2837 5533 magna
2864 5478 2985 5518 cum
3032 5463 3224 5517 fiducia
3270 5465 3524 5536 loquutus

1965 5616 1995 5686 ,ξ
2018 5613 2097 5686 ,ιε
2144 5629 2254 5686 uno
2294 5619 2404 5686 eod.
2462 5620 2534 5668 sic
2582 5618 2797 5686 effertur
2825 5618 2915 5686 _hic
2957 5619 3271 5686 loeus.....‘et
3316 5619 3525 5686 ea'plora

1905 5675 2029 5747 mihi
2051 5675 2274 5747 timidum
2290 5678 2451 5747 illum,
2475 5688 2521 5730 et
2541 5681 2669 5747 adeo
2694 5680 2919 5747 timidum
2942 5690 2993 5732 ut
3009 5675 3396 5747 negmult'ercula'
3418 5683 3526 5745 qni-

1910 5739 2479 5815 Wt‘ﬂ‘ertotalisnsm
2521 5745 2653 5815 terre
2680 5743 2924 5815 ,ροίξιενίτν
2952 5745 3113 5815 mli;
3157 5744 3367 5815 ευςιεετίε
3392 5739 3523 5807 μέλει⁸

1906 5813 2057 5862 quam
2078 5802 2290 5869 primum
2312 5809 2358 5851 et
2381 5802 2650 5856 abundanti
2674 5802 2930 5870 largitione
2950 5802 3158 5871 Spiritus
3190 5802 3401 5859 donatus
3420 5816 3519 5864 es.

1909 5864 2163 5921 Perpende
2191 5873 2321 5921 ιιιίη,
2350 5874 2445 5916 etc.

1954 5874 2163 5930 emendo
2191 5874 2321 5926 ilt’ltt,
2350 5874 2445 5916 etc.
