4074 6302
650 303 717 364 49
1336 300 1393 355 S.
1432 296 1716 355 JOANNIS
1752 288 2234 350 CHRYSOSTOMI
2272 289 2592 348 ARCHIEP.
2631 287 3174 348 CONSTANTINOP.

646 422 739 473 καὶ
766 420 947 483 ἀνοίας
980 419 1172 490 μεστά,
1210 418 1310 471 οὑκ
1351 418 1628 487 ἐνοήσατε,
1654 414 1803 483 φασί.
1834 410 1983 482 Μηδὲ
2010 410 2215 483 νοήσω-

651 503 749 569 μέν
783 520 911 555 ποτε
945 503 1036 556 τὸν
1055 501 1307 555 τοσοῦτον
1336 512 1361 539 α
1394 500 1422 552 ὑ
1433 499 1548 568 μῶν
1579 498 1810 566 γέλωτα.
1863 495 2071 563 Σφόδρα
2115 511 2177 562 γε
2198 509 2211 523 ·

644 585 704 635 οὑ
737 586 844 655 γὰρ
878 587 1074 656 φρενὸς
1106 581 1327 655 βαθείας
1358 582 1455 645 δεῖ,
1504 582 1588 633 ῖνα
1623 579 1905 649 μάθωμεν,
1938 578 1990 631 τί
2029 577 2215 645 βούλε-

644 684 732 720 ται
770 671 801 736 ἠ
838 668 1070 733 τοσαύτη
1117 668 1339 721 ἀσέϐεια
1370 668 1463 718 καὶ
1496 664 1775 734 σύγχυσις.
1812 663 1902 731 Μὴ
1933 662 2215 731 κορακιστὶ

648 750 971 819 φθέγγεσθε,
1024 745 1067 803 ὧ
1118 750 1353 819 ἀνόητοι,
1389 748 1636 816 καθάπερ
1667 746 1733 799 τὰ
1767 745 1985 803 παιδία;
2021 744 2215 807 Παῖδες

649 833 757 903 7&9
786 833 954 895 ὅντως
992 834 1134 894 ἐστὲ,
1172 832 1419 901 καθάπερ
1462 832 1665 882 ἐκεῖνα.
1701 828 1859 881 Ἀλλά
1892 827 2095 897 Πέτρος
2128 827 2217 879 οὑ-

648 918 736 969 δέν
762 917 1001 969 τοιοῦτον
1032 916 1251 984 ἔφησενο
1295 914 1411 966 ἀλλ’
1443 913 1619 982 ἀφῆκε
1669 910 1870 981 φωνὴν,
1902 910 1936 981 ἢ
1966 910 2215 982 καθάπερ

648 1002 707 1051 ἐν
738 998 912 1067 σκότῳ
941 998 1048 1049 τινὶ
1074 997 1189 1065 φῶς
1224 996 1593 1066 ἀπολάμψασα
1633 994 1660 1034 δ
1705 994 1868 1063 μέγα,
1919 992 2017 1063 την
2048 994 2217 1063 ἀχλὺν

645 1080 955 1133 διεσκέδασε
977 1081 1074 1149 τῆς
1094 1080 1438 1150 οἰκουμένης.
1477 1076 1635 1129 Ἀλλά
1662 1076 1722 1129 τὸ
1749 1072 1881 1147 ἦθος
1910 1075 2074 1129 αὑτοῦ
2102 1078 2217 1140 πῶς

645 1164 851 1233 ἥμερον
876 1157 962 1233 ἦν,
992 1162 1108 1225 πῶς
1133 1162 1402 1224 ἐπιεικέςο
1435 1160 1550 1224 πῶς
1573 1161 1753 1230 πάσης
1776 1160 2029 1229 ἀνωτέρω
2061 1158 2217 1228 δόξης

648 1246 832 1299 ἵστατο
880 1246 1076 1315 κενῆς·
1130 1245 1247 1309 πῶς
1301 1246 1379 1308 εἰς
1411 1244 1501 1297 τὸν
1543 1244 1767 1316 οὐρανὸν
1820 1242 1965 1314 ἐώρα
2016 1242 2216 1312 ἄτυφος

645 1323 742 1392 ὢν,
788 1330 883 1382 καὶ
931 1330 1101 1382 ταῦτα
1147 1329 1373 1398 νεκροὺς
1422 1328 1669 1381 ἀνιστῶν.
1726 1328 1787 1378 Εἰ
1838 1327 1893 1379 δὲ
1944 1326 2217 1394 ἐξεγένετο

646 1412 868 1464 ἐκείνων
898 1410 1002 1465 τινὶ
1034 1409 1141 1463 τῶν
1172 1410 1285 1483 [40]
1338 1413 1595 1479 ἀνοήτων,
1633 1410 1906 1479 φαντασίᾳ
1932 1408 2062 1477 γοῦν
2108 1426 2217 1461 τοι-

644 1491 801 1545 οῦτόν
829 1512 877 1546 τι
908 1493 1258 1563 ἐργάζεσθαι,
1291 1489 1379 1563 ἆρ’
1410 1494 1509 1545 οὑκ
1554 1492 1619 1544 ἃν
1647 1492 1847 1553 εὐθέως
1876 1491 2057 1561 βωμὸν
2086 1490 2215 1561 ἐζή-

645 1591 775 1645 τησε
806 1577 899 1629 καὶ
926 1578 1072 1640 ναὸν,
1102 1576 1196 1628 καὶ
1229 1576 1428 1638 ἰσόθεός
1457 1593 1541 1639 τις
1570 1570 1711 1630 εἶναι
1740 1575 2036 1645 ⁴ηθέλησεν;
2080 1576 2214 1628 ὅπου

645 1674 707 1727 γε
739 1658 947 1721 οὐδενὸς
978 1661 1178 1713 τούτων
1205 1660 1355 1723 ὄντος
1384 1659 1609 1713 τοιαῦτα
1646 1658 2000 1728 φαντάζονται
2025 1660 2132 1713 ἀεί.
2151 1659 2217 1711 Τί

644 1743 753 1812 γάρ
776 1734 1020 1808 βούλεται
1046 1744 1228 1804 αὑτοῖς
1242 1742 1463 1813 Ἀθηνᾶ,
1488 1741 1580 1795 καὶ
1612 1741 1900 1804 Ἀπόλλων,
1932 1742 2026 1795 καὶ
2048 1743 2216 1809 Ἤρας

643 1825 779 1895 Γένη
818 1829 945 1897 παρ’
974 1828 1155 1887 αὐτοῖς
1187 1826 1303 1877 ἐστι
1332 1825 1621 1893 δαιμόνων.
1654 1826 1762 1878 Kal
1808 1824 2058 1894 βασιλεύς
2102 1827 2219 1878 ἐστι

643 1910 773 1979 παρ’
809 1909 990 1970 αὐτοῖς
1020 1909 1106 1961 διὰ
1137 1907 1294 1961 τοῦτο
1336 1908 1502 1973 ἀξιῶν
1547 1908 1860 1969 ἀποθανεῖν,
1895 1909 1979 1961 ἴνα
2014 1907 2219 1972 ἰσόθεος

642 1992 935 2059 νομίζοιτο.
972 1992 1109 2043 Ἀλλ’
1155 1984 1301 2043 οὗτοι
1345 1991 1443 2060 οὐχ
1490 1990 1683 2053 οὕτως,
1713 1988 1849 2044 ἀλλά
1892 1991 2218 2044 τούναντίον.

649 2076 847 2128 Ἀκουε
877 2074 985 2143 γάρ
1027 2072 1207 2127 αὐτῶν
1237 2072 1505 2141 λεγόντων
1544 2073 1635 2125 ἐπὶ
1662 2073 1757 2142 τῆς
1791 2072 2086 2143 θεραπείας
2125 2072 2217 2125 τοῦ

642 2155 837 2226 χωλοῦ·
888 2156 1126 2224 Ἄνδρες
1174 2155 1547 2224 Ἰσραηλῖται,
1597 2158 1655 2209 τί
1696 2156 1837 2225 ἡμῖν
1868 2157 2214 2226 προσέχετε,

705 2352 853 2417 θΔΙίίγ
892 2354 986 2417 τὸν
1009 2353 1272 2417 τοιοῦτονᾏ
1334 2352 1364 2392 δ
1402 2356 1472 2405 lla
1514 2367 1605 2402 ms.
1638 2366 1789 2413 unus;
1834 2352 2002 2404 Ποιηίέ
2045 2355 2223 2417 φωνὴν,

643 2416 740 2463 καὶ.
751 2452 759 2460 .
772 2452 800 2463 ..
836 2416 1211 2478 ἀπολάμψασαν.
1235 2415 1374 2466 Enn.

3804 281 3891 342 ω

2320 412 2401 478 ὡς
2429 413 2548 478 ἰδίᾳ
2575 411 2823 480 δυνάμει
2854 412 2885 479 ἢ
2914 411 3186 477 εὐσεϐείᾳ
3217 408 3574 473 πεποιηκόσι
3610 404 3713 459 τοῦ
3740 422 3896 473 περι-

2322 496 2531 548 πατεῖν
2559 497 2779 559 αὐτόν;
2831 496 2937 547 Καὶ
2971 494 3201 563 ἀλλαχοῦ
3224 509 3237 522 ·
3280 490 3385 545 Καὶ
3425 492 3442 509 ¹
3488 488 3656 556 ἡμεῖς
3695 492 3893 553 ὁμοιο-

2322 577 2528 643 παθεῖς
2568 577 2710 645 ὑμῖν
2759 578 2946 646 ἐσμεν
2991 573 3305 643 ἅνθρωποι.
3345 572 3491 626 Ἐκεῖ
3544 571 3599 624 δὲ
3654 571 3819 632 πολὺς
3867 570 3896 621 ό

2322 660 2507 727 τῦφος,
2542 661 2707 731 πολλὴ
2736 662 2768 731 ή
2792 660 3077 726 ἀλαζονεία
3096 680 3107 692 ·
3142 662 3319 713 πάντα
3354 661 3442 713 διὰ
3470 660 3565 721 τάς
3608 658 3755 727 παρά
3782 654 3893 707 τῶν

2320 744 2620 815 ἀνθρώπων
2666 746 2851 815 τιμάς,
2898 746 3049 798 οὐδὲν
3097 744 3413 814 φιλοσοφίας
3465 743 3668 795 ἕνεκεν.
3723 740 3895 791 Ὀταν

2322 828 2430 901 γάρ
2485 847 2537 881 τι
2576 830 2662 882 διά
2697 830 2851 894 δόξαν
2890 830 3127 898 γίνηται,
3169 829 3343 882 πάντα
3397 828 3649 897 μένουσιν
3677 822 3895 891 εὐτελῆ.

2323 912 2444 965 Κάν
2474 913 2581 983 γάρ
2614 914 2788 966 πάντα
2819 931 2903 977 τις
2927 913 3045 985 ἔχῃ,
3077 913 3265 965 τούτου
3295 911 3350 964 δὲ
3388 911 3462 981 μὴ
3490 911 3686 978 κρατῇ,
3715 905 3898 974 πάσης

2325 998 2639 1066 φιλοσοφίας
2660 998 2903 1063 ἐξέπεσε,
2927 999 3006 1068 τῷ
3030 996 3477 1067 τυραννικωτέρῳ
3505 990 3897 1061 κατεχόμενος,

2324 1080 2417 1132 καὶ
2449 1082 2786 1152 αἰσχροτέρῳ
2837 1081 3020 1134 πάθει.
3079 1080 3293 1149 Ταύτης
3339 1080 3372 1147 η
3414 1074 3683 1146 ὑπεροψία
3716 1071 3899 1128 πάντα

2322 1162 2528 1226 διδάξαι
2564 1164 2633 1214 τά
2654 1163 2832 1231 ἁγαθά
2863 1163 3039 1235 ἰκανὴ,
3064 1163 3157 1215 καὶ
3182 1163 3280 1231 τῆς
3308 1160 3487 1231 ψυχῆς
3515 1158 3754 1229 ἐξορίσαι
3784 1156 3900 1208 πᾶν

2324 1245 2493 1329 πάθος
2516 1245 2776 1329 ὀλέθριον.
2814 1247 2912 1329 Διὸς
2934 1264 3007 1299 πα
3018 1246 3183 1329 ραινῷ
3207 1247 3317 1329 καὶ,
3336 1242 3699 1329 ὑμίν-πολλὴν
3719 1242 3900 1329 Δοιιιοιξῖ-

2324 1326 2449 1380 σθαι
2477 1328 2575 1397 τὴν
2606 1327 2861 1399 σπουδὴν,
2891 1321 3032 1383 ὥστέ
3078 1328 3235 1382 τοῦτο
3276 1328 3336 1381 τὸ
3384 1326 3555 1388 πάθος
3597 1321 3901 1397 πρόρριζον

2322 1410 2545 1475 ἐξελεῖν·
2573 1412 2632 1464 οὑ
2678 1411 2787 1483 γὰρ
2816 1413 2962 1465 ἐστιν
3002 1413 3178 1474 ἄλλως
3227 1408 3580 1480 εὐδοκιμῆσαι
3626 1407 3774 1478 παρὰ
3814 1404 3901 1475 τῷ

2323 1495 2461 1567 Θεῷ,
2487 1496 2580 1549 καὶ
2610 1496 2708 1565 τὴν
2751 1496 2900 1566 παρά
2928 1494 3021 1547 τοῦ
3051 1495 3352 1565 ἀκοιμήτου
3376 1492 3584 1547 ἐκείνου
3612 1486 3899 1560 ὀφθαλμοῦ

2324 1579 2535 1634 εῦνοιαν
2566 1580 2989 1633 ἐπισπάσασθαι.
3019 1580 3226 1633 Οὐκοῦν
3256 1582 3433 1633 πᾶσαν
3467 1575 3701 1647 σπουδὴν
3730 1572 3903 1627 ποιώ-

2328 1662 2485 1736 μεθα,
2514 1663 2654 1717 ὥστε
2684 1664 2780 1733 τῆς
2817 1664 3025 1717 ἐκεῖθεν
3069 1665 3214 1733 ἡμᾶς
3250 1663 3423 1735 ῥοπῆς
3455 1658 3770 1722 ἀπολαύειν,
3807 1657 3901 1710 ἵνα

2323 1748 2415 1800 καὶ
2440 1746 2548 1799 τῶν
2580 1748 2859 1816 παρόντων
2892 1747 3151 1816 λυπηρῶν
3182 1746 3532 1815 διαφύγωμεν
3558 1745 3655 1816 τὴν
3678 1744 3898 1812 πεῖραν,

2321 1832 2415 1884 καὶ
2448 1829 2556 1882 τῶν
2590 1830 2891 1899 μελλόντων
2925 1830 3147 1898 ἀγαθῶν
3176 1830 3602 1901 καταξιωθῶμεν
3634 1840 3681 1893 ο,
3713 1827 3902 1897 χάριτι

2322 1913 2415 1967 καὶ
2453 1912 2833 1983 φιλανθρωπίᾳ
2866 1912 2959 1966 τοῦ
2994 1914 3198 1984 Κυρίου
3233 1916 3389 1985 ήμῶν
3423 1912 3597 1983 Ἰησοῦ
3632 1907 3902 1980 Χριστοῦ,

2326 1997 2443 2065 μεθ’
2491 1990 2551 2049 οὗ
2598 1996 2674 2065 τῷ
2724 1998 2898 2067 Ila-:91
2937 1997 3053 2067 ἅμα
3102 1998 3178 2068 τῷ
3228 1998 3366 2067 ἀγίῳ
3420 1997 3699 2065 Πνεύματι
3747 1992 3901 2057 δόξα,

2326 2079 2546 2149 κράτος,
2590 2080 2744 2151 τιμὴ,
2780 2081 2875 2134 νῦν
2904 2084 2999 2135 καὶ
3033 2082 3142 2149 ἀεὶ,
3172 2082 3264 2135 καὶ
3293 2082 3371 2147 εἰς
3404 2082 3527 2145 τοὺς
3561 2079 3760 2141 αἰῶνας
3789 2075 3904 2128 τῶν

2326 2164 2557 2218 αἰώνων.
2600 2165 2653 2218 Ἀ
2665 2166 2793 2235 μήν.

2381 2293 2410 2327 ⁸
2434 2290 2613 2349 Verba,
2653 2291 2733 2338 καὶ
2754 2290 2966 2353 ἀλλαχοῦ
2989 2307 2999 2318 ”
3028 2290 3127 2348 καί,
3150 2304 3261 2351 qua
3283 2289 3343 2340 ab
3394 2289 3596 2339 Erasmo
3617 2291 3745 2339 lecla
3788 2289 3908 2339 fue-

2325 2359 2457 2410 rant,
2480 2365 2542 2399 ex
2568 2360 2669 2399 ‘uno
2692 2354 2861 2400 codice
2892 2354 3248 2401 remeavimus.
3303 2353 3443 2402 Enrr.

2392 2416 2415 2444 °
2464 2414 2565 2465 Αιιι
2618 2414 2905 2475 ἀξιωθῶμεν.

3692 2561 3892 2582 ἡ

2146 2670 2387 2725 ΟΜῘΛΙΑ
2429 2671 2504 2725 Ε’.

646 2780 886 2849 Ἄνδρες
925 2780 1208 2843 Ἰουδαῖοι,
1246 2779 1344 2833 καί
1374 2782 1428 2834 οί
1476 2780 1894 2845 κατοικοῦντες
1928 2780 2215 2847 Ἰερουσαο

713 2854 837 2919 λὴμ
890 2850 1171 2914 ἅπαντες,
1216 2850 1391 2903 τοῦτο
1420 2851 1563 2919 ὑμῖν
1586 2852 1859 2918 γνωστὸν
1889 2852 2067 2917 ἔστω,
2114 2850 2212 2903 καί

714 2922 1080 2974 ἐνωτίσασθε
1112 2922 1181 2973 τὰ
1205 2919 1444 2987 ῥήματά
1476 2938 1617 2988 μου.

715 3024 784 3077 α’.
798 3023 904 3086 Οὓς
922 3022 1103 3087 ξένους
1120 3017 1271 3074 εἶπεν
1285 3022 1562 3091 ἀνωτέρω,
1578 3021 1811 3075 ἐνταῦθα
1824 3023 1961 3093 πρὸς
1976 3022 2216 3087 ἐκείνους

641 3106 913 3159 ἀποτείνει
941 3104 1031 3156 τὸν
1068 3104 1243 3171 λόγον·
1275 3102 1369 3156 καὶ
1406 3103 1554 3156 δοκεῖ
1584 3104 1683 3173 μὲν
1713 3103 1940 3167 ἐκείνοις
1972 3105 2217 3173 διαλέγε-

638 3190 785 3251 σθαι,
816 3188 967 3260 ὀρθοῖ
1004 3188 1060 3240 δέ
1089 3190 1213 3251 τοὺς
1242 3186 1714 3257 διαχλευάζοντας.
1746 3189 1853 3241 Kal
1877 3188 1986 3259 7&9
2014 3189 2215 3258 ᾠκονο-

642 3272 789 3342 μήθη
818 3271 969 3334 τινὰς
1000 3270 1369 3339 διαχλευάσαι,
1422 3271 1508 3323 ἵνα
1558 3270 1730 3341 ἀρχὴν
1775 3271 1875 3340 τῆς
1920 3272 2215 3339 ἀπολογίας

638 3352 800 3425 λάϐῃ,
842 3355 939 3407 καὶ
976 3352 1409 3420 ἀπολογούμενος
1458 3352 1664 3424 διδάξῃ.
1711 3354 1868 3421 Μέγα
1899 3354 2004 3422 ἀρα
2036 3353 2211 3422 ἐγκώ-

639 3457 765 3509 μιον
794 3437 1040 3509 ἡγοῦντο,
1074 3438 1166 3489 καὶ
1210 3436 1272 3488 τὺ
1303 3437 1360 3488 ἐν
1393 3435 1779 3507 Ἱεροσολύμοις
1814 3440 1999 3493 οἰκεῖν.
2035 3438 2213 3493 Τοῦτο

637 3523 802 3592 ὑμῖν,
840 3523 993 3591 φησί,
1034 3518 1307 3588 γνωστὸν
1344 3519 1521 3583 ἔστω,
1572 3519 1670 3573 καὶ
1720 3520 2088 3574 ἐνωτίσασθε
2142 3521 2214 3575 τὰ

628 3604 867 3677 ῥήματά
878 3621 1017 3672 μου.
1046 3603 1592 3673 Προσεκτικωτέρους
1615 3601 1751 3665 τέως
1780 3603 1976 3665 αὐτοὺς
1998 3606 2139 3656 ποιεῖ
2159 3616 2207 3659 ι.

638 3685 774 3742 Εἶτα
811 3689 910 3740 καὶ
944 3685 1317 3753 ἀπολογεῖται.
1348 3686 1428 3738 Οὐ
1468 3685 1598 3754 γὰρ,
1628 3685 1704 3751 ὡς
1734 3684 1903 3753 ὑμεῖς
1936 3688 2210 3755 ὑπολαμ-

638 3770 867 3833 ϐάνετε,
918 3764 1084 3823 οὗτοι
1129 3768 1485 3836 μεθύουσιν.
1543 3768 1703 3837 Ὀρᾷς
1746 3766 1843 3836 τὴν
1890 3767 2208 3836 ἀπολογίαν,

636 3855 755 3917 πῶς
801 3854 1116 3925 προσηνής;
1164 3852 1356 3904 Καίτοι
1397 3851 1460 3904 τὸ
1513 3851 1673 3903 πλέον
1721 3849 1858 3919 ἔχων
1892 3850 1983 3904 τοῦ
2034 3851 2207 3923 δήμου

570 3988 573 3997 ,
636 3937 757 4009 μεθ’
793 3936 1010 3999 ἐαυτοῦ,
1042 3936 1440 4005 ἐπιεικέστερον
1469 3934 1618 4003 ὅμως
1653 3934 1834 3994 αὑτοῖς
1865 3933 2204 4003 διαλέγεται·

634 4022 731 4075 καὶ
763 4021 1027 4091 πρότερον
1053 4020 1266 4089 ἀναιρεῖ
1292 4018 1387 4088 τὴν
1418 4016 1654 4085 ὑποψίαν
1681 4015 1779 4085 τὴν
1815 4016 2074 4086 πονηρὰν,
2114 4018 2208 4070 καὶ

634 4106 753 4157 τότε
792 4104 1005 4172 ἐκείνην
1036 4103 1236 4172 ἵστησι.
1282 4102 1371 4153 Διὸ
1410 4102 1505 4153 καὶ
1541 4101 1640 4153 οὑκ
1668 4096 1841 4163 εἶπεν,
1884 4101 1958 4153 Οὑ
1999 4102 2105 4171 γὰρ
2138 4101 2211 4164 ὡς

637 4186 793 4253 ὑμεῖς
825 4185 1132 4255 χλευάζετε,
1168 4182 1317 4247 οὗτε,
1376 4183 1464 4245 Ὠς
1497 4182 1651 4253 ὑμεῖς
1676 4183 1891 4251 γελᾶτε,
1932 4183 2069 4247 ἀλλ’,
2112 4183 2206 4249 Ὠς

633 4266 1105 4334 ὑπολαμϐάνετε,
1139 4266 1461 4335 βουλόμενος
1493 4266 1594 4318 οὑκ
1638 4264 1888 4335 ἐπίτηδες
1928 4264 2085 4318 τοῦτο
2124 4266 2210 4318 λέ-

634 4367 830 4417 γοντας
852 4350 1042 4415 δεῖξαι,
1082 4348 1216 4401 ἀλλά
1247 4347 1381 4411 τέως
1408 4338 1594 4410 αὐτοῖς
1637 4348 1940 4417 περιθεῖναι
1986 4349 2209 4416 ἀγνοίας

636 4432 838 4502 μᾶλλον
912 4433 944 4501 ἢ
988 4430 1320 4499 κακουργίας
1360 4429 1630 4501 ἔγκλημα.
1674 4424 1789 4503 [41]
1838 4432 1922 4484 Οὐ
1968 4431 2097 4499 γὰρ,
2127 4432 2208 4499 ὡς

632 4514 799 4581 ὑμεῖς
837 4513 1307 4581 ὑπολαμϐάνετε,
1334 4508 1503 4567 οὗτοι
1535 4514 1885 4581 μεθύουσιν
1934 4512 2066 4566 ἐστι
2096 4516 2205 4583 γὰρ

632 4596 751 4663 ὥρα
801 4599 961 4663 τρίτη
1002 4595 1111 4663 τῆς
1152 4594 1395 4664 ἡμέρας.
1436 4596 1543 4647 Kal
1582 4596 1635 4647 τί
1683 4613 1815 4667 φησι
1865 4596 2063 4663 τοῦτο;
2106 4598 2208 4651 οὑκ

631 4678 711 4731 ενι
753 4681 846 4731 καὶ
896 4682 953 4731 ἐν
1000 4683 1065 4749 τῇ
1105 4680 1264 4751 τρίτῃ
1313 4678 1433 4749 ὥρᾳ
1484 4678 1739 4748 μεθύειν;
1774 4681 1914 4741 Ἐνι,
1961 4680 2075 4733 ἀλλ’
2109 4682 2209 4734 οὑκ

628 4760 653 4811 ἐ
677 4778 763 4829 ῖτη
794 4762 928 4831 πρὸς
958 4761 1113 4813 τοῦτο
1161 4763 1252 4814 ἐπὶ
1281 4762 1441 4814 πολύ·
1476 4761 1598 4814 οὑδέ
1630 4760 1740 4831 γάρ
1774 4761 1801 4801 δ
1835 4762 2009 4825 οὕτως
2035 4759 2203 4833 εἰχον,

631 4844 705 4903 ὡς
760 4842 1205 4913 διαχλευάζοντες
1249 4844 1405 4896 αὐτοὶ
1442 4843 1648 4911 ελεγον.
1703 4843 1910 4897 Οὐκοῦν
1956 4845 2205 4901 ἐντεῦθεν

634 4926 997 4996 μανθάνομεν,
1027 4929 1105 4980 ὅτι
1138 4926 1273 4997 πρὸς
1304 4926 1371 4980 τά
1420 4928 1494 4997 μὴ
1527 4929 1798 4993 ἀναγκαῖα
1826 4928 1887 4981 οὑ
1925 4929 2007 4981 δεῖ
2040 4930 2206 4983 πολὺν

630 5009 940 5061 ἀναλίσκειν
966 5010 1144 5077 λόγον.
1177 5009 1388 5073 Ἄλλως
1415 5010 1469 5062 δὲ
1498 5010 1591 5062 καὶ
1624 5010 1691 5062 τά
1730 5011 2044 5081 ἐπαγόμενα
2083 5011 2206 5065 τού-

629 5106 722 5141 του
757 5093 871 5143 ἐστὶ
900 5092 1217 5145 συστατικάο
1255 5093 1349 5145 καὶ
1382 5092 1565 5144 λοιπὸν
1592 5096 1745 5163 κοινῇ
1778 5094 1913 5164 πρὸς
1942 5094 2149 5158 πάντας
2178 5099 2206 5149 ό

627 5172 783 5242 λόγος
810 5176 1037 5242 γίνεται.
1072 5176 1257 5229 Ἀλλὰ
1292 5176 1469 5229 τοῦτό
1499 5176 1629 5229 ἐστι
1666 5178 1729 5230 τό
1764 5176 2078 5246 είρημένον
2107 5180 2206 5233 διὰ

630 5260 736 5312 τοῦ
764 5259 1072 5329 προφήτου
1106 5260 1289 5325 Ἰωήλο
1319 5260 1425 5312 Καὶ
1451 5260 1621 5313 ἔσται
1650 5262 1719 5313 ἐν
1744 5263 1876 5326 ταῖς
1912 5262 2203 5331 ἐσχάταις

632 5341 895 5409 ἡμέραις,
930 5344 1092 5410 λέγει
1132 5343 1342 5409 Κύριος
1383 5345 1416 5395 ό
1453 5344 1612 5407 Θεὸς.
1646 5344 1895 5413 Οὑδαμοῦ
1926 5345 2062 5409 τέως
2090 5346 2205 5399 ὅνο-

629 5442 710 5494 μα
746 5424 839 5476 τοῦ
877 5426 1134 5492 Χριστοῦ,
1166 5427 1284 5479 οὑδὲ
1328 5427 1359 5496 ὴ
1411 5426 1730 5494 ἐπαγγελία,
1773 5429 1936 5482 αὑτοῦ
1969 5432 2204 5499 ἐπαγγε-

626 5510 741 5571 λία,
780 5508 917 5561 ἀλλά
957 5508 1050 5561 τοῦ
1090 5511 1322 5581 Πατρός.
1373 5512 1515 5581 Ὅρα
1561 5510 1795 5567 σύνεσιν.
1834 5515 1908 5566 Οὑ
1960 5515 2202 5585 παρῆλθε

627 5594 720 5645 καὶ
754 5589 905 5647 εἶπεν
940 5592 1139 5656 εὑθέως
1168 5595 1236 5646 τά
1268 5595 1409 5647 κατά
1439 5595 1529 5646 τὸν
1574 5594 1828 5665 Χριστὸν,
1875 5598 1955 5649 ὅτι
1997 5599 2203 5663 ἐκεῖνος

630 5675 995 5745 ἐπηγγείλατο
1024 5675 1195 5728 ταῦτα
1232 5678 1370 5747 μετὰ
1398 5677 1458 5729 τὸ
1493 5679 1905 5748 σταυρωθῆναι*
1941 5676 1975 5750 ἦ
2004 5682 2110 5751 γὰρ
2136 5681 2201 5736 ἂν

689 5802 714 5829 ⁸
740 5800 877 5849 Alius
911 5800 1079 5856 αὐτοὺς
1101 5802 1340 5857 ἐποίησεν.

686 5864 721 5903 δ
748 5861 886 5913 Alius
904 5864 1019 5926 πρὸς
1039 5860 1182 5913 τοῦτο
1222 5864 1442 5927 ἀκριϐῶς⁹
1477 5864 1582 5913 οὐδὲ
1618 5866 1718 5927 γαρ.

2322 2783 2502 2834 πάντα
2554 2782 2847 2855 ἀνέτρεψεν
2890 2783 3063 2847 οὑτως
3102 2786 3291 2839 εἰπών.
3339 2785 3449 2839 Kal
3500 2786 3606 2858 μὴν
3640 2788 3800 2843 ίκανά
3829 2785 3913 2863 ἦν

2318 2864 2488 2929 δεῖξαι
2520 2866 2707 2931 αὑτοῦ,
2738 2868 2891 2938 φησί,
2922 2867 3019 2939 τὴν
3056 2869 3303 2940 θεότητα.
3341 2869 3503 2923 Ἀλλά
3534 2872 3909 2943 πιστευόμενα

2322 2947 2402 3017 (τὸ
2423 2949 2479 3002 δὲ
2510 2948 2839 3020 ζητούμενον
2864 2951 2999 3016 τέως
3028 2952 3378 3023 πιστευθῆναι
3405 2948 3515 3024 ῆν),
3555 2954 3629 3024 μὴ
3655 2956 3915 3008 πιστευό-

2324 3050 2462 3101 μενα
2510 3034 2589 3097 δὲ,
2637 3036 2729 3089 καὶ
2775 3037 3209 3107 καταλευσθῆναι
3258 3038 3455 3103 αὐτοὺς
3504 3040 3571 3092 ἂν
3617 3039 3904 3111 ἐποίησεν.

2334 3116 2547 3185 Ἐκχεῶ
2603 3119 2720 3173 ἀπὸ
2782 3123 2888 3175 τοῦ
2958 3123 3303 3191 Πνεύματός
3357 3142 3479 3191 μου
3537 3125 3633 3177 ἐπὶ
3690 3124 3910 3180 πᾶσαν

2320 3202 2537 3271 σάρκα.
2584 3204 2775 3257 Δίδωσι
2808 3207 2899 3259 καὶ
2951 3207 3133 3269 αὐτοῖς
3185 3207 3403 3272 ἐλπίδας
3448 3209 3713 3279 χρηστὰς,
3753 3210 3807 3262 εῖ
3831 3227 3907 3279 γε
3992 3268 3997 3277 ,

2320 3292 2543 3347 θέλοιεν.
2574 3295 2684 3347 Kal
2712 3296 2811 3348 οὑκ
2843 3296 3069 3367 ἀφίησιν
3102 3297 3280 3351 αὐτῶν
3306 3295 3443 3353 εἶναι
3475 3300 3535 3353 τὸ
3568 3300 3907 3373 πλεονέκτη-

2322 3394 2419 3447 μα,
2446 3379 2582 3448 δπερ
2610 3378 2704 3431 καὶ
2737 3379 3034 3449 βασκανίαν
3074 3382 3265 3445 ἐποίει,
3294 3383 3387 3435 κα)⁸
3418 3381 3591 3455 ταύτῃ
3630 3383 3721 3436 τὸν
3764 3384 3907 3452 φθό-

2318 3478 2407 3512 νον
2441 3462 2898 3533 ὑποτεμνόμενος.
2933 3465 3040 3519 Καί
3072 3468 3583 3535 προφητεύσουσι,
3617 3467 3802 3538 φησὶν,
3844 3472 3911 3523 οι

2316 3545 2433 3598 υίοί
2474 3544 2661 3613 ὑμῶν.
2712 3544 2850 3601 Οὔτε
2900 3548 3074 3618 ὑμῶν,
3129 3550 3283 3619 φησὶ,
3337 3550 3672 3621 κατόρθωμα
3715 3549 3902 3617 τοῦτο,

2314 3627 2439 3680 οὔτε
2481 3628 2587 3700 μὴν
2610 3629 2902 3700 ἐγκώμιονο
2938 3634 3017 3695 εἰς
3046 3632 3113 3685 τὰ
3144 3633 3333 3687 παιδία
3360 3633 3433 3686 τὰ
3466 3634 3710 3704 ὑμέτερα
3740 3634 3905 3706 διέϐη

2317 3712 2350 3780 ἡ
2385 3713 2561 3783 χάρις·
2596 3715 2773 3766 αὐτῶν
2804 3716 2951 3779 υἱοὺς
2987 3717 3214 3780 ἑαυτοὺς
3242 3717 3421 3770 καλῶν
3456 3728 3503 3779 ε,
3531 3718 3622 3771 καὶ
3652 3718 3908 3789 πατέρας

2318 3796 2581 3859 ἐκείνους.
2617 3799 2725 3851 Kal
2765 3800 2819 3851 οἱ
2853 3800 3163 3853 νεανίσκοι
3216 3798 3385 3868 ὑμῶν
3430 3799 3673 3865 ὁράσεις
3718 3800 3909 3868 ὀψον-

2315 3896 2429 3941 ται,
2456 3880 2554 3933 καί
2593 3882 2647 3933 οἱ
2692 3884 3083 3950 πρεσϐύτεροι
3116 3883 3282 3952 ὑμῶν
3317 3884 3574 3937 ἐνύπνια
3608 3885 3906 3939 ἐνυπνια-

2314 3961 2669 4027 σθήσονταιθ
2696 3965 2799 4017 καί
2821 3981 2886 4033 γε
2917 3966 3015 4018 ἐπὶ
3051 3966 3192 4030 τοὺς
3223 3966 3483 4032 δούλους
3506 3984 3624 4036 μου
3663 3968 3757 4021 καὶ
3792 3970 3901 4023 ἐπὶ

2312 4045 2419 4109 τὰς
2452 4044 2675 4111 δούλας
2706 4063 2824 4114 μου
2856 4048 2926 4101 ἐν
2966 4047 3089 4111 ταῖς
3118 4048 3361 4117 ἡμέραις
3401 4050 3657 4115 ἐκείναις
3700 4050 3903 4118 ἐκχεῶ

2312 4128 2428 4181 ἀπὸ
2481 4128 2586 4181 τοῦ
2631 4131 2975 4197 Πνεύματός
3016 4150 3158 4200 μου,
3217 4134 3313 4186 καὶ
3370 4135 3895 4202 προφητεύσουσι.

2312 4211 2463 4272 Τέως
2499 4210 2771 4263 δείκνυσιν
2815 4214 3013 4278 αὑτοὺς
3066 4215 3515 4286 εὑδοκιμηκότας,
3574 4218 3904 4288 Πνεύματος

2311 4294 2407 4346 ἅτε
2442 4293 2912 4360 καταξιωθένταςο
2968 4299 3209 4363 ἐκείνους
3243 4300 3299 4353 δὲ
3333 4301 3473 4370 οὐχὶ,
3506 4301 3601 4355 am
3642 4303 3904 4375 ataupcb-

2312 4392 2528 4440 σαντας.
2564 4378 2718 4432 Οῦτω
2751 4382 2846 4433 καὶ
2891 4381 2919 4432 ό
2956 4382 3192 4453 Χριστὸς
3228 4382 3551 4455 βουλόμενος
3578 4385 3757 4440 αὐτῶν
3784 4404 3901 4458 μα-

2308 4460 2465 4527 λάξαι
2516 4462 2605 4515 τὸν
2657 4463 2826 4533 θυμὸν
2872 4460 3076 4535 ἔλεγεν·
3124 4470 3189 4521 Οί
3232 4468 3300 4521 δὲ
3330 4469 3442 4523 υίοί
3471 4468 3639 4539 ὑμῶν
3674 4472 3743 4525 ἐν
3770 4472 3900 4527 τίνι

2308 4543 2675 4600 ἐκϐάλλουσι
2714 4546 2787 4599 τὰ
2818 4546 3130 4618 δαιμόνια;
3172 4548 3289 4603 Οὐκ
3324 4547 3497 4617 εἶπεν,
3537 4554 3601 4607 Ol
3651 4555 3901 4625 μαθηταί

2314 4643 2445 4695 μου’
2483 4629 2576 4681 καὶ
2602 4630 2712 4699 γάρ
2740 4629 2915 4683 ἐδόκει
2940 4630 3195 4685 κολακεία
3222 4632 3382 4687 εἶναι.
3412 4633 3572 4689 Οὕτω
3600 4640 3694 4690 καὶ
3726 4638 3900 4705 αὐτὸς

2304 4710 2408 4762 οὐκ
2437 4705 2615 4776 εἶπεν,
2650 4711 2729 4765 ὅτι
2762 4714 2823 4765 οὑ
2866 4713 3176 4784 μεθύουσιν,
3209 4716 3364 4782 ἀλλά,
3404 4719 3690 4791 Πνεύματι
3722 4721 3900 4792 φθέγ-

2309 4809 2496 4859 γονται
2517 4810 2531 4823 ·
2571 4796 2663 4848 καὶ
2695 4796 2794 4866 οὑχ
2820 4797 3028 4863 άπλῶς,
3056 4798 3173 4852 ἀλλ’
3202 4800 3294 4855 ἐπὶ
3326 4801 3418 4855 τὸν
3449 4806 3734 4877 προφήτην
3761 4822 3900 4860 κατ-

2310 4877 2499 4945 έφυγε,
2535 4879 2627 4931 καὶ
2655 4880 2817 4932 αὑτὸν
2856 4881 3056 4945 ὑποδὺς
3086 4882 3439 4955 ἰσχυρίζεται.
3468 4886 3627 4940 Οὕτω
3656 4888 3755 4959 τῆς
3782 4890 3895 4957 μὲν

2308 4963 2640 5033 κατηγορίας
2669 4963 2697 5002 ἀ
2738 4964 2933 5027 αὐτοὺς
2980 4966 3253 5039 ἀπήλλαξε
3304 4970 3372 5023 δι’
3418 4972 3632 5035 ἐαυτοῦ,
3686 4974 3785 5044 τῆς
3827 4974 3893 5029 δὲ

2306 5046 2527 5115 χάριτος
2557 5048 2763 5101 ἐκεῖνον
2797 5049 3035 5120 παράγει
3069 5052 3340 5124 μάρτυρα.
3384 5054 3598 5124 Ἐκχεῶ
3630 5057 3744 5111 ἀπὸ
3774 5057 3893 5110 τοῦ

2307 5130 2654 5197 Πνεύματός
2685 5149 2806 5199 μου
2844 5133 2943 5186 ἐπὶ
2967 5134 3178 5191 πᾶσαν
3207 5138 3429 5206 σάρκα.
3473 5138 3658 5203 Οὕτως
3707 5135 3889 5205 εἶπεν,

2307 5210 2388 5265 ὅτι
2412 5216 2519 5276 τοῖς
2550 5213 2649 5283 μὲν
2674 5216 2741 5267 δι’
2771 5217 3013 5287 ὀνείρων,
3037 5223 3148 5283 τοῖς
3176 5221 3233 5274 δὲ
3263 5223 3359 5275 καὶ
3384 5223 3694 5293 ἐμφανῶςὴ
3724 5223 3892 5295 χάρις

2308 5296 2565 5366 ἐξεχεῖτο.
2600 5300 2709 5351 Kal
2734 5301 2841 5369 7&9
2870 5302 2965 5354 καὶ
2990 5303 3059 5355 δι’
3081 5304 3305 5375 ὀνείρων
3334 5301 3474 5359 εἶδον
3501 5307 3551 5359 οἰ
3587 5309 3891 5379 προφῆται,

2311 5382 2404 5432 καὶ
2435 5383 2805 5452 ἀποκαλύψεις
2831 5386 3101 5452 ἐδέξαντο.
3124 5384 3255 5441 Εἶτα
3276 5389 3633 5460 ἐπεξέρχεται
3661 5394 3726 5461 τῇ
3754 5406 3898 5462 προ-

2312 5466 2509 5536 φητείᾳ
2546 5466 2745 5539 ἐχούσῃ
2795 5485 2846 5521 τι
2896 5470 2989 5523 καὶ
3046 5471 3293 5543 φοϐερόν.
3345 5475 3456 5527 Καὶ
3503 5474 3693 5539 δώσω,
3728 5476 3892 5544 φησὶ,

2310 5548 2523 5615 τέρατα
2561 5552 2630 5603 ἐν
2666 5552 2745 5617 τῷ
2786 5554 3017 5621 οὐρανῷ
3049 5556 3191 5620 ἄνω,
3234 5557 3331 5610 καὶ
3374 5558 3592 5627 σημεῖα
3631 5558 3732 5613 ἐπὶ
3777 5559 3898 5628 τῆς

2312 5630 2423 5701 γῆς
2450 5635 2629 5689 κάτω.
2662 5636 2846 5691 Ταῦτα
2879 5640 2971 5693 καὶ
3005 5640 3133 5708 περὶ
3180 5640 3279 5711 τῆς
3313 5640 3617 5711 μελλούσης
3653 5641 3898 5713 κρίσεως

2380 5809 2399 5836 ⁸
2438 5808 2571 5856 Unus
2616 5810 2719 5857 cod.
2748 5810 2875 5865 υἱοὺς
2900 5811 3068 5867 αὐτοὺς
3104 5814 3259 5861 αὐτῶν
3291 5815 3440 5865 καλεῖ.

2362 5814 2399 5879 ,⁸⁵
2439 5814 2571 5879 [ῗζιιιδ
2616 5814 2719 5879 cog.
2748 5814 2875 5879 υἰοὺς
2900 5814 3068 5879 αὐτοὺς
3104 5814 3259 5861 αὐτῶν
3291 5815 3440 5865 καλεῖ.
3527 5816 3555 5853 ἀ
3581 5814 3677 5866 Alii
3716 5816 3903 5877 ὑποδὺς

2316 5872 2439 5918 οὕτω
2484 5872 2622 5931 λέγει.
2666 5875 2759 5929 Τῆς
2802 5875 2881 5933 μὲν
2926 5874 3003 5923 οὖν
3049 5878 3348 5937 κατηγορίας.
