4098 6324
124 369 190 427 ιθ
1126 352 1191 411 IN
1232 349 1414 408 ACTA
1454 331 1979 402 APOSTOLORUM.
2004 329 2238 427 IIDMIL.
2280 328 2347 386 γ.
3390 323 3460 380 bo

126 488 261 559 apud
290 486 418 541 illos
440 499 565 541 csse
586 483 793 539 dicunt.
814 479 1049 541 Corvus,
1074 474 1342 545 inquiunt,
1366 468 1515 524 novit
1536 466 1729 529 Deutn,

126 591 174 634 ut
196 588 253 633 et
271 576 489 642 cornix,
514 592 579 630 ac
602 572 897 645 pr0phetia:
915 570 1118 625 donum
1146 567 1367 628 habent,
1393 561 1567 615 futura
1595 571 1736 626 pra:—

128 668 310 723 tlicunt
332 688 346 723 :
369 666 511 738 apud
531 666 655 722 illos
672 663 901 734 justitia,
926 657 1248 728 respublica,
1268 655 1437 724 leges,
1459 647 1736 738 invidiam-

125 778 226 829 que
244 759 393 828 apud
407 736 539 812 illos
556 757 707 811 canis
727 755 890 809 habet
915 748 1211 806 secundum
1245 746 1545 801 Platonem.
1569 736 1731 829 Dictis

128 824 359 906 fortasse
388 850 546 904 fidem
567 864 675 902 non
701 842 943 901 habetis?
962 841 1124 911 quue
1146 837 1360 898 merito,
1386 843 1572 903 utpote
1592 824 1741 885 sanis

128 942 343 999 educati
369 939 732 1012 dogmatibus.
766 935 953 1005 Quivis
982 932 1125 988 enim
1167 929 1269 984 hoc
1295 926 1418 982 cibo
1448 923 1739 986 educatus,

128 1049 429 1104 numquam
461 1031 648 1087 credet
679 1029 951 1084 hominem
985 1039 1106 1080 esse
1128 1063 1142 1088 ,
1172 1022 1259 1091 qui
1290 1029 1529 1075 stercora
1568 1013 1743 1070 liben-

130 1137 204 1180 ter
229 1124 511 1195 degustet.
539 1123 673 1177 Cum
695 1137 825 1192 ergo
845 1119 1076 1174 dicimus
1102 1114 1225 1178 illis,
1252 1111 1367 1167 lucc
1394 1108 1600 1164 fabulas
1621 1119 1743 1160 esse

130 1225 175 1270 et
202 1216 525 1287 insipientia
555 1215 712 1285 plena
745 1228 762 1278 ;
806 1225 915 1266 non
945 1206 1245 1278 intelligitis
1275 1246 1291 1269 ,
1321 1200 1588 1271 inquiunt.
1616 1195 1735 1252 Uti-

135 1325 257 1363 nam
292 1323 414 1365 rem
446 1317 552 1362 tam
603 1304 887 1359 ridiculam
928 1312 1223 1370 numquam
1261 1290 1745 1363 intelligamulet

130 1417 261 1457 sane
286 1416 399 1456 non
428 1401 500 1454 ita
524 1397 788 1469 profundo
816 1410 979 1453 sensu
1003 1408 1139 1466 opus
1173 1401 1257 1447 est
1283 1430 1297 1455 ,
1340 1397 1396 1444 nt
1422 1387 1696 1442 discamus
1725 1425 1739 1449 ,

132 1496 259 1563 quid
307 1493 416 1549 sibi
443 1494 554 1547 vult
582 1492 672 1547 illa
699 1499 842 1545 tanta
883 1488 1131 1557 impietas
1170 1494 1223 1540 et
1266 1496 1447 1538 rerum
1475 1477 1742 1534 confusio.

134 1588 270 1643 Num
293 1602 585 1643 corvorum
615 1602 766 1639 more
794 1580 1109 1653 loquimini,
1141 1594 1174 1633 o
1196 1576 1370 1631 insani
1400 1617 1415 1640 ,
1451 1583 1509 1628 ut
1541 1572 1746 1627 faciunt

135 1681 333 1751 pueri?
366 1680 604 1734 lnlantes
644 1677 843 1747 quippe
872 1674 1004 1729 estis
1030 1714 1043 1736 ,
1077 1680 1131 1724 ut
1162 1670 1257 1723 illi.
1292 1668 1361 1722 At
1391 1667 1583 1720 Petrus
1612 1662 1745 1717 nihil

136 1774 238 1829 tale
273 1773 435 1839 dixit,
469 1769 564 1825 sed
596 1784 780 1824 vocem
818 1767 998 1822 emisit
1030 1807 1045 1830 ,
1083 1778 1201 1833 qua:
1228 1760 1381 1831 quasi
1415 1758 1467 1812 in
1505 1753 1746 1811 tenebris

138 1869 312 1921 lucem
334 1879 582 1935 magnam
614 1865 886 1918 emitteret
906 1903 920 1924 ,
947 1868 1001 1913 et
1030 1856 1314 1927 caliginem
1340 1852 1392 1906 in
1422 1850 1554 1905 orbe
1580 1847 1747 1902 dissi-

138 1969 311 2029 paret.
350 1957 551 2012 V’erum
598 1972 781 2011 mores
822 1954 966 2008 illius
1020 1958 1180 2020 quam
1229 1954 1385 2002 erant
1433 1940 1745 2004 mansueti,

139 2067 297 2123 quam
323 2050 565 2110 humani,
589 2063 749 2118 quam
781 2045 846 2098 ab
871 2044 1017 2097 omni
1051 2057 1182 2096 vana
1212 2040 1383 2110 gloria
1405 2036 1586 2099 alieni,
1615 2048 1749 2104 quo-

138 2143 304 2197 modo
333 2142 403 2195 ad
427 2142 619 2195 etelum
655 2137 979 2207 respiciebat
1010 2135 1127 2189 sine
1158 2132 1296 2187 fastu
1318 2172 1333 2197 ,
1359 2130 1485 2184 licet
1505 2135 1750 2182 mortuos

141 2228 436 2289 suscitaret
470 2234 483 2287 !
513 2230 665 2299 Quod
684 2231 728 2284 si
754 2230 839 2283 cui
864 2226 1230 2296 insipientium
1260 2224 1473 2277 illorum
1518 2218 1748 2273 accidis-

140 2337 235 2392 set,
274 2335 333 2380 ut
361 2341 458 2395 per
481 2324 815 2394 phantasiam
847 2330 902 2375 et
928 2318 1166 2389 speciem
1198 2314 1301 2369 tale
1325 2312 1597 2383 quidpiam
1620 2323 1747 2378 age-

143 2430 216 2475 ret
254 2460 273 2485 ,
333 2433 515 2472 annon
561 2417 744 2471 statim
794 2428 945 2468 aram
999 2408 1316 2479 expedisset
1353 2420 1417 2460 ac
1455 2403 1750 2473 templum,

144 2524 200 2564 ac
258 2512 371 2565 Deo
427 2524 523 2577 par
571 2506 757 2562 haberi
810 2504 1172 2575 postulasset;
1221 2514 1345 2553 cum
1391 2495 1527 2551 nihil
1570 2494 1753 2563 hujus-

144 2602 286 2657 modi
354 2611 577 2671 agentes
608 2643 624 2666 ,
677 2599 801 2653 talia
864 2593 1268 2667 imaginentur?
1312 2590 1449 2658 Quid
1500 2588 1603 2643 sibi
1654 2602 1750 2641 vo-

145 2695 257 2750 lunt
295 2694 440 2765 apud
484 2694 606 2748 illos
644 2691 883 2746 Minerva
914 2729 932 2755 ,
986 2687 1181 2758 Apollo
1225 2693 1280 2740 et
1328 2682 1512 2738 Juno?
1540 2678 1754 2735 Genera

1841 451 2150 511 daemonum
2183 456 2310 504 sunt
2339 444 2481 517 apud
2513 445 2654 501 illos.
2709 443 2915 514 Estque
2968 457 3063 498 rex
3115 457 3280 513 penes
3332 442 3458 497 illos

1843 547 1934 618 qui
1969 545 2106 599 mori
2139 550 2312 612 Optat,
2342 552 2399 595 ut
2428 555 2525 610 par
2551 538 2655 594 diis
2678 538 2963 593 habeatur.
2991 536 3188 592 Verum
3221 534 3454 606 apostoli

1846 654 1953 693 non
1976 636 2075 697 sic,
2106 634 2202 690 sed
2224 642 2411 688 contra
2446 631 2669 686 faciunt.
2698 630 2835 685 Audi
2871 645 3101 698 namque
3130 630 3251 684 illos
3278 630 3439 683 dicen

1847 742 1948 795 tes,
1974 738 2257 799 postquam
2279 725 2502 781 claudus
2528 733 2749 779 sanatus
2782 725 2956 778 fuerat
2980 741 2995 776 :
3030 721 3142 776 Viri
3160 720 3418 777 Israelita:
3440 762 3455 783 ,

1845 825 1969 894 quid
2017 840 2110 877 nos
2154 820 2420 875 intuemini
2456 862 2467 883 ,
2500 818 2647 889 quasi
2706 826 2883 871 nostra
2926 817 3109 869 virtute
3154 824 3243 868 aut
3271 816 3459 885 pietate

1849 916 2121 988 fecerimus
2154 914 2325 984 ipsum
2346 912 2609 964 ambulare
2638 909 2776 979 (Act.
2805 910 2859 963 3.
2893 907 2984 979 12)
3013 908 3037 961 ?
3067 922 3256 962 rursus
3283 907 3412 961 alibi
3438 947 3454 971 ,

1853 1006 1967 1061 Nos
1991 1007 2184 1059 similes
2215 1003 2353 1058 vobis
2381 1003 2647 1073 passibiles
2693 1002 2926 1056 homines
2973 1018 3153 1055 sumus
3194 1000 3331 1072 (Act.
3367 1001 3457 1055 Η.

1813 1108 1820 1115 ·
1849 1098 1960 1168 14).
1993 1097 2109 1153 Illic
2140 1112 2268 1151 vero
2300 1096 2501 1149 multus
2544 1104 2628 1150 est
2675 1094 2843 1149 fastus
2863 1136 2878 1156 ,
2911 1094 3075 1149 multa
3106 1093 3411 1165 arrogantia
3441 1108 3459 1143 :

1850 1192 2032 1245 omnia
2073 1190 2218 1244 enim
2262 1203 2360 1259 pro
2389 1188 2643 1244 humanis
2668 1186 2967 1243 honoribus
2995 1226 3011 1254 ,
3058 1186 3191 1257 nihil
3223 1185 3467 1262 philoso-

1848 1282 1991 1354 phiae
2023 1282 2195 1352 gratia
2226 1279 2479 1351 agebant.
2520 1279 2619 1336 Ubi
2650 1281 2795 1335 enim
2846 1279 3033 1350 glorise
3077 1293 3239 1332 causa
3266 1277 3466 1346 agitur,

1851 1373 2032 1429 omnia
2067 1374 2193 1427 vilia
2223 1382 2462 1427 manent.
2509 1372 2662 1427 Licet
2697 1374 2841 1427 enim
2868 1373 3049 1427 omnia
3078 1373 3202 1442 quis
3225 1370 3423 1426 habeat
3450 1411 3467 1433 ,

1850 1464 1896 1519 si
1921 1454 2023 1519 hoc
2046 1480 2154 1519 non
2186 1474 2387 1527 teneat,
2419 1464 2489 1517 ab
2508 1464 2657 1518 omni
2692 1464 3036 1535 philosophia
3058 1462 3255 1518 excidit
3295 1505 3309 1528 ,
3348 1462 3467 1515 vio-

1850 1556 2083 1612 lentiOre
2128 1572 2191 1610 ac
2225 1557 2466 1625 turpiore
2506 1556 2701 1610 morbo
2735 1555 3011 1610 detentus.
3063 1555 3236 1623 Hujus
3280 1554 3469 1624 gloriae

1854 1658 2203 1720 contemptus
2229 1649 2296 1704 ad
2332 1650 2467 1703 bona
2499 1650 2679 1703 omnia
2706 1648 2948 1703 docenda
2968 1657 3051 1703 est
3072 1648 3299 1702 idoneus
3327 1658 3377 1699 et
3403 1646 3471 1701 ad

1854 1742 2236 1812 expellendum
2262 1757 2327 1796 ex
2347 1742 2525 1795 anima
2555 1756 2770 1795 omnem
2805 1740 3168 1809 perniciosum
3194 1739 3471 1793 affectum.

1856 1834 1983 1888 Ideo
2005 1850 2100 1887 vos
2126 1834 2316 1888 hortor
2350 1875 2364 1897 ,
2397 1842 2455 1887 ut
2487 1848 2684 1903 magno
2711 1832 2891 1888 studio
2930 1833 3178 1887 morbum
3210 1832 3473 1886 radicitus

1855 1926 2145 1981 evellatis:
2184 1926 2336 1979 nullo
2380 1924 2581 1993 quippe
2628 1924 2740 1978 alio
2784 1923 2948 1979 modo
2997 1938 3286 1993 possumus
3330 1922 3472 1993 apud

1856 2017 2027 2071 Deum
2056 2032 2178 2071 esse
2204 2017 2416 2088 probati
2449 2058 2463 2081 ,
2516 2026 2570 2072 et
2605 2018 2871 2072 insomnis
2898 2017 3045 2072 illius
3071 2018 3212 2073 oculi
3241 2018 3479 2073 benevo-

1856 2111 2078 2165 lentiam
2111 2110 2270 2165 nobis
2297 2110 2598 2165 attrahere.
2632 2109 2821 2180 Itaque
2848 2125 3037 2164 curam
3065 2125 3285 2165 onmem
3314 2109 3475 2164 adhi-

1857 2202 2082 2256 beamus
2114 2243 2129 2267 ,
2164 2210 2223 2254 ut
2250 2215 2484 2269 superna
2514 2200 2607 2254 illa
2635 2200 2880 2255 fruamur
2912 2202 3083 2272 gratia
3112 2242 3126 2268 ,
3171 2211 3230 2255 ut
3256 2210 3313 2255 et
3340 2217 3477 2270 [ιι-ξιξ·-
3510 2226 3517 2231 ο

1858 2294 2032 2347 seutia
2083 2292 2224 2345 mala
2270 2289 2538 2361 fugiamus
2572 2331 2588 2357 ,
2618 2299 2675 2347 et
2722 2293 2914 2347 futuris
2958 2292 3248 2363 dignemur
3279 2292 3435 2347 bonis
3460 2334 3478 2358 ,

1856 2384 2028 2453 gratia
2056 2394 2112 2437 et
2135 2382 2468 2453 benignitate
2496 2383 2708 2438 Domini
2740 2386 2912 2445 nostri
2931 2385 3062 2441 .Icsu
3091 2384 3321 2453 Christi,
3347 2387 3463 2456 qni-

1858 2490 1979 2529 cum
2008 2474 2153 2529 Patri
2182 2483 2235 2529 et
2262 2475 2484 2544 Spiritui
2513 2483 2702 2530 sancto
2720 2476 2910 2546 gloria,
2937 2477 3251 2547 imperium,
3280 2477 3478 2543 honor,

1862 2583 2004 2623 nunc
2020 2579 2073 2624 et
2094 2582 2334 2639 semper,
2365 2577 2420 2623 et
2450 2568 2505 2623 in
2535 2570 2733 2624 smcula
2754 2570 3101 2625 saeculorum.
3127 2573 3324 2628 Amen.

159 2802 3489 2849 Μ

1518 2894 1916 2958 ννκΗΟΜΙΙιΙΑ
1958 2893 2039 2953 ν.

148 3052 271 3110 Cn.
299 3052 432 3114 2,v.
474 3050 564 3105 Η.
601 3047 709 3102 Viri
734 3045 911 3101 Judaei
942 3087 959 3111 ,
996 3053 1044 3100 et
1079 3044 1166 3115 qui
1195 3038 1435 3096 habitatis
1462 3036 1754 3091 Jerusalem

214 3144 438 3200 universi
467 3186 484 3211 ,
532 3143 628 3196 hoc
653 3141 792 3195 vobis
824 3149 998 3194 notum
1026 3138 1092 3193 sit
1120 3177 1135 3202 ,
1191 3144 1239 3191 et
1264 3134 1472 3188 auribus
1503 3129 1756 3201 percipite

220 3237 366 3292 rerba
390 3253 530 3290 mea.

222 3332 271 3384 l.
299 3329 450 3397 Quos
499 3325 751 3396 superius
800 3322 1119 3394 peregrinos
1162 3319 1334 3384 dixit,
1390 3315 1626 3395 ad_illos
1672 3312 1760 3367 hic

158 3435 459 3476 sermonem
484 3417 757 3473 convertit
787 3433 800 3470 :
830 3425 885 3469 et
909 3413 1123 3468 videtur
1144 3410 1363 3482 quidem
1388 3408 1509 3462 illos
1530 3404 1756 3475 alloqui,

158 3514 246 3567 sed
291 3513 551 3567 irrisores
603 3508 878 3564 emendat.
925 3505 1060 3561 Nam
1115 3503 1297 3558 divina
1348 3497 1760 3570 dispensatione

160 3602 353 3659 factum
382 3612 473 3658 est
505 3611 563 3656 ut
588 3602 806 3671 quidam
839 3598 1154 3663 irriderent,
1186 3610 1295 3665 quo
1326 3594 1454 3649 h'nc
1480 3589 1763 3646 defensio-

159 3710 277 3749 nem
306 3694 625 3758 ordiretur,
666 3705 731 3745 ac
778 3706 874 3761 per
921 3689 1067 3743 illam
1113 3686 1355 3741 doceret.
1398 3682 1604 3753 Magnas
1658 3678 1763 3734 sibi

161 3785 297 3839 laudi
338 3799 466 3839 esse
518 3782 823 3852 putabant,
866 3780 1009 3852 quod
1047 3777 1404 3849 .Ierosolymis
1430 3776 1760 3830 habitarent.

168 3874 275 3930 Hoc
291 3876 449 3937 robis,
497 3873 691 3952 inquit,
724 3882 898 3926 notum
920 3873 984 3924 sit
1010 3912 1025 3937 ,
1048 3880 1094 3923 et
1114 3869 1326 3922 auribus
1354 3867 1597 3937 percipite
1617 3863 1767 3918 verba

163 3983 290 4019 mea.
320 3965 661 4020 Attentiores
689 3963 906 4017 interim
936 3962 1057 4015 illos
1086 3959 1262 4015 reddit
1298 4001 1313 4023 ,
1354 3967 1409 4012 et
1445 3966 1631 4027 postea
1658 3956 1755 4010 de-

163 4057 461 4113 fcnsionem
493 4064 665 4127 parat.
702 4056 789 4109 15.
828 4053 948 4107 Non
977 4052 1140 4116 enim,
1171 4052 1299 4105 sicut
1327 4065 1414 4104 vos
1453 4048 1765 4119 suspicanti-

166 4149 255 4214 ni,
287 4149 340 4201 lti
390 4147 519 4201 ebrii
566 4154 705 4200 sunt.
762 4143 952 4199 Viden‘
974 4158 1135 4214 quam
1184 4142 1330 4195 mitis
1373 4141 1445 4195 sit
1473 4138 1769 4194 defensio?

166 4240 313 4296 Licet
340 4240 607 4310 majorem
639 4238 821 4309 populi
853 4248 1060 4306 partem
1092 4251 1278 4293 secum
1320 4234 1583 4301 haberet,
1611 4249 1769 4287 man-

166 4334 367 4388 suetius
395 4342 580 4386 tamen
606 4330 729 4385 illos
767 4328 1064 4399 alloquitur
1099 4344 1113 4385 :
1146 4342 1211 4382 ac
1238 4327 1414 4397 primo
1442 4325 1638 4380 malam
1668 4341 1765 4379 su-

165 4427 464 4496 spicionem
538 4424 725 4488 tollit,
772 4423 1072 4493 deindeque
1120 4420 1493 4476 defensionem
1562 4418 1770 4473 statuit.

169 4518 399 4590 Ideoque
445 4535 557 4574 non
588 4518 739 4586 dicit,
769 4518 885 4573 Non
908 4518 1052 4573 enim
1082 4516 1224 4572 sicut
1250 4530 1347 4571 vos
1378 4514 1723 4569 subsannatis
1756 4556 1772 4581 ,

168 4610 251 4665 vel
278 4610 490 4675 ridetis,
519 4609 638 4675 sed,
667 4609 816 4664 Sicut
848 4609 1183 4680 suspicamini
1214 4625 1233 4663 :
1264 4606 1557 4664 ostendere
1586 4607 1777 4663 volens

168 4702 291 4757 illos
322 4718 428 4757 non
449 4703 596 4758 serio
622 4701 739 4756 hare
763 4701 987 4767 dixisse,
1022 4714 1082 4757 ut
1101 4701 1273 4772 magis
1292 4701 1399 4755 illis
1421 4699 1771 4770 ignorantiae,

169 4811 329 4865 quam
356 4796 581 4851 malitiae
608 4796 815 4851 crimen
842 4794 1080 4850 offerret.
1109 4792 1231 4849 Non
1259 4795 1414 4860 enim,
1431 4794 1560 4849 sicut
1585 4809 1672 4847 vos
1692 4810 1780 4847 su-

170 4889 466 4957 spiramini,
499 4889 554 4943 In"
588 4888 711 4943 ebrii
732 4898 850 4944 sunt
874 4930 890 4953 ,
921 4904 1038 4942 cum
1065 4889 1131 4943 sit
1161 4886 1288 4942 hora
1329 4887 1431 4941 diei
1477 4888 1643 4942 tertia.
1668 4885 1781 4940 Cur

171 4980 277 5037 hoc
306 4980 489 5037 dicit?
518 4996 701 5037 annon
760 4989 1016 5051 poterant
1059 4982 1190 5036 hora
1250 4980 1409 5036 tertia
1465 4980 1779 5035 inebriari?

175 5071 433 5127 Poterant
458 5088 592 5128 sane
624 5089 639 5139 ;
669 5072 765 5128 sed
793 5074 843 5127 in
877 5072 980 5127 hoc
1008 5072 1098 5128 ille
1120 5087 1227 5127 non
1258 5072 1487 5127 multum
1522 5072 1780 5128 instabat:

178 5178 353 5233 neque
374 5164 521 5219 enim
545 5165 619 5219 ita
641 5179 701 5220 se
721 5175 1020 5235 gesserant,
1050 5175 1108 5219 ut
1132 5165 1381 5220 irrisores
1406 5164 1479 5218 illi
1504 5164 1781 5220 dicebant.

179 5254 320 5311 Hinc
348 5270 480 5327 ergo
504 5255 768 5311 discimus
801 5298 817 5323 ,
850 5256 904 5311 in
951 5256 1119 5313 rebus
1167 5272 1275 5311 non
1321 5257 1646 5312 necessariis
1675 5272 1784 5311 non

179 5345 345 5417 longo
388 5348 651 5401 utendum
699 5362 822 5403 esse
861 5362 1144 5404 sermone.
1191 5348 1446 5418 Alioquin
1491 5354 1623 5403 vero
1667 5347 1786 5404 haec

182 5439 510 5493 confirmant
552 5454 674 5510 qua:
718 5449 1062 5510 sequuntur:
1093 5456 1156 5495 ac
1195 5439 1415 5495 demum
1477 5440 1543 5495 ad
1594 5455 1787 5496 omnes

182 5542 366 5584 sermo
394 5529 660 5601 dirigitur.
702 5531 794 5586 16.
821 5530 930 5587 Sed
956 5531 1051 5586 hoc
1084 5541 1161 5587 est
1201 5533 1339 5601 quod
1381 5533 1669 5588 dictumest
1698 5551 1790 5601 per

180 5622 487 5691 prapftetam
510 5624 631 5678 Joel
657 5640 677 5679 :
712 5626 805 5679 17.
833 5622 901 5679 Et
926 5626 1020 5679 erit
1046 5626 1098 5679 in
1129 5626 1413 5681 novissimis
1440 5627 1637 5694 diebus,
1661 5629 1789 5682 dicit

180 5708 445 5769 Dominus
470 5714 606 5771 Deus
637 5714 783 5787 (Joel
812 5716 872 5771 2.
919 5716 1036 5789 28).
1070 5716 1321 5773 Nondum
1349 5718 1567 5774 auditur
1588 5736 1788 5777 nomen

186 5800 390 5860 Christi
420 5845 437 5873 ,
465 5821 565 5864 nec
589 5807 885 5881 promissio
915 5807 1061 5864 illius
1104 5818 1186 5866 est
1221 5850 1237 5878 ,
1266 5808 1361 5866 sed
1402 5809 1586 5866 Patris
1656 5812 1789 5870 Vide

1865 3034 2209 3105 sapientiam.
2244 3034 2363 3091 Non
2390 3037 2572 3101 statim
2602 3039 2819 3095 transiit
2839 3040 2906 3096 ad
2938 3055 3024 3107 ea,
3056 3056 3179 3112 quae
3205 3040 3486 3098 Christum

1865 3128 2222 3196 Spei-labant;
2256 3144 2451 3199 nempe
2477 3131 2621 3201 quod
2650 3132 2766 3199 ipse
2799 3133 2915 3189 lucc
2948 3134 3260 3203 promiserit
3285 3176 3301 3201 ,
3331 3143 3488 3206 post-

1865 3234 2025 3289 quam
2052 3220 2347 3275 crucifixus
2372 3221 2584 3278 fuerat:
2616 3224 2853 3295 alioquin
2896 3227 3076 3282 omnia
3128 3228 3491 3283 subvertisset

1867 3312 1985 3367 hsce
2010 3313 2263 3368 dicendo.
2292 3315 2454 3384 Atqui
2502 3326 2777 3386 poterant,
2812 3319 3025 3389 inquies
3046 3360 3061 3385 ,
3088 3322 3209 3388 ejus
3233 3320 3492 3380 divinita-

1870 3413 1979 3459 tcm
2027 3406 2340 3461 ostendere.
2387 3406 2532 3463 Sane
2580 3410 2837 3480 quidem,
2871 3412 2915 3466 si
2964 3411 3169 3467 credita
3216 3413 3486 3471 fuissent:

1869 3500 2015 3570 quod
2054 3508 2239 3581 autem
2285 3500 2396 3568 jam
2430 3503 2779 3571 qumrebatur
2810 3547 2824 3572 ,
2858 3516 2977 3560 erat
3004 3515 3063 3560 ut
3092 3506 3489 3564 crederentur:

1870 3608 1979 3646 non
2008 3591 2215 3647 credita
2244 3603 2427 3647 autem
2454 3593 2505 3648 id
2535 3595 2864 3663 effecissent,
2892 3607 2949 3651 ut
2974 3599 3053 3653 illi
3088 3599 3489 3667 lapidarentur.

1872 3682 2161 3749 E/Tundam
2189 3683 2252 3738 de
2280 3685 2485 3756 Spiritu
2530 3704 2641 3741 meo
2670 3705 2823 3757 super
2871 3707 3074 3745 omnem
3118 3708 3347 3746 carnem.
3396 3692 3497 3749 Dat

1874 3778 1981 3831 illis
2008 3792 2225 3847 quoque
2252 3793 2403 3847 spem
2427 3778 2646 3845 bonam,
2671 3781 2716 3835 si
2749 3781 2966 3850 quidem
2993 3782 3183 3837 velint.
3226 3784 3335 3838 Nec
3362 3785 3496 3840 sinit

1874 3872 1997 3926 illos
2021 3872 2227 3939 majore
2257 3873 2412 3941 copia
2442 3872 2569 3936 frui,
2604 3875 2748 3943 quod
2781 3876 3004 3931 livorem
3036 3880 3373 3947 peperisset,
3404 3887 3491 3933 at-

1874 3978 1981 4032 que
2019 3962 2147 4017 hinc
2172 3963 2429 4018 invidiam
2458 3966 2707 4021 succidit.
2745 3966 2814 4021 Et
2847 3970 3249 4040 prophetabunt,
3275 3972 3490 4042 inquit,

1877 4055 1975 4123 ﬁlii
2004 4055 2177 4108 vestri.
2215 4054 2333 4109 Non
2374 4070 2550 4112 vesn-a
2580 4068 2664 4114 est
2697 4060 2813 4115 lure
2859 4076 2945 4115 res
2978 4063 3235 4132 prtrclara
3264 4105 3279 4130 ,
3318 4080 3494 4135 neque

1876 4154 2054 4201 vestra
2089 4146 2242 4213 laus;
2272 4148 2366 4201 sed
2398 4149 2465 4203 ad
2512 4150 2651 4203 filios
2682 4160 2895 4206 vestros
2922 4154 3093 4224 gratia
3124 4156 3357 4210 transiit.
3412 4157 3495 4210 Di-

1878 4239 2120 4308 scipulos
2149 4250 2308 4294 vocat
2334 4241 2471 4296 filios
2494 4283 2509 4306 ,
2542 4254 2597 4296 et
2628 4243 2747 4299 illos
2780 4253 2981 4314 patres.
3015 4245 3082 4300 Et
3106 4249 3321 4319 juvenes
3347 4248 3498 4303 vestri

1880 4331 2097 4385 visiones
2123 4332 2383 4400 videbunt,
2404 4344 2451 4387 et
2478 4336 2701 4390 seniores
2731 4338 2882 4391 vestri
2911 4340 3111 4392 somnia
3140 4342 3498 4405 somniabunt,

1882 4421 1971 4476 i8.
1991 4430 2038 4474 et
2064 4422 2272 4492 quidem
2301 4440 2456 4493 super
2481 4441 2650 4479 servos
2677 4443 2812 4481 nteos
2852 4440 2898 4482 et
2926 4447 3081 4500 super
3108 4432 3327 4485 ancillas
3360 4450 3499 4487 meas

1880 4512 1935 4565 in
1961 4512 2137 4567 diebus
2166 4513 2271 4567 illis
2298 4513 2560 4581 eﬂ'ttndam
2580 4517 2644 4571 de
2662 4518 2863 4587 Spiritu
2881 4537 3011 4587 meo,
3028 4532 3073 4574 et
3103 4522 3501 4593 prophetabunt.

1884 4603 2103 4660 Interim
2132 4606 2371 4661 ostendit
2402 4622 2459 4663 se
2488 4611 2742 4679 probatos
2772 4627 2893 4667 esse
2912 4655 2927 4682 ,
2957 4624 3146 4684 utpote
3173 4617 3263 4686 qui
3296 4616 3500 4685 Spiritu

1885 4707 2074 4753 essent
2103 4698 2307 4769 dignati
2343 4701 2514 4773 gillos
2542 4718 2670 4757 vero
2694 4704 2918 4760 minime
2952 4746 2965 4771 ,
3001 4716 3189 4777 utpote
3222 4709 3315 4778 qui
3341 4709 3502 4762 Cliri.

1887 4800 2028 4844 stum
2051 4791 2471 4847 crucifixissent.
2508 4793 2634 4848 Ideo
2660 4805 2717 4850 et
2744 4794 2994 4852 Christus
3018 4808 3075 4853 ut
3106 4799 3322 4854 illorum
3356 4801 3506 4859 luro-

1887 4898 2004 4938 rem
2034 4882 2253 4938 sedaret
2279 4925 2293 4949 ,
2352 4885 2567 4940 dicebat
2599 4907 2610 4940 :
2647 4887 2776 4942 Filii
2815 4900 2983 4943 autem
3012 4892 3164 4946 vestri
3194 4893 3247 4945 in
3274 4908 3376 4964 quo
3405 4894 3505 4963 eji-

1890 4977 2030 5030 ciunt
2057 4977 2311 5031 daemonia
2357 4978 2574 5050 (Matth.
2605 4981 2693 5036 12.
2721 4983 2816 5053 27)
2841 4985 2865 5039 'l
2894 4985 3011 5041 Non
3036 4985 3172 5042 dixit
3204 5031 3221 5056 ,
3251 4988 3509 5061 Discipuli

1892 5068 1999 5123 mei
2027 5086 2041 5134 ;
2095 5084 2220 5124 nam
2252 5070 2357 5125 sibi
2388 5071 2698 5129 adulantem
2728 5077 3017 5148 sapuisset.
3046 5079 3137 5136 Sic
3169 5081 3259 5137 ille
3291 5098 3399 5138 non
3427 5083 3499 5138 di-

1896 5160 1979 5215 xit
2008 5202 2023 5224 ,
2058 5161 2208 5229 ipsos
2254 5178 2360 5227 non
2391 5164 2574 5220 ebrios
2604 5181 2729 5222 esse
2759 5209 2775 5233 ,
2829 5169 2923 5225 sed
2954 5186 3021 5227 ex
3052 5171 3259 5242 Spiritu
3308 5174 3455 5244 loqui
3494 5194 3507 5230 :

1895 5268 2073 5322 neque
2096 5252 2227 5307 illud
2250 5255 2573 5323 simpliciter
2597 5278 2616 5325 ,-
2647 5258 2742 5313 sed
2770 5259 2839 5315 ad
2866 5262 3186 5332 prepbetam
3213 5265 3460 5336 confugit
3492 5308 3511 5335 ,

1895 5364 1951 5409 et
1982 5354 2076 5409 illo
2108 5354 2277 5412 fretus
2307 5354 2521 5412 fortiter
2545 5360 2676 5430 agit.
2708 5360 2797 5417 Sic
2828 5377 2925 5431 per
2953 5378 3013 5417 se
3046 5362 3266 5434 quidem
3298 5365 3418 5419 illos
3444 5368 3515 5420 ab

1898 5447 2245 5501 accusatione
2268 5452 2518 5519 purgavit
2545 5493 2560 5517 ,
2590 5452 2911 5522 prophetam
2935 5470 3068 5510 vero
3095 5442 3282 5524 gratia:
3315 5467 3511 5512 testem

1900 5538 2125 5594 inducit.
2160 5538 2447 5607 Effundam
2474 5542 2538 5597 de
2573 5543 2775 5613 Spiritu
2821 5561 2931 5600 meo
2975 5564 3134 5615 super
3164 5565 3366 5602 omnem
3394 5564 3516 5602 car-

1901 5649 2040 5686 nem.
2064 5631 2155 5688 Sic
2179 5632 2335 5699 dixit,
2366 5636 2492 5705 quia
2516 5636 2638 5692 aliis
2666 5652 2762 5707 per
2786 5640 2999 5694 somnia
3035 5680 3052 5705 ,
3081 5640 3202 5695 aliis
3230 5640 3517 5697 manifeste

1902 5724 2071 5795 gratia
2094 5724 2265 5779 effusa
2289 5736 2389 5780 est.
2412 5726 2546 5782 Nam
2570 5738 2625 5784 et
2653 5746 2750 5800 per
2771 5730 2980 5787 somnia
3006 5732 3256 5788 viderunt
3282 5732 3516 5804 prophe-

1908 5826 1979 5875 tae
2009 5861 2025 5889 ,
2056 5828 2110 5875 et
2152 5820 2522 5880 revelationes
2552 5835 2905 5890 acceperunt.
2938 5824 3143 5883 Deinde
3168 5827 3518 5900 pregrch
