4098 6324
613 388 673 444 δὲ
1344 382 1400 436 S.
1440 381 1715 437 JO.\N.\'lS
1753 379 2224 438 Clll'lYSOSTOMl
2263 380 2579 438 ARCIIIEP.
2620 375 3148 433 CONSTAN'I'INOP.
3830 374 3908 429 59

615 501 669 554 in
691 497 966 566 prophetia
1004 536 1019 555 .
1050 510 1168 565 qure
1213 496 1481 563 quidpiam
1515 495 1751 549 terribile
1796 493 1974 546 habet.
2012 491 2098 548 l9.
2128 491 2197 547 Et

620 586 747 642 dabo
776 629 792 653 ,
842 588 1053 657 inquit,
1114 588 1347 657 prodigia
1373 589 1422 640 in
1450 589 1573 640 ca‘lo
1617 602 1855 648 sursum,
1899 597 1946 638 et
1973 586 2119 656 signa
2144 585 2197 639 in

616 692 748 733 terra
765 680 1019 733 deorsum.
1052 679 1143 733 His
1163 692 1209 733 et
1239 680 1467 733 futurum
1488 679 1742 747 judicium
1769 677 2199 746 etJerosolymo-

616 787 736 825 rum
765 770 1027 825 excidium
1054 771 1371 825 subindicat.
1403 769 1716 839 Sanguinem
1747 780 1791 824 et
1818 771 2005 838 ignem,
2039 779 2087 822 et
2114 785 2199 821 va-

620 878 795 933 porem
820 863 967 933 fumi.
1010 862 1140 917 Vide
1161 903 1175 927 ,
1208 862 1476 931 quomodo
1506 862 1770 916 excidium
1797 862 2083 916 describat.
2104 862 2196 917 ΞΟ.

618 952 715 1007 Sol
736 961 1047 1006 convertatur
1077 953 1128 1005 in
1160 952 1385 1005 tenebras
1414 994 1427 1017 ,
1474 962 1520 1004 et
1551 952 1672 1004 luna
1699 952 1750 1004 in
1779 953 2094 1022 sanguinem.
2124 952 2200 1006 Ex

616 1041 809 1097 aﬁ'eetu
834 1042 1145 1112 patientium
1183 1043 1253 1097 ita
1275 1041 1525 1111 loquitur.
1551 1041 1806 1096 Narratur
1833 1052 2007 1095 tamen
2038 1042 2200 1095 multa

617 1132 807 1186 similia
832 1132 881 1186 in
905 1133 1033 1187 celo
1053 1134 1162 1187 visa
1188 1133 1209 1186 l'
1210 1134 1370 1198 uisse,
1388 1143 1447 1187 ut
1475 1132 1785 1187 tesuﬁcatur
1805 1132 2074 1203 Josephus
2101 1132 2198 1202 (a).

616 1221 838 1280 Interim
868 1224 987 1279 illos
1026 1239 1238 1294 quoque
1278 1225 1605 1293 perstrinxit,
1638 1225 1884 1278 tenebras
1907 1238 2025 1293 quae
2055 1223 2199 1277 acci-

619 1313 751 1368 dere
822 1328 1126 1369 memorans
1158 1356 1172 1381 ,
1224 1323 1277 1369 et
1327 1315 1486 1369 futuri
1539 1315 1995 1384 exspectationem
2048 1312 2201 1366 indu-

620 1420 771 1462 cens.
816 1406 1095 1477 Antequam
1122 1408 1287 1461 veniat
1314 1408 1420 1461 dies
1448 1405 1654 1460 Domini
1682 1422 1895 1477 magnus
1922 1416 1966 1459 et
1987 1406 2203 1475 manife-

621 1507 749 1551 stus.
798 1496 876 1552 Ne
916 1500 1037 1567 quia
1078 1513 1221 1553 nunc
1268 1499 1485 1568 impune
1528 1498 1759 1567 peccatis
1792 1539 1805 1561 ,
1842 1497 2054 1567 inquit,
2085 1485 2205 1551 iddo

619 1588 922 1642 conﬁdatis.
981 1589 1107 1645 "1‘0
1154 1593 1410 1659 prommia
1449 1598 1573 1645 sunt
1620 1591 1794 1661 magni
1832 1589 2106 1659 cujusdam
2152 1597 2207 1645 et

623 1682 923 1752 gravissimi
945 1683 1072 1737 dici.
1103 1665 1307 1748 Videu’,
1334 1683 1603 1753 quomodo
1624 1685 1834 1739 animos
1860 1698 2046 1739 eorum
2073 1697 2206 1737 exa-

622 1772 828 1841 gitavit,
857 1782 913 1827 et
941 1775 1104 1828 risum
1138 1766 1403 1830 convertit
1425 1776 1475 1829 in
1500 1775 1948 1830 excusationem?
1982 1774 2036 1827 Si
2062 1774 2207 1829 enim

625 1865 739 1919 hzec
762 1874 888 1920 sunt
912 1868 1174 1935 prooemia
1204 1868 1309 1921 diei
1342 1869 1482 1923 illius
1508 1911 1521 1934 ,
1558 1884 1778 1923 necesse
1802 1878 1877 1922 est
1913 1867 2205 1938 periculum

625 1957 693 2012 de
719 1960 973 2013 extremis
997 1960 1107 2029 jam
1156 1961 1455 2014 imminere.
1487 1962 1624 2026 Quid
1667 1961 1844 2014 vero?
1876 1976 2001 2015 nam
2036 1960 2209 2030 pergit

629 2049 884 2103 terribilia
915 2050 1137 2105 dicere?
1167 2050 1535 2121 Nequaquam.
1569 2052 1671 2105 Sed
1704 2052 1869 2121 quid?
1898 2053 2103 2106 Rursus
2120 2052 2212 2106 dat

628 2140 733 2194 illis
765 2140 1287 2209 respirandi'loeum,
1323 2152 1373 2196 et
1405 2143 1479 2195 ait
1503 2160 1515 2195 :
1538 2142 1629 2195 2|.
1660 2142 1729 2195 Et
1754 2144 1846 2195 erit
1878 2184 1891 2209 ,
1924 2144 2085 2196 omnis
2110 2146 2213 2212 qui—

626 2247 836 2300 rumque
858 2232 1160 2286 invocaverit
1189 2250 1368 2287 nomen
1399 2233 1627 2299 Domini,
1658 2235 1829 2288 salvus
1856 2236 1968 2287 erit.
2004 2235 2115 2289 lloc
2146 2235 2213 2289 de

624 2323 848 2377 Christo
871 2323 1068 2377 dictum
1096 2335 1196 2389 est,
1235 2335 1289 2379 ut
1317 2326 1511 2380 Paulus
1538 2326 1613 2379 ait
1642 2322 1814 2394 (Rom.
1844 2328 1931 2382 10.
1962 2328 2048 2396 15)
2084 2345 2094 2380 :
2129 2326 2215 2381 hic

630 2429 758 2466 vero
786 2428 890 2467 non
922 2414 1083 2469 audet
1107 2415 1155 2469 id
1183 2417 1355 2484 palam
1389 2417 1646 2471 revelare.
1682 2416 1831 2471 Dicta
1854 2432 1981 2471 vero
2011 2432 2038 2470 a
2070 2418 2217 2488 prin.

629 2504 771 2572 cipio
810 2512 1134 2571 repetamus.
1192 2505 1358 2560 Recte
1397 2506 1547 2569 quasi
1596 2505 1855 2560 adversus
1902 2505 2135 2560 ridentes
2162 2516 2216 2560 et

631 2596 1285 2666 subsannantesinsurgit,
1321 2596 1543 2651 dicens:
1582 2596 1773 2650 Notum
1791 2598 1854 2649 sit
1878 2597 2108 2651 omnibus
2130 2612 2217 2650 vo-

632 2686 727 2749 bis,
753 2697 799 2737 et
828 2686 1032 2739 auribus
1063 2688 1304 2755 percipite
1328 2689 1476 2740 verba
1516 2703 1645 2739 mea.
1680 2687 1834 2741 lnitio
1861 2699 2038 2742 auletn
2068 2687 2217 2743 dice-

636 2779 744 2841 bat,
783 2776 1107 2831 ViriJudtei.
1138 2778 1353 2833 Judzros
1386 2780 1512 2832 mihi
1542 2780 1721 2835 dicere
1752 2782 1962 2835 videtur
1993 2795 2106 2843 eos,
2129 2780 2218 2850 qui

613 2854 687 2920 ⁷ἰιι
715 2868 896 2922 ,ιυιιωει
930 2868 1264 2922 habitabant.
1303 2870 1365 2923 Et
1391 2912 1406 2935 ,
1447 2872 1489 2923 si
1520 2871 1692 2940 placet
1726 2913 1740 2935 ,
1789 2873 1952 2924 ulli-ra
1976 2888 2075 2923 nus
2128 2872 2219 2925 illa

639 2960 909 3029 Evangelii
944 2962 1105 3014 verba
1141 3004 1155 3027 ,
1202 2972 1259 3015 ut
1285 2964 1461 3020 discas
1497 2965 1666 3031 qualis
1704 2974 1923 3032 repente
1959 2966 2123 3017 lactus
2152 2964 2221 3016 sit

637 3053 852 3107 Petrus.
904 3052 1078 3119 Exiit,
1110 3055 1317 3123 inquit,
1351 3056 1519 3125 puella
1549 3057 1717 3109 dicens
1748 3074 1765 3110 :
1796 3056 1860 3110 Et
1889 3068 1942 3109 tu
1970 3074 2083 3109 eras
2108 3074 2223 3109 cum

637 3143 667 3195 ,Ι
678 3161 761 3196 esu
794 3142 1079 3197 Nazarene.
1117 3144 1216 3199 Ille
1244 3157 1411 3224 autem
1435 3147 1714 3215 respondit,
1744 3146 1929 3199 Nest
1946 3147 2219 3200 hominem.

643 3230 709 3285 Et
736 3250 909 3287 rursus
940 3235 1272 3305 interrogatus
1302 3237 1447 3304 erepit
1471 3237 1704 3290 detestari
1731 3247 1775 3291 et
1798 3240 1980 3307 jurare
2001 3235 2220 3307 (Matth.

639 3326 729 3378 es.
759 3323 967 3393 69-72).

710 3416 765 3468 Ξ.
810 3416 1044 3470 Adulatio
1074 3419 1296 3473 uitanda.
1325 3450 1393 3460 -—
1412 3419 1515 3475 Sed
1547 3421 1633 3475 hic
1657 3422 1777 3476 vide
1805 3422 1944 3475 illius
1977 3422 2220 3477 liduciam

643 3522 994 3577 magnamque
1017 3509 1226 3564 dicendi
1252 3511 1570 3567 libertatem.
1597 3512 1711 3568 Non
1739 3514 1973 3568 laudavit
1999 3530 2112 3576 eos,
2137 3517 2225 3585 qui

641 3597 879 3652 dixeram
918 3617 929 3653 :
962 3600 1255 3654 Audiuimus
1283 3618 1365 3657 eos
1395 3604 1653 3673 loquentes
1684 3608 1867 3659 nostris
1898 3608 2085 3677 linguis
2116 3624 2225 3660 nta-

643 3690 814 3759 gnulia
841 3690 967 3754 Dei;
990 3692 1080 3746 sed
1108 3693 1191 3747 illa
1216 3709 1314 3763 qua
1344 3710 1465 3765 erga
1495 3696 1625 3749 alios
1652 3711 1777 3752 usus
1802 3708 1916 3752 erat
1946 3700 2225 3767 gravitate,

647 3784 744 3836 hos
786 3784 1132 3839 studiosiores
1178 3786 1402 3842 reddere
1448 3789 1669 3855 volens,
1721 3799 1775 3845 et
1819 3807 2122 3846 sermonem
2163 3792 2231 3845 ab

646 3876 951 3930 adulatione
992 3875 1225 3931 alienum
1262 3880 1569 3937 ostendere.
1601 3882 1713 3936 lloc
1741 3884 1881 3935 enim
1916 3884 2110 3953 ubique
2137 3884 2233 3935 ob-

649 3967 968 4020 servandum
1000 3977 1111 4035 est,
1140 3971 1409 4039 quomodo
1449 3972 1784 4043 indulgenter
1815 3975 1934 4028 licet
1966 3975 2228 4044 loquatur,

647 4072 825 4112 sermo
852 4067 1026 4113 tamen
1054 4060 1121 4113 ab
1152 4061 1457 4118 adulatione
1491 4064 1647 4118 simul
1674 4073 1727 4119 et
1752 4080 1781 4118 a
1812 4067 2132 4120 cootumelia
2165 4069 2233 4121 sit

647 4150 890 4213 alienus;
922 4149 1061 4219 quod
1096 4161 1269 4207 tamen
1306 4153 1524 4209 difﬁcile
1563 4165 1665 4209 est.
1706 4156 1857 4223 Quod
1898 4168 2077 4211 autem
2119 4157 2234 4212 lure

652 4240 779 4292 hora
807 4240 957 4294 tertia
981 4240 1113 4296 facta
1139 4243 1264 4308 sint,
1292 4260 1395 4298 non
1420 4247 1536 4301 sine
1559 4262 1717 4303 causa
1740 4248 2105 4315 dlS;1elIS:sltln]
2128 4260 2232 4305 est.

650 4331 785 4384 Cum
818 4332 958 4385 enim
989 4333 1121 4389 lucis
1148 4336 1400 4404 splendor
1433 4348 1685 4407 apparet,
1721 4351 1855 4395 tunc
1879 4357 1984 4395 non
2028 4342 2233 4410 prandii

651 4423 794 4477 curis
825 4423 1066 4481 homines
1095 4436 1459 4497 occupantur,
1493 4440 1619 4484 tunc
1653 4431 1773 4486 laeta
1801 4431 1916 4486 dies
1954 4442 2069 4497 est,
2112 4443 2237 4489 tunc

652 4530 841 4570 omnes
868 4516 920 4569 in
952 4515 1066 4571 loro
1097 4528 1238 4573 sunt.
1273 4518 1458 4576 Viden‘
1488 4537 1791 4578 sermonem
1834 4524 2077 4579 libertate
2117 4525 2234 4595 ple.

651 4608 817 4661 num?
843 4607 910 4661 Et
938 4610 1144 4666 auribus
1175 4614 1413 4682 percipite
1440 4615 1586 4669 verba
1613 4633 1744 4669 mea.
1785 4617 1878 4671 His
1902 4618 2059 4671 dictis
2084 4634 2147 4671 ex
2178 4635 2238 4674 se

653 4698 781 4751 nihil
809 4695 1027 4766 addidit,
1053 4703 1143 4756 sed
1171 4704 1284 4757 hmc
1310 4704 1587 4773 subiunxit
1610 4725 1624 4761 :
1649 4705 1759 4761 Hoc
1780 4718 1872 4774 est,
1896 4710 2030 4779 quod
2050 4710 2240 4764 dictum

650 4800 724 4845 est
764 4808 852 4859 per
888 4795 1180 4863 prapltetam
1220 4796 1337 4851 Jocl
1364 4814 1386 4852 ε
1416 4798 1481 4852 Et
1509 4801 1603 4853 erit
1637 4800 1689 4853 in
1728 4802 2010 4855 novissimis
2040 4802 2234 4857 diebus.

652 4884 900 4940 Ostendit
923 4888 1065 4941 enim
1090 4899 1272 4959 postea
1299 4895 1811 4951 consummationem
1846 4912 2010 4965 prope
2047 4897 2240 4951 aﬁ'utu-

653 4993 787 5031 ram.
814 4979 900 5034 Sic
924 4980 1051 5037 illud
1073 5024 1086 5045 ,
1114 4979 1182 5035 In
1222 4984 1502 5039 novissimis
1528 4986 1734 5052 diebus,
1768 4990 2051 5058 quamdam
2081 4990 2239 5045 habet

651 5071 969 5137 emphasim.
1019 5073 1219 5129 Deinde
1262 5090 1331 5131 ne
1370 5076 1613 5132 videatur
1653 5079 1765 5133 ha‘c
1806 5081 1872 5135 ad
1917 5082 2061 5136 solos
2103 5081 2239 5140 ﬁlios

655 5162 943 5229 pertinere,
967 5164 1236 5235 subiungit
1262 5185 1275 5222 :
1303 5165 1372 5221 Et
1390 5170 1608 5224 seniores
1628 5172 1776 5226 vestri
1800 5176 1995 5227 somnia
2019 5178 2242 5232 somnia-

656 5254 793 5306 bunt.
828 5254 962 5310 Vide
989 5255 1063 5311 rei
1092 5256 1306 5312 seriem.
1336 5258 1513 5313 Primo
1542 5261 1633 5315 ﬁlii
1660 5278 1674 5327 ;
1699 5264 1835 5317 sicut
1857 5275 1906 5319 et
1936 5266 2099 5320 David
2126 5269 2236 5324 ait:

656 5340 764 5397 Pro
792 5347 1012 5414 patribus
1041 5348 1138 5402 tuis
1180 5350 1285 5402 nati
1323 5360 1439 5403 sunt
1475 5352 1562 5403 tibi
1588 5355 1683 5421 ﬁlii
1710 5353 1879 5424 (Psal.
1908 5358 1995 5413 44.
2035 5360 2158 5427 {7);
2188 5372 2240 5416 et

656 5450 840 5488 rursus
870 5436 1152 5493 Malachias
1186 5458 1197 5491 :
1232 5439 1531 5497 Convertens
1574 5446 1727 5498 corda
1771 5458 1971 5515 patrum
2000 5451 2053 5503 in
2083 5452 2237 5519 ﬁlios.

655 5524 723 5578 Et
748 5543 898 5595 super
920 5544 1081 5581 servos
1110 5547 1242 5584 meos
1268 5573 1281 5597 ,
1313 5542 1359 5585 et
1386 5550 1541 5603 super
1578 5537 1789 5591 ancillas
1818 5556 1953 5592 meas
1984 5542 1999 5608 (
2026 5541 2151 5595 Mal.
2183 5544 2233 5597 4.

656 5620 735 5689 ti).
778 5620 843 5675 Et
882 5620 983 5676 hoc
1022 5623 1229 5678 virtutis
1265 5626 1518 5681 indicium
1553 5647 1565 5683 :
1595 5629 1735 5683 servi
1776 5633 1918 5686 enim
1958 5635 2075 5703 ejus
2116 5635 2237 5690 facti

720 5756 952 5841 812.95%?
974 5769 1087 5841 ne
1105 5755 1523 5841 levennam
1550 5768 1801 5816 ειειαιυιη
1839 5781 2233 5837 praecesserunt,

657 5827 816 5867 αλιι-αι
839 5819 970 5881 Jose,
988 5819 1080 5869 ltus
1103 5819 1166 5869 de
1193 5819 1324 5870 Bello
1347 5822 1557 5873 Judaico.

2310 507 2533 557 sumus,
2567 490 2776 546 liberati
2815 506 2845 544 a
2890 498 3128 559 peccato.
3175 488 3417 559 Magnum
3455 500 3633 544 autem
3674 499 3756 545 est
3798 488 3903 545 hoc

2308 584 2505 639 donum
2528 624 2542 649 ,
2570 582 2785 653 quando
2826 584 2877 637 in
2917 582 3079 637 alium
3106 597 3317 652 quoque
3344 597 3529 637 sexum
3561 582 3748 636 transit
3777 596 3901 651 gra-

2309 676 2409 739 tia;
2439 690 2544 729 non
2574 675 2625 729 in
2655 689 2814 729 unam
2842 674 3139 730 alteramve
3164 675 3303 728 sicut
3330 674 3479 739 olim,
3504 688 3696 744 nempe
3720 673 3775 727 in
3802 673 3909 727 De-

2307 766 2492 819 horam
2518 774 2571 820 et
2596 764 2804 821 Oldam.
2832 765 3016 836 Neque
3036 766 3177 821 dixit
3202 780 3320 821 esse
3342 766 3599 836 Spiritum
3628 776 3903 828 sanetum,

2310 871 2483 925 neque
2512 856 2785 926 propheta:
2813 859 2974 913 verba
3006 857 3327 927 explicavit;
3358 857 3453 913 sed
3490 857 3659 912 solam
3696 856 3910 910 induxit

2308 947 2644 1018 praphetiam
2672 963 2765 1017 per
2786 949 3020 1018 seipsam
3048 958 3367 1004 certantem.
3401 947 3649 1017 Nihilque
3672 949 3741 1003 de
3764 946 3907 1003 Juda

2304 1027 2415 1109 jain
2440 1039 2695 1109 loquitur,
2715 1041 2835 1109 quia
2858 1040 3105 1094 omnibus
3130 1040 3301 1109 palam
3324 1047 3440 1094 erat
3460 1040 3646 1110 quales
3666 1036 3912 1093 dedisset

2313 1145 2498 1198 (minas
2522 1147 2535 1193 ;
2567 1129 2663 1185 sed
2693 1130 2817 1185 silet
2836 1172 2849 1194 ,
2883 1132 3062 1187 sciens
3090 1130 3223 1184 nihil
3252 1129 3477 1184 validius
3506 1144 3623 1185 esse
3649 1145 3809 1199 quam
3839 1143 3909 1183 ex

2313 1220 2590 1290 prOphetia
2622 1223 2762 1291 loqui
2793 1223 2897 1277 illis
2930 1240 2943 1277 :
2976 1223 3079 1278 hoc
3106 1222 3247 1277 enim
3291 1222 3420 1293 ipsis
3460 1224 3621 1277 etiam
3652 1222 3912 1291 operibus

2310 1312 2501 1368 fortius
2537 1322 2641 1369 est.
2684 1313 2815 1369 Nam
2857 1330 2980 1370 cum
3020 1316 3173 1386 signa
3214 1315 3418 1371 faceret
3449 1314 3725 1380 Christus,
3764 1329 3915 1381 smne

2312 1403 2779 1471 Contradicebant;
2804 1420 2923 1460 cum
2946 1408 3124 1461 autem
3155 1406 3471 1477 prophetam
3498 1407 3778 1460 induceret
3806 1406 3916 1458 illis

2314 1494 2585 1551 dicentem
2613 1515 2625 1549 :
2648 1496 2793 1551 Dixit
2822 1496 3069 1552 Dominus
3093 1499 3310 1552 Domino
3338 1514 3468 1562 meo,
3500 1497 3637 1553 Sede
3659 1516 3689 1549 a
3715 1498 3916 1550 dextris

2315 1587 2437 1641 meis
2454 1586 2665 1657 (Matth.
2684 1588 2772 1642 2‘2.
2789 1589 2877 1643 M.
2900 1589 3045 1644 Psal.
3069 1590 3190 1645 l09.
3216 1592 3291 1660 l),
3306 1589 3378 1645 ita
3408 1589 3659 1655 silebant,
3676 1599 3731 1643 ut
3751 1603 3918 1644 nemo

2317 1677 2573 1749 deinceps
2588 1690 2764 1749 posset
2784 1682 2854 1734 illi
2872 1682 3216 1751 respondere.
3240 1682 3318 1737 Ac
3344 1696 3487 1751 saepe
3505 1683 3593 1736 ille
3607 1680 3920 1751 Scriptura:

2317 1781 2603 1839 memorat,
2632 1773 2838 1838 dicens,
2868 1774 3055 1829 Siiltos
3080 1776 3209 1829 dixit
3239 1776 3379 1842 deos,
3398 1775 3467 1829 ad
3484 1792 3607 1848 quos
3625 1792 3787 1829 sermo
3818 1773 3918 1829 Dti

2319 1868 2488 1933 factus
2510 1873 2583 1916 est
2608 1864 2662 1931 (J
2668 1880 2787 1918 oan.
2804 1866 2888 1921 10.
2908 1867 3019 1935 35).
3038 1867 3053 1920 Ι
3062 1882 3147 1920 mo
3163 1866 3357 1936 ubique
3376 1868 3475 1922 hoc
3492 1868 3611 1938 quis
3626 1868 3917 1921 invenerit.

2321 1955 2444 2010 ldeo
2480 1956 2565 2011 hic
2605 1958 2679 2010 ait
2711 1975 2723 2009 :
2756 1957 3035 2024 E/fundam
3065 1959 3126 2011 de
3157 1958 3356 2029 Spiritu
3391 1976 3500 2014 meo
3537 1976 3690 2029 super
3717 1975 3924 2013 omnem

2319 2062 2522 2098 carnem
2546 2062 2565 2112 ;
2596 2046 2699 2102 hoc
2727 2057 2831 2114 est,
2857 2048 2909 2101 in
2936 2057 3141 2119 gentes.
3171 2048 3276 2104 Sed
3310 2049 3541 2103 nondmn
3569 2052 3793 2114 revelat,
3822 2065 3927 2104 nec

2322 2139 2738 2209 interpretatur;
2768 2156 2940 2211 neque
2961 2142 3099 2196 enim
3125 2142 3461 2212 expediebat,
3487 2143 3607 2214 quia
3629 2143 3790 2197 etiam
3821 2142 3929 2197 hoc

2322 2234 2608 2288 obscurmn
2638 2243 2771 2289 erat.
2805 2234 2949 2288 Dabo
2982 2236 3212 2305 prodigia
3247 2236 3300 2288 in
3341 2235 3465 2289 aulo
3503 2253 3722 2290 sursum.
3759 2236 3930 2305 Magis

2326 2325 2443 2378 illos
2490 2323 2593 2379 hoc
2634 2326 2906 2391 terrebat,
2940 2326 3079 2395 quod
3123 2337 3268 2381 esset
3310 2328 3618 2382 obscurum.
3652 2328 3704 2381 Si
3738 2336 3927 2381 autem

2326 2418 2428 2472 hoc
2453 2418 2833 2489 interpretatus
2854 2430 3019 2485 esset,
3045 2421 3216 2490 magis
3244 2422 3348 2475 illis
3372 2421 3686 2475 obstitisset.
3718 2420 3935 2477 Deinde

2324 2509 2453 2563 illud
2484 2511 2726 2579 praeterit
2760 2512 2908 2579 quasi
2952 2511 3326 2575 manifestum,
3371 2513 3530 2566 talem
3571 2511 3755 2566 volens
3794 2510 3936 2565 dare

2326 2600 2658 2667 Opinionem.
2707 2600 2945 2670 Denique
2988 2601 3091 2656 hoc
3131 2602 3231 2654 illis
3272 2604 3675 2671 interpretatur,
3704 2618 3831 2655 cum
3866 2602 3938 2656 de

2329 2693 2722 2749 resurrectione
2751 2696 3007 2765 loquitur,
3037 2704 3093 2750 et
3120 2695 3185 2749 ad
3220 2694 3268 2748 id
3301 2710 3555 2749 sermone
3586 2696 3723 2747 viam
3754 2704 3935 2763 parat.

2329 2781 2454 2835 ldeo
2484 2794 2674 2852 sponte
2706 2787 2945 2853 pra-terit
2970 2828 2985 2851 ,
3017 2787 3267 2856 quoniam
3303 2787 3435 2839 bona
3466 2786 3531 2839 ad
3564 2786 3684 2839 illos
3724 2796 3942 2855 pertra-

2330 2872 2536 2926 hendos
2579 2891 2683 2927 non
2722 2876 2850 2928 satis
2889 2887 3043 2929 erant
3078 2896 3090 2929 :
3122 2892 3446 2947 quamquam
3490 2876 3590 2929 hoc
3632 2858 3940 2945 ntnnquam

2330 2963 2527 3018 factum
2559 2978 2659 3020 est.
2695 2968 2863 3021 Nemo
2890 2970 3031 3022 enim
3063 2979 3186 3022 tunc
3216 2968 3431 3037 ell'ugit;
3464 2984 3604 3021 nunc
3636 2982 3765 3021 vero
3795 2967 3940 3021 lide-

2333 3054 2409 3109 les
2435 3056 2735 3125 ell'ugt-runt
2760 3056 2859 3110 sub
2892 3058 3235 3128 Vespasiano.
3266 3059 3331 3111 Et
3360 3062 3458 3113 hoc
3483 3057 3728 3126 estquod
3756 3058 3900 3113 dicit
3924 3076 3941 3113 :

2336 3146 2453 3201 Nisi
2482 3151 2752 3201 abbreviati
2780 3151 2990 3219 ﬁnissent
3018 3152 3123 3205 dies
3152 3153 3249 3217 illi,
3280 3168 3379 3204 non
3402 3154 3597 3205 salvata
3621 3152 3796 3219 [uisset
3824 3167 3948 3205 om-

2335 3242 2412 3293 nis
2443 3258 2562 3294 raro
2592 3241 2804 3311 (Matth.
2838 3244 2926 3297 ‘25.
2959 3243 3071 3313 2:2).
3102 3244 3252 3310 Quod
3286 3244 3561 3298 molestius
3591 3252 3726 3309 erat,
3759 3242 3948 3313 primo

2334 3332 2555 3401 contigit
2586 3350 2599 3385 :
2634 3335 2805 3401 primo
2832 3334 2973 3387 enim
3005 3334 3200 3388 accidit
3226 3343 3281 3388 ut
3313 3333 3639 3388 habitatores
3667 3349 3947 3404 caperen-

2338 3434 2443 3487 tur,
2471 3433 2526 3478 et
2557 3424 2683 3480 urbs
2714 3426 3118 3482 subverteretur
3144 3436 3196 3481 et
3225 3428 3665 3482 succentleretur.

2413 3517 2549 3584 Quid
2570 3530 2664 3586 est,
2694 3520 2867 3572 lunam
2894 3521 3078 3573 mutari
3105 3521 3157 3573 in
3185 3522 3480 3591 sanguinem
3505 3522 3529 3573 ?
3553 3551 3624 3560 —
3652 3520 3858 3576 Deinde
3891 3523 3946 3575 in

2338 3611 2650 3680 metaphora
2694 3612 2793 3666 insi
2828 3612 2926 3677 tit,
2960 3613 3058 3667 sub
3094 3613 3277 3667 oculos
3318 3612 3623 3666 auditorum
3663 3613 3948 3668 excidium

2340 3704 2629 3759 adducens.
2663 3704 2759 3759 Sol
2784 3715 3097 3759 convcrtetur
3130 3707 3181 3758 in
3214 3708 3442 3759 tenebras
3466 3747 3480 3771 ,
3512 3716 3558 3760 et
3586 3707 3707 3759 luna
3731 3711 3785 3759 in
3811 3722 3947 3759 san-

2341 3797 2563 3865 guinem.
2595 3795 2709 3867 (a)[
2735 3798 2869 3863 Quid
2893 3805 2975 3851 est
2998 3839 3012 3860 ,
3035 3797 3211 3850 lunam
3244 3798 3432 3850 mutari
3464 3799 3514 3850 in
3548 3797 3948 3869 sanguinem?)

2344 3887 2566 3942 Videtur
2596 3888 2725 3942 mihi
2759 3889 2843 3943 hic
2871 3889 3156 3943 maximam
3192 3888 3393 3943 caedem
3424 3888 3660 3942 indicare
3684 3930 3695 3951 ,
3723 3902 3948 3942 sermo-

2346 3994 2574 4047 nemque
2618 3979 2688 4033 ita
2735 3980 3111 4033 coacinnatum
3162 3994 3312 4045 8:58,
3358 3989 3413 4033 ut
3458 3982 3692 4034 maximo
3734 3990 3952 4034 terrore

2345 4070 2583 4140 impleat.
2618 4071 2685 4124 Et
2714 4072 2842 4137 erit,
2877 4072 3039 4125 onmis
3075 4073 3374 4142 quicumque
3412 4072 3715 4127 invocaverit
3755 4089 3952 4125 nomen

2347 4165 2575 4230 Domini,
2606 4166 2773 4218 salvus
2813 4168 2925 4220 erit.
2962 4166 3162 4229 Omnis,
3197 4169 3387 4236 inquit,
3421 4176 3474 4220 et
3503 4166 3547 4220 si
3586 4165 3841 4220 sacerdos
3875 4166 3953 4219 sit

2348 4256 2465 4327 (sed
2495 4256 2728 4310 nondum
2756 4258 3002 4324 revelat),
3026 4259 3137 4312 sive
3158 4273 3345 4313 servus
3368 4260 3456 4325 sit,
3486 4260 3598 4312 sive
3619 4259 3753 4313 liber
3777 4276 3789 4309 :
3818 4257 3952 4313 Non

2347 4357 2419 4401 ett
2446 4350 2576 4401 enim
2604 4365 2712 4402 mas
2740 4365 2899 4418 neque
2926 4352 3115 4419 femina
3142 4352 3195 4403 in
3223 4350 3423 4405 Christo
3448 4350 3591 4416 Jesu,
3615 4368 3715 4404 non
3744 4366 3949 4415 servus,

2347 4457 2445 4495 ncn
2473 4440 2595 4496 liber
2624 4442 2765 4513 (Gal.
2794 4444 2845 4497 5.
2874 4440 2988 4514 98).
3017 4443 3142 4498 Jure
3169 4444 3380 4513 quidem
3412 4462 3424 4497 :
3455 4444 3555 4499 hoc
3584 4442 3955 4499 enim'discri-

2347 4550 2470 4589 men
2504 4536 2587 4589 hic
2615 4547 2730 4601 est,
2761 4536 2849 4591 ubi
2876 4537 3053 4591 omnia
3081 4537 3263 4591 umbra
3306 4547 3447 4591 sunt.
3483 4537 3614 4591 Nam
3645 4538 3687 4591 si
3718 4538 3767 4590 in
3798 4538 3951 4607 regia

2352 4642 2507 4681 nemo
2536 4627 2750 4694 nobilis,
2781 4644 2937 4684 nemo
2965 4629 3231 4699 ignobilis,
3258 4630 3349 4683 sed
3377 4646 3469 4683 sua
3493 4644 3758 4699 quemque
3778 4644 3953 4701 opera

2352 4726 2553 4783 notant,
2576 4722 2694 4775 etsi
2718 4721 2769 4775 in
2792 4730 2905 4775 arte
2928 4736 3062 4789 Opus
3089 4722 3427 4776 commendat
3452 4722 3709 4777 artiﬁcem
3738 4742 3751 4777 :
3776 4725 3957 4778 multo

2351 4810 2515 4877 magis
2544 4811 2594 4863 in
2622 4812 2711 4865 illo
2736 4821 2896 4865 statu.
2924 4812 3101 4867 Omnis
3125 4814 3419 4889 quicumque
3443 4816 3761 4869 invocaverit.
3792 4814 3956 4869 Invo-

2351 4905 2558 4970 caverit,
2585 4904 2821 4973 inquam,
2846 4921 2949 4959 non
2972 4907 3156 4975 quavis
3179 4907 3382 4961 ratione
3404 4906 3550 4979 (Non
3572 4909 3723 4971 enim,
3750 4907 3953 4977 inquit,

2351 4996 2514 5050 onmis
2541 4996 2627 5065 qui
2648 4997 2771 5050 dicit
2798 4998 2941 5065 mihi,
2971 4997 3203 5067 Domine,
3232 4997 3447 5054 Domine
3472 4998 3683 5072 [Matt/tt.
3712 5001 3764 5053 7.
3792 4999 3888 5072 ἓξ]
3909 5003 3954 5072 ),

2351 5089 2445 5144 sed
2466 5090 2697 5159 quicum
2726 5090 2939 5156 affectu,
2962 5107 3081 5145 cum
3106 5094 3305 5161 Optima
3330 5095 3457 5159 vita,
3484 5108 3603 5146 cum
3632 5097 3955 5164 congruenti

2351 5178 2563 5234 ﬁducia.
2598 5180 2811 5235 Interim
2842 5196 2947 5237 non
2979 5182 3202 5239 moleste
3231 5184 3483 5255 loquitur,
3513 5184 3581 5239 de
3613 5183 3715 5239 ﬁde
3745 5200 3953 5255 agens,

2352 5288 2527 5343 neque
2554 5275 2794 5343 supplicii
2826 5285 3085 5332 terrorem
3121 5278 3475 5333 abscondens.
3504 5278 3818 5346 Quomodo?
3844 5280 3957 5337 Os-

2354 5366 2523 5421 tendit
2548 5366 2598 5421 in
2632 5369 2967 5426 invocatione
2992 5372 3217 5426 salutem
3251 5386 3388 5427 esse.

2424 5457 2477 5510 5.
2508 5457 2665 5523 Quid,
2695 5476 2897 5527 quicso,
2929 5462 3101 5517 dicis?
3126 5464 3349 5518 salutem
3377 5479 3643 5520 memoras
3677 5474 3795 5533 post
3822 5480 3956 5521 eru-

2352 5549 2510 5603 cem?
2548 5548 2812 5620 Exspecta
2856 5552 3066 5608 interim
3098 5572 3110 5607 :
3142 5570 3328 5625 magna
3373 5566 3454 5610 est
3498 5555 3593 5610 Dei
3637 5556 3953 5612 clementia.

2352 5642 2418 5697 Et
2449 5642 2549 5698 hoc
2590 5659 2696 5699 non
2736 5646 2911 5701 minus
2955 5646 3186 5702 ostendit
3217 5648 3364 5703 illum
3402 5663 3523 5704 esse
3554 5648 3717 5703 Deum
3741 5690 3754 5713 ,
3788 5667 3956 5719 (piam

2401 5780 2490 5886 1(α)
2502 5790 2618 5892 gum
2640 5785 2824 5894 tmcinis
2847 5782 3155 5847 clauduntur,
3173 5784 3379 5835 deerant
3419 5784 3468 5835 ia
3492 5783 3651 5844 alitis,
3674 5790 3726 5835 et
3746 5797 3806 5835 ex
3840 5790 3959 5833 mss.

2421 5857 2494 5894 IU'L'
2570 5858 2659 5893 δυιι
2689 5880 2701 5893 .

2358 5856 2545 5903 adjecta
2570 5856 2701 5894 sunt.

4058 1046 4061 1139 l

4060 1162 4063 1255 l

4063 1278 4065 1371 l

4064 1394 4067 1481 l

4067 1512 4069 1581 γ
