4098 6324
678 346 751 403 53
1267 348 1326 404 S.
1361 347 1650 406 JOANNIS
1685 337 2173 402 CHRYSOSTOMI
2209 335 2534 392 ARCIIIEP.
2577 336 3127 394 CONSTANTINOP.
3874 333 3946 386 56

673 461 837 515 αὐτὸν
860 459 1096 514 δείκνυσι
1123 462 1276 525 Θεὸν,
1320 467 1415 519 καὶ
1441 466 1548 520 τῶν
1575 465 1837 536 σημείων,
1873 463 1932 514 τὸ
1965 459 2182 517 τούτους
2215 467 2241 536 ἐ

674 543 1116 613 προσκαλεῖσθαι.
1153 546 1227 599 Τὸ
1269 549 1379 620 γὰρ
1415 535 1637 618 σφόδρα
1661 547 1883 615 ἀγαθὸν,
1918 542 2076 595 τοῦτο
2105 535 2241 591 Θεοῦ

674 625 910 694 μάλιστα
947 626 1095 679 ἴδιον.
1122 628 1220 680 Διά
1243 630 1400 683 τοῦτο
1429 633 1523 684 καὶ
1552 631 1720 698 λέγει’
1759 627 1969 691 Οὐδεὶς
1996 623 2238 692 ἀγαθὸς,

668 707 721 758 εί
757 705 844 772 μὴ
883 701 972 770 εἷς
1020 711 1053 761 d
1101 712 1262 776 Θεός.
1306 711 1464 763 Ἀλλά
1512 713 1586 781 μὴ
1646 711 1742 780 τὴν
1797 708 2108 776 ἀγαθότητιῑ
2149 706 2231 766 είς

669 787 926 860 ἀφορμὴν
977 791 1251 862 ῥᾳθυμίας
1306 794 1579 865 λάϐωμεν”
1628 791 1862 862 καὶγὰρ
1895 791 1988 844 καὶ
2024 785 2242 849 κολάζει

669 873 922 944 καθάπερ
958 875 1106 937 Θεός.
1152 878 1300 931 Αὐτά
1331 877 1460 944 γοῦν
1483 877 1656 930 ταῦτα
1689 876 1850 937 αὐτὸς
1883 873 2176 944 εἰργάσατο
2213 871 2242 923 6

667 955 857 1016 είπὼν,
911 959 1009 1023 Ὃς
1061 957 1138 1010 ἂν
1174 959 1606 1027 ἐπικαλέσηται
1650 959 1716 1012 τὸ
1766 958 1952 1026 ὄνομα
1992 953 2240 1022 Κυρίου.

667 1037 1028 1103 σωθήσεται.
1065 1041 1143 1093 Τά
1197 1041 1338 1094 κατά
1390 1041 1486 1112 τὴν
1520 1041 1876 1111 Ἰερουσαλὴμ
1926 1037 2091 1104 λέγω,
2141 1033 2241 1106 τὴν

666 1121 935 1192 ἀφόρητον
980 1124 1194 1193 ἐκείνην
1227 1124 1469 1176 κόλασιν·
1504 1119 1572 1195 ἦς
1612 1124 1871 1193 βούλομαι
1912 1121 2068 1188 ὀλίγα
2105 1117 2242 1189 πρὸς

666 1204 809 1272 ὑμᾶς
847 1207 1040 1266 είπεῖν,
1077 1209 1482 1278 χρησιμεύοντα
1508 1211 1638 1278 ἡμῖν
1683 1209 1777 1261 καὶ
1808 1206 1942 1277 πρὸς
1974 1205 2242 1274 Μαρκιω-

663 1287 850 1350 νιστάς
909 1289 1000 1341 καὶ
1055 1291 1191 1360 πρὸς
1238 1292 1430 1354 ἀλλους
1483 1291 1712 1353 πολλοὺς
1765 1290 1874 1343 τῶν
1923 1285 2235 1357 αίρετικῶν.

675 1369 890 1441 Ἐπειδὴ
918 1371 1026 1442 γὰρ
1055 1373 1302 1442 λέγουσιν
1325 1375 1529 1439 ἀγαθὸν
1555 1374 1687 1426 Θεὸν
1712 1373 1803 1426 τὸν
1827 1371 2078 1442 Χριστὸν,
2104 1370 2240 1422 ἐκεῖ-

661 1469 751 1504 νον
777 1454 835 1506 δέ
883 1457 1137 1526 πονηρὸν,
1182 1458 1380 1529 ίδωμεν
1412 1459 1496 1521 τίς
1532 1456 1701 1510 ταῦτα
1736 1456 1975 1525 ἐποίησε.
2004 1453 2099 1516 Τίς
2129 1451 2240 1504 τοί-

662 1554 756 1588 νυν
799 1537 972 1592 ταῦτα
1022 1541 1348 1611 είργάσατο;
1403 1543 1432 1594 6
1483 1541 1738 1611 πονηρὸς,
1771 1540 1945 1609 τούτῳ
1977 1537 2232 1608 ἀμύνωνὲ

659 1620 946 1688 Οὐδαμῶς.
980 1623 1100 1686 Πῶς
1125 1619 1217 1676 οὖν
1242 1625 1403 1677 αὐτοῦ
1434 1624 1746 1695 ἀλλότριος;
1784 1623 1923 1676 Ἀλλ’
1951 1625 1978 1674 6
2001 1621 2202 1690 ἀγαθός
2217 1637 2230 1686 ς

671 1703 832 1756 Ἀλλά
861 1706 1134 1758 δείκνυται
1169 1709 1261 1760 καὶ
1286 1711 1312 1761 6
1348 1709 1534 1779 Πατὴρ
1563 1710 1654 1761 καὶ
1683 1711 1710 1761 6
1745 1709 1872 1767 Υἱὸς
1893 1704 2231 1776 πεποιηκώς’

657 1787 684 1837 6
719 1786 1034 1858 μέν’Πατὴρ
1065 1791 1354 1860 πολλαχοῦ,
1388 1792 1462 1854 ὼς
1497 1793 1626 1844 ὅταν
1667 1792 1819 1862 λέγῃ,
1861 1792 1918 1843 ἐν
1948 1789 2027 1860 τῷ
2053 1790 2236 1858 ἀμπε-

657 1866 786 1919 λῶνι
833 1870 1073 1940 πέμπειν
1120 1873 1186 1925 τὰ
1234 1874 1619 1944 στρατεύματα
1679 1873 1878 1927 αὐτοῦ·
1922 1874 1950 1925 6
1995 1872 2052 1924 δὲ
2085 1871 2233 1933 Υίὸς,

559 1964 562 1967 ·
655 1948 784 2002 ὅταν
835 1951 988 2024 λέγῃ.
1047 1954 1193 2019 ΊὈὺς
1233 1955 1303 2008 δὲ
1363 1958 1616 2025 ἐχθρούς
1665 1974 1786 2025 μου
1834 1954 2084 2023 ἀγάγετε
2132 1952 2232 2005 καὶ

655 2035 1082 2102 κατασφάξατε
1106 2038 1365 2091 ἐνώπιόν
1393 2057 1536 2107 μου,
1572 2040 1712 2104 τοὺς
1735 2038 1823 2106 μὴ
1852 2033 2230 2104 θελήσαντάς

654 2135 725 2179 με
752 2118 950 2172 αὐτῶν
979 2121 1374 2183 βασιλεῦσαι.
1407 2122 1620 2185 ’Ἄλλως
1667 2123 1722 2174 δὲ
1765 2123 1860 2175 καὶ
1893 2119 2055 2184 αὐτὸς
2084 2119 2231 2186 λέγει

653 2199 752 2262 τὰς
785 2201 992 2269 θλίψεις
1016 2202 1114 2264 τάς
1147 2205 1433 2273 ἐσομένας,
1459 2198 1533 2256 ὧν
1557 2204 1708 2257 οὐδὲν
1737 2204 2015 2274 ὠμότερον
2039 2202 2231 2270 γέγονε

653 2283 764 2335 τῶν
789 2283 1008 2337 πώποτε
1045 2289 1473 2357 πεπραγμένων,
1504 2289 1595 2340 καὶ
1622 2287 1784 2350 αὐτὸς
1811 2286 1982 2350 αὐτὰς
2013 2284 2232 2352 ἀπεφή-

653 2383 800 2420 νατο.
840 2367 1030 2431 Θέλεις
1079 2365 1172 2422 οὖν
1224 2371 1454 2424 ἀκοῦσαι
1493 2371 1562 2424 τὰ
1608 2371 1979 2440 γεγενημένα;
2023 2367 2234 2421 Ὀϐελί-

654 2465 804 2510 σκοις
831 2449 1028 2513 αὐτοὺς
1064 2451 1362 2522 διέπειραν.
1408 2454 1472 2505 Τί
1502 2453 1705 2506 τούτων
1739 2455 1867 2506 ίδεῖν
1895 2452 2227 2522 βαρύτερον;

665 2531 822 2584 Ἀλλά
851 2531 910 2585 τὸ
941 2533 1040 2603 τῆς
1065 2535 1322 2600 γυναικὸς
1352 2535 1532 2604 βούλει
1566 2537 1735 2600 πάθος
1763 2536 2100 2607 διηγήσομαι
2137 2535 2231 2587 καὶ

651 2615 747 2684 τὴν
770 2616 1076 2684 τραγῳδίαν
1125 2617 1361 2687 ἐκείνην,
1395 2619 1518 2687 ἥτις
1549 2621 1729 2672 πᾶσαν
1762 2619 2050 2688 ἀπέκρυψε
2093 2635 2232 2688 συμ-

651 2697 858 2766 φοράν;
911 2698 1047 2750 ἀλλά
1080 2702 1205 2763 τοὶς
1257 2699 1448 2770 λιμούς
1496 2702 1591 2754 καὶ
1639 2703 1764 2764 τοὺς
1812 2701 2065 2770 λοιμούς;
2119 2702 2230 2754 Καὶ

651 2779 890 2849 παρίημι
947 2780 1014 2833 τά
1064 2782 1270 2837 τούτων
1328 2783 1706 2854 χαλεπώτερα.
1767 2783 2040 2854 Ἥγνοήθη
2099 2783 2228 2853 παρ’

647 2862 878 2925 ἐκείνοις
911 2864 942 2932 ἠ
973 2865 1152 2931 φύσις,
1184 2866 1422 2937 “mea;
1477 2869 1504 2918 6
1549 2867 1734 2936 νόμοςο
1762 2866 1835 2920 τὰ
1858 2867 2024 2937 θηρία
2055 2868 2228 2938 ὐπερ-

645 2943 955 3011 ηκόντισαν.
1012 2946 1195 3000 Πάντα
1243 2947 1297 3000 δὲ
1349 2948 1523 3001 ταῦτα
1565 2948 1670 3001 ὐπὸ
1712 2949 1809 3019 τῆς
1836 2951 2084 3020 ἀνάγκης
2117 2949 2227 3003 τῶν

647 3026 896 3095 πολέμων
925 3027 1138 3096 γέγονε,
1170 3029 1261 3082 τοῦ
1301 3031 1436 3083 Θεοῦ
1481 3033 1802 3102 βουλομένου
1835 3035 1928 3086 καὶ
1957 3034 2052 3088 τοῦ
2086 3033 2223 3106 Χρι-

648 3109 794 3164 στοῦ.
829 3109 1014 3163 Ταῦτα
1044 3113 1138 3164 καὶ
1192 3113 1327 3184 πρὸς
1368 3116 1791 3186 Μαρκιωνιστάς
1831 3117 2082 3187 ἁρμόσει,
2131 3118 2224 3171 καὶ

647 3191 782 3259 πρὸς
809 3193 933 3255 τούς
976 3194 1340 3257 ἀπιστοῦντας
1367 3200 1430 3266 τῇ
1463 3199 1676 3269 γεέννη-
1714 3199 1872 3251 ἱκανά
1906 3200 2015 3270 γὰρ
2046 3199 2224 3253 αὐτῶν

643 3275 994 3344 ἐπιστομίσαι
1018 3277 1115 3347 τὴν
1145 3280 1546 3350 ἀναισχυντίαν.
1574 3283 1694 3334 Τῶν
1725 3287 1781 3336 ἐν
1814 3284 2092 3336 Βαϐυλῶνι
2123 3301 2223 3337 κα-

641 3355 754 3408 κῶν
785 3357 904 3427 οὐχὶ
933 3362 1105 3412 ταῦτα
1165 3363 1555 3435 χαλεπώτερα;
1607 3365 1717 3418 τῶν
1779 3366 1952 3436 λιμῶν
1997 3368 2220 3428 ἐκείνων

638 3441 762 3510 οὐχὶ
791 3440 962 3495 ταῦτα
994 3444 1171 3514 πολλῷ
1201 3445 1502 3517 βαρύτερα;
1538 3451 1673 3519 Περὶ
1699 3451 1904 3504 τούτων
1934 3452 2028 3503 καὶ
2058 3453 2219 3515 αὐτὸς

640 3525 956 3594 ἀπεφήνατο
984 3530 1288 3598 δ’Χριστδς,
1313 3531 1506 3597 λέγων’
1536 3535 1742 3586 Ἔσται
1776 3536 1984 3602 θλίψις
2010 3536 2106 3589 οἷα
2147 3539 2218 3590 οὐ

638 3605 905 3675 τέτυνεν,
938 3610 1081 3664 οὐδὲ
1103 3612 1189 3680 μὴ
1223 3611 1481 3682 γένηται.
1518 3616 1640 3677 Πῶς
1675 3612 1768 3669 οὖν
1797 3617 2019 3684 λέγουσί
2052 3635 2213 3684 τινες,

637 3688 946 3772 δτι-εἴασεν
995 3695 1177 3758 αὐτοῖς
1222 3698 1250 3749 6
1284 3696 1514 3767 Χριστὸς
1566 3699 1664 3767 τὴν
1707 3700 2008 3769 ἀμαρτίαν;
2064 3702 2218 3772 Τάχα

633 3769 783 3858 δοκεῖ
811 3774 987 3827 κοινὸν
1014 3772 1155 3830 εἶναι
1181 3777 1242 3832 τὸ
1271 3780 1513 3849 ζήτημα·
1551 3781 1664 3832 ἀλλ’
1699 3782 1870 3858 ὑμεῖςὲ
1885 3783 2016 3836 αὐτὸ
2040 3769 2216 3837 ἱκανοὶ

634 3854 816 3909 λῦσαι.
864 3859 1052 3922 Οὐδεὶς
1082 3861 1315 3930 οὐδαμοῦ
1347 3864 1574 3934 πλάσμα
1606 3865 1844 3918 τοιοῦτον
1859 3854 1984 3935 ’ἔχει
2020 3867 2212 3932 δεῖξαι,

634 3933 746 3990 οἷον
773 3941 866 3992 ἐπὶ
893 3939 988 4011 τῆς
1017 3943 1275 4012 ἀληθείας
1306 3933 1516 4014 γέγονε.
1555 3948 1664 4000 Καὶ
1686 3949 1733 4000 εί
1767 3948 1865 4016 μὲν
1891 3933 2216 4020 Χριστιανὸς

633 4022 663 4074 6
695 4022 866 4075 ταῦτα
896 4025 1123 4094 γράφων
1162 4023 1250 4098 ἦν,
1285 4029 1385 4082 κᾶν
1417 4029 1656 4094 ὕποπτος
1679 4034 1706 4084 6
1735 4032 1890 4099 λόγος
1921 4030 1989 4104 ἦν
2014 4052 2028 4065 ·
2077 4037 2124 4088 εἰ
2159 4035 2213 4087 δὲ

648 4105 914 4171 Ἰουδαῖος.
940 4110 1032 4162 καὶ
1065 4110 1310 4174 Ἰουδαῖος
1335 4113 1598 4185 ζηλωτὴς,
1630 4116 1768 4184 μετά
1800 4117 1859 4168 τὸ
1885 4118 2214 4186 Εὐαγγέλιον

633 4187 821 4253 ἐλθὼν,
859 4192 976 4255 πῶς
1008 4193 1069 4245 οὐ
1105 4196 1238 4247 πᾶσι
1286 4197 1561 4266 κατάδηλα
1605 4198 1672 4251 τὰ
1717 4200 2016 4269 γενόμενα;
2055 4202 2212 4271 Ὀψει

630 4271 740 4342 γὰρ
789 4273 952 4328 αὐτὸν
998 4277 1270 4348 πανταχοῦ
1319 4281 1411 4332 καὶ
1473 4282 1771 4352 ἐπαίροντα
1815 4283 1886 4336 τά
1920 4284 2208 4342 Ἰουδαῖκά.

631 4353 842 4434 ρύκοῦν
899 4358 1013 4411 ἐστι
1052 4362 1144 4413 καὶ
1191 4361 1403 4428 γέεννα,
1435 4365 1528 4416 καὶ
1574 4365 1775 4434 ἀγαθός
1817 4370 1965 4420 ἐστιν
1999 4370 2027 4422 6
2055 4369 2205 4433 Θεός.

630 4431 776 4507 ’Δρα
812 4439 1063 4509 ὲφρίξατε
1091 4442 1262 4498 ταῦτα
1303 4431 1661 4514 ἀκούσαντεςς
1705 4449 1864 4503 Ἀλλά
1911 4450 2084 4504 ταῦτα
2123 4431 2202 4505 ἐν.

628 4520 804 4605 ταῦθα
834 4524 1089 4593 γινόμενα
1118 4526 1271 4579 οὐδέν
1298 4529 1413 4582 ἐστι
1442 4529 1577 4601 πρὸς
1600 4532 1667 4585 τὰ
1688 4533 1819 4586 ἐκεῖ.
1853 4533 2022 4587 Πάλιν
2038 4537 2209 4605 ἀναγ-

629 4601 864 4688 κάζομαι
909 4605 1079 4678 ἀηδὴς
1107 4609 1388 4676 φαίνεσθαι
1446 4613 1539 4664 καὶ
1597 4615 1849 4686 φορτικὸς
1884 4617 1979 4668 καὶ
2009 4601 2204 4688 βαρύς·

627 4687 854 4771 ἀλλάτί
896 4690 1083 4750 πάθω;
1142 4693 1236 4755 Είς
1273 4693 1430 4747 τοῦτο
1480 4700 1688 4767 κεῖμαι.
1734 4700 2000 4771 Καθάπερ
2055 4687 2210 4754 παιδ-

626 4770 842 4853 ἀγωγὸς
892 4771 1123 4841 χαλεπὸς
1173 4776 1253 4838 είς
1295 4776 1453 4830 τοῦτο
1488 4781 1687 4845 κεῖται,
1720 4783 1798 4844 είς
1845 4781 1906 4833 τὸ
1937 4770 2208 4853 μισεῖσθαι

629 4851 782 4937 παρὰ
830 4853 936 4937 τῶν
967 4855 1521 4928 παιδαγωγουμένωνο
1576 4862 1717 4916 οὕτω
1764 4865 1828 4935 δὴ
1881 4851 1974 4918 καὶ
2021 4869 2203 4937 ἡμεῖς.

628 4933 890 5018 Πῶςῗγάρ
921 4937 1021 4989 οὐκ
1047 4937 1266 5004 ἀτοπον,
1298 4943 1422 5006 τοὺς
1455 4945 1552 5014 μὲν
1585 4948 1733 5017 παρά
1762 4933 2026 5018 βασιλέων
2042 4933 2206 5016 ’τάξιν

625 5017 746 5068 τινὰ
767 5017 881 5088 [45]
906 5019 1226 5088 ταχθέντας,
1243 5024 1345 5076 κᾶν
1367 5027 1524 5094 ἀηδὲς
1610 5031 1669 5082 τὸ
1690 5017 2156 5101 προσταττόμενον
2177 5037 2204 5075 δ

627 5102 838 5184 ποιεῖν(
857 5102 1004 5171 ἡμᾶς
1026 5103 1081 5156 δὲ
1109 5104 1198 5155 διὰ
1226 5106 1323 5176 τὴν
1360 5111 1490 5179 παρ’
1522 5111 1674 5181 ὑμῶν
1703 5114 1909 5184 μέμψιν
1939 5116 2206 5170 ἐλλείπειν

624 5182 723 5253 τὴν
751 5183 927 5248 τάξιν,
966 5186 1030 5256 ἦν
1059 5187 1402 5259 ἐτάχθημεν;

695 5266 1074 5352 Ἄλλος-ἔργον
1104 5271 1213 5340 ἔχει
1255 5273 1471 5344 ἕτερον⁸
1526 5276 1678 5346 ὐμῶν
1708 5277 1764 5330 δὲ
1814 5279 1996 5334 πολλοὶ
2043 5282 2202 5352 ἔργον

623 5346 822 5434 ἔχουσι,
855 5349 916 5402 τὸ
947 5351 1137 5419 ἐλεεῖν,
1184 5355 1241 5407 τὸ
1281 5357 1841 5430 φιλανθρωπεύεσθαι,
1886 5365 2033 5434 ἡδεῖς
2062 5346 2199 5420 εἶναι

622 5429 717 5516 καὶ
738 5436 1031 5516 προσηνεῖς
1059 5438 1165 5498 τοῖς
1209 5429 1703 5510 εὐεργετουμένοις.
1762 5429 1952 5516 Ἡμεῖς
1991 5449 2045 5501 δέ
2090 5453 2200 5514 τοῖς

620 5511 1016 5582 ὠφελουμένοις
1071 5519 1255 5588 βαρεῖς
1305 5523 1605 5593 φαινόμεθα
1661 5528 1750 5579 καὶ
1797 5530 2052 5597 χαλεποὶ,
2106 5537 2199 5588 καὶ

621 5596 868 5662 φορτικοὶ
930 5597 1022 5650 καὶ
1086 5601 1264 5666 ἀηδεῖς
1297 5619 1309 5630 ·
1379 5605 1437 5655 οὐ
1505 5605 1611 5676 γάρ
1677 5607 1742 5659 δι’
1789 5596 1863 5661 ὧν
1924 5612 2198 5682 τέρπομεν

623 5673 965 5744 ὼφελοῦμεν,
1026 5680 1165 5733 ἀλλά
1237 5685 1302 5737 δι’
1337 5679 1412 5738 ὧν
1449 5686 1734 5757 δάκνομεν,
1796 5693 2043 5756 Τοιοῦτός
2083 5698 2198 5750 ἐστι

618 5757 711 5808 καὶ
771 5761 800 5810 6
859 5763 1058 5830 ίατρός.
1124 5765 1256 5818 Ἀλλ’
1309 5770 1514 5833 ἐκεῖνος
1570 5771 1667 5841 μὲν
1726 5774 1784 5825 οὐ
1831 5777 2034 5844 σφόδρα
2093 5783 2197 5850 ἀη-

679 5889 704 5949 ﬁ,
745 5881 874 5928 Idem
897 5885 990 5932 τῶν
1017 5887 1227 5948 σημείων
1253 5890 1338 5952 οὐχ
1370 5891 1508 5949 ἦττον
1548 5895 1603 5942 τὸ
1629 5895 1836 5951 τούτους.
1907 5899 1932 5937 b
1965 5901 2097 5950 [nus
2141 5905 2195 5952 τὸ

615 5956 914 6005 προσταγμα.

2350 453 2478 523 δής·
2534 457 2733 519 εὐθέως
2785 455 2893 525 γὰρ
2931 457 3031 525 τῆς
3073 453 3237 508 αὐτοῦ
3292 453 3486 523 τέχνης
3541 450 3638 522 τὴν
3671 447 3951 522 ὠφέλειαν

2350 539 2650 609 παρέχεται
2679 559 2692 571 ι
2745 542 2905 611 ἡμεῖς
2936 541 2994 594 δὲ
3028 543 3085 594 ἐν
3117 539 3195 610 τῷ
3231 539 3496 608 μέλλοντι.
3533 533 3786 595 Τοιοῦτός
3827 535 3951 586 ἐστι

2349 623 2443 674 καὶ
2459 624 2486 674 6
2507 622 2784 693 δικαστὴς,
2803 623 3044 694 λυπηρὸς
3065 627 3175 686 τοῖς
3191 621 3406 676 νοσοῦσι
3434 620 3529 672 καὶ
3559 618 3944 675 στασιάζουσι.

2345 703 2588 768 τοιοῦτος
2618 707 2645 758 6
2687 707 3004 776 νομοθέτης.
3028 707 3270 777 λυπηρὸς
3291 708 3402 768 τοῖς
3427 703 3946 774 νομοθετουμένοις.

2357 788 2497 842 Ἀλλ’
2517 790 2615 858 οὐχ
2634 792 2662 842 6
2682 789 2860 843 καλῶν
2882 791 2974 842 ἐπὶ
2989 790 3218 860 τρυφὴν,
3237 788 3358 841 οὐδέ
3378 790 3407 840 6
3425 785 3741 857 δημοτελεῖς
3771 783 3949 837 ποιῶν

2343 870 2537 940 ἐορτάς
2570 872 2663 925 καὶ
2694 873 3051 943 πανηγύρεις,
3083 873 3204 949 οὐδέ
3236 873 3265 924 6
3299 869 3576 938 στεφανῶν
3605 869 3696 921 τὸν
3729 867 3946 937 δῆμον·

2343 953 2480 1006 ἀλλά
2508 957 2799 1023 προσηνεῖς
2817 949 2984 1017 οὗτοι,
3012 953 3344 1024 εὐωχοῦντες
3366 953 3465 1015 τὰς
3493 952 3676 1014 πόλεις
3697 951 3948 1021 θεάμασι

2342 1037 2726 1103 παντοδαποῖς,
2772 1038 3117 1109 εἰσφέροντες
3146 1077 3161 1102 ,
3184 1035 3590 1096 ἀναλίσκοντες.
3646 1034 3743 1086 Διά
3777 1033 3950 1086 τοῦτο

2343 1119 2439 1170 καὶ
2465 1119 2764 1189 εὐφημίαις
2795 1130 2817 1158 ε
2851 1121 3046 1182 αὐτοὺς
3082 1119 3400 1190 ἀμείϐονται
3443 1118 3493 1170 οί
3538 1117 3804 1190 παθόντες
3854 1110 3943 1181 εὖ,

2341 1203 2436 1255 καὶ
2501 1187 2983 1274 παραπετάσμασι,
3034 1187 3134 1256 καῖ
3183 1202 3485 1271 λαμπάδων
3551 1187 3785 1272 πλήθει.
3845 1201 3948 1253 καὶ

2342 1284 2639 1354 στέμμασι,
2671 1286 2766 1338 καὶ
2796 1285 3032 1348 κλάδοις,
3071 1286 3165 1339 καὶ
3209 1286 3396 1355 ἐσθῆτι
3430 1285 3678 1355 λαμπρᾷ.
3737 1285 3841 1336 “Av
3885 1283 3947 1335 δὲ

2337 1367 2429 1440 τόν
2456 1369 2636 1439 ίατρδν
2659 1369 2838 1421 ἴδωσιν
2866 1370 2915 1421 οί
2950 1369 3271 1440 κάμνοντες,
3297 1368 3516 1436 στυγνοὶ
3543 1369 3636 1420 καὶ
3666 1370 3947 1436 κατηφεῖς

2337 1449 2609 1518 γίνονται·
2647 1450 2712 1503 ἂν
2751 1451 2842 1503 τὸν
2887 1451 3150 1524 δικαστὴν
3195 1452 3396 1522 ὁμοίως
3423 1452 3474 1504 οἱ
3527 1449 3941 1514 στασιάζοντες,

2339 1534 2758 1604 συνεσταλμένοι
2801 1535 3064 1602 γίνονται,
3117 1536 3241 1604 οὐχὶ
3289 1534 3616 1604 διαχέονται,
3671 1533 3791 1584 οὐδὲ
3854 1533 3946 1602 6p-

2335 1616 2580 1685 χοῦνται,
2606 1618 2745 1686 πλὴν
2775 1618 2904 1670 ὅταν
2931 1619 3181 1681 κάκεῖνος
3210 1620 3289 1681 εἰς
3320 1618 3537 1688 ἐκείνην
3566 1619 3807 1688 μεταστῇ
3837 1617 3943 1686 τὴν

2336 1698 2509 1762 τάξιν.
2556 1700 2784 1770 Ἰδωμεν
2814 1698 2906 1753 οὖν
2939 1701 3084 1763 τίνες
3135 1700 3368 1769 μάλιστα
3418 1700 3515 1762 τὰς
3562 1700 3746 1761 πόλεις
3789 1699 3944 1768 ὠφε-

2336 1782 2538 1849 λοῦσιν,
2565 1785 2615 1836 οί
2649 1784 2760 1847 τὰς.
2784 1784 2977 1856 ἐορτάς
3028 1784 3229 1846 ταύτας
3262 1783 3507 1852 ἄγοντες,
3556 1783 3652 1835 καὶ
3687 1781 3786 1845 τὰς
3839 1783 3943 1834 θα⁹

2338 1865 2480 1930 λίας,
2516 1868 2608 1919 καὶ
2643 1867 2741 1930 τὰς
2767 1867 3045 1936 τραπέζας
3077 1867 3174 1930 τάς
3204 1865 3538 1930 πολυτελεῖς,
3563 1865 3658 1918 καὶ
3683 1865 3782 1928 τὰς
3816 1865 3944 1935 τέρ-

2337 1949 2462 2015 ψεις
2486 1949 2583 2012 τάς
2621 1950 2873 2013 ποικίλας
2894 1967 2907 1980 ·
2944 1951 2976 2020 ἢ
3007 1953 3055 2002 οί
3092 1950 3273 2003 πάντα
3304 1951 3488 2002 ἐκεῖνα
3524 1947 3939 2011 συστείλαντες,

2337 2033 2432 2085 καὶ
2471 2032 2532 2084 τὸ
2575 2033 2732 2098 ξύλον
2767 2034 3174 2104 ἐπιφερόμενοι,
3228 2034 3321 2086 καὶ
3375 2033 3667 2102 μάστιγας,
3703 2033 3799 2085 καὶ
3835 2033 3940 2102 δη-

2340 2116 2515 2184 μίους,
2547 2115 2641 2168 καὶ
2686 2115 3025 2186 στρατιώτας
3059 2116 3346 2186 φοϐεροὺς,
3381 2118 3475 2169 καὶ
3510 2115 3692 2185 φωνὴν
3743 2119 3942 2186 προϊέ-

2340 2218 2489 2271 μενοι
2519 2201 2713 2254 πολλοῦ
2746 2202 2949 2272 τρόμου
2990 2203 3288 2273 γέμουσαν,
3333 2203 3428 2255 καὶ
3470 2201 3941 2270 ἐπισκήπτοντες,

2335 2282 2429 2336 καὶ
2486 2287 2751 2354 κατηφεῖν
2807 2285 3104 2349 ποιοῦντες,
3152 2287 3247 2338 καὶ
3302 2285 3484 2357 ῥάϐδῳ
3526 2284 3942 2347 ἀποσοϐοῦντες

2334 2368 2460 2430 τοὺς
2501 2368 2593 2419 ἐπὶ
2617 2371 2716 2438 τῆς
2757 2369 2986 2437 ἀγορᾶς.
3034 2369 3264 2437 Ἷδωμεν
3293 2369 3472 2420 τοίνυν
3503 2367 3606 2419 ποῦ
3637 2367 3698 2420 τὸ
3739 2367 3944 2437 κέρδος

2333 2449 2509 2518 λήγει.
2558 2446 2714 2503 Οὗτοι
2751 2451 2849 2519 μέν
2881 2452 2987 2520 γάρ
3022 2453 3159 2503 είσιν
3191 2451 3394 2519 ἀηδεῖς,
3431 2453 3627 2503 ἐκεῖνοι
3657 2450 3713 2502 δὲ
3744 2452 3941 2504 ποθει-

2331 2533 2433 2586 νοί.
2465 2532 2530 2586 Τί
2566 2528 2658 2586 οὖν
2688 2533 2783 2586 ἀπ’
2813 2533 3038 2586 ἐκείνων
3067 2533 3273 2601 γίνεται
3306 2533 3409 2586 τῶν
3435 2534 3777 2604 τερπόντων;
3842 2534 3940 2586 'll-

2329 2617 2454 2686 δονή
2484 2635 2567 2681 τις
2617 2617 2822 2688 ψυχρὰ,
2861 2617 3021 2688 μέχρι
3055 2618 3152 2687 τῆς
3186 2617 3424 2689 ἑσπέρας
3464 2618 3699 2688 μένουσα
3730 2617 3834 2671 καὶ
3864 2620 3938 2689 τῇ

2331 2700 2562 2773 ἐπιούσῃ
2589 2700 2932 2774 διαρρέουσα,
2960 2700 3133 2768 γέλως
3161 2699 3416 2762 ἄτακτος,
3446 2702 3667 2770 ῥήματα
3695 2702 3939 2771 ἀπρεπῆ

2331 2783 2424 2834 καὶ
2452 2783 2839 2853 διακεχυμένα.
2870 2782 2936 2836 Τί
2979 2783 3064 2836 δαὶ
3095 2783 3201 2836 ἀπὸ
3223 2783 3458 2850 τούτων;
3489 2782 3676 2846 Φόϐος,
3713 2800 3941 2856 σωφρο-

2332 2863 2487 2934 σύνη,
2544 2865 2802 2936 λογισμὸς
2864 2865 3322 2936 συνεσταλμένος,
3385 2867 3564 2936 ψυχῆς
3623 2867 3935 2930 ἐπιείκεια,

2329 2947 2600 3018 ῥᾳθυμίας
2648 2950 2945 3019 ἀναίρεσις,
2993 2949 3206 3019 χαλινὸς
3237 2949 3346 3003 τῶν
3371 2949 3397 2988 ά
3432 2949 3579 3002 ἔνδον
3618 2949 3790 3003 ὄντων
3823 2966 3940 3002 πα-

2326 3027 2455 3095 θῶν,
2508 3032 2684 3102 τεῖχος
2717 3031 2824 3084 τῶν
2867 3030 3064 3096 ἔξωθεν
3101 3033 3381 3086 ἐπιόντων.
3441 3035 3539 3085 Διά
3564 3033 3788 3096 τούτους
3830 3034 3939 3096 τὰς

2325 3111 2512 3175 οὐσίας
2540 3113 2732 3183 ἔχομεν
2761 3114 3010 3178 ἕκαστος,
3042 3115 3108 3167 δι’
3138 3117 3349 3178 ὲκείνας
3379 3115 3435 3168 δὲ
3475 3116 3573 3174 τὰς
3607 3117 3804 3186 ἑορτάς
3834 3118 3936 3170 καὶ

2324 3194 2634 3259 ἐπιϐλαϐῶς
2675 3196 2938 3267 κενοῦμεν
2971 3198 3160 3261 αὐτὰς,
3211 3200 3270 3250 οὐ
3316 3199 3529 3270 λῃστῶν
3574 3199 3933 3251 ἐπεισελθόν-

2323 3295 2453 3342 των,
2503 3279 2641 3334 ἀλλά
2673 3281 2771 3351 τῆς
2803 3283 2921 3351 μεθ’
2954 3284 3147 3352 ἡδονῆς
3185 3283 3556 3353 ληστευούσης
3586 3283 3931 3347 κενοδοξίας.

2337 3363 2467 3434 Ὁρᾷ
2517 3365 2609 3417 τὸν
2659 3364 2860 3436 λῃστὴν
2909 3365 3141 3428 ἕκαστος
3188 3365 3523 3436 ἐκφοροῦντα
3574 3365 3773 3427 πάντα,
3829 3369 3933 3419 καὶ

2320 3447 2524 3515 ἣδεται.
2565 3449 2762 3512 Καινὸς
2796 3450 2892 3518 τῆς
2920 3449 3174 3520 λῃστείας
3210 3453 3238 3503 ό
3275 3451 3510 3522 τρόπος·
3559 3453 3741 3504 ἔπεισε
3792 3453 3931 3516 τοὺς

2321 3531 2722 3600 ἀποδυομένους
2752 3534 3162 3604 εὐφραίνεσθαι.

2389 3627 2452 3679 δ’.
2473 3628 2612 3680 Ἀλλ’
2633 3630 2731 3681 οὐκ
2753 3631 2868 3682 ἐκεῖ
2895 3630 3132 3684 τοιοῦτον
3153 3632 3324 3685 οὐδέν·
3353 3632 3489 3687 ἀλλὰ
3509 3635 3671 3686 πᾶσιν
3693 3633 3932 3686 ἀπετείο

2319 3728 2469 3780 χισεν
2498 3713 2526 3763 6
2546 3712 2678 3775 Θεὸς
2709 3713 2962 3784 καθάπερ
2993 3717 3168 3780 κοινὸς
3200 3717 3409 3788 Πατὴρ,
3439 3719 3532 3770 καὶ
3555 3721 3666 3779 τοῖς
3697 3717 3930 3787 ὁρωμέ-

2317 3811 2449 3859 νοις,
2497 3796 2592 3847 καὶ
2642 3799 2753 3858 τοῖς
2800 3797 2874 3866 μὴ
2912 3799 3227 3869 ὁρωμένοις.
3289 3800 3553 3853 Βλέπετε
3587 3800 3717 3870 γὰρ,
3753 3801 3925 3870 φησι,

2317 3878 2432 3944 τὴν
2491 3880 2913 3946 ἐλεημοσύνην
2963 3882 3131 3949 ὑμῶν
3177 3883 3262 3950 μὴ
3329 3883 3524 3936 ποιεῖν
3569 3883 3929 3951 ἔμπροσθεν

2317 3959 2435 4011 τῶν
2469 3961 2814 4028 ἀνθρώπων.
2869 3963 3146 4016 Μανθάνει
3197 3964 3344 4036 ψυχὴ
3393 3963 3643 4019 ἐντεῦθεν
3693 3965 3927 4019 ἀδικίαν

2316 4043 2559 4111 φεύγειν.
2614 4045 2820 4098 Ἀδικία
2864 4047 2990 4117 γὰρ,
3051 4049 3111 4101 ού
3167 4049 3226 4100 τὸ
3279 4050 3536 4120 χρήματα
3567 4049 3928 4104 πλεονεκτεῖν

2317 4127 2496 4196 μόνον,
2529 4127 2662 4180 ἀλλά
2705 4130 2799 4182 καὶ
2831 4129 2891 4181 τὸ
2918 4129 3079 4183 πλέον
3108 4131 3206 4200 τῆς
3228 4133 3541 4203 ὡρισμένης
3577 4135 3785 4204 τροφῆς
3834 4136 3926 4188 δι-

2311 4213 2457 4267 δόναι
2489 4218 2555 4286 τῇ
2587 4217 2805 4287 γαστρὶ,
2856 4218 2950 4270 καὶ
3007 4217 3106 4289 τὴν
3149 4219 3490 4291 εὐφροσύνην
3532 4221 3640 4274 τῶν
3687 4223 3924 4276 οίκείων

2314 4298 2529 4366 ἐξάγειν
2561 4301 2794 4370 μέτρων,
2829 4302 2922 4353 καὶ
2951 4304 3126 4355 ποιεῖν
3155 4303 3613 4373 ἐκϐακχεύεσθαι.
3663 4305 3924 4361 Ἐκεῖθεν

2315 4383 2668 4452 σωφροσύνην
2699 4383 2998 4452 μανθάνει,
3052 4385 3301 4438 ἐντεῦθεν
3332 4386 3645 4438 ἀκολασίαν.
3692 4389 3769 4440 Ού
3801 4391 3921 4461 γάρ

2311 4465 2372 4517 τὸ
2420 4466 2644 4534 μιγῆναι
2679 4468 2896 4532 γυναικὶ
2956 4468 3114 4536 μόνον
3170 4469 3456 4532 ἀκολασία,
3512 4469 3647 4523 ἀλλά
3707 4473 3807 4523 καὶ
3856 4475 3923 4525 τὸ

2312 4549 2632 4612 ἀκολάστοις
2693 4549 2816 4602 ίδεῖν
2877 4549 3196 4621 ὀφθαλμοῖς.
3282 4553 3521 4606 Ἐκεῖθεν
3595 4555 3919 4610 ἐπιείκειαν

2315 4632 2594 4700 μανθάνει,
2631 4633 2877 4685 ἐντεῦθεν
2909 4633 3095 4702 τῦφον.
3152 4634 3351 4689 Πάντα
3393 4637 3502 4707 γάρ
3543 4657 3664 4706 μοι,
3711 4643 3915 4709 φησὶν,

2309 4715 2579 4780 ἔξεστιν,
2628 4717 2764 4770 ἀλλ’
2793 4719 2863 4770 οὺ
2903 4718 3100 4772 πάντα
3131 4720 3445 4789 συμφέρει.
3489 4721 3604 4793 [66]
3659 4723 3917 4778 Ἐκεῖθεν

2311 4800 2645 4870 κοσμιότητα
2666 4796 2684 4863 ,’
2712 4800 2964 4853 ἐντεῦθεν
3010 4803 3150 4873 ἀσχη
3163 4803 3423 4873 μοσύνην.
3461 4805 3540 4856 Τὰ
3570 4806 3677 4876 γὰρ
3706 4810 3764 4860 ἐν
3788 4813 3916 4874 τοῖς

2309 4882 2555 4955 θεάτροις
2609 4883 2870 4955 παρίημι.
2927 4887 3048 4938 Ὀτι
3095 4887 3150 4942 δὲ
3209 4887 3331 4940 οὐδὲ
3385 4887 3541 4958 ἡδονή
3592 4891 3674 4952 τίς
3726 4893 3912 4956 ἐστιν,

2307 4969 2443 5022 ἀλλά
2496 4968 2660 5038 λύπη,
2704 4970 2911 5034 δείξατέ
2945 4988 3034 5041 μοι
3067 4972 3203 5041 μετὰ
3236 4973 3364 5041 μίαν
3389 4975 3597 5045 ἡμέραν
3630 4976 3730 5043 τῆς
3770 4977 3912 5046 ἐορ-

2305 5054 2403 5122 τῆς
2447 5053 2570 5117 τούς
2597 5071 2654 5105 τε
2709 5053 3117 5118 ἀναλώσαντας,
3147 5055 3272 5119 τούς
3301 5073 3361 5108 τε
3395 5059 3747 5121 ἐστίαθέντας
3784 5065 3912 5126 τοῖς

2307 5136 2560 5206 θεάμασι,
2594 5137 2686 5189 καὶ
2712 5136 2830 5204 ὄψει
2856 5138 3051 5199 αὐτοὺς
3088 5139 3185 5207 μὲν
3220 5141 3276 5191 ἐν
3320 5141 3592 5211 κατηφείᾳ.
3624 5141 3907 5210 ἅπαντας,

2304 5219 2361 5270 ἐν
2393 5219 2597 5290 μείζονι
2635 5220 2689 5272 δὲ
2729 5221 2935 5271 ἐκεῖνον
2977 5221 3069 5273 τὸν
3105 5222 3442 5277 άναλωκότα.
3483 5226 3590 5277 Καὶ
3624 5227 3863 5290 εἰκότως
3895 5249 3907 5260 ·

2303 5303 2495 5373 ἔτερψε
2533 5302 2641 5373 γὰρ
2685 5305 2750 5372 τῇ
2788 5305 3088 5375 προτεραίᾳ
3115 5306 3204 5358 τὸν
3253 5308 3469 5376 ἰδιώτην
3496 5324 3510 5338 ο
3569 5309 3661 5360 καὶ
3707 5313 3735 5361 6
3794 5315 3910 5380 μὲν

2306 5385 2520 5455 ἰδιώτης
2545 5387 2603 5438 ὲν
2627 5387 2864 5457 εὐθυμία
2891 5382 2958 5457 ἦν
2985 5388 3073 5440 καὶ
3098 5388 3258 5460 ἠδονῇ
3293 5390 3482 5460 πολλῇ·
3518 5391 3656 5453 τέως
3682 5393 3796 5461 γὰρ
3834 5399 3905 5466 τῇ

2301 5482 2488 5550 ἐσθῆτι
2515 5482 2698 5552 ἔχαιρε
2728 5487 2794 5554 τῇ
2825 5485 3078 5555 λαμπρᾷ’
3117 5485 3214 5556 τὴν
3260 5487 3456 5557 χρῆσιν
3488 5488 3543 5540 δὲ
3575 5491 3745 5560 αὐτῆς
3796 5496 3909 5546 οὒκ

2300 5564 2456 5632 ἔχων,
2489 5565 2602 5618 ἀλλ’
2630 5568 2772 5635 ὁρῶν
2805 5569 2996 5620 ἑαυτὸν
3035 5569 3423 5640 ἀποδυόμενον,
3458 5573 3612 5643 ηλγει
3645 5577 3738 5627 καὶ
3772 5578 3908 5632 ἑδα-

2299 5663 2474 5702 κνετο.
2518 5650 2751 5712 Ἐκεῖνος
2805 5651 2860 5703 δὲ
2917 5653 2944 5703 6
2988 5653 3314 5720 ἀναλίσκων,
3370 5657 3460 5708 καὶ
3528 5657 3628 5727 τὴν
3677 5659 3906 5714 οἰκείαν

2356 5785 2377 5849 ξ
2429 5782 2601 5849 Mgre}.
2645 5785 2774 5832 male
2814 5787 3058 5849 εὐφημίας.
3128 5785 3152 5824 δ
3182 5786 3352 5834 Morel.
3395 5789 3581 5849 χαλινὸς
3605 5791 3751 5845 ὅντως
3795 5797 3906 5841 τῶν

2430 5815 2601 5832 suun].
2645 5815 2774 5832 "nunc
2814 5815 3058 5848 urina-ua".
3128 5815 3152 5824 ν
3182 5815 3352 5834 ηιυιει.
3395 5815 3581 5849 λιιμνυς
3605 5815 3751 5845 υνῖως
3795 5815 3904 5841 των

2299 5845 2641 5913 ἔνδον.-(ἶοό-ξχ
2668 5860 2792 5913 pnus
2815 5815 3002 5910 χαλινός
3041 5849 3141 5913 ἐστι
3181 5851 3278 5913 τῶν
3319 5851 3464 5897 ἔνδον.
3511 5855 3660 5898 δὸνίΙ.
3695 5853 3904 5913 χαλινὸς

2295 5908 2391 5976 τῷν
2408 5907 2552 5979 ξνδον.
2573 5909 2721 5979 [huic
2742 5907 2850 5978 pos!
2870 5911 3172 5979 unuicodex
3192 5913 3250 5958 δι’
3265 5912 3443 5979 ἐκείνας
3564 5915 3652 5976 γὰρ
3673 5907 3757 5979 τάς
3779 5907 3905 5979 έορξ

2297 5970 2378 6019 τὰς
2402 5969 2667 6025 ἐπιϐλαϐεἶς
2688 5987 2768 6018 at:
2784 5971 2960 6033 μοῦμιν.
2979 5973 3216 6020 Prw-stare
3233 5974 3427 6022 videtur
3449 5969 3691 6023 édildrdm
3708 5969 3872 6028 ιειῚιὺ
