4074 6302
184 337 266 393 $3
1174 329 1240 385 IN
1281 327 1458 383 ACTA
1502 322 2279 385 APOSTOIDBUMJIOMIL.
2326 323 2387 377 ν.
3460 308 3523 359 fit

1919 440 2316 504 misereantur,
2370 437 2631 502 humani,
2679 450 2907 504 suaves,
2942 436 3206 507 mitesque
3256 434 3362 490 sint
3412 434 3518 500 iis,

1910 531 2104 602 quibus
2135 531 2393 587 beneficia
2442 539 2719 597 pratstant.
2745 529 2852 584 Nos
2885 544 3015 583 vero
3045 537 3103 583 ut
3134 526 3360 583 subditis
3394 543 3519 597 pro-

1908 625 2077 680 simus
2099 665 2113 691 ,
2157 639 2349 696 graves
2375 624 2621 677 videmur
2642 665 2656 687 ,
2690 622 2808 677 duri
2836 665 2849 685 ,
2900 622 3154 685 onerosi,
3191 618 3468 689 injucundi
3499 635 3514 685 ;

1907 731 2083 786 neque
2110 717 2251 770 enim
2286 730 2576 786 prosuntus
2604 730 2700 785 per
2743 730 2807 768 ea
2835 730 2955 784 quae
2998 714 3246 783 placent,
3294 710 3391 766 sed
3422 727 3519 781 per

174 454 509 514 resurrectio
537 462 596 509 et
625 452 785 522 signa
809 493 825 517 ,
854 449 994 521 quod
1027 464 1219 518 nempe
1246 448 1364 502 illos
1393 445 1639 500 advocet.
1668 443 1804 498 Nam

172 549 324 619 quod
352 548 654 623 admodum
689 546 893 601 bonum
916 586 932 608 ,
971 542 1080 596 Deo
1120 541 1352 595 maxime
1393 537 1665 607 preprium
1697 544 1800 590 est.

172 640 307 697 Ideo
330 640 485 701 dicit.
518 637 691 693 Nemo
718 637 903 701 bonus,
927 634 1029 688 nisi
1064 649 1192 686 unus
1218 630 1357 685 Deus
1383 629 1532 697 (Luc.
1570 629 1657 682 18.
1692 625 1801 695 19).

166 733 286 788 Sed
318 748 390 789 ne
417 732 725 787 bonitatem
755 730 807 784 in
830 726 1049 783 desidia:
1076 724 1413 780 occasionem
1441 721 1761 789 arripiamus
1786 734 1797 768 :

165 842 302 878 nam
333 825 493 893 punit
514 823 680 877 etiam
704 831 763 875 ut
792 820 953 876 Deus.
979 818 1103 872 Harc
1125 831 1252 886 ergo
1278 814 1401 868 fecit
1428 814 1490 877 is,
1520 811 1607 883 qui
1630 810 1797 867 dixit:

166 917 365 970 Omnis
411 917 724 986 quicumque
767 912 1070 967 invocaret-it
1114 924 1296 963 nomen
1342 904 1591 970 Domini,
1629 904 1800 958 salvus

161 1009 292 1063 erit.
329 1007 411 1063 De
442 1007 612 1063 rebus
640 1004 990 1075 Jerosolymte
1017 1004 1230 1072 loquor,
1259 999 1328 1055 de
1356 995 1680 1053 intolerabili
1708 996 1796 1049 illa

162 1099 386 1153 ultione
414 1116 427 1152 :
459 1098 533 1153 de
561 1112 668 1167 qua
697 1095 847 1151 vobis
878 1110 1020 1151 nunc
1061 1106 1225 1163 pauca
1257 1091 1447 1161 loquar
1473 1088 1647 1150 utilia,
1682 1095 1794 1140 tum

158 1199 362 1243 contra
396 1188 800 1252 Marcionistas,
835 1195 943 1241 tum
971 1194 1155 1240 contra
1184 1181 1321 1236 alios
1350 1179 1546 1234 multos
1578 1177 1793 1232 Ita'reti-

159 1296 285 1335 eos.
316 1280 456 1347 Quia
490 1282 640 1335 enim
670 1280 854 1334 dicunt
884 1278 1081 1332 bonum
1116 1275 1285 1331 Deum
1314 1274 1609 1338 Christum,
1644 1270 1791 1325 illum

157 1387 301 1429 κει-ο
344 1373 557 1427 malum
592 1389 609 1434 :
637 1371 949 1435 videamus,
979 1369 1099 1440 quis
1139 1368 1252 1423 hare
1281 1366 1486 1422 fecerit.
1518 1364 1651 1433 Quis
1677 1364 1792 1418 haec

159 1482 302 1537 ergo
329 1466 485 1531 fecit,
520 1466 765 1520 malusne
791 1463 938 1519 illum
970 1460 1273 1517 ulciscens?
1296 1459 1529 1513 Minime.
1557 1457 1794 1524 Quomo-

157 1558 240 1611 do
283 1556 454 1627 igitur
497 1556 571 1611 ab
611 1556 703 1611 illo
741 1554 986 1609 alienus?
1018 1553 1100 1607 An
1139 1550 1314 1605 bonus
1358 1549 1459 1603 hoc
1495 1546 1654 1602 fecit?
1684 1546 1787 1601 Sed

157 1651 587 1705 demonstratur
628 1658 681 1703 et
724 1648 936 1703 Patrem
964 1656 1017 1701 et
1058 1645 1249 1700 Filium
1282 1643 1384 1698 hoc
1413 1642 1604 1697 fecisse
1638 1660 1651 1695 :
1683 1640 1788 1694 Pa-

159 1752 305 1796 trem
342 1742 537 1796 multis
567 1742 621 1795 in
652 1740 816 1805 locis,
850 1749 903 1793 ttt
932 1753 1054 1793 cum
1079 1735 1276 1792 dicitur
1297 1778 1310 1799 ,
1345 1736 1631 1789 missurum
1664 1748 1786 1787 eum

156 1849 286 1889 esse
314 1835 597 1890 exercitus
612 1848 747 1888 suos
773 1833 827 1886 in
851 1832 1059 1885 vineam
1083 1828 1297 1900 (Matth.
1328 1826 1419 1880 20.
1445 1824 1502 1893 2)
1527 1842 1540 1890 ;
1569 1822 1784 1889 Filium,

156 1936 221 1980 ut
246 1925 475 1995 quando
505 1926 671 1980 dicit:
700 1923 942 1977 Inimicos
965 1931 1133 1975 autem
1163 1937 1298 1974 meos
1327 1920 1566 1973 adducite
1586 1928 1631 1972 et
1652 1917 1785 1971 occi-

156 2021 265 2069 dite
292 2034 479 2071 coram
511 2033 591 2069 me
608 2059 622 2080 ,
654 2032 738 2071 eos
764 2016 847 2085 qui
876 2017 1145 2069 noluerunt
1174 2030 1255 2067 me
1282 2028 1497 2083 regnare
1523 2028 1674 2080 super
1700 2027 1785 2065 eos

160 2108 331 2170 (Luc.
370 2110 462 2165 19.
494 2109 626 2179 27).
660 2109 911 2179 Alioquin
944 2123 1070 2163 vero
1103 2116 1157 2162 et
1198 2106 1312 2176 ipse
1356 2116 1535 2160 narrat
1577 2105 1785 2160 futuras

160 2204 578 2265 tribulationes,
606 2201 799 2271 quibus
832 2200 970 2255 nulla
1002 2215 1251 2269 umquam
1284 2199 1551 2253 crudelior
1581 2196 1696 2264 fuit,
1730 2208 1785 2252 et

158 2296 279 2363 ipse
314 2295 443 2349 illas
480 2294 838 2348 annuntiavit.
874 2292 966 2347 Vis
992 2292 1201 2360 audire,
1233 2307 1352 2362 quae
1384 2291 1517 2346 facta
1549 2290 1784 2345 fuerint?

158 2386 422 2442 \‘erubus
452 2387 575 2441 illos
599 2388 1009 2441 transtixerunt.
1037 2386 1173 2453 Quid
1203 2385 1303 2439 hoc
1329 2383 1637 2454 spectaculo
1664 2397 1784 2453 gra-

157 2481 279 2535 vius
298 2481 324 2533 ἳ
354 2480 468 2536 Sed
500 2481 578 2534 vis
608 2495 821 2534 narrem
861 2479 1003 2534 illam
1033 2478 1273 2533 mulieris
1298 2478 1633 2548 tragtediam,
1662 2492 1781 2547 qua:

159 2589 391 2629 omnem
424 2584 642 2642 superat
678 2572 1079 2628 calamitatem?
1112 2575 1189 2627 vis
1230 2571 1422 2626 famem
1454 2582 1507 2626 et
1534 2572 1781 2641 pestem?

157 2664 255 2719 His
281 2668 537 2736 graviora
566 2673 857 2737 praetereo.
882 2664 1205 2733 Ignorabant
1232 2664 1306 2717 illi
1336 2673 1602 2731 naturam,
1632 2664 1782 2733 igno-

158 2759 366 2811 rabant
400 2757 593 2827 legem,
625 2757 828 2812 belluas
856 2756 1065 2811 feritate
1090 2756 1437 2826 superabant.
1468 2755 1591 2810 IIa-c
1618 2769 1779 2824 porro

155 2851 351 2904 omnia
384 2864 451 2904 ex
482 2849 605 2905 belli
634 2849 889 2904 violentia
919 2848 1192 2918 contigere
1212 2891 1226 2913 ,
1256 2856 1311 2903 et
1340 2848 1447 2902 Deo
1474 2858 1531 2904 et
1560 2848 1778 2902 Christo

155 2945 411 2999 volente.
438 2942 561 2998 llaac
587 2953 639 2998 et
658 2949 846 2997 contra
866 2941 1231 2996 Marcionistas
1251 2940 1351 3013 (α),
1377 2950 1431 2995 et
1450 2948 1635 2995 contra
1658 2955 1773 3007 eos,

157 3036 251 3107 qui
284 3052 405 3091 non
430 3036 655 3091 credunt
682 3051 805 3091 esse
834 3036 1156 3107 gehennam,
1184 3044 1304 3103 apta
1336 3045 1529 3098 erunt;
1563 3034 1773 3089 illorum

158 3131 313 3184 enim
357 3129 740 3198 impudentiam
783 3128 1143 3199 comprimere
1181 3127 1381 3181 valent.
1423 3129 1615 3180 Annon
1661 3125 1775 3180 haec

158 3222 515 3291 Babylonicis
561 3222 715 3275 malis
754 3220 999 3288 graviora
1038 3219 1196 3274 sunt?
1232 3233 1411 3273 annon
1453 3218 1568 3274 haec
1606 3217 1775 3273 fames

158 3315 252 3369 illa
280 3312 600 3368 crudelior?
632 3314 705 3367 De
737 3312 819 3365 his
858 3313 973 3382 ipse
1010 3327 1222 3382 quoque
1250 3310 1497 3365 Christus
1532 3325 1773 3380 pronun-

162 3406 320 3460 timit
358 3422 373 3454 :
407 3403 518 3457 Erit
544 3404 821 3469 tribulatio,
854 3404 1021 3473 qualis
1047 3420 1319 3471 numquam
1352 3404 1465 3474 fuit;
1498 3419 1657 3471 neque
1680 3404 1774 3456 erit

159 3500 391 3563 (Matth.
419 3499 508 3553 24.
546 3499 659 3567 2i).
689 3498 970 3565 Quomodo
998 3514 1127 3567 ergo
1157 3498 1341 3552 dicunt
1370 3496 1585 3568 quidam
1613 3496 1771 3552 Chri-

156 3602 306 3645 stum
341 3590 613 3645 remisisse
640 3591 742 3644 illis
771 3599 1045 3660 peccatum
1069 3590 1091 3643 ?
1115 3589 1277 3644 Forte
1300 3589 1530 3659 vulgaris
1561 3587 1774 3643 videtur

156 3700 281 3741 esse
326 3684 594 3755 qumstio;
641 3684 733 3739 sed
776 3699 871 3738 vos
918 3683 1139 3752 potestis
1170 3682 1312 3737 illam
1341 3682 1573 3738 solvere.
1604 3681 1773 3737 Nemo

158 3792 426 3848 tanquam
452 3776 646 3845 poterit
673 3776 782 3830 tale
813 3775 1121 3845 figmentum
1155 3774 1440 3829 ostendere
1460 3814 1473 3839 ,
1506 3773 1663 3845 quale
1690 3781 1773 3828 est

157 3869 207 3923 id
226 3867 386 3938 quod
413 3882 595 3922 revera
613 3867 826 3922 accidit.
852 3865 916 3921 Et
942 3865 985 3921 si
1008 3866 1224 3937 quidem
1246 3865 1583 3921 Christianus
1603 3873 1767 3932 esset,

154 3963 247 4031 qni
279 3962 407 4016 base
435 3961 683 4029 scripsit,
711 3974 801 4015 res
827 3968 971 4015 esset
1002 3958 1138 4014 forte
1164 3967 1413 4029 suspecta
1449 3977 1462 4013 :
1490 3973 1611 4013 cum
1641 3972 1771 4013 vero

154 4054 391 4107 Judarus
414 4051 575 4107 fuerit
593 4060 645 4106 et
663 4051 1007 4106 Judaicorum
1034 4050 1329 4114 studiosus,
1354 4051 1441 4119 qui
1467 4057 1584 4118 post
1608 4062 1780 4104 evan-

154 4147 372 4216 gelium
405 4143 587 4211 venit,
619 4143 891 4215 quomodo
922 4159 1027 4198 non
1059 4142 1309 4197 omnibus
1348 4142 1631 4198 manifesta
1661 4142 1771 4197 sint

155 4255 242 4304 ea,
271 4252 404 4308 qua
427 4246 577 4306 gesta
607 4238 766 4290 sunt?
790 4233 1008 4290 Videbis
1034 4249 1268 4305 namque
1296 4234 1441 4288 illum
1466 4234 1661 4305 ubique
1683 4249 1769 4290 res

156 4332 419 4389 Iudaicos
444 4330 810 4386 extollentem.
842 4329 941 4384 Est
977 4330 1154 4399 itaque
1184 4327 1425 4400 gehenna
1452 4370 1465 4394 ,
1499 4338 1553 4383 et
1595 4328 1769 4384 bonus

155 4437 237 4480 est
270 4424 439 4478 Deus.
470 4424 661 4478 Annon
688 4419 1045 4476 exhorruistis
1072 4418 1186 4474 haec
1214 4418 1536 4474 audientes?
1567 4418 1764 4473 Verum

155 4531 276 4584 qum
326 4514 418 4568 hic
454 4514 623 4572 fiunt,
670 4511 800 4565 nihil
843 4518 970 4565 sunt
1008 4510 1059 4564 in
1093 4510 1497 4581 comparatione
1529 4509 1762 4563 illorum.

160 4606 377 4662 Rursus
416 4616 577 4675 cogor
617 4606 857 4673 ingratus
892 4600 1063 4657 videri
1097 4610 1153 4658 et
1194 4602 1488 4667 molestus;
1518 4602 1610 4657 sed
1639 4601 1766 4672 quid

159 4697 397 4755 tadum?
426 4696 485 4752 Itt
525 4697 625 4750 hoc
654 4696 861 4767 positus
900 4711 1036 4750 sum.
1078 4689 1227 4750 Sicut
1262 4694 1580 4765 paedagogus
1608 4680 1768 4764 asper

152 4788 547 4859 discipulorum
574 4788 698 4842 odio
724 4788 998 4856 expositus
1024 4796 1125 4852 est,
1150 4788 1227 4843 sic
1256 4797 1311 4842 et
1340 4802 1455 4841 nos.
1484 4786 1765 4855 Quomodo

151 4884 299 4938 enim
332 4880 624 4935 absurdum
656 4896 761 4937 non
803 4880 991 4945 fuerit,
1030 4881 1075 4934 si
1114 4880 1240 4935 dum
1271 4881 1341 4947 ii,
1376 4882 1463 4951 qui
1493 4898 1521 4935 a
1550 4882 1764 4952 regibus

152 4988 278 5031 sunt
310 4974 612 5037 conStituli,
639 4990 726 5032 res
750 4977 1091 5045 quantumvis
1120 4976 1433 5045 iujucuudas
1457 4978 1760 5045 perﬁciunt,

156 5086 271 5135 uas,
309 5086 380 5124 ne
401 5086 431 5124 α
459 5071 609 5124 vobis
640 5069 1119 5141 reprehendamur,
1153 5070 1387 5125 officium
1417 5071 1639 5140 implere
1670 5071 1765 5125 dc-

152 5168 399 5219 sinamus
416 5164 442 5216 1
496 5183 503 5189 ο

226 5257 519 5327 Episcopus
565 5272 701 5325 sape
749 5273 849 5309 non
898 5256 1101 5324 prodest
1148 5273 1236 5325 per
1264 5273 1323 5310 ea
1354 5272 1469 5323 qua:
1513 5258 1713 5325 placent
1742 5299 1756 5323 ,

153 5350 237 5401 sed
268 5364 365 5415 per
393 5362 453 5399 ea
480 5363 593 5415 qua:
636 5355 889 5417 pungunt.
932 5377 1004 5387 —
1032 5348 1186 5401 Alius
1215 5347 1359 5402 aIittd
1393 5348 1553 5404 habet
1580 5365 1712 5418 opus
1745 5367 1757 5402 :

156 5441 452 5493 multorum
519 5449 701 5495 autem
746 5456 812 5495 ex
865 5441 1016 5495 vobis
1077 5441 1180 5496 hoc
1245 5442 1477 5497 officium
1540 5453 1653 5509 est,
1706 5454 1762 5498 ut

217 5575 294 5635 (rt)
319 5576 521 5624 atat-ciet)
547 5574 747 5624 dicebat
770 5573 1015 5625 Christum
1058 5588 1152 5625 non
1178 5575 1282 5624 fore
1302 5575 1516 5637 judicem
1549 5581 1762 5625 mortuo-

155 5649 280 5700 rum,
306 5638 461 5699 inquit
483 5637 770 5700 Philastrius
794 5640 847 5700 in
865 5637 1053 5686 Haaresi
1076 5639 1479 5687 atarcionistarum
1502 5653 1511 5686 :
1534 5640 1644 5688 hinc
1667 5652 1759 5700 ge-

158 5698 383 5769 hennam
417 5699 774 5769 excludebant.
817 5698 1060 5769 Ca’terum
1092 5702 1410 5769 atareionistze
1450 5714 1545 5769 non
1586 5698 1763 5769 omnes

159 5761 369 5872 se
390 5762 805 5814 consentiebant:
831 5762 917 5811 sed
942 5764 1070 5813 inter
1095 5761 1204 5813 illos
1227 5770 1367 5813 erant
1390 5763 1669 5826 Opinionutn
1690 5764 1760 5813 di-

1904 824 1966 864 ea
1992 826 2111 880 qua:
2157 818 2419 881 pungunt.
2451 808 2597 863 Talis
2623 824 2839 879 quoque
2886 818 2969 862 est
3006 806 3249 863 medicus
3277 823 3290 859 :
3326 821 3513 861 verum

1904 901 1997 957 ille
2049 918 2154 957 non
2206 912 2312 957 tam
2363 901 2723 971 injucundus;
2774 902 2954 956 statim
3003 902 3203 972 quippe
3249 910 3368 956 arte
3415 914 3513 955 sua

1902 993 2188 1049 utilitatem
2222 994 2419 1064 pra‘bel
2454 1012 2467 1047 :
2504 1008 2601 1049 nos
2630 1003 2810 1049 autem
2844 996 2895 1048 in
2928 994 3130 1048 futuro.
3165 991 3311 1049 Talis
3340 1003 3423 1048 est
3451 1007 3511 1048 et

1898 1089 2063 1158 judex
2089 1130 2105 1156 ,
2156 1089 2360 1144 invisus
2411 1089 2674 1143 morbidis
2711 1104 2773 1143 ac
2804 1088 3078 1143 seditiosis
3118 1104 3131 1141 :
3168 1088 3290 1143 talis
3340 1086 3508 1158 legis-

1903 1183 2041 1237 lator
2062 1224 2076 1248 ,
2111 1184 2373 1238 molestus
2397 1184 2497 1237 sub
2522 1182 2639 1253 lege
2671 1181 2879 1252 positis.
2913 1184 2983 1236 At
3022 1197 3129 1236 non
3153 1182 3197 1237 is
3217 1180 3307 1251 qtti
3352 1190 3510 1235 vocat

1897 1276 1964 1330 ad
2014 1275 2274 1339 delicias,
2328 1290 2431 1331 nec
2481 1276 2572 1346 qui
2625 1276 2759 1331 festa
2807 1275 3259 1345 cclebritatesque
3306 1283 3506 1344 parat,

1899 1382 2000 1422 nec
2028 1367 2118 1437 qui
2150 1367 2405 1437 populum
2446 1376 2672 1422 coronat
2702 1384 2715 1421 :
2767 1366 2819 1422 bi
2848 1376 2996 1422 certe
3022 1367 3157 1437 grati
3203 1366 3468 1421 habentur
3489 1407 3505 1434 ,

1895 1459 1985 1529 qui
2017 1460 2261 1515 civitates
2289 1462 2618 1531 sumptuosis
2646 1461 2969 1531 spectaculis
2995 1460 3308 1530 excipiunt,
3343 1475 3508 1529 pecu-

1896 1556 1999 1611 nia:
2042 1570 2146 1610 non
2196 1566 2503 1626 parcentes.
2560 1557 2797 1627 Ideoque
2845 1555 3187 1611 celebrantur
3231 1571 3259 1609 a
3307 1556 3506 1626 populo

1894 1648 2033 1705 bene
2077 1661 2304 1721 excepto
2328 1694 2343 1716 ,
2395 1666 2517 1705 cum
2569 1651 2839 1720 tapetibus
2869 1693 2884 1715 ,
2935 1649 3171 1704 lucernis
3195 1691 3208 1714 .
3239 1649 3456 1704 coronis
3487 1690 3502 1711 ,

1891 1744 2059 1798 ramis
2088 1752 2143 1798 et
2185 1742 2464 1813 Splendida
2513 1752 2681 1797 veste.
2731 1741 2932 1796 Infirmi
2978 1758 3107 1797 vero
3145 1741 3190 1796 si
3232 1740 3502 1795 medicum

1890 1837 2157 1903 viderint,
2192 1837 2369 1892 mcesti
2414 1845 2573 1900 sunt;
2634 1844 2691 1891 et
2720 1837 2764 1890 si
2804 1836 3042 1904 judicem
3090 1834 3369 1899 seditiosi,
3402 1833 3501 1888 de-

1887 1928 2015 1999 jeeti
2067 1930 2234 1994 fiunt,
2279 1945 2385 1983 non
2416 1928 2608 1992 effusi,
2660 1943 2759 1982 nec
2807 1928 3173 1993 exsultantes,
3221 1925 3362 1994 qttod
3410 1926 3503 1981 ille

1890 2020 1957 2075 ad
1988 2021 2091 2075 hoc
2121 2020 2357 2075 officium
2389 2024 2458 2074 sit
2498 2021 2840 2074 constitutus.
2896 2019 3184 2073 Videamus
3215 2033 3345 2085 ergo
3372 2018 3497 2087 qui-

1890 2128 2013 2167 nam
2047 2114 2279 2166 maxime
2316 2112 2620 2167 civitatibus
2652 2114 2902 2181 prosint;
2934 2125 3000 2165 an
3028 2111 3099 2175 ii,
3134 2110 3222 2179 qui
3254 2110 3387 2163 tales
3409 2124 3501 2164 cc-

1889 2205 2166 2261 Iebritates
2192 2214 2411 2273 parant,
2458 2202 2681 2268 thalias,
2703 2203 2875 2256 lautas
2924 2216 3140 2256 mensas
3157 2210 3211 2256 et
3246 2201 3497 2267 delicias;

1887 2311 1956 2351 an
1988 2297 2047 2363 ii,
2078 2296 2203 2365 qui,
2252 2295 2337 2348 his
2380 2294 2606 2349 sublatis
2651 2294 2937 2355 omnibus,
2974 2294 3173 2363 lignum
3223 2293 3496 2359 inferunt,

1888 2388 2120 2458 flagella,
2161 2387 2482 2451 carnifices,
2548 2385 2749 2440 milites
2814 2385 3123 2449 terribiles,
3188 2383 3499 2439 tremendas

1886 2497 2083 2547 voces,
2120 2483 2368 2537 mandata
2391 2524 2406 2547 ,
2451 2482 2761 2536 maestitiam
2788 2521 2803 2546 ,
2837 2480 2925 2550 qui
2950 2482 3096 2550 virga
3142 2494 3237 2534 eos
3262 2521 3277 2547 ,
3309 2480 3399 2549 qui
3441 2480 3494 2535 in

1887 2574 2006 2628 foro
2046 2583 2206 2640 sunt,
2241 2584 2539 2629 semoveut.
2590 2572 2914 2636 Videamus,
2963 2572 3212 2640 inquam,
3260 2580 3378 2625 utra
3410 2586 3497 2626 res

1886 2668 1939 2721 in
1987 2667 2193 2721 lucrum
2248 2667 2479 2722 desinat.
2530 2667 2596 2721 lli
2656 2682 2886 2736 namque
2934 2666 3147 2720 molesti
3198 2675 3363 2732 sunt,
3417 2666 3493 2722 illi

1883 2760 2163 2816 amabiles.
2210 2761 2348 2828 Quid
2392 2761 2553 2829 igitur
2601 2760 2781 2815 evenit
2827 2776 2890 2813 ex
2940 2761 3004 2813 iis
3037 2760 3127 2829 qui
3174 2760 3496 2814 oblectant?

1886 2852 2141 2921 Voluptas
2167 2852 2354 2921 frigida
2370 2894 2383 2916 ,
2409 2869 2528 2920 qum
2549 2868 2717 2921 usque
2735 2852 2801 2905 ad
2820 2867 3097 2920 vesperam
3124 2861 3325 2918 manet,
3346 2862 3400 2907 et
3422 2852 3497 2906 in-

1882 2944 2128 3014 sequenti
2153 2944 2241 2998 die
2258 2945 2465 3009 effluit,
2491 2945 2630 2998 risus
2653 2944 3043 3011 incompositus
3060 2984 3074 3008 ,
3099 2943 3261 2997 verba
3282 2943 3497 2998 indeco-

1882 3052 1938 3091 ra
1970 3048 2021 3090 et
2049 3036 2331 3091 dissoluta.
2366 3036 2504 3104 Quid
2546 3051 2611 3090 ex
2655 3036 2819 3089 aliis?
2845 3035 3062 3099 Timor,
3096 3039 3450 3105 temperantia
3474 3079 3490 3105 ,

1880 3130 2135 3200 cogitatio
2164 3129 2456 3185 demissior
2479 3170 2493 3195 ,
2535 3130 2699 3183 animi
2732 3128 2994 3183 modestia
3017 3170 3033 3195 ,
3077 3129 3299 3184 desidia:
3331 3130 3486 3201 fuga,

1880 3222 2093 3278 frenum
2138 3221 2456 3275 interiorum
2507 3220 2793 3275 affectuum
2822 3262 2835 3285 ,
2890 3236 3077 3274 murus
3124 3221 3385 3276 adversus
3426 3236 3488 3277 ea

1879 3330 2000 3384 qua:
2042 3313 2172 3367 foris
2204 3314 2477 3382 ingruunt.
2514 3312 2616 3366 Per
2665 3312 2763 3365 hos
2790 3311 3019 3382 quisque
3052 3311 3332 3367 facultates
3362 3327 3489 3368 suas

1879 3404 2149 3476 possidet,
2182 3420 2278 3473 per
2304 3404 2390 3457 illa
2422 3414 2603 3457 autem
2634 3403 2768 3457 festa
2800 3418 2890 3457 eas
2919 3403 3063 3472 ipsas
3091 3404 3485 3471 dilapidamus.

1878 3510 1987 3549 non
2023 3493 2397 3548 invadenlibus
2428 3493 2763 3559 latronibus,
2798 3493 2893 3547 sed
2923 3508 3058 3547 vana
3103 3493 3271 3564 gloria
3304 3503 3359 3549 et
3387 3510 3484 3549 vo-

1877 3584 2081 3655 luptate
2107 3585 2400 3656 pra-dante.
2433 3585 2670 3654 Quisque
2697 3584 2839 3638 videt
2864 3585 3126 3640 latronem
3151 3585 3488 3641 auferentem

1878 3676 2059 3730 omnia
2090 3716 2104 3739 ,
2151 3684 2207 3730 et
2253 3676 2485 3729 Ia'latur.
2550 3674 2730 3729 Novus
2778 3674 3046 3730 latrocinii
3111 3677 3349 3733 modus:
3395 3678 3487 3748 qui

1877 3767 2089 3831 exutis,
2122 3777 2180 3822 ut
2208 3767 2507 3837 gaudeant,
2540 3768 2754 3823 suadet.

1948 3860 2003 3914 4.
2051 3860 2249 3915 Verum
2280 3859 2387 3913 illic
2418 3859 2549 3912 nihil
2575 3858 2707 3924 tale;
2744 3858 2837 3914 sed
2869 3860 2938 3914 ab
2968 3860 3220 3918 omnibus
3258 3863 3498 3919 removit.

1876 3953 2042 4019 Deus,
2076 3961 2136 4007 ut
2162 3953 2467 4007 communis
2497 3951 2677 4015 Pater,
2714 3959 2825 4005 tum
2879 3968 3000 4022 quae
3048 3954 3321 4020 videntur,
3371 3965 3484 4010 tum

1874 4063 1996 4120 qua:
2026 4063 2131 4101 non
2164 4047 2432 4102 videntur.
2473 4046 2604 4101 Nam
2649 4046 2756 4100 ait:
2795 4045 2972 4101 Videte
3008 4065 3071 4102 ne
3112 4049 3486 4119 eleemosynam

1875 4151 2091 4197 uestram
2122 4142 2326 4213 faciatis
2366 4157 2539 4194 coram
2587 4141 2880 4195 hominibus
2915 4140 3126 4213 (Matth.
3158 4143 3211 4198 6.
3242 4145 3316 4212 1).
3350 4142 3485 4198 IIinc

1875 4236 2032 4290 discit
2076 4236 2253 4289 anima
2295 4234 2610 4303 injustitiam
2656 4234 2859 4304 fugere.
2898 4234 3156 4303 lnjustitia
3204 4237 3346 4289 enim
3377 4246 3480 4299 est,

1875 4343 1982 4382 non
2027 4326 2191 4382 modo
2219 4325 2476 4396 pecunias
2516 4341 2612 4397 per
2638 4326 2879 4395 rapinam
2921 4343 3132 4398 parare,
3180 4327 3275 4383 sed
3317 4328 3481 4383 etiam

1873 4420 1995 4490 plus
2022 4418 2125 4474 cibi
2154 4418 2282 4474 dare
2310 4418 2506 4483 ventri,
2542 4434 2701 4489 quam
2725 4419 2856 4473 satis
2877 4419 2963 4482 sit,
2995 4428 3048 4473 ct
3071 4419 3308 4475 hetitiam
3329 4432 3481 4477 extra

1876 4512 2136 4568 terminos
2180 4512 2395 4576 efferre,
2425 4521 2585 4583 atque
2619 4512 2963 4568 debacchari.
2993 4513 3142 4567 Illinc
3178 4516 3480 4569 castitatem

1874 4604 2051 4669 discit,
2090 4603 2214 4659 ltinc
2241 4604 2539 4659 libidinem.
2569 4602 2683 4658 Non
2725 4604 2900 4657 solum
2948 4606 3091 4658 enim
3134 4604 3343 4660 mulieri
3376 4607 3479 4660 mi-

1873 4698 2012 4753 sceri
2041 4696 2208 4751 libido
2233 4705 2338 4763 est,
2387 4695 2482 4751 sed
2513 4695 2675 4750 etiam
2721 4695 2937 4751 lascivis
2980 4696 3152 4751 oculis
3182 4698 3478 4766 reSpieer».

1874 4789 2023 4846 Illinc
2055 4789 2373 4845 modestiam
2401 4789 2578 4855 discit,
2612 4789 2738 4843 hinc
2769 4788 2986 4843 fastum.
3007 4789 3193 4843 Omnia
3219 4792 3481 4857 enim,in-

1873 4886 2007 4954 quit,
2043 4884 2167 4937 mihi
2198 4884 2372 4951 licent,
2398 4883 2489 4936 sed
2511 4900 2610 4937 non
2640 4884 2813 4939 omnia
2854 4886 3133 4953 expediunt
3158 4887 3237 4954 (1.
3272 4886 3388 4939 Cor.
3424 4887 3474 4939 6.

1875 4979 1985 5047 I2).
2034 4977 2187 5031 Illinc
2237 4976 2598 5041 honestatem,
2632 4976 2755 5030 hinc
2787 4977 3189 5045 turpitudinem.
3235 4978 3384 5031 Mitto
3416 4994 3477 5031 ea

1872 5092 1990 5145 qua:
2034 5076 2083 5128 in
2138 5076 2379 5129 theatris.
2426 5074 2579 5140 Quod
2610 5084 2790 5127 autem
2840 5073 2983 5126 nulla
3015 5073 3085 5126 ibi
3116 5074 3360 5142 voluptas
3387 5074 3476 5139 sit,

1873 5168 1966 5223 sed
2001 5169 2178 5237 potius
2202 5167 2492 5222 mreslitia:
2523 5165 2791 5220 ostendite
2819 5165 2948 5219 mihi
2978 5166 3063 5219 die
3101 5164 3297 5219 festum
3329 5167 3476 5219 iuse-

1871 5273 2069 5334 quente
2099 5278 2192 5317 eos
2213 5264 2299 5332 qui
2326 5270 2572 5331 sumptus
2602 5260 2925 5323 effuderunt,
2951 5274 3151 5329 eosque
3174 5261 3259 5328 qui
3278 5259 3342 5311 ad
3357 5274 3479 5325 Spe-

1870 5356 2079 5412 ctacula
2110 5355 2314 5409 invitati
2340 5354 2553 5408 fuerunt
2577 5370 2588 5406 :
2616 5350 3027 5421 videbimusque
3057 5365 3248 5405 attines
3272 5349 3476 5404 intesti-

1875 5453 1944 5505 tia
1972 5459 2273 5518 correptos,
2308 5448 2539 5501 maxime
2570 5460 2699 5500 vero
2727 5446 2899 5511 illum,
2929 5445 3016 5513 qui
3043 5454 3314 5512 sumptum
3340 5459 3472 5510 sup-

1874 5540 2150 5611 peditavit.
2184 5540 2248 5593 Et
2283 5539 2403 5608 jure
2434 5538 2649 5608 quidem
2676 5554 2689 5592 :
2718 5537 3012 5591 oblectavit
3042 5536 3185 5589 enim
3208 5534 3293 5589 die
3331 5551 3473 5603 pne-

1870 5631 2083 5687 cedenti
2126 5631 2439 5700 pepularem
2487 5630 2758 5684 hominem
2787 5671 2799 5692 ,
2851 5628 2938 5697 qui
2991 5629 3142 5681 hctus
3183 5628 3471 5681 admodum

1872 5733 2015 5788 erat;
2048 5723 2323 5793 splendida
2351 5738 2581 5793 namque
2599 5730 2746 5777 veste
2774 5721 3079 5784 fruebatur;
3108 5722 3199 5775 sed
3225 5735 3345 5774 eunt
3367 5735 3473 5774 non

1876 5813 1942 5869 ad
1971 5831 2123 5869 usutn
2174 5832 2328 5870 suum
2377 5824 2541 5881 esset,
2576 5830 2632 5868 se
2656 5814 2745 5868 illa
2774 5824 2990 5869 exutum
3022 5813 3224 5878 videns,
3257 5812 3475 5866 dolebat
