4074 6302
572 295 638 349 55
1346 289 1403 346 S.
1442 288 1714 346 ιοΑΝΜς
1749 286 2214 345 CllRYSOSTOMI
2252 289 2573 346 .\D.ClllEP.
2612 283 3143 347 CONSTANTlNOP.
3787 291 3859 348 56

567 416 625 462 et
652 402 993 460 cruciabatur
1014 419 1028 459 :
1049 401 1139 471 qui
1180 415 1310 458 vero
1337 411 1606 470 sumptum
1655 399 1814 464 fecit,
1839 414 1989 456 suam
2040 415 2152 469 ραι)

575 497 723 553 illius
753 496 1002 552 felicitate
1029 510 1244 566 parvam
1289 494 1525 564 putabat.
1561 493 1764 548 Idcirco
1793 494 2035 562 sequenti
2066 493 2154 548 die

480 581 482 583 ’
573 587 869 644 redduntur
893 596 1091 651 vestes,
1122 585 1486 656 majoremque
1528 598 1812 638 mmrorem
1866 583 1954 652 qui
2000 597 2152 637 corn-

574 680 884 734 modaverat
910 677 1158 747 concipit.
1187 676 1337 743 Quod
1367 675 1411 730 si
1434 674 1486 729 in
1509 674 1867 729 exterioribus
1897 673 2015 727 lzela
2039 683 2158 727 tan-

573 781 679 826 tam
711 771 941 826 inferunt
965 769 1286 835 molestiam,
1317 776 1371 823 et
1398 767 1621 823 molesta
1654 768 1958 831 utilitatem,
1987 767 2157 821 multo

573 861 744 929 magis
775 860 827 915 in
854 859 1234 930 spiritualibus.
1267 858 1390 914 ldco
1419 874 1577 912 nemo
1606 867 1888 914 succenset
1927 857 2154 928 legibus,

571 953 665 1008 sed
699 966 792 1008 eas
819 951 1120 1007 communis
1147 965 1268 1006 esse
1298 949 1546 1004 utilitatis
1572 957 1794 1005 censent
1819 964 2027 1004 omnes.
2049 947 2155 1002 Ne-

573 1060 676 1112 que
699 1046 838 1100 enim
871 1042 1134 1113 peregrini
1163 1042 1245 1096 vel
1279 1040 1476 1095 inimici
1503 1041 1596 1094 has
1620 1040 1762 1110 leges
1787 1049 2041 1105 statuere,
2063 1038 2157 1094 scd

577 1136 676 1204 ipsi
707 1135 877 1200 cives,
911 1134 1144 1203 patroni,
1175 1142 1484 1187 curatores:
1509 1132 1718 1202 hocque
1747 1131 1935 1186 salutis
1958 1145 2022 1184 ac
2061 1130 2156 1184 be-

577 1227 893 1281 nevolentia:
926 1225 1178 1280 indicium
1229 1233 1432 1294 putant,
1480 1223 1621 1292 quod
1669 1223 1816 1292 leges
1869 1230 2153 1291 ponantur.

577 1321 732 1388 Atqui
767 1320 909 1390 leges
939 1318 1108 1387 pinnis
1135 1327 1189 1372 et
1215 1317 1417 1371 ultione
1445 1316 1614 1387 plenae
1640 1324 1792 1378 sunt;
1820 1330 1919 1369 nec
1946 1313 2049 1368 ulla
2074 1312 2156 1366 lex

575 1411 842 1466 invenitur
868 1412 986 1466 sine
1017 1425 1192 1480 poena.
1236 1409 1515 1477 Quomodo
1555 1424 1682 1477 ergo
1726 1423 1830 1461 non
1868 1406 2154 1462 absurdum

575 1505 754 1567 fuerit,
787 1519 878 1559 eos
901 1503 1257 1574 quidem,.qui
1287 1503 1433 1572 leges
1455 1501 1570 1555 illas
1590 1510 1886 1570 exponunt,
1918 1510 2158 1554 servato-

575 1611 682 1657 res,
737 1594 1024 1660 beneficos,
1075 1603 1329 1663 patronos
1372 1608 1598 1654 vocare;
1630 1608 1726 1646 nos
1755 1607 1878 1646 vero
1917 1591 2078 1645 duros
2107 1600 2160 1645 et

577 1700 821 1740 morosos
873 1695 1083 1755 putare,
1128 1684 1270 1755 quod
1317 1685 1463 1755 leges
1511 1684 1599 1738 Dei
1649 1684 1996 1738 enarremus?
2026 1681 2157 1737 Cum

576 1781 717 1832 enim
746 1779 810 1831 de
839 1779 1081 1848 gehenna
1126 1761 1366 1848 agimus:
1409 1776 1554 1846 leges
1602 1777 1719 1829 illas
1758 1775 2049 1831 allcrimus.
2087 1778 2161 1830 Ac

577 1868 1024 1936 quemadmodum
1055 1869 1128 1922 illi
1160 1868 1366 1923 externi
1397 1868 1540 1938 leges
1565 1868 1633 1922 de
1665 1867 1962 1932 homicidis,
1988 1867 2054 1921 dc
2077 1867 2159 1918 lu-

578 1961 744 2023 tilms,
778 1960 842 2014 de
867 1960 1062 2030 nuptiis
1089 1969 1142 2014 ct
1166 1961 1464 2013 similibus:
1492 1961 1568 2014 sic
1591 1971 1637 2014 et
1665 1976 1762 2015 nos
1789 1960 1931 2030 leges
1952 1959 2020 2014 de
2035 1973 2162 2028 Sup-

578 2052 750 2121 phciis
770 2050 1061 2116 aﬂ‘erimus,
1088 2066 1220 2121 quas
1243 2067 1348 2105 non
1377 2051 1535 2105 homo
1565 2052 1758 2122 posuit,
1789 2053 1883 2107 sed
1912 2054 2023 2122 ipse
2047 2053 2164 2105 uni-

577 2147 786 2215 genitus
814 2144 979 2199 Filius
1012 2145 1124 2198 Dei.
1173 2145 1272 2209 Qui
1319 2145 1698 2200 imtnisericors
1743 2153 1843 2209 est,
1895 2146 2160 2215 puniatur,

581 2238 777 2307 inquit;
824 2238 922 2292 hoc
954 2237 1093 2292 cnim
1139 2239 1240 2293 sibi
1270 2239 1379 2292 vult
1412 2239 1678 2308 parabola.
1711 2238 1812 2307 Qui
1845 2256 2052 2295 memor
2079 2241 2163 2294 in-

574 2330 836 2398 jnriarum
858 2340 956 2393 est,
978 2338 1276 2383 extremum
1306 2329 1412 2382 luat
1437 2330 1752 2398 supplicium
1777 2349 1789 2383 :
1813 2331 1900 2400 qui
1921 2332 2166 2386 irascitur

580 2430 803 2485 temere,
836 2421 885 2474 in
920 2422 1092 2490 ignem
1124 2422 1424 2491 injiciatur:
1451 2422 1539 2489 qui
1583 2423 1930 2491 cenviciatur,
1979 2439 2164 2494 positas

580 2510 672 2565 det
702 2511 751 2564 in
782 2512 1045 2580 gehenna.

652 2603 879 2657 Christus
905 2621 1055 2657 novas
1092 2605 1257 2673 posuit
1302 2604 1612 2674 legem—Si
1655 2608 1849 2675 putatis
1894 2623 2042 2676 vero,
2071 2625 2166 2664 vos

585 2709 754 2750 novas
793 2696 977 2749 audire
1019 2695 1180 2764 leges,
1218 2711 1283 2749 ne
1317 2696 1620 2750 tmbemini.
1665 2698 1774 2752 Nisi
1815 2700 1956 2756 enim
2004 2717 2168 2757 novas

585 2789 851 2857 positurus
878 2787 1116 2841 Christus
1145 2787 1350 2845 fuisset,
1377 2803 1472 2841 cur
1492 2788 1792 2843 advenisset
1811 2792 1832 2843 ?
1853 2793 1943 2846 llla
1972 2795 2168 2863 quippe

584 2880 863 2934 manifesta
908 2878 1059 2932 nobis
1090 2889 1230 2939 sunt,
1265 2878 1404 2948 quod
1439 2878 1758 2935 homicidam
1789 2892 1841 2936 ct
1868 2883 2166 2941 adulterum

585 2975 772 3043 punire
799 2980 1061 3040 oporteat.
1095 2971 1150 3024 Si
1186 2986 1313 3040 ergo
1343 2972 1528 3026 eadem
1559 2974 1786 3028 audituri
1816 2990 2047 3040 eramus,
2074 2995 2168 3034 cur

586 3064 784 3118 αι-ὶοδῑῐ
824 3066 1041 3116 doctore
1071 3064 1084 3093 ι
1112 3077 1245 3129 opus
1271 3065 1428 3116 erat?
1460 3064 1581 3119 Ideo
1629 3081 1732 3120 neu
1764 3066 1912 3133 dicit,
1950 3069 2171 3126 Adulter

588 3157 867 3223 puniatur;
919 3153 1032 3215 sed,
1079 3154 1178 3219 Qui
1229 3156 1439 3211 lascivis
1476 3158 1643 3212 oculis
1691 3161 1906 3229 respicit
1937 3180 1949 3215 :
1979 3172 2032 3218 et
2061 3164 2169 3231 ubi,

650 3288 666 3318 ¹
690 3294 815 3336 Unus
838 3286 980 3348 legit,
1004 3285 1100 3336 alio
1121 3287 1330 3338 doctore.

2259 412 2315 456 et
2337 399 2552 469 quando
2581 414 2793 468 pennam
2820 401 3040 457 daturus
3066 403 3156 469 sil,
3190 401 3357 458 addit.
3395 402 3508 458 Non
3557 403 3607 457 itt
3657 405 3856 459 tabulis

2261 491 2406 560 leges
2430 491 2732 560 descriput,
2767 508 2940 561 neque
2983 495 3170 562 cippos
3210 510 3381 550 terens
3425 496 3624 560 erexit,
3678 509 3733 549 ut
3783 497 3860 560 itii

2261 580 2441 634 lituras
2470 581 2772 650 sculperct;
2805 583 2899 638 sed
2933 586 3127 639 erectis
3164 585 3444 640 duodcrim
3492 586 3860 655 :qo~tnlurusn

2261 672 2557 735 animabus,
2592 671 2663 725 ibi
2697 690 2790 741 per
2817 672 3071 743 Spiritum
3097 686 3341 730 sanctum
3371 679 3463 729 has
3491 679 3706 745 Scripsit
3731 680 3856 732 lite-

2263 776 2370 821 ras,
2402 777 2532 831 quas
2563 763 2714 818 vobis
2751 779 2846 818 nos
2890 767 3081 820 metito
3113 767 3465 836 pra-legimus.
3517 767 3646 821 Nam
3681 769 3723 821 si
3755 767 3860 822 Ju-

2260 851 2392 906 dmis
2436 852 2540 908 hoc
2581 853 2793 920 licebat,
2820 871 2886 910 ne
2913 860 3032 925 quis
3078 858 3143 910 ad
3187 857 3538 927 ignorantium
3593 859 3860 928 tonluge-

2261 954 2378 1006 rct;
2415 945 2584 1000 multo
2615 947 2785 1018 magis
2815 948 2968 1002 nobis
3000 947 3076 1002 las
3106 959 3206 1003 est.
3257 948 3311 1005 Si
3359 951 3477 1020 quis
3516 966 3642 1003 vero
3691 952 3860 1015 dic.:t,

2264 1034 2380 1091 Non
2411 1037 2645 1104 audiam,
2677 1054 2776 1093 nec
2800 1038 3057 1109 judicrum
3101 1041 3312 1103 subibo,
3345 1041 3466 1095 ideo
3503 1042 3732 1096 maxime
3763 1058 3865 1110 pu-

2264 1128 2428 1184 nitur.
2460 1129 2591 1184 Nam
2623 1130 2669 1185 si
2701 1146 2860 1186 nemo
2885 1131 3122 1196 doceret,
3156 1141 3336 1201 possvt
3362 1133 3426 1186 ad
3458 1135 3579 1187 talia
3614 1137 3860 1202 ccultum;

2264 1218 2358 1272 sed
2389 1232 2511 1274 cum
2541 1219 2682 1274 adsit
2707 1220 2926 1286 Doctor,
2959 1238 3064 1276 non
3097 1224 3236 1278 licet.
3275 1222 3406 1278 Vide
3432 1238 3561 1294 ergo
3587 1225 3867 1294 quomodo

2261 1307 2478 1364 Iudaeos
2503 1325 2535 1364 a
2561 1310 2713 1365 venia
2745 1313 3030 1380 excludat,
3061 1313 3246 1369 dicens
3279 1332 3291 1367 :
3323 1313 3382 1369 Si
3409 1331 3509 1368 non
3540 1317 3778 1370 venissem
3816 1325 3868 1369 et

2263 1400 2502 1472 loquutus
2528 1403 2732 1474 fuissem
2758 1405 2850 1471 eis,
2879 1415 3138 1474 peccatum
3169 1423 3269 1460 non
3289 1407 3528 1460 haberent
3561 1405 3738 1478 (Joan.
3772 1407 3864 1464 15.

2261 1492 2399 1565 22);
2432 1495 2730 1565 iterumque
2771 1496 2992 1564 Paulus,
3035 1498 3142 1554 Sed
3172 1499 3305 1566 dico,
3342 1499 3607 1570 Numquid
3633 1519 3733 1554 non
3770 1519 3871 1555 eu-

2264 1585 2465 1640 dierunt
2490 1588 2515 1640 .9
2568 1588 2630 1641 Et
2673 1590 2874 1659 quidem
2922 1595 2975 1644 in
3024 1608 3223 1647 onmem
3271 1603 3456 1649 terram
3510 1595 3659 1649 exivit
3703 1613 3866 1651 sonus

2263 1695 2438 1732 eorum
2481 1677 2659 1751 (Rom.
2692 1681 2776 1737 10.
2809 1683 2897 1738 18.
2931 1682 3074 1740 Psal.
3108 1686 3195 1741 18.
3226 1687 3304 1754 5).
3346 1687 3498 1743 Tunc
3532 1689 3674 1744 enim
3701 1690 3866 1744 venia

2267 1777 2368 1833 est,
2402 1771 2618 1841 quando
2661 1773 2837 1829 nullus
2865 1783 2947 1830 est
2975 1777 3064 1847 qui
3111 1777 3406 1847 prtedicct;
3439 1781 3654 1850 quando
3683 1791 3870 1836 autem

2265 1863 2569 1931 speculator
2596 1864 2774 1933 sedet,
2805 1877 2859 1922 et
2881 1867 2983 1925 hoc
3010 1868 3172 1926 habet
3199 1871 3456 1936 ofﬁciunt,
3487 1888 3593 1927 non
3617 1873 3754 1929 ultra
3781 1882 3877 1928 est.

2265 1956 2444 2010 venia.
2483 1957 2592 2012 lmo
2621 1973 2750 2015 vero
2775 1975 2885 2015 non
2915 1968 3118 2018 tantum
3165 1965 3331 2020 voluit
3379 1965 3621 2021 Christus
3664 1981 3762 2022 uos
3815 1968 3874 2021 in

2268 2045 2547 2102 columnas
2590 2049 2706 2104 illas
2751 2051 3041 2121 respicere,
3086 2055 3181 2110 sed
3224 2071 3322 2110 nos
3351 2072 3563 2126 quoque
3608 2059 3718 2112 vult
3746 2073 3877 2114 esse

2268 2138 2563 2194 columnas.
2593 2141 2726 2208 Quia
2747 2158 2876 2198 vero
2899 2159 2997 2200 nos
3022 2145 3217 2201 talibus
3237 2147 3724 2220 scriptisindignos
3745 2151 3878 2205 red-

2272 2229 2543 2298 didimus,
2589 2232 2704 2288 illas
2747 2235 2936 2291 saltem
2975 2237 3251 2294 columnas
3300 2239 3666 2308 respiciamus.
3719 2240 3880 2296 Sicut

2271 2321 2413 2375 enim
2445 2322 2708 2379 columna:
2738 2325 2857 2380 aliis
2893 2327 3185 2395 minantur,
3224 2329 3327 2384 illze
3359 2345 3484 2384 vero
3523 2347 3626 2386 non
3656 2343 3780 2388 sunt
3818 2334 3876 2388 in

2270 2413 2448 2483 culpa,
2478 2423 2536 2468 ut
2560 2429 2731 2486 neque
2751 2417 2895 2488 leges
2926 2435 2940 2471 :
2972 2419 3048 2474 sic
3067 2428 3124 2475 et
3154 2420 3293 2476 beati
3323 2424 3572 2491 apostoli.
3607 2426 3671 2479 Et
3697 2426 3819 2479 vide
3860 2445 3875 2478 :

2271 2518 2378 2556 non
2418 2519 2524 2558 uno
2555 2505 2605 2559 in
2634 2507 2752 2562 loco
2774 2515 2880 2562 stat
2908 2507 3022 2564 hmo
3047 2510 3311 2575 columna,
3349 2513 3442 2567 sed
3475 2512 3668 2583 ubique
3697 2515 3880 2572 liter-.c

2273 2594 2485 2663 scriptu:
2514 2595 2977 2653 circumferuntur.
3004 2600 3135 2655 Nam
3167 2604 3210 2656 si
3234 2602 3299 2658 ad
3324 2602 3480 2658 huius
3503 2606 3720 2675 migres,
3754 2608 3880 2664 illas

2275 2684 2499 2751 audies;
2533 2687 2575 2740 si
2624 2687 2674 2741 in
2717 2687 3045 2758 llispaniam,
3091 2702 3146 2747 et
3193 2694 3244 2747 in
3284 2709 3470 2750 omnes
3517 2697 3647 2752 lines
3681 2708 3878 2764 terrm,

2273 2789 2435 2831 nemo
2464 2788 2546 2832 est
2565 2780 2690 2848 quin
2716 2780 2912 2847 audiat,
2940 2784 3040 2838 nisi
3072 2784 3140 2838 ob
3168 2785 3446 2841 desidiam.
3480 2788 3555 2843 Nc
3581 2805 3707 2860 ergo
3732 2807 3883 2861 agre

2276 2865 2481 2933 feratis,
2510 2869 2602 2923 sed
2634 2870 2791 2925 dictis
2828 2874 3106 2941 attendite,
3142 2886 3196 2931 ut
3230 2879 3442 2945 possitis
3477 2881 3683 2937 virtutis
3713 2899 3880 2952 opera

2276 2959 2569 3029 suscipere,
2603 2971 2656 3015 et
2684 2971 2880 3018 tetcma
2910 2968 3162 3038 consequi
3208 2969 3366 3037 bona,
3403 2972 3454 3025 in
3486 2973 3699 3028 Christo
3739 2974 3878 3030 .lesu

2280 3049 2505 3106 Domino
2534 3065 2737 3119 nostro,
2763 3057 2976 3127 quicum
3005 3059 3145 3114 Patri
3180 3077 3388 3132 unaque
3418 3064 3636 3133 Spiritui
3677 3079 3873 3122 sancto

2280 3143 2469 3211 gloria,
2498 3145 2799 3214 imperium,
2833 3147 3024 3215 honor,
3059 3166 3199 3207 nunc
3237 3162 3290 3207 et
3327 3168 3560 3224 semper,
3593 3166 3645 3211 et
3684 3157 3738 3211 in
3775 3173 3886 3214 sa:—

2285 3234 2400 3288 cula
2429 3238 2770 3294 smculorum.
2802 3242 2987 3295 Amen.

2019 3427 3873 3462 __._._______________________________

1999 3501 2344 3566 HOMILIA
2397 3510 2506 3570 VI.

593 3645 718 3699 Car.
759 3645 812 3698 2.
843 3660 894 3697 v.
929 3644 1019 3699 2'2.
1062 3643 1169 3697 Viri
1200 3644 1471 3712 Israelita,
1500 3647 1672 3701 audite
1712 3649 1859 3718 verpa
1898 3668 2005 3705 mea
2049 3654 2177 3707 liter.

668 3740 718 3789 1.
752 3736 864 3789 Non
902 3746 981 3791 cst
1025 3738 1124 3791 hoc
1158 3755 1250 3805 per
1275 3737 1630 3794 adulationem
1671 3741 1900 3808 dictum;
1942 3748 2034 3800 sed
2065 3750 2184 3817 quia

598 3828 716 3882 illos
745 3831 938 3882 acriter
971 3832 1366 3897 perstrinxerat,
1408 3833 1515 3900 iam
1555 3836 1828 3890 remissior
1854 3850 1956 3904 cst,
1999 3851 2051 3893 et
2088 3859 2183 3909 op-

600 3933 827 3986 portunc
854 3922 1101 3975 Davidt-m
1136 3933 1417 3978 memorat.
1456 3925 1522 3978 Et
1550 3941 1732 3981 rursus
1761 3945 1786 3980 a
1819 3935 2076 3998 prooemio
2107 3935 2184 3988 in-

599 4011 746 4078 cipit,
781 4027 843 4063 ne
876 4011 1172 4074 turbentur,
1199 4013 1318 4081 quia
1343 4014 1408 4068 de
1434 4014 1563 4069 Jesu
1598 4019 1919 4073 mentionem
1953 4022 2185 4079 facturus

599 4112 702 4155 est.
745 4102 872 4154 Nam
914 4104 1154 4170 Superius
1196 4105 1386 4158 turbati
1429 4122 1532 4160 non
1574 4119 1695 4162 sunt.
1739 4110 2052 4180 Prophetam
2097 4133 2188 4168 au-

604 4195 848 4258 dientes;
894 4210 1083 4249 nomen
1133 4213 1260 4251 vero
1304 4196 1424 4253 Jesu
1468 4203 1644 4255 statim
1697 4205 1814 4258 illos
1857 4207 2182 4264 oll‘endisset.

607 4283 713 4338 Nec
741 4284 896 4345 dixit,
926 4285 1320 4351 Obtcmpcrate,
1352 4291 1465 4354 sed,
1501 4294 1713 4360 Audite,
1743 4298 1880 4364 quod
1913 4313 2041 4352 sane
2073 4318 2185 4353 mo-

609 4373 797 4427 lestum
830 4389 931 4428 non
955 4385 1087 4429 erat.
1129 4378 1192 4432 Et
1221 4380 1578 4437 animadverte
1603 4387 1867 4453 quomodo
1903 4391 2030 4443 nihil
2065 4393 2192 4445 sub-

610 4465 735 4517 lime
783 4465 953 4526 dicat,
1008 4466 1100 4520 Sed
1161 4469 1226 4521 ab
1287 4468 1656 4526 humilioribus
1706 4475 1938 4544 incipiat.
1989 4479 2186 4546 Jesrnn,

608 4556 799 4625 inquit,
841 4554 1184 4610 .‘Vazarenum.
1230 4560 1461 4616 Patriam
1512 4566 1684 4618 statim
1731 4567 1875 4632 dicit,
1921 4587 2037 4638 qua:
2073 4574 2191 4628 vilis

609 4664 728 4703 csse
767 4649 1066 4705 videbatur.
1112 4652 1216 4706 Nec
1266 4655 1531 4723 quidpiam
1579 4660 1785 4713 interim
1833 4677 2081 4731 magnum
2128 4667 2194 4720 dc

615 4741 702 4792 illo
732 4741 876 4802 dicit,
906 4759 970 4796 ne
1001 4745 1210 4812 quidem
1246 4746 1383 4814 quod
1415 4748 1481 4802 de
1521 4751 1773 4818 propheta
1800 4754 1932 4808 alitis
1972 4756 2188 4811 diceret.

613 4831 807 4895 Jestun,
840 4835 1025 4902 inquit,
1076 4835 1416 4902 Nazarenam,
1463 4842 1622 4895 virum
1661 4846 1990 4913 approbatum
2031 4867 2061 4902 α
2091 4848 2195 4903 Deo

613 4924 666 5004 in
707 4924 862 4977 vobis.
899 4926 1026 4980 Vide
1066 4945 1218 4996 quam
1261 4947 1504 4999 magnum
1553 4936 1675 4988 illud
1722 4949 1852 5003 erat,
1882 4941 2020 5009 quod
2057 4943 2198 4998 dicat

616 5007 765 5069 illum
795 5033 820 5069 a
856 5017 962 5070 Deo
994 5019 1209 5072 missum
1243 5020 1420 5076 fuisse.
1450 5024 1559 5077 lloc
1589 5028 1725 5078 enim
1763 5043 1971 5097 semper
2001 5041 2052 5085 et
2084 5033 2199 5086 ubi-

617 5123 718 5174 que
753 5106 986 5163 Joannes
1029 5120 1080 5163 et
1133 5113 1354 5179 apostoli
1407 5117 1690 5170 ostendere
1740 5122 2013 5176 curabant.
2064 5126 2197 5179 Audi

618 5216 845 5266 namque
890 5201 1146 5256 Joannem
1185 5206 1450 5262 dicentem
1486 5227 1498 5262 :
1535 5209 1632 5264 Ille
1671 5213 1792 5266 uti/ti
1835 5217 1981 5279 dixit,
2033 5219 2201 5287 Super

619 5308 763 5358 quem
790 5294 970 5346 videris
997 5295 1242 5362 Spiritum
1265 5301 1641 5357 descendentem
1669 5316 1714 5358 et
1742 5320 2017 5361 manentem
2055 5328 2202 5381 super

621 5398 753 5444 enm,
795 5384 874 5434 ltic
911 5395 981 5437 est
1022 5385 1198 5454 (latin.
1236 5389 1286 5442 1.
1329 5390 1439 5457 55).
1481 5393 1590 5447 Hoc
1632 5399 1893 5467 pra-cipue
1924 5400 2047 5455 facit
2092 5404 2202 5471 ipse

619 5473 882 5535 Christus,
905 5477 1107 5543 dicens,
1146 5480 1185 5532 Α
1221 5485 1508 5551 memetipso
1537 5504 1632 5540 non
1661 5492 1788 5552 veni,
1823 5493 1930 5561 ipse
1957 5510 2033 5545 nte
2069 5495 2203 5549 misit

618 5567 637 5632 (
673 5565 756 5617 Id.
785 5568 836 5618 7.
878 5567 948 5621 9.8
981 5570 1017 5638 ).
1047 5571 1108 5622 Et
1137 5573 1326 5642 ubique
1354 5575 1404 5628 in
1433 5574 1715 5646 Scripturis
1738 5581 1838 5638 hoc
1871 5585 2202 5654 potissimum

623 5668 809 5723 agitur.

695 5745 837 5802 Petri
859 5750 1097 5821 dignitas.
1121 5754 1324 5811 —-—ldeo
1352 5759 1434 5815 hic
1466 5773 1680 5818 sanctus
1709 5767 1847 5826 beati
1877 5776 2026 5831 chori
2057 5781 2200 5847 prin>

2287 3674 2433 3729 ccps,
2459 3671 2666 3716 amator
2685 3662 2903 3731 Christi,
2924 3665 3117 3721 ardens
3139 3666 3448 3736 discipulus,
3468 3671 3549 3724 cui
3579 3672 3892 3727 commissa:

2287 3762 2410 3804 sunt
2446 3754 2699 3808 Caeterum
2732 3756 2932 3819 claves,
2979 3759 3068 3827 qni
3115 3760 3496 3814 rcvclationem
3551 3763 3890 3830 spiritualem

2291 3845 2518 3911 accepit,
2567 3856 2848 3915 postquam
2881 3848 3000 3900 illos
3030 3850 3220 3904 timore
3249 3854 3585 3920 compressit,
3620 3857 3893 3910 ostendit-

2292 3949 2393 4002 que
2427 3936 2629 4003 magnis
2675 3937 2792 3989 illos
2829 3936 2984 3992 donis
3013 3954 3134 3993 esse
3177 3940 3442 4010 dignatus,
3474 3955 3631 4013 atque
3664 3944 3766 4001 lidc
3803 3947 3897 3999 tli-

2291 4037 2424 4092 guos
2470 4025 2719 4090 reddidit,
2755 4038 2878 4082 tunc
2907 4028 2974 4081 de
3006 4029 3096 4082 ilfo
3131 4030 3363 4085 disserit.
3411 4032 3584 4102 Paptr,
3617 4053 3685 4105 qu
3710 4039 3898 4092 unedo

2294 4130 2454 4167 ausus
2475 4127 2554 4168 est
2587 4119 2723 4170 inter
2755 4119 3048 4173 homicidas
3079 4121 3256 4176 dicere
3285 4123 3456 4192 ipsum
3491 4128 3852 4184 resin-rexisse
3878 4134 3896 4187 !

2294 4207 2401 4260 Nec
2430 4208 2558 4260 dicit
2593 4210 2790 4272 statim,
2823 4211 2962 4278 quod
2995 4217 3380 4275 reSurrcxerit;
3412 4216 3500 4268 sed
3534 4233 3617 4284 qui
3641 4218 3671 4270 ιΙ
3711 4234 3738 4272 a
3780 4219 3901 4274 Deo

2297 4299 2360 4352 ad
2392 4300 2533 4369 ipsos
2581 4302 2802 4355 venerit.
2841 4303 2951 4356 lloc
2983 4314 3158 4357 autem
3201 4307 3541 4361 manifesnnn
3584 4320 3663 4363 cst
3703 4327 3765 4364 et:
3803 4313 3900 4379 iis,

2298 4405 2414 4459 qtae
2459 4390 2602 4445 fecit.
2637 4392 2750 4446 Non
2775 4393 2883 4461 jam
2925 4393 3075 4459 dicit,
3105 4396 3244 4465 quod
3278 4397 3412 4465 ipse,
3447 4398 3538 4453 sed
3570 4400 3709 4469 quod
3752 4403 3906 4458 Deus

2299 4497 2392 4549 per
2423 4483 2613 4550 ipsum,
2645 4493 2699 4536 ιιι
2729 4483 3018 4539 modestius
3066 4485 3330 4556 loquendo
3362 4489 3503 4556 ipsos
3534 4491 3902 4559 pertraheret,

2299 4573 2362 4626 ad
2395 4591 2551 4643 quam
2591 4591 2700 4628 rem
2736 4576 2880 4644 ipsos
2921 4586 3084 4632 testes
3129 4587 3302 4642 vocat,
3346 4580 3622 4650 dicitque:
3665 4582 3838 4636 Virmn
3869 4604 3906 4640 (ι

2300 4665 2411 4718 Deo
2457 4667 2855 4722 demonstratum
2898 4671 2952 4722 in
3004 4671 3142 4722 vobis
3197 4671 3497 4737 virtutibus,
3556 4676 3800 4745 prodigiis
3849 4690 3908 4731 et

2301 4757 2476 4828 signis,
2511 4776 2623 4829 qua:
2646 4762 2763 4830 fecit
2803 4778 2892 4828 per
2919 4762 3083 4828 ipsum
3120 4760 3333 4816 Deus'in
3358 4765 3520 4818 medio
3559 4768 3728 4831 vestri,
3762 4769 3908 4823 sicut

2305 4861 2347 4903 et
2380 4851 2476 4919 ipsi
2507 4853 2659 4904 scitis.
2697 4853 2896 4906 Deinde
2928 4853 2978 4906 in
3009 4853 3217 4906 illorum
3251 4853 3453 4909 facinus
3483 4865 3536 4909 et
3565 4858 3738 4910 scelus
3764 4858 3909 4913 inri-

2304 4941 2455 5003 dens,
2482 4942 2600 4996 vide
2622 4945 2887 5011 quomodo
2912 4955 3136 4998 conetur
3169 4946 3285 4998 illos
3312 4961 3339 4998 a
3369 4947 3592 5002 crimine
3619 4948 3847 5004 liberare
3892 4972 3906 5006 :

2307 5030 2380 5104 (η)
2406 5033 2422 5100 (
2453 5034 2550 5087 etsi
2583 5034 2725 5086 enim
2762 5035 3041 5089 deﬁnitum
3074 5045 3235 5099 esset,
3272 5037 3342 5091 illi
3379 5047 3556 5092 tamen
3615 5039 3910 5099 homicidae

2305 5126 2514 5195 erant).
2565 5127 2653 5180 9.3.
2693 5126 2864 5190 Ilunc,
2912 5129 3102 5196 inquit,
3146 5131 3355 5198 deﬁnito
3411 5133 3629 5186 consilio
3676 5144 3724 5186 et
3756 5151 3908 5188 orte-

2305 5221 2514 5273 scientia
2541 5219 2637 5273 Dei
2668 5220 2911 5273 traditum
2938 5223 3257 5291 accipientes,
3288 5241 3377 5294 per
3406 5241 3585 5278 manus
3605 5227 3912 5296 iniquorum

2371 5353 2441 5416 (u)
2461 5363 2577 5422 Qum
2602 5355 2795 5422 uncinis
2812 5354 3097 5405 clauduntur
3119 5357 3324 5422 deerant
3363 5359 3411 5406 in
3445 5357 3615 5409 Edltis.
3670 5359 3731 5407 At
3761 5373 3911 5422 vero,

2306 5415 2552 5466 bisetiam
2585 5418 3236 5482 restitutisLSensusadlmc
3279 5422 3596 5482 impertectus
3622 5435 3732 5470 esse
3767 5415 3914 5469 ι·ἱ‹,1μὶ

2309 5485 2403 5545 tur.
2429 5486 2560 5545 Natu,
2584 5486 2635 5526 ttt
2661 5479 2706 5526 in
2731 5479 3012 5545 prtei'alioue
3037 5481 3248 5545 diximus
3266 5520 3279 5542 ,
3302 5479 3439 5545 saepe
3461 5483 3832 5545 Chrysoslouats
3859 5488 3912 5536 in

2310 5541 2445 5606 hisce
2478 5540 3183 5606 Cettmtt2tttariis__sententiain
3238 5540 3470 5606 relinquit
3540 5540 3909 5606 imperfectam.

2308 5603 2385 5666 sic
2409 5615 2528 5664 ergo
2553 5610 2703 5666 totum
2732 5603 2985 5666 intelligas
3021 5619 3062 5665 οι
3083 5613 3215 5654 ortet
3242 5621 3253 5654 :
3289 5603 3406 5656 ride
3444 5603 3680 5666 (μίση-στω
3704 5618 3908 5658 conetur

2309 5665 2418 5731 illos
2442 5663 2696 5731 (ιξςιξιιιίηρ
2725 5663 2955 5725 liberare,
2985 5663 3420 5731 quantumst'ilicet
3446 5663 3554 5731 ﬁeri
3579 5676 3762 5731 peteret
3788 5673 3912 5725 :rtsi

2311 5727 2437 5788 enin;
2462 5724 2510 5771 id
2537 5726 2787 5788 tle/mitam
2809 5740 2839 5774 ll
2865 5724 2964 5776 Deo
2987 5724 3126 5787 esset,
3165 5729 3313 5780 nihilo
3346 5724 3505 5780 tamen
3539 5724 3697 5781 niinns
3721 5732 3795 5783 illi
3825 5736 3905 5786 lte-

2313 5786 2509 5838 mieitlw
2535 5786 2687 5839 erunt.
2721 5799 2873 5850 Hunc,
2898 5791 3071 5855 inquit,
3095 5786 3290 5856 tle/inito
3309 5794 3522 5855 consilio,
3551 5802 3646 5844 etc.
