4074 6302
234 373 295 441 si
1205 387 1270 443 IN
1309 386 1488 442 ACTA
1532 381 2307 442 APOSTOLOtwn.uouit...
2356 386 2441 464 rt.
3488 415 3558 472 53

231 501 488 572 aﬁgeutes
525 499 879 557 interemistis.
914 500 1106 557 Iisdem
1152 503 1262 555 fere
1305 502 1481 556 verbis
1512 512 1688 562 utens,
1725 498 1842 568 qui-

232 595 332 649 hu:
356 594 554 665 Joscph
580 596 780 650 fratres
805 612 932 650 suos
951 586 1252 666 alloquutus
1280 603 1362 648 est
1392 613 1404 647 :
1442 593 1617 648 Nolite
1645 593 1838 657 timere,

227 688 355 755 quia
387 705 490 741 non
521 704 606 743 eos
651 689 938 742 tradidistis
985 705 1084 753 me,
1128 687 1215 743 sed
1262 687 1400 741 Deus
1443 705 1520 741 me
1564 689 1662 740 huc
1707 687 1843 739 misit

236 778 394 846 (Gen.
422 780 515 833 45.
538 780 617 849 5).
649 780 850 834 Deinde
881 788 1156 848 postquam
1179 778 1336 844 dixit,
1364 779 1465 830 hoc
1494 777 1587 832 Dei
1616 777 1844 831 consilio

228 871 432 923 factum
456 885 614 935 esse;
647 887 714 924 ne
744 872 1007 934 dicereut,
1039 871 1182 940 Ergo
1214 870 1261 924 id
1297 871 1432 926 bene
1455 870 1694 928 fecimus,
1721 869 1841 923 illos

224 966 477 1034 eoarguit
507 980 603 1034 per
647 971 709 1019 ea
755 981 876 1036 quae
920 961 1103 1035 adjicit
1135 983 1148 1017 :
1183 963 1282 1017 Per
1322 981 1502 1022 manus
1552 963 1841 1033 iniquorum

222 1048 492 1126 aﬂigmtes
519 1057 861 1112 interemistis.
897 1058 991 1111 Hic
1013 1057 1202 1112 Judam
1227 1056 1548 1118 subindicat,
1578 1055 1843 1125 simulque

223 1147 494 1212 ostendit,
529 1149 579 1203 id
602 1164 707 1203 non
736 1150 974 1219 potuisse
1004 1149 1126 1204 illos
1157 1150 1353 1210 facere,
1397 1150 1497 1223 nisi
1539 1147 1679 1202 Deus
1709 1164 1839 1202 con-

222 1242 512 1305 cessisset,
562 1240 976 1313 tradidissetque
1020 1241 1190 1297 illum.
1243 1240 1356 1296 lloe
1397 1240 1539 1294 enim
1581 1239 1681 1293 sibi
1728 1239 1842 1292 vult

224 1331 386 1399 illud,
419 1323 714 1398 Traditum.
748 1332 838 1388 Sic
869 1336 1038 1389 totum
1081 1332 1259 1387 scelus
1290 1331 1558 1386 coovertit
1600 1331 1650 1383 in
1680 1338 1839 1398 caput

223 1424 402 1491 Jmlm,
433 1426 526 1494 qui
559 1424 774 1480 tradidit
801 1434 924 1480 eum
957 1444 970 1480 :
1006 1426 1120 1496 ipse
1147 1424 1289 1479 enim
1319 1424 1464 1478 illum
1497 1421 1681 1476 osculo
1713 1435 1839 1490 pro-

221 1515 382 1568 didit.
419 1515 514 1570 Vel
549 1515 651 1570 hoc
683 1515 948 1586 intelligit.
976 1527 1103 1570 *cum
1141 1515 1236 1580 ait,
1289 1513 1389 1568 Per
1429 1531 1608 1567 manus
1640 1513 1841 1584 iniquo-

222 1623 377 1670 rum;
407 1608 496 1661 vel
513 1607 593 1661 .dc
618 1607 875 1662 militibus
889 1608 1144 1678 loquitur,
1169 1622 1232 1662 ac
1253 1607 1295 1661 si
1321 1607 1572 1667 insinuet.
1607 1604 1721 1659 Non
1745 1618 1841 1657 vos

225 1700 611 1764 interemistis,
644 1699 870 1761 sed,Per
893 1716 1074 1754 manus
1100 1701 1410 1771 iniquorum.
1441 1701 1502 1754 Et
1532 1699 1674 1763 vide,
1706 1713 1841 1766 quo-

221 1789 391 1843 modo
430 1791 635 1860 ubique
689 1801 874 1846 curent
931 1792 1236 1861 passionem
1293 1793 1522 1861 primum
1571 1790 1836 1848 confiteri.

224 1878 708 1936 lit-surrectionem
742 1898 890 1947 vero,
926 1885 1046 1953 quia
1088 1898 1277 1954 magna
1318 1899 1406 1938 res
1444 1893 1581 1949 erat,
1622 1884 1837 1939 interim

221 1973 570 2039 suliindieat,
609 1986 662 2029 et
699 1976 846 2045 quasi
896 1975 944 2029 in
989 1976 1165 2031 nzedio
1212 1977 1381 2047 ponit.
1442 1977 1531 2032 Illa
1586 1994 1835 2048 namque,

219 2081 352 2118 (Ἰσιιῖ
391 2066 650 2120 nimirum
682 2077 736 2121 et
766 2083 932 2127 mors.
975 2069 1027 2122 in
1075 2068 1347 2124 confesso‘
1374 2081 1548 2137 erant,
1599 2073 1836 2127 nendum

220 2169 407 2212 autem
458 2160 783 2214 resurrectio
817 2177 829 2211 :
863 2159 981 2214 ideo
1021 2159 1136 2215 haec
1175 2161 1448 2232 subjungit
1491 2182 1503 2217 :
1545 2162 1635 2218 (24-
1680 2164 1840 2229 Quem

225 2249 366 2304 Ητιιε
397 2252 681 2318 suscitat-it,
731 2253 910 2307 solutis
948 2251 1207 2309 doloribus
1252 2257 1447 2321 mortis,
1482 2271 1538 2310 eo
1576 2258 1711 2327 quod
1739 2258 1836 2310 im—

222 2342 475 2408 possibile
513 2351 619 2396 erat
650 2344 807 2396 teneri
835 2344 980 2397 illum
1010 2346 1070 2398 ab
1099 2362 1178 2399 ea.
1224 2346 1319 2401 llic
1351 2363 1600 2418 magnum
1641 2359 1694 2404 et
1712 2349 1838 2404 Stib-

221 2434 352 2486 lhue
401 2434 675 2501 quidpiam
730 2435 1051 2491 subindicat.
1122 2437 1255 2492 Illud
1299 2441 1464 2506 enim,
1513 2440 1839 2509 [inpossibile

219 2537 355 2587 emt,
390 2527 653 2596 significat
683 2529 856 2599 ipsum
891 2547 1104 2602 quoque
1142 2532 1357 2587 dedisse
1389 2544 1707 2601 potestatem
1750 2537 1836 2590 in-

219 2615 385 2670 fet-uo
413 2628 468 2672 ut
499 2635 558 2674 se
579 2629 806 2688 teneret,
835 2631 891 2676 et
929 2633 1155 2678 mortem
1191 2625 1339 2678 illum
1380 2626 1711 2680 detinentem
1740 2627 1835 2681 do-

219 2708 433 2763 loribus
459 2720 643 2779 partus
671 2709 916 2766 affectam
946 2713 1126 2783 gravia
1161 2729 1371 2784 passam
1409 2731 1550 2770 esse.
1585 2718 1832 2773 Dolorem

218 2804 429 2872 quippe
471 2806 657 2859 mortis
689 2805 986 2871 periculum
1023 2806 1296 2877 Scriptura
1337 2808 1475 2863 solet
1517 2811 1787 2879 appell.:re
1819 2829 1832 2864 :

220 2905 276 2947 et
299 2893 527 2952 indicat.
549 2895 688 2962 quod
712 2897 790 2949 sic
813 2898 1162 2952 resurrcxerit
1191 2899 1343 2969 quasi
1377 2916 1479 2954 non
1512 2901 1646 2955 ultra
1675 2903 1836 2956 mori-

221 2997 407 3040 turus.
453 2987 548 3040 \‘el
569 3005 688 3042 cum
718 2989 867 3055 dicit,
901 2987 978 3043 Eo
1006 2990 1141 3061 quod
1170 2992 1481 3061 impossibile
1525 3003 1632 3046 erat
1678 2996 1836 3048 teneri

219 3082 384 3134 illum
423 3083 485 3133 ab
515 3098 592 3148 ea,
626 3083 891 3154 significat
936 3086 1385 3141 resurrectionem
1417 3089 1533 3156 ejus
1563 3104 1668 3142 non
1715 3103 1836 3143 esse

217 3188 570 3227 Continunem
597 3190 717 3228 cum
761 3175 901 3229 aliis.
948 3176 1147 3231 Deinde
1181 3176 1491 3248 priusquam
1530 3194 1683 3234 mens
1715 3180 1834 3233 illo-

219 3275 350 3318 rum
385 3266 582 3335 aliquid
607 3267 823 3337 cogitet,
854 3268 1054 3322 inducit
1090 3269 1367 3335 Davidem,
1398 3286 1612 3325 onmem
1647 3271 1834 3325 huma-

221 3371 353 3406 nam
383 3356 754 3424 engimtioncm
781 3358 846 3411 de
870 3357 1046 3412 medio
1074 3360 1368 3415 tollentem.
1394 3357 1485 3416 ‘23.
1515 3361 1680 3424 David
1698 3364 1834 3418 enim

218 3449 354 3499 dicit
387 3448 435 3499 iu
462 3464 593 3514 eum,
627 3450 814 3519 inquit.
863 3449 929 3505 Et
974 3453 1109 3515 vide,
1147 3454 1418 3523 quomodo
1451 3472 1634 3510 rursus
1679 3459 1830 3512 testi-

218 3539 468 3591 inonium
502 3540 568 3592 sit
604 3541 822 3596 humile.
859 3543 983 3597 Ideo
1019 3541 1145 3598 iilud
1175 3562 1332 3615 supra
1357 3558 1425 3601 ex
1455 3547 1833 3605 humilioribus

217 3631 454 3697 accepit,
495 3642 548 3683 ut
589 3633 836 3688 ostendat
878 3635 944 3690 de
986 3649 1159 3693 morte
1203 3655 1307 3692 non
1353 3655 1474 3695 esse
1516 3642 1827 3698 dolendum.

219 3719 593 3787 Providebmu,
628 3727 816 3796 inquit.
857 3728 1127 3784 Dominum
1168 3733 1218 3786 in
1245 3747 1514 3806 conspectu
1557 3754 1665 3791 meo
1695 3755 1829 3792 seui-

214 3835 330 3884 ρετ.
369 3819 609 3886 quoniam
638 3838 668 3872 a
708 3821 896 3874 dextris
926 3833 997 3876 est
1030 3826 1172 3889 mihi,
1222 3840 1284 3879 tte
1312 3844 1627 3882 commoveor
1655 3821 1826 3899 (Psal.

219 3908 308 3963 l5.
343 3909 405 3970 8)
432 3929 444 3963 :
476 3909 563 3963 '27.
588 3913 824 3979 quoniam
850 3931 950 3968 non
982 3915 1296 3988 derelinquas
1319 3923 1544 3974 animam
1577 3940 1737 3977 meam
1775 3927 1827 3979 in

212 4004 446 4072 inferno.
506 4005 706 4059 Deinde
755 4008 1062 4063 testimonio
1113 4007 1427 4079 prophetico
1481 4015 1628 4070 addit
1673 4036 1688 4072 :
1735 4018 1826 4073 ‘29.

222 4091 337 4147 Viri
373 4100 577 4164 fratres.
600 4096 732 4151 Cum
757 4114 1005 4169 magnum
1029 4103 1300 4172 quidpiam
1331 4102 1569 4162 dicturus
1593 4119 1691 4173 est,
1722 4110 1840 4164 hoc.

213 4192 395 4242 mitur
422 4192 707 4256 prou-inio,
744 4192 938 4245 utilios
962 4196 1157 4249 excitet
1188 4204 1241 4249 ct
1262 4197 1482 4253 alliciat.
1515 4199 1707 4264 Liceat,
1744 4203 1826 4256 in-

208 4285 358 4352 quit,
393 4284 638 4338 audenter
661 4287 828 4340 dicere
851 4288 988 4342 vobis
1013 4289 1077 4343 de
1107 4292 1401 4358 patriarcha
1427 4292 1610 4349 David.
1641 4291 1826 4366 Magna

211 4374 502 4428 humilitas
536 4396 548 4427 :
583 4376 669 4430 tibi
714 4378 841 4432 nihil
868 4387 954 4433 est
978 4380 1178 4444 damni,
1228 4382 1519 4440 dentissitis
1564 4386 1823 4455 loquitur.

210 4464 459 4532 Ideoque
497 4481 601 4520 non
631 4466 784 4532 dixit,
832 4468 945 4524 lucc
975 4471 1042 4525 de
1082 4471 1320 4536 Christo,
1367 4490 1472 4528 non
1515 4476 1582 4531 de
1626 4473 1828 4533 Davide

211 4558 363 4611 dicta
396 4556 598 4621 fuisse;
645 4558 804 4629 idque
829 4560 1116 4616 admodum
1159 4563 1471 4632 prudenter,
1517 4577 1570 4620 nt
1615 4568 1735 4623 illos
1759 4578 1826 4625 cx

213 4664 419 4720 magno
450 4665 573 4718 erga
611 4651 820 4704 beatum
854 4652 1104 4708 Da‘videni
1142 4652 1348 4710 honore
1375 4657 1438 4709 ad
1469 4660 1824 4715 reverentiam

210 4744 538 4805 deduceret,
569 4742 728 4796 simul
759 4743 900 4797 circa
926 4745 1050 4798 illtid
1078 4746 1219 4814 quod
1251 4747 1298 4799 iu
1329 4747 1578 4803 confesso
1607 4760 1740 4814 erat,
1771 4761 1826 4806 et

212 4835 347 4890 illud
405 4834 547 4903 quod
599 4835 855 4889 audacius
897 4836 1098 4891 dietum
1155 4837 1455 4897 vidi-batur.
1513 4841 1826 4897 demulcens

214 4932 338 4982 ilios
370 4927 557 4983 laudes
596 4929 918 4983 adhibendo.
969 4930 1092 4985 Ideo
1131 4949 1256 4998 non,
1293 4933 1366 4987 De
1396 4935 1581 4998 David,
1619 4946 1821 4991 tantum

213 5019 360 5073 disit
386 5037 400 5081 ;
433 5019 550 5084 sed,
586 5017 659 5071 De
686 5020 978 5088 patriarcha
1010 5020 1198 5088 Darid,
1233 5024 1350 5091 quia
1378 5027 1648 5094 defunctus
1679 5037 1824 5083 estet

213 5112 471 5181 sepultus.
503 5111 616 5164 Non
646 5111 758 5178 jam
797 5112 944 5178 dicit,
982 5111 1050 5168 Et
1089 5127 1193 5168 ιιοιι
1229 5121 1558 5183 resurrexit;
1591 5121 1686 5176 sed
1717 5123 1823 5177 alio

216 5204 384 5257 modo
402 5213 550 5258 recte
576 5203 677 5258 hoc
702 5204 877 5273 ipsum
905 5205 1142 5261 declarat
1166 5223 1228 5262 ac
1254 5210 1382 5264 dicit
1410 5230 1420 5260 :
1451 5212 1514 5266 Et
1534 5216 1823 5284 sepulcrum

216 5299 360 5350 illius
390 5305 460 5350 est
491 5297 632 5363 apud
663 5313 754 5350 nos
783 5313 938 5366 usque
979 5299 1032 5352 in
1059 5300 1360 5354 hodiernam
1403 5303 1554 5357 diem.
1591 5306 1816 5372 Deinde,

217 5404 269 5442 ιιι
303 5389 450 5459 quod
484 5389 726 5444 voluerat
757 5395 1055 5459 apparavit,
1087 5407 1260 5463 neque
1289 5395 1367 5448 sic
1405 5397 1548 5451 venit
1574 5399 1638 5453 ad
1666 5399 1821 5454 Citri-

215 5493 383 5548 stnm,
411 5481 507 5536 sed
539 5498 727 5536 rursus
761 5483 1012 5538 Davidem
1037 5486 1235 5540 laudat.
1261 5488 1350 5543 50.
1379 5488 1641 5544 Prov/tetu
1667 5494 1821 5563 igitur

215 5593 333 5630 cum
364 5584 509 5638 esset,
536 5586 584 5628 et
605 5577 756 5630 sciret
782 5577 901 5640 quia
926 5579 1268 5649 jurejurando
1305 5582 1524 5646 iurasset
1555 5585 1631 5637 illi
1655 5585 1814 5641 Deus.

167 5653 234 5674 κ
282 5671 341 5725 2.
391 5669 514 5724 Hinc
545 5685 707 5737 porro
728 5669 875 5734 dicit,
906 5681 962 5725 ut
990 5673 1177 5726 saltem
1202 5674 1270 5727 ob
1295 5675 1552 5731 honorem
1577 5689 1629 5734 et
1647 5695 1817 5750 genus

220 5766 407 5835 ipsius,
455 5763 683 5819 verbum
712 5765 780 5818 de
824 5767 1216 5822 resurrectione
1256 5770 1621 5839 susciperent;
1663 5777 1810 5845 quasi

225 5858 499 5930 palmetis
523 5857 817 5915 hcderctur
843 5858 942 5915 nisi
975 5857 1076 5915 hoc
1105 5872 1270 5930 esset,
1300 5871 1352 5916 et
1384 5866 1530 5930 quasi
1571 5867 1804 5934 i;-sor:nn

1955 499 2142 555 honori
2161 507 2530 574 derogaretur.
2554 507 2619 561 Et
2645 513 2829 580 sciens,
2859 516 3047 588 inquit,
3076 525 3196 593 quia
3211 527 3557 600 jurejurando

1942 595 2168 664 jttrasset
2208 598 2286 651 iui
2338 599 2493 656 υειιε,
2533 603 2648 657 Non
2686 609 3004 680 simpliciter
3047 595 3218 682 dixit,
3255 595 3555 692 Promisit;

1952 689 2216 758 sed,qnod
2270 693 2442 763 majus
2469 709 2605 763 erat,
2648 698 2964 759 Juramento
2999 707 3219 778 juravit,
3262 713 3344 769 De
3387 720 3560 789 {metu

1951 782 2109 836 lumbi
2151 787 2265 852 eius
2302 790 2554 845 oriturum
2600 794 2859 850 Clristum
2895 803 3176 858 secundum
3224 823 3470 874 carnem;
3504 825 3560 866 ut

1949 874 2142 929 sederet
2176 892 2330 947 super
2358 881 2594 937 thronum
2623 886 2804 955 ipsius.
2849 889 3001 954 \‘ide,
3032 903 3089 946 ut
3115 898 3328 952 excelsa
3363 901 3557 957 iterum

1949 967 2272 1026 suhiudiect.
2336 973 2625 1043 Postquam
2680 981 2824 1034 enim
2881 984 3000 1038 illos
3053 988 3236 1044 verbis
3289 993 3559 1062 placavit,

1951 1060 2180 1117 fidenter
2210 1062 2312 1120 hoc
2343 1069 2617 1136 propheta:
2657 1072 2860 1128 dictum
2899 1079 3097 1144 attulit,
3132 1089 3188 1136 et
3214 1060 3562 1144 deresurreé

1947 1155 2127 1211 ctione
2155 1157 2408 1227 loquitur.
2445 1163 2534 1216 51.
2584 1165 2717 1228 Quia
2762 1181 2923 1240 neque
2953 1175 3127 1226 uniiua
3166 1177 3278 1246 ejus
3318 1181 3561 1236 derelicta

1948 1258 2020 1300 est
2047 1248 2098 1301 iu
2133 1250 2352 1320 inferno,
2383 1270 2543 1322 neque
2570 1274 2691 1311 caro
2719 1261 2828 1329 ejus
2857 1262 2979 1316 vidit
3005 1269 3404 1338 corruptionem.
3443 1272 3560 1329 Hoc

1948 1354 2133 1394 rursm
2160 1343 2354 1398 mirum
2403 1355 2486 1400 est
2514 1366 2526 1399 :
2554 1351 2790 1406 ostendit
2816 1355 2984 1419 enim,
3026 1373 3134 1414 non
3175 1359 3408 1417 similem
3439 1364 3563 1421 aliis

1948 1446 2070 1486 esse
2097 1438 2568 1494 resurrectionem.
2601 1440 2836 1499 Detinuit
2865 1448 3011 1502 cnim
3049 1450 3204 1506 illum
3245 1461 3414 1520 mors,
3458 1466 3563 1513 nec

1947 1536 2041 1576 sua
2067 1524 2118 1579 ih‘
2149 1542 2270 1580 eum
2304 1539 2523 1598 Operata
2555 1543 2656 1587 est.
2692 1535 2757 1589 Et
2781 1551 3059 1606 peccatum
3082 1539 3302 1613 quidem
3325 1548 3427 1602 suh
3451 1565 3564 1604 ιιιηο

1949 1617 2042 1673 hra
2071 1621 2224 1685 dixit,
2261 1635 2474 1690 pinnam
2508 1639 2686 1682 autem
2721 1648 2826 1685 non
2857 1634 3085 1702 addidit,
3118 1638 3214 1694 sed
3241 1641 3391 1710 quod
3412 1646 3559 1699 occi-

1946 1710 2127 1767 derint
2168 1715 2458 1777 declaravit
2504 1739 2516 1775 :
2564 1719 2759 1780 deinde
2817 1727 2883 1781 ad
2946 1731 3160 1799 signum
3224 1724 3318 1790 Dei
3383 1740 3556 1794 venit.

1947 1805 2174 1872 Quando
2208 1821 2388 1866 autem
2419 1813 2844 1872 demonstratum
2878 1832 2982 1887 est,
3021 1822 3227 1891 justum
3268 1822 3390 1884 esse
3431 1847 3558 1888 eum

1945 1899 2034 1966 qui
2064 1900 2275 1956 occisus
2321 1903 2433 1969 fuit,
2469 1914 2524 1961 et
2563 1907 2656 1972 Dei
2702 1911 2954 1976 amicum,
2990 1915 3201 1970 etiamsi
3226 1931 3441 1987 pinnam
3472 1930 3560 1976 ta-

1945 2003 2093 2057 ceas,
2127 1992 2169 2047 is
2209 1995 2297 2062 qui
2341 1999 2604 2065 peccavit,
2639 2017 2761 2057 sese
2806 2007 2973 2071 magis
3012 2024 3172 2078 quam
3216 2012 3271 2064 tu
3325 2011 3553 2082 faceres,

1946 2085 2348 2144 condemnahit.
2373 2089 2562 2148 Omnia
2593 2095 2769 2165 itaque
2790 2098 2855 2152 ad
2879 2099 3095 2156 Patrem
3122 2103 3306 2170 refert,
3332 2114 3390 2161 Iit
3413 2108 3554 2163 dicta

1946 2178 2224 2246 recipiant.
2259 2181 2460 2239 Deinde
2488 2184 2638 2250 illud,
2665 2186 2992 2258 Impossibilc
3020 2206 3147 2260 erat,
3178 2213 3242 2251 ex
3272 2199 3553 2268 prephetia

1949 2269 2176 2324 induxit.
2232 2273 2438 2330 Rursus
2468 2293 2594 2333 vero
2626 2283 2803 2350 priora
2851 2294 3178 2356 repetamus.
3230 2290 3432 2356 Jesuni,
3471 2294 3556 2348 in-

1947 2363 2082 2430 quit,
2117 2361 2466 2435 Nazarenam,
2500 2371 2664 2424 virum
2698 2378 3038 2444 approbatum
3071 2397 3102 2432 a
3134 2370 3244 2435 Deo
3284 2387 3335 2437 in
3377 2387 3513 2440 robis
3536 2404 3556 2441 :

1949 2453 2122 2517 idest,
2157 2457 2225 2512 de
2250 2475 2357 2529 quo
2380 2461 2512 2515 nihil
2541 2463 2762 2521 dubium
2791 2478 2892 2534 est;
2929 2471 3022 2524 sed
3051 2488 3114 2526 ex
3148 2456 3402 2542 operibus
3433 2495 3556 2549 pro-

1947 2543 2150 2600 hatum.
2197 2548 2286 2605 Sic
2323 2563 2376 2605 et
2407 2552 2732 2612 Nicodemus
2758 2555 2971 2616 dicehat
3003 2581 3015 2616 :
3053 2565 3217 2636 Signa
3256 2569 3364 2622 hazc
3408 2589 3555 2627 nemo

1948 2648 2110 2704 potest
2155 2644 2324 2712 facere
2360 2660 2477 2713 qua:
2518 2655 2572 2700 tu
2617 2648 2748 2717 facis
2788 2645 2967 2722 (Joau.
3013 2657 3065 2711 5.
3114 2659 3193 2728 2).
3251 2660 3572 2738 Virtutibust

1948 2730 2139 2799 inquit,
2173 2736 2441 2806 prodigiis,
2476 2749 2521 2790 et
2567 2741 2748 2811 signis,
2783 2761 2897 2813 aute
2938 2749 3057 2817 fecit
3089 2748 3226 2805 Deus
3257 2771 3346 2823 per
3384 2737 3568 2825 ipsuni

1946 2824 1999 2876 iu
2031 2825 2195 2878 medio
2218 2829 2386 2882 vestri.
2421 2829 2601 2901 Itaque
2629 2850 2732 2887 non
2759 2837 2918 2902 clam,
2951 2841 2994 2893 si
3030 2842 3081 2895 in
3107 2844 3338 2902 medlo'.
3372 2824 3556 2906 Primo

1947 2919 2014 2972 ab
2041 2919 2124 2987 iis,
2165 2938 2284 2992 qua:
2319 2934 2442 2979 nota
2487 2926 2617 2995 ipsis
2645 2940 2820 2998 erant,
2848 2934 3089 3002 orditur;
3121 2951 3175 2993 et
3204 2949 3329 2996 tunc
3370 2943 3436 2997 ad
3464 2961 3556 3001 oc.-

1946 3009 2087 3065 culta
2135 3015 2300 3068 venit.
2337 3016 2539 3074 Deinde
2582 3032 2704 3075 cum
2753 3026 2849 3087 ait,
2897 3025 2992 3080 Dei
3035 3031 3269 3099 consilio,
3318 3039 3556 3094 ostendit

1947 3104 2091 3173 ipsos
2123 3105 2172 3160 id
2205 3106 2382 3165 facere
2411 3127 2518 3166 non
2551 3116 2791 3184 potuisse
2819 3136 2833 3186 ;
2862 3129 2916 3175 et
2959 3114 3088 3177 illud
3129 3138 3249 3181 esse
3277 3130 3551 3200 quidpiam

1945 3197 2216 3265 sapienter
2244 3210 2297 3255 et
2323 3217 2419 3272 per
2449 3209 2808 3264 oeconomiam
2839 3210 3060 3282 factum,
3089 3197 3355 3288 siquidem
3382 3197 3423 3277 at
3445 3225 3555 3280 Deo

1945 3285 2062 3356 ipso
2101 3299 2236 3344 erat.
2275 3291 2540 3365 Quodque
2575 3299 2860 3356 molestum
2892 3318 3028 3370 erat,
3061 3309 3170 3365 cito
3207 3319 3549 3376 transcurrit.

1943 3377 2153 3450 Ubique
2185 3383 2290 3438 illis
2317 3386 2554 3442 studium
2584 3403 2699 3445 erat
2726 3396 3036 3467 ostendere,
3074 3402 3246 3470 ipsum
3278 3419 3550 3466 mortuum

1944 3471 2109 3530 fuissn
2137 3491 2149 3528 :
2183 3475 2334 3532 Licet
2365 3496 2460 3534 vos
2491 3489 2837 3554 negaveritis,
2865 3490 3053 3562 inquit,
3086 3491 3158 3551 illi
3185 3502 3555 3559 tCSIilicahun-

1944 3572 2045 3619 tur.
2083 3567 2181 3635 Qui
2233 3586 2361 3625 vero
2406 3577 2566 3630 morti
2617 3582 2825 3649 negotia
2870 3584 3106 3652 facessit,
3155 3592 3326 3645 multo
3376 3598 3548 3666 magis

1944 3664 2141 3730 poterit
2185 3665 2246 3718 iis
2274 3666 2361 3735 qui
2405 3670 2812 3728 eruciliXeruut.
2868 3679 2936 3731 At
2985 3679 3116 3734 nihil
3172 3682 3349 3740 simile
3397 3664 3550 3755 dicit,

1943 3769 2156 3823 nempe,
2190 3757 2407 3813 Poterat
2441 3775 2534 3813 res
2561 3763 2628 3818 de
2661 3767 2837 3820 medio
2866 3771 3074 3837 tollere,
3105 3774 3201 3828 Sed
3233 3777 3554 3848 simpliciter

1940 3848 2322 3907 subindieavit.
2368 3854 2586 3911 Interim
2619 3876 2750 3914 vero
2794 3871 2858 3916 ex
2911 3865 3070 3919 dictis
3109 3867 3391 3938 discimus,
3425 3875 3551 3943 quid

1937 3941 2007 3993 sit
2052 3943 2201 4007 illud,
2255 3955 2460 4001 tenere.
2487 3948 2620 4005 Nam
2651 3955 2738 4021 qui
2770 3971 2890 4009 cum
2924 3956 3114 4015 dolore
3145 3963 3345 4032 aliquid
3380 3977 3550 4026 tenet.

1939 4049 2043 4087 non
2085 4031 2212 4090 illtid
2263 4039 2485 4107 retinet;
2535 4059 2709 4109 neque
2755 4049 2884 4116 agit,
2920 4049 3013 4102 sed
3062 4031 3278 4119 pazitur,
3321 4067 3373 4109 et
3419 4058 3552 4113 illud

1937 4128 2172 4195 ahjicere
2206 4130 2439 4187 festinat.
2466 4137 2541 4187 Ac
2563 4137 2784 4205 pulchre
2812 4140 2963 4207 dicit,
2985 4141 3154 4197 Durid
3188 4149 3320 4200 enim
3351 4150 3473 4202 dicit
3499 4153 3551 4205 iu

1936 4238 2048 4276 eum
2075 4238 2093 4286 ;
2125 4239 2189 4278 nc
2217 4214 2416 4279 dictum
2443 4227 2570 4282 illttd
2597 4232 2646 4282 in
2672 4233 2988 4302 prophetam
3017 4236 3311 4295 derivares.
3340 4242 3547 4312 V'idcn‘,

1935 4316 2205 4383 quomodo
2229 4316 2444 4372 demum
2470 4322 2804 4391 prophetiam
2837 4325 3239 4398 intciprctetur,
3271 4344 3318 4386 et
3352 4335 3548 4390 nudam

1935 4417 2187 4475 exponat,
2221 4410 2515 4467 ostendens
2555 4416 2827 4482 quomodo
2862 4417 3047 4472 sedeat
3089 4436 3254 4492 super
3293 4424 3545 4481 thronum

1935 4507 2128 4556 Suum?
2167 4517 2391 4574 regnum
2435 4508 2578 4568 enim
2625 4511 2908 4579 spirituale
2955 4514 3003 4566 in
3053 4517 3198 4573 ea-lis
3241 4529 3342 4574 est.
3389 4519 3546 4590 Vide,

1935 4597 2206 4664 quomodo
2232 4613 2353 4651 cmn
2387 4603 2781 4657 resurrectione
2812 4621 3034 4674 regnum
3059 4606 3354 4665 declaravit
3381 4610 3434 4666 in
3463 4629 3550 4667 re-

1932 4690 2204 4759 surgendo
2230 4703 2525 4763 acceptum.
2557 4692 2800 4749 Ostendit
2836 4701 3207 4755 necessitatem
3234 4702 3399 4759 fuisse
3423 4720 3546 4774 pro-

1933 4781 2110 4850 pin-Le
2153 4781 2368 4838 dicendi
2403 4802 2416 4838 :
2447 4785 2514 4839 de
2541 4786 2632 4839 illo
2667 4798 2898 4858 namque
2940 4802 3054 4845 erat
3096 4795 3397 4863 prophetia.
3440 4797 3550 4853 Cur

1935 4890 2038 4926 non
2071 4874 2226 4938 dixit,
2264 4874 2338 4928 De
2369 4889 2536 4945 regno
2566 4878 2682 4947 ejus
2708 4895 2722 4943 ;
2752 4880 2870 4947 sed,
2902 4877 2981 4935 De
3002 4887 3371 4941 resurrectione
3398 4890 3550 4959 ejus?

1933 4965 2175 5033 Magnum
2211 4967 2310 5022 hoc
2341 4978 2479 5024 erat.
2511 4969 2794 5036 Quomodo
2821 4983 2998 5028 autem
3046 4976 3098 5030 in
3131 4977 3326 5034 throno
3365 4983 3499 5036 si-dit
3526 4983 3549 5035 ?

1934 5057 1986 5110 ln
2019 5057 2235 5112 Juda-os
2267 5075 2518 5130 regnans.
2553 5061 2704 5128 Quod
2738 5063 2781 5117 si
2813 5065 2866 5118 in
2905 5064 3141 5130 Judtro‘s,
3174 5070 3343 5127 multo
3373 5070 3544 5143 magis

1933 5152 1983 5204 in
2013 5168 2106 5206 eos
2149 5154 2235 5221 qtti
2269 5155 2656 5209 crueifixerunt
2701 5157 2876 5212 illum.
2910 5157 3031 5214 Non
3064 5162 3198 5214 enim
3236 5179 3362 5219 caro
3406 5169 3536 5238 ejus,

1932 5247 2124 5317 inquit,
2157 5247 2283 5302 vidit
2321 5250 2718 5320 corruptionem.
2753 5251 2864 5306 Hoc
2895 5254 3310 5319 resurrectione,
3345 5258 3535 5326 inquit,

1931 5343 2106 5394 minus
2157 5340 2389 5402 videtur.
2441 5342 2534 5395 sed
2594 5343 2822 5412 idipsuin
2869 5353 2971 5398 est.
3014 5340 3103 5400 52.
3159 5345 3312 5400 Hunc
3356 5347 3537 5402 Jesuut

1927 5435 2184 5486 suscitavit
2233 5432 2388 5487 Deus.
2426 5433 2578 5499 Vide,
2612 5436 2881 5504 quomodo
2915 5452 3020 5490 non
3062 5438 3218 5492 aliter
3253 5439 3398 5492 illum
3439 5455 3538 5510 ap-

1931 5528 2108 5594 pellet.
2143 5525 2302 5597 Cujus
2343 5545 2435 5581 nos
2465 5545 2637 5580 omnes
2675 5539 2822 5582 testes
2846 5547 3037 5584 suetus.
3064 5532 3152 5586 55,
3189 5530 3412 5586 Dextera
3438 5534 3532 5603 igic

1927 5631 2007 5672 tur
2041 5619 2132 5672 Dei
2157 5620 2429 5672 ea‘altatus.
2470 5620 2676 5674 Rursus
2706 5622 2768 5675 ad
2800 5624 3009 5677 Patrem
3034 5624 3291 5689 coofugit,
3322 5622 3536 5678 etiamsi

1925 5713 2053 5767 satis
2084 5723 2195 5767 erat
2229 5713 2278 5766 id
2311 5713 2512 5767 dixisse
2558 5715 2739 5782 prius:
2783 5716 2874 5768 sed
2919 5716 3018 5769 scit
3056 5719 3237 5785 quanti
3274 5724 3525 5777 momenti

1995 5874 2006 5901 ‘
2047 5871 2189 5930 illud,
2216 5871 2332 5921 stin
2370 5869 2546 5920 nti‘dio.
2584 5869 2728 5918 tlccst
2764 5877 2809 5916 in
2849 5868 3168 5933 tripihusdam.
