4098 6324
592 360 659 419 59
1303 348 1357 403 Ε.
1401 340 1676 401 ΙΟΛΝΝΙΞ
1710 338 1922 399 ειιιιγξῑ
1933 336 2178 394 03TH)“

589 480 659 530 sit
708 473 854 528 illud.
915 468 1010 522 llic
1050 479 1261 533 quoque
1306 459 1724 527 assumptionem
1771 451 2117 510 Sttbindicavil
2147 491 2160 509 ,

594 571 867 637 ipaunquc
900 562 949 613 in
980 560 1125 612 cadis
1150 570 1304 618 esse;
1353 553 1445 607 Sed
1499 551 1601 605 hoc
1646 563 1751 603 non
1798 546 1971 630 palam
2019 544 2167 637 dicit.

600 634 657 710 tit
691 654 1038 724 promissione,
1080 648 1267 716 inquit,
1309 645 1471 700 sancti
1516 643 1740 711 Spiritus
1764 646 1992 727 accepta.
2039 634 2171 727 t’idc

590 722 857 819 qumitodo
885 747 1036 799 initio
1062 744 1202 797 ι1ἰοιι
1232 756 1332 792 non
1356 737 1644 795 Christum,
1670 732 1761 787 st-d
1787 722 1996 785 Patrem
2025 724 2168 782 illum

591 842 798 896 misisse
825 858 834 889 :
866 854 932 903 po
948 847 1140 904 etquatn
1174 848 1296 886 vero
1324 833 1468 899 signa
1492 831 1606 897 ejus
1630 824 2034 888 memoravit,ct
2054 835 2171 889 qua:

590 934 755 990 Judaei
791 933 839 985 in
874 932 1021 985 illum
1066 928 1318 985 fetcrant,
1350 938 1412 976 ac
1441 921 1506 975 de
1551 918 1944 974 resurrectione
1978 914 2171 982 loquir-

591 1037 671 1077 tns
702 1025 818 1083 fuit,
854 1031 974 1074 ttmc
1003 1018 1225 1071 lidentor
1246 1016 1310 1067 de
1338 1013 1419 1066 his
1446 1025 1747 1065 sermonem
1785 1006 1961 1065 habet.
1988 1015 2175 1057 rursus

590 1119 706 1167 illus
735 1124 898 1169 testes
944 1126 1037 1179 per
1074 1120 1355 1170 utro-nque
1400 1118 1614 1157 sensum
1668 1098 1951 1168 producit:
1986 1110 2047 1149 ac
2086 1110 2177 1149 re-

591 1204 939 1258 sn‘rrt‘ctionis
1000 1199 1211 1267 quidem
1271 1196 1577 1264 frequenter
1624 1189 1905 1250 meminit,
1960 1186 2170 1239 il'Orttm

591 1313 721 1349 vero
748 1292 967 1349 sceleris
998 1290 1164 1344 semel
1200 1301 1422 1352 tantum,
1452 1298 1515 1339 uc
1544 1284 1672 1354 ipsis
1703 1280 1852 1334 oneri
1883 1277 2077 1332 essct‘.
2110 1273 2174 1327 Et

585 1400 810 1458 arcep'a,
843 1386 1031 1456 inquit,
1076 1382 1298 1449 Spiritus
1338 1378 1501 1432 sancti
1530 1374 1877 1446 promissione.
1913 1370 2024 1423 lluc
2052 1382 2171 1418 rur-

585 1496 676 1533 sus
706 1491 951 1548 magnum
984 1486 1085 1531 est.
1120 1476 1252 1527 l‘uto
1272 1481 1471 1534 autem,
1497 1470 1667 1536 ipsum
1699 1479 1835 1517 nunc
1864 1473 2147 1531 pronuss:o

591 1588 710 1625 nem
739 1570 920 1625 dicere
948 1571 1072 1622 ante
1099 1566 1400 1636 passionem
1430 1560 1629 1613 datam.
1665 1556 1792 1610 \‘ide
1820 1566 2021 1617 autem,
2044 1567 2170 1618 quo-

587 1662 748 1716 modo
781 1669 947 1714 totum
971 1660 1079 1727 jam
1124 1658 1195 1710 illi
1228 1652 1514 1713 adSt-ribat,
1550 1667 1659 1703 rem
1694 1662 1941 1716 magnam
1968 1643 2175 1697 occulte

589 1754 807 1807 faciens.
855 1750 985 1804 Nam
1018 1750 1060 1802 si
1108 1748 1221 1816 ipse
1269 1743 1472 1805 ell‘udit,
1503 1741 1569 1795 de
1612 1740 1701 1794 illo
1725 1754 1882 1807 supra
1916 1736 2173 1806 propheta

589 1845 923 1914 loquebatur,
946 1841 1131 1895 diCt'llS
1161 1857 1173 1892 :
1207 1837 1268 1890 In
1302 1834 1581 1889 novissimis
1608 1831 1785 1886 diebus
1826 1827 2088 1895 c/fundum
2116 1829 2178 1879 de

589 1939 788 2004 Spiritu
818 1952 926 1988 meo
952 1940 1101 2003 super
1112 1944 1279 1986 servos
1302 1947 1433 1984 meos
1455 1941 1499 1983 et
1519 1942 1667 1998 super
1692 1926 1906 1979 ancillas
1934 1936 2068 1976 meas
2089 1939 2105 1982 ;
2128 1931 2177 1973 et

587 2027 715 2082 tlubo
739 2027 969 2097 prodigia
1000 2027 1052 2078 in
1088 2024 1211 2077 C(t'lo
1248 2036 1471 2076 snrsmn.
1492 2019 1644 2083 Vide,
1670 2018 1843 2088 qualia
1862 2014 2069 2069 occulte
2098 2013 2176 2066 in-

589 2130 834 2176 ter-serat.
869 2119 973 2174 Sed
997 2113 1117 2188 quia
1142 2131 1328 2186 magna
1357 2122 1601 2177 reserat,
1622 2125 1806 2164 rursus
1824 2110 1970 2171 illam
1995 2110 2178 2160 obmu-

588 2216 729 2278 brat,
776 2213 924 2281 quasi
966 2226 994 2264 a
1037 2212 1194 2264 Patre
1234 2208 1520 2273 acceperit.
1566 2206 1700 2258 Dicit
1738 2204 1874 2255 lmua
1919 2204 2173 2269 prastita.

587 2308 765 2376 signa;
809 2303 948 2372 quod
990 2305 1059 2356 sit
1097 2301 1231 2363 Rex,
1272 2298 1412 2367 quod
1452 2298 1517 2349 ad
1561 2298 1704 2363 ipsos
1746 2297 1995 2349 Venerit:
2039 2294 2180 2347 dixit

586 2397 727 2468 quod
762 2397 875 2465 ipse
915 2395 1005 2449 det
1043 2393 1299 2461 Spiritum
1340 2399 1606 2443 sanctum.
1635 2391 1994 2455 Qna'cumquc
2033 2385 2175 2440 enim

586 2492 705 2557 quis
744 2488 958 2549 dixerit,
990 2487 1089 2539 nisi
1123 2485 1187 2538 ad
1230 2485 1509 2537 utilitatem
1553 2480 1751 2542 tendat,
1796 2490 1995 2533 temere
2025 2479 2173 2532 dicit.

588 2582 734 2636 Sicut
767 2590 819 2635 et
848 2579 1082 2634 Joannes
1115 2575 1257 2639 facit,
1298 2576 1485 2629 dircns
1519 2592 1530 2627 :
1565 2575 1686 2643 Ipse
1710 2590 1796 2626 vos
1826 2572 2097 2640 baptizabll
2124 2572 2176 2625 in

590 2674 791 2743 Spirim
834 2679 1009 2725 sancta
1054 2668 1270 2737 (Matth.
1315 2668 1367 2721 5.
1411 2664 1521 2730 ll).
1566 2666 1629 2718 Et
1669 2664 1921 2727 ostendit,
1963 2679 2176 2717 crucem

590 2773 695 2820 non
735 2762 896 2818 modo
936 2763 1105 2829 ipsum
1147 2774 1253 2812 non
1294 2757 1573 2818 minuisse,
1611 2756 1701 2811 sed
1744 2756 1903 2809 etiam
1944 2755 2180 2823 splendi-

590 2856 794 2911 diorem
821 2854 1116 2908 reddidisse
1136 2836 1158 2912 ς’
1180 2850 1438 2918 siquidem
1469 2848 1608 2916 quod
1635 2849 1705 2901 illi
1738 2848 1863 2900 olim
1900 2848 2036 2901 [lens
2060 2861 2181 2914 pro-

592 2949 828 3009 miserat,
864 2953 985 2999 tunc
1011 2943 1176 2997 dedit.
1214 2943 1308 2996 γει
1341 2943 1769 3013 promissionem,
1800 2942 1992 3015 inquit,
2018 2956 2176 3013 quam

592 3039 742 3093 nobis
771 3036 1036 3110 promisit.
1072 3035 1160 3093 Sic
1206 3038 1432 3091 loturam
1476 3037 1807 3105 pra-sciebat,
1839 3045 1904 3109 et.
1922 3037 2175 3105 majorem

591 3130 748 3186 nobis
781 3141 899 3199 post
926 3146 1137 3185 crucum
1184 3130 1401 3197 largitos
1441 3137 1543 3182 est.
1584 3129 1667 3193 lit,
1725 3126 1942 3191 l'I/fudit,
1986 3128 2176 3197 inquit.

593 3227 690 3281 llic
728 3226 1037 3294 dignitatem
1089 3224 1346 3287 declarat,
1403 3222 1873 3289 ncesimplicitcr,
1924 3222 2016 3275 sed
2058 3237 2177 3275 cum

593 3318 857 3371 ubertate.
901 3315 1020 3369 Ideo
1052 3314 1153 3368 hoc
1195 3315 1364 3383 ipsum
1417 3315 1586 3381 palam
1634 3314 1851 3375 faciens,
1901 3316 2178 3383 sequentia

593 3408 812 3461 inducit.
857 3406 1044 3460 Postea
1095 3403 1235 3459 enim
1280 3404 1523 3468 ﬁdenter,
1576 3414 1693 3473 post
1740 3403 1969 3473 Spiritus
2009 3404 2175 3458 sancti

594 3511 787 3553 munus
831 3497 1034 3562 datum,
1079 3497 1146 3551 de
1183 3496 1547 3565 assumptione
1592 3497 1641 3549 in
1690 3497 1849 3551 cmlos
1897 3497 2174 3566 loquitur:

595 3605 767 3659 neque
798 3590 1109 3659 simpliciter
1138 3606 1150 3653 ;
1182 3588 1274 3643 sed
1306 3597 1491 3641 testem
1523 3602 1733 3641 rursum
1765 3586 2087 3656 produc‘ens,
2126 3596 2181 3642 et

595 3684 743 3737 illum
775 3697 1077 3736 memorans
1097 3682 1161 3734 de
1182 3689 1287 3750 quo
1308 3680 1551 3734 Christus
1572 3679 1725 3734 dixit.
1760 3682 1847 3734 54.
1884 3680 2001 3733 Non
2022 3681 2176 3743 cnim,

596 3778 784 3845 inquit,
832 3776 994 3829 David
1023 3775 1248 3829 asce’udit
1274 3775 1327 3827 in
1349 3774 1557 3833 (telum.

669 3872 720 3923 3.
757 3870 851 3922 llic
877 3874 985 3937 jam
1012 3884 1114 3921 non
1156 3868 1387 3922 demisse
1420 3868 1673 3936 loquitur,
1708 3874 1977 3937 assumpta
2008 3882 2075 3923 ex
2101 3868 2181 3922 di-

596 3963 695 4015 ctis
724 3962 910 4014 (idm-ia
948 3978 957 4011 :
997 3972 1167 4028 neque
1193 3958 1339 4020 dicit,
1369 3958 1550 4012 Liceat
1582 3958 1781 4020 dicere,
1808 3962 1897 4014 vel
1947 3960 2179 4027 similia;

595 4054 688 4107 sed
725 4056 892 4121 palam
925 4069 935 4103 :
973 4052 1112 4108 Di‘t't't
1145 4051 1387 4104 Dominus
1422 4048 1643 4102 Domino
1676 4065 1805 4113 meo,
1839 4051 1971 4105 Sede
1996 4071 2026 4104 ιι
2056 4050 2180 4106 ({t‘x—

597 4148 687 4202 !ris
717 4149 855 4210 meis,
897 4146 1053 4198 donec
1084 4144 1512 4212 pounminimicos
1534 4152 1664 4207 (nos,
1695 4143 1969 4197 scabis/[nm
1997 4147 2177 4213 pedum

599 4250 794 4294 tuorum
844 4237 1025 4308 (Psal.
1059 4236 1179 4291 109.
1211 4237 1300 4302 1).
1344 4235 1400 4290 Si
1451 4235 1661 4289 Davidis
1712 4236 1969 4289 Dominus
2021 4249 2131 4290 erat
2162 4280 2176 4302 ,

598 4336 761 4386 multo
796 4332 960 4401 magis
990 4332 1216 4385 illarum.
1255 4329 1391 4385 Sede
1422 4346 1451 4380 η
1484 4329 1672 4383 dextris
1700 4331 1837 4383 meis.
1872 4320 2064 4383 Totum
2098 4330 2181 4383 hic

598 4425 791 4495 posuit.
818 4424 905 4477 3‘5.
951 4421 1123 4475 Donec
1151 4438 1335 4491 ponant
1374 4420 1603 4474 inimicos
1631 4432 1763 4480 tuos.
1796 4419 2067 4474 scabrllum
2096 4439 2181 4487 pc—

598 4517 717 4568 dum
748 4526 965 4567 tuorum.
1003 4514 1095 4566 llic
1126 4524 1323 4567 metum
1370 4529 1617 4582 magnum
1660 4515 1867 4574 incutit,
1922 4525 1978 4568 ut
2025 4516 2177 4569 init'o

599 4606 942 4670 monstravit;
996 4605 1167 4674 qualia
1224 4620 1412 4674 nempe
1470 4607 1675 4671 amicis,
1718 4607 1893 4677 qualia
1948 4607 2179 4661 inimicis

599 4698 772 4753 faciat.
805 4700 882 4753 Ac
908 4711 1091 4750 rursus
1116 4696 1415 4763 imperium.
1454 4713 1521 4750 ne
1550 4712 1652 4751 non
1705 4698 1982 4760 credatur,
2038 4698 2179 4751 Patri

598 4789 871 4843 adscribit.
895 4789 1025 4856 Quia
1063 4790 1237 4857 itaque
1266 4802 1453 4857 magna
1480 4788 1726 4856 loquutus
1756 4798 1867 4852 est,
1910 4804 2095 4842 rursus
2119 4790 2180 4841 ad

600 4880 819 4933 humilia
846 4895 1148 4934 sermonem
1200 4879 1437 4933 deducit.
1471 4880 1559 4934 56.
1612 4876 1763 4935 Certo
1814 4882 1972 4951 igitur
2030 4883 2177 4943 sciat,

600 4970 785 5039 inquit.
819 4972 980 5023 amnis
1010 4971 1187 5023 domus
1215 4969 1408 5036 Israel;
1438 4970 1539 5027 hoc
1570 4981 1671 5033 est,
1707 4988 1772 5026 ne
1799 4964 2072 5035 dubitetis,
2116 4991 2181 5029 nc

597 5063 907 5131 atulﬁgatisz
943 5061 1128 5114 Postea
1175 5068 1294 5115 enm
1327 5064 1548 5130 imperio
1580 5081 1591 5115 :
1630 5063 1768 5128 Quiu‘
1805 5068 1849 5119 et
1906 5066 2179 5120 Dominum

596 5172 709 5207 enni
735 5168 779 5207 et
807 5152 1063 5209 Christum
1086 5155 1202 5225 fecit
1230 5156 1381 5209 Dens.
1408 5156 1516 5209 lluc
1545 5171 1570 5207 a
1602 5156 1798 5211 Davide
1830 5168 1881 5211 et
1912 5174 1940 5213 a
1967 5159 2181 5213 Psalmo

595 5248 1055 5300 commemoravit
1080 5247 1206 5301 Natu
1231 5264 1349 5301 eum
1381 5248 1648 5301 videretur
1676 5248 1959 5304 dicendum
1984 5267 1995 5303 :
2022 5250 2185 5307 Certo

599 5336 755 5403 igitur
772 5338 904 5392 sciat
926 5338 1102 5391 omnis
1124 5338 1312 5391 domus
1334 5339 1513 5404 Israel,
1540 5341 1679 5408 quod
1698 5356 1727 5393 a
1749 5340 1952 5396 dextris
1974 5342 2177 5406 sedeat;

600 5428 649 5479 id
680 5427 821 5497 quod
851 5444 1097 5499 magnum
1128 5442 1240 5483 erat
1270 5446 1282 5481 :
1310 5446 1373 5484 eo
1396 5433 1580 5487 relicto
1603 5434 1743 5486 aliud
1771 5434 1973 5489 inducit
2012 5436 2180 5491 multo

600 5514 871 5583 hutuilius,
900 5536 1018 5573 cum
1048 5521 1196 5579 dicit.
1249 5521 1406 5587 Fet-it,
1442 5525 1489 5577 id
1521 5538 1624 5589 est,
1656 5528 1952 5582 constituit.
1999 5530 2182 5598 itaque

600 5604 729 5663 nihil
762 5612 844 5663 hic
872 5614 936 5666 de
965 5614 1283 5681 substantia,
1332 5615 1425 5669 sed
1469 5627 1634 5672 totum
1669 5619 1765 5674 hac
1814 5620 1881 5676 de
1932 5638 1988 5677 re
2028 5621 2178 5678 dicit.

664 5741 827 5832 δἰιεςω,
855 5785 911 5821 ne
936 5785 1051 5834 ipsis
1074 5774 1211 5824 oneri
1232 5784 1369 5836 esset,
1395 5777 1572 5827 desunt
1602 5780 1647 5827 in
1666 5782 1945 5842 qttibttsdan‘
1978 5792 2083 5835 .\tss.

2221 334 2530 389 ARCHIEP.
2576 333 3106 392 CONS'I'ANTINOP.
3802 345 3871 401 60

2280 447 2435 502 "nnc
2460 449 2657 514 Jesttm,
2681 466 2826 518 quem
2856 468 2943 505 vos
2964 453 3305 521 cruciﬁxistis.
3343 454 3485 511 Bene
3512 456 3616 511 huc
3640 456 3871 523 desumit.

2277 540 2489 594 illorum
2529 542 2766 595 animum
2796 544 3094 611 exagitans.
3140 542 3428 611 Postquam
3456 548 3599 601 enim
3631 533 3871 604 ostendit

2275 636 2529 700 quantum
2558 634 2626 687 sit
2658 630 2881 698 facinus,
2914 640 3039 687 tunc
3064 633 3280 689 demum
3312 637 3482 702 ipsum
3515 638 3775 702 declarat.
3809 634 3867 696 tit

2276 725 2355 778 sie
2384 724 2552 793 majus
2591 726 2942 801 ostendatur,
2973 724 3025 781 et
3055 729 3245 783 timore
3286 729 3406 785 illos
3434 733 3715 802 corripiat.
3745 730 3867 789 Non

2276 815 2418 869 enim
2460 818 2539 870 sic
2593 816 2838 872 homines
2870 819 3143 875 beneﬁciis
3193 820 3520 886 alliciuntur,
3575 825 3633 878 ut
3678 825 3876 885 iituure

2275 908 2621 976 castigantur.
2657 906 2970 963 Admirandi
2999 919 3178 964 autem
3218 912 3341 977 viri,
3375 915 3445 982 pii
3478 930 3541 969 ac
3571 916 3660 970 Dei
3688 918 3873 981 amici,

2276 1008 2469 1053 neutro
2489 1015 2623 1067 opus
2653 1000 2844 1055 habent
2870 1016 2884 1065 ;
2930 1002 3104 1071 qualis
3142 1006 3258 1057 erat
3288 1005 3504 1072 Paulus,
3536 1009 3624 1078 qui
3658 1020 3763 1065 nec
3788 1028 3872 1065 re-

2275 1091 2365 1162 gni
2397 1106 2494 1146 nec
2524 1092 2783 1160 gehenua:
2813 1095 3070 1148 rationem
3106 1095 3354 1149 habebat.

2334 1183 2469 1250 Quid
2487 1186 2548 1238 sit
2570 1182 2741 1238 mn'are
2760 1184 3035 1241 Christum.
3060 1186 3120 1241 In
3135 1190 3423 1257 spirituulia
3444 1185 3678 1262 segnities
3698 1195 3879 1249 redar-

2276 1277 2544 1341 guitur.—-
2563 1276 2672 1330 lloc
2700 1288 2782 1331 est
2812 1293 2991 1333 amare
3019 1279 3321 1345 Christum,
3359 1283 3461 1337 hoc
3499 1278 3583 1338 est
3621 1299 3725 1340 neu
3754 1302 3881 1342 esse

2280 1368 2699 1433 mercenarium,
2734 1384 2906 1439 neque
2949 1380 3211 1438 qua-stum
3253 1375 3335 1426 vel
3366 1376 3783 1443 negotiationem
3827 1368 3880 1431 id

2278 1458 2622 1521 existimare;
2656 1458 2748 1513 sed
2780 1461 2975 1515 virtute
3006 1476 3131 1515 vere
3178 1463 3457 1531 pncditum
3505 1481 3657 1529 esse,
3712 1477 3768 1521 et
3806 1464 3881 1522 ob

2282 1547 2373 1601 Dei
2418 1556 2655 1603 amorem
2706 1550 2885 1604 oninia
2929 1552 3124 1607 facere.
3158 1554 3384 1618 Quantis
3415 1554 3575 1624 igitur
3619 1557 3882 1628 laerymis

2279 1638 2423 1705 digni
2453 1656 2659 1706 sumus,
2684 1642 2771 1711 qui
2804 1650 3004 1697 tantam
3025 1643 3284 1698 debentes
3306 1661 3638 1713 mcu~uram,
3667 1665 3733 1703 ne
3754 1650 3881 1717 qni-

2278 1714 2402 1783 dcm
2448 1741 2500 1784 ut
2548 1736 2909 1800 negotiatores
2958 1744 3176 1804 regnum
3225 1736 3483 1790 ca-lorum
3539 1730 3882 1806 expetimus?

2279 1824 2449 1878 Tanta
2500 1825 2655 1879 nobis
2702 1826 3015 1894 pollicetur,
3062 1842 3233 1897 neque
3288 1828 3366 1884 sic
3415 1830 3662 1883 andiums
3713 1820 3882 1885 cuiu?

2280 1916 2416 1983 Quid
2460 1918 2583 1973 huic
2614 1919 2906 1974 inimicitiae
2937 1932 3031 1989 pa‘r
3063 1920 3260 1975 fuerit?
3290 1923 3446 1991 Atqui
3478 1923 3533 1983 ii,
3567 1924 3656 1994 qui
3688 1926 3881 1979 insana

2282 2010 2520 2077 pecunire
2541 2011 2831 2081 cupiditate
2861 2012 3125 2073 laborant.
3156 2015 3268 2067 sive
3300 2014 3480 2069 hostes
3503 2017 3699 2071 adeant
3721 2060 3735 2080 ,
3766 2020 3883 2073 sive

2280 2113 2487 2159 servos.
2518 2102 2629 2156 sive
2660 2102 3064 2157 inimicissimos
3091 2095 3212 2171 sibi,
3245 2116 3300 2161 et
3340 2109 3579 2162 omnium
3609 2110 3881 2176 nequissi-

2283 2207 2434 2256 mos;
2482 2194 2526 2247 si
2555 2202 2731 2248 tamen
2781 2187 3023 2263 sperent'
3049 2212 3107 2251 se
3138 2211 3298 2266 posse
3340 2214 3435 2268 per
3474 2199 3595 2254 illos
3627 2202 3885 2269 pecunias

2282 2283 2530 2351 adipisci,
2563 2284 2692 2337 nihil
2728 2300 2833 2338 non
2874 2292 3057 2356 agunt,
3108 2288 3239 2356 ipsis
3269 2289 3579 2355 adulantur,
3622 2292 3766 2360 ipsos
3825 2303 3884 2349 ut

2284 2375 2422 2427 servi
2450 2376 2656 2437 colunt,
2685 2386 2739 2430 et
2765 2379 3004 2432 omnium
3031 2378 3442 2435 ltottestissimos
3476 2383 3693 2449 habent,
3726 2393 3784 2438 ut
3817 2387 3888 2439 ab

2285 2466 2390 2520 illis
2422 2469 2684 2537 accipiant
2720 2485 2734 2521 :
2769 2471 3119 2540 pecuniarum
3148 2472 3292 2527 enim
3332 2474 3456 2544 spes
3496 2490 3599 2529 non
3632 2475 3758 2530 sinit
3788 2492 3887 2531 eos

2286 2557 2471 2611 horum
2498 2558 2768 2628 quidpiam
2796 2562 3051 2630 cogitare.
3080 2559 3321 2633 Regnum
3344 2570 3521 2621 autem
3547 2583 3653 2621 non
3674 2568 3888 2622 tantum

2283 2651 2501 2719 poterit,
2526 2662 2783 2719 quantum
2811 2653 3083 2722 pecunizc;
3116 2655 3224 2709 imo
3253 2672 3320 2710 ne
3347 2656 3626 2711 minimum
3659 2660 3881 2727 quidem

2286 2744 2483 2810 poterit
2509 2758 2520 2792 :
2550 2744 2795 2811 quamvis
2826 2758 2930 2798 non
2962 2760 2993 2799 e
3024 2746 3180 2816 vulgo
3209 2749 3471 2816 quispiam
3502 2750 3591 2814 sit,
3626 2751 3714 2819 qui
3755 2748 3887 2805 illud

2285 2836 2565 2904 protnit'il.
2600 2837 2691 2890 sed
2736 2838 2853 2906 ipso
2904 2854 3119 2908 quoque
3162 2856 3327 2910 regno
3364 2843 3520 2910 longe
3572 2844 3747 2914 major
3792 2847 3881 2898 sit.

2284 2927 2507 2997 Quando
2532 2938 2710 2987 autem
2743 2929 2793 2987 id
2823 2932 2962 3003 quod
2997 2932 3325 3005 promittitur
3347 2950 3568 3008 regnum
3599 2948 3699 3005 ρει,
3728 2937 3859 2997 illud

2284 3039 2389 3093 quc
2418 3023 2507 3078 dat
2536 3024 2696 3091 Deus,
2732 3042 2982 3095 magnum
3011 3039 3156 3083 certe
3186 3040 3266 3084 est
3301 3040 3355 3085 et
3377 3032 3506 3085 illud
3539 3044 3593 3087 et
3615 3051 3643 3087 a
3678 3035 3770 3087 tali
3790 3051 3883 3089 ac-

2284 3116 2483 3183 cipere.
2519 3115 2670 3171 Nunc
2691 3127 2870 3173 autem
2892 3119 3112 3188 perinde
3141 3120 3217 3184 (it,
3242 3137 3305 3176 ac
3326 3122 3369 3176 si
3400 3140 3490 3178 rex
3519 3126 3606 3193 qui
3639 3126 3885 3181 lia-rcdes

2284 3216 2335 3259 et
2371 3206 2482 3261 ﬁlio
2508 3206 2820 3264 colueredes
2853 3211 2965 3265 vult
2996 3212 3175 3268 lacere
3220 3229 3346 3279 eos,
3391 3231 3527 3286 quos
3574 3218 3719 3273 mille
3760 3230 3888 3275 ante

2286 3297 2562 3354 beneﬁciis
2584 3299 2779 3363 allecit,
2804 3312 3215 3371 contemnatur;
3240 3316 3293 3360 et
3309 3307 3577 3362 latronun.
3608 3310 3884 3381 princeps;

2285 3394 2374 3462 qui
2399 3392 2694 3447 innumeris
2721 3394 2775 3449 et
2801 3410 2899 3449 nos
2919 3406 2971 3451 ct
2994 3408 3245 3465 parentes
3268 3410 3482 3456 nostros
3505 3403 3659 3456 malis
3680 3404 3885 3469 allecit,

2284 3497 2338 3540 et
2372 3486 2517 3541 mille
2544 3488 2699 3542 malis
2729 3488 2843 3558 ipse
2872 3491 3062 3558 plenus
3093 3501 3196 3557 est,
3229 3493 3272 3546 si
3302 3500 3465 3548 unum
3492 3494 3711 3549 ebulum
3745 3496 3885 3551 olle-

2287 3586 2391 3642 rat,
2437 3577 2695 3633 adoretur
2733 3596 2760 3634 a
2814 3581 2993 3636 nobis.
3026 3582 3265 3653 Regnum
3298 3586 3580 3654 pollicetur
3613 3587 3775 3652 Deus,
3832 3601 3888 3645 et

2286 3667 2576 3738 despicitur
2602 3687 2620 3737 ;
2647 3670 2949 3741 gehennam
2972 3677 3221 3730 conciliat
3250 3676 3530 3746 diabolus,
3561 3689 3612 3733 et
3644 3679 3887 3735 honorat

2288 3768 2392 3814 tur.
2423 3760 2517 3815 llic
2548 3756 2708 3828 Deus,
2742 3761 2831 3819 ille
2860 3763 3124 3821 diabolus.
3158 3767 3263 3822 Sed
3288 3768 3563 3823 videamus
3588 3782 3886 3840 pra‘ceplo-
3918 3820 3925 3823 _

2288 3857 2402 3905 rum
2425 3852 2735 3908 discrimen.
2772 3855 2827 3910 Si
2857 3857 2998 3911 enim
3023 3854 3154 3913 nihil
3184 3860 3377 3914 horum
3405 3870 3566 3926 eset,
3604 3878 3776 3931 neque
3801 3862 3888 3920 h'c

2290 3944 2447 4006 Deus,
2504 3944 2593 3999 illc
2641 3946 2923 4009 diabolus;
2958 3964 3131 4019 neque
3162 3951 3246 4005 hic
3281 3968 3524 4021 regnum,
3560 3954 3649 4010 ille
3679 3956 3886 4025 gehen-

2289 4052 2408 4089 nam
2433 4035 2781 4105 conciliaret;
2816 4056 2993 4095 annon
3019 4042 3100 4097 vel
3129 4045 3240 4113 ipsa
3270 4056 3659 4117 pt‘mceptortun
3693 4063 3883 4104 natura

2285 4127 2510 4181 suadere
2540 4138 2718 4197 posset
2750 4140 2805 4184 ut
2834 4132 2955 4185 huic
2981 4126 3351 4191 bmreremus?
3374 4136 3511 4205 Quid
3541 4126 3697 4208 igitur
3724 4150 3883 4195 uter-

2286 4236 2389 4288 quc
2419 4222 2678 4289 imperat?
2703 4223 2793 4279 Ille
2814 4240 2934 4293 qua:
2964 4236 3169 4295 turpes,
3200 4224 3288 4282 hic
3314 4245 3432 4298 qua:
3460 4230 3725 4300 gloriosos
3754 4234 3883 4287 red-

2288 4313 2448 4378 dunt;
2482 4318 2568 4369 ille
2603 4332 2722 4385 qu:e
2754 4319 2901 4373 mille
2929 4320 3321 4376 calamitatibus
3348 4332 3401 4378 et
3452 4324 3666 4379 infantia
3705 4326 3885 4379 invol-

2291 4412 2438 4469 vunt,
2475 4406 2559 4461 hic
2589 4422 2707 4475 qua:
2732 4425 2975 4479 magnam
3012 4412 3224 4479 pariunt
3256 4415 3715 4483 tranquillitatem.
3753 4418 3885 4474 Vide

2291 4512 2517 4566 namque
2553 4514 2565 4548 :
2605 4498 2695 4553 ille
2730 4500 2896 4555 dicit:
2926 4502 3118 4558 Discite
3169 4522 3201 4557 α
3241 4522 3319 4559 me
3346 4508 3468 4577 quia
3512 4509 3645 4563 mitis
3675 4525 3789 4562 sum
3837 4521 3885 4563 et

2290 4586 2495 4643 humilis
2548 4592 2719 4652 corde.
2753 4605 2798 4647 et
2830 4594 3091 4649 invenietis
3132 4599 3352 4666 requiem
3397 4600 3663 4654 animabus
3705 4604 3886 4657 vestris

2290 4679 2500 4750 (Matth.
2535 4681 2621 4735 11.
2650 4677 2774 4755 ἕως
2810 4686 2894 4740 ille
2922 4687 2995 4739 ait
3029 4704 3041 4739 :
3076 4687 3253 4743 [τρι-οχ-
3283 4699 3404 4745 esto
3450 4701 3506 4746 et
3536 4692 3884 4761 inlmmanus,

2288 4784 2447 4841 atque
2479 4774 2762 4829 iracundus
2786 4819 2799 4842 ,
2835 4787 2888 4831 ct
2921 4780 3026 4831 ler'a
3060 4781 3227 4849 magis
3253 4796 3412 4850 quam
3458 4782 3641 4839 homo.
3683 4784 3880 4841 Videa-

2292 4881 2409 4917 mus
2439 4862 2563 4933 q'uid
2598 4858 2798 4931 utilius,
2827 4871 2954 4938 quid
2986 4874 3360 4940 opportunius.
3398 4865 3508 4929 lme
3538 4892 3603 4930 ne
3632 4866 3733 4931 hoc
3764 4886 3886 4932 tan-

2293 4965 2436 5021 ttnn;
2494 4956 2585 5011 sed
2618 4962 2791 5028 eogita
2825 4962 2974 5015 illum
3029 4978 3150 5017 esse
3201 4957 3518 5020 diabolum:
3570 4962 3703 5021 illud
3739 4971 3884 5023 enim

2292 5048 2523 5103 maxime
2552 5050 2593 5102 si
2626 5052 3049 5107 demonsratum
3077 5065 3157 5107 est
3177 5096 3189 5116 .
3222 5057 3332 5124 jam
3384 5052 3689 5127 triumphus
3716 5051 3889 5130 major

2290 5138 2408 5192 erit.
2444 5139 2557 5194 Non
2590 5143 2729 5195 enim
2756 5146 2844 5213 qui
2882 5147 3058 5199 facilia
3101 5146 3325 5216 imperat
3348 5159 3612 5210 ,‘curator
3652 5162 3756 5217 cst,
3790 5154 3885 5206 sed

2290 5232 2379 5299 qui
2432 5233 2597 5285 utilia.
2637 5234 2765 5287 Nam
2822 5249 3001 5303 tatrcs
3046 5253 3272 5293 onerosa
3329 5234 3617 5309 imperant,
3662 5252 3715 5295 et
3773 5243 3887 5297 lteri

2290 5337 2500 5391 quoque
2547 5327 2747 5389 servis;
2784 5328 2876 5380 sed
2911 5322 3030 5380 ideo
3063 5329 3113 5382 hi
3145 5331 3358 5399 quidem
3396 5336 3577 5401 patres
3617 5343 3779 5400 sunt,
3813 5336 3887 5389 illi

2293 5430 2415 5468 vero
2446 5417 2579 5480 heri,
2603 5418 2908 5487 subigentes
2933 5430 2985 5473 et
3010 5423 3293 5489 perniciosi
3312 5432 3367 5477 et
3394 5427 3571 5478 omnia
3592 5430 3885 5484 contraria.

2362 5509 2547 5561 Anima
2571 5514 2717 5582 justi
2747 5528 2895 5579 quam
2952 5513 3155 5579 (li/ferat
3200 5516 3260 5569 ab
3290 5518 3461 5571 anima
3513 5521 3888 5589 peccatoris-—

2290 5599 2488 5653 Verum
2519 5603 2657 5669 quod
2712 5603 3035 5671 voluptatem
3074 5606 3338 5671 habeant,
3394 5600 3518 5665 hinc
3573 5613 3745 5681 palam
3782 5625 3884 5671 est.

2290 5692 2401 5754 ()ua
2433 5697 2574 5746 enim
2605 5693 2909 5748 conditione
2940 5707 3089 5765 putas
3117 5713 3234 5753 esse
3268 5701 3579 5765 iracundum
3603 5746 3619 5771 ,
3652 5722 3755 5775 qua
3790 5725 3887 5777 pa-

2294 5784 2515 5839 tientem
2559 5796 2605 5839 et
2660 5787 2882 5841 mitem?
2932 5785 3119 5845 Nonne
3166 5791 3322 5864 hujus
3379 5797 3557 5852 anima
3583 5801 3778 5855 Similis
3805 5810 3887 5855 est
