4074 6302
166 370 226 422 Gl
1220 348 1284 404 Lv
1326 344 1507 401 Am
1546 326 2323 395 APOSTOLOttUitJteMtL.
2371 326 2456 415 vi.
3432 311 3502 365 ci»),

164 481 457 540 solitudini
488 478 725 548 cuipiam
774 473 998 529 multam
1047 466 1283 537 quietem
1323 457 1583 520 habenti;
1634 454 1779 508 illius

162 592 298 631 vero
330 573 535 632 anima.
570 569 711 631 foro,
746 564 940 630 turbzn,
982 558 1072 614 ubi
1098 556 1300 612 inuitus
1321 552 1526 607 clamor
1551 562 1783 616 sequen-

165 671 302 718 tium
340 663 604 722 camelos,
637 657 816 711 mulos
846 662 902 709 et
927 654 1127 713 asinus,
1174 646 1263 717 qui
1296 643 1599 698 occlamant
1630 651 1785 692 acce-

162 759 437 811 dentibus
468 770 534 807 ne
553 744 973 807 conculcentur?
1004 742 1081 814 (α)
1106 753 1284 795 nonne
1308 737 1448 790 illius
1471 733 1649 787 anima
1674 744 1787 783 tne-

159 853 274 907 diis
320 846 635 903 civitatibus
676 840 869 897 similis
896 846 996 902 est,
1027 835 1115 889 ubi
1162 833 1286 886 hinc
1313 827 1617 890 aurificum,
1662 820 1787 875 inde

160 945 507 997 mrariorum
564 950 792 1006 magnus
842 932 1052 1001 fragor;
1086 937 1139 982 et
1172 925 1260 979 alii
1307 922 1527 993 quidem
1561 916 1784 973 la-dunt,

162 1036 257 1093 alii
293 1048 441 1089 vero
463 1028 770 1087 lmduntur?
798 1023 904 1080 Sed
932 1021 1090 1090 hujus
1119 1018 1296 1071 anima
1320 1013 1509 1070 similis
1540 1020 1623 1065 est
1667 1021 1790 1062 ter-

165 1129 261 1182 tici
289 1126 525 1186 montis,
554 1120 662 1176 leni
684 1136 812 1173 aura
844 1113 1038 1170 fruenti
1070 1112 1324 1181 purisque
1350 1104 1535 1169 radiis,
1570 1098 1789 1167 limpida

165 1220 420 1274 fontium
462 1216 659 1269 ﬂuenta
683 1206 949 1266 emittenti
982 1225 994 1261 :
1028 1203 1114 1258 ubi
1146 1200 1328 1257 multae
1354 1196 1547 1251 llortun
1577 1191 1789 1261 gratiae,

166 1310 417 1382 perinde
442 1317 601 1377 atque
629 1306 681 1359 in
716 1301 897 1357 vernis
926 1297 1090 1368 pratis
1111 1304 1168 1350 et
1196 1291 1392 1356 hortis,
1426 1304 1546 1359 qua:
1570 1282 1791 1355 plantis,

168 1377 420 1459 iiuribus
436 1410 490 1454 et
514 1396 875 1453 deﬂuentibus
903 1390 1057 1460 aquis
1101 1393 1363 1442 ornantur
1393 1398 1405 1434 :
1440 1380 1482 1435 si
1516 1377 1635 1449 quis
1666 1389 1794 1429 vero

169 1510 357 1549 sonus
392 1492 662 1554 audiatur,
716 1486 896 1542 suavis
922 1490 1005 1537 est
1029 1490 1084 1535 et
1118 1480 1341 1533 multam
1373 1472 1546 1528 fundit
1571 1468 1797 1525 audien-

171 1588 329 1640 tibus
354 1585 709 1653 voluptatem.
744 1577 879 1633 Nam
931 1575 1013 1631 vel
1042 1586 1170 1628 aves
1198 1578 1325 1625 sunt
1364 1565 1589 1623 summis
1633 1561 1796 1627 arbo-

174 1696 306 1735 rum
346 1680 407 1733 in
436 1676 599 1732 rantis
628 1673 1001 1735 cantillantes;
1053 1667 1134 1722 vel
1164 1663 1394 1724 cicadte,
1426 1660 1692 1720 lusciniae,
1718 1654 1800 1707 hi-

175 1771 494 1834 rundines,
558 1764 885 1821 concordem
932 1769 987 1815 et
1031 1772 1191 1812 unam
1230 1752 1517 1826 quamdam
1558 1747 1801 1803 efficiunt

178 1864 497 1925 musicam;
526 1858 611 1913 vel
628 1856 896 1926 zephyrus
918 1849 1110 1906 blande
1133 1861 1314 1903 ramos
1334 1845 1585 1899 arborum
1608 1839 1798 1904 allidit,

178 1956 447 2025 pinxerunt:
475 1949 730 2005 stridulus
759 1958 923 2001 Senos
949 1952 1003 1999 et
1028 1956 1227 2013 cycnos
1271 1939 1587 2008 plerumque
1628 1932 1805 1985 imita-

179 2057 310 2108 tur;
347 2044 439 2097 vel
468 2053 675 2113 pratum
712 2053 861 2093 rosas
903 2036 1157 2091 emittens
1187 2041 1242 2087 et
1270 2032 1379 2084 lilia
1400 2070 1414 2094 ,
1446 2044 1566 2096 quin
1593 2041 1652 2080 se
1685 2039 1802 2078 mu-

182 2153 277 2193 tuo
307 2136 601 2198 collidunt,
634 2133 783 2202 quasi
816 2130 1036 2199 pelagus
1074 2128 1202 2181 item
1236 2123 1442 2178 lenibus
1474 2119 1628 2173 undis
1651 2133 1804 2171 com-

184 2242 428 2285 motum.
459 2227 573 2281 lmo
603 2226 798 2281 multas
824 2224 946 2293 quis
989 2217 1564 2287 inveneritimagines.
1597 2214 1730 2268 Nam
1760 2216 1804 2265 si

182 2326 311 2393 quis
361 2338 521 2377 rosas
570 2320 842 2390 inspiciat,
897 2316 1087 2371 iridem
1128 2329 1188 2369 se
1239 2312 1425 2366 videre
1468 2309 1703 2379 putabit;
1760 2306 1808 2360 si

186 2417 393 2479 \inlas,
425 2428 573 2468 mare
602 2412 901 2474 undosum;
949 2409 995 2463 si
1045 2407 1177 2471 lilia,
1204 2404 1417 2459 caelum.
1453 2401 1637 2468 Neque
1681 2414 1806 2468 spec

187 2509 416 2565 cucule
438 2517 494 2560 et
522 2506 636 2559 \‘isu
661 2513 864 2558 tantum
893 2501 1213 2563 delectatur,
1242 2496 1336 2551 sed
1358 2496 1517 2550 etiam
1541 2507 1805 2561 corpore:

191 2602 285 2654 ille
331 2614 571 2666 namque
602 2607 876 2650 recreatur
904 2602 961 2649 et
1005 2593 1231 2662 respirat
1268 2608 1279 2642 :
1317 2590 1386 2643 ita
1412 2596 1471 2643 ut
1499 2602 1558 2641 se
1595 2587 1645 2639 in
1677 2584 1811 2641 ca'lo

195 2694 383 2761 [mtith
407 2704 529 2743 esse
558 2696 727 2758 putet,
754 2703 913 2757 quam
941 2684 995 2739 in
1027 2694 1191 2739 terra.

266 2786 323 2839 ι.
381 2784 480 2837 Bst
527 2792 581 2838 et
622 2783 758 2835 alius
807 2794 1012 2841 sonus,
1063 2792 1185 2833 cum
1233 2789 1370 2845 aqua
1418 2788 1484 2828 ex
1534 2770 1813 2826 cacumine

193 2879 457 2933 deﬂuens
499 2892 592 2943 per
637 2874 935 2945 praecipitia
974 2879 1166 2940 sponte
1217 2866 1418 2929 fertur,
1468 2873 1523 2919 et
1559 2862 1815 2933 subjectis

196 2972 451 3025 silicibus
499 2970 690 3033 leniter
740 2966 1041 3036 obstrepit,
1098 2965 1283 3033 sicque
1337 2960 1577 3013 membra
1634 2967 1813 3011 uestra

199 3066 486 3133 voluptate
518 3062 718 3116 relaxat
742 3102 757 3126 ,
789 3059 861 3113 ita
893 3068 949 3113 ut
977 3070 1225 3112 somnum
1253 3052 1492 3108 membra
1519 3050 1815 3105 solventem

200 3158 480 3213 concdiet.
506 3155 879 3209 Narrationem
899 3152 1130 3207 libenter
1150 3149 1373 3204 audistis
1393 3164 1407 3212 ;
1429 3146 1659 3216 hincque
1680 3143 1818 3198 forte

206 3250 449 3319 injectus
482 3247 635 3302 vobis
664 3255 751 3301 est
774 3245 1080 3299 solitudinis
1123 3256 1295 3296 amor.
1345 3238 1451 3294 Sed
1496 3239 1595 3292 hac
1630 3237 1820 3291 solitu-

210 3344 337 3396 dine
370 3342 544 3395 multo
574 3340 789 3394 suavior
815 3346 902 3393 est
930 3338 1181 3407 patientis
1210 3335 1410 3389 anima.
1442 3333 1556 3387 Non
1590 3331 1737 3386 enim
1767 3337 1825 3384 ut

210 3445 429 3503 pratum
480 3431 916 3486 dacriberemus
940 3469 959 3493 ,
1006 3442 1181 3497 neque
1226 3438 1283 3479 ut
1312 3424 1378 3479 ad
1409 3424 1823 3479 ostentationem

211 3528 384 3582 vcrba
428 3526 773 3579 fundet-emus
795 3565 808 3586 ,
844 3523 982 3577 hanc
1012 3522 1249 3593 aggressi
1283 3534 1467 3573 smnus
1499 3519 1782 3587 imaginem
1808 3533 1823 3582 ;

212 3623 307 3676 sed
345 3628 411 3674 ut
442 3636 539 3689 per
568 3620 704 3673 hanc
749 3616 1168 3687 descriptionem
1212 3614 1457 3668 videntes
1478 3653 1492 3675 ,
1536 3622 1731 3682 quanta
1760 3612 1829 3665 sit

216 3716 543 3788 patientium
568 3714 834 3783 voluptas,
860 3720 914 3766 et
937 3710 1079 3781 quod
1109 3709 1277 3764 multo
1300 3708 1515 3762 suavius
1543 3706 1832 3773 utiliusque

218 3812 287 3864 sit
329 3824 457 3861 cum
494 3807 609 3860 viro
647 3806 881 3874 patiente
911 3813 964 3857 et
997 3812 1278 3856 mansueto
1307 3800 1545 3863 versari,
1592 3813 1749 3867 quam
1779 3797 1832 3851 in

220 3900 537 3972 hujusmodi
574 3900 709 3954 locis
737 3899 957 3969 degere,
987 3897 1085 3951 hos
1112 3895 1492 3966 sequeremini.
1529 3893 1659 3947 Cum
1687 3894 1830 3947 enim

220 4012 408 4065 neque
434 4004 629 4049 ventus
654 3992 945 4047 vehemens
976 4007 1006 4044 a
1036 3990 1126 4043 tali
1166 3990 1341 4043 anima
1380 3988 1705 4057 egrediatur,
1739 3986 1834 4041 sed

221 4087 449 4158 benigni
496 4085 873 4153 mansuetique
920 4096 1200 4137 sermones
1241 4079 1476 4151 zephyro
1524 4078 1731 4148 placido
1762 4072 1837 4131 si-

224 4182 413 4241 miles,
441 4189 496 4233 ct
526 4177 918 4231 admonitiones
949 4174 1080 4228 nihil
1107 4188 1357 4244 asperant
1403 4172 1663 4225 lmhentes
1684 4213 1697 4235 ,
1744 4168 1839 4223 sed

222 4288 356 4330 aves
404 4272 526 4325 illas
566 4269 885 4325 cantatrices
937 4264 1543 4335 imitanteszquomodo
1591 4264 1693 4318 hoc
1735 4278 1840 4315 non

228 4367 435 4422 melius
479 4363 686 4417 fuerit?
728 4361 845 4417 Non
885 4361 1028 4414 enim
1070 4360 1285 4429 corpori
1333 4359 1530 4413 accidit
1574 4357 1843 4411 sermonis

232 4476 391 4522 aura,
425 4454 523 4510 sed
550 4456 759 4509 animas
789 4452 977 4508 reficit.
1012 4451 1128 4506 Non
1163 4462 1270 4505 tam
1303 4452 1410 4504 cito
1443 4450 1681 4503 medicus
1713 4464 1845 4518 qna-

232 4551 368 4603 libet
403 4546 641 4601 adhibita
671 4560 799 4600 cura
831 4560 859 4598 a
891 4544 1023 4599 febri
1056 4542 1397 4606 liberaverit,
1443 4551 1495 4594 ut
1529 4542 1609 4594 vir
1640 4541 1847 4610 patiens

236 4640 566 4697 iracundum
590 4646 646 4695 et
674 4638 1155 4694 excandescentem
1182 4637 1372 4705 spiritu
1403 4636 1687 4691 verborum
1718 4649 1847 4687 suo-

235 4756 355 4792 rum
391 4737 750 4806 refrigerahit.
781 4731 985 4806 Ecquid
1024 4734 1092 4788 dc
1131 4733 1340 4788 medico
1379 4730 1608 4801 loquor?
1637 4729 1716 4783 Ne
1745 4728 1850 4782 fer-

238 4849 359 4887 rum
398 4829 617 4901 quidem
659 4828 883 4899 ignitum
925 4827 975 4881 in
1010 4842 1201 4896 aquam
1236 4825 1573 4889 immissum,
1607 4832 1712 4876 tam
1742 4822 1849 4875 cito

238 4930 481 4980 calorem
505 4922 721 4983 amittit,
748 4931 807 4976 ut
836 4920 1123 4976 iracundus
1142 4919 1194 4973 in
1218 4928 1554 4972 mansuetum
1584 4914 1847 4969 incidens.

240 5022 401 5074 Sicut
447 5027 627 5074 autem
675 5016 722 5072 si
769 5016 823 5071 in
871 5016 1045 5071 forum
1096 5014 1465 5084 ingrediantur
1511 5010 1854 5065 cantillantes

240 5126 399 5181 aves,
423 5125 576 5184 ηαστε
594 5124 717 5167 esse
739 5109 1019 5165 videntur:
1041 5108 1117 5163 sic
1138 5122 1351 5179 quoque
1376 5115 1640 5177 prteccpta
1670 5112 1853 5159 nostra

310 5282 384 5343 (η)
417 5280 569 5328 'l‘olus
586 5281 669 5340 qui
696 5280 930 5337 sequitur
958 5272 1315 5343 locustirdine
1335 5275 1482 5343 paulo
1505 5271 1740 5343 divers0,_
1754 5274 1846 5323 sed

313 5332 378 5391 ne
413 5343 583 5389 iisdem
604 5332 851 5388 'cmtstans
879 5338 1045 5385 verbis
1071 5337 1279 5385 effertur
1301 5332 1350 5383 iii
1380 5333 1537 5383 tribus
1564 5332 1843 5383 codicibus.

272 5410 322 5454 lli
350 5412 517 5453 autem
547 5400 675 5458 libri,
704 5405 757 5449 in
780 5413 970 5447 summa
995 5400 1128 5446 inter
1147 5410 1201 5445 se
1226 5394 1587 5458 conspirantes,
1614 5410 1638 5444 a
1664 5402 1847 5457 quarto

248 5467 362 5531 alio,
388 5472 439 5513 et
465 5467 553 5513 hoc
574 5455 962 5531 optirnzettotze,
991 5473 1123 5531 smpe
1150 5455 1453 5531 magnopere
1488 5455 1732 5531 differunt
1758 5466 1849 5507 aut

250 5520 442 5583 verbis,
469 5535 552 5574 aut
575 5521 828 5574 orationis
860 5527 1137 5588 str_t_ictura,
1164 5528 1250 5571 aut
1277 5520 1433 5570 etiam
1473 5520 1845 5570 sententiarum

250 5590 441 5649 ordine,
466 5596 515 5637 ct
543 5588 692 5638 modo
720 5582 977 5634 narrandi.

1898 452 1949 506 in
1981 451 2191 504 animas
2218 443 2503 502 iracundas
2536 440 2795 495 immissa.
2826 435 2966 505 Ergo
2996 436 3212 490 suavior
3233 436 3316 484 est
3338 445 3494 483 man-

1898 540 2126 596 suetudo
2154 540 2229 593 ira
2260 547 2314 592 et
2343 535 2665 592 temeritate.
2690 530 2874 599 Neque
2900 528 3001 582 hoc
3031 535 3260 593 tantum,
3284 526 3378 581 sed
3402 525 3505 581 hoc

1897 631 2144 687 diabolus
2168 673 2182 692 ,
2232 628 2361 683 illud
2393 630 2532 682 Deus
2564 622 2838 694 prmcepit.
2870 620 3063 676 Videte
3088 662 3103 686 ,
3136 636 3225 677 me
3252 634 3362 675 non
3389 622 3508 673 sine

1898 737 2060 777 causa
2089 721 2290 775 dixisse
2312 762 2325 782 ,
2367 718 2577 772 etiamsi
2622 730 2721 770 nec
2748 714 2995 768 diabolus
3026 727 3125 767 nec
3154 712 3294 766 Deus
3322 720 3466 766 esset
3493 752 3508 779 ,

1902 814 2015 869 hinc
2047 824 2224 868 tamen
2258 823 2521 882 prmccpta
2552 810 2682 864 satis
2710 807 2823 862 fore
2844 807 2910 861 ad
2944 821 3042 861 nos
3071 805 3438 860 abducendus.

1972 906 1999 959 Ι
2009 906 2238 959 racundo
2268 905 2398 957 nihil
2421 904 2693 974 ingratius.
2717 931 2788 940 -—
2808 899 2947 954 Mitis
2972 899 3115 954 enim
3146 898 3309 953 homo
3331 907 3384 954 et
3411 898 3513 952 sibi

1903 1001 2082 1055 suavis
2113 1008 2165 1053 et
2194 998 2316 1052 aliis
2341 997 2487 1050 utilis
2511 1005 2627 1059 est;
2657 994 2946 1050 iracundus
2970 1009 3099 1047 vero
3125 1001 3179 1046 ct
3204 992 3302 1047 εὼῑ
3336 993 3518 1046 insua-

1904 1092 2005 1153 vis,
2038 1103 2095 1165 et
2118 1090 2237 1143 aliis
2264 1090 2480 1143 noxius.
2516 1087 2655 1141 Nihil
2687 1088 2829 1141 enim
2864 1086 3123 1156 ingratius
3155 1086 3375 1140 homine
3406 1086 3517 1139 ira-

1905 1183 2103 1249 cundo,
2140 1182 2273 1236 nihil
2302 1181 2609 1246 onerosius,
2640 1179 2941 1245 molestius,
2974 1179 3212 1249 turpius;
3244 1186 3301 1233 ut
3329 1193 3397 1233 eo
3427 1179 3517 1248 qui

1909 1277 2066 1332 irasci
2115 1276 2329 1339 nescit,
2386 1274 2515 1328 nihil
2560 1274 2871 1344 jucundius.
2920 1272 3057 1327 Cum
3110 1273 3222 1329 fera
3276 1272 3523 1327 habitare

1908 1373 2099 1427 melius
2141 1379 2255 1435 cst,
2304 1386 2463 1439 quam
2495 1384 2616 1424 cum
2652 1370 2741 1424 tali
2774 1368 3015 1424 homine.
3067 1368 3203 1422 Fcra
3250 1383 3484 1438 namque
3509 1410 3521 1433 ,

1908 1466 2124 1537 quando
2155 1466 2322 1520 semel
2365 1466 2666 1530 cicuratur,
2716 1479 2867 1518 suam
2917 1469 3099 1517 servat
3126 1464 3335 1533 legem;
3372 1462 3520 1517 illum

1909 1569 2091 1614 autem
2116 1560 2329 1628 quoties
2356 1556 2675 1626 placaVeris,
2704 1556 2861 1611 toties
2884 1557 3076 1611 iterum
3102 1555 3387 1622 efferatur;
3422 1555 3523 1609 sibi

1912 1658 2056 1711 enim
2083 1655 2321 1709 habitum
2351 1653 2512 1707 talem
2539 1651 2706 1706 semel
2737 1651 3034 1706 constituit.
3062 1650 3212 1705 Sicut
3237 1651 3380 1705 enim
3410 1650 3527 1704 dies

1911 1762 2136 1804 serenus
2159 1755 2215 1802 et
2242 1746 2419 1810 hctus,
2454 1754 2506 1799 et
2532 1744 2705 1799 hiems
2727 1742 3017 1797 admodum
3043 1742 3231 1807 ll‘ialiS,
3258 1743 3526 1805 Contraria

1914 1847 2038 1894 sunt
2067 1856 2079 1892 ε
2113 1838 2183 1891 ita
2212 1836 2452 1891 iracundi
2481 1844 2534 1889 et
2556 1834 2825 1889 mansueti
2848 1834 3063 1887 animae.
3088 1835 3154 1887 At
3180 1833 3417 1887 nondum
3439 1846 3527 1897 ea,

1915 1947 2034 2000 que
2068 1931 2119 1984 in
2154 1930 2289 1983 alios
2321 1936 2542 1983 manant
2586 1926 2925 1981 incommoda
2949 1967 2963 1989 ,
2995 1925 3088 1979 sed
3122 1941 3240 1994 qum
3268 1926 3367 1980 sibi
3401 1925 3529 1994 ipsis

1918 2021 2155 2075 inferunt
2197 2021 2495 2074 videamus.
2533 2020 2693 2088 Atqui
2750 2017 2853 2071 hoc
2887 2032 2993 2070 non
3026 2032 3248 2087 parvum
3301 2026 3385 2071 est
3432 2018 3533 2071 da-

1918 2131 2123 2176 mmnn,
2142 2114 2303 2168 alium
2324 2113 2524 2167 damno
2542 2110 2795 2166 afficere:
2819 2127 3004 2166 verum
3030 2111 3244 2164 interim
3266 2110 3391 2164 illud
3406 2126 3536 2164 con.-

1918 2208 2243 2262 sidereutus.
2264 2206 2394 2272 Quis
2416 2204 2657 2259 carnifex
2682 2204 2760 2258 sic
2783 2204 2949 2257 latera
2974 2203 3276 2257 dilacerare
3300 2203 3534 2272 poterit?

1918 2316 2039 2369 qum
2071 2314 2231 2352 verna
2282 2298 2446 2367 ignita
2477 2298 2556 2352 sic
2582 2312 2782 2366 corpus
2825 2297 3178 2365 transfigere?
3222 2298 3342 2367 quis
3390 2298 3539 2352 furor

1923 2391 1993 2444 ita
2020 2405 2049 2443 a
2082 2404 2212 2443 sana
2242 2398 2423 2443 mente
2450 2388 2677 2451 excutit,
2707 2398 2761 2442 ut
2793 2389 2868 2442 ira
2897 2398 2950 2443 et
2973 2388 3161 2443 furor?
3188 2388 3384 2443 Multos
3413 2389 3536 2442 novi

1921 2483 2011 2552 qui
2044 2483 2110 2536 ab
2140 2481 2412 2537 iracundia
2449 2481 2499 2533 in
2534 2481 2755 2535 morbos
2785 2481 3090 2535 inciderunt
3115 2499 3127 2534 :
3155 2480 3238 2534 hac
3265 2491 3383 2534 sunt
3410 2496 3538 2551 gra-

1924 2577 2159 2630 vissimae
2192 2576 2436 2629 omnium
2467 2574 2662 2629 febres.
2699 2573 2853 2640 Quod
2895 2575 2939 2628 si
2979 2589 3177 2643 corpus
3219 2575 3289 2629 ita
3336 2574 3541 2629 labefa-

1924 2678 2092 2734 ctent,
2117 2668 2352 2722 animam
2376 2668 2573 2737 Cogita.
2594 2666 2673 2721 Ne
2692 2668 3054 2732 ratiocineris,
3079 2668 3200 2739 quia
3225 2682 3332 2721 non
3356 2667 3505 2721 vides
3526 2683 3541 2732 ',

1926 2764 2021 2818 sed
2049 2764 2246 2833 cogita,
2278 2762 2421 2833 quod
2454 2762 2497 2815 si
2530 2762 2576 2816 is
2605 2761 2696 2831 qui
2725 2762 2989 2815 malitiam
3018 2762 3255 2831 concipit
3284 2764 3354 2815 ita
3389 2761 3544 2815 [redi-

1929 2869 2035 2915 tur,
2084 2857 2133 2910 id
2178 2857 2320 2926 quod
2367 2856 2459 2910 ille
2504 2855 2679 2925 pariet,
2720 2864 2980 2925 quantum
3027 2854 3282 2909 damnum
3321 2853 3546 2909 afferet?

1929 2951 2077 3006 Multi
2111 2951 2299 3005 oculos
2324 2949 2715 3021 perdiderunt,
2754 2949 2908 3003 multi
2942 2950 2991 3002 in
3022 2949 3379 3019 gravissimos
3411 2949 3548 3003 inci-

1931 3043 2062 3099 dere
2093 3043 2329 3097 morbos.
2362 3041 2463 3108 Qui
2493 3057 2622 3095 vero
2650 3042 2860 3096 fortiter
2891 3042 3082 3096 tolerat
3105 3082 3118 3102 ,
3168 3041 3347 3095 omnia
3393 3042 3550 3096 facile

1932 3134 2085 3189 feret.
2118 3135 2367 3188 Attamen
2397 3133 2523 3187 licet
2551 3141 2658 3187 tam
2686 3146 2916 3186 onerosa
2947 3132 3245 3203 praecipiat,
3275 3140 3325 3185 et
3356 3131 3543 3186 horum

1934 3227 2239 3282 mercedem
2284 3228 2587 3294 gehennam
2634 3235 2937 3295 proponat,
2989 3227 3113 3279 licet
3165 3225 3255 3279 ille
3302 3224 3552 3280 diabolus

1935 3320 2025 3379 sit,
2055 3329 2109 3371 et
2140 3318 2331 3372 salutis
2361 3327 2562 3372 nestrre
2596 3318 2867 3381 inimicus,
2899 3323 3070 3387 magis
3101 3318 3173 3370 illi
3204 3318 3555 3385 obtempera-

1937 3427 2058 3468 mus
2083 3452 2098 3477 ,
2132 3427 2291 3481 quam
2324 3413 2544 3465 Christo
2575 3412 2848 3466 Servatori
2877 3453 2889 3471 ,
2928 3412 3253 3465 benefactori
3282 3452 3296 3472 .
3336 3421 3388 3465 et
3429 3410 3555 3464 Lilia

1938 3505 2160 3569 dicenti,
2192 3520 2313 3573 qum
2336 3513 2391 3558 et
2421 3505 2694 3569 suaviora,
2723 3512 2776 3556 ct
2802 3503 3015 3557 utiliora
3040 3512 3188 3567 sunt,
3216 3503 3479 3570 nobisque
3503 3513 3560 3556 et

1939 3596 2424 3651 contubernalibus
2475 3611 2669 3665 magna
2724 3595 2863 3649 bona
2917 3595 3222 3650 conferant.
3281 3595 3424 3648 Nihil
3480 3595 3559 3647 ira

1940 3690 2117 3760 pejus,
2137 3688 2352 3748 dilecte.
2374 3696 2429 3742 et
2450 3688 2831 3756 intempestivo
2851 3686 3030 3741 furore
3053 3704 3065 3740 :
3089 3703 3194 3740 non
3222 3687 3319 3741 fert
3345 3687 3558 3754 longam

1945 3797 2183 3847 moram;
2214 3791 2404 3835 acutus
2436 3790 2519 3835 est
2552 3781 2797 3835 morbus.
2818 3780 2974 3849 Sa-pe
2997 3783 3118 3850 quis
3146 3780 3456 3855 verbunrex
3484 3781 3561 3833 ira

1949 3876 2175 3944 profert,
2206 3872 2347 3942 quod
2378 3884 2433 3925 ut
2462 3882 2697 3940 reparet,
2730 3882 2836 3926 leta
2868 3874 2973 3927 vita
2998 3888 3133 3941 opus
3158 3871 3353 3933 habet;
3383 3882 3435 3925 et
3463 3871 3564 3923 ali-

1951 3967 2077 4038 quid
2108 3978 2386 4035 operatur,
2409 3966 2552 4035 quod
2577 3975 2740 4019 totam
2766 3966 2882 4036 ejus
2902 3966 3064 4020 vitam
3089 3966 3383 4021 subvertat.
3411 3966 3562 4032 Quod

1953 4070 2131 4114 autem
2162 4060 2541 4129 gravissimum
2570 4071 2651 4113 est
2673 4101 2688 4125 ,
2744 4059 2891 4113 brevi
2926 4067 3193 4127 tempore,
3230 4074 3336 4111 uno
3367 4073 3563 4125 opere,

1954 4170 2060 4206 uno
2088 4154 2253 4207 verbo
2279 4167 2421 4223 saipe
2449 4153 2669 4206 internis
2698 4151 2973 4219 privamur
3006 4152 3181 4217 bonis,
3220 4152 3561 4206 innumeros-

1954 4262 2059 4314 que
2090 4247 2243 4299 nobis
2275 4246 2512 4315 par-imus
2542 4245 2776 4299 labores.
2808 4245 3357 4315 Quamobrem,rogo,
3389 4247 3569 4299 omnia

1957 4339 2235 4403 faciamus,
2269 4349 2327 4392 ut
2359 4340 2499 4393 hanc
2527 4337 2697 4395 feram
2730 4338 3029 4393 frenemus.
3056 4339 3324 4392 Caeterum
3357 4338 3473 4392 ha-e
3505 4339 3571 4391 de

1957 4434 2369 4488 mansuetudine
2396 4434 2557 4488 et-ira
2589 4433 2727 4487 dicta
2762 4434 2889 4487 sint.
2924 4432 2979 4486 Si
3012 4432 3132 4503 quis
3164 4447 3293 4486 vero
3322 4432 3421 4485 alia
3451 4448 3567 4486 ser-

1959 4540 2119 4579 mone
2148 4534 2361 4589 tractet,
2388 4534 2445 4578 ut
2475 4524 2753 4578 avaritiam
2777 4533 2830 4577 et
2853 4523 3165 4593 despectum
3195 4525 3569 4593 pecuniarum,

1962 4620 2235 4673 lasciviam
2269 4628 2321 4673 et
2346 4618 2671 4683 castitatem,
2703 4617 2960 4671 invidiam
2992 4626 3046 4671 et
3078 4616 3571 4680 mansuetudinem,

1964 4712 2161 4781 illaque
2188 4723 2372 4764 mutuo
2399 4710 2663 4775 conferat,
2698 4710 2802 4765 alia
2832 4724 3049 4778 quoque
3080 4708 3392 4763 discrimina
3420 4710 3575 4763 sciet.

1968 4803 2187 4857 Vidistis
2214 4845 2226 4863 ,
2277 4801 2548 4871 quomodo
2578 4817 2642 4854 ex
2680 4802 2966 4870 praaeeptis
2995 4810 3199 4855 tantum
3250 4811 3302 4856 et
3348 4802 3489 4855 Dens
3525 4813 3579 4855 et

1963 4888 2210 4965 diabole
2259 4894 2732 4949 internoscantur?
2779 4893 3231 4963 Obtempercmus
3269 4909 3405 4964 ergo
3430 4894 3577 4953 Deo,

1968 5005 2143 5059 neque
2173 5004 2270 5042 nos
2300 4992 2349 5041 in
2381 4987 2635 5041 harathra
2666 4986 3051 5055 conjiciamns:
3084 4986 3180 5040 sed
3207 4985 3330 5039 dum
3367 4996 3583 5050 tempus

1968 5092 2067 5147 est,
2100 5084 2381 5136 ahlnamus
2410 5082 2589 5135 onmia
2616 5096 2736 5150 quae
2766 5081 2998 5134 animam
3031 5078 3257 5141 foedant,
3293 5088 3352 5132 ut
3377 5088 3461 5131 acti
3484 5092 3581 5132 rna

1968 5191 2363 5245 consequamur
2391 5175 2527 5228 bona
2550 5216 2562 5233 .
2596 5175 2765 5245 gratia
2797 5183 2850 5227 et
2878 5173 3208 5241 benignitate
3238 5171 3449 5224 Domini
3487 5188 3589 5224 no-

1971 5270 2065 5323 stri
2096 5270 2219 5325 Jesu
2252 5269 2468 5333 Christi,
2499 5270 2713 5337 quicum
2738 5266 2885 5321 Patri
2910 5282 3121 5336 ttnaqne
3145 5266 3369 5335 Spiritui
3396 5275 3584 5317 sancto

1972 5360 2160 5433 gloria,
2183 5362 2487 5430 imperium,
2516 5361 2709 5430 honor,
2739 5373 2883 5415 nunc
2906 5368 2961 5415 et
2982 5373 3217 5427 semper,
3242 5367 3294 5413 et
3314 5357 3365 5412 iu
3390 5356 3584 5411 smeula

1974 5454 2314 5511 sccculorum.
2360 5456 2550 5509 Amen.
