4098 6324
622 276 693 331 63
1278 264 1336 322 S.
1377 263 1657 323 JOANNIS
1695 260 2160 319 CHRYSOSTOMI
2203 259 2519 313 ARCHIEP.
2564 259 3096 316 CUNSTAN’I'LNOP.
3824 266 3895 320 64

2344 412 3395 429 _—-#C.v

2008 492 2355 557 HOMILIA
2416 493 2555 556 VII.

602 644 734 713 Cir.
765 645 818 699 2.
847 661 895 696 ν.
920 644 1005 698 37.
1038 643 1131 697 llis
1152 655 1317 698 autem
1348 640 1863 711 auditis.coutpuncti
1882 650 1999 694 sunt
2021 639 2191 702 corde,

675 749 723 790 et
750 736 981 794 dixerunt
1004 736 1072 789 ad
1099 735 1302 789 Petram
1327 746 1375 789 et
1399 736 1468 789 ad
1494 733 1713 803 reliquos
1733 731 1989 801 apostolos
2015 746 2033 783 :
2058 730 2196 795 Quid

680 826 943 901 faciemus,
968 826 1062 883 viri
1083 828 1266 897 fratres
1285 826 1312 879 Ζ

677 920 730 974 1.
784 916 1119 972 Mansuetudo
1144 926 1389 986 quantum
1418 916 1619 971 bonum.
1639 944 1709 954 —
1727 913 1912 968 Viden?
1938 922 2193 983 quantum

599 1011 671 1066 sit
695 1006 1045 1063 mansuetudo
1073 1007 1308 1061 bonum?
1342 1008 1466 1062 lla‘c
1496 1007 1685 1077 magis,
1715 1021 1873 1075 quant
1905 1006 2193 1059 vehemen-

606 1103 677 1159 tia
712 1099 997 1171 quaelibet,
1025 1099 1187 1154 corda
1234 1109 1415 1154 nostra
1460 1098 1791 1168 eompungit,
1822 1108 1875 1152 et
1902 1097 2195 1151 acutiorem

605 1191 793 1261 inﬂigit
814 1191 1043 1261 plagam.
1067 1191 1213 1246 Sient
1243 1192 1386 1246 enim
1419 1191 1506 1259 qui
1533 1190 1792 1244 obdurata
1822 1204 2045 1257 corpora
2075 1204 2195 1257 per-

601 1281 753 1344 cutit.
788 1297 894 1339 non
922 1292 1028 1336 tam
1060 1282 1235 1337 valide
1263 1296 1480 1337 sensum
1511 1280 1707 1345 allicit;
1738 1279 1833 1335 sed
1861 1281 1903 1334 si
1936 1280 2021 1333 illa
2050 1279 2197 1347 prius

602 1376 861 1443 emolliat,
898 1385 1022 1431 tunc
1052 1377 1226 1431 acrius
1268 1376 1452 1445 pungit
1479 1392 1490 1426 :
1522 1376 1589 1427 ita
1619 1382 1675 1428 et
1702 1373 1789 1429 hic
1814 1373 1961 1442 prius
1986 1380 2197 1442 oportet

604 1469 867 1535 emollire,
898 1478 953 1524 et
981 1479 1105 1523 tunc
1151 1484 1406 1539 pungere.
1461 1467 1679 1521 Etnollit
1708 1479 1885 1522 autem
1908 1508 1923 1531 ,
1957 1480 2061 1519 non
2094 1465 2192 1528 ira,

608 1576 713 1615 non
743 1560 1032 1616 vehemens
1083 1560 1351 1615 accusatio
1375 1602 1391 1626 ,
1421 1576 1525 1614 non
1554 1558 1850 1613 cont-icium
1877 1573 1891 1614 :
1924 1557 2017 1612 sed
2051 1572 2199 1610 tuan-

605 1652 833 1709 suctttdo
872 1671 886 1707 ε
928 1654 1079 1708 furor
1126 1654 1271 1709 enim
1319 1663 1478 1724 anget
1528 1653 1814 1717 morbum,
1849 1651 2199 1706 mansuetudo

604 1745 865 1802 eliminat.
922 1744 1102 1815 Itaque
1139 1746 1181 1799 si
1230 1745 1363 1800 velis
1390 1745 1717 1815 quempiam.
1759 1744 1849 1813 qui
1898 1752 1948 1797 te
1980 1742 2194 1806 la-serit,

604 1839 894 1909 corripere,
922 1839 1070 1893 illum
1094 1855 1213 1892 cunt
1240 1836 1647 1892 mansuetudine
1674 1850 1859 1905 magna
1884 1834 2195 1903 aggredere.

614 1932 743 1987 Vide
784 1932 925 1986 enim
956 1931 1055 1985 hoc
1083 1930 1202 1984 loco
1242 1930 1369 2000 quid
1414 1928 1608 1983 faciat:
1633 1937 1911 1983 mansuete
1940 1927 2044 1980 illis
2074 1925 2203 1980 faci—

610 2038 739 2087 nora
780 2038 875 2085 sua
918 2023 970 2081 in
1009 2030 1242 2077 mentem
1298 2030 1536 2086 revocat,
1578 2029 1635 2075 et
1680 2019 1811 2073 nihil
1858 2018 2072 2087 adjicit;
2108 2016 2201 2071 Dei

607 2114 805 2174 donum
860 2124 1113 2179 enarrat,
1163 2112 1310 2167 addit
1359 2114 1585 2183 gratiam
1616 2111 1667 2165 in
1708 2126 1885 2165 rerum
1932 2120 2200 2180 gestarum

606 2207 968 2268 testimonium
989 2248 1004 2271 ,
1034 2215 1088 2261 et
1115 2206 1339 2261 ulterius
1367 2218 1669 2259 sermonem
1703 2201 1966 2270 producit.
2027 2200 2200 2255 Reve-

604 2302 692 2358 riti
722 2312 841 2356 sunt
866 2300 1007 2356 Petri
1033 2297 1517 2362 mansuetudinem,
1543 2295 1772 2371 quia‘jis,
1796 2295 1886 2363 qui
1916 2294 2198 2348 Dominum

605 2410 759 2450 suum
790 2394 1184 2453 crttcilixerant,
1213 2401 1267 2445 t-t
1291 2400 1480 2446 eontra
1512 2391 1656 2460 ipsos
1678 2390 1879 2444 caulem
1905 2388 2198 2456 spirabant,

607 2486 760 2555 quasi
807 2495 958 2556 pater
1004 2496 1054 2539 et
1100 2496 1352 2553 IllagISlel'
1407 2483 1543 2538 bene
1584 2480 1806 2537 aﬂ'ectus
1867 2482 2201 2551 loquebatur.

609 2581 719 2638 Nec
764 2581 1077 2651 simpliciter
1105 2594 1307 2633 morem
1333 2588 1634 2645 gesserunt,
1676 2576 1769 2631 sed
1798 2575 1956 2629 etiam
1978 2589 2038 2629 se
2061 2577 2204 2643 ipsos

607 2676 929 2730 dantnarunt
953 2691 969 2736 ς
994 2674 1043 2726 in
1066 2686 1281 2726 sensum
1312 2678 1571 2724 venerunt
1594 2682 1778 2722 eorum
1801 2684 1919 2738 qua'
1942 2666 2199 2721 fecerant.

606 2764 721 2820 Non
769 2766 913 2820 enim
961 2764 1198 2833 permisit
1254 2762 1373 2817 illos
1423 2760 1602 2817 furore
1650 2759 1871 2828 corripi,
1916 2769 1970 2814 et
2024 2767 2202 2815 mente

604 2857 946 2913 obtenebntri
972 2873 986 2919 ;
1022 2854 1117 2914 8rd
1164 2871 1258 2924 por
1287 2852 1663 2916 humilitatem,
1696 2852 1949 2919 dissipata
1974 2851 2200 2921 quadam

606 2949 985 3021 indignationis
1012 2948 1224 3011 nebula,
1249 2946 1326 2999 sic
1354 2946 1560 2999 facinus
1592 2944 1717 2997 illud
1746 2943 1873 3013 ipsis
1905 2958 2201 3011 reprarsen-

609 3046 758 3098 tavit.
800 3042 907 3097 ltus
940 3042 1083 3096 enim
1112 3041 1189 3094 sic
1216 3039 1463 3092 usnvenit
1496 3053 1509 3091 :
1539 3037 1753 3105 quando
1782 3035 2098 3105 quibusdam
2125 3036 2206 3089 di-

606 3135 774 3190 cimus
802 3148 897 3186 nos
928 3134 1082 3187 laesos
1119 3131 1304 3195 fuisse,
1345 3130 1419 3184 illi
1462 3139 1723 3184 conantur
1750 3128 2120 3182 detnOnstrare
2143 3142 2205 3181 se

608 3244 714 3282 n-nt
748 3226 986 3288 lzesissc;
1016 3239 1137 3279 cum
1165 3239 1291 3277 vero
1312 3222 1541 3277 dicimus
1565 3234 1663 3275 nos
1690 3235 1794 3274 non
1825 3220 1981 3274 lmsos
2012 3219 2199 3273 fuisse.

610 3318 707 3375 sed
731 3318 903 3389 potius
925 3316 1147 3381 l:rsisso,
1182 3315 1255 3369 illi
1288 3323 1471 3369 contra
1508 3315 1766 3369 nituntur.
1793 3312 1973 3382 Itaque
1999 3315 2041 3367 si
2071 3314 2203 3368 velis

608 3424 752 3472 eum,
790 3408 878 3478 qui
908 3409 1100 3477 injuste
1131 3407 1260 3476 egit,
1295 3408 1345 3461 in
1378 3421 1605 3476 agonem
1626 3404 1915 3475 conjicere,
1946 3422 2012 3458 ne
2038 3421 2201 3459 acruc

609 3514 696 3554 sos
722 3499 904 3564 illum;
931 3499 1023 3553 sed
1053 3513 1149 3569 pro
1176 3499 1266 3552 illo
1293 3498 1537 3561 decet-ta,
1572 3509 1620 3551 et
1653 3497 1740 3552 ille
1761 3511 1883 3550 sese
1910 3497 2199 3551 accusabit.

609 3595 1011 3649 Contentiosum
1040 3593 1183 3647 enim
1213 3601 1296 3649 est
1319 3606 1487 3662 genus
1516 3590 1812 3646 hominum.
1866 3590 1978 3644 lloc
2015 3590 2204 3649 Petrus

613 3685 738 3749 fecit
762 3701 776 3737 ε
809 3700 915 3737 non
941 3683 1062 3737 illos
1084 3682 1427 3737 vehementer
1446 3681 1736 3745 accusavit,
1759 3679 1854 3735 sed
1878 3690 2102 3733 Conatus
2124 3688 2206 3733 est

612 3786 869 3846 quantum
922 3784 1131 3846 poterat
1152 3774 1271 3828 illos
1299 3783 1579 3837 mansuete
1618 3772 1936 3835 defendere;
1980 3771 2204 3841 idt-ane

614 3868 673 3923 ill
698 3883 827 3920 'l‘tltll
858 3867 1067 3920 animos
1099 3862 1431 3932 perstrinxit.
1488 3863 1553 3917 Et
1600 3862 1863 3917 undenam
1895 3862 2057 3930 liquet
2086 3862 2203 3916 illos

613 3968 960 4031 compunctos
1005 3957 1208 4013 fuisse?
1257 3957 1334 4012 Ex
1378 3958 1613 4027 ipsorum
1657 3956 1851 4010 verbis.
1896 3953 2030 4021 Quid
2062 3956 2202 4009 etiim

612 4054 833 4107 dicunt?
876 4052 1012 4117 Quid
1037 4052 1300 4120 faciemus,
1334 4051 1427 4104 viri
1453 4050 1679 4114 fratres?
1718 4048 1861 4116 Quos
1892 4047 2206 4117 deceptores

615 4148 895 4209 Vocabant,
929 4144 1118 4198 fratres
1167 4159 1307 4197 nunc
1347 4143 1651 4212 appellant;
1682 4157 1786 4195 non
1820 4139 1959 4211 quod
1992 4154 2051 4193 se
2079 4139 2206 4207 ipsis

614 4251 979 4311 eszoqttarent,
1008 4239 1103 4295 sed
1132 4237 1274 4310 quod
1303 4237 1421 4292 illos
1463 4237 1532 4290 ad
1558 4235 1640 4290 sui
1670 4250 1909 4289 amorem
1940 4244 1989 4287 et
2020 4248 2205 4287 curam

622 4334 1015 4405 pertraherent.
1068 4333 1137 4387 At
1165 4330 1420 4400 alioquin,
1454 4338 1731 4398 postquam
1767 4327 1885 4381 illos
1916 4326 1992 4380 sic
2018 4326 2200 4394 appel—

618 4426 729 4479 lare
760 4423 956 4494 dignati
989 4420 1218 4485 fuerant,
1252 4427 1307 4475 et
1331 4420 1597 4482 dixerant,
1627 4417 1765 4482 Quid
1791 4415 2069 4485 faciemus?
2098 4430 2203 4468 non

616 4518 796 4572 statim
833 4516 1083 4571 dixerunt
1110 4532 1126 4573 :
1157 4514 1296 4581 Ergo
1328 4512 1696 4582 paenitentiam
1744 4524 1963 4579 agamus
1988 4525 2003 4571 ;
2032 4507 2123 4561 sed
2150 4522 2208 4560 se

620 4609 725 4663 illis
771 4608 1147 4677 permiserunt.
1198 4601 1661 4672 Quemadmodum
1704 4602 1822 4671 quis
1854 4602 1905 4654 itt
1935 4600 2208 4669 naufragio

626 4698 709 4753 tel
736 4699 787 4751 in
810 4697 996 4755 morbo
1019 4698 1426 4765 gubernatorem
1452 4693 1532 4746 vel
1557 4691 1822 4746 medicum
1846 4691 2205 4761 conspiciens,

621 4788 798 4844 omnia
831 4787 907 4841 illi
931 4784 1177 4840 concedit
1211 4786 1417 4855 ipsique
1444 4784 1797 4853 obtemperat,
1828 4784 1895 4838 ita
1920 4791 1974 4837 et
2001 4782 2051 4835 hi
2079 4795 2207 4836 con-

622 4880 749 4935 lessi
773 4889 897 4934 sunt
918 4893 976 4934 se
999 4879 1050 4933 in
1077 4878 1333 4934 extremis
1363 4878 1563 4945 positos
1612 4876 1812 4929 nullam
1844 4877 2029 4929 salutis
2056 4890 2205 4943 spem

625 4972 840 5027 habere.
892 4971 959 5025 Et
988 4970 1294 5041 perpende:
1326 4985 1431 5023 non
1461 4970 1729 5034 dixerunt,
1762 4968 2042 5035 Quomodo
2078 4969 2207 5022 salvi

623 5080 857 5129 ertnms;
900 5075 1031 5126 seu,
1069 5062 1206 5128 Quid
1255 5061 1536 5131 faciemus?
1584 5060 1720 5126 Quid
1776 5061 1934 5131 igitur
1984 5060 2211 5113 Petrus?

624 5156 826 5217 iliirsus
847 5155 933 5210 hic
959 5171 1079 5209 cum
1112 5167 1299 5209 omnes
1328 5155 1818 5224 interrogarentur.
1851 5155 1963 5224 ipse
1994 5169 2212 5223 I'CSINln-

615 5245 740 5310 'dct,
766 5247 853 5300 58.
890 5245 1242 5299 l’wnitentiam
1262 5246 1413 5314 agite,
1444 5244 1627 5298 dicens
1647 5286 1663 5311 ,
1687 5257 1733 5297 et
1756 5247 2033 5315 baptisetur
2060 5264 2212 5302 imus-

626 5340 834 5409 quisque
859 5351 1067 5394 vestrum
1098 5341 1148 5393 in
1181 5340 1383 5392 nomine
1408 5337 1532 5392 Jesu
1562 5339 1767 5392 Christi.
1791 5339 2033 5394 Nondum
2060 5341 2209 5407 dicit,

625 5431 874 5495 Credite;
921 5432 1045 5497 Sed,
1078 5431 1372 5500 Baptizatur
1420 5431 1763 5500 unusquisque
1810 5442 2042 5487 restrain.
2104 5435 2214 5487 llo.‘:

627 5524 767 5577 enim
793 5524 843 5576 in
871 5522 1187 5593 baptismate
1210 5522 1561 5582 accipiebant.
1588 5521 1785 5576 Deinde
1809 5522 2009 5577 lucrum
2034 5535 2211 5579 osten-

628 5612 706 5665 dit
737 5630 749 5665 :
778 5610 844 5665 In
891 5613 1233 5666 remissionem
1267 5622 1582 5681 peccatorum
1609 5627 1625 5675 ;
1657 5624 1701 5667 et
1730 5612 1982 5681 accipietis
2027 5618 2212 5668 donum

636 5699 855 5776 Spiritus
874 5710 1031 5761 sancti
1083 5704 1137 5764 Si
1166 5706 1361 5763 donum
1389 5709 1659 5776 accepturi
1688 5712 1839 5772 estis.
1865 5709 1909 5764 si
1939 5712 2211 5767 :‘Ctnis:io-

2304 651 2428 692 nem
2456 636 2611 692 habet
2645 637 2926 706 baptisma,
2959 653 3057 697 cur
3084 636 3447 691 cunctamini?
3481 640 3680 690 Deinde
3705 632 3908 703 proba—

2302 730 2546 786 biliorem
2580 732 2809 787 reddens
2866 746 3169 787 sermonem
3194 772 3210 797 ,
3254 732 3572 801 subjnnxit:
3605 731 3694 786 39.
3745 727 3905 783 Vobis

2300 824 2435 878 enim
2464 834 2533 879 est
2560 825 2904 896 repromissio.
2956 825 3101 879 llanc
3131 834 3181 877 et
3214 825 3319 885 hic,
3352 840 3510 893 quam
3542 824 3790 893 superius
3826 822 3908 874 di-

2303 926 2471 971 xcrat.
2504 916 2570 968 Et
2596 918 2718 984 [iliis
2740 918 2931 979 vestris,
2964 918 3149 986 inquit.
3178 915 3341 986 Igitur
3362 917 3536 983 majus
3563 925 3643 970 est
3669 914 3903 987 donum,

2302 1007 2518 1077 quando
2551 1008 2813 1062 invitorum
2845 1009 3003 1065 etiattt
3033 1008 3275 1067 hatredes
3306 1008 3523 1061 habent.
3559 1006 3621 1060 Et
3642 1008 3900 1078 omnibus,

2302 1096 2491 1166 inquit,
2515 1100 2602 1165 qui
2627 1101 2776 1169 longe
2812 1110 2952 1153 sunt.
3005 1088 3059 1155 Si
3093 1100 3157 1153 iis
3187 1101 3276 1170 qtti
3309 1099 3488 1169 longe,
3523 1100 3691 1153 nmlto
3731 1101 3907 1167 magis

2301 1189 2452 1242 vobis
2495 1190 2585 1259 qui
2636 1206 2820 1260 prope.
2884 1192 3235 1261 Quoscumque
3285 1175 3601 1246 advocaverit
3650 1190 3909 1251 Duninus

2301 1279 2441 1336 Deus
2475 1294 2662 1337 noster.
2716 1283 2845 1339 Vide
2889 1284 3103 1355 quando
3144 1284 3308 1351 dicat,
3338 1283 3413 1338 lis
3449 1286 3534 1354 qui
3573 1285 3907 1354 longesnnt.

2301 1373 2525 1443 Quando
2576 1376 2707 1430 vidit
2749 1378 2863 1430 Illos
2903 1375 3002 1430 sibi
3038 1376 3282 1446 proprios
3309 1386 3364 1431 et
3388 1390 3507 1430 sese
3551 1376 3899 1441 danuunttes.

2302 1466 2492 1520 Anima
2524 1468 2665 1520 enim
2707 1468 2919 1538 quando
2949 1470 3179 1539 seipsatn
3224 1467 3596 1531 damnaverit,
3629 1482 3733 1521 non
3764 1469 3904 1521 ultra

2303 1560 2501 1627 poterit
2548 1558 2807 1613 invidere.
2838 1560 2924 1614 40.
2974 1562 3100 1614 Aliis
3124 1561 3273 1614 etiam
3299 1561 3457 1613 rerbis
3486 1559 3719 1628 plurimis
3755 1561 3905 1612 testi-

2304 1653 2487 1719 ﬁcatus
2516 1665 2609 1718 est,
2635 1663 2679 1707 et
2711 1654 3091 1718 exhortabatur,
3119 1654 3312 1706 dicens.
3373 1653 3501 1708 Vide
3532 1653 3675 1706 illuut
3704 1652 3907 1719 ubique

2305 1745 2537 1799 bretiter
2564 1747 2892 1814 loquentem,
2924 1763 3027 1800 non
3074 1749 3439 1809 ambitiosum,
3475 1762 3580 1805 non
3609 1756 3907 1800 ostentato—

2304 1850 2438 1889 rent.
2493 1834 2815 1903 Testiﬁcutus
2842 1848 2933 1902 est,
2968 1838 3157 1906 inquit,
3201 1848 3248 1891 et
3291 1838 3668 1897 exhortabatur.
3702 1838 3901 1891 (licens.

2305 1925 2431 1981 ﬂre
2463 1928 2692 1995 perfecta
2724 1927 2967 1982 doctrina
3014 1940 3117 1996 est,
3148 1945 3267 1999 qua:
3300 1930 3423 1984 hinc
3469 1931 3733 1990 timori-tn,
3779 1930 3911 1984 nale

2307 2032 2544 2073 amorem
2578 2018 2757 2073 habet.
2806 2020 3090 2075 Saluamint
3134 2038 3167 2080 α
3209 2022 3532 2092 generatione
3571 2022 3665 2075 ista
3716 2037 3907 2089 prora.

2306 2107 2444 2162 Nihil
2491 2109 2559 2163 de
2596 2109 2809 2175 futuris,
2859 2111 2951 2165 sed
3001 2112 3069 2170 de
3119 2114 3472 2182 prmsenlibus
3513 2113 3659 2177 dicit,
3710 2117 3913 2183 quibus

2307 2204 2545 2256 maxime
2577 2213 2859 2257 nl0\6ltllll‘
2884 2205 3130 2259 homines
3162 2225 3174 2260 :
3202 2206 3545 2276 ostenditque
3571 2207 3845 2273 punienti
3870 2230 3913 2249 ~-

2307 2310 2427 2349 n..m
2458 2304 2513 2350 et
2551 2312 2579 2350 a
2630 2298 2985 2366 praesentibus
3014 2308 3069 2353 et
3095 2315 3122 2351 a
3166 2300 3357 2353 futuris
3385 2314 3574 2354 eruere
3609 2300 3784 2352 malis.
3821 2300 3909 2354 st.

2310 2387 2411 2454 Qui
2437 2406 2555 2459 ergo
2588 2389 2796 2445 libenter
2835 2400 3131 2461 acceperunt
3170 2408 3450 2445 sermonem
3484 2393 3615 2462 ejus,
3665 2392 3915 2461 baptismi

2307 2490 2423 2532 sunt
2458 2492 2547 2534 :et
2577 2483 2827 2549 apposita:
2861 2493 2978 2534 sunt
3018 2483 3069 2544 in
3106 2484 3187 2536 die
3215 2484 3307 2535 illa
3336 2485 3522 2537 animle
3569 2486 3771 2538 circiter
3810 2486 3915 2539 tria

2308 2574 2489 2626 millia.
2518 2578 2685 2639 Quam
2728 2589 2879 2642 putas
2922 2575 3041 2635 hoc.
3074 2576 3243 2646 magis
3267 2591 3424 2645 quam
3453 2578 3661 2646 signum
3691 2587 3915 2646 aposto-

2309 2665 2392 2718 los
2435 2666 2745 2720 recrcassc"
2776 2668 2865 2721 4‘2.
2916 2667 3077 2722 Erant
3106 2679 3278 2721 autent
3325 2679 3693 2737 perseverantes
3720 2672 3913 2723 unani-

2308 2758 2452 2811 miter
2482 2760 2532 2812 in
2562 2761 2791 2812 domina
2817 2762 3185 2830 apostolorum,
3210 2773 3256 2814 et
3278 2762 3752 2820 communicatione.
3781 2763 3917 2818 υυω

2307 2852 2552 2913 virtutes,
2585 2854 2806 2922 etquod
2840 2864 3271 2923 perseverarent,
3306 2865 3357 2908 et
3386 2855 3526 2923 quod
3562 2855 3916 2914 unanimiter.

2311 2942 2422 2997 lloe
2446 2954 2625 2997 autem
2646 2946 2796 3008 dixit,
2826 2955 2883 2999 ut
2905 2946 3096 3000 osteud
3117 2956 3157 3000 ut
3176 2947 3315 3016 quod
3341 2946 3497 3017 longo
3523 2958 3764 3017 tempore
3789 2947 3919 3002 illos

2308 3036 2607 3091 docuerint.
2659 3036 2725 3090 Et
2755 3040 3209 3092 contntunicatimte
3230 3079 3247 3105 ,
3280 3049 3328 3092 et
3356 3040 3603 3109 fractione
3649 3041 3836 3108 panis,
3872 3050 3919 3095 et

2307 3133 2556 3185 oratione.
2607 3131 2799 3185 Omnia
2843 3135 3235 3197 communiter,
3268 3134 3447 3188 «unnia
3478 3149 3597 3190 cum
3651 3150 3921 3204 perseve:

2307 3224 2476 3276 runtia
2512 3221 2541 3275 fc
2562 3232 2773 3285 cerunt,
2826 3224 3013 3294 inquit.
3041 3225 3109 3279 t5
3167 3222 3343 3276 Fiebat
3373 3234 3537 3278 autem
3566 3226 3701 3278 omni
3722 3226 3920 3285 anima

2308 3310 2693 3386 [credrntimn]
2735 3315 2903 3369 timor.
2963 3315 3131 3369 Multa
3180 3332 3377 3385 quoque
3430 3318 3660 3387 prodigia
3690 3326 3736 3370 et
3764 3318 3919 3388 signa

2310 3421 2397 3472 per
2417 3408 2672 3473 apostolos
2702 3409 2907 3477 ﬁebant.
2943 3409 3153 3462 Merito.
3197 3409 3380 3478 Neque
3406 3411 3547 3464 euint
3580 3420 3635 3463 ut
3662 3411 3918 3480 Volgares

2311 3497 2553 3552 homines
2603 3500 2992 3566 tlL'Sltit'it'llulll,
3055 3517 3227 3570 neque
3283 3502 3442 3554 rebus
3491 3502 3590 3556 sub
3628 3514 3917 3571 aspectum

2308 3589 2621 3643 cadentibus
2668 3588 3017 3645 attendebant
3042 3632 3054 3653 ,
3089 3592 3183 3647 sed
3234 3590 3449 3645 incensa
3492 3604 3606 3644 erat
3637 3607 3791 3649 mens
3818 3608 3917 3649 ao-

2310 3696 2448 3735 rum.
2482 3681 2615 3749 Quia
2644 3682 2787 3733 ιιιὶιιι
2822 3682 2981 3734 multa
3006 3682 3252 3750 superius
3282 3680 3435 3735 νει-ιω
3461 3680 3665 3736 fuderat
3697 3683 3912 3751 Petrus,

2310 3774 2727 3842 ostenderatqne
2756 3785 2809 3828 et
2840 3774 3097 3841 pt'Otttissu
3128 3785 3181 3829 et
3205 3773 3399 3838 futura,
3432 3773 3553 3844 jure
3603 3788 3747 3830 metu
3787 3793 3917 3838 Cor-

2310 3864 2443 3931 repti
2494 3875 2667 3927 erant,
2707 3876 2761 3918 et
2808 3866 2955 3934 signa
3004 3865 3161 3920 dictis
3210 3867 3581 3921 testimonium
3634 3867 3911 3929 irrebant.

2309 3956 2454 4009 Sient
2478 3956 2635 4025 igitur
2661 3956 2709 4011 in
2736 3953 2950 4009 Christo
2975 3957 3203 4024 primum
3234 3958 3404 4025 signa,
3432 3968 3611 4027 postea
3639 3958 3915 4028 doctrina,

2310 4048 2503 4101 deinde
2543 4048 2795 4100 tnracula
2826 4064 2840 4099 :
2876 4048 2945 4100 ita
2970 4057 3023 4102 et
3048 4063 3208 4101 nunc.
3260 4050 3347 4102 44.
3384 4048 3568 4105 Omns
3607 4060 3775 4105 autem
3825 4055 3922 4123 qui

2311 4142 2593 4203 credebant,
2631 4152 2772 4193 erant
2804 4142 3011 4206 pariter,
3042 4152 3087 4194 et
3120 4144 3364 4196 habebant
3392 4144 3561 4195 omnia
3596 4150 3916 4201 communia.

2313 4231 2465 4295 Vide,
2498 4243 2727 4301 quantus
2753 4234 2929 4287 statim
2963 4232 3257 4309 profectus.
3303 4232 3420 4291 Non
3452 4237 3594 4293 enim
3625 4238 3675 4290 in
3704 4242 3918 4295 oratio-

2314 4325 2469 4377 nibus
2520 4335 2724 4387 tantum
2756 4335 2874 4384 erat
2904 4326 3342 4393 connnnnicatio,
3377 4344 3553 4397 neque
3582 4330 3632 4382 in
3665 4328 3920 4393 doctrina

2313 4420 2506 4483 solum,
2536 4420 2628 4475 sed
2657 4422 2818 4475 etiam
2854 4422 2906 4474 itt
2943 4424 3064 4475 vita:
3102 4420 3387 4490 probitate.
3415 4421 3505 4477 45.
3559 4420 3922 4479 Possessiones

2312 4524 2358 4565 et
2386 4514 2689 4566 substantias
2715 4514 2992 4567 vetulebant
3018 4557 3032 4579 ,
3063 4526 3108 4566 et
3148 4514 3433 4568 dividebant
3474 4516 3590 4570 illas
3633 4518 3871 4572 omnibus
3903 4563 3918 4585 ,

2316 4617 2467 4673 prout
2515 4608 2693 4673 cuique
2743 4623 2869 4677 opus
2918 4616 3043 4659 erat.
3099 4605 3270 4672 Vide,
3312 4618 3541 4678 quantus
3596 4609 3756 4663 timor
3808 4612 3922 4668 illis

2282 4706 2287 4710 '
2316 4698 2525 4751 accidit.
2584 4697 2647 4750 Et
2680 4698 2964 4753 dividebant
2991 4715 3096 4753 eas.
3150 4699 3282 4764 lloc,
3318 4700 3517 4769 inquit,
3549 4700 3923 4771 dispensatio-

2316 4807 2437 4844 nem
2467 4791 2789 4860 signilieans.
2838 4789 2997 4843 Prout
3023 4792 3201 4861 cuique
3230 4809 3354 4862 Opus
3384 4805 3510 4848 erat.
3534 4792 3648 4850 Non
3675 4793 3877 4850 frustra
3903 4840 3919 4864 ,

2317 4882 2765 4951 quemadmodum
2795 4882 2935 4953 apud
2963 4881 3183 4949 Grmcos
3210 4885 3513 4953 philosophi
3536 4929 3548 4944 .
3580 4887 3668 4947 alii
3712 4897 3920 4945 terram

2320 4974 2713 5043 relinqm-bant,
2743 4974 2831 5026 alii
2866 4974 3088 5027 multum
3120 4977 3234 5029 auri
3270 4977 3321 5029 in
3349 4992 3498 5031 mare
3525 4978 3919 5046 projiciehant;

2317 5066 2455 5133 quod
2486 5080 2589 5117 non
2620 5066 2965 5133 pecuniarum
3020 5076 3362 5136 contemptus
3391 5079 3529 5134 erat,
3559 5070 3651 5123 sed
3681 5071 3917 5126 stultitia

2318 5168 2373 5211 et
2417 5158 2739 5225 insipientia.
2793 5160 3016 5229 Semper
3057 5162 3198 5215 enim
3247 5160 3452 5214 studuit
3498 5163 3767 5230 diabolus,
3820 5166 3920 5221 Dei

2319 5259 2591 5302 Cleﬂllll'ilS
2633 5250 2826 5318 ubique
2868 5250 3211 5316 calumniari,
3260 5253 3411 5321 quasi
3441 5268 3543 5307 non
3572 5264 3752 5325 possm
3791 5259 3924 5330 quis

2321 5340 2455 5394 bene.
2498 5343 2570 5395 uti
2618 5343 2875 5407 pecuniis.
2927 5344 3014 5399 46.
3066 5344 3304 5411 Quotidie
3343 5362 3443 5417 quo
3452 5364 3542 5409 jue
3582 5366 3921 5419 perseueran-

2321 5446 2389 5487 trs
2435 5435 2737 5487 unanimiter
2780 5437 2831 5487 in
2887 5440 3092 5506 templo.
3162 5437 3258 5490 llic
3306 5438 3520 5492 moduni
3568 5438 3760 5510 docet,
3809 5458 3926 5509 quo

2320 5530 2559 5581 tlltt'll'llM
2619 5529 2951 5584 fruebantur.

2392 5620 2443 5672 :2.
2480 5620 2540 5673 Et
2570 5621 2836 5689 perpende
2864 5663 2875 5685 ,
2906 5622 3176 5692 quomodo
3219 5624 3348 5677 nihil
3390 5622 3529 5679 aliud
3561 5621 3796 5681 facerent
3827 5634 3927 5687 ,1η-

2324 5720 2444 5781 (lter,
2488 5732 2583 5769 nec
2618 5732 2856 5785 parvum,
2892 5734 2989 5775 nec
3022 5734 3292 5789 magnum,
3335 5719 3428 5775 sed
3470 5720 3519 5773 in
3552 5720 3751 5775 temnlo
3778 5722 3925 5775 assi-
