4074 6302
143 339 190 391 65
1080 324 1146 380 lN
1186 323 1364 380 ACTA
1406 319 1683 378 Al'OSTOl

1793 318 2179 374 llJMJlUMlL.
2228 316 2335 374 ΠΙ.
3326 306 3395 364 63

143 452 204 504 dui
224 454 397 503 essent.
419 444 548 501 Nam
571 451 756 514 utpote
778 439 1132 498 ferventiorcs
1154 439 1300 502 facti,
1325 437 1531 508 majore
1551 450 1678 506 erga

143 546 274 600 locum
296 548 438 594 erant
465 534 791 592 reverentia.
819 533 1004 604 Neque
1025 533 1166 588 enim
1189 532 1309 585 illos
1332 529 1508 584 adhuc
1531 527 1680 582 avel-

142 636 276 693 lebaat
339 630 583 699 apostoli,
633 644 703 683 ne
748 627 893 699 ipsos
937 626 1215 682 laederent.
1271 623 1340 678 Et
1393 627 1682 695 frangentes

141 729 240 778 ritca
263 724 425 776 domos
450 736 653 789 panem,
681 717 942 773 sumebant
988 716 1149 774 cibum
1193 732 1306 769 cum
1352 713 1683 768 exsultatione

141 827 172 870 tt
207 813 504 883 simplicitate
564 811 734 866 cordis
768 849 785 875 ,
833 810 923 866 47.
971 807 1330 864 coilaudautes
1383 803 1586 869 Deum,
1634 811 1682 856 et

141 908 327 960 habentes
379 905 595 974 gratiam
655 901 724 954 ad
777 917 975 955 omnem
1025 899 1242 970 plebem.
1296 896 1431 950 Cum
1492 908 1682 964 panem

141 998 254 1060 dicit,
275 995 522 1066 jejunium
552 992 685 1048 mihi
706 1002 761 1048 et
780 1000 1049 1048 austeram
1077 989 1241 1045 vitam
1265 986 1574 1058 significare
1595 985 1680 1039 vi-

141 1091 288 1144 detur:
311 1087 425 1141 cibo
449 1087 617 1152 enim,
649 1100 753 1140 non
777 1082 986 1138 deliciis
1019 1081 1325 1138 utebamur.
1357 1072 1493 1135 Hinc
1513 1077 1679 1144 disce,

140 1180 310 1242 dilecte,
339 1192 438 1230 non
471 1176 707 1242 deliciis,
731 1174 824 1229 scd
851 1175 971 1228 cibo
991 1187 1088 1226 nos
1108 1171 1342 1226 suaviter
1359 1168 1494 1234 frui;
1521 1178 1577 1222 et
1591 1181 1684 1224 eos

141 1271 201 1336 qui
224 1268 409 1323 deliciis
449 1266 720 1328 fruuntur,
756 1265 806 1317 in
853 1262 1065 1318 tristitia
1105 1277 1256 1326 csse;
1304 1260 1388 1330 qui
1421 1274 1548 1313 vero
1576 1273 1681 1312 non

141 1362 368 1422 fruuntur,
418 1360 470 1413 in
517 1358 733 1429 gaudio.
784 1357 971 1413 Vidcn'
1021 1354 1165 1412 Petri
1206 1367 1516 1418 sermones,
1560 1351 1684 1406 vitae

143 1456 496 1521 temperantiam
555 1449 849 1504 intulisse?
894 1448 984 1503 Sic
1032 1463 1139 1502 non
1185 1454 1360 1516 potest
1399 1443 1684 1500 exsultatio

142 1557 228 1597 esse
260 1542 364 1597 sine
403 1542 767 1612 simplicitate.
812 1539 878 1595 Et
918 1539 1208 1611 quomodo,
1242 1539 1470 1609 inquies,
1515 1536 1685 1591 Habe-

143 1637 226 1688 bant
257 1635 455 1706 gratiam
484 1636 557 1689 ad
591 1652 784 1690 onmem
815 1633 1050 1702 plebem?
1087 1633 1312 1703 PrOplcr
1342 1648 1428 1697 ea,
1458 1647 1576 1702 qua:
1605 1631 1683 1688 la-

141 1726 304 1780 ciebaat
339 1741 430 1794 per
474 1726 870 1798 eleemosynam
932 1725 1012 1781 Ne
1055 1725 1196 1779 enim
1237 1723 1501 1789 attendas,
1541 1721 1686 1792 quod

143 1818 357 1886 principes
392 1818 730 1874 sacerdotum
762 1817 832 1874 ob
871 1816 1123 1872 invidiam
1155 1822 1210 1873 ct
1248 1816 1470 1870 livorem
1510 1813 1686 1868 insur-

141 1920 284 1976 grrcttt
308 1910 355 1963 in
382 1909 520 1974 illos,
546 1908 642 1964 sed
666 1908 808 1980 quod
832 1909 1056 1980 gratiam
1081 1908 1343 1963 baberent
1359 1906 1426 1964 ad
1450 1907 1680 1975 plebem.

145 1999 342 2054 Dominus
367 2011 532 2055 autem
573 2001 786 2072 augebat
826 1999 1049 2071 quotidie
1075 2015 1161 2053 eos
1181 2041 1195 2062 ,
1234 2001 1322 2069 qui
1351 1998 1479 2052 salvi
1506 1998 1686 2067 ﬁerent

144 2095 178 2143 ia
208 2089 428 2144 Ecclesia.
474 2091 664 2146 Omnes
703 2101 872 2145 autem
911 2092 1166 2146 credentes
1205 2089 1359 2143 simul
1395 2099 1562 2144 erant.
1594 2087 1684 2144 Sic

145 2180 294 2250 ubique
317 2180 448 2237 bona
473 2190 561 2237 est
586 2182 892 2238 concordia.
926 2181 1156 2251 Aliisque
1186 2181 1498 2236 sermonibus
1540 2183 1684 2235 testi-

144 2274 279 2337 ﬁcatus
301 2283 384 2328 cst.
423 2273 539 2330 Hoc
558 2273 693 2335 dixit
723 2273 1037 2340 ostendens,
1069 2292 1172 2328 non
1198 2275 1330 2332 satis
1359 2274 1521 2329 fuisse
1551 2275 1638 2330 illa
1664 2316 1681 2342 ,

145 2381 229 2435 qua
250 2366 376 2422 diota
401 2367 614 2423 fuerant
644 2385 658 2420 :
691 2375 774 2422 vel
807 2369 890 2421 illa
929 2367 1144 2437 quidem
1173 2367 1415 2431 dixerat,
1450 2377 1507 2422 ut
1529 2367 1596 2422 ad
1624 2368 1685 2422 ll-

145 2459 230 2510 ticm
257 2457 552 2524 induceret;
582 2458 696 2514 haec
724 2473 852 2514 vero
869 2458 1155 2526 docebant,
1178 2459 1389 2530 qualem
1413 2468 1688 2530 oporteret

145 2564 229 2604 esse
265 2550 483 2607 ﬁdelem.
534 2551 647 2608 Nec
690 2552 846 2617 dixit,
901 2553 955 2606 lu
1001 2567 1198 2616 cruce;
1233 2553 1345 2616 sed,
1381 2552 1451 2606 In
1483 2556 1686 2608 nomine

145 2640 235 2693 Jun
275 2640 450 2696 Christi
497 2643 781 2711 baptizetur
826 2644 1167 2713 unusquisque
1210 2653 1448 2697 vestrum.
1503 2642 1686 2714 Neque

145 2732 396 2801 lrrqueater
427 2732 534 2788 illis
557 2748 775 2788 crucem
804 2742 1188 2789 cominemm-at
1213 2774 1228 2798 ,
1267 2748 1333 2789 ne
1357 2735 1686 2803 exprobrare

147 2823 366 2888 rideatur;
398 2825 491 2880 sed
520 2825 840 2895 simpliciter
864 2825 991 2879 dicit
1021 2845 1034 2880 :
1072 2823 1429 2879 Ptenit'eutiam
1459 2827 1612 2896 agite,
1637 2833 1685 2879 et

145 2913 364 2978 baptizatur
391 2917 733 2987 unusquisque
759 2916 811 2968 in
838 2916 1039 2969 nomine
1061 2913 1187 2969 Jesu
1215 2913 1401 2969 Christi
1429 2916 1481 2969 in
1503 2918 1685 2970 remiss-

145 3021 288 3058 sionem
321 3017 658 3074 peccatorum.
706 3006 870 3075 Atqui
911 3006 1071 3062 aliter
1099 3006 1185 3060 hic
1215 3020 1275 3060 se
1304 3005 1504 3062 habent
1536 3007 1683 3076 judi-

146 3099 300 3152 tinrum
342 3101 482 3171 leges
517 3121 530 3155 :
563 3116 688 3154 nam
739 3100 792 3155 in
840 3099 1220 3169 przcdicatione
1265 3114 1386 3154 cum
1431 3109 1687 3172 peccator

145 3190 402 3258 confitetur,
446 3203 575 3247 tunc
618 3201 884 3246 servatur.
923 3190 1073 3257 Vide,
1114 3191 1384 3264 quomodo
1413 3191 1602 3248 Petrus
1632 3190 1686 3244 id

146 3283 246 3348 quod
280 3286 441 3354 majus
476 3294 561 3340 est
595 3300 701 3340 non
735 3285 1089 3355 prancrierit;
1127 3285 1220 3340 sed
1263 3301 1384 3339 cum
1415 3283 1483 3350 de
1513 3285 1682 3355 gratia

146 3375 347 3441 dixisset,
377 3378 500 3430 illud
544 3376 902 3445 subjunxerit,
933 3377 1118 3434 dicons
1148 3396 1161 3432 :
1194 3376 1462 3447 Accipietis
1492 3376 1686 3431 donum

147 3463 316 3528 Spiritus
340 3469 517 3522 sancti.
553 3465 688 3525 Fide
727 3468 917 3539 dignus
965 3483 1146 3523 sermo
1184 3479 1299 3523 erat
1338 3484 1404 3522 ex
1437 3469 1534 3534 iis,
1565 3483 1684 3538 quas

143 3555 219 3624 jam
242 3569 557 3629 acceperant.
584 3561 803 3614 Interim
827 3562 966 3615 enim
1001 3561 1049 3615 id
1083 3561 1225 3631 quod
1249 3560 1404 3616 facile
1430 3570 1513 3614 cst
1531 3561 1681 3626 dicit,

145 3650 311 3716 etquod
335 3667 585 3721 magnum
615 3651 777 3705 habet
813 3651 1034 3718 donum,
1058 3663 1111 3705 ct
1140 3659 1266 3706 tunc
1297 3651 1362 3705 ad
1392 3652 1551 3705 vitam
1583 3651 1684 3705 du-

145 3736 217 3799 cit;
247 3754 442 3809 gnarus,
490 3742 833 3797 occasionem
878 3742 1005 3811 ipsis
1046 3742 1266 3809 majoris
1313 3741 1474 3796 studii
1523 3742 1680 3808 fore,

145 3829 245 3893 Quod
270 3839 398 3884 tanta
423 3832 537 3901 jam
576 3833 717 3888 bona
747 3833 1140 3904 degustasscnt.
1175 3833 1306 3898 Quia
1340 3847 1467 3887 vero
1493 3833 1682 3903 cupie-

144 3916 207 3970 bat
226 3920 413 3976 auditor
437 3925 654 3979 discere
683 3924 731 3978 id
755 3966 768 3988 ,
799 3925 940 3994 quod
969 3925 1202 3994 plurium
1233 3925 1446 3980 illorum
1478 3939 1686 3979 sermo.

147 4025 233 4064 lilllli
278 4026 424 4084 caput
480 4024 651 4081 esset,
715 4016 842 4070 illud
900 4031 1113 4088 quoque
1171 4015 1338 4083 addit,
1395 4017 1684 4082 ostendens

145 4100 292 4158 donum
336 4122 453 4164 esse
508 4107 743 4178 Spiritus
792 4110 983 4163 sancti.
1031 4108 1110 4162 llli
1152 4109 1330 4178 itaque
1375 4124 1682 4168 sermonem

146 4196 430 4262 accipientes,
459 4199 607 4263 dicta
633 4199 1023 4266 laudaveram,
1065 4201 1165 4255 etsi
1195 4211 1394 4255 metum
1432 4217 1681 4273 maguum

147 4281 413 4354 incuterent,
445 4302 500 4347 ct
530 4293 598 4347 iis
622 4292 829 4347 asScnsi
850 4334 864 4358 ,
896 4302 1023 4350 tunc
1053 4293 1119 4347 ad
1150 4294 1412 4362 baptisma
1442 4295 1681 4352 veniunt.

147 4377 217 4428 bed
239 4396 337 4448 qua:
364 4383 499 4438 dicta
529 4393 678 4449 sunt,
708 4393 1035 4454 repetamus.
1063 4383 1249 4451 Erant,
1280 4385 1470 4454 inquit,
1505 4403 1679 4456 perse—

146 4483 314 4528 trrantcs
336 4476 384 4528 in
411 4476 664 4531 doctrina.
701 4476 839 4534 Hinc
870 4479 1042 4550 palam
1072 4489 1154 4533 est
1185 4494 1280 4534 eos
1307 4495 1411 4533 non
1444 4496 1572 4546 Uno,
1597 4483 1684 4537 vel

146 4559 298 4617 iluoluts
329 4568 404 4621 vel
439 4566 612 4624 tribus
641 4569 862 4633 diebus,
896 4571 992 4624 sed
1018 4570 1199 4624 multis
1224 4570 1443 4625 educms
1476 4570 1642 4627 fuisse
1665 4613 1681 4638 ,

148 4660 278 4718 Ulpole
302 4657 382 4724 qui
414 4660 576 4712 vitam
609 4661 953 4715 mutaverint.
989 4659 1170 4716 Fiebat
1200 4676 1370 4716 autem
1397 4665 1536 4717 omni
1567 4665 1684 4717 ani-

150 4758 212 4793 na
234 4748 378 4800 timor.
420 4749 475 4804 Si
522 4749 710 4818 Omni,
738 4753 898 4807 etiam
933 4754 1031 4818 iis,
1063 4755 1151 4824 qui
1185 4771 1289 4809 non
1321 4756 1681 4812 crediderant.

149 4828 386 4896 Verisimile
425 4852 609 4898 autem
641 4853 725 4899 est
755 4845 877 4900 illos
922 4845 1001 4900 sic
1043 4845 1266 4909 affectos
1297 4847 1494 4914 fuisse,
1541 4850 1684 4920 quod

151 4933 296 4983 laniant
335 4935 574 4991 viderent
613 4938 962 4993 mutationem
997 4957 1010 4994 :
1039 4937 1178 4994 forte
1203 4941 1367 4994 etiam
1399 4957 1466 4996 ex
1495 4943 1683 5014 signis.

150 5014 220 5072 Nec
241 5021 380 5092 dixit,
407 5028 611 5094 Simul;
643 5030 760 5097 sed,
798 5029 1115 5087 Unanimiter
1143 5047 1164 5087 :
1188 5033 1309 5104 quia
1344 5033 1455 5090 fieri
1487 5047 1683 5106 potest,

153 5119 185 5160 Ill
218 5117 398 5182 quidam
439 5121 602 5176 simul
643 5123 783 5188 sint,
830 5139 929 5180 nec
970 5135 1145 5181 tamen
1192 5129 1548 5195 unanimiter,
1591 5131 1685 5186 sed

153 5209 350 5262 Sententia
367 5210 712 5269 dissidentes.
737 5215 1087 5272 Sermonibus
1110 5233 1321 5288 quoque
1349 5218 1683 5277 hortabatur.

151 5289 282 5380 neque
304 5299 383 5357 hic
407 5302 710 5359 doclrinam
743 5306 902 5368 dicit,
937 5309 1258 5377 compendio
1281 5310 1524 5380 loquens.
1552 5311 1686 5368 lliuc

152 5378 236 5438 Etet
275 5388 485 5460 discere,
539 5398 817 5466 apostolos
863 5397 989 5468 ipsis
1041 5400 1191 5469 quasi
1244 5378 1477 5470 puerulis
1509 5404 1686 5460 cibum

153 5479 412 5572 tpiritualem
437 5489 686 5556 dedisse,
726 5493 816 5561 qui
854 5503 909 5547 ut
933 5496 1103 5564 angeli
1140 5497 1319 5550 statim
1344 5495 1469 5553 facti
1496 5509 1616 5552 sunt
1646 5500 1684 5552 ί.

158 5563 201 5615 lit
221 5575 476 5634 dividebant
504 5583 751 5654 singulis,
793 5595 938 5654 prout
979 5563 1157 5656 cuique
1197 5603 1324 5657 opus
1365 5600 1494 5645 erat.
1530 5590 1694 5646 Vide-

162 5731 304 5846 κξὲἓίὶ
333 5735 526 5797 addunt,
546 5736 761 5794 orationi
787 5744 834 5789 et
873 5739 1143 5804 auditioni(
1169 5743 1418 5802 vei-hinc;
1445 5744 1463 5808 )
1489 5744 1677 5802 incum,

1793 434 1940 498 bant,
1973 433 2267 504 spiritualia
2296 448 2420 489 esse
2440 434 2778 499 cotmuunia;
2819 432 3104 500 nullusque
3133 431 3238 485 alio
3271 428 3391 500 plus

1789 525 2040 591 habebat,
2067 535 2120 580 ct
2140 525 2204 580 ad
2229 525 2331 582 hoc
2349 525 2528 581 statim
2553 533 2933 596 pervenerunt,
2955 533 3010 578 ut
3032 539 3126 578 sua
3145 523 3394 577 omnibus

1788 615 2192 688 distribttercnt.
2221 614 2408 672 Omnes
2428 626 2617 682 autem,
2640 619 2727 688 qui
2741 617 3027 678 credebant,
3055 616 3208 669 simul
3227 625 3391 669 erant.

1791 685 1946 772 ρἰιοά
1973 716 2151 761 autem
2181 720 2288 761 non
2321 707 2440 762 loco
2465 708 2624 761 simul
2647 717 2849 771 essent,
2876 705 3053 776 palam
3083 716 3164 761 cst
3189 722 3254 759 ex
3289 706 3353 760 iis
3373 748 3389 772 ,

1789 811 1910 863 qua:
1935 797 2212 867 subjuuxit
2242 817 2254 851 :
2285 797 2353 857 Et
2381 799 2553 851 omnia
2587 797 2835 851 habebant
2864 799 3170 851 communia.
3204 795 3394 851 Onmcs

1789 889 1958 943 dicit:
1988 904 2091 944 non
2129 889 2218 946 ille
2249 889 2514 956 habebat,
2547 889 2637 944 ille
2663 904 2839 944 secus.
2871 889 2995 945 Haec
3013 889 3251 959 angelica
3280 904 3393 942 res—

1791 981 1999 1052 publica
2046 991 2182 1045 erat,
2231 982 2375 1053 quod
2426 982 2557 1036 nihil
2604 981 2846 1037 dicerent
2914 982 3016 1036 sibi
3091 981 3390 1052 proprium.

1792 1073 1928 1128 lliuc
1969 1073 2118 1136 radix
2161 1075 2422 1129 malorum
2455 1074 2641 1130 excisa
2679 1085 2782 1140 ρει,
2812 1083 2867 1128 et
2905 1089 2970 1128 cx
3003 1077 3167 1143 gestis
3197 1074 3307 1128 suis
3335 1089 3397 1129 se

1789 1166 2061 1222 audivisse
2085 1168 2544 1223 demonstrarunt.
2566 1167 2678 1222 Hoc
2699 1183 2826 1238 ergo
2849 1176 2964 1220 erat
2985 1167 3123 1236 quod
3147 1167 3392 1220 diccbat:

1791 1259 2461 1331 Salvaminiageneratione
2505 1260 2602 1314 ista
2630 1277 2805 1332 prava.
2842 1258 2909 1312 Et
2935 1260 3184 1329 apposita:
3198 1268 3314 1312 sunt
3343 1259 3396 1311 iu

1790 1350 1874 1407 die
1899 1351 1992 1405 illa
2019 1351 2202 1408 anima:
2227 1353 2424 1406 circiter
2452 1354 2547 1405 tria
2579 1353 2760 1406 millia.
2782 1351 2917 1418 Quia
2947 1361 3029 1406 ter
3051 1351 3393 1416 millecraut,

1789 1442 2090 1499 educebant
2118 1443 2238 1497 illos
2264 1443 2438 1509 foras;
2466 1445 2555 1514 qui
2584 1460 2706 1500 cum
2745 1443 2939 1498 ﬁducia
2970 1444 3134 1498 multa
3159 1443 3397 1514 quotidie

1790 1528 2155 1584 ascendebant
2194 1529 2246 1583 in
2281 1531 2559 1600 templmn,
2604 1541 2658 1585 et
2703 1531 2773 1584 ibi
2805 1529 3005 1584 assidui
3041 1538 3198 1584 erant
3228 1547 3240 1582 :
3271 1545 3395 1583 nam

1792 1617 1981 1676 Petrus
2033 1629 2091 1676 et
2131 1619 2366 1676 Joannes
2412 1621 2570 1690 paulo
2609 1630 2732 1690 post
2775 1620 2902 1676 illud
2949 1621 3194 1676 fecerunt
3221 1637 3233 1672 :
3265 1619 3398 1673 nihil

1789 1711 1935 1767 enim
1963 1725 2028 1766 ex
2049 1691 2286 1767 ludaicis
2311 1711 2486 1767 adhuc
2513 1711 2821 1768 movebant.
2853 1712 2919 1767 Et
2947 1711 3121 1767 honor
3143 1711 3233 1766 ille
3257 1719 3397 1765 tvm.

1790 1801 1883 1872 plo
1903 1801 2196 1867 exhibitus,
2224 1803 2487 1860 transibat
2507 1802 2574 1858 ad
2599 1804 2781 1872 templi
2811 1803 3121 1871 Dominum.
3151 1802 3397 1857 \‘idistiti‘

1791 1895 2005 1965 pietatis
2043 1896 2429 1967 augmentum?
2471 1896 2736 1952 Pecunias
2777 1897 3120 1966 abjiciebant,
3165 1906 3220 1952 et
3265 1911 3399 1966 gau-

1790 1986 1990 2044 debant
2009 2029 2023 2052 ,
2053 2004 2354 2059 magnaque
2381 2000 2498 2046 erat
2527 1990 2711 2044 lmtitia
2738 2007 2751 2042 :
2782 1990 2986 2058 majora
3018 1990 3216 2059 quippe
3243 1997 3400 2042 erant

1790 2078 1929 2133 bona
1951 2095 2070 2150 quae
2097 2080 2457 2150 accipiebant.
2492 2080 2664 2136 Nemo
2700 2081 3092 2150 exprobrabat,
3127 2095 3286 2135 nemo
3318 2080 3400 2133 in-

1790 2170 2024 2235 videbat,
2045 2171 2222 2225 nullus
2248 2183 2365 2228 erat
2387 2162 2590 2240 fastus,
2617 2173 2795 2228 nullus
2825 2180 3169 2243 contemptus
3200 2195 3212 2229 :
3245 2174 3398 2242 quasi

1789 2263 1942 2332 pueri
1973 2277 2032 2317 se
2075 2263 2332 2332 putabant
2371 2263 2716 2328 erudiendos,
2759 2273 2816 2319 ut
2855 2280 3047 2320 recens
3073 2266 3180 2320 nati
3219 2265 3398 2320 achcti

1791 2363 1963 2411 erant.
2008 2354 2074 2408 Et
2121 2371 2216 2409 cur
2257 2357 2410 2426 quasi
2453 2357 2506 2411 in
2549 2357 2777 2429 obscura
2811 2358 3004 2428 loquor
3046 2358 3399 2428 imagine?Si

1789 2445 2112 2503 meministis
2151 2445 2422 2516 quomodo
2446 2488 2460 2512 ,
2495 2463 2615 2501 cum
2651 2447 2792 2502 Deus
2817 2449 3090 2503 concussit
3127 2449 3399 2504 civitatem

1791 2547 2028 2592 nostram
2060 2539 2164 2607 (η),
2195 2554 2383 2595 omnes
2412 2541 2623 2594 attoniti
2656 2549 2831 2607 crant,
2862 2542 2940 2597 sic
2967 2553 3093 2598 tunc
3119 2543 3189 2596 illi
3218 2543 3400 2600 allecti

1789 2637 1983 2684 erant:
2010 2630 2189 2684 nullus
2209 2629 2467 2687 subdolus
2495 2641 2633 2697 erat,
2664 2632 2843 2687 nullus
2869 2632 3157 2704 malignus.
3185 2634 3396 2689 Etenim

1793 2723 1912 2777 talis
1939 2722 2098 2777 timor
2123 2732 2223 2788 est,
2253 2724 2372 2777 talis
2398 2726 2666 2794 angustia.
2695 2724 2812 2780 Non
2840 2737 2957 2781 erat
2985 2726 3238 2797 frigidum
3266 2729 3397 2784 illud

1790 2814 2036 2882 verbum,
2089 2833 2254 2870 meum
2293 2826 2348 2871 et
2393 2828 2556 2871 tuum.
2605 2817 2732 2874 Ideo
2778 2821 3068 2876 exsultatio
3111 2823 3162 2876 in
3212 2837 3398 2878 mensa

1790 2917 1904 2961 crat
1931 2925 1945 2962 :
1969 2922 2129 2961 nemo
2157 2909 2228 2963 ita
2257 2907 2482 2964 affectus
2511 2925 2649 2978 erat,
2681 2924 2740 2967 ac
2761 2911 2804 2966 si
2832 2927 2899 2968 ex
2925 2911 3060 2979 suis,
3085 2929 3244 2968 nemo
3272 2930 3332 2968 ac
3356 2917 3400 2972 si

1790 3013 1853 3052 ex
1879 2999 2070 3054 alienis
2097 3000 2283 3055 ederet
2311 3019 2324 3062 ;
2353 3003 2453 3057 etsi
2482 3001 2585 3058 hoc
2609 3003 2837 3073 aenigma
2869 3004 3110 3059 videatur
3131 3020 3271 3060 esse.
3297 3005 3400 3060 Nc-

1789 3105 1894 3159 que
1923 3091 2097 3146 aliena
2125 3092 2382 3159 putabant
2410 3108 2531 3148 esse
2571 3093 2707 3148 bona
2754 3094 3011 3161 fratrum;
3057 3107 3212 3151 erant
3254 3098 3399 3154 enim

1793 3193 1850 3236 ut
1877 3184 2263 3250 dominorum;
2298 3200 2470 3254 neque
2519 3185 2767 3255 pr0pria,
2802 3186 2896 3240 sed
2940 3186 3186 3243 fratrum.
3217 3189 3402 3260 Neque

1791 3291 1993 3346 pauper
2036 3277 2249 3346 pudore
2287 3278 2530 3342 allectus,
2579 3294 2756 3348 neque
2802 3280 2954 3334 dives
3002 3280 3219 3337 inflatus
3262 3294 3379 3337 erat
3479 3271 3483 3274 ’

1790 3370 1903 3425 lloc
1930 3372 2222 3426 exsultatio
2250 3381 2352 3426 est.
2385 3371 2476 3425 Ille
2502 3372 2655 3442 quasi
2684 3372 2945 3427 beneficio
2973 3374 3200 3430 allectus
3219 3418 3233 3441 ,
3268 3388 3320 3430 ct
3345 3377 3399 3433 lii

1788 3463 1941 3532 quasi
1979 3463 2102 3517 hinc
2128 3463 2294 3533 gloria
2326 3464 2502 3527 aucti;
2537 3472 2591 3517 ct
2628 3463 2781 3518 valde
2809 3463 2948 3518 inter
2979 3480 3036 3520 se
3062 3475 3219 3520 crant
3248 3469 3401 3522 colli-

1787 3554 1917 3622 gati.
1951 3553 2085 3621 Quia
2117 3555 2260 3609 enim
2293 3547 2355 3606 'iu
2389 3557 2737 3623 pecuniarum
2769 3554 3235 3611 distributionibus
3262 3574 3398 3612 cou-

1789 3645 2025 3700 tumelite
2055 3645 2325 3712 accidunt,
2357 3647 2684 3716 arrogantia,
2721 3647 3005 3712 molestia),
3039 3648 3160 3704 ideo
3182 3650 3397 3705 dicebat

1781 3736 2102 3806 Apostolus,
2129 3736 2251 3791 Non
2277 3755 2339 3792 ea:
2367 3739 2572 3792 tristitia
2591 3780 2605 3803 ,
2649 3749 2734 3791 aut
2761 3757 2822 3792 ca:
2851 3742 3140 3794 necessitate
3168 3743 3244 3809 (2.
3275 3741 3396 3797 Cor.

1787 3828 1840 3884 9.
1868 3829 1946 3899 7).
1973 3829 2128 3896 Vide,
2159 3839 2358 3898 quanta
2390 3829 2496 3883 illis
2520 3830 2836 3886 testificetur
2857 3832 2880 3884 ?
2905 3832 3184 3888 Siuecram
3208 3834 3392 3900 ﬁdem,

1789 3919 1951 3974 vitam
1976 3928 2201 3986 rectam,
2236 3923 2688 3990 perseverantiam
2717 3922 2768 3976 in
2794 3925 3054 3979 concione
3085 3927 3350 3981 audienda
3377 3970 3392 3994 ,

1790 4012 1841 4066 in
1871 4013 2145 4082 precibus,
2181 4012 2233 4066 iu
2265 4012 2590 4083 frugalitate,
2623 4015 2676 4068 in
2703 4013 2906 4069 ιιυιὶιίιι.

1861 4107 1914 4159 3.
1953 4106 2066 4158 Duo
2096 4114 2344 4174 poterant
2385 4107 2503 4159 illos
2532 4105 2584 4160 in
2614 4121 2904 4162 mmrorcm
2933 4108 3225 4178 COIIjiCt'l'e,
3250 4109 3395 4181 jeju-

1789 4199 1960 4261 nium,
1989 4207 2043 4252 ct
2077 4200 2421 4268 pecuniarum
2466 4199 2728 4269 erogatio.
2781 4197 2858 4253 llli
2893 4215 3020 4256 vero
3049 4217 3115 4257 ex
3167 4213 3398 4273 utroque

1787 4292 2111 4362 gaudebant.
2137 4291 2269 4358 Quis
2296 4292 2374 4345 sic
2395 4292 2616 4346 affectos
2642 4309 2746 4346 non
2776 4302 2833 4346 ut
2860 4308 3176 4353 communes
3218 4306 3401 4366 patres

1791 4384 2106 4438 dilexisset?
2151 4383 2291 4438 Nihil
2323 4385 2447 4438 mali
2480 4385 2761 4452 pariebant
2800 4385 2888 4439 alii
2929 4386 3189 4442 adversus
3225 4391 3360 4444 alios
3383 4409 3396 4422 ·

1792 4483 1958 4528 totum
1994 4476 2375 4543 permittebant
2417 4478 2601 4545 gratim
2634 4477 2751 4532 Dei.
2807 4477 2995 4532 Nullus
3025 4481 3209 4536 aderat
3239 4484 3398 4538 timor

1792 4568 1842 4621 in
1871 4568 2044 4622 media
2083 4569 2318 4634 pericula
2349 4569 2632 4638 eotijectis.
2665 4569 2766 4623 Per
2814 4572 3216 4642 simplicitatem
3267 4590 3400 4645 ergo

1790 4673 2006 4714 Omnem
2057 4659 2271 4714 illorum
2323 4661 2615 4716 declaravit
2657 4663 2930 4729 virtutem,
2982 4673 3037 4720 et
3088 4665 3396 4722 divitiarum

1791 4762 2124 4821 contemptu,
2160 4761 2213 4807 et
2249 4753 2480 4822 jejunio,
2512 4764 2566 4807 et
2614 4757 3018 4823 perseverantia
3069 4757 3119 4813 in
3149 4760 3397 4815 oratione

1793 4845 1951 4914 Iunge
1993 4844 2272 4913 majorem.
2307 4844 2382 4898 Ita
2432 4859 2562 4912 pure
2596 4846 2761 4899 Deum
2817 4846 3124 4913 laudabant,
3157 4849 3263 4903 imo
3295 4849 3396 4906 bne

1792 4945 1894 5004 est,
1925 4938 2098 5006 ipsum
2130 4952 2259 5005 pure
2290 4937 2532 4991 laudare.
2565 4936 2698 4992 Vide
2738 4947 2917 4993 autem
2948 4938 3034 4993 hic
3070 4940 3187 4994 illos
3215 4943 3398 5006 statim

1792 5030 2037 5098 accipere
2056 5029 2380 5084 mercedem.
2398 5028 2529 5085 Nam
2550 5030 2691 5099 quod
2714 5030 2976 5084 baberent
3001 5032 3231 5100 gratiam
3254 5035 3392 5101 apud

1795 5122 2073 5192 populum,
2100 5120 2202 5175 hoc
2229 5120 2421 5191 probat
2451 5121 2569 5175 illos
2598 5131 2651 5175 et
2693 5121 2952 5176 amabiles
2988 5134 3040 5175 ct
3075 5123 3232 5177 valde
3261 5123 3400 5179 dile-

1794 5221 1909 5266 ctos
1937 5212 2124 5267 fuisse.
2149 5212 2279 5278 Quis
2304 5213 2448 5266 enim
2483 5229 2584 5264 non
2615 5212 2983 5281 Obstupescat,
3010 5213 3130 5282 quis
3161 5231 3262 5266 non
3298 5231 3400 5270 mt—

1799 5315 1948 5360 rctur
1968 5305 2157 5359 videns
2187 5303 2459 5358 hominem
2505 5304 2747 5357 moribus
2774 5304 3118 5372 simplicem?
3163 5319 3251 5358 aut
3282 5309 3402 5374 quis

1799 5414 1902 5454 non
1948 5398 2282 5453 devinciatur
2311 5396 2514 5451 ltomini
2544 5397 2677 5450 nihil
2709 5397 2991 5452 subdolum
3028 5398 3286 5452 babenti?
3317 5398 3398 5452 Ad

1859 5557 1935 5622 (η)
1961 5565 2126 5622 Iertae
2161 5566 2345 5622 motum
2370 5567 2628 5622 memorat,
2667 5561 2751 5621 qui
2787 5559 3204 5622 Constantinopoli
3225 5562 3394 5610 accidit

1795 5620 1922 5670 anno
1945 5621 2054 5676 400,
2077 5620 2343 5669 secundum
2367 5621 2488 5669 alios
2509 5629 2673 5669 autem
2687 5620 2828 5669 anno
2853 5624 2962 5671 401.
2983 5620 3259 5678 Dii‘ﬁtmltas
3283 5636 3406 5672 vero

1797 5689 1906 5731 anni
1933 5683 2178 5731 statuendi
2213 5683 2327 5730 hinc
2351 5686 2522 5742 oritur,
2544 5684 2674 5744 quod
2698 5685 2801 5744 ipse
2825 5686 2952 5733 inl'ra
2976 5686 3107 5733 Ult'al.
3123 5692 3271 5734 terr-.u
3296 5698 3405 5744 mo-

1799 5749 1903 5814 tuin
1930 5748 2106 5814 tactum
2133 5756 2247 5794 esse
2270 5758 2396 5814 anno
2422 5742 2908 5807 superioreJ’crum
2936 5761 2993 5796 ea
3020 5747 3081 5796 de
3103 5759 3160 5796 re
3179 5742 3413 5814 pluribus

1799 5822 1849 5857 tu
1868 5807 1972 5857 Vita
1993 5806 2318 5870 Cln'j'sostotni
2344 5806 2500 5857 actum
2524 5816 2615 5856 est.
2915 5831 2940 5856 ρ
