4098 6324
641 326 710 385 6'7
1347 323 1403 379 S.
1444 318 1721 379 Jt).\.\'NZS
1759 309 2235 372 CHRYSUSTO)“
2278 306 2594 372 ARCIIIEP.
2637 305 3169 363 CONS'I'ANTINOP.
3875 298 3946 353 68

643 465 778 533 quos
806 446 907 506 nisi
943 445 1009 500 ad
1038 444 1135 498 hos
1163 440 1328 503 salus,
1357 436 1421 493 ad
1449 450 1581 506 quos
1624 446 1811 503 magna
1841 430 1976 484 bona
1996 428 2011 459 ι
2056 427 2221 533 pcrti:

644 518 840 611 tieant?
862 536 1051 592 Nonne
1075 545 1314 605 paStores
1342 529 1491 611 primi
1512 526 1845 596 evangelium
1871 518 2227 591 acceperunt?

647 610 822 686 nonne
870 628 1069 697 Joseph
1123 628 1282 679 honto
1327 610 1552 699 simplex
1596 628 1745 683 erat;
1781 620 1850 671 ita
1892 626 1945 669 ιιι
1996 629 2095 668 nec
2134 628 2230 682 per

646 725 890 791 adulterii
945 720 1301 789 suspicionem
1346 718 1425 770 sic
1473 721 1880 782 portem-eretur,
1926 718 1981 762 ιιι
2030 705 2228 775 aliquid

649 818 771 885 ptuli
820 812 1092 884 patraret?
1142 824 1316 863 nonne
1344 816 1581 883 agrestes
1612 805 1853 857 homines
1879 812 1934 856 et
1961 799 2232 867 simplices

650 912 789 962 licus
816 907 1008 975 elegit?
1040 904 1221 956 Anima
1239 902 1402 963 enim,
1433 900 1622 969 inquit,
1658 896 1818 950 omnis
1840 894 2056 963 simplex
2080 894 2228 945 bene-

648 1001 817 1062 dicta;
849 1013 910 1051 ac
933 1010 1137 1057 rursus,
1158 993 1257 1059 Qui
1279 992 1504 1043 ambulat
1525 989 1841 1056 simpliciter,
1865 985 2089 1038 ambulat
2110 1000 2233 1037 con-

648 1091 857 1159 ﬁdenter
888 1087 1067 1155 (Prov.
1103 1086 1185 1139 ιι.
1206 1085 1302 1140 25.
1339 1091 1383 1136 ct
1414 1084 1500 1140 it].
1526 1080 1603 1151 9).
1639 1080 1834 1141 Etiam,
1867 1077 2103 1145 inquies;
2138 1073 2230 1128 sed

650 1180 928 1250 prudentia
957 1185 1037 1231 est
1067 1190 1220 1246 opus.
1251 1173 1358 1229 Sed
1403 1172 1542 1245 quid
1580 1170 1721 1225 aliud
1763 1178 1845 1224 est
1894 1164 2229 1236 simplicius,

646 1287 805 1341 quam
857 1269 1177 1341 prudentia?
1220 1268 1354 1321 Cum
1396 1264 1536 1319 enim
1579 1262 1708 1316 nihil
1751 1260 1874 1315 mali
1921 1257 2229 1328 snsliicaris,

649 1362 779 1418 nihil
805 1361 927 1415 mali
959 1374 1147 1428 parere
1178 1369 1369 1426 potes:
1397 1371 1514 1409 eum
1549 1353 1681 1407 nihil
1714 1351 1821 1407 fers
1853 1352 2096 1412 moleste,
2126 1364 2230 1401 nou

648 1453 850 1521 poteris
896 1450 1207 1523 iujuriarmn
1247 1446 1538 1501 recordari.
1566 1443 1899 1499 Ceutnmelia
1934 1450 1983 1495 te
2010 1441 2128 1509 quis
2155 1438 2235 1506 af—

649 1526 814 1596 fecit?
840 1538 952 1594 Noa
980 1539 1195 1593 doluisti
1216 1553 1229 1595 ε
1251 1538 1575 1606 obloquutus
1604 1536 1725 1589 est?
1753 1532 1894 1587 Nihil
1924 1548 2112 1602 passus
2143 1546 2231 1585 es:

650 1632 838 1688 invidit
887 1631 1019 1689 tibi?
1068 1629 1181 1684 Non
1226 1646 1366 1697 a'gre
1417 1628 1601 1681 tulisti.
1632 1625 1729 1681 Via
1774 1623 2017 1695 qumdam
2047 1632 2123 1677 est
2170 1622 2234 1676 ad

650 1720 1040 1799 philosophiam
1083 1718 1413 1788 simplicitas.
1438 1716 1607 1771 Nemo
1646 1728 1749 1770 tam
1799 1714 2019 1785 pulcher
2057 1714 2237 1767 animo

650 1820 734 1868 est
760 1828 915 1879 quam
945 1810 1025 1863 vir
1049 1809 1298 1877 simplex.
1318 1808 1464 1862 Sicut
1486 1808 1627 1862 enim
1661 1808 1711 1859 itt
1739 1819 1964 1873 eorpore
1991 1804 2079 1872 qui
2104 1818 2237 1858 IIICB-

652 1914 767 1958 stus
794 1913 896 1970 εει,
937 1902 1201 1956 demissus
1230 1913 1284 1954 ct
1308 1901 1717 1970 eogitabuudus,
1744 1899 1969 1952 ntultum
2001 1914 2063 1952 ex
2119 1897 2235 1966 pul-

653 1995 958 2052 chritudine
989 1994 1256 2058 detrahit;
1283 1994 1371 2055 qui
1404 2008 1531 2055 veto
1563 1992 1711 2044 lartus
1759 2000 1841 2046 est
1881 2001 1935 2045 et
1981 1990 2237 2049 subridet.

654 2088 1042 2143 formositatem
1086 2094 1244 2153 ιιιιειιι
1273 2103 1285 2138 :
1318 2085 1392 2143 sic
1425 2084 1475 2136 in
1520 2083 1695 2137 anima
1737 2082 1917 2135 evenit
1949 2097 1961 2134 :
1995 2080 2084 2149 qui
2114 2078 2240 2132 sub-

650 2181 808 2235 dolus
847 2189 947 2239 est,
971 2180 1069 2233 etsi
1099 2178 1378 2231 innumera
1412 2191 1575 2244 penes
1596 2190 1654 2228 se
1678 2174 1870 2229 habeat
1894 2174 2029 2227 bona
2053 2186 2236 2242 Opera,

651 2270 914 2331 dispertiit
943 2271 1066 2333 illa;
1108 2279 1291 2329 contra
1323 2284 1450 2321 vero
1478 2267 1566 2335 qui
1611 2266 1744 2320 liber
1772 2276 1854 2320 est
1895 2274 1948 2319 et
1986 2264 2234 2333 simplex.

654 2364 837 2417 Talem
866 2354 1134 2426 hominem
1166 2362 1283 2431 quis
1305 2360 1403 2414 sibi
1438 2362 1666 2413 amicum
1695 2359 1921 2414 fidenter
1953 2367 2135 2427 paret;
2186 2365 2240 2418 et

657 2455 700 2508 si
751 2454 995 2507 inimicus
1036 2452 1125 2513 sit,
1158 2466 1279 2505 cum
1313 2451 1404 2503 illo
1434 2449 1886 2503 recouciliabitur.
1917 2448 2070 2502 Nulla
2100 2449 2241 2502 enim

656 2544 723 2598 ad
757 2543 857 2598 hoc
882 2558 1016 2612 opus
1045 2551 1128 2596 e-t
1155 2542 1419 2605 custodia,
1445 2540 1604 2594 nullis
1637 2541 1893 2605 vinculis;
1942 2539 2035 2594 sed
2080 2539 2245 2593 multa

656 2633 813 2688 etilli
854 2641 909 2686 et
934 2631 1406 2687 contubernalibus
1453 2635 1557 2683 erit
1598 2630 1878 2687 securitas.
1926 2629 2063 2696 Quid
2093 2644 2243 2697 ergo,

658 2726 887 2794 inquies,
914 2724 955 2777 si
980 2723 1068 2793 qui
1093 2722 1211 2775 talis
1233 2732 1334 2783 est,
1356 2725 1407 2775 in
1433 2721 1602 2775 malos
1629 2720 1877 2775 inciderit
1899 2719 2077 2774 viros?
2106 2720 2247 2775 Deus

658 2806 1035 2884 quisimplices
1057 2828 1176 2867 esse
1194 2804 1364 2880 jubet,
1385 2828 1595 2868 manum
1622 2811 1872 2881 porriget.
1888 2810 2022 2879 Quid
2047 2810 2247 2865 Davide

660 2904 990 2974 simplicius?
1040 2904 1165 2973 qttid
1197 2904 1358 2957 Saule
1387 2902 1658 2972 iniquius?
1710 2902 1837 2957 Uter
1868 2918 1997 2971 ergo
2021 2917 2246 2969 supera-

662 2997 775 3052 vit?
805 2996 939 3063 Quid
968 2996 1017 3048 in
1040 2994 1275 3063 Josepho
1291 3010 1466 3047 actum
1487 2994 1610 3048 est?
1638 3008 1814 3049 nonne
1834 2994 1919 3048 ille
1938 2994 2250 3063 simpliciter

660 3089 727 3145 ad
774 3090 1041 3143 dominam
1084 3087 1349 3150 accessit;
1384 3086 1469 3139 illa
1522 3102 1649 3139 vero
1700 3086 1962 3143 subdole?
2018 3086 2070 3139 lu
2120 3099 2246 3154 quo,

660 3196 864 3246 uuarso,
885 3179 1046 3234 lzesus
1070 3177 1196 3233 est?
1239 3177 1375 3244 Quid
1406 3178 1570 3231 Abele
1602 3178 1897 3246 simplicius
1936 3176 2093 3231 erat?
2121 3177 2246 3246 quid

662 3272 829 3338 Qaino
872 3269 1222 3323 sceleratius?
1252 3268 1562 3337 Rursusque
1587 3268 1809 3337 .loseph,
1840 3262 2250 3337 nounesimpli-

663 3363 798 3417 citer
817 3377 937 3416 cum
968 3361 1218 3415 fratribus
1240 3360 1387 3431 egit?
1417 3374 1593 3414 nonne
1619 3360 1738 3414 ideo
1759 3360 1969 3421 claruit,
1992 3360 2108 3430 quia
2135 3362 2251 3415 sine

663 3454 966 3524 suspicione
988 3454 1164 3506 omnia
1191 3453 1438 3520 iOtllllllUS
1460 3459 1561 3515 est,
1589 3451 1638 3504 Ιιὶ
1670 3467 1795 3506 vero
1821 3452 2047 3521 maligne
2078 3453 2249 3520 ipsum

661 3545 1027 3615 exceperunt?
1066 3545 1241 3599 Semel
1274 3546 1513 3606 somnia,
1563 3545 1754 3598 iterum
1783 3545 1987 3597 sonmia
2015 3544 2167 3609 dixit,
2199 3555 2252 3598 et

662 3640 782 3692 sine
813 3637 1061 3691 cautione
1109 3636 1228 3689 illos
1277 3634 1407 3688 adiit
1450 3636 1599 3689 cibos
1642 3634 1889 3698 afferens,
1924 3636 2103 3688 omnia
2140 3635 2251 3690 Deo

665 3733 1038 3794 c0utmittcns;
1067 3731 1161 3785 sed
1183 3740 1380 3797 quanto
1402 3730 1569 3802 magis
1596 3729 1668 3782 illi
1697 3739 1752 3782 ut
1780 3730 2051 3783 inimicum
2077 3730 2248 3798 ipsum

668 3824 952 3887 habebant,
986 3832 1131 3875 tanto
1165 3822 1332 3892 magis
1362 3821 1450 3875 ille
1476 3830 1534 3873 ut
1565 3820 1756 3873 fratres
1785 3821 2059 3875 tractabat.
2097 3822 2249 3874 l‘ote-

666 3924 855 3983 ratque
887 3913 1024 3966 Deus
1081 3928 1185 3965 non
1244 3912 1571 3987 permittere,
1604 3919 1659 3963 ut
1710 3910 1968 3965 incideret
1998 3911 2048 3963 in
2098 3912 2248 3976 illos;

665 4005 757 4059 sed
789 4003 1047 4073 permisit,
1079 4010 1135 4056 ut
1162 4003 1480 4057 miraculum
1509 4012 1813 4070 appareret,
1847 4011 1901 4056 et
1940 4002 2251 4061 ostendere-

669 4110 773 4161 tur,
806 4096 1144 4166 quantumvis
1174 4096 1245 4149 illi
1288 4105 1473 4149 contra
1510 4095 1803 4160 tenderent,
1837 4096 1983 4149 illum
2015 4095 2129 4152 fore
2159 4112 2250 4149 su-

669 4191 955 4263 periorem.
984 4190 1049 4242 Et
1074 4190 1150 4241 sic
1191 4189 1433 4261 quamvis
1464 4191 1670 4267 plagam
1702 4189 1948 4259 accipiat,
1980 4206 2083 4249 non
2113 4206 2141 4243 a
2170 4205 2249 4257 se,

668 4280 762 4335 sed
790 4282 857 4343 ab
887 4282 991 4333 alio
1018 4280 1231 4348 accipit.

740 4372 1012 4443 Improbus
1033 4374 1111 4426 sui
1146 4373 1301 4445 ipsius
1329 4374 1563 4427 inimicus
1603 4384 1691 4426 est.
1726 4405 1795 4414 —-
1840 4375 2095 4445 Malignus
2126 4391 2252 4435 vero

668 4467 900 4537 scipsnm
930 4467 1101 4536 primo
1134 4466 1379 4535 percutit,
1408 4468 1715 4535 nullumque
1742 4468 1939 4529 alium;
1968 4470 2151 4537 sicque
2172 4479 2255 4529 est

668 4559 750 4611 Sui
782 4558 943 4625 ipsius
990 4556 1255 4610 inimicus.
1309 4556 1476 4625 Hujus
1532 4559 1707 4610 anima
1764 4574 1997 4617 mmrore
2042 4576 2255 4631 semper

670 4649 824 4719 plena
868 4656 967 4710 est,
1006 4646 1131 4701 dum
1178 4648 1531 4716 cogitationes
1580 4660 1839 4717 perpetuo
1882 4652 2143 4719 colligata:
2201 4663 2254 4708 et

668 4738 939 4817 perplexa:
982 4748 1104 4791 Sttnl.
1134 4757 1145 4791 :
1179 4740 1221 4791 si
1255 4738 1460 4802 audire,
1490 4739 1532 4793 si
1567 4741 1745 4794 dicere
1792 4741 2060 4815 quidpiam
2093 4758 2253 4811 opor-

672 4840 798 4888 leat,
826 4830 1004 4883 omnia
1037 4829 1286 4897 trahitad
1323 4832 1547 4895 crimen,
1582 4833 1759 4885 omnia
1799 4846 2030 4891 acettsat.
2064 4836 2253 4894 Ptocul

672 4923 739 4977 ab
770 4922 872 4976 illis
900 4922 1131 4975 amicitia
1162 4931 1216 4976 et
1244 4922 1563 4986 concordia;
1597 4924 1735 4991 apud
1770 4926 1885 4979 illos
1917 4942 2123 4996 pagum,
2157 4929 2255 4981 ini—

671 5013 905 5075 micitiae,
941 5012 1237 5078 molestia};
1287 5014 1493 5083 sibique
1539 5017 1668 5084 ipsis
1707 5027 1830 5070 sunt
1860 5021 2114 5086 suspecti.
2164 5020 2255 5076 llis

673 5120 842 5173 neque
869 5119 1111 5165 somnus.
1144 5114 1314 5174 neque
1356 5104 1500 5160 aliud
1549 5108 1817 5177 quidpiam
1864 5126 2024 5166 suave
2054 5122 2154 5165 est.
2198 5112 2254 5167 Si

674 5211 867 5249 uxores
894 5196 1145 5259 habeant,
1187 5199 1368 5267 papm!
1416 5198 1663 5253 omnibus
1693 5210 1817 5256 sunt
1849 5202 2026 5258 hostes
2069 5214 2125 5259 ct
2151 5207 2252 5259 iui—

672 5290 831 5359 lpiei;
880 5291 1158 5364 zelotypia:
1210 5291 1455 5353 infinitae,
1504 5303 1678 5347 metus
1731 5307 2050 5363 perpetuus:
2087 5300 2261 5359 malus

672 5383 816 5436 cnim
842 5397 870 5435 a
896 5382 1035 5435 malo
1059 5384 1242 5437 labore
1270 5384 1349 5438 sic
1391 5394 1627 5439 vocatur.
1661 5387 1748 5439 Sic
1780 5389 1958 5458 utique
1981 5390 2252 5461 Scriptura

673 5473 908 5531 laborem
941 5489 1151 5542 semper
1177 5482 1331 5529 vocat
1359 5477 1648 5541 malitiam;
1702 5489 1757 5529 ιιι
1784 5494 1903 5532 cum
1935 5482 2063 5535 dicit
2096 5501 2107 5535 :
2143 5483 2253 5538 Sub

669 5567 846 5637 lingua
872 5582 1045 5619 eorum
1073 5565 1213 5617 labor
1243 5577 1286 5618 et
1319 5566 1547 5637 fatigatio
1592 5584 1612 5638 ;
1665 5579 1719 5624 et
1762 5570 1883 5626 alibi
1917 5588 2151 5641 rursum,
2191 5576 2255 5630 Et

737 5745 753 5775 ¹
789 5741 926 5793 Alius
956 5745 1102 5807 legit,
1130 5745 1386 5809 miraculo,
1413 5762 1516 5811 pro,
1534 5749 1667 5800 binm

2338 423 2558 491 amplius
2589 438 2759 476 eorum
2794 422 2936 475 labor
2962 433 3006 474 et
3039 422 3185 473 dolor
3220 418 3385 489 (Ρειιι.
3419 418 3471 474 9.
3507 420 3560 472 7.
3605 430 3647 471 ct
3691 416 3785 479 SQ.
3832 416 3945 483 10).

2334 514 2387 567 Si
2416 529 2545 566 vero
2592 513 2817 567 miretur
2844 513 2982 581 quis,
3021 512 3159 565 unde
3189 512 3254 563 :th
3282 510 3437 563 ittitiu
3470 510 3602 563 tales
3648 505 3781 562 facti
3810 510 3947 565 sint,

2334 615 2386 660 et
2417 621 2557 659 nunc
2586 605 2717 659 tab-s
2761 622 2865 658 non
2917 606 3061 668 sint;
3094 605 3303 658 discant.
3331 618 3546 658 causam
3580 616 3705 657 esse
3731 617 3936 655 a-rum.

2335 714 2479 761 nam,
2498 699 2806 767 magistram
2827 697 3200 767 philoSOphia',
3219 707 3440 749 matrem
3456 696 3686 764 pietatis.
3704 692 3956 759 Quando

2338 790 2577 857 pecunia:
2595 790 2662 843 de
2688 790 2863 844 medio
2892 791 3236 857 tollebantur,
3255 799 3379 842 tunc
3402 788 3633 858 nequitia
3663 802 3771 840 non
3802 796 3954 844 erat.

2337 881 2533 946 Etiam,
2564 884 2756 954 inquit,
2789 883 2883 938 sed
2919 884 3045 937 illud
3090 885 3260 952 ipsum
3292 883 3585 951 interrogo,
3618 879 3761 935 unde
3797 892 3957 933 nunc

2339 982 2483 1026 tanta
2535 975 2774 1027 malitia?
2828 974 3098 1044 quomodo
3141 976 3214 1027 illi
3266 986 3345 1028 ter
3396 975 3541 1028 tnille
3567 983 3621 1027 et
3649 970 3956 1042 quinquies

2338 1070 2483 1127 mille
2530 1070 2709 1121 statim
2758 1068 3010 1123 virtutem
3058 1067 3404 1137 delegerunt,
3451 1075 3506 1122 et
3553 1082 3674 1119 mox
3739 1066 3957 1133 pariter

2338 1160 2640 1234 philosophi
2667 1160 2785 1214 iacti
2816 1169 2959 1225 sunt,
2980 1169 3033 1212 et
3058 1174 3197 1212 nunc
3226 1160 3309 1212 vix
3340 1173 3475 1211 unus
3506 1156 3821 1226 reperitur?
3851 1170 3957 1207 cur

2340 1266 2464 1310 tunc
2488 1253 2557 1308 ita
2588 1250 2884 1307 concordes
2912 1250 3105 1307 erant?
3134 1248 3260 1319 quid
3295 1250 3413 1303 illos
3442 1259 3546 1302 tam
3572 1249 3745 1317 agiles
3768 1254 3826 1301 ct
3858 1261 3957 1306 cx-

2338 1348 2530 1402 cilatos
2561 1342 2865 1398 reddebat?
2914 1341 3039 1411 quid
3070 1341 3188 1394 illos
3219 1342 3286 1398 ita
3318 1339 3598 1394 ittCeudit?
3639 1340 3780 1405 Quia
3822 1352 3955 1391 cum

2342 1453 2531 1508 magna
2573 1437 2772 1507 pietate
2798 1434 3156 1498 accedebant;
3191 1433 3310 1501 quia
3345 1432 3577 1485 honores
3621 1446 3733 1488 non
3767 1440 3950 1494 erant,

2340 1529 2480 1583 sicut
2508 1527 2703 1592 hodie;
2736 1526 2855 1595 quia
2884 1526 2949 1578 ad
2981 1524 3152 1578 ftttura
3197 1532 3429 1577 mentem
3458 1537 3604 1576 suam
3650 1520 3958 1575 transtule-

2343 1628 2485 1682 runt,
2502 1628 2555 1672 et
2579 1616 2710 1671 nihil
2737 1616 3081 1685 praesentium
3102 1615 3505 1684 exspectabant.
3528 1613 3637 1669 lloc
3659 1624 3748 1667 est
3774 1616 3957 1683 ignea:

2341 1711 2557 1775 anima),
2590 1711 2639 1762 in
2682 1708 2937 1762 aerumnis
2982 1707 3351 1762 versari1ltoc
3386 1707 3645 1777 putabant
3674 1707 3753 1759 illi
3788 1706 3958 1759 Clu-i-

2342 1801 2678 1854 stiauismum
2705 1813 2855 1861 esse;
2902 1798 2994 1852 sed
3025 1813 3129 1851 nou
3162 1813 3260 1851 nos
3305 1816 3318 1852 :
3368 1812 3509 1852 nunc
3538 1799 3679 1852 enim
3710 1798 3958 1850 SUIttLJII

2350 1891 2505 1943 vitam
2540 1889 2851 1958 quaerimus.
2885 1887 3008 1942 hleo
3056 1903 3155 1941 nec
3188 1887 3303 1949 illa,
3330 1902 3450 1941 cum
3498 1902 3592 1958 par
3641 1888 3769 1951 erit,
3802 1901 3962 1941 asse-

2345 1997 2591 2051 quetnur.
2644 1980 2778 2045 Quid
2826 1979 3120 2050 faciemus?
3168 1980 3567 2049 iutcrrgabant
3613 1980 3687 2033 illi
3737 1981 3961 2049 seipscs

2347 2074 2685 2128 datnuantes.
2718 2071 2824 2125 Nos
2857 2086 2984 2125 vero
3011 2082 3193 2126 contra
3230 2087 3243 2123 :
3276 2072 3412 2139 Quid
3459 2071 3763 2125 faciemus?
3815 2071 3961 2124 diei-

2349 2180 2490 2232 mus,
2522 2180 2620 2218 nos
2651 2164 3004 2240 pra‘scntihus
3036 2164 3395 2230 venditantes,
3420 2174 3472 2218 et
3498 2165 3663 2227 altum
3695 2164 3768 2217 de
3793 2165 3964 2219 nobis

2349 2257 2640 2323 sapientes.
2676 2254 2751 2308 llli
2796 2253 3064 2308 faciebant
3092 2270 3213 2323 quae
3266 2255 3441 2309 facere
3490 2255 3808 2324 oportebat;
3858 2269 3965 2313 nos

2350 2362 2479 2404 vero
2519 2361 2695 2400 secus.
2729 2345 3062 2399 Damnabant
3108 2346 3179 2400 illi
3217 2346 3447 2415 seipsus,
3478 2346 3850 2415 despetabant
3892 2346 3967 2405 de

2351 2440 2525 2495 salute
2556 2454 2649 2492 sua
2688 2457 2699 2490 :
2733 2438 2854 2493 ideo
2885 2439 3015 2493 tales
3043 2438 3167 2499 facti
3220 2448 3366 2494 sunt.
3420 2440 3764 2508 AigllQVCl‘Ulll
3794 2441 3966 2509 quala

2352 2541 2668 2604 receperant
2701 2530 2925 2583 douutn.

2425 2627 2478 2680 4.
2520 2623 2800 2689 Quomodo
2828 2637 2921 2677 vos
2960 2622 3067 2677 illis
3094 2622 3297 2678 similes
3339 2624 3510 2689 eritis,
3544 2624 3637 2692 qui
3678 2625 3964 2679 Contraria

2348 2716 2525 2770 omnia
2556 2715 2765 2769 facitis?
2794 2714 2869 2767 Illi
2912 2715 3089 2768 statim
3118 2726 3276 2784 atque
3301 2714 3592 2769 audierunt
3618 2756 3631 2778 ,
3686 2716 3965 2785 baptizati

2350 2818 2468 2862 sunt
2497 2825 2510 2860 :
2552 2822 2656 2861 non
2683 2806 2935 2859 dixerunt
2968 2805 3056 2859 illa
3086 2805 3272 2875 frigida
3301 2807 3484 2873 verbi,
3516 2824 3636 2878 qua;
3677 2825 3824 2863 nunc
3859 2827 3969 2866 nos

2352 2898 2577 2952 dicimus
2602 2938 2615 2960 ,
2660 2913 2831 2965 neque
2868 2911 3044 2951 metas
3085 2907 3381 2952 nexuertmt
3410 2940 3423 2966 τ
3468 2902 3569 2954 etsi
3616 2917 3721 2957 non
3763 2916 3967 2959 omnes

2353 2990 2627 3044 audissent
2650 2990 3093 3057 iustificationes:
3122 2990 3219 3045 sed
3249 2992 3350 3046 boc
3401 3002 3627 3058 L'tllltml,
3664 2996 3969 3051 Sulaamiui

2352 3098 2385 3133 a
2424 3082 2747 3152 generatione
2778 3082 2895 3134 ista.
2923 3080 3037 3134 Non
3075 3097 3267 3151 segnes
3300 3082 3546 3149 fuerunt,
3577 3085 3668 3139 sed
3701 3086 3801 3139 hos
3834 3103 3965 3141 ser-

2354 3188 2541 3228 mones
2579 3183 2905 3242 exceperunt
2939 3190 2952 3239 ;
2997 3184 3046 3227 et
3097 3177 3236 3245 quod
3276 3178 3643 3246 accepissent,
3700 3182 3967 3248 operibus

2358 3278 2721 3322 monstratum
2752 3278 2842 3327 “,ct
2887 3268 2975 3337 qtti
3006 3281 3221 3333 essent,
3254 3270 3632 3326 exhibuerunt.
3678 3272 3878 3328 Statim
3911 3278 3963 3329 in

2355 3374 2623 3413 cer'amou
2674 3361 2936 3429 ingressi,
2963 3372 3228 3415 exuerunt
3276 3363 3632 3419 vestimenta:
3682 3380 3781 3419 nos
3824 3383 3967 3423 vero

2357 3450 2578 3520 ingrcssi
2599 3493 2613 3517 ,
2643 3468 2764 3505 tum
2794 3452 3127 3505 vestimentis
3164 3462 3372 3507 certare
3404 3456 3665 3510 volumus.
3717 3456 3968 3528 ideoque

2355 3548 2687 3614 antagonista
2719 3553 2905 3599 noster
2944 3545 3129 3600 labore
3156 3561 3292 3615 opus
3323 3564 3427 3600 tton
3469 3547 3665 3613 habet,
3696 3565 3818 3603 cum
3859 3568 3966 3605 ιιι)-

2359 3635 2438 3689 bis
2466 3638 2592 3705 ipsis
2620 3637 2860 3704 impliciti
2891 3650 3036 3704 scepe
3065 3635 3400 3704 dejiciantttr.
3426 3637 3656 3706 ldipsutn
3698 3642 3843 3695 enim
3883 3646 3965 3696 l'a-

2356 3729 2559 3791 cimus,
2593 3728 2722 3784 actsi
2759 3742 2877 3795 quis
2899 3727 3152 3780 athb-tam
3185 3728 3405 3797 pulvere
3428 3744 3777 3798 conspersum
3806 3773 3819 3797 ,
3880 3736 3969 3786 με-

2354 3835 2537 3890 gt'tmt,
2572 3820 2805 3886 nudum,
2856 3820 3076 3886 videns,
3110 3820 3176 3874 ab
3205 3835 3365 3874 arena
3396 3830 3452 3875 et
3495 3838 3529 3878 ιι
3573 3824 3687 3878 sole
3730 3827 3966 3878 multum

2358 3915 2643 3977 habentem
2680 3913 2771 3966 luti
2796 3954 2809 3977 ,
2844 3912 2987 3976 oleo,
3016 3912 3214 3967 sudore
3237 3925 3289 3967 et
3317 3928 3472 3968 coeno
3495 3915 3812 3979 delibutum,
3844 3918 3970 3987 ipse

2358 4018 2627 4076 unguento
2667 4004 2943 4074 fragrans,
2985 4006 3169 4060 sericis
3220 4007 3486 4072 veStibus,
3528 4010 3707 4065 aureis
3736 4012 3966 4075 calceis,

2357 4100 2490 4151 stola
2523 4112 2690 4166 usque
2720 4094 2785 4150 ad
2831 4096 3110 4151 malleolos
3136 4095 3436 4165 deﬂuente,
3487 4100 3733 4154 aureolas
3780 4105 3969 4171 capite

2357 4201 2593 4259 gestans.
2623 4206 2745 4243 cum
2770 4190 2861 4243 illo
2890 4191 3292 4261 congrediatur.
3342 4191 3441 4258 Qui
3480 4195 3621 4246 cnim
3670 4196 3792 4249 talis
3831 4210 3968 4263 est,

2359 4298 2461 4335 nou
2507 4281 2824 4351 impedietur
2849 4282 3052 4346 solmu,
3084 4284 3176 4337 sed
3205 4298 3389 4337 curam
3420 4284 3620 4339 habens
3667 4302 3734 4341 ne
3776 4301 3972 4344 vestes

2360 4375 2627 4430 ftedeutm-
2660 4376 2745 4431 vel
2780 4376 3110 4440 scindantur,
3145 4378 3195 4431 in
3229 4379 3400 4446 primo
3438 4394 3727 4449 congressu
3757 4383 3923 4437 cadet
3955 4425 3969 4445 ,

2359 4466 2513 4534 idque
2546 4466 2773 4535 patietur
2798 4467 2939 4535 quod
2972 4468 3149 4521 statim
3184 4469 3388 4533 timuit,
3425 4473 3475 4528 in
3506 4473 3789 4542 prmcipuis
3831 4491 3967 4543 par-

2363 4555 2502 4609 tibus
2533 4557 2709 4611 laesus.
2746 4556 2981 4624 Tempus
3006 4558 3158 4610 adest
3196 4560 3541 4627 certaminis,
3592 4573 3644 4618 et
3673 4574 3726 4617 tu
3767 4569 3967 4621 sericis

2362 4648 2631 4705 intlueris!
2660 4657 2867 4716 tempus
2896 4650 3317 4713 exercitationis,
3346 4660 3553 4722 tempus
3590 4654 3746 4709 stadii
3774 4672 3788 4719 ;
3820 4666 3877 4709 et
3913 4669 3968 4709 tu

2360 4741 2507 4809 quasi
2542 4741 2591 4793 in
2622 4755 2811 4809 pompa
2854 4742 3079 4809 teipsum
3103 4744 3300 4797 ornas?
3334 4744 3397 4798 Et
3434 4747 3704 4816 quomodo
3728 4762 3967 4817 supera-

2360 4832 2481 4887 bis?
2522 4831 2597 4886 Ne
2638 4832 2701 4885 ad
2729 4843 2950 4887 externa
2977 4875 2990 4897 ,
3043 4834 3134 4887 sed
3163 4835 3227 4888 ad
3274 4837 3483 4891 interna
3532 4838 3813 4906 reSpicias.
3867 4842 3968 4896 His

2359 4923 2503 4977 enim
2554 4924 2698 4975 curis
2750 4939 2850 4989 ceu
2897 4925 3147 4994 gravibus
3212 4928 3436 4982 vinculis
3489 4927 3726 4998 undique
3775 4933 3963 4987 anima

2360 5016 2763 5084 constringitur,
2799 5032 3013 5070 manum
3046 5033 3149 5075 non
3180 5018 3365 5072 sinens
3395 5020 3665 5085 attollere,
3692 5036 3793 5077 nec
3822 5037 3965 5078 con-

2362 5119 2440 5163 tra
2476 5110 2681 5163 hostem
2718 5111 2956 5179 proferre
2979 5152 2992 5176 ,
3025 5126 3121 5169 nos
3154 5113 3343 5168 molles
3368 5128 3433 5171 ac
3460 5114 3717 5171 delicatos
3756 5118 3965 5172 reddit.

2362 5199 2572 5255 Utinam
2604 5201 2809 5255 liberati
2844 5203 3055 5257 vincere
3086 5204 3350 5271 possimus
3380 5204 3638 5273 impuram
3670 5207 3818 5263 illam
3863 5225 3966 5275 po-

2364 5300 2628 5345 testatem.
2652 5292 2775 5347 Ideo
2792 5291 3057 5359 Christus,
3085 5310 3147 5352 ac
3164 5296 3334 5349 sinon
3359 5297 3489 5351 satis
3506 5297 3574 5351 sit
3591 5298 3806 5354 divitias
3822 5300 3962 5369 abji-

2360 5396 2505 5447 cere,
2526 5383 2642 5435 vide
2657 5383 2780 5452 quid
2799 5384 2938 5439 dicat
2962 5405 2973 5437 :
3005 5385 3174 5439 Vende
3189 5389 3362 5440 omnia
3377 5405 3487 5455 qua:
3504 5389 3675 5451 habes,
3693 5400 3739 5443 et
3756 5392 3825 5443 da
3836 5409 3965 5461 pau-

2362 5474 2600 5541 peribus:
2626 5482 2671 5526 et
2695 5475 2834 5538 veni,
2855 5486 2901 5528 et
2922 5492 3126 5547 sequere
3156 5496 3235 5543 me
3260 5478 3447 5549 (Marc.
3477 5482 3561 5537 10.
3586 5482 3699 5553 21).
3716 5480 3871 5548 Quod
3888 5485 3958 5549 si,

2362 5569 2618 5638 dep0sitis
2648 5570 2875 5638 opibus,
2928 5572 3164 5627 nondum
3198 5575 3247 5628 in
3298 5586 3411 5631 tuto
3454 5595 3673 5644 sumus,
3720 5579 3815 5634 sed
3856 5581 3961 5635 alia

2362 5673 2475 5717 arte
2504 5672 2557 5717 et
2587 5664 2932 5717 accuratione
2956 5665 3109 5718 nobis
3138 5676 3218 5720 est
3261 5682 3431 5737 opus:
3480 5671 3649 5725 mttlto
3681 5672 3850 5741 magis
3871 5713 3885 5735 ,
3915 5672 3963 5736 si

2366 5756 2724 5821 retineamus,
2767 5755 2892 5809 nihil
2936 5774 3190 5830 maguum
3219 5763 3583 5831 operabimur,
3610 5763 3702 5819 Sed
3746 5763 3961 5819 ridiculi
