4098 6324
178 432 236 492 ω

176 581 224 627 et
262 552 649 636 spectuioribus
687 556 743 605 et
790 542 892 616 ipsi
944 536 1181 606 maligno
1240 521 1753 633 hostividehimur.

321 636 461 711 enim
475 645 721 704 diabolus
736 655 843 696 non
858 640 1022 697 esset,
1042 630 1168 684 licet
1187 624 1369 681 nullus
1397 621 1754 689 impugnaret,

176 760 452 811 innumera:
483 743 721 810 undique
745 734 846 788 via:
871 743 1033 801 opum
1064 729 1335 780 amantem
1362 716 1427 772 ad
1456 713 1757 811 gehennam

522 800 668 889 nunc
695 800 934 895 suntqui
974 820 1162 875 dicunt
1188 832 1202 868 :
1232 812 1344 867 Cur
1372 805 1619 864 diabolus
1645 800 1759 855 fac-

175 951 249 993 tus
276 935 387 991 est?
419 932 557 986 Ecce
583 925 672 979 hic
698 916 946 976 diabolus
971 910 1141 975 nihil,
1173 903 1268 962 sed
1296 917 1395 958 nos
1428 909 1595 993 totum
1627 908 1760 993 ope-

174 985 354 1083 rainur:
384 1020 545 1091 Atqui
570 1018 680 1071 hoc
717 1012 898 1067 dicere
928 1000 1213 1075 oportebat
1239 1011 1335 1053 eos
1361 993 1450 1063 qui
1481 992 1536 1045 in
1566 985 1764 1043 monti-

175 1080 491 1191 hhsdegunt,
510 1110 603 1181 qui
621 1099 1007 1162 continentiam
1029 1098 1300 1148 sectantes
1329 1094 1385 1191 et
1415 1080 1761 1161 pecuniarum

175 1177 484 1276 aliarumque
502 1177 685 1256 rerum
697 1197 1085 1261 contemptum,
1106 1193 1333 1254 patrem,
1355 1177 1566 1239 domos,
1581 1185 1760 1241 agros,

379 1262 433 1353 et
465 1297 605 1348 filios
627 1333 644 1356 ,
676 1282 1035 1344 libentissime
1067 1275 1424 1345 reliquerunt.
1455 1269 1525 1321 At
1546 1264 1620 1319 illi
1650 1262 1766 1317 hcce

177 1409 271 1447 non
296 1392 506 1451 dicunt;
531 1386 585 1439 hi
611 1353 743 1437 sero
769 1378 856 1432 illa
884 1370 1178 1444 proferunt,
1210 1378 1335 1435 qua:
1358 1370 1651 1427 numquam
1678 1353 1762 1408 di-

177 1502 289 1543 cere
307 1482 652 1555 Oportuisset.
682 1474 773 1529 Illa
799 1483 928 1525 vere
958 1472 1084 1520 sunt
1113 1458 1315 1516 diaboli
1344 1452 1637 1510 certamina
1661 1465 1675 1501 :
1711 1447 1763 1502 in

179 1542 280 1634 haec
303 1542 427 1632 vero
452 1586 634 1643 neque
657 1560 992 1622 descendere
1010 1556 1233 1626 dignum
1263 1558 1366 1604 est.
1409 1542 1762 1643 At,_inquies,

177 1672 461 1727 divitiarum
510 1636 860 1734 cupiditatem
901 1649 1139 1707 immittit
1167 1640 1434 1699 diabolus.
1473 1636 1674 1734 Fuge,
1713 1639 1767 1687 et

180 1782 239 1821 ne
264 1764 530 1823 admittas,
564 1774 599 1813 ο
627 1755 809 1809 homo.
843 1748 994 1803 Nunc
1036 1750 1214 1797 autem
1243 1737 1287 1792 si
1318 1746 1479 1804 quem
1509 1725 1708 1783 videris
1736 1738 1767 1779 a

181 1858 399 1914 tabulato
416 1856 588 1910 lutmn
617 1847 863 1918 rejicere,
888 1834 1084 1895 deinde
1105 1832 1272 1887 alium
1286 1826 1559 1881 videntem
1579 1824 1767 1918 contra

180 1951 339 2019 sejaci
358 1992 371 2010 .
407 1956 554 2002 stare
579 1985 595 2009 ,
735 1945 905 1992 totum
935 1929 1111 2000 capite
1140 1923 1391 1993 excipere
1411 1959 1426 1983 ,
1458 1930 1566 1971 non
1608 1908 1769 2019 plodo

179 2003 273 2099 non
303 2039 609 2103 misereris,
639 2032 735 2088 sed
765 2029 929 2084 etiam
971 2017 1268 2090 indignaris
1287 2054 1303 2078 ,
1339 2009 1581 2078 dicisque
1612 2003 1764 2103 illum

180 2137 304 2205 iuste
323 2095 542 2203 passum
564 2095 684 2183 esse
714 2143 728 2178 :
751 2127 1048 2186 omnesque
1072 2111 1146 2166 illi
1167 2108 1433 2166 dicerent,
1465 2099 1544 2154 Ne
1569 2095 1771 2195 stultus

182 2194 463 2293 estw-nec
523 2233 633 2275 tam
689 2214 1015 2287 jacientem,
1058 2215 1219 2275 quam
1267 2194 1625 2291 excipientem
1658 2194 1771 2240 crt-

183 2281 519 2375 minarentur.
554 2281 707 2370 Nune
732 2320 896 2380 porro
924 2302 1030 2358 seis
1064 2294 1374 2352 divitiarum
1421 2281 1769 2352 cupiditatem

184 2428 208 2465 a
247 2411 452 2467 diabolo
488 2402 759 2478 proficisci
797 2415 813 2455 ε
859 2395 967 2451 scis
1018 2391 1168 2445 illum
1205 2387 1609 2439 innumerorum
1654 2384 1774 2471 esse

184 2504 424 2557 malorum
453 2476 708 2559 causam;
732 2489 889 2544 vides
915 2486 1063 2541 illum
1092 2476 1264 2534 fmdas
1297 2479 1589 2539 turpesque
1618 2476 1770 2559 cogi-

188 2593 397 2646 tationes
434 2587 593 2658 quasi
622 2585 790 2639 lutum
821 2586 1105 2649 apparare,
1133 2582 1237 2624 nec
1263 2558 1518 2629 intelligis
1539 2563 1593 2610 te
1622 2550 1770 2608 nudo

186 2684 345 2752 capite
386 2651 781 2735 itu-munditiam
830 2670 972 2725 illam
1013 2663 1303 2732 excipere,
1333 2667 1456 2710 cum
1499 2651 1780 2752 oporteret

189 2735 428 2846 tantisper
447 2756 773 2829 declinando
803 2765 853 2819 id
877 2758 1083 2817 vitare?
1109 2743 1579 2846 Quemadmodum
1604 2740 1717 2846 ille,
1732 2735 1779 2790 si

190 2883 215 2923 a
238 2830 352 2923 loco
370 2865 701 2925 declinaret,
735 2858 1077 2916 liberaretur,
1104 2847 1183 2903 sic
1212 2851 1268 2899 et
1314 2850 1369 2895 tu
1411 2837 1547 2890 tales
1579 2830 1781 2925 cogita-

190 2960 347 3015 tiones
374 2977 441 3014 ne
468 2921 733 3026 excipias,
757 2961 812 3007 et
835 2966 864 3002 a
900 2953 1120 3017 peccato
1150 2937 1320 3007 fugies
1351 2952 1363 2987 :
1394 2928 1598 2999 repelle
1624 2921 1781 3026 cupi—

190 3013 416 3109 ditatem.
458 3051 531 3105 Et
558 3013 830 3119 quomodo
859 3013 1163 3109 repellam?
1198 3026 1432 3097 inquies.
1474 3020 1530 3075 Si
1567 3013 1783 3088 gentilis

1142 396 1207 454 ΙΝ
1247 387 1430 452 ACTA
1470 381 2004 447 APOSTOLORUM.
2046 375 2281 438 HOMIL.
2320 372 2461 434 Vll’l.

3400 351 3469 409 70

1865 531 2036 583 esses,
2064 524 2119 571 et
2138 511 2424 585 praesentia
2456 518 2662 566 tantum
2694 505 3062 570 admirareris,
3096 503 3238 560 forte
3262 517 3353 560 res
3381 519 3475 560 es-

1867 620 1951 665 set
1978 608 2245 672 difficilis,
2279 604 2490 661 etiamsi
2520 601 2751 674 gentiles
2775 600 2877 654 hoc
2908 598 3137 654 fecerint
3167 605 3263 652 :at
3299 606 3354 650 tu
3382 598 3475 666 qui

1868 700 2381 757 cmlumetcmlestia
2396 704 2703 766 exspectas,
2723 693 2879 756 dicis,
2894 691 3177 761 Quomodo
3187 690 3478 761 repellam?

1867 794 1922 849 Si
1943 793 2273 850 contrarium
2292 788 2551 845 dixissem
2564 829 2579 854 ,
2602 796 2729 842 tunc
2744 784 2991 840 dubitare
3008 784 3305 854 oporteret;
3329 782 3372 836 si
3391 781 3445 835 di
3458 810 3478 822 -

1867 902 2047 942 eerem
2070 927 2086 954 ,
2133 884 2358 939 Divitias
2388 881 2742 949 concupisce,
2770 876 3174 948 responderes,_
3194 872 3481 941 Quomodo

1869 975 2291 1047 concupiscam?
2314 972 2581 1028 eum-talia
2612 971 2848 1025 videres.
2873 969 2970 1023 Dic
2998 967 3127 1021 mihi
3148 1002 3164 1034 ,
3189 968 3234 1021 si
3262 981 3396 1020 auro
3426 976 3481 1019 et

1870 1070 2136 1141 lapidibus
2165 1067 2419 1139 pretiosis
2466 1065 2755 1135 propositis
2786 1063 3025 1119 dicerem
3083 1079 3097 1115 :
3145 1060 3482 1130 Concupisce

1871 1161 2185 1234 plumbum,
2223 1174 2289 1213 an
2316 1156 2655 1213 'luesitares?
2698 1155 2915 1210 Diceres
2947 1162 3094 1209 certe
3136 1171 3150 1208 :
3196 1150 3482 1219 Quomodo

1873 1255 2135 1327 possum?
2165 1254 2260 1309 Sin
2283 1252 2519 1307 dicerem
2542 1291 2557 1317 ,
2586 1249 2663 1304 Ne
2690 1249 3084 1318 concupiscas:
3115 1247 3221 1302 hoc
3270 1245 3483 1300 facilius

1871 1346 2185 1411 esset-.Non
2213 1343 2454 1400 admiror
2479 1332 2843 1411 despicientes
2862 1330 2878 1406 λ
2897 1338 3011 1394 .sed
3043 1353 3148 1395 non
3177 1336 3485 1406 despicien-

1874 1450 1953 1496 tes
1986 1459 1997 1491 :
2031 1438 2133 1494 hoc
2157 1446 2241 1492 est
2261 1437 2457 1492 animae
2480 1434 2690 1506 ignavia
2725 1416 2917 1503 plenaz,
2952 1445 3074 1500 qua:
3108 1429 3238 1484 nihil
3268 1426 3488 1484 differat

1873 1547 1900 1602 a
1928 1531 2127 1585 muscis
2155 1539 2209 1583 et
2236 1526 2517 1591 culicibus,
2549 1523 2697 1579 hmni
2728 1523 2965 1592 repentis
3005 1559 3021 1588 ,
3070 1519 3124 1574 in
3165 1516 3284 1572 luto
3319 1517 3447 1574 vola
3469 1547 3487 1558 -

1876 1632 2037 1687 tataz,
2074 1620 2207 1675 nihil
2252 1633 2507 1689 magnum
2554 1614 2861 1686 cogitantis.
2916 1611 3056 1680 Quid
3098 1610 3276 1665 dicis?
3312 1608 3485 1660 Vitam

1874 1724 2131 1769 aeternam
2165 1710 2481 1789 lip‘reditate
2509 1717 2833 1778 accepturus
2853 1721 2948 1769 es,
2980 1712 3034 1759 et
3060 1704 3161 1770 ais,
3205 1698 3489 1769 Quomodo

1876 1816 2197 1877 prmsentem
2225 1809 2387 1857 vitam
2415 1818 2528 1873 pra:
2561 1801 2650 1856 illa
2676 1796 3065 1854 contemnam?
3094 1811 3220 1849 num
3254 1807 3343 1850 res
3364 1800 3491 1847 sunt

1874 1909 2062 1956 mutuo
2090 1894 2530 1967 comparabiles?
2559 1893 2782 1963 Regiam
2814 1899 3022 1945 vestem
3051 1903 3110 1944 es
3134 1898 3452 1958 accepturus
3471 1925 3488 1950 ,

1874 2002 1931 2049 et
1974 1990 2132 2055 dicis,
2165 1987 2454 2055 Quomodo
2490 1999 2699 2055 pannos
2753 1981 3142 2039 contemnam?
3183 1981 3236 2034 in
3286 1979 3490 2050 regiam

1878 2086 2215 2155 ingressurus
2242 2080 2377 2135 dicis
2401 2121 2415 2145 ,
2454 2076 2738 2146 Quomodo
2782 2089 3071 2146 pauperem
3127 2072 3267 2127 hanc
3309 2085 3493 2126 casam

1878 2176 2215 2247 despiciam?
2244 2174 2383 2229 Vere
2413 2187 2511 2226 nos
2553 2186 2776 2241 semper
2826 2168 2984 2223 nobis
3013 2182 3173 2222 causa
3226 2165 3493 2220 malormn

1878 2284 2089 2336 sumus,
2117 2268 2213 2339 qui
2234 2266 2485 2321 nolumus
2521 2264 2794 2334 paululum
2824 2262 3071 2318 excitari.
3100 2260 3232 2316 Nam
3267 2260 3360 2328 qui
3397 2275 3496 2312 v0-

1881 2366 2129 2429 luerunt,
2171 2369 2320 2415 recte
2344 2374 2404 2413 se
2451 2366 2772 2428 gesserunt;
2819 2354 2983 2425 idque
3006 2368 3127 2409 cum
3160 2365 3357 2421 magno
3389 2350 3498 2405 fer-

1880 2470 2013 2512 vore
2038 2463 2093 2510 et
2132 2452 2408 2508 facilitate.
2439 2449 2657 2506 Utinam
2687 2457 2743 2504 ct
2769 2463 2865 2502 vos
2909 2456 3093 2501 nostra
3123 2443 3498 2499 admonitione

1883 2546 2150 2619 persuasi.
2182 2552 2330 2600 recte
2356 2541 2561 2613 agatis,
2594 2541 3003 2608 imitatoresque
3028 2537 3149 2591 sitis
3186 2551 3373 2591 eorum
3404 2534 3498 2606 qui

1886 2641 2145 2713 praeclare
2166 2654 2227 2695 se
2250 2646 2558 2709 gesserunt,
2590 2635 2761 2705 gratia
2785 2642 2839 2688 et
2865 2632 3197 2703 benignitate
3239 2626 3499 2700 unigeniti

1888 2735 2007 2791 Filii
2033 2774 2047 2799 ,
2074 2736 2290 2804 quicum
2320 2730 2466 2786 Patri
2487 2771 2502 2794 ,
2537 2743 2750 2798 unaque
2791 2737 2981 2782 saneto
3017 2725 3278 2795 Spiritui,
3308 2724 3501 2793 gloria,

1889 2826 2194 2897 imperium,
2228 2823 2424 2889 honor,
2456 2837 2597 2876 nunc
2620 2829 2675 2875 et
2711 2833 2950 2890 semper,
2980 2827 3036 2873 et
3065 2818 3119 2872 in
3152 2816 3352 2873 sa-cula
3398 2830 3506 2870 sa:-

1888 2919 2162 2975 culorum.
2194 2917 2392 2972 Amen.

1425 3122 2732 3165 ,θῇ-Μ

1530 3217 1879 3285 HOMILIA
1922 3215 2092 3276 VIII.

200 3174 990 3206 _______________.____

192 3412 310 3467 Car.
345 3410 395 3463 5.
440 3422 495 3459 v.
528 3406 580 3458 i.
606 3398 774 3455 Simul
805 3394 987 3448 Petrus
1016 3396 1061 3441 et
1101 3383 1329 3437 Joannes
1354 3367 1693 3435 ascendebant
1736 3363 1789 3415 in

457 3491 703 3564 templum
734 3488 802 3539 ad
828 3485 1009 3537 lteram
1043 3471 1289 3530 orationis
1310 3479 1517 3519 nonam.

260 3595 309 3647 ι’.
334 3591 394 3645 lli
421 3550 620 3654 ubique
646 3592 894 3649 magnam
945 3574 1083 3626 inter
1110 3582 1168 3620 se
1190 3558 1537 3623 conctirdiam
1588 3550 1792 3609 habere
1822 3562 1827 3566 ·

198 3682 605 3753 ςοιιειιὶρὶιιιιιυτ.
645 3672 779 3727 Huic
822 3666 989 3721 innuit
1041 3660 1225 3714 Petrus
1259 3671 1277 3709 :
1311 3651 1465 3723 simul
1498 3646 1562 3699 ad
1602 3641 1791 3753 sepul-

196 3734 334 3830 cruni
362 3771 524 3825 ambo
566 3764 789 3819 veniunt
820 3776 833 3811 :
864 3758 931 3811 de
959 3754 1166 3808 Joanne
1188 3745 1317 3800 dicit
1342 3744 1531 3796 Petrus
1556 3734 1791 3794 Christo,

205 3824 495 3922 ἦέξξιυιυηι
538 3860 663 3932 quid
692 3853 885 3930 (Joan.
922 3844 1131 3903 13.24.
1170 3852 1213 3895 et
1238 3839 1328 3891 eo.
1357 3837 1417 3932 β.
1458 3842 1502 3932 et
1537 3831 1627 3932 ειἶ
1656 3825 1718 3879 ei
1748 3824 1796 3894 )?

206 3966 308 4018 Alia
337 3922 562 4032 quidem
581 3922 730 4023 signa
768 3940 1117 4020 prmtermisit
1145 3935 1308 4001 hujus
1355 3927 1472 3982 libri
1521 3922 1793 3990 scriptor;

202 4057 329 4126 quod
356 4028 489 4110 rem
518 4050 571 4103 in
598 4055 874 4112 stuporem
916 4046 968 4090 et
1003 4028 1414 4087 admirationem
1446 4031 1635 4071 oruues
1664 4028 1797 4067 cott-

200 4113 425 4216 jiriebat,
454 4142 585 4198 illud
611 4136 868 4193 narravit.
900 4131 963 4183 lit
983 4122 1373 4179 animadverte,
1400 4113 1520 4166 illos
1544 4124 1648 4162 non
1670 4121 1798 4204 (ξυιιῖ

204 4203 312 4295 iiiiu
356 4239 462 4293 huc
514 4232 759 4291 venisse;
811 4225 881 4277 ita
913 4220 980 4273 ab
1030 4212 1175 4268 omni
1235 4203 1596 4262 astetitatioue
1649 4203 1797 4249 vacui

207 4343 382 4393 erant,
428 4328 819 4386 ductoremque
861 4326 1014 4365 suum
1069 4301 1431 4360 imitabantur.
1477 4292 1585 4347 Cur
1623 4299 1800 4340 autent

207 4421 559 4477 astendernnt
587 4415 640 4467 in
692 4403 989 4475 templum?
1033 4399 1167 4453 Num
1222 4391 1398 4447 adhuc
1450 4382 1675 4440 Judaiee
1722 4378 1803 4431 νὶ-

210 4520 391 4571 γυὶιτιιιι
414 4514 437 4566 ?
464 4508 724 4566 Minime;
757 4497 853 4553 sed
882 4493 1090 4548 utiliter
1124 4487 1227 4540 hoc
1257 4482 1478 4537 faciunt.
1512 4475 1642 4529 Nam
1688 4484 1805 4524 rur-

211 4624 295 4662 sas
316 4610 526 4675 signum
551 4596 751 4655 editur,
777 4586 919 4660 quod
944 4585 1063 4637 illos
1089 4577 1398 4635 eonlirtuet,
1422 4569 1662 4636 aliusque
1686 4576 1807 4630 per-

1294 4668 1304 4675 .
1430 4661 1451 4675 ,.
1648 4666 1659 4675 ,
1708 4654 1775 4675 υ-

214 4654 424 4755 trahar:
454 4696 693 4762 signum,
719 4688 957 4753 inquam,
979 4674 1136 4743 quale
1165 4668 1402 4724 nondum
1428 4661 1685 4717 fecerant.
1707 4654 1806 4708 Na-

217 4795 393 4850 turalis
417 4801 535 4845 erat
570 4783 811 4843 morbus,
842 4775 942 4828 arti
968 4768 1191 4825 medica:
1221 4780 1325 4816 non
1364 4759 1563 4813 cedens
1594 4770 1607 4806 :
1644 4754 1749 4805 imo
1780 4765 1807 4802 a

219 4884 558 4958 qunlraginta
581 4874 739 4929 anuis
754 4865 1109 4929 claudiCabat,
1134 4868 1189 4911 nt
1209 4853 1403 4910 deinde
1421 4851 1631 4908 dieitur,
1654 4858 1811 4898 nemo

224 4940 364 5034 illlum
397 4977 447 5027 in
501 4983 609 5023 tam
646 4969 803 5034 longo
846 4970 1089 5014 tetunore
1120 4955 1420 5003 curari-rat.
1455 4940 1614 4995 Scitis
1646 4950 1772 4989 vero
1794 4976 1808 4997 ,

223 5072 331 5125 huc
351 5087 377 5124 a
414 5064 682 5121 natalibus
713 5032 853 5111 mala
879 5058 1065 5106 curata
1097 5059 1220 5098 esse
1254 5037 1577 5093 difficiliora.
1612 5032 1815 5085 Tantus

223 5174 331 5215 erat
358 5161 575 5213 morbus
596 5162 735 5205 utne
756 5146 973 5216 quidem
1004 5134 1369 5193 necessarium
1398 5128 1497 5182 sibi
1523 5125 1698 5178 cilium
1725 5134 1817 5190 pa-

226 5272 341 5307 mre
369 5259 545 5321 posset
591 5239 816 5310 lii-ignis
829 5251 957 5288 vero
982 5238 1119 5292 erat,
1142 5239 1251 5279 tum
1271 5239 1298 5276 a
1320 5224 1461 5281 loco,
1487 5227 1597 5271 tum
1617 5230 1644 5267 a
1675 5228 1817 5264 niur-

228 5348 290 5401 ιω
312 5304 933 5408 ;cltqttuutodti,‘audi.2.
958 5323 1023 5376 Et
1048 5319 1257 5392 quidam
1275 5315 1370 5377 vir,
1393 5311 1583 5377 inquit,
1608 5304 1819 5358 claudus

227 5456 286 5492 ex
307 5448 439 5488 utero
462 5429 633 5482 matris
664 5438 770 5479 suae
790 5416 1114 5489 bajufubatur
1136 5426 1151 5464 :
1169 5423 1313 5475 quem
1332 5405 1579 5473 ponebant
1601 5395 1823 5466 quotidie

232 5533 293 5583 ad
319 5538 506 5596 portam
530 5520 702 5589 te'upli
724 5559 738 5581 ,
764 5529 877 5586 qua:
907 5509 1093 5563 dicitur
1121 5503 1385 5573 Spreiosa,
1418 5506 1469 5547 ut
1493 5500 1673 5563 peteret
1698 5492 1824 5541 rice-

237 5632 487 5688 vnosynam
515 5613 575 5665 ab
612 5602 982 5663 introeuntibus
1010 5600 1061 5650 in
1102 5593 1367 5661 templum.
1409 5586 1822 5650 Eli-enmsynam

1118 5687 1121 5688 ,
1319 5681 1328 5688 _
1369 5681 1376 5688 _
1572 5686 1577 5688 _
1630 5674 1655 5687 _
1729 5668 1769 5688 Λ
1814 5684 1822 5688 _

235 5668 363 5778 erg;
387 5706 587 5777 petebat
609 5743 623 5765 ,
655 5711 708 5753 et
738 5694 1010 5750 nesciebat
1039 5687 1253 5757 qtiinant
1286 5681 1380 5733 \‘iri
1406 5686 1605 5731 essent.
1726 5668 1825 5736 Qui

240 5822 348 5857 cum
383 5802 576 5854 uidisset
614 5796 815 5847 Petrum
845 5799 886 5842 et
930 5786 1180 5839 Joannem
1208 5776 1498 5843 inripientt's
1537 5767 1739 5821 introire
1777 5765 1828 5817 in

244 5906 492 5975 templum,
522 5898 732 5970 rugttbtti
756 5904 807 5947 ut
831 5892 1197 5954 cfeanmsynaut
1230 5876 1499 5943 acciperet.
1534 5870 1583 5923 i.
1618 5865 1829 5918 Iutucns

1895 3366 2065 3411 autent
2102 3359 2153 3410 in
2194 3372 2304 3409 eum
2338 3354 2522 3408 Petrus
2556 3371 2671 3407 cum
2699 3353 2904 3406 Joanne
2925 3394 2939 3416 ,
2985 3352 3115 3405 dixit
3147 3368 3164 3405 :
3199 3351 3411 3419 Ite-apice
3450 3352 3509 3405 in

1897 3468 2007 3504 nos.
2049 3440 2159 3503 lloc
2189 3449 2332 3501 audit
2361 3464 2375 3512 ;
2411 3448 2499 3501 ille
2536 3462 2663 3501 vero
2697 3462 2870 3515 neque
2899 3446 2978 3499 sic
3006 3446 3248 3516 erigitur,
3283 3446 3377 3500 sed
3411 3445 3506 3498 ad-

1900 3542 2221 3595 huc-manet
2256 3540 2485 3593 instans.
2531 3536 2677 3591 Talis
2704 3537 2848 3591 enim
2881 3545 2965 3590 est
2993 3546 3282 3604 paupertas
3306 3577 3322 3603 ,
3377 3537 3510 3590 dare

1900 3634 2219 3703 negantibus
2251 3633 2415 3686 instat
2457 3639 2513 3685 et
2552 3631 2699 3701 engit
2743 3630 2882 3684 illos.
2937 3629 3335 3688 Ernbcsramus
3369 3643 3467 3681 nus
3493 3670 3507 3693 ,

1901 3727 1990 3795 qui
2016 3742 2044 3777 τι
2081 3726 2329 3795 precibus
2362 3723 2650 3777 t'csilituus.
2691 3721 2823 3775 Vide
2852 3730 3248 3789 atttettt,_quam
3277 3723 3386 3774 cito
3417 3721 3515 3773 Per

1904 3826 2018 3871 trus
2065 3803 2531 3870 ntattsttetttdiiiettt
2579 3813 2873 3877 exhibeat,
2922 3812 3158 3866 dicens:
3199 3812 3411 3878 Respira
3458 3813 3511 3863 in

1904 3927 2016 3963 nos.
2064 3908 2155 3964 Sic
2188 3909 2397 3962 illorum
2439 3908 2653 3960 habitus
2696 3922 2792 3977 per
2827 3921 2886 3959 se
2918 3920 3097 3958 mores
3129 3905 3417 3958 indicabat.
3462 3907 3515 3958 ὕ.

1906 4005 1969 4057 At
1992 4002 2080 4056 ille
2105 4000 2397 4055 intendebat
2424 4001 2476 4053 in
2505 4016 2610 4061 eos,
2643 4016 2857 4068 sperans
2885 4015 2939 4051 se
2958 3997 3163 4067 aliquid
3187 4007 3515 4066 accepturum

1905 4095 1968 4148 ab
1997 4094 2088 4146 eis.
2121 4092 2173 4148 6.
2206 4092 2391 4146 Petrus
2418 4101 2589 4144 autem
2614 4089 2743 4143 dixit
2774 4104 2791 4142 :
2821 4078 3102 4158 Argentum
3126 4098 3171 4141 et
3206 4104 3391 4141 aurum
3419 4105 3521 4141 non

1906 4196 1978 4239 est
2010 4186 2135 4237 milii
2158 4225 2171 4245 ,
2215 4184 2350 4253 quod
2396 4194 2567 4236 autem
2599 4181 2780 4247 habeo,
2810 4181 2905 4234 hoc
2932 4182 3020 4234 tibi
3050 4182 3138 4233 do.
3190 4180 3311 4234 Non
3341 4181 3470 4234 dixit
3501 4218 3518 4245 ,

1910 4279 2042 4333 Rem
2082 4278 2250 4333 multo
2282 4277 2655 4345 pretiosiorem
2682 4286 2908 4344 argento
2948 4274 3018 4328 do
3052 4274 3188 4337 tilii';
3222 4274 3315 4328 sed
3346 4273 3519 4344 quid?

1912 4372 1977 4427 In
2007 4375 2211 4431 nomine
2234 4372 2359 4425 Jesu
2377 4370 2565 4424 Ciniin
2591 4367 2857 4421 Nazareni
2878 4384 3030 4438 surge
3046 4377 3091 4421 et
3122 4368 3349 4421 ambula.
3377 4367 3426 4420 7.
3456 4366 3521 4419 Et

1913 4466 2235 4534 apprehensa
2256 4480 2409 4516 manu
2429 4464 2539 4533 ejus
2558 4463 2760 4525 dextra,
2782 4462 3019 4514 allevarit
3038 4444 3172 4514 eunt.
3214 4464 3287 4513 ita
3322 4460 3446 4515 fet-it
3468 4469 3521 4513 ct

1913 4558 2183 4621 Christus,
2206 4572 2348 4625 szepe
2380 4556 2596 4609 m'anum
2630 4554 2889 4623 porrexit,
2910 4554 3123 4623 quando
3154 4566 3304 4607 erant
3336 4553 3386 4606 in
3420 4554 3522 4608 fide

1917 4650 2263 4713 infirmiores,
2288 4658 2424 4701 utne
2443 4647 2715 4701 videretur
2738 4662 2824 4699 res
2858 4661 2924 4699 ex
2957 4656 3149 4712 sponte
3180 4660 3271 4698 sua
3297 4645 3433 4699 fieri.
3460 4645 3526 4697 Et

1919 4744 2240 4816 apprehensa
2280 4760 2435 4795 manu
2462 4744 2570 4813 ejus
2597 4742 2793 4804 dextra,
2828 4740 3065 4793 altct'avit
3094 4758 3229 4793 eiun.
3266 4740 3379 4794 lloc
3412 4756 3527 4793 tua—

1922 4838 2171 4891 nifestam
2223 4836 2349 4889 fecit
2390 4834 2839 4887 resurrectionem
2868 4849 2880 4883 :
2909 4832 3023 4884 hare
3048 4832 3247 4899 quippe
3279 4846 3530 4885 resnrrc-

1922 4930 2115 4985 etiunis
2148 4930 2320 4996 imago
2348 4935 2482 4981 erat.
2516 4926 2580 4980 Et
2615 4926 2849 4994 protinus
2882 4924 3211 4977 ronsotidata:
3239 4935 3356 4975 sunt
3388 4924 3531 4976 bases

1923 5024 2034 5092 ejus
2060 5031 2101 5074 et
2133 5020 2341 5091 plantw,
2367 5022 2420 5074 8.
2451 5028 2495 5071 et
2525 5018 2762 5071 assiliens
2789 5017 2952 5072 stetit.
2980 5026 3023 5069 et
3044 5016 3532 5069 ambulabat..'l'cu-

1928 5126 2045 5167 tans
2074 5113 2208 5166 forte
2238 5114 2472 5180 seipsum
2496 5152 2510 5174 ,
2560 5118 2613 5163 et
2642 5109 2902 5177 majorem
2931 5101 3324 5175 exierientian
3362 5108 3529 5161 faeiev-

1928 5206 2011 5259 hat
2042 5248 2055 5269 ,
2092 5220 2216 5257 nunt
2247 5203 2441 5255 frustra
2473 5201 2522 5253 id
2552 5200 2749 5253 factum
2784 5210 2946 5252 f’bSCl.
2984 5198 3184 5252 Infirmi
3218 5199 3335 5267 ejus
3366 5200 3534 5267 pedes

1929 5308 2118 5359 erant,
2153 5313 2257 5349 non
2311 5295 2557 5349 aliscissi.
2596 5293 2821 5359 Quidam
2856 5309 2983 5345 vero
3013 5288 3198 5343 dicunt
3248 5291 3419 5357 i,~5um
3453 5294 3537 5343 in.

1930 5392 2126 5447 ('cdcre
2157 5391 2463 5442 ttescivissc.
2498 5387 2559 5439 Et
2586 5386 2791 5438 intravit
2821 5401 2933 5437 cum
2958 5384 3060 5435 illis
3089 5400 3137 5434 tit
3164 5381 3406 5449 templum
3434 5400 3544 5433 mu-

1934 5486 2134 5537 bulans.
2172 5481 2311 5534 Vere
2347 5479 2703 5534 :uluiiratione
2756 5476 2913 5544 digna
2975 5491 3059 5529 res
3113 5485 3251 5527 erat.
3305 5473 3422 5525 Non
3470 5475 3540 5527 illi

1937 5579 2109 5646 ipsum
2136 5576 2361 5634 ducunt,
2392 5572 2483 5625 sed
2515 5574 2778 5641 sequitur,
2802 5580 2853 5624 et
2878 5567 3155 5637 sequendo
3180 5567 3550 5619 lit-nefandus

1934 5668 2207 5728 ostendit;
2238 5674 2399 5733 atque
2428 5662 2587 5715 etiam
2622 5662 2762 5731 quod
2792 5660 3049 5713 assiliens
3080 5659 3321 5712 laudaret
3354 5658 3544 5724 Deum,

1937 5779 2047 5819 non
2078 5760 2197 5818 illos
2233 5756 2546 5811 admirando
2578 5755 2733 5809 lauda
2776 5769 2822 5816 s,
2855 5753 2947 5805 St‘tl
2978 5752 3165 5814 Deum,
3197 5752 3283 5821 qui
3317 5768 3408 5821 per
3436 5753 3557 5807 ili-as

1942 5868 2195 5928 operatus
2225 5863 2361 5910 erat.
2416 5849 2485 5902 ha
2520 5860 2671 5920 grato
2704 5849 2781 5900 \‘ir
2812 5846 2992 5898 auiam
3033 5854 3169 5899 erat.
3224 5844 3328 5899 Sed
3366 5846 3548 5916 prmia
