4098 6324
602 341 665 398 ’11
1353 328 1412 389 S.
1450 322 1725 386 JOANNIS
1759 315 2231 375 CililYSOSTOBil
2271 312 2587 370 AiiClillil‘.
2628 303 3159 369 CONSTANTINOP.
3820 309 3895 363 ἸΙ

606 464 927 525 repetamus.
960 445 1304 503 Ascendebant
1327 483 1343 511 ,
1390 442 1587 525 inquit,
1623 439 1691 491 ad
1726 438 1901 525 lteram
1938 432 2181 525 orationis

604 518 819 598 nonam.
874 532 1138 595 ForissSis
1166 534 1258 589 illo
1293 537 1530 601 tempore
1557 520 1894 595 deporlatum
1935 518 2182 576 claudum

609 635 965 705 dettonebant,
997 629 1209 701 quando
1238 635 1467 682 tuastme
1498 618 1793 677 intrabatur
1819 619 1871 671 in
1905 612 2183 682 templum.

607 728 683 784 Ne
703 727 819 796 quis
841 739 970 781 vero
996 720 1223 792 putaret,
1247 720 1315 773 ob
1332 717 1485 771 a'iiatn
1510 729 1621 769 rem
1644 706 1980 781 deportatum
2001 705 2184 796 fuisse,

606 793 794 873 etnon
840 827 895 869 nt
931 814 1234 882 aecipvi'et;
1281 809 1401 861 vide
1450 802 1717 875 quomodo
1754 799 1805 854 id
1834 798 1979 853 clare
2020 793 2186 865 signi-

609 911 762 975 licet,
807 906 1034 961 dicendo
1066 920 1081 957 :
1113 895 1374 955 Poneiiant
1404 894 1547 949 illuni
1578 905 1632 945 ut
1660 891 2027 959 eleemosgnam
2049 884 2187 974 acci-

609 1012 746 1071 peret
772 998 833 1051 αὗ
858 994 1224 1050 introeuntibus
1250 991 1304 1042 in
1340 987 1600 1057 templum.
1645 981 1769 1036 ideo
1795 983 1851 1033 et
1882 978 2187 1071 loca—com-

621 1090 883 1157 memorat
922 1088 973 1140 in
994 1084 1359 1153 argumentum
1382 1081 1566 1131 eorum
1603 1079 1720 1143 qua:
1754 1068 1960 1125 scribit.
1985 1065 2048 1119 Et
2070 1080 2183 1157 cur,

608 1153 837 1251 inquies,
855 1177 1003 1232 iiiuin
1023 1188 1126 1227 non
1143 1168 1357 1227 Christo
1377 1161 1736 1221 adduxerunt?
1759 1160 1915 1215 Forte
1932 1153 2190 1251 increduli

608 1249 765 1325 erant
800 1268 875 1334 ii,
923 1266 1011 1333 qtti
1052 1262 1250 1331 templo
1280 1258 1587 1314 assidebam
1612 1297 1627 1321 ,
1659 1249 2090 1325 quandoquidem
2121 1255 2190 1302 ne

608 1358 863 1427 apostolis
883 1354 1097 1427 quidem
1115 1354 1287 1422 ipsum
1306 1350 1643 1411 obtulerunt,
1666 1359 1785 1399 cum
1812 1341 2052 1395 viderent
2072 1336 2190 1391 illos

607 1449 852 1520 ingredi,
891 1456 1010 1517 post
1039 1455 1115 1500 tot
1140 1445 1279 1499 edita
1311 1440 1585 1495 miracula.
1618 1434 1867 1507 Rogabat,
1902 1431 2093 1502 inquit,
2134 1438 2190 1483 ut

609 1543 977 1610 ele’en'tosynant
1005 1537 1270 1605 acciperet.
1314 1531 1473 1585 Forte
1498 1546 1561 1583 ex
1592 1527 1774 1582 habitu
1802 1524 1923 1579 illos
1947 1531 2005 1577 ut
2028 1526 2190 1592 qtlos-

612 1631 733 1684 dant
768 1616 881 1699 pios
908 1629 1051 1681 viros
1075 1623 1433 1685 existimavit;
1463 1620 1688 1689 ideoqtte
1718 1616 1943 1670 detinuit
1967 1612 2080 1669 eos.

681 1720 864 1773 Petrus
903 1725 1055 1787 quam
1095 1717 1288 1768 alienus
1326 1731 1357 1765 a
1399 1708 1787 1781 [πίω-νεαρ
1830 1716 2027 1769 autem,
2058 1709 2191 1775 quo.

608 1811 767 1865 modo
793 1808 1026 1864 Joannes
1066 1806 1259 1873 ubique
1284 1805 1472 1866 sileat;
1518 1802 1705 1856 Petrus
1732 1802 1859 1853 vero
1888 1798 2048 1854 etiam
2093 1812 2191 1866 pro

611 1904 703 1954 illo
728 1900 984 1953 rationem
1011 1895 1199 1951 reddat
1223 1914 1234 1948 :
1262 1894 1534 1963 Argentum
1562 1902 1608 1945 et
1629 1894 1810 1944 aurum
1834 1907 1931 1943 non
1952 1890 2023 1942 ett
2043 1888 2187 1952 mihi;

609 1988 791 2057 inquit.
846 1985 963 2040 Nan
993 1985 1155 2048 dixit,
1187 1979 1286 2037 Hie
1317 1998 1425 2035 non
1455 1980 1656 2046 habeo,
1709 1991 1763 2033 ut
1796 1994 1893 2032 nos
1920 1978 2147 2031 dicimus
2169 2016 2185 2041 ,

607 2080 699 2134 sed
732 2088 977 2148 νιος-ειη.
1021 2074 1137 2130 Non
1170 2073 1359 2127 habeo.
1409 2071 1545 2138 Quid
1575 2084 1703 2141 ergo
1732 2067 1993 2123 claudus?
2036 2066 2187 2121 Mene

607 2170 898 2240 supplicem
928 2166 1202 2239 despicis?
1229 2164 1342 2218 Non
1366 2204 1379 2229 ,
1413 2164 1603 2233 inquit;
1636 2162 1730 2217 sed
1766 2160 1834 2215 de
1865 2149 1930 2214 iis
1954 2176 2073 2230 qua:
2095 2158 2191 2212 ha—

609 2260 709 2313 beo
737 2260 937 2327 accipe.
998 2255 1201 2318 Viden‘,
1232 2254 1502 2321 quomodo
1530 2267 1559 2305 a
1586 2253 1721 2305 fastu
1748 2250 1953 2305 alienus
1989 2250 2059 2303 sit
2087 2248 2189 2303 Pe-

609 2361 721 2405 trus
746 2392 760 2414 ,
794 2361 893 2403 nec
922 2358 980 2403 se
1009 2356 1242 2403 os‘entet
1270 2346 1429 2398 etiam
1460 2345 1508 2398 ei
1534 2384 1549 2409 ,
1600 2342 1690 2413 qui
1721 2357 1750 2395 a
1785 2356 1844 2397 se
1874 2340 2189 2395 beneficium

606 2451 919 2509 accepturus
944 2438 1069 2491 est?
1110 2434 1182 2506 0,-t
1211 2436 1384 2503 itaque
1412 2443 1467 2487 et
1496 2447 1686 2486 manus
1718 2440 1883 2484 totum
1917 2428 2185 2484 fecerunt.

608 2530 768 2585 Tales
791 2537 945 2584 erant
981 2526 1147 2582 Judati
1195 2526 1558 2580 claudicantes
1595 2539 1611 2589 ;
1644 2531 1697 2577 et
1725 2537 1847 2576 cum
1879 2535 2015 2591 opus
2044 2509 2190 2575 esset

607 2628 887 2681 sanitatem
916 2635 1096 2694 petere
1116 2663 1129 2685 ,
1162 2621 1239 2674 illi
1266 2619 1445 2689 potius
1476 2618 1730 2687 pecunias
1759 2616 2012 2685 petebant
2039 2614 2189 2669 humi

607 2717 842 2788 iacentes
871 2731 883 2767 :
915 2713 1003 2783 qui
1035 2720 1087 2766 et
1120 2711 1238 2765 ideo
1267 2710 1465 2778 templo
1491 2706 1798 2762 assideban‘t
1822 2748 1837 2772 ,
1868 2716 1925 2760 ut
1951 2706 2190 2759 ditaren-

610 2819 713 2862 tur.
772 2805 907 2873 Quid
950 2804 1106 2873 igitur
1144 2801 1381 2857 Petrus?
1439 2797 1554 2853 Non
1598 2797 1843 2866 despexit
1880 2812 2039 2859 eum,
2085 2804 2191 2851 non

607 2898 824 2953 divitem
852 2895 1125 2964 quatsivit,
1157 2905 1257 2945 nec
1283 2890 1452 2955 dixit,
1495 2888 1602 2943 Nisi
1637 2887 1688 2941 in
1717 2888 1807 2941 ilio
1836 2886 1925 2941 iiat
1957 2887 2191 2941 miracu-

609 2989 715 3043 lum
741 3029 757 3052 ,
802 2986 932 3040 nihil
965 2996 1212 3054 magnum
1244 2982 1347 3035 erit
1379 2996 1392 3033 :
1425 2996 1527 3033 non
1564 2980 1821 3032 honorem
1852 2977 2189 3047 exspectavit

609 3078 678 3133 ab
704 3078 815 3141 illo,
846 3091 1016 3145 neque
1048 3072 1401 3143 pra'setttibus
1429 3068 1747 3138 quibusdam
1771 3070 1975 3123 curavit
2004 3068 2185 3122 illum:

609 3179 725 3225 erat
750 3168 890 3222 enim
921 3166 1000 3219 vir
1030 3168 1080 3218 in
1112 3165 1351 3233 ingressu
1378 3203 1393 3227 ,
1428 3174 1531 3215 non
1567 3160 1708 3214 intus
1729 3201 1743 3223 ,
1789 3160 1875 3212 ubi
1910 3169 2026 3215 erat
2056 3158 2193 3213 tnui-

610 3260 802 3315 titudo.
825 3260 889 3313 At
918 3257 1046 3311 nihil
1070 3256 1260 3309 horum
1288 3253 1533 3323 quarsivit
1556 3245 1763 3318 Petrus,
1794 3268 1966 3322 neque
1988 3254 2195 3324 ingres-

609 3361 702 3407 sus
731 3348 1065 3419 praedicavit,
1110 3346 1202 3400 sed
1243 3356 1311 3400 ex
1338 3344 1453 3397 solo
1483 3343 1664 3397 habitu
1690 3342 1936 3397 claudum
1964 3346 2184 3399 attraxit

612 3444 679 3498 ad
724 3441 1030 3512 petendum.
1060 3426 1319 3507 Quodque
1352 3435 1543 3489 miram
1571 3444 1690 3499 est,
1742 3434 1831 3487 ille
1862 3437 2038 3490 statim
2069 3450 2189 3491 cre-

614 3535 766 3589 didit.
814 3533 942 3587 Natn
970 3532 1059 3599 qui
1090 3544 1119 3583 a
1158 3529 1377 3582 diutinis
1417 3526 1617 3582 morbis
1648 3526 1851 3580 liberati
1894 3536 2056 3593 Sunt,
2100 3526 2188 3583 vii

611 3627 833 3683 credunt
854 3625 1017 3679 etiam
1042 3635 1105 3676 ea
1130 3635 1248 3691 qua:
1279 3619 1478 3675 vident.
1510 3619 1577 3672 Et
1605 3627 1819 3673 sanatus
1848 3617 2041 3674 deinde
2068 3635 2191 3675 cum

614 3716 871 3788 apostolis
895 3724 1031 3779 erat,
1058 3712 1258 3782 gratias
1288 3718 1451 3782 agens
1482 3710 1609 3764 Deo.
1643 3708 1707 3762 Et
1734 3710 1963 3779 intrauit,
1998 3709 2188 3781 inquit,

617 3821 731 3862 tum
756 3808 857 3861 illis
883 3807 937 3859 in
973 3804 1249 3873 templum,
1280 3801 1578 3867 ambulans,
1624 3802 1859 3855 exsiliens
1885 3812 1933 3855 et
1973 3801 2192 3856 laudans

616 3900 798 3953 Deum.

685 3991 741 4044 2.
785 3988 949 4052 Vide,
979 3984 1249 4056 quomodo
1274 4000 1378 4039 non
1407 3986 1649 4053 quiescat
1674 4022 1689 4048 ,
1720 3994 1829 4038 tum
1860 3999 1927 4039 ex
1957 3976 2151 4055 gaudio
2170 4024 2185 4051 ,

618 4088 729 4137 tam
758 4090 815 4135 ut
853 4077 1051 4134 Judteis
1076 4091 1169 4131 ora
1198 4077 1459 4131 obstruat.
1493 4074 1563 4133 Ut
1589 4086 1766 4130 autem
1798 4074 2005 4131 videtur
2036 4077 2188 4142 mihi,

618 4189 685 4230 ne
717 4173 988 4228 videretur
1024 4170 1275 4225 ementita
1314 4172 1434 4233 res,
1482 4167 1600 4222 ideo
1642 4169 1754 4237 ipse
1792 4167 2004 4222 saltavit
2038 4186 2051 4223 :
2094 4167 2193 4225 hoc

616 4264 757 4320 c'nim
789 4262 932 4316 nullo
959 4258 1117 4314 modo
1144 4258 1379 4312 sintuiari
1411 4258 1637 4328 petera’t.
1670 4258 1770 4325 Qui
1799 4261 1943 4313 enim
1971 4259 2194 4313 omnino

620 4360 725 4407 nun
755 4358 961 4421 poterat
1004 4346 1292 4414 incedere,
1342 4348 1479 4401 fante
1522 4344 1679 4401 etiam
1712 4354 1973 4417 cogente;
2020 4358 2194 4419 neque

619 4444 763 4499 c‘nim
807 4441 1063 4495 voluisset
1099 4454 1220 4493 cum
1254 4439 1444 4508 bajuiis
1483 4440 1853 4509 eieemosynas
1882 4441 2104 4509 partiri,
2148 4443 2193 4497 si

618 4535 765 4591 seius
794 4535 873 4588 ire
900 4533 1192 4602 potuisset;
1224 4531 1388 4585 multo
1416 4532 1583 4601 magis
1611 4542 1754 4586 tunc.
1796 4534 2073 4601 Quomodo
2099 4551 2197 4591 an-

619 4634 726 4681 tem
765 4622 1067 4679 simulasset
1095 4623 1145 4676 in
1175 4623 1397 4690 gratiam
1428 4638 1609 4677 eorum
1634 4664 1648 4690 ,
1680 4624 1767 4693 qui
1798 4621 2194 4697 elcemosynam

623 4729 729 4769 non
757 4713 1059 4768 dederant?
1086 4712 1191 4766 Sed
1222 4712 1355 4782 grati
1381 4710 1547 4766 animi
1573 4712 1652 4766 vir
1677 4724 1809 4778 erat,
1845 4716 2004 4769 etiam
2034 4718 2194 4787 adep-

624 4816 707 4858 tns
734 4806 1035 4858 sanitatem.
1071 4802 1326 4873 Utrinqne
1347 4818 1475 4872 ergo
1503 4802 1674 4858 iitielis
1700 4786 2021 4875 ostenditur,
2047 4817 2103 4863 et
2128 4786 2193 4864 ex

628 4896 908 4965 gratiarum
938 4894 1146 4949 actione
1166 4933 1181 4960 ,
1222 4898 1279 4949 εἰ
1304 4908 1369 4949 ex
1397 4907 1462 4949 eo
1491 4893 1631 4964 quod
1662 4896 1873 4950 accidit.
1920 4898 2035 4953 Non
2066 4915 2196 4956 sane

631 4985 870 5039 omnibus
897 4989 1055 5040 trellis
1078 4994 1230 5049 erat;
1283 4984 1421 5040 Unde
1448 4994 1503 5040 et
1529 4988 1892 5056 agnoscebant
1920 4989 2089 5044 illum.
2137 4990 2191 5046 9.

632 5077 689 5134 Et
732 5076 855 5131 uidit
885 5092 1038 5140 eum,
1083 5074 1286 5144 inquit,
1333 5078 1495 5129 omnis
1535 5078 1752 5147 papulas
1780 5079 2117 5135 ambulantem
2147 5091 2195 5136 et

637 5167 910 5228 hvtdmttem
942 5168 1121 5221 Deum.
1153 5167 1239 5223 10.
1271 5165 1744 5238 Cognoscebantqne
1770 5171 1936 5239 ipsum
1962 5189 2088 5233 esse,
2110 5164 2222 5245 qui.

637 5263 691 5314 tui
725 5261 1091 5327 eleemosgnant
1123 5258 1322 5311 sedebat
1349 5258 1417 5310 ad
1444 5257 1737 5328 Speciosam
1768 5272 1964 5331 portam
2005 5264 2198 5332 templi.

626 5351 768 5404 Bene
793 5350 930 5403 dixit
953 5390 969 5413 ,
1008 5349 1379 5419 Cognoscebant
1410 5366 1427 5403 :
1454 5360 1577 5405 nam
1609 5362 1790 5421 postea
1820 5369 1923 5407 non
1951 5357 2204 5425 cognosci

625 5444 827 5508 itepit:
864 5442 960 5494 hac
985 5439 1182 5508 quippe
1223 5446 1351 5493 vote
1394 5442 1591 5495 utimur
1630 5443 1769 5497 circa
1809 5452 1942 5511 eos,
1984 5446 2072 5515 qui
2117 5448 2201 5502 vix

618 5539 993 5600 agnoscuntur.
1013 5530 1168 5585 Credi
1190 5545 1319 5600 ergo
1338 5534 1635 5600 oportebat,
1659 5551 1848 5590 nomen
1863 5536 2058 5591 Christi
2084 5555 2181 5608 pec

623 5631 739 5675 cata
769 5620 1041 5675 dimittere
1063 5662 1080 5687 ,
1107 5623 1248 5691 quod
1278 5630 1422 5677 tanta
1451 5636 1779 5693 operaretur.
1810 5628 1896 5681 11.
1923 5628 2049 5683 Cum
2072 5642 2205 5684 tene-

618 5722 693 5767 ret
721 5724 887 5768 autem
914 5713 959 5768 is
982 5752 998 5781 ,
1027 5714 1113 5785 qui
1138 5728 1349 5770 sanatus
1376 5720 1561 5786 fuerat,
1592 5717 1804 5773 Petram
1836 5730 1881 5775 et
1911 5719 2165 5779 Joannem
2187 5768 2201 5793 ,

2293 429 2523 482 convenit
2569 431 2733 481 omnis
2776 431 3000 500 populus
3036 428 3105 480 ad
3154 424 3404 495 porticum
3440 439 3557 495 qua
3597 425 3901 495 appellatur

2291 518 2605 583 Salomonis,
2634 529 2908 588 stupentes.
2940 520 3015 572 Ex
3045 512 3415 572 benevolentia
3442 528 3497 569 et
3518 515 3755 570 amicitia
3779 532 3897 570 nnu

2289 609 2634 677 separabatur
2671 610 2741 663 ab
2771 609 2901 678 ipsis
2928 608 3150 665 claudus
3171 648 3185 671 ,
3234 606 3461 663 fortasse
3494 607 3698 678 gratias
3726 613 3902 679 agens

2289 709 2343 753 et
2368 699 2588 753 laudans
2612 701 2749 753 iiitta.
2781 698 2848 752 Et
2871 699 3184 763 occurrebat,
3218 699 3421 769 inquit,
3456 698 3620 751 omnis
3648 699 3900 766 papulas.

2294 789 2380 844 12.
2423 789 2609 843 Videris
2628 802 2802 856 autem
2832 791 2947 842 illos
2980 790 3193 855 Petrus,
3223 789 3505 860 respondit.
3543 790 3752 843 Rursus
3782 790 3904 858 ipse

2292 889 2347 935 et
2371 893 2622 950 operatur
2648 891 2701 935 et
2729 883 3099 936 concinnatur.
3131 880 3268 935 Tum
3298 880 3514 949 quidem
3558 881 3680 935 illos
3705 881 3774 934 id
3804 897 3906 935 au-

2291 972 2544 1027 diendum
2571 974 2821 1029 excitavit
2849 974 3145 1043 linguarum
3176 971 3514 1036 m‘iracnldm,
3546 979 3690 1027 nunc
3716 981 3903 1028 autem

2293 1062 2396 1118 hoc
2422 1064 2629 1134 signum
2655 1083 2669 1119 :
2694 1070 2748 1120 et
2772 1074 2899 1118 tunc
2924 1063 3204 1119 exordium
3234 1062 3386 1116 duxit
3410 1078 3440 1115 a
3478 1063 3731 1129 crimine,
3754 1067 3906 1119 nunc

2292 1154 2360 1207 ab
2387 1154 2661 1223 opinione.
2713 1155 2997 1209 Videamus
3042 1164 3221 1209 autem
3244 1194 3260 1221 ,
3301 1153 3428 1223 quid
3454 1154 3523 1209 ab
3552 1155 3643 1209 ilia
3681 1153 3906 1209 differat

2294 1244 2409 1300 inec
2433 1236 2655 1313 cencio,
2687 1250 2742 1302 ct
2771 1247 2897 1316 quid
2931 1261 3217 1302 commune
3246 1262 3367 1301 cum
3412 1246 3501 1301 illa
3546 1247 3763 1302 habeat.
3797 1247 3903 1302 Ilia

2292 1336 2437 1391 domi
2469 1337 2628 1393 iit-bat
2648 1379 2663 1404 ,
2694 1353 2813 1392 cum
2845 1353 3004 1393 nemo
3033 1338 3209 1392 adhuc
3236 1338 3569 1404 accessisset,
3601 1355 3705 1395 nec
3736 1339 3906 1410 quidd

2294 1428 2433 1497 piam
2463 1429 2533 1483 illi
2560 1430 2763 1499 operati
2796 1428 3058 1493 fuissent;
3094 1428 3209 1484 inec
3237 1444 3367 1483 vero
3393 1430 3645 1485 omnibus
3686 1430 3904 1486 mirano'

2295 1521 2436 1575 tibus
2460 1561 2473 1584 ,
2528 1521 2618 1574 ilio
2643 1522 2733 1590 qui
2764 1527 2981 1575 sanatus
3013 1519 3201 1575 fuerat
3221 1535 3388 1590 prope
3416 1521 3664 1577 adstante
3685 1560 3703 1587 ,
3738 1522 3900 1576 nullo

2293 1608 2602 1674 dubitante,
2649 1620 2708 1664 ut
2752 1617 2904 1676 tunc,
2954 1625 3074 1666 cum
3119 1610 3333 1680 quidam
3376 1610 3628 1666 dicebant
3671 1612 3905 1667 :Husto

2294 1700 2431 1768 pleni
2453 1709 2567 1753 sunt
2617 1699 2768 1770 (Act.
2807 1700 2862 1753 2.
2896 1701 2959 1756 i3
2986 1702 3025 1770 ).
3069 1700 3136 1755 Et
3179 1710 3303 1755 tunc
3344 1700 3435 1755 ille
3474 1715 3595 1756 cum
3638 1700 3905 1772 apostolis

2294 1791 2542 1847 omnibus
2581 1790 2936 1861 loquebatur,
2986 1798 3128 1846 nunc
3163 1801 3284 1846 cunt
3335 1792 3449 1847 solo
3492 1792 3702 1848 Joanne
3737 1811 3751 1847 :
3784 1796 3902 1865 jam

2294 1882 2436 1935 enim
2467 1882 2555 1937 ille
2582 1891 2637 1936 et
2664 1882 3018 1937 confidentius
3048 1882 3284 1952 loquitur
3308 1891 3361 1938 et
3406 1883 3805 1939 vehementius.

2376 1966 2543 2032 Virtus
2560 1988 2754 2043 semper
2770 1978 2971 2045 pro/icit
2991 2020 3006 2042 ,
3039 1994 3312 2048 numquam
3349 1980 3565 2049 gradum
3586 1980 3739 2034 sistit.
3771 1979 3905 2034 Pec-

2295 2077 2406 2121 cata
2436 2080 2549 2122 sunt
2589 2070 3013 2137 spinea—Talis
3047 2072 3243 2141 quippe
3274 2087 3360 2127 res
3387 2082 3468 2126 est
3498 2074 3667 2128 virtus
3694 2091 3711 2127 :
3743 2074 3903 2128 initio

2295 2167 2511 2227 sumpto
2541 2159 2899 2228 progreditur,
2929 2169 2983 2215 et
3010 2176 3297 2231 numquam
3323 2162 3544 2231 gradum
3571 2163 3736 2219 sistit.
3764 2164 3905 2220 Vide

2294 2258 2470 2302 autem
2528 2250 2797 2318 quomodo
2838 2252 3110 2319 provisum
3156 2253 3247 2319 sit,
3280 2262 3336 2308 ut
3368 2255 3423 2308 in
3454 2256 3652 2325 templo
3681 2257 3901 2329 signum

2298 2339 2468 2407 fieret,
2498 2351 2621 2395 utet
2640 2342 2728 2395 alii
2758 2342 3110 2399 conﬁderent.
3136 2342 3320 2414 Neque
3341 2346 3483 2401 enim
3505 2346 3556 2402 in
3582 2350 3783 2420 angulo
3812 2352 3903 2406 vel

2294 2431 2430 2484 ciam
2456 2432 2582 2486 illud
2614 2443 2941 2503 Operantnr;
2982 2445 3037 2489 at
3088 2450 3265 2506 neque
3306 2438 3445 2493 intra
3476 2440 3735 2511 templum
3756 2483 3775 2509 ,
3806 2444 3901 2499 ubi

2295 2529 2485 2591 magna
2522 2532 2637 2577 erat
2666 2525 2971 2580 multitudo".
3011 2525 3290 2593 Quomodo
3330 2540 3533 2596 autem,
3569 2530 3807 2603 inquies,
3841 2534 3899 2589 id

2294 2614 2553 2669 creditum
2576 2615 2709 2670 fuit?
2736 2617 2867 2684 Quia
2901 2619 2945 2671 is
2967 2618 3099 2686 ipse,
3127 2620 3216 2689 qui
3239 2627 3462 2676 eanatns
3496 2621 3691 2689 fuerat,
3726 2624 3903 2681 hcneé

2297 2704 2471 2757 licium
2506 2705 2845 2774 praedicabat.
2877 2706 3058 2778 Neque
3088 2709 3228 2763 enim
3268 2712 3525 2765 mentitus
3553 2712 3763 2781 fuisset,
3795 2731 3899 2772 nc-

2301 2794 2409 2863 que
2434 2795 2500 2850 ad
2528 2797 2661 2851 alios
2709 2797 2964 2867 quosdam
2993 2800 3243 2855 venisset.
3276 2800 3439 2872 igitur
3465 2804 3551 2859 ubi
3580 2806 3745 2859 iatunt
3776 2809 3904 2876 spe;

2296 2882 2426 2937 tium
2449 2896 2586 2950 erat,
2618 2886 2686 2940 ibi
2704 2887 2909 2955 signum
2938 2891 3141 2957 operati
3167 2900 3327 2956 sunt;
3354 2893 3507 2961 quasi
3539 2896 3686 2951 locus
3713 2912 3906 2952 sctno-

2295 2986 2381 3032 tus
2422 2986 2585 3032 esset.
2631 2976 2700 3031 Et
2742 2977 2862 3033 vide
2902 2978 3028 3047 quid
3060 2981 3255 3035 factum
3315 2983 3402 3037 sit.
3451 2984 3531 3039 Ad
3572 2986 3729 3040 aliam
3781 3002 3904 3044 rem

2298 3069 2615 3133 ascendunt,
2656 3080 2712 3124 et
2757 3068 2899 3124 aliud
2944 3083 3252 3141 operantur.
3282 3073 3373 3129 Sic
3402 3086 3459 3142 et
3482 3076 3768 3134 Cornelius
3794 3081 3903 3135 alia

2292 3160 2541 3228 jejunans
2568 3159 2906 3230 precabatur,
2957 3170 3011 3215 et
3053 3162 3157 3217 alia
3207 3164 3367 3219 videt.
3402 3165 3671 3223 iiaeteuus
3696 3171 3903 3240 ultique

2294 3248 2566 3304 Christum
2593 3250 2925 3306 Nazarenum
2952 3254 3238 3322 appellant.
3264 3253 3331 3309 In
3353 3259 3555 3311 nomine
3582 3258 3711 3313 Jcsu
3747 3261 3905 3315 Citri-

2292 3336 2359 3395 sll
2397 3339 2684 3408 Nazareni,
2717 3342 2903 3412 inquit,
2935 3349 3086 3415 surge
3124 3356 3169 3399 et
3225 3347 3447 3401 ambula.
3491 3346 3704 3405 Interim
3750 3355 3903 3409 enim

2294 3429 2424 3485 ilittd
2450 3430 2809 3501 qtncrehatur,‘
2842 3444 2897 3487 nt
2924 3436 3019 3503 ipsi
3050 3437 3381 3493 crederetur.
3415 3439 3519 3495 Sed
3551 3449 3639 3507 n'e,‘
3669 3459 3860 3512 quaeso
3882 3485 3901 3512 ,

2294 3526 2445 3579 initio
2464 3527 2723 3582 Orationis
2747 3527 3050 3583 fatiseamus
3071 3547 3085 3595 ;
3105 3530 3196 3585 sed
3216 3534 3423 3585 etiamsi
3448 3535 3569 3603 quis
3590 3548 3707 3604 post
3733 3531 3905 3593 enar-

2296 3630 2467 3673 ratum
2511 3619 2715 3675 faCinus
2762 3618 2991 3686 desinat,
3045 3623 3252 3677 initium
3303 3627 3628 3694 repetamus.
3661 3626 3717 3684 Si
3760 3628 3904 3686 bene

2295 3710 2469 3765 allecti
2498 3710 2686 3775 simus,
2715 3713 2821 3764 cito
2842 3711 2906 3765 ad
2940 3710 3096 3765 linem
3124 3715 3515 3782 perveniemus,
3549 3718 3656 3772 cito
3679 3719 3907 3776 culmen

2298 3802 2635 3871 attingemus.
2664 3801 2905 3856 Studium
2938 3804 3101 3864 enim.
3138 3806 3326 3875 inquit,
3360 3808 3593 3862 studium
3637 3822 3899 3879 generat;

2299 3894 2503 3963 ignavia
2528 3895 2813 3963 ignaviam.
2833 3896 2930 3962 Qui
2959 3897 3224 3950 modicum
3246 3900 3517 3969 quidpiam
3542 3916 3688 3958 recte
3715 3881 3904 3973 patra-

2298 3982 2392 4042 vit.
2433 3984 2604 4053 majus
2637 3984 2907 4054 quidpiam
2954 3986 3178 4041 ﬁdenter
3214 3991 3543 4060 aggreditur,
3577 4004 3629 4049 et
3671 3997 3908 4053 ulterius

2300 4075 2484 4129 tendit.
2535 4076 2611 4129 Ac
2649 4077 3095 4145 queinadtnodum
3138 4080 3273 4149 ignis
3316 4090 3516 4151 quanto
3558 4084 3711 4154 plura
3755 4088 3905 4159 ligna

2300 4168 2541 4237 cbrripit,
2594 4176 2742 4221 tanto
2781 4169 3147 4223 vehementior
3197 4172 3426 4227 eﬂicilt'tr
3460 4178 3580 4231 :sie
3627 4185 3681 4229 ιιι
3721 4175 3904 4234 anitn'i

2302 4255 2479 4310 fervor
2508 4262 2707 4327 qt‘t‘anto
2741 4252 2915 4326 plures
2944 4256 3141 4314 excitat
3182 4263 3294 4330 pias
3338 4267 3709 4336 Cogitationes,
3746 4279 3908 4326 tanto’

2305 4348 2492 4403 fortius
2517 4359 2751 4401 armatur
2779 4350 3035 4404 adversus
3064 4352 3189 4405 alia.
3236 4353 3478 4425 Exempli
3509 4373 3670 4413 causn
3704 4377 3720 4416 :
3749 4372 3905 4418 sunt

2303 4442 2355 4495 iu
2380 4442 2532 4496 nobis
2552 4456 2649 4494 ceu
2672 4442 2836 4511 spina:
2855 4443 3170 4512 periurium,
3196 4447 3531 4501 mendacium
3555 4493 3571 4518 ,
3599 4451 3898 4517 simulatio.

2302 4533 2473 4599 dolus,
2521 4534 2775 4601 nequitia,
2803 4536 3121 4599 convicium,
3175 4542 3495 4604 scnnnnam,’
3527 4542 3689 4607 risus,
3720 4548 3903 4616 turpia

2302 4625 2503 4694 loquia.
2530 4624 2881 4680 scarrilitates
2916 4644 2927 4676 :
2960 4635 3142 4681 rursus
3163 4643 3229 4681 ex
3252 4629 3419 4684 altera
3440 4642 3608 4700 parte,
3641 4637 3901 4705 avaritia,

2304 4717 2509 4785 rapina,
2557 4715 2833 4787 injustitia,
2880 4718 3248 4787 sycopitantia,
3293 4721 3538 4788 illSltiltl};
3590 4725 3905 4791 iterumque

2304 4811 2731 4881 concupiscentia
2755 4814 2913 4875 mala,
2942 4812 3296 4877 innnutnlitia,
3322 4814 3560 4884 lascivia,
3591 4818 3900 4883 fernicatiu,

2305 4903 2650 4966 adulterium;
2676 4918 2738 4957 ac
2765 4919 2997 4969 rursum,
3025 4904 3241 4970 invidia,
3269 4907 3551 4979 zelotypia,
3586 4911 3685 4974 ira,
3717 4912 3897 4979 furor,

2305 4995 2616 5063 ittjuriarunt
2651 4995 2974 5059 recordatio,
3005 4995 3255 5061 vindicta,
3284 4999 3634 5069 biasltlrentia‘,
3663 5012 3719 5057 et
3743 5005 3906 5060 imm.

2307 5101 2452 5140 mera
2484 5087 2605 5139 talia
2638 5086 2719 5140 :si
2747 5086 2921 5154 priora
2955 5094 3097 5140 recte
3128 5089 3416 5159 egerimus,
3449 5104 3554 5145 non
3584 5091 3671 5145 illa
3699 5095 3904 5157 solum.

2306 5175 2400 5229 sed
2428 5177 2584 5229 etiam
2609 5178 2903 5244 posteriora
2931 5189 3302 5245 exsequemur.
3352 5180 3565 5233 Fortior
3588 5182 3733 5236 enim
3777 5184 3908 5240 eva-

2306 5265 2384 5320 dit
2408 5267 2619 5319 animus
2635 5267 2698 5319 ad
2722 5276 2914 5319 cmtera
2943 5270 3247 5326 evertenda.
3274 5269 3432 5324 Verbi
3460 5274 3628 5341 gratia
3650 5276 3739 5343 qui
3765 5283 3911 5330 tun!-

2311 5366 2419 5410 tmn
2446 5358 2665 5427 juravit,
2698 5358 2740 5410 si
2769 5359 2908 5412 hunc
2936 5362 3229 5413 satanictnn
3265 5377 3468 5417 morem
3496 5364 3564 5419 de
3596 5369 3775 5421 medio
3802 5374 3908 5425 iul-

2311 5449 2398 5512 lat,
2434 5465 2537 5501 non
2572 5448 2673 5502 hoc
2700 5449 2869 5502 solum
2919 5462 3062 5505 recte
3089 5454 3312 5521 peregit.
3360 5456 3455 5507 sed
3480 5466 3533 5509 et
3572 5458 3672 5509 alia
3731 5462 3910 5529 pii-tas

2311 5540 2519 5595 inducta
2552 5540 2676 5595 erit.
2708 5540 2894 5594 Nullus
2935 5544 3074 5597 enim
3115 5560 3218 5598 nea
3246 5544 3537 5614 jurantinm
3572 5548 3729 5604 facile
3760 5554 3909 5607 volet

2309 5632 2449 5683 afiud
2481 5635 2677 5684 malum
2726 5634 2969 5702 operari;
3005 5634 3097 5690 sed
3133 5653 3291 5704 quam
3322 5651 3641 5708 asseqnulus
3671 5655 3756 5696 est
3789 5646 3908 5700 vir-

2314 5733 2478 5778 tutem
2505 5724 2852 5779 rever-cititur.
2878 5726 3336 5791 Quemadmodum
3377 5732 3519 5786 enim
3552 5733 3638 5803 qui
3676 5734 3907 5804 ptddtn
