4074 6302
642 417 703 468 73
1327 410 1381 464 S.
1425 406 1712 462 JOANNIS
1750 401 2250 460 CHRYSOSTOMI
2291 402 2620 491 ARCHIEP.
2661 400 3212 458 CONSTANTIL‘OP.
3831 395 3897 450 74

640 533 778 585 λῖσιι
819 529 1039 582 ἑαυτόν·
1083 527 1225 580 οὕτω
1263 527 1324 596 δὴ
1365 526 1456 578 καὶ
1503 521 1674 586 οὗτος.
1733 525 1862 576 ’Λπδ
1917 524 1972 576 δὲ
2017 523 2207 574 τούτου

640 618 756 686 ἥξει
787 617 864 678 εἰς
896 612 958 666 τὸ
978 612 1052 683 μὴ
1078 612 1410 684 ὀργίζεσθαι,
1443 611 1579 682 μηδέ
1615 609 1859 673 τύπτειν,
1891 608 2022 678 μηδέ
2053 607 2209 678 ὑϐρί-

640 702 772 764 ζειν.
807 701 904 750 Ἂν
949 698 1056 766 γὰρ
1101 695 1246 761 ἅπαξ
1283 694 1350 747 τὰ
1382 693 1552 764 μικρά
1593 693 1932 765 κατορθώσῃ,
1986 692 2046 745 τὸ
2102 693 2210 744 πᾶν

638 786 888 854 ήνυσται.
957 781 1247 849 Συμϐαίνει
1302 779 1358 832 δὲ
1410 778 1670 842 πολλάκις
1709 777 1804 832 καὶ
1855 778 1916 829 τὸ
1949 777 2214 839 ἐναντίον,

642 869 787 933 ἅπαξ
817 863 1265 937 κατορθώσαντάς
1301 872 1326 901 α
1369 880 1422 914 τι
1451 861 1610 914 πάλιν
1651 863 1758 916 ἀπὸ
1801 861 2072 933 ῥᾳθυμίας
2103 862 2216 924 τοῖς

642 952 823 1013 αὑτοῖς
864 949 1197 1018 περιπεσεῖν,
1245 947 1320 1010 ὡς
1364 949 1427 1000 ἐκ
1465 945 1652 999 τούτου
1685 947 1776 1000 καὶ
1821 947 1900 1008 εἰς
1955 944 2215 998 ἀδύνατον

643 1033 963 1104 περιστῆναι
998 1032 1180 1085 λοιπὸν
1221 1031 1281 1083 τὸ
1325 1032 1575 1102 πρᾶγμα.
1609 1023 1754 1094 Οίον,
1783 1029 2058 1098 ἐθήκαμεν
2091 1029 2218 1082 ἐαυ-

641 1121 753 1183 τοῖς
793 1119 952 1189 νόμον
1001 1117 1074 1187 μὴ
1095 1114 1341 1186 ὀμνύναι,
1371 1113 1808 1183 κατωρθώσαμεν
1833 1112 2044 1183 ήμέρας
2069 1112 2216 1183 τρεῖς

642 1205 674 1272 ἢ
723 1204 816 1257 καὶ
858 1202 1165 1271 τέσσαρας·
1205 1200 1321 1269 μετ’
1360 1198 1573 1262 ἐκείνας
1600 1200 1679 1262 είς
1712 1197 1957 1267 ἀνάγκην
1989 1213 2216 1266 περιπε-

644 1287 844 1350 σόντες,
879 1284 939 1337 τὸ
963 1282 1250 1353 συλλεχθέν
1278 1282 1467 1354 κέρδος
1504 1282 1648 1335 ἅπαν
1669 1281 2072 1352 ἐσκορπίσαμεν
2099 1295 2112 1310 ο
2139 1282 2217 1342 εἰς

645 1370 917 1440 ρᾳθυμίαν
974 1369 1158 1422 λοιπὸν
1198 1368 1544 1438 ἐμπίπτομεν
1604 1365 1696 1419 καὶ
1728 1366 2082 1433 ἀπόγνωσιν,
2143 1365 2218 1425 ὡς

645 1455 777 1526 μηδέ
820 1455 930 1507 τῶν
981 1454 1158 1507 αὑτῶν
1210 1452 1450 1522 ἅψασθαι
1497 1449 1821 1520 βουληθῆναι
1879 1448 2071 1502 πάλιν·
2124 1447 2218 1500 καὶ

642 1540 884 1602 εἰκότως.
929 1539 986 1592 ὐ
1034 1537 1143 1608 γάρ
1188 1553 1237 1588 τι
1291 1535 1647 1604 οἰκοδομήσας
1697 1532 1893 1603 ἐαυτῷ,
1943 1528 2061 1586 εἶτα
2098 1531 2218 1584 ίδὼν

643 1622 1021 1696 καθῃρημένον
1046 1621 1105 1674 τὸ
1129 1617 1377 1689 οίκοδόμη
1389 1637 1482 1689 μα,
1513 1619 1882 1691 ῥᾳθυμότερος
1918 1617 2066 1671 ἔσται
2092 1618 2220 1689 περὶ

640 1708 702 1760 τὸ
726 1706 886 1759 πάλιν
915 1705 1231 1772 οἰκοδομεῖν.
1261 1703 1400 1756 ’Λλλ⁵
1420 1703 1481 1755 οὑ
1505 1702 1585 1755 δεῖ
1600 1703 1863 1774 ῥᾳθυμεῖν
1879 1702 1998 1755 οὑδέ
2015 1702 2184 1765 οὕτως
2201 1718 2214 1732 ·

644 1791 776 1845 ἀλλά
808 1791 963 1842 πάλιν
987 1788 1203 1858 ἔχεσθαι
1231 1789 1329 1858 τῆς
1365 1787 1616 1857 σπουδῆς.

716 1873 778 1940 γ’.
800 1871 992 1943 Θῶμεν
1009 1871 1183 1924 τοίνυν
1207 1872 1418 1934 ἑαυτοῖς
1434 1871 1629 1940 νόμους
1647 1871 2068 1944 καθημερινούςο
2080 1871 2218 1935 τέως

644 1958 751 2010 ἀπὸ
792 1956 900 2008 τῶν
953 1955 1189 2009 εὑκόλων
1233 1955 1557 2026 ἀρξώμεθα·
1629 1957 2012 2029 περικόψωμεν
2060 1956 2218 2028 ήμῶν

641 2041 740 2109 τὴν
766 2040 1090 2112 πολυορκίαν
1117 2039 1209 2093 τοῦ
1242 2041 1527 2110 στόματος,
1568 2040 1782 2110 χαλινὸν
1832 2040 2106 2111 ἐπιθῶμεν
2151 2043 2218 2113 τῇ

644 2123 879 2196 γλώττῃ,
910 2124 1094 2194 μηδεὶς
1128 2122 1344 2192 ὀμνύτω
1374 2121 1462 2175 τὸν
1494 2123 1646 2176 Θεόν.
1676 2125 1788 2177 Οὑκ
1812 2124 1957 2178 ἐστιν
1991 2125 2223 2178 ἐνταῦθα

640 2209 878 2279 δαπάνη,
898 2209 998 2261 οὐκ
1012 2208 1156 2260 ἐστιν
1171 2205 1401 2260 ἐνταῦθα
1424 2207 1684 2278 κάματος,
1703 2208 1802 2262 οὐκ
1825 2208 1969 2261 ἐστιν
1991 2208 2223 2262 ἐνταῦθα

647 2296 837 2364 χρόνου
878 2293 1076 2362 μελέτη
1107 2309 1120 2322 ·
1154 2293 1314 2362 ἀρκεῖ
1351 2291 1590 2363 θελῆσαι,
1631 2293 1720 2346 καὶ
1752 2291 1810 2345 τὸ
1841 2294 1948 2344 πᾶν
1992 2293 2181 2360 γέγονε
2206 2310 2218 2324 ·

649 2377 932 2447 συνηθείας
960 2377 1066 2447 γὰρ
1094 2376 1154 2428 τὸ
1193 2376 1423 2445 πρᾶγμά
1451 2379 1583 2429 ἐστι.
1607 2376 1716 2429 Ναὶ
1745 2377 2046 2446 παρακαλῶ
2075 2377 2102 2416 b
2130 2380 2222 2431 καὶ

643 2462 853 2531 δέομαι,
910 2458 1146 2531 σπουδὴν
1203 2459 1458 2528 τοιαύτην
1501 2459 1916 2530 είσενέγκωμεν.
1983 2463 2115 2514 Εἰπέ
2158 2462 2220 2533 δή

651 2563 762 2613 μοι,
796 2546 843 2596 εί
878 2547 1133 2614 χρήματα
1171 2543 1427 2596 ἐκέλευσα
1461 2545 1808 2611 εἰσενεγκεῖν,
1843 2546 1942 2597 οὐκ
1983 2545 2048 2598 ἂν
2090 2563 2222 2616 προ-

651 2629 836 2697 θύμως
875 2625 987 2697 [67]
1025 2627 1252 2689 ἕκαστος
1293 2626 1364 2679 τὰ
1391 2626 1530 2697 κατά
1572 2626 1798 2697 δύναμιν
1831 2628 2221 2693 συνεϐάλεσθε;

651 2712 702 2762 εί
725 2696 795 2780 με
830 2696 892 2764 ἐν
918 2696 1178 2772 κινδύνοις
1198 2710 1404 2779 ἑωρᾶτε
1438 2696 1548 2772 τοῖς
1580 2696 1844 2778 ἐςχάτοις,
1891 2712 1989 2764 οὑκ
2035 2712 2099 2765 ἀν
2132 2712 2227 2765 καὶ

649 2795 755 2846 ἀπὸ
783 2794 879 2862 τῆς
916 2791 1133 2862 σαρκὸς,
1161 2791 1213 2844 εἴ
1242 2809 1305 2860 γε
1333 2787 1443 2845 οἷόν
1467 2809 1522 2844 τε
1561 2788 1651 2863 ἦν,
1685 2795 2056 2863 ἀποτεμόντες
2080 2794 2225 2847 ἔδοτε

648 2881 712 2931 ἄν
739 2895 752 2943 ;
800 2878 888 2930 Ἐν
911 2875 1141 2946 κινδύνῳ
1171 2876 1264 2928 καὶ
1294 2876 1387 2928 νῦν
1413 2879 1529 2946 είμι
1557 2876 1649 2929 καὶ
1682 2875 1883 2947 πολλῷ,
1921 2878 2013 2930 καὶ
2050 2877 2124 2940 ώς
2161 2875 2225 2930 ἂν

651 2965 698 3014 εἰ
729 2963 821 3014 καὶ
856 2960 994 3031 μετά
1018 2961 1207 3013 τούτου
1231 2961 1323 3012 καὶ
1347 2961 1716 3031 δεσμωτήριον
1745 2960 1940 3031 ῷκουν,
1968 2962 1999 3033 ἢ
2027 2962 2226 3032 μυρίας

653 3045 842 3098 ἐλαϐον
889 3044 1123 3115 πληγὰς,
1166 3044 1198 3114 ἢ
1251 3047 1330 3106 εἰς
1370 3043 1608 3114 μέταλλα
1656 3045 1970 3114 ἐτύγχανον,
2017 3045 2116 3099 οὑκ
2160 3046 2226 3100 ἂν

654 3129 840 3182 τούτου
875 3129 1034 3181 πλέον
1062 3127 1293 3199 ἤλγησα.
1326 3129 1496 3199 Χεῖρα
1533 3128 1711 3182 τοίνυν
1730 3129 1974 3198 όρέξατε.
2017 3130 2229 3200 Ἐννοή-

646 3231 779 3266 σατε
814 3213 941 3283 γὰρ,
973 3213 1094 3274 ὅσος
1127 3212 1385 3275 κίνδυνος,
1425 3211 1557 3282 μηδέ
1604 3212 1663 3264 τὸ
1709 3213 2032 3283 μικρότατον
2074 3214 2230 3268 τοῦτο

653 3297 1011 3368 (μικρότατον
1039 3295 1094 3348 δέ
1122 3295 1284 3364 λέγω,
1308 3296 1432 3349 ὅσον
1458 3298 1537 3359 είς
1565 3297 1724 3350 πόνον
1749 3298 1909 3366 ἥκει)
1938 3298 2228 3369 δυνηθῆναι

655 3380 1014 3453 κατορθῶσαι.
1047 3381 1108 3433 Τί
1153 3380 1262 3450 ἐρῶ
1307 3382 1426 3434 τότε
1477 3382 1909 3453 ἐγκαλούμενος;
1961 3384 2102 3438 διατί
2155 3385 2228 3454 μὴ

647 3463 1005 3534 ,διηλέγχθης;
1036 3463 1176 3516 διατί
1203 3463 1276 3533 μὴ
1311 3465 1610 3530 ἐπέταξας;
1651 3466 1790 3518 διατί
1823 3467 1896 3537 μὴ
1920 3466 2080 3536 νόμον
2109 3467 2230 3538 ἐθη-

653 3565 790 3613 κας;
843 3548 984 3599 διατί
1040 3547 1166 3609 τοὺς
1205 3546 1278 3616 μὴ
1343 3547 1697 3618 πειθομένους
1769 3550 1868 3602 οὑκ
1917 3549 2227 3615 ἐκώλυσας;

655 3633 766 3685 Οὐκ
805 3632 966 3702 ἀρκεῖ
998 3648 1089 3701 μοι
1134 3633 1327 3694 εἰπεῖν,
1369 3632 1449 3684 ὅτι
1507 3632 1852 3701 ἐνουθέτησα.
1923 3632 2081 3687 Ἀλλὰ
2138 3634 2231 3686 καὶ

656 3715 1040 3786 σφοδροτέρας,
1071 3716 1266 3786 φησὶν,
1284 3717 1654 3786 ἐπιτιμήσεως
1698 3716 1842 3769 ἔδει·
1897 3717 2018 3769 ἐπεὶ
2064 3717 2157 3770 καὶ
2204 3720 2230 3770 ὁ

670 3799 814 3852 Ἰιλεὶ
866 3799 1152 3852 ἐνουθέτει.
1229 3798 1386 3852 Ἀλλὰ
1439 3799 1513 3870 μὴ
1563 3800 1770 3867 γένοιτο
1809 3800 1955 3871 ὑμᾶς
2005 3801 2230 3864 ἐκείνοις

658 3882 993 3955 παραϐαλεῖν
1047 3884 1158 3945 τοῖς
1226 3881 1398 3936 παισί.
1467 3883 1728 3946 Κάκεῖνος
1785 3885 2070 3949 ἐνουθέτει,
2138 3885 2231 3937 καὶ

649 3969 808 4037 ἔλεγε
835 3984 847 3997 ·
888 3968 984 4035 Μὴ
1030 3967 1233 4025 τέκνα.
1277 3967 1365 4036 μὴ
1419 3967 1638 4020 ποιεῖτε
1677 3968 1858 4021 οὕτω·
1906 3967 2138 4034 πονηρὰ
2192 3969 2230 4035 ὴ

655 4052 830 4118 ἀκοὴ,
867 4050 946 4118 ἢν
963 4049 1077 4120 ἐγὼ
1103 4050 1300 4104 ἀκούω
1330 4050 1461 4118 περὶ
1498 4049 1686 4119 ὑμῶν.
1729 4049 1885 4104 Ἀλλὰ
1917 4050 2232 4122 προῖοῦσαή

658 4137 844 4206 Γραφή
893 4151 1075 4203 φησιν,
1111 4135 1191 4188 ὅτι
1234 4134 1333 4187 οὑκ
1379 4133 1644 4187 ἐνουθέτει
1684 4134 1808 4197 τοὺς
1854 4135 2002 4198 υἱοὺς
2043 4135 2229 4190 αὑτοῦ.

660 4218 827 4271 Τοῦτο
849 4217 905 4270 δὲ
931 4218 1100 4286 λέγει,
1131 4217 1316 4287 ἐπειδὴ
1345 4219 1403 4270 οὑ
1430 4217 1694 4288 σφοδρῶς,
1725 4218 1844 4270 οὑδέ
1873 4219 1987 4288 μετ’
2012 4218 2234 4290 ἐπιπλή-

663 4302 794 4366 ξεως
822 4302 979 4355 τοῦτο
1011 4301 1200 4356 ἐποίει.
1238 4304 1360 4364 Πῶς
1389 4304 1496 4374 γὰρ
1524 4305 1623 4356 οὑκ
1649 4305 1865 4367 ἄτοπον,
1899 4305 1956 4355 ἐν
1995 4306 2093 4373 μὲν
2117 4308 2236 4370 ταῖς

664 4389 1003 4454 συναγωγαῖς
1025 4384 1132 4439 τῶν
1168 4385 1435 4439 Ἰουδαίων
1458 4386 1628 4448 οὕτως
1665 4388 1918 4457 ισχυροὺς
1943 4384 2080 4442 εἶναι
2111 4393 2234 4453 τοὺς

663 4469 880 4538 νόμους,
938 4469 1042 4522 κᾶν
1079 4470 1107 4522 6
1143 4468 1408 4522 διδάσκων
1465 4468 1691 4541 ἐπιτάξῃ
1735 4471 1912 4524 πάντα
1953 4471 2230 4539 γίνεσθαι·

658 4552 893 4605 ἐνταῦθα
922 4552 980 4605 δέ
1008 4552 1180 4615 οὓτως
1199 4553 1348 4622 ἡμᾶς
1378 4553 1890 4624 καταπεφρονῆσθαι
1933 4555 2024 4608 καὶ
2065 4558 2234 4628 άπερ-

662 4637 884 4707 ρἰθαι;
924 4638 998 4689 Ού
1029 4638 1127 4706 τῆς
1159 4638 1394 4707 ἐμαυτοῦ
1422 4637 1577 4708 δόξης
1615 4655 1704 4708 μοι
1739 4639 1889 4708 μέλει
1939 4639 2100 4711 (δόξα
2130 4643 2235 4712 γὰρ

663 4722 790 4790 ἐμὴ,
829 4722 862 4791 ή
911 4721 1153 4791 ὑμετέρα
1197 4721 1605 4792 εὑδοκίμησις),
1647 4721 1781 4777 ἀλλά
1826 4726 1924 4796 τῆς
1970 4726 2238 4796 ὑμετέρας

668 4803 955 4872 σωτηρίας.
990 4804 1124 4856 Καθ’
1153 4804 1391 4872 έκάστην
1418 4805 1635 4874 ἡμέραν
1660 4805 1894 4876 βοῶμεν,
1939 4809 2237 4880 ἐνηχοῦμεν

667 4886 819 4955 ὑμῶν
852 4888 970 4948 ταῖς
1015 4888 1238 4949 ἀκοαῖς·
1288 4889 1316 4940 ὁ
1361 4888 1415 4940 δέ
1446 4887 1658 4942 ἀκούων
1685 4889 1889 4954 οὐδείς·
1941 4892 2034 4944 καὶ
2088 4893 2238 4946 οὐδὲν

668 4970 892 5042 σφοδρὸν
926 4971 1365 5040 ἐπιδεικνύμεθα.
1413 4973 1708 5044 Φοϐοῦμαι,
1756 4974 1830 5045 μὴ
1875 4979 1972 5047 τῆς
2011 4978 2237 5048 ἀκαίρου

664 5056 867 5124 ταύτης
919 5054 1011 5108 καὶ
1054 5055 1247 5125 πολλῆς
1304 5056 1709 5128 φιλανθρωπίας
1751 5059 1908 5126 λόγον
1961 5060 2102 5112 κατὰ
2144 5061 2240 5132 τὴν

670 5132 965 5210 μέλλουσαν
1026 5140 1237 5209 ἡμέραν
1303 5141 1647 5211 ὑπόσχωμεν.
1727 5141 1817 5194 Διὸ
1879 5142 2085 5214 μεγάλῃ
2149 5147 2240 5198 καὶ

667 5224 896 5295 λαμπρᾷ
924 5227 990 5294 τῇ
1021 5227 1171 5294 φωνῇ
1197 5225 1448 5294 κηρύττω
1477 5227 1632 5290 πᾶσι,
1662 5227 1755 5280 καὶ
1779 5226 2239 5298 διαμαρτύρομαι,

670 5311 808 5362 ὥστε
843 5309 966 5371 τοὺς
1001 5308 1100 5377 τὴν
1150 5309 1459 5377 παράϐασιν
1501 5308 1701 5380 ταύτην
1749 5310 2240 5382 ἐπιδεικνυμένους,

672 5394 794 5457 τοὺς
835 5394 900 5447 τά
942 5397 1005 5447 ἐκ
1042 5393 1136 5446 τοῦ
1185 5393 1420 5464 πονηροῦ
1456 5393 1860 5464 φθεγγομένους
1903 5394 2100 5466 (τοῦτο
2135 5398 2243 5466 γάρ

673 5479 818 5530 ἐστιν
853 5479 881 5530 6
903 5477 1062 5548 ὅρκος
1084 5477 1102 5545 )
1124 5519 1136 5539 ,
1169 5477 1277 5530 τῶν
1299 5476 1465 5529 ούδῶν
1489 5477 1562 5547 μὴ
1583 5477 1884 5532 ἐπιϐαίνειν
1915 5479 2023 5531 τῶν
2056 5480 2246 5550 ἐκκλη-

676 5560 986 5615 σιαστικῶν.
1019 5560 1333 5632 Προθεσμία
1357 5561 1413 5614 δὲ
1457 5558 1581 5631 ὑμῖν
1605 5562 1744 5615 ἔστω
1775 5565 1803 5616 6
1834 5564 1940 5634 μὴν
1969 5565 1996 5617 6
2036 5564 2244 5636 παρὼν,

672 5645 814 5698 ῶστε
858 5643 1220 5713 κατορθῶσαι.
1253 5646 1343 5715 Μὴ
1374 5646 1481 5716 γάρ
1510 5662 1597 5716 μοι
1625 5646 1802 5718 εἴπῃς,
1844 5649 1924 5700 ὅτι
1967 5649 2050 5703 Με
2078 5652 2109 5720 ή
2141 5650 2246 5701 τῶν

676 5729 1017 5800 πραγμάτων
1072 5731 1282 5799 ἀνάγκη
1333 5731 1671 5799 κατεπείγει,
1744 5732 1825 5784 ὅτι
1892 5733 2245 5803 ἀπιστοῦμαι.

676 5814 825 5876 Τέως
860 5815 983 5877 τοὺς
1023 5813 1131 5867 ἀπὸ
1173 5815 1272 5882 τῆς
1318 5814 1605 5885 συνηθείας
1636 5815 1954 5886 περίκοπτε.
1987 5814 2137 5882 Οἶδα,
2167 5820 2246 5870 ὅτι

744 5944 767 5973 ⁸
796 5943 1070 6021 Unuchlqd.
1094 5944 1321 6021 πολλάκις
1344 5945 1422 6021 καὶ
1459 5944 1690 6021 τοιοῦτον,
1715 5945 1822 6021 οἷον.
1843 5945 1966 6021 quas
2006 5949 2248 6021 καταρθώ-

681 6022 897 6070 σανταεη
933 6006 960 6044 ὶι
989 6008 1122 6056 Unus
1163 6009 1315 6056 codex
1356 6008 1472 6056 ian
1510 6008 1592 6057 Διὸ
1616 6009 1892 6070 παρακαλῶ.
1933 6009 2083 6059 ΞαιΗ.
2129 6006 2245 6057 ἐστι.

686 6069 957 6133 Παρακαλῶ
971 6105 977 6117 .

2318 521 2500 573 πολλοὶ
2535 522 2851 588 γελάσονται
2879 523 3044 592 ἡμᾶς,
3075 518 3210 574 ἀλλὰ
3232 517 3437 588 βέλτιον
3464 517 3608 586 ήμᾶς
3637 513 3899 582 γελᾶσθαι

2316 603 2486 672 νῦν,ἢ
2522 604 2804 657 κλαίεσθαι
2831 615 2853 643 ο
2892 605 3040 656 τότε⁸
3093 602 3413 671 γελάσονται
3451 599 3507 651 δὲ
3536 600 3650 652 ὅσοι
3680 597 3894 669 μαίνον-

2316 704 2426 740 ται.
2479 689 2574 751 Ί¹ίς
2621 688 2750 758 γὰρ,
2807 690 2927 742 εἰπέ
2983 706 3091 758 μοι,
3145 677 3268 740 νοῦν
3301 685 3437 756 ἔχων
3489 683 3903 753 φυλαττομένης

2317 773 2541 842 ἐντολῆς
2564 774 2892 839 γελάσεται;
2939 773 2999 826 lsi
3042 773 3097 825 δὲ
3141 773 3247 842 ἄρα
3277 770 3615 838 γελάσονται,
3647 767 3762 821 ἀλλ’
3801 770 3901 834 οὐχ

2320 857 2488 926 ήμᾶς,
2547 856 2683 910 ἀλλά
2730 857 2822 909 τὸν
2874 855 3106 926 Χριστὸν
3159 857 3207 907 οἱ
3269 854 3497 906 τοιοῦτοι
3557 851 3900 920 γελάσονται.

2330 938 2613 1011 Ἐφρίξατε
2636 938 2698 992 τὸ
2724 940 2841 1010 είρη
2853 939 3010 1008 μένον
3037 956 3050 1004 ;
3080 934 3208 991 Οἶδα
3248 937 3421 1004 κάγώ.
3459 937 3517 988 Εἰ
3545 937 3643 1005 μὲν
3671 930 3762 986 οὖν
3787 933 3906 999 ἐγὼ

2318 1023 2409 1076 τὸν
2438 1023 2598 1092 νόμον
2619 1021 2808 1075 τοῦτον
2831 1023 3138 1092 εἰσήγαγον,
3163 1022 3292 1091 ἐμὸς
3315 1021 3377 1073 ἂν
3406 1021 3490 1089 εἴη
3515 1019 3606 1071 καὶ
3633 1019 3661 1069 ό
3691 1015 3868 1085 γέλως
3889 1031 3904 1048 ·

2319 1107 2367 1158 εἰ
2415 1106 2472 1159 δὲ
2519 1107 2548 1159 6
2598 1103 2894 1177 νομοθέτης
2939 1107 3124 1176 ἕτερός
3178 1104 3344 1165 ἐστιν,
3397 1107 3515 1157 ἐκεῖ
3547 1101 3812 1154 διαϐαίνει
3868 1101 3902 1168 ή

2319 1188 2602 1257 χλευασία.
2637 1189 2744 1241 Καὶ
2775 1189 3076 1259 ἐνεπτύσθη
3111 1188 3240 1241 ποτὲ
3289 1190 3315 1240 ὁ
3359 1186 3612 1257 Χριστὸς,
3666 1184 3759 1238 καὶ
3807 1184 3907 1236 ἐπὶ

2320 1271 2525 1342 κόρρης
2555 1271 2765 1341 ἐπλήγη
2814 1273 2904 1323 καὶ
2943 1271 3269 1342 ἐρῤαπίσθη.
3335 1271 3610 1340 Ἀνέχεται
3663 1267 3752 1321 καὶ
3805 1265 3907 1318 νῦν

2318 1355 2511 1416 ταῦτα,
2545 1355 2637 1407 καὶ
2667 1354 2819 1406 οὐδὲν
2847 1354 3093 1417 ἀπεικός.
3125 1355 3222 1407 Διὰ
3248 1354 3404 1407 τοῦτο
3428 1353 3623 1422 γέεννα
3672 1351 3908 1423 ήτοίμα-

2321 1457 2460 1500 σται,
2493 1439 2580 1492 διὰ
2607 1438 2762 1492 τοῦτο
2794 1438 3007 1511 σκώληξ
3036 1439 3406 1508 άτελεύτητος.

2405 1523 2534 1576 Ἰδοὺ
2578 1523 2740 1576 πάλιν
2774 1517 2915 1590 λέγω
2948 1523 3042 1576 καὶ
3079 1523 3556 1593 διαμαρτύρομαι·
3612 1523 3669 1575 ’0
3716 1518 3907 1590 βουλό-

2324 1625 2482 1679 μενος
2505 1606 2735 1675 γελάτω,
2791 1609 2818 1660 6
2867 1606 3187 1677 βουλόμενος
3227 1606 3560 1676 χλευαζέτω·
3613 1606 3692 1667 εἰς
3741 1601 3908 1657 τοῦτο

2321 1676 2574 1760 κείμεθα,
2635 1693 2714 1755 είς
2773 1690 2833 1743 τὸ
2863 1690 3123 1759 γελᾶσθαι
3163 1691 3256 1743 καὶ⁴
3303 1688 3681 1760 χλευάζεσθαι,
3721 1689 3801 1751 είς
3843 1688 3908 1740 τὸ

2323 1775 2499 1829 πάντα
2530 1775 2741 1830 παθεῖν.
2767 1775 3256 1844 Περικαθὰρματα
3284 1773 3388 1827 τοῦ
3430 1775 3660 1840 κόσμου
3688 1771 3906 1841 ἐσμὲν,

2321 1857 2462 1911 κατὰ
2490 1858 2580 1911 τὸν
2605 1859 2872 1928 μακάριον
2895 1857 3125 1913 Παῦλον.
3149 1859 3216 1911 Et
3241 1874 3323 1920 τις
3348 1855 3422 1927 μὴ
3445 1855 3690 1926 βούλεται
3714 1873 3910 1926 κατορ-

2323 1940 2493 1994 θῶσαι
2528 1940 2685 1994 τοῦτο
2711 1941 2774 1993 τὸ
2802 1941 3102 2011 ἐπίταγμα,
3137 1941 3325 2012 ὥσπερ
3367 1940 3627 2008 σάλπιγγί
3662 1937 3774 2010 [68]
3798 1955 3909 1990 τινι

2321 2022 2408 2077 διὰ
2440 2023 2534 2076 τοῦ
2563 2023 2722 2091 λόγου
2758 2023 3088 2094 ἀπαγορεύω
3116 2024 3138 2062 δ
3170 2024 3278 2076 τῶν
3305 2023 3472 2076 οὑδῶν
3499 2024 3572 2094 μὴ
3605 2022 3911 2075 ἐπιϐαίνειν

2323 2107 2429 2160 τῶν
2469 2108 2940 2179 ἐκκλησιαστικῶν
2970 2108 3047 2179 τῷ
3083 2108 3330 2177 τοιούτῳ,
3368 2107 3470 2160 κᾶν
3502 2108 3683 2177 ἄρχων
3709 2103 3764 2177 ᾖ,
3798 2105 3912 2158 κᾶν

2323 2192 2486 2256 αὑτὸς
2522 2193 2550 2244 6
2579 2193 2640 2245 τὸ
2669 2192 2903 2262 διάδημα
2948 2193 3348 2264 περικείμενος.
3406 2193 3476 2244 Ἢ
3532 2189 3787 2244 καθέλετέ
3840 2208 3911 2258 με

2323 2279 2553 2348 ταυτησὶ
2583 2277 2680 2347 τῆς
2711 2277 2906 2347 ἀρχῆς,
2959 2278 2992 2351 ἢ
3043 2279 3271 2347 μένοντα
3304 2276 3377 2348 μὴ
3408 2274 3759 2347 περιϐάλλετε
3791 2292 3901 2326 κιν-

2324 2360 2518 2423 δύνοις.
2549 2362 2659 2412 Οὐκ
2692 2361 2953 2430 ἀνέχομαι
2988 2363 3081 2414 ἐπὶ
3114 2361 3204 2414 τὸν
3233 2361 3420 2431 θρόνον
3457 2359 3647 2412 τοῦτον
3677 2358 3912 2411 ἀναϐαί-

2324 2460 2435 2494 νειν
2459 2444 2532 2512 μὴ
2569 2443 2779 2512 μεγάλα
2805 2443 3106 2514 κατορθῶν.
3141 2445 3202 2497 Εἰ
3239 2444 3346 2514 γὰρ
3373 2442 3447 2513 μὴ
3476 2442 3628 2495 τοῦτο
3661 2440 3915 2496 δυνατὸν.

2328 2527 2532 2596 βέλτιον
2586 2528 2807 2581 ἑστάναι
2858 2525 3028 2580 κάτω.
3067 2528 3362 2598 Ἀρχοντος
3412 2526 3519 2596 γάρ
3566 2524 3733 2594 μηδὲν
3779 2524 3916 2586 τοὺς

2325 2609 2662 2680 ἀρχομένους
2693 2609 3028 2679 ὠφελοῦντος
3048 2610 3199 2663 οὐδὲν
3221 2608 3571 2680 ἀθλιώτερον.
3617 2609 3736 2660 Ἔτι
3781 2625 3916 2659 συν-

2328 2692 2532 2744 τείνατε
2573 2693 2819 2756 ἑαυτοὺς,
2855 2694 2948 2747 καὶ
2981 2693 3304 2765 προσέχετε,
3331 2690 3664 2762 παρακαλῶ·
3706 2690 3739 2760 ἢ
3767 2691 3884 2760 μᾶλ
3905 2717 3916 2728 -

2329 2775 2415 2828 λον
2439 2778 2632 2841 εἰπεῖν,
2686 2777 3046 2848 συντείνωμεν
3086 2778 3331 2842 ἑαυτοὺς,
3367 2777 3460 2830 καὶ
3492 2777 3714 2838 πάντως
3755 2777 3920 2828 ἔσται

2328 2876 2377 2911 τι
2411 2859 2590 2912 πλέον.
2624 2860 2996 2928 Νηστεύσατε,
3027 2861 3445 2932 παρακαλέσατε
3488 2859 3578 2913 τὸν
3621 2859 3774 2920 Θεὸν,
3816 2861 3920 2912 καὶ

2328 2945 2487 3013 ἡμεῖς
2519 2942 2635 3011 μεθ’
2678 2944 2848 3012 ὑμῶν,
2881 2943 3022 2996 ὥστε
3049 2944 3146 3014 τὴν
3182 2944 3426 3014 ὀλέθριον
3460 2943 3662 3014 ταύτην
3710 2941 3920 3007 ἐξελεῖν

2332 3026 2636 3095 συνήθειαν.
2675 3027 2839 3080 Οὐδὲν
2874 3029 3018 3097 μέγα
3049 3030 3167 3082 ἐστὶ
3210 3040 3232 3069 ε
3271 3029 3523 3098 γενέσθαι
3557 3028 3919 3093 διδασκάλους

2331 3112 2430 3179 τῆς
2453 3110 2776 3181 οἰκουμένης
2798 3127 2810 3139 ·
2838 3111 2897 3163 ού
2926 3111 3119 3183 μικρὸν
3147 3112 3478 3183 ἀκουσθῆναι
3515 3113 3810 3182 πανταχοῦ,
3831 3113 3921 3166 ὃτι

2334 3190 2398 3262 δὴ
2433 3193 2488 3245 ἐν
2520 3194 2645 3264 τῇδε
2672 3196 2737 3264 τῇ
2763 3194 2912 3247 πόλει
2938 3195 3112 3259 οὐδείς
3145 3198 3291 3249 ἐστιν
3319 3199 3346 3249 6
3368 3195 3556 3266 ὀμνύς.
3603 3196 3727 3249 Ἐἀν
3754 3194 3924 3248 τοῦτο

2331 3275 2576 3346 γένηται,
2628 3277 2688 3330 οὑ
2742 3276 2850 3331 τῶν
2911 3280 3126 3332 οἰκείων
3186 3278 3624 3350 κατορθωμάτων
3674 3278 3921 3349 λήψεσθε

2335 3360 2494 3430 μόνον
2538 3360 2630 3413 τὸν
2662 3361 2872 3430 μισθὸν,
2902 3363 3038 3416 ἀλλὰ
3073 3363 3167 3416 καὶ
3203 3364 3298 3433 τῆς
3325 3363 3467 3434 ὑπὲρ
3509 3363 3617 3416 τῶν
3667 3362 3925 3432 ἀδελφῶν

2334 3443 2604 3513 σπουδῆς·
2633 3445 2769 3514 ὅπερ
2806 3446 2910 3515 γὰρ
2953 3446 3080 3516 ὑμῖν
3121 3447 3235 3516 εἰμι
3271 3445 3402 3515 ἐγὼ,
3454 3445 3611 3500 τοῦτο
3655 3448 3810 3517 ὑμεῖς
3847 3450 3920 3516 τῇ

2331 3526 2621 3597 οἰκουμένῃ
2652 3529 2963 3598 γενήσεσθε.
2999 3529 3222 3592 Πάντως
3253 3531 3344 3582 καὶ
3375 3529 3548 3601 ἕτεροι
3581 3529 3926 3600 ζηλώσουσιν

2334 3611 2479 3678 ὑμᾶς
2503 3626 2514 3639 ·
2550 3611 2765 3675 πάντως
2793 3612 2978 3664 ἔσεσθε
3023 3614 3213 3684 λύχνος
3249 3614 3341 3667 ἐπὶ
3375 3613 3596 3685 λυχνίας
3638 3613 3920 3684 κείμενος.

2334 3695 2440 3746 Καὶ
2473 3693 2630 3747 τοῦτό
2675 3697 2811 3757 ἐστι,
2859 3696 3011 3765 φησι,
3054 3696 3114 3749 τὸ
3159 3699 3299 3760 πᾶνς
3357 3697 3433 3750 Οὑ
3489 3697 3645 3750 τοῦτό
3699 3699 3816 3751 ἐστι
3861 3700 3925 3752 τὸ

2334 3778 2462 3838 πᾶν,
2495 3777 2632 3830 ἀλλὰ
2666 3777 2823 3830 τοῦτο
2869 3779 3012 3849 ἀρχὴ
3058 3779 3166 3832 τῶν
3209 3778 3403 3834 ἄλλων.
3473 3778 3535 3833 ’0
3586 3779 3660 3850 μὴ
3718 3781 3921 3850 ὀμνὺς,

2333 3859 2552 3922 πάντως
2579 3860 2670 3911 ἐπὶ
2700 3860 2984 3914 εὐλάϐειαν
3017 3861 3138 3930 ἥξει
3163 3863 3253 3914 καί
3283 3861 3496 3931 ἑτέραν,
3518 3863 3611 3916 καὶ
3649 3862 3789 3918 ἑκὼν
3824 3867 3926 3918 καὶ

2334 3943 2499 4003 ἄκων,
2533 3944 2627 3997 καὶ
2659 3945 3043 4014 αἰσχυνόμενος
3070 3947 3163 3999 καὶ
3192 3945 3541 4015 φοϐούμενος.

2417 4026 2555 4078 Ἀλλ’
2579 4028 2679 4079 οὑκ
2705 4027 2988 4097 ἀνέχονται
3016 4029 3220 4091 πολλοὶ,
3254 4031 3436 4098 φησιν,
3482 4031 3596 4084 ἀλλ’
3625 4031 3928 4102 ἀποπηδῶ-

2336 4127 2437 4162 σιν.
2484 4110 2657 4163 Ἀλλὰ
2689 4109 2940 4173 βέλτιον
2967 4104 3054 4176 εἷς
3080 4111 3267 4164 ποιῶν
3298 4112 3363 4166 τὸ
3401 4116 3632 4183 θέλημα
3672 4117 3925 4184 Κυρίου,

2334 4193 2371 4259 ἣ
2401 4191 2604 4259 μυρίοι
2643 4191 2984 4261 παράνομοι.
3040 4194 3171 4247 ’Λπὸ
3201 4193 3329 4263 γοῦν
3359 4197 3547 4251 τούτου
3583 4199 3759 4253 πάντα
3787 4201 3929 4253 ἀνα-

2335 4277 2657 4347 τέτραπται,
2690 4277 2868 4330 πάντα
2896 4277 3008 4330 ἄνω
3036 4278 3128 4332 καὶ
3168 4281 3318 4332 κάτω
3351 4281 3592 4350 γέγονεν,
3624 4284 3704 4336 ὅτι
3743 4284 3926 4337 καθά-

2338 4376 2442 4429 περ
2470 4361 2528 4412 ἐν
2561 4362 2673 4423 τοῖς
2704 4359 2951 4431 θεάτροις
2982 4361 3216 4433 πλήθους
3248 4365 3534 4435 ἐφιέμεθα,
3570 4368 3629 4420 οὑ
3679 4367 3929 4435 πλήθους

2335 4441 2578 4512 δοκίμου.
2622 4442 2686 4497 Τί
2717 4443 2823 4514 γὰρ
2845 4443 3022 4513 ὄχλος,
3067 4445 3193 4500 εἰπέ
3228 4464 3340 4516 μοι,
3371 4447 3658 4520 δυνήσεται
3689 4449 3926 4520 (aﬂuat;

2336 4523 2524 4577 Βούλει
2553 4524 2764 4594 μαθεῖν,
2805 4527 2886 4579 ὅτι
2925 4528 3081 4598 ὄχλος
3121 4530 3171 4581 οί
3218 4529 3362 4597 ἆγιοί
3395 4533 3553 4599 εἰσιν,
3589 4533 3688 4603 οὑχ
3712 4534 3761 4586 οἱ
3793 4535 3930 4587 πολ-

2336 4607 2447 4668 λοῖς
2505 4607 2832 4678 Ἐξαγάγετε
2861 4612 2940 4668 είς
2985 4612 3222 4683 πόλεμον
3270 4614 3463 4668 ἐκατὸν
3513 4617 3781 4688 μυριάδας
3829 4622 3932 4672 καὶ

2338 4691 2434 4743 ἕνα
2470 4693 2622 4761 ἆγιον
2646 4710 2660 4723 ⁸
2691 4693 2888 4760 ἴδωμεν
2917 4701 3000 4758 τις
3022 4694 3242 4748 πλείονα
3284 4698 3556 4768 κατορθοῖ.
3605 4699 3863 4770 Ἐξῆλθεν
3902 4705 3932 4755 6

2352 4775 2553 4844 Ἰησοῦς
2574 4777 2602 4828 6
2621 4775 2713 4828 τοῦ
2738 4777 2894 4847 Ναυὴ
2919 4779 2997 4841 είς
3017 4779 3106 4831 τὸν
3130 4779 3379 4849 πόλεμον,
3408 4782 3499 4834 καὶ
3518 4782 3678 4852 μόνος
3703 4783 3933 4840 ἅπαντα

2341 4859 2718 4928 κατώρθωσεν,
2755 4858 2893 4913 ὥστε
2922 4861 2970 4913 οἱ
3008 4861 3156 4915 ἄλλοι
3188 4862 3336 4915 οὐδὲν
3368 4851 3603 4936 ὤνησαν.
3626 4851 3634 4863 ’
3657 4868 3713 4919 '0
3754 4868 3933 4932 πολὺς

2339 4941 2512 5010 δχλος,
2551 4944 2823 5012 ἀγαπητέ,
2877 4944 3005 4996 ὅταν
3042 4944 3254 5016 θέλημα
3309 4947 3404 5000 τοῦ
3453 4948 3587 5002 θεοῦ
3639 4949 3721 5020 μὴ·
3771 4956 3930 5023 ποιῇ,

2340 5025 2491 5077 οὐδὲν
2511 5026 2780 5096 διενήνοχε
2804 5027 2910 5079 τῶν
2936 5027 3034 5080 οὐκ
3063 5028 3247 5084 ὄντων.
3276 5029 3517 5103 Εὑχομαι
3552 5033 3650 5102 μὲν
3683 5030 3796 5100 οὖν,
3830 5041 3934 5089 καὶ

2348 5107 2629 5178 βούλομαι,
2651 5109 2742 5160 καὶ
2766 5109 2934 5177 ἡδέως
2962 5108 3027 5162 ἂν
3053 5110 3146 5163 καὶ
3185 5115 3516 5183 κατεκόπην·
3545 5113 3684 5169 ὥστε
3715 5121 3937 5189 κοσμῆ-

2345 5209 2430 5244 σαι
2471 5192 2665 5263 πλήθει
2697 5191 2792 5271 τὴν
2837 5191 3182 5264 Ἐκκλησίαν,
3217 5196 3353 5248 ἀλλά
3379 5197 3570 5268 πλήθει
3597 5199 3842 5271 δοκίμῳ·
3884 5207 3936 5257 εἰ

2342 5275 2398 5327 δέ
2422 5273 2578 5327 τοῦτο
2619 5275 2711 5344 οὑχ
2744 5269 2856 5328 οἷόν
2889 5293 2970 5339 τε,
3007 5279 3130 5342 τοὺς
3169 5280 3381 5348 ὀλίγους
3427 5283 3620 5347 αὑτοὺς
3670 5269 3937 5356 δοκίμους

2345 5355 2481 5410 εἶναι
2543 5358 2822 5429 βούλομαι.
2883 5362 2994 5432 Οὑχ
3055 5364 3238 5432 ὁρᾶτε,
3283 5366 3366 5418 ὅτι
3405 5365 3608 5435 βέλτιον
3649 5369 3744 5422 ἕνα
3781 5355 3939 5425 λίθον

2344 5442 2522 5512 τίμιον
2546 5442 2710 5512 ἔχειν,
2738 5443 2770 5512 ἦ
2809 5445 3034 5516 μυρίους
3053 5445 3301 5513 όϐολούςς
3347 5450 3442 5519 οὐχ
3485 5452 3670 5521 δρᾶτε,
3703 5453 3786 5505 ὅτι
3810 5453 3941 5523 βέλ-

2347 5547 2459 5580 τιον
2495 5527 2584 5580 τὸν
2614 5526 2886 5599 ὀφθαλμὸν
2920 5531 3226 5598 ὑγιαίνοντα
3259 5533 3423 5602 ἔχειν,
3465 5535 3497 5606 ἢ
3532 5535 3723 5589 τούτου
3753 5556 3942 5609 πεπηο

2349 5611 2597 5681 ρωμένου
2655 5611 2993 5683 πολυσαρκίᾳ
3047 5614 3408 5684 βαρύνεσθαις
3465 5619 3564 5689 οὑχ
3609 5621 3793 5689 δρᾶτε,
3851 5623 3942 5676 ὅτι

2434 5771 2454 5799 ε
2518 5765 2996 5835 Hanc_lectionem_2
3043 5780 3113 5835 ex_
3166 5769 3322 5818 tribus
3375 5784 3487 5835 mss.
3540 5780 3808 5835 rcccplam.
3858 5790 3946 5824 se-

2347 5835 2489 5896 cu_I_u_s
2526 5836 2602 5874 est
2654 5829 3155 5896 inhteppresLMoanq
3203 5839 3346 5896 post,
3373 5832 3524 5882 Savil.
3579 5843 3632 5884 cl
3660 5829 3944 5896 'C0Inmel..

2353 5890 2577 5961 ediderat
2614 5891 2864 5961 μαίεσθαι.
2910 5891 3061 5961 Et)”:
3131 5891 3168 5961 d_
3199 5890 3370 5961 Mqrel_.
3420 5898 3555 5961 solus
3600 5890 3944 5961 cinayép‘cﬁaw:

2357 5965 2378 5990 θ
2406 5951 2589 6019 Fu:sa_n
2614 5952 2878 6009 legendum
2907 5952 3092 6019 Q‘ngBV
3116 5957 3234 6019 μέγα
3258 5956 3519 6018 ἐστί,(]ιιοι1
3544 5951 3950 6010 reddidit-inter-

2352 6025 2486 6126 Ἦρξε,
2531 6012 2645 6060 dum
2692 6021 2864 6072 locum,
2913 6013 3084 6076 inquit,
3118 6012 3646 6070 ιίιὶειυιιιιίὶνὶηαιιὺυ
3695 6030 3948 6072 verteret.

2387 6089 2492 6122 'l-IT.

2387 6089 2492 6122 bl-IT.
