4098 6324
204 472 273 527 73
1101 466 1168 521 IN
1208 466 1386 522 ACTA
1466 467 1997 525 APOSTOLOIIUM.
2038 466 2273 525 IIOMIL.
2319 468 2451 525 VIII.
3466 479 3537 539 ﬂ

199 596 344 643 veste
365 582 622 650 induitur,
643 581 918 639 erubescit
940 594 999 636 se
1017 582 1069 635 in
1092 581 1205 637 luto
1223 582 1464 638 volutare
1485 601 1498 636 :
1518 583 1596 639 sic
1617 593 1674 638 et
1691 583 1802 640 ille.

205 679 335 735 lIinc
357 684 534 731 autem
560 689 631 731 eo
655 674 839 729 veniet
856 681 917 727 ut
947 686 1053 727 non
1080 672 1364 740 irascatur,
1411 689 1585 745 neque
1610 688 1805 744 peren-

203 771 319 836 tiat,
352 782 526 838 neque
553 765 940 821 contumeliam
987 762 1204 819 inferat.
1253 763 1308 819 Si
1360 779 1591 836 namque
1639 762 1807 820 semel

200 876 359 932 parva
391 869 648 931 operatus
680 857 861 924 fuerit,
890 864 1061 911 totum
1093 857 1389 926 perfectum
1415 866 1520 912 est.
1544 855 1701 926 Saepe
1730 867 1805 911 ta-

197 968 319 1007 men
337 949 669 1006 contrarium
689 947 905 1016 accidit,
925 947 1090 1017 utqui
1107 947 1273 1003 semel
1292 948 1429 1002 bene
1446 948 1653 1019 operati
1675 948 1803 1017 sint,

200 1058 261 1099 ex
300 1044 507 1114 ignavia
538 1042 591 1096 in
613 1040 805 1097 eadem
829 1038 1093 1107 recidant,
1124 1039 1193 1094 ita
1221 1049 1280 1094 ut
1304 1039 1501 1097 deinde
1527 1042 1805 1097 emendari

196 1134 311 1190 fere
327 1142 622 1203 nequeant.
640 1130 1060 1204 Exemplicausa
1087 1148 1101 1186 :
1125 1132 1299 1201 legem
1336 1133 1493 1187 nobis
1529 1134 1805 1203 posuimus

195 1240 303 1280 non
321 1223 539 1294 iurandi
567 1221 671 1294 (ιι),
694 1222 762 1277 ad
783 1232 890 1278 tres
923 1232 1221 1293 quatuorve
1240 1223 1359 1279 dies
1401 1224 1451 1278 id
1486 1224 1803 1279 observavi-

196 1328 347 1379 mus,
377 1322 504 1383 post
543 1313 657 1368 haec
674 1328 736 1369 re
762 1314 1015 1383 quapiam
1043 1323 1285 1384 urgente,
1311 1321 1481 1374 totum
1512 1314 1801 1370 collectum

194 1407 408 1462 lucrum
452 1406 841 1476 dispersimus;
873 1412 1037 1477 atque
1070 1406 1287 1461 deruunt
1322 1408 1374 1461 in
1421 1409 1705 1478 segnitiem
1749 1418 1805 1466 et

190 1498 634 1570 desperationem
658 1498 965 1566 incidimus,
988 1499 1059 1553 ita
1078 1509 1135 1555 ut
1152 1498 1341 1557 eadem
1368 1500 1565 1557 deinde
1584 1501 1802 1573 aggredi

193 1590 463 1656 nolimus;
490 1599 546 1647 et
570 1591 693 1659 jure
722 1590 960 1660 quidem.
993 1589 1127 1645 Nam
1159 1592 1250 1662 qui
1284 1592 1488 1662 aliquid
1515 1592 1803 1655 tedificavit

189 1684 315 1752 sibi,
347 1685 396 1738 si
447 1684 748 1756 collapsum
779 1683 958 1738 videat
986 1683 1295 1752 mdiftcium,
1315 1685 1426 1756 jam
1474 1686 1692 1757 segnior
1719 1697 1803 1743 est

188 1777 255 1831 ad
309 1791 503 1832 rursus
541 1776 941 1831 aedificandum.
980 1777 1051 1833 At
1078 1792 1145 1833 ne
1175 1786 1302 1833 tunc
1338 1780 1561 1850 quidem
1587 1786 1801 1851 opertet

188 1869 431 1940 segniter
458 1883 643 1939 agere,
672 1868 769 1925 sed
792 1868 846 1925 id
870 1884 1059 1926 rursus
1075 1868 1322 1926 studiose
1342 1870 1582 1942 aggredi.

263 2022 315 2076 5.
349 2021 627 2075 Ponamus
656 2020 835 2091 itaque
862 2019 1017 2075 nobis
1042 2021 1381 2091 quotidianas
1407 2022 1555 2095 leges
1580 2031 1635 2077 et
1659 2036 1689 2077 a
1721 2021 1802 2077 fa-

190 2113 383 2168 cilibus
426 2113 746 2183 incipiamus
779 2127 792 2165 :
820 2114 1252 2182 juramentornm
1301 2113 1661 2185 frequentiam
1707 2116 1806 2173 ab-

192 2204 525 2268 scindamus,
576 2206 783 2258 frenum
826 2205 1163 2275 imponamus
1193 2205 1386 2275 lingua:
1431 2222 1444 2257 :
1496 2221 1659 2261 nemo
1706 2222 1806 2277 per

195 2297 358 2352 Deum
379 2298 551 2366 juret.
581 2296 768 2350 Nullus
792 2296 877 2351 hic
901 2308 1147 2368 sumptus
1166 2306 1267 2363 est,
1300 2296 1451 2352 labor
1470 2297 1671 2366 nullus,
1694 2314 1804 2355 non

191 2389 445 2444 diuturna
473 2386 781 2452 meditatio;
802 2387 1004 2443 'sullieit
1027 2388 1189 2455 velle,
1222 2399 1277 2444 et
1299 2397 1472 2445 totum
1502 2389 1800 2461 perfectum

192 2490 271 2536 est
298 2498 312 2534 :
335 2496 461 2534 nam
484 2481 892 2535 consuetudinis
915 2494 1003 2535 res
1023 2489 1127 2536 est.
1153 2480 1330 2555 Etiam
1354 2496 1453 2537 oro
1477 2492 1531 2537 et
1550 2483 1799 2551 obsecro,

194 2574 352 2629 talem
384 2588 573 2629 curam
599 2573 972 2630 adhibeamus.
1003 2575 1121 2639 Dic,
1151 2588 1353 2644 qureso,
1385 2574 1538 2641 mihi,
1567 2577 1612 2631 si
1642 2591 1803 2647 pecu-

191 2667 305 2720 nias
320 2665 522 2721 iuferre
547 2666 814 2735 iuberem,
834 2680 1013 2721 annon
1047 2666 1240 2738 singuli
1259 2682 1360 2737 pro
1383 2669 1586 2724 viribus
1599 2669 1801 2725 alacri-

192 2766 269 2812 ter
288 2759 652 2813 conferretis?
679 2756 739 2813 Si
767 2774 855 2813 me
884 2759 937 2812 in
960 2761 1216 2815 extremis
1242 2762 1495 2831 periculis
1521 2763 1797 2831 videretis,

189 2864 367 2905 annon
400 2849 471 2904 de
519 2864 683 2905 carne
710 2862 887 2905 vestra
917 2852 1152 2906 excisam
1193 2862 1425 2923 partem,
1452 2854 1496 2908 si
1526 2854 1643 2909 fieri
1670 2870 1794 2925 pos-

190 2949 290 3007 set,
317 2939 562 2996 daretis?
586 2941 642 2995 ln
666 2956 860 3011 magno
880 2958 1021 2996 nunc
1045 2957 1164 2997 sum
1191 2944 1457 3013 periculo,
1482 2946 1554 2999 ita
1584 2956 1641 3000 ut
1668 2948 1713 3001 si
1742 2947 1798 3019 in

189 3049 408 3090 carcere
439 3049 636 3098 essem,
662 3036 706 3090 si
738 3036 883 3089 mille
904 3036 1087 3106 plagas
1117 3038 1476 3106 excepisscm,
1521 3038 1565 3093 si
1594 3040 1649 3093 in
1680 3056 1797 3095 me-

192 3126 329 3181 tallis
357 3142 596 3198 agerem.
626 3143 732 3182 non
763 3129 933 3197 magis
960 3128 1225 3183 dolerem.
1256 3130 1473 3185 Manum
1503 3147 1634 3202 ergo
1664 3148 1793 3203 por-

193 3220 366 3291 rigite.
394 3220 636 3290 Cogitate
687 3229 945 3291 quantum
976 3221 1045 3275 sit
1093 3222 1414 3290 periculum,
1442 3227 1584 3294 quod
1614 3241 1680 3281 ne
1710 3228 1795 3283 vel

194 3311 291 3367 hoc
319 3311 600 3367 minimum
626 3310 948 3386 (minimum
978 3327 1107 3367 vero
1154 3313 1296 3379 dico,
1327 3326 1588 3385 quantmn
1616 3317 1683 3371 ad
1717 3319 1793 3372 la-

194 3400 409 3475 berem)
441 3404 658 3473 possitis
694 3402 975 3472 perﬁcere.
1007 3404 1145 3467 Quid
1189 3405 1366 3487 dicam
1417 3418 1541 3463 tunc
1570 3424 1791 3464 accusa-

193 3496 309 3548 tus?
334 3492 446 3548 Cur
466 3508 572 3549 non
602 3494 846 3549 hortatus
874 3494 971 3549 es?
999 3509 1095 3549 cur
1123 3511 1227 3549 non
1272 3497 1673 3569 redarguebus?
1698 3516 1795 3557 cur

192 3601 294 3642 non
315 3587 657 3658 pmcepisti?
679 3603 777 3643 cur
802 3604 907 3642 non
931 3589 1103 3656 legem
1137 3592 1404 3659 posuisti?
1433 3608 1530 3648 cur
1562 3610 1666 3650 non
1697 3598 1795 3652 ob-

192 3687 557 3749 temperantes
578 3694 686 3733 non
700 3679 989 3735 ‘eohibuisti
1007 3681 1029 3733 ?
1046 3680 1165 3735 Non
1190 3686 1324 3737 satis
1344 3685 1449 3739 erit
1476 3686 1603 3741 mihi
1626 3687 1792 3744 dixis-

189 3785 282 3837 se,
315 3771 608 3826 Admonui.
636 3772 721 3837 At,
776 3772 999 3842 inquiet,
1055 3773 1461 3833 vehementiore
1488 3794 1622 3849 opus
1675 3791 1791 3837 erat

189 3863 602 3936 increpatione:
649 3879 771 3918 nam
814 3865 895 3919 Eli
936 3881 1151 3937 quoque
1194 3868 1541 3925 admonebat.
1590 3872 1786 3931 Verum

187 3954 325 4009 absit
344 3965 402 4010 ut
423 3969 519 4009 vos
539 3969 663 4009 eum
685 3955 811 4010 filiis
835 3956 954 4025 ejus
983 3972 1313 4028 comparem.
1344 3962 1439 4016 llle
1463 3962 1788 4023 admonebat

185 4056 240 4101 et
262 4046 474 4102 dicebat
502 4064 516 4101 :
566 4045 666 4113 Ne,
697 4048 816 4113 ﬁlii,
839 4066 903 4104 ne
949 4051 1021 4104 sic
1043 4052 1283 4120 facitote:
1310 4054 1501 4109 malum
1533 4075 1786 4113 rumorem

186 4153 274 4207 ego
292 4138 449 4191 audio
478 4139 542 4192 de
579 4140 717 4202 vobis
736 4143 755 4211 (
774 4141 825 4194 1.
852 4140 981 4211 Reg.
1012 4141 1069 4196 2.
1096 4141 1227 4215 24).
1258 4144 1363 4198 Sed
1388 4149 1783 4217 pergcus_Scri-

186 4241 337 4300 ptura
365 4232 517 4301 dicit,
557 4234 733 4303 ipsum
763 4250 871 4289 non
914 4234 1262 4292 admonuisse
1301 4239 1442 4294 filios
1484 4256 1631 4297 suos.
1670 4244 1785 4299 Hoc

186 4337 310 4378 vero
347 4324 503 4392 dicit,
556 4325 681 4395 quia
726 4341 831 4380 non
862 4326 1080 4395 acriter,
1113 4344 1221 4383 non
1250 4346 1373 4385 cum
1415 4333 1783 4405 increpatione

184 4417 451 4471 monebat.
478 4417 762 4485 Quomodo
791 4418 935 4473 enim
956 4420 1249 4476 absurdum
1272 4437 1377 4477 non
1401 4423 1580 4492 fuerit,
1609 4428 1661 4482 in
1693 4443 1783 4499 sy-

184 4509 399 4579 nagogis
426 4508 737 4563 Judaeorum
763 4510 833 4564 ita
855 4524 1072 4566 severas
1100 4511 1247 4583 leges
1264 4530 1404 4581 esse,
1436 4518 1535 4572 etsi
1568 4520 1657 4589 qui
1679 4521 1780 4575 do-

182 4608 268 4653 cet
293 4599 526 4669 imperct
566 4602 747 4654 omnia
799 4602 944 4668 lieri;
976 4601 1064 4657 hic
1092 4619 1220 4658 vero
1261 4620 1362 4661 nos
1393 4608 1465 4662 ita
1495 4609 1780 4678 despectos

181 4698 237 4743 et
262 4688 498 4760 abiectos
545 4692 709 4745 esse?
753 4690 869 4746 Non
916 4693 1143 4764 gloriam
1197 4712 1371 4752 meam
1409 4714 1541 4755 euro
1572 4706 1779 4774 :gioria

181 4784 371 4854 quippe
400 4798 520 4839 mea
564 4791 649 4838 est
669 4794 843 4838 vestra
874 4786 1100 4855 probata
1132 4788 1237 4843 vita
1262 4805 1277 4854 ;
1308 4790 1401 4847 sed
1431 4794 1657 4849 salutem
1690 4813 1781 4852 vc-

180 4882 339 4929 stram
368 4891 554 4946 qurere
600 4874 849 4943 Quotidie
873 4877 1188 4947 clamamus,
1213 4881 1526 4942 insonamus
1544 4888 1594 4943 in
1620 4907 1779 4947 aures

181 4978 415 5033 vestras;
445 4977 503 5023 et
526 4984 685 5024 nemo
719 4971 911 5041 estqui
936 4972 1141 5040 audiat,
1178 4976 1281 5030 etsi
1322 4977 1457 5034 nihil
1482 4981 1778 5039 vehemen—

180 5059 285 5113 tius
311 5060 669 5130 proferamus.
700 5062 907 5127 Timeo,
961 5082 1030 5122 ne
1068 5066 1459 5141 intempestiva:
1501 5084 1555 5130 et
1594 5078 1775 5135 nimia:

182 5153 519 5224 indulgentia
538 5155 592 5209 in
615 5154 793 5212 futuro
813 5157 1003 5215 illodie
1020 5162 1283 5219 rationem
1313 5166 1618 5225 reddamus.
1650 5173 1777 5228 Ideo

182 5264 364 5319 magna
382 5259 437 5304 et
458 5250 608 5306 clara
636 5266 767 5307 voce
793 5255 1043 5311 omnibus
1059 5258 1294 5326 prtedieo
1314 5271 1371 5317 et
1400 5265 1688 5334 testificor;
1720 5279 1777 5324 ut

181 5340 371 5409 quisic
397 5346 839 5411 prmvaricautur,
866 5349 1065 5419 quique
1090 5366 1177 5417 ea,
1208 5368 1327 5422 qua:
1365 5357 1587 5429 maligni
1624 5374 1772 5430 sunt,

183 5430 465 5501 loquuntur
512 5434 652 5506 (hoc
692 5446 776 5492 est
808 5440 950 5493 enim
990 5443 1398 5521 juramentum)
1428 5490 1443 5515 ,
1493 5467 1561 5506 ne
1591 5453 1775 5511 limina

180 5523 537 5580 ecclesiastica
561 5530 875 5585 ascendant.
905 5532 1272 5592 Praestitutum
1302 5556 1432 5597 vero
1462 5552 1678 5616 tempus
1704 5550 1774 5604 sit

180 5616 333 5675 vobis
356 5617 441 5678 hic
479 5624 708 5691 mensis,
755 5635 812 5681 ut
858 5629 1224 5702 corrigamini.
1252 5635 1332 5693 Ne
1360 5638 1493 5695 mihi
1524 5641 1726 5701 dixeris
1756 5663 1769 5702 :

245 5804 1102 5896 El.§‘i.?‘£?.i‘i’3‘9§‘2m.§=evielme
1123 5828 1438 5896 ορηςίοιξειιιε
1464 5838 1540 5879 ρει
1565 5832 1768 5896 Chryso-

182 5874 375 5929 δωωως,
388 5876 441 5921 ιιι
462 5871 634 5923 videre
659 5884 737 5925 est
751 5876 798 5927 in
816 5871 1036 5932 Hntniliis
1057 5896 1115 5933 au
1137 5871 1767 5959 ahtiach“éi;6s,“ibitif'2’,“ét

1922 582 2005 638 Me
2037 584 2377 654 negotiorum
2408 595 2559 655 urget
2586 587 2900 656 necessitas,
2925 590 3047 661 quia
3076 591 3210 649 fides
3237 610 3343 652 non
3370 596 3533 657 habe-

1920 683 2007 729 tur
2034 674 2186 729 mihi.
2212 676 2431 731 Interim
2455 678 2542 732 illa
2570 694 2635 734 ex
2678 683 3073 741 consuetudine
3101 686 3407 757 iuramenta
3436 707 3527 749 re-

1918 779 2095 821 move.
2127 765 2253 822 Scio
2276 768 2539 838 quosdam
2563 786 2703 836 esse,
2733 773 2829 843 qui
2849 776 3301 849 uosirridebunt;
3333 794 3390 840 at
3410 800 3525 843 me-

1917 856 2020 913 lius
2076 868 2161 915 est
2209 876 2310 917 nos
2354 877 2499 919 nunc
2550 864 2783 932 irrideri,
2821 883 2982 939 quam
3035 879 3164 929 tunc
3215 876 3302 932 uri
3334 879 3523 935 :ride-

1914 948 2047 1007 bunt
2077 963 2256 1009 autem
2286 954 2482 1010 insani.
2516 957 2647 1025 Quis
2676 959 2844 1027 enim,
2874 976 3081 1033 quasso,
3132 981 3280 1024 sana:
3326 973 3524 1029 mentis

1915 1043 1981 1099 de
2025 1054 2240 1101 servato
2269 1057 2541 1119 pnnccptu
2574 1049 2812 1108 ridebit?
2840 1053 2993 1121 Quod
3022 1056 3067 1111 si
3096 1058 3378 1131 irrideant,
3414 1080 3520 1122 non

1912 1148 2033 1199 nos,
2072 1135 2172 1190 sed
2201 1136 2476 1194 Christum
2526 1140 2847 1199 irridebunt.
2902 1144 3255 1206 Inhorruistis
3303 1155 3371 1209 ad
3420 1157 3527 1214 tale

1912 1224 2137 1282 dictum.
2162 1228 2276 1285 Hoc
2298 1230 2435 1289 bene
2454 1234 2597 1289 novi.
2618 1236 2674 1290 Si
2695 1251 2797 1308 ego
2824 1238 2962 1311 hanc
2979 1240 3149 1314 legem
3168 1244 3523 1319 induxissem,

1911 1334 2001 1375 me
2030 1321 2169 1377 risus
2189 1322 2282 1379 ille
2307 1334 2578 1395 spectaret
2605 1345 2620 1394 ;
2649 1331 2693 1384 si
2722 1340 2904 1387 autem
2931 1333 3071 1391 alius
3104 1337 3385 1410 legislator
3411 1356 3522 1413 est,

1909 1413 1980 1469 ad
2008 1414 2155 1471 illum
2187 1419 2381 1475 transit
2410 1420 2609 1477 irrisio.
2645 1423 2763 1495 Ipse
2801 1426 3048 1486 Christus
3073 1432 3369 1505 aliquando
3392 1454 3528 1497 cono

1908 1520 2101 1581 sputus
2126 1523 2229 1581 est,
2268 1520 2513 1587 atquein
2557 1523 2831 1579 maxillam
2879 1541 3193 1601 percussus,
3248 1543 3307 1591 et
3350 1536 3523 1608 alapis

1908 1616 2083 1659 0.138115
2111 1604 2337 1677 (Matth.
2360 1609 2451 1665 27.
2481 1612 2613 1684 ‘50).
2639 1614 2765 1671 llaec
2788 1618 2948 1675 etiam
2976 1636 3123 1679 nunc
3149 1623 3278 1693 fert,
3302 1637 3354 1684 et
3384 1604 3521 1687 nihil

1907 1692 2192 1753 dissimile.
2217 1698 2345 1756 Ideo
2370 1703 2616 1774 gehenna
2645 1718 2887 1778 paratur,
2916 1710 3041 1771 ideo
3070 1719 3273 1775 vermis
3299 1721 3392 1778 ille
3420 1723 3521 1779 im—

1908 1787 2175 1844 mortalis.

1977 1876 2329 1952 Chrysostomi
2349 1885 2569 1955 ﬁrmitas
2600 1892 2780 1947 animi.
2808 1924 2881 1937 -—
2909 1896 3053 1956 Ecce
3082 1916 3276 1961 rursus
3307 1906 3434 1965 dico
3461 1920 3519 1967 ct

1906 1972 2167 2029 testiﬁcor
2195 1992 2211 2031 :
2244 1976 2437 2035 Rideat
2464 1989 2521 2037 et
2548 1985 2849 2045 subsannet
2883 1993 2976 2063 qui
3018 1995 3251 2055 voluerit
3282 2017 3297 2055 :
3326 2002 3381 2058 in
3412 2004 3519 2061 hoc

1905 2064 2066 2134 positi
2091 2080 2279 2124 sumus
2300 2111 2315 2137 ,
2362 2081 2420 2127 ut
2453 2074 2729 2133 rideamur
2752 2121 2769 2147 ,
2801 2082 3199 2145 subsannemur
3228 2096 3521 2169 omniaque

1904 2157 2193 2226 patiamur.
2227 2161 2579 2235 Purgamenta
2604 2174 2788 2227 mundi
2813 2192 2995 2233 sumus
3023 2182 3103 2250 (1.
3134 2184 3255 2241 (ἔον.
3286 2188 3341 2243 4.
3378 2157 3467 2263 13;)
3500 2234 3515 2260 ,

1902 2250 2200 2307 secundum
2229 2254 2445 2313 beatum
2474 2259 2723 2319 Paulum.
2753 2266 2811 2321 Si
2842 2270 2962 2339 quis
2988 2274 3221 2332 noluerit
3255 2279 3356 2337 hoc

1900 2351 2117 2411 ceptum
2150 2345 2413 2415 perficere
2435 2391 2452 2417 ,
2484 2351 2629 2409 hunc
2657 2357 2823 2413 verbo
2850 2363 3004 2431 quasi
3045 2367 3175 2424 tuba
3205 2345 3472 2441 prohibeo
3497 2421 3513 2447 ,

1901 2446 1970 2486 ne
2000 2433 2182 2491 limina
2210 2439 2580 2499 ecclesiastica
2612 2457 2971 2522 pertranseat,
2995 2458 3112 2515 sive
3131 2433 3389 2538 princeps
3416 2433 3509 2539 sit,

1894 2525 2015 2581 sive
2044 2526 2132 2584 ille
2170 2529 2285 2601 ipse
2315 2535 2406 2604 qui
2437 2537 2742 2599 diademate
2766 2545 3019 2618 cingitur.
3056 2525 3164 2610 Au-t
3194 2572 3281 2614 me
3306 2525 3375 2617 ab
3401 2525 3506 2621 hoc

1900 2620 2205 2692 principatu
2260 2625 2498 2697 dejicite,
2546 2644 2638 2689 aut
2691 2650 3000 2699 manentem
3044 2662 3117 2705 ne
3165 2650 3218 2705 in
3270 2657 3510 2724 pericula

1898 2714 2169 2783 conjicite.
2202 2717 2258 2773 In
2286 2722 2428 2779 hunc
2457 2724 2707 2783 thronum
2726 2735 3021 2794 ascendere
3044 2757 3151 2797 non
3179 2747 3372 2817 audeo,
3400 2752 3504 2809 uisi

1897 2805 2024 2872 quid
2053 2811 2227 2879 magni
2258 2816 2586 2882 praestitero.
2614 2820 2747 2877 Nam
2782 2826 2826 2879 si
2856 2830 3118 2896 perficere
3143 2852 3253 2892 non
3278 2805 3504 2911 possim,

1898 2898 2092 2954 melius
2114 2911 2198 2956 est
2237 2904 2376 2961 infra
2413 2920 2579 2967 stare.
2606 2913 2751 2972 Nihil
2782 2921 2925 2975 enim
2963 2898 3323 2989 miserabilids
3364 2953 3504 3007 pm.

1896 2986 2032 3051 side,
2059 2991 2287 3049 subditis
2315 2997 2446 3054 nihil
2476 3003 2720 3063 utilitatis
2748 3009 3030 3071 afferente.
3066 3018 3172 3075 Vos
3193 2986 3342 3095 ergo,
3364 2986 3506 3086 ξοη-

1886 3735 2054 3834 curm,
2082 3741 2242 3796 quam
2271 3730 2339 3786 de
2360 3733 2619 3795 fratribus
2660 3741 2956 3807 habueritis
2988 3730 3011 3807 ε’
3031 3730 3328 3834 ιιωηγᾳυοὰ

1886 3814 2039 3868 vobis
2065 3832 2166 3888 ego
2195 3834 2350 3889 sum,
2384 3826 2435 3880 id
2465 3843 2559 3885 vos
2605 3834 2721 3889 orbi
2768 3840 2940 3896 eritis.
2989 3846 3094 3903 Vos
3137 3814 3361 3915 omnino
3405 3866 3497 3923 alii

1883 3906 2283 3967 mmulahuntur
2310 3933 2324 3968 :
2354 3921 2578 3975 omnino
2616 3927 2769 3983 eritis
2794 3930 3011 3993 lucerna
3050 3956 3215 4015 super
3242 3956 3496 4013 candela-

1882 3997 2037 4053 brum
2075 4006 2249 4118 posita
2292 4008 2508 4118 (Matth.
2562 4017 2617 4073 5.
2676 4021 2797 4094 15).
2855 4027 3025 4088 Estne

1884 4095 2097 4148 tozum?
2126 4097 2244 4155 Non
2280 4113 2366 4159 est
2396 4104 2500 4163 hoc
2532 4119 2723 4182 totum,
2752 4117 2847 4174 sed
2876 4123 3202 4197 principium
3234 4095 3486 4202 aliolrum:

1879 4184 1979 4251 Qui
2007 4204 2118 4245 non
2152 4193 2319 4263 jurat,
2350 4200 2419 4254 ad
2445 4202 2608 4259 aliam
2641 4209 2856 4277 pietatis
2883 4228 3095 4285 partem
3126 4230 3328 4299 veniet,
3361 4239 3488 4294 velit

1878 4281 2037 4347 nolit,
2067 4298 2163 4339 seu
2194 4288 2420 4357 pudore,
2449 4310 2544 4350 seu
2576 4299 2775 4357 timore
2802 4281 3087 4368 adductus.

1955 4376 2237 4435 Multitudo
2262 4400 2376 4448 qua;
2396 4388 2705 4448 voluntatem
2725 4395 2824 4451 Dei
2844 4417 2947 4456 non
2960 4405 3106 4474 facit,
3134 4414 3268 4470 nihil
3287 4432 3380 4476 est.
3409 4455 3480 4467 —

1872 4464 1980 4522 Sed
2005 4472 2178 4538 multi,
2213 4474 2424 4547 inquies
2446 4523 2461 4548 ,
2496 4482 2549 4538 id
2591 4500 2698 4541 non
2727 4464 2972 4552 ferentes.
2991 4505 3255 4564 resilient.
3288 4514 3354 4569 At
3378 4535 3488 4575 me-

1875 4558 1975 4613 lior
2001 4570 2075 4615 est
2096 4571 2369 4638 unus,.qm'
2394 4572 2519 4640 facit
2554 4578 2866 4640 voluntatem
2887 4586 3098 4648 Domini
3123 4639 3137 4666 ,
3164 4618 3320 4671 quam

1874 4652 2035 4722 iniqui
2082 4656 2270 4726 (Eccli.
2318 4663 2405 4719 16.
2450 4668 2543 4738 3).
2593 4670 2728 4747 llinc
2785 4680 2966 4737 omnia
3013 4652 3273 4750 subversa
3332 4715 3479 4773 sunt,

1876 4746 2053 4773 l\n\\-n:n
2088 4763 2177 4773 η..-
2212 4750 2270 4773 Δ-
2298 4770 2376 4773 .-1-
2431 4757 2453 4773 ιι
2520 4769 2529 4773 -
2864 4771 2873 4773 -

1875 4746 2055 4801 omnia
2086 4763 2179 4804 sus
2206 4750 2383 4823 deque
2428 4757 2567 4815 facta
2598 4774 2755 4830 sunt;
2784 4771 2909 4839 quia
2932 4816 2947 4841 ,
2971 4778 3112 4834 sicut
3138 4782 3191 4839 in
3218 4750 3480 4866 theatris:

1875 4839 2265 4866 nn..|lil...l2-.----
2329 4846 2425 4866 »μμ
2451 4850 2462 4866 ι

1872 4839 2268 4899 multitudinem
2313 4846 2706 4925 desideramus,
2750 4876 2855 4917 non
2904 4839 3305 4937 multitudinem

1875 4927 2048 4957 Ima...“
2121 4934 2257 4957 n__f,.l
2340 4956 2345 4957 ,
2681 4951 2692 4957 -

1871 4927 2072 4985 haram.
2120 4934 2278 5004 Quid,
2325 4956 2531 5011 quaeso,
2588 4951 2742 5007 turba
2784 4961 3045 5024 prodesse
3094 4927 3327 5038 poterit'?

1860 5852 1995 5908 alibi.
2020 5862 2145 5937 Hine
2177 5865 2991 5945 discbnusConstantinopolitanos
3015 5895 3130 5948 huic
3168 5901 3323 5959 fuisse
3347 5914 3466 5965 viuo

1861 5934 2087 5965 assuetae
2106 5928 2176 5965 'Id
2202 5932 2331 5965 numI
2360 5942 2505 5965 arm.“
2532 5942 2579 5965 ι..
2608 5952 2852 5965 -m-.-__.-.
2993 5959 2998 5965 .
3025 5958 3033 5965 .

1861 5934 2087 5977 assuetos
2104 5941 2118 5989 ;
2133 5928 2177 5978 id
2202 5932 2331 5993 quod
2360 5938 2508 5995 etiam
2532 5942 2580 5990 in
2605 5928 3129 6012 sodiéh'uiiﬁz";i&'€£3
