4074 6302
553 423 652 482 ’τε
1320 412 1376 469 S.
1402 407 1675 468 JOANNIS
1712 402 2171 464 (IIlRYSOSTOMI
2210 401 2518 459 AﬂClllEP.
2559 404 3085 463 CONSTANTINOP.
3772 400 3847 453 7-“.

584 537 684 609 sia,
711 529 805 587 sed
857 526 1195 585 multitudine
1246 524 1467 595 probata
1507 540 1521 577 :
1572 522 1616 578 si
1664 512 1843 579 autem
1900 522 2001 574 hoc
2047 516 2162 573 ﬁeri

587 636 836 698 nequeat,
854 634 914 680 ut
940 624 1133 679 saltem
1154 619 1302 692 pauci
1328 617 1531 688 probati
1560 615 1686 670 sint.
1711 616 1903 667 Annon
1929 611 2152 677 videtis,

587 719 780 776 melius
805 731 925 774 esse
957 730 1118 770 unum
1162 711 1387 783 lapidem
1418 706 1711 779 pretiosum
1738 703 1967 770 habere,
1997 716 2156 772 quam

585 815 902 869 innumeros
918 809 1103 864 obolos
1122 808 1145 861 ?
1163 818 1337 861 annon
1363 800 1555 858 videtis
1592 797 1780 855 melius
1800 811 1919 852 esse
1943 794 2155 849 oculum

583 902 1035 964 sanumvltabcrc,
1084 910 1281 970 quam,
1334 893 1438 949 hoc
1478 899 1784 955 excaecato,
1838 882 2158 957 pinguedine

583 998 757 1054 carnis
811 992 1061 1050 onerari?
1110 975 1287 1045 annon
1336 986 1549 1051 videtis,
1605 982 1797 1038 melius
1847 993 1967 1035 esse
2000 990 2157 1033 ovem

585 1104 740 1152 unam
779 1099 964 1144 sanam
992 1083 1190 1143 habere
1213 1122 1227 1145 ,
1255 1094 1414 1152 quam
1450 1076 1697 1134 millenas
1722 1072 1901 1129 scabie
1937 1068 2158 1142 plenas?

580 1194 758 1236 annon
810 1175 1041 1242 videtis,
1091 1174 1281 1230 melius
1333 1185 1455 1229 esse
1501 1182 1708 1242 paucos
1753 1165 1950 1221 habere
1988 1163 2159 1218 bonos

583 1274 739 1340 tilios,
766 1284 925 1342 quam
948 1268 1145 1332 multos
1181 1263 1495 1337 improbos?
1524 1277 1591 1318 an
1615 1258 1854 1324 nescitis,
1876 1268 2076 1326 paucos
2103 1256 2155 1308 in

584 1378 749 1435 regno
775 1361 910 1429 fore,
936 1361 1136 1416 multos
1181 1358 1233 1414 in
1260 1358 1501 1429 gehenna
1518 1354 1541 1409 τ
1561 1351 1698 1419 Quid
1728 1349 2001 1405 mihicum
2022 1344 2157 1399 mut.

583 1452 840 1510 titudine?
860 1468 981 1524 qua:
1007 1466 1071 1507 ex
1098 1466 1160 1506 ea
1189 1447 1431 1505 utilitas?
1460 1443 1612 1500 Nulla
1648 1461 1661 1497 :
1694 1442 1803 1496 imo
1829 1437 2007 1508 potius
2033 1435 2154 1489 aliis

585 1555 665 1601 est
692 1544 972 1615 pernicies.
1005 1542 1146 1597 ldcm
1179 1541 1350 1609 ipsum
1377 1546 1461 1594 est
1482 1575 1497 1601 ,
1526 1550 1590 1591 ac
1610 1532 1764 1590 sicui
1797 1531 1957 1586 liceat
1972 1527 2157 1583 decem

584 1652 742 1692 sanos
773 1634 989 1700 habere,
1014 1633 1098 1688 vel
1124 1631 1271 1696 mille
1297 1629 1571 1691 infirmos,
1600 1634 1655 1681 et
1689 1624 1778 1678 ille
1816 1622 1929 1677 istis
1971 1618 2157 1674 decem

588 1735 896 1786 innumeros
936 1728 1054 1782 illos
1095 1724 1324 1794 adjiciat.
1372 1722 1450 1777 llli
1495 1735 1625 1776 sane
1664 1716 1817 1773 multi
1860 1712 1990 1769 nihil
2020 1710 2159 1767 bene

585 1831 901 1897 operantcs,
934 1820 1066 1877 nihil
1091 1818 1232 1875 aliud
1266 1816 1421 1874 nobis
1444 1813 1741 1878 conferent,
1770 1823 1928 1880 quam
1956 1804 2154 1897 suppli-

584 1893 745 1982 cium,
800 1916 854 1969 et
895 1911 947 1967 in
976 1909 1223 1981 prmsenti
1270 1916 1530 1977 tempore,
1578 1900 1943 1973 ignominiam.
1990 1893 2157 1949 Nemo

594 2025 2208 2064 _______________________________

2236 2020 2443 2031 —_—-

2270 520 2413 575 enim
2433 521 2573 590 quod
2597 521 2748 577 multi
2775 522 2943 578 simus
2964 522 3124 583 dicet.
3154 520 3400 592 sedquod
3434 519 3648 577 inutiles
3674 518 3846 574 simus

2262 612 2565 683 redarguet.
2583 613 2696 668 lloc
2717 615 2895 684 itaque
2917 613 3073 669 nobis
3099 628 3310 683 semper
3326 612 3608 683 objiciunt.
3627 609 3847 681 quandu

2261 704 2506 771 dicimus,
2539 703 2684 760 Multi
2707 720 2897 761 sumus
2929 703 3073 761 :Sed
3093 705 3240 772 mali,
3269 705 3535 774 inquiunt.
3570 704 3707 758 Ecce
3738 702 3846 756 ite-

2260 814 2379 853 rum
2409 798 2666 853 denuntio
2687 809 2743 855 et
2768 798 2918 853 clara
2948 813 3082 854 voce
3107 797 3305 865 clamo,
3330 812 3490 854 nemo
3512 779 3693 866 j‘ocnm
3723 808 3849 849 esse

2262 898 2412 960 putet
2453 906 2467 944 :
2502 889 2793 945 Excludam
2838 899 2894 946 et
2917 889 3114 945 arcebo
3142 904 3245 942 non
3277 888 3718 958 obtemperantes
3742 926 3757 951 ,
3792 893 3851 939 et

2260 982 2435 1038 donec
2462 980 2517 1036 in
2530 982 2631 1040 hoc
2648 983 2839 1039 throno
2850 978 3065 1045 sedebo,
3078 975 3209 1032 nihil
3226 970 3854 1045 illiusjustillmtionibus

2262 1074 2557 1145 praeferam.
2588 1070 2646 1127 Si
2689 1071 2809 1139 quis
2837 1086 2923 1125 me
2964 1068 3221 1139 dejecerit
3244 1108 3259 1132 ,
3308 1066 3416 1135 jam
3446 1081 3551 1119 non
3583 1061 3853 1117 obnoxius

2265 1180 2398 1231 ero;
2430 1164 2604 1220 donec
2629 1178 2757 1220 vero
2792 1160 3063 1218 obnoxius
3091 1176 3208 1215 sum
3231 1202 3244 1221 .
3280 1173 3384 1214 non
3419 1172 3636 1227 possum
3683 1152 3854 1223 neglio

2262 1274 2409 1331 gere,
2434 1272 2540 1312 non
2563 1267 2671 1312 tam
2701 1264 2845 1311 metu
2873 1253 3118 1323 supplicii
3148 1295 3161 1317 ,
3188 1266 3348 1321 quam
3378 1257 3595 1321 prepter
3616 1258 3855 1300 vestram

2263 1353 2487 1406 salutem
2510 1393 2526 1417 ,
2557 1364 2716 1420 quant
2748 1347 3037 1402 admodum
3069 1347 3227 1415 cupio
3262 1362 3275 1399 :
3304 1358 3401 1413 pro
3431 1342 3520 1397 illa
3559 1339 3773 1395 crucior
3798 1346 3858 1390 et

2264 1442 2444 1498 doleo.
2478 1440 2585 1497 Sed
2612 1435 2978 1508 obtemperate
3003 1477 3018 1502 ,
3058 1446 3113 1491 ut
3142 1446 3194 1491 et
3222 1435 3310 1489 hic
3336 1442 3391 1488 et
3418 1432 3472 1487 in
3505 1432 3682 1485 l'utnro
3709 1428 3851 1482 mul-

2268 1547 2373 1591 tam
2416 1532 2687 1604 accipiatis
2735 1528 3059 1594 mercedem,
3098 1537 3154 1583 et
3201 1526 3357 1582 simul
3407 1523 3561 1579 bonis
3610 1520 3859 1574 fruamur

2266 1626 2483 1684 aeternis
2508 1666 2525 1691 ,
2577 1624 2747 1696 gratia
2785 1632 2839 1677 et
2889 1621 3218 1693 benignitate
3249 1616 3507 1688 nnigeniti
3555 1614 3696 1678 Filii,
3729 1613 3858 1682 qui-

2266 1736 2384 1777 cum
2417 1718 2559 1773 Patri
2600 1731 2810 1787 unaque
2828 1713 3049 1785 Spiritui
3077 1709 3515 1782 sancto,gloria,
3548 1706 3857 1777 imperium,

2268 1813 2460 1878 honor,
2512 1823 2655 1866 nunc
2706 1817 2761 1863 et
2808 1820 3045 1879 semper,
3085 1816 3139 1861 et
3174 1805 3226 1860 in
3267 1802 3462 1859 saecula
3506 1798 3858 1858 surculorum.

2267 1909 2457 1961 Amen.

1966 2094 2307 2162 HOMILIA
2352 2093 2468 2157 1X.

585 2275 710 2332 Car.
743 2275 796 2331 5.
842 2288 894 2327 v.
942 2269 1030 2327 12.
1085 2267 1271 2323 Videns
1312 2274 1477 2320 autem
1523 2253 1743 2325 Petrus,
1792 2249 2049 2325 respondit
2095 2245 2163 2299 ad

657 2365 900 2437 papulttm
929 2379 947 2417 :
978 2360 1084 2415 Viri
1112 2358 1381 2423 Israelitaz,
1411 2354 1533 2422 quid
1564 2349 1817 2405 miramini
1846 2347 1900 2399 in
1930 2344 2059 2405 hoc,
2072 2349 2161 2393 aut

654 2432 777 2529 quid
803 2472 892 2511 nos
920 2450 1213 2515 intuemini,
1242 2448 1385 2520 quasi
1413 2455 1585 2501 nostra
1628 2442 1808 2496 virtute
1854 2443 1941 2490 aut
1982 2432 2162 2503 pietate

659 2551 923 2623 fecerimus
952 2546 1086 2600 hunc
1111 2540 1415 2596 ambulare?

658 2612 710 2697 ἦ.
740 2638 971 2695 Ὀταιονὶε
997 2633 1240 2689 modestia
1262 2631 1471 2685 multum
1492 2626 1693 2699 prodest
1708 2619 2033 2677 auditori.—
2053 2612 2163 2669 Ma—

583 2737 703 2805 jore
725 2732 914 2788 liducia
940 2729 1095 2801 plena
1123 2735 1206 2781 est
1231 2725 1344 2778 haec
1369 2722 1540 2776 oratio
1567 2734 1582 2771 :
1616 2733 1720 2772 non
1748 2712 1890 2786 quod
1913 2713 1963 2765 in
1988 2708 2165 2779 priore

590 2798 833 2889 timeret,
866 2798 959 2876 sed
986 2818 1106 2889 quia
1134 2816 1186 2871 id
1215 2815 1461 2875 homines
1487 2812 1559 2865 illi
1584 2809 1831 2863 irrisorcs
1860 2818 1964 2857 non
2012 2798 2165 2854 tulis-

586 2929 727 2974 sent.
759 2916 935 2983 Quare
975 2911 1029 2967 in
1075 2910 1219 2965 illius
1262 2905 1485 2963 exet-dio
1538 2902 1715 2959 statim
1762 2897 1880 2952 illos
1927 2901 2164 2948 attentos

580 3009 797 3073 reddit,
829 3006 1013 3061 dicens
1039 3018 1054 3056 :
1088 3000 1197 3056 Hoc
1223 3000 1362 3055 vobis
1391 3007 1568 3052 notum
1591 2996 1690 3058 sit,
1721 3001 1766 3046 et
1801 2988 2006 3044 auribus
2053 3001 2166 3053 per-

588 3102 741 3166 cipite
766 3099 912 3153 verba
938 3111 1067 3150 mea.
1097 3093 1194 3149 llic
1223 3102 1399 3145 autem
1434 3106 1537 3144 non
1568 3086 1727 3141 habet
1767 3083 1854 3137 tali
1908 3087 2167 3151 apparatu

590 3208 744 3262 opus.
776 3190 891 3245 Non
918 3186 1059 3243 enim
1086 3197 1278 3255 segnes
1320 3191 1473 3238 erant
1503 3199 1514 3234 :
1548 3180 1755 3249 signant
1806 3175 2004 3247 quippe
2046 3171 2170 3226 illos

591 3293 824 3340 attentos
851 3281 1047 3336 fecerat
1070 3294 1084 3343 ;
1117 3274 1255 3330 unde
1276 3280 1561 3342 etstupore
1582 3279 1636 3325 et
1657 3276 1800 3323 metu
1825 3265 2166 3336 plenierant.

591 3380 767 3444 Quare
794 3389 903 3431 non
929 3386 1065 3443 Opus
1091 3369 1183 3423 fuit
1216 3376 1273 3421 ut
1299 3365 1424 3421 inde
1460 3361 1737 3420 exordium
1778 3359 2033 3416 duceret;
2073 3352 2167 3410 sed

592 3466 806 3523 aliunde
830 3505 845 3531 ,
873 3480 979 3535 quo
1006 3462 1125 3517 illos
1156 3459 1320 3527 magis
1347 3456 1447 3512 sibi
1477 3454 1821 3517 conciliaret,
1853 3451 2076 3521 gloriam
2102 3447 2170 3501 ab

591 3576 650 3617 sc
671 3557 1005 3631 depellenda.
1024 3554 1169 3609 Nihil
1197 3553 1340 3609 enim
1364 3560 1467 3605 tam
1497 3547 1711 3620 prodest
1736 3544 1985 3609 auditori,
2012 3556 2168 3612 quain

594 3654 638 3706 si
666 3658 847 3707 orator
876 3647 1004 3702 nihil
1032 3645 1205 3715 magni
1234 3643 1300 3697 de
1328 3656 1386 3697 se
1416 3641 1555 3696 dicat
1580 3680 1595 3705 ,
1630 3640 1723 3694 sed
1750 3652 1961 3692 onmem
1991 3650 2170 3705 super-

595 3744 699 3798 biae
720 3740 1079 3811 suspicionem
1099 3736 1267 3791 tollat.
1299 3734 1534 3790 Gloriam
1564 3728 2069 3800 vero-despiciemus
2093 3726 2173 3783 sic

599 3835 857 3905 majorem
886 3832 985 3887 sibi
1016 3830 1237 3901 gloriam
1272 3827 1560 3896 parabant,
1586 3822 2043 3892 ostendebantque
2067 3834 2171 3875 non

601 3930 889 3980 lmmanum
912 3966 926 3988 ,
961 3921 1053 3978 sed
1080 3920 1317 3975 divinum
1352 3917 1477 3971 illud
1506 3931 1625 3971 esse
1651 3930 1785 3986 opus
1804 3956 1820 3981 ,
1850 3922 1907 3969 et
1937 3927 2030 3982 par
2055 3924 2175 3965 esse

601 4028 657 4071 ιιι
685 4017 760 4072 illi
788 4016 948 4070 etiam
975 4027 1093 4068 cum
1121 4010 1241 4064 aliis
1267 4006 1662 4063 admirarentur
1686 4047 1699 4071 ,
1734 4021 1838 4061 non
1865 4001 2173 4057 inadmira-

602 4114 743 4165 tione
773 4108 1121 4164 haberentur.
1160 4102 1319 4158 Vides
1340 4143 1353 4165 ,
1389 4116 1545 4171 quant
1575 4100 1645 4153 ab
1672 4096 1963 4152 ambitiOne
1993 4112 2174 4165 purus,

601 4203 820 4267 gloriam
847 4200 945 4254 sibi
975 4196 1207 4252 oblatam
1237 4192 1510 4263 depellat?
1537 4191 1623 4245 Sic
1664 4198 1718 4244 et
1767 4197 1976 4243 veteres
2014 4185 2177 4239 facie-

606 4294 765 4355 bant,
798 4300 854 4344 ut
883 4286 1173 4357 Daniclqui
1206 4284 1415 4340 dicebat
1450 4300 1461 4335 :
1498 4281 1604 4352 Ego
1651 4289 1818 4333 autem
1861 4295 1962 4331 non
2006 4278 2057 4329 in
2099 4292 2182 4330 sa-

606 4386 827 4455 pientia,
868 4398 977 4451 qua:
1002 4381 1052 4433 in
1097 4395 1175 4431 me
1219 4379 1281 4431 sit
1331 4374 1508 4447 (Dan.
1555 4372 1611 4425 Ξ.
1653 4370 1795 4443 50);
1845 4382 1900 4426 ct.
1941 4368 2179 4437 Joseph,

615 4478 797 4532 Nonne
823 4491 908 4543 per
933 4472 1092 4525 Deum
1114 4469 1448 4538 manifestatio
1492 4483 1665 4519 eorum
1709 4464 1876 4535 (Gen.
1923 4462 2012 4517 40.
2061 4460 2184 4529 8)?

609 4583 659 4624 et
692 4565 853 4621 David
874 4608 888 4631 ,
932 4563 1216 4617 Venientem
1244 4561 1433 4614 leonem
1461 4569 1505 4611 et
1537 4574 1710 4611 ursum
1736 4558 1788 4610 in
1830 4556 2031 4610 nomine
2074 4552 2183 4607 Do-

613 4659 734 4712 mini
754 4655 982 4711 manibus
1005 4651 1343 4721 discerpebam
1374 4650 1447 4721 ('l.
1482 4649 1611 4719 Reg.
1644 4648 1730 4701 17.
1758 4648 1870 4716 '54).
1891 4646 1953 4701 Hi
1974 4659 2186 4714 quoque

616 4765 754 4803 nunc
786 4766 799 4801 :
832 4746 972 4814 Quid
1000 4762 1089 4798 nos
1110 4742 1409 4806 intuemini,
1441 4739 1586 4809 quasi
1624 4738 1829 4807 prepria
1881 4737 2063 4789 virtute
2101 4745 2187 4789 aut

615 4839 1089 4910 pietatefecerimus
1118 4838 1248 4888 hunc
1277 4834 1540 4895 ambulare
1564 4832 1589 4884 ἲ
1629 4830 1743 4885 Non
1798 4828 1901 4883 hoc
1947 4837 2186 4882 nostrum

616 4940 737 4997 est,
770 4930 978 4999 inquit;
1012 4944 1181 4997 neque
1210 4927 1347 4980 rnim
1383 4924 1523 4994 quod
1569 4923 1711 4993 digni
1746 4936 1988 4977 essemus
2012 4963 2026 4985 ,
2067 4936 2191 4990 gra-

618 5026 742 5078 tiatn
778 5022 866 5077 Dei
895 5021 1234 5074 attraxintus.
1268 5018 1349 5071 l3.
1376 5015 1512 5069 Deus
1536 5014 1821 5077 Abraham,
1854 5013 1991 5066 Deus
2020 5011 2185 5077 Isaac.

618 5128 661 5169 et
696 5116 830 5168 Dens
855 5112 1034 5177 Jucob,
1060 5112 1193 5165 Deus
1219 5120 1415 5180 patrum
1440 5106 1903 5169 nostrorumVide,
1930 5105 2195 5174 quomodo

618 5226 673 5263 se
695 5209 999 5277 frequenter
1020 5204 1084 5259 ad
1110 5202 1475 5273 progenitores
1503 5207 1813 5263 convertat;
1840 5214 1905 5252 ne
1927 5198 2194 5251 videretur

619 5318 807 5355 ttU\‘lItlt
832 5298 1097 5369 quoddam
1121 5296 1307 5365 dogma
1332 5293 1579 5348 i..dnccre
1605 5310 1618 5347 :
1643 5302 1695 5347 et
1718 5290 1822 5345 illic
1845 5289 2193 5359 patriarcham

624 5390 870 5445 ltavidem
906 5388 1255 5450 memoravit,
1293 5396 1344 5440 et
1368 5386 1453 5439 hic
1484 5384 1841 5439 Ahrahamum
1872 5392 1925 5437 et
1965 5396 2194 5451 sequen-

621 5494 719 5536 tes.
746 5480 1059 5548 Gloriﬁcavit
1093 5476 1283 5533 Filium
1309 5493 1455 5531 suum
1482 5476 1677 5531 Jesnnt.
1709 5476 1911 5531 Rursus
1932 5475 2201 5529 humiliter

622 5575 759 5627 sicut
782 5573 837 5624 in
869 5571 1150 5640 prommio.
1182 5567 1380 5623 Deinde
1406 5570 1456 5621 itt
1490 5568 1697 5621 illorum
1729 5567 1959 5621 facinore
1984 5567 2197 5633 insistit,

622 5666 856 5734 illudque
884 5663 1090 5717 extollit
1116 5703 1129 5724 ,
1163 5678 1257 5717 nec
1288 5662 1386 5715 sub
1415 5662 1602 5715 umbra
1646 5660 1877 5729 loquitur
1927 5670 1981 5713 ul
2034 5659 2199 5725 prius.

624 5756 751 5811 lllud
781 5766 953 5811 autem
1002 5754 1163 5817 facit,
1215 5764 1271 5807 ut
1319 5753 1436 5806 illos
1490 5752 1657 5821 magis
1707 5752 1941 5805 reducat.
1994 5750 2203 5815 Quanto

625 5850 762 5905 enim
788 5849 955 5919 magis
985 5848 1156 5904 scelus
1187 5846 1487 5901 det'larab;~-t
1518 5888 1529 5911 ,
1564 5854 1709 5897 tanto
1741 5844 2052 5897 altt'trtiorcs
2088 5845 2197 5897 red-

2272 2237 2450 2295 debat.
2478 2235 2792 2305 Gtoriﬁcavit
2810 2277 2823 2299 ,
2858 2234 3060 2304 inquit,
3098 2230 3285 2286 Filium
3316 2247 3459 2285 suum
3484 2228 3684 2295 Iesum,
3706 2243 3862 2297 quem

2270 2348 2358 2387 vos
2384 2330 2685 2394 tradidistis,
2717 2338 2762 2383 et
2788 2326 3011 2399 negastis
3035 2336 3153 2379 ante
3172 2324 3352 2395 faciem
3381 2322 3539 2377 Pilati
3558 2363 3573 2389 ,
3587 2321 3864 2393 judicante

2268 2425 2358 2480 illo
2380 2423 2590 2477 dimitti.
2625 2421 2741 2476 Duo
2773 2428 2899 2475 sunt
2927 2419 3149 2474 crimina
3170 2458 3187 2484 ,
3212 2427 3268 2472 et
3292 2416 3435 2486 quod
3463 2414 3669 2471 Pilatus
3695 2413 3868 2469 vellet

2269 2518 2573 2585 dimittere,
2620 2524 2673 2570 et
2720 2513 2861 2585 quod
2902 2512 2993 2567 illo
3043 2511 3257 2567 volente
3302 2524 3396 2566 vos
3432 2506 3728 2563 nolueritis.
3765 2508 3861 2561 N.

2279 2610 2381 2666 Vos
2401 2620 2565 2665 autem
2591 2618 2823 2663 sanctum
2851 2616 2898 2661 et
2915 2607 3114 2677 justum
3140 2603 3357 2675 negastis
3380 2642 3395 2667 ,
3442 2613 3489 2656 et
3532 2600 3744 2671 petiistis
3788 2600 3863 2653 ei-

2270 2722 2384 2759 rum
2404 2703 2709 2759 homicidam
2730 2701 2910 2756 donari
2930 2699 3107 2754 vobis:
3138 2698 3225 2753 15.
3266 2705 3526 2751 auctorem
3576 2709 3693 2748 uero
3744 2694 3867 2746 vittc

2270 2799 2605 2867 interfecistis,
2633 2812 2781 2865 quem
2803 2793 2943 2849 Deus
2962 2791 3215 2848 suscitavit
3242 2808 3273 2844 a
3300 2790 3508 2843 mortuis
3532 2830 3545 2852 ,
3587 2788 3736 2857 cujus
3766 2802 3866 2841 nos

2273 2902 2417 2947 testes
2444 2906 2637 2945 sumus.
2666 2890 2743 2943 Ac
2769 2887 2814 2942 si
2837 2886 3059 2947 diceret,
3090 2884 3191 2938 Pro
3219 2883 3307 2937 illo
3328 2882 3585 2937 latronem
3608 2880 3865 2950 petiisus.

2272 2984 2404 3039 Rem
2434 2979 2720 3037 admodum
2744 2992 2960 3049 gravem
2987 2976 3241 3033 declarat.
3266 2974 3398 3043 Quia
3427 2974 3544 3029 illos
3570 2973 3668 3029 sub
3697 2988 3866 3028 manu

2274 3075 2492 3132 tenebat
2516 3115 2531 3141 ,
2560 3072 2906 3129 vehementer
2929 3069 3272 3141 praestringit.
3295 3068 3559 3123 Auctorem
3582 3084 3695 3122 vero
3723 3067 3863 3132 vita;

2276 3168 2466 3238 inquit.
2495 3166 2589 3222 llic
2617 3164 3027 3221 resurrectionis
3060 3162 3216 3217 fidem
3247 3169 3487 3232 apparat.
3522 3160 3683 3228 Quem
3723 3160 3869 3215 Deus

2274 3261 2532 3317 suscitavit
2556 3277 2587 3313 a
2611 3259 2841 3313 mortuis.
2875 3256 2952 3312 Nc
2981 3255 3101 3327 quis
3143 3255 3381 3322 diceret,
3428 3254 3710 3311 Undenam
3760 3254 3869 3309 hoc

2276 3352 2483 3423 liquet?
2510 3366 2613 3407 non
2642 3351 2750 3420 jam
2778 3349 2845 3403 ad
2880 3350 3167 3419 prophetas
3192 3345 3465 3419 confugit,
3499 3347 3590 3401 sed
3614 3346 3680 3400 ad
3714 3348 3867 3414 seip-

2274 3458 2422 3511 sum,
2456 3442 2578 3513 quia
2606 3441 2716 3510 jam
2746 3440 2851 3495 fide
2880 3439 3069 3509 dignus
3119 3439 3431 3495 habebatur.
3476 3437 3627 3493 Tunc
3677 3438 3821 3492 enim
3850 3480 3867 3504 ,

2275 3552 2395 3592 cum
2424 3535 2644 3590 dixisset
2675 3532 2821 3587 illum
2850 3531 3209 3587 resurrexisse
3233 3571 3248 3594 ,
3283 3529 3532 3583 Davidem
3565 3528 3871 3584 tes:em-in-

2275 3627 2462 3691 duxit;
2501 3638 2641 3679 nunc
2671 3638 2801 3679 vero
2832 3622 2933 3677 hoc
2964 3624 3135 3692 ipsum
3160 3621 3365 3685 dicens,
3395 3619 3620 3676 chorum
3645 3630 3864 3690 aposto-

2278 3722 2459 3775 licum.
2501 3718 2660 3787 Cujus
2705 3734 2797 3771 nos
2841 3726 2987 3771 testes
3015 3732 3187 3770 sumus
3207 3755 3224 3782 ,
3256 3715 3442 3784 inquit.
3474 3716 3559 3770 16.
3598 3715 3659 3768 Et
3687 3716 3736 3768 in
3765 3718 3876 3785 ﬁde

2280 3812 2497 3866 nominis
2526 3813 2637 3880 ejus
2657 3852 2669 3873 ,
2704 3810 2836 3862 hunc
2857 3850 2871 3874 ,
2903 3824 3049 3878 quem
3074 3823 3160 3861 vos
3188 3808 3363 3861 ridetis
3386 3816 3431 3861 et
3453 3808 3607 3862 nostis
3626 3848 3641 3871 ,
3678 3809 3876 3875 conﬁr-

2278 3907 2433 3959 mavit
2458 3920 2638 3958 nomen
2667 3902 2818 3972 ejus;
2842 3910 2887 3955 et
2909 3901 3054 3969 ﬁdes,
3083 3916 3195 3970 qua:
3218 3917 3306 3969 per
3328 3916 3445 3955 eum
3490 3908 3597 3964 est,
3640 3901 3779 3956 dedit
3826 3904 3875 3956 ei

2278 3999 2521 4067 integram
2550 3995 2813 4049 sanitatem
2841 3994 2987 4046 istaut
3017 3992 3067 4046 in
3090 4002 3357 4063 conspectu
3375 3995 3601 4047 omnium
3623 4005 3873 4048 vestrum.

2279 4090 2537 4155 Qumreus
2565 4101 2778 4141 oausam
2810 4086 3017 4146 dicere,
3050 4084 3227 4137 statim
3256 4084 3465 4153 signum
3512 4086 3696 4153 adjicit
3720 4128 3736 4149 ,
3783 4087 3876 4141 di-

2284 4195 2454 4234 cens:
2488 4177 2552 4231 In
2583 4188 2852 4245 conspectu
2880 4176 3103 4229 omnium
3125 4186 3367 4228 metrum.
3397 4177 3530 4245 Quia
3561 4178 3715 4232 valde
3748 4180 3875 4234 illos

2289 4270 2703 4340 perstrinxerat,
2736 4279 2789 4321 et
2817 4268 3126 4322 ostenderat
3152 4270 3464 4322 cruciﬁxum
3489 4272 3873 4339 resurrexisse,

2287 4377 2469 4415 rursus
2495 4374 2797 4414 sermonem
2830 4360 3069 4428 mitigat,
3101 4359 3235 4414 dans
3260 4360 3363 4415 illis
3410 4361 3734 4429 pautitcntize
3790 4365 3877 4418 fa-

2286 4457 2536 4511 cnl:atem
2565 4497 2578 4517 ,
2608 4454 2813 4509 dicens.
2848 4454 2934 4507 l7.
2964 4452 3037 4504 Et
3068 4469 3201 4505 nunc
3221 4495 3235 4518 ,
3265 4458 3447 4521 fruti-es
3468 4495 3482 4514 ,
3507 4460 3609 4507 scio
3637 4456 3757 4524 quia
3786 4474 3881 4523 per

2286 4550 2627 4620 ignorantium
2653 4548 2840 4618 fecis:is
2862 4589 2874 4609 ,
2917 4548 3043 4599 sicut
3070 4558 3114 4599 et
3139 4547 3391 4617 principes
3414 4550 3582 4601 vestri.
3611 4548 3707 4601 Per
3728 4551 3880 4620 igno-

2290 4643 2509 4695 rantiam
2534 4640 2742 4711 fecistis.
2774 4639 2897 4692 llmc
2928 4654 3028 4691 una
3058 4640 3331 4692 excusmio
3362 4653 3442 4692 ρει
3468 4656 3481 4702 ;
3512 4641 3697 4705 altera,
3730 4644 3882 4697 Sicut

2292 4748 2337 4790 et
2372 4736 2620 4805 principes
2664 4734 2833 4786 vestri.
2882 4730 3338 4796 Quomadnttnlum
3380 4732 3579 4802 Ioseph
3622 4731 3885 4791 fratribus

2292 4828 2500 4879 dixobat
2530 4844 2541 4879 :
2574 4824 2711 4877 Deus
2746 4842 2821 4877 me
2846 4824 2977 4877 misit
3009 4833 3123 4875 ante
3149 4840 3231 4877 vos
3267 4821 3433 4892 (Cen.
3474 4826 3562 4881 45.
3617 4827 3719 4893 5);
3770 4829 3889 4882 into

2293 4920 2431 4985 quod
2462 4918 2682 4986 carptim
2718 4916 2825 4969 illic
2852 4901 3099 4979 dixerat,
3126 4913 3349 4983 Deﬁnito
3385 4917 3638 4981 consilio,
3670 4927 3715 4970 et
3746 4934 3888 4985 prte-

2293 5011 2499 5061 scientiu
2525 5008 2619 5061 Dei
2644 5007 2887 5061 traditum
2914 5008 3213 5077 accipientes
3244 5008 3382 5073 (Act.
3416 5008 3465 5061 2.
3499 5006 3613 5077 25),
3645 5008 3885 5078 idipsum

2296 5101 2381 5154 hic
2412 5116 2464 5155 θ)
2521 5101 2668 5154 ‘ndit.
2706 5100 2792 5153 '18.
2825 5097 2961 5151 Deus
2985 5108 3151 5150 autent
3175 5114 3285 5167 qua:
3313 5099 3667 5167 prantuntiavit
3705 5116 3797 5167 per
3827 5118 3890 5155 os

2297 5196 2520 5248 omnium
2542 5193 2904 5263 prophetarum
2936 5192 3039 5259 pati
3062 5191 3319 5245 Christum
3340 5207 3510 5257 suum,
3542 5191 3612 5244 sic
3632 5192 3885 5260 implerit.

2299 5288 2469 5343 Simul
2499 5285 2733 5340 ostendit
2760 5299 2863 5339 non
2894 5285 3105 5339 illorum
3134 5298 3254 5339 esse
3274 5323 3287 5345 ,
3318 5283 3363 5336 si
3398 5283 3497 5338 hoc
3546 5281 3891 5339 demonstra-

2302 5393 2410 5434 tum
2434 5380 2542 5441 sit;
2586 5378 2678 5432 sed
2709 5392 2804 5447 per
2834 5378 3158 5432 voluntatem
3191 5376 3283 5431 Dei
3328 5374 3522 5430 factum
3554 5391 3695 5431 esse.
3748 5377 3895 5431 Cum

2300 5487 2428 5529 vero
2450 5472 2577 5527 dicit
2600 5512 2613 5535 ,
2653 5470 2777 5535 Qua:
2820 5471 3197 5539 prwnuntiarit,
3239 5470 3415 5533 verba,
3449 5470 3600 5539 queis
3622 5470 3896 5541 ~crucifth

2305 5570 2720 5639 ΟΧιιΓυὺῐἮὶιθιιῑ,
2754 5567 3053 5621 ςιιῐιίιιιιίριιι
3087 5585 3096 5617 :
3129 5566 3181 5620 Si
3213 5567 3675 5628 vultcutn,salvet
3715 5565 3895 5633 illum,

2305 5664 2579 5717 dicentes:
2612 5661 2749 5712 t'ixil
2778 5663 2939 5724 ettitu,
2975 5660 3139 5713 Filius
3172 5659 3261 5712 Dei
3292 5674 3408 5711 sum
3440 5676 3451 5710 ε
3481 5659 3695 5712 conlidit
3738 5659 3790 5711 in
3832 5660 3896 5713 il-

2308 5756 2451 5821 lum;
2486 5755 2593 5807 dcsu
2672 5754 2775 5805 alat
2806 5767 2945 5805 nunc
2983 5752 3048 5805 dc
3092 5767 3247 5805 ('rmc
3281 5755 3297 5822 (
3328 5752 3513 5805 .llatllt.
3544 5750 3634 5805 ‘27.
3665 5753 3732 5806 40
3778 5768 3897 5819 sqq.

2310 5845 2431 5900 Luc.
2462 5847 2548 5900 25.
2580 5845 2644 5899 ὂὺ
2674 5852 2708 5914 ).
2749 5847 2825 5897 An
2864 5860 3011 5911 nugas
3041 5852 3161 5896 sunt
3196 5844 3339 5907 bene,
3393 5859 3422 5897 0
3468 5844 3652 5897 stulti?
3708 5847 3763 5893 ,ιι
3788 5846 3899 5911 sit;
