4098 6324
183 430 242 482 77
1112 416 1175 470 IN
1216 413 1397 470 ACTA
1440 407 1968 466 APOSTOLORUM.
2014 405 2244 461 llOMll..
2298 405 2388 460 IX.
3447 396 3515 451 7S

187 542 277 597 sed
321 541 399 595 sic
444 537 740 606 oportebat
789 533 945 591 ﬁeri:
979 538 1034 586 et
1085 528 1436 584 testificantur
1484 523 1782 594 proplictzr.

187 635 370 702 Itaque
398 647 506 685 non
535 630 608 686 ob
653 627 1015 690 inﬁrmitatem
1067 639 1172 677 non
1217 617 1534 682 descendit,
1584 614 1678 671 sed
1723 615 1792 669 ob

188 741 339 781 suam
361 724 641 778 \irtutcm.
679 722 745 776 Et
774 719 874 772 hoc
897 717 1046 787 ponit
1072 716 1124 768 in
1155 713 1556 769 excusationem
1581 707 1795 763 Judaio-

189 833 335 880 t'um,
364 825 426 871 ut
454 817 618 870 etiam
651 811 936 879 accipiant.
969 807 1058 862 Sic
1083 805 1327 876 implevit,
1363 803 1552 873 inquit.
1582 799 1791 863 Viden',

187 907 466 978 quomodo
497 914 670 960 totum
699 903 824 958 illuc
854 897 1091 956 referat?
1123 897 1212 953 9|.
1246 893 1572 951 Ptenitemini
1593 893 1751 961 igitur
1775 931 1790 957 ,

191 999 366 1070 anuit
388 1041 403 1064 ,
432 1007 479 1052 et
510 993 876 1050 convertimini.
907 991 1017 1046 Nec
1043 990 1207 1057 dicit,
1241 988 1284 1043 Α
1315 987 1546 1058 peccatis
1569 984 1792 1050 vestris;

189 1092 285 1146 sed
309 1134 322 1156 ,
355 1089 426 1147 Ut
447 1089 715 1145 deleantur
742 1096 949 1157 peccata
979 1094 1167 1149 vestra,
1202 1082 1431 1152 idipsum
1461 1079 1790 1149 significans.

190 1182 400 1238 Deinde
427 1183 635 1237 lucrum
661 1179 880 1248 apponit
915 1196 926 1230 :
965 1175 1031 1231 Ut
1057 1192 1172 1229 cum
1201 1175 1423 1228 venerint
1450 1183 1674 1241 tempora
1710 1187 1794 1224 re-

187 1275 391 1346 frigerii
416 1291 448 1326 a
469 1281 738 1343 conspectu
770 1269 999 1324 Domini.
1032 1266 1128 1321 Hic
1158 1265 1373 1320 exhibet
1397 1264 1516 1318 illos
1542 1263 1594 1317 in
1627 1263 1792 1316 mise-

189 1371 328 1420 riam
379 1366 667 1434 deIapStis.
722 1363 1010 1430 multisque
1073 1358 1295 1414 allectos
1351 1355 1789 1410 calamitatibus:

189 1457 425 1527 ideoque
451 1457 532 1511 sic
555 1455 790 1525 loquitur
815 1495 830 1520 ,
862 1464 1062 1521 gnarus
1092 1451 1207 1505 hate
1256 1448 1417 1503 verba
1466 1447 1689 1517 patienti
1742 1455 1796 1500 et

189 1550 620 1604 consolationem
651 1544 914 1614 qua-renti
946 1557 1264 1613 congruere.

256 1640 313 1694 2.
349 1641 418 1694 Et
449 1638 568 1693 vide
609 1634 879 1708 quomodo
927 1633 1202 1705 procedat.
1240 1631 1295 1687 lu
1330 1632 1498 1702 prima
1525 1629 1789 1686 concione

183 1732 389 1788 sensim
423 1728 878 1785 resurrectionem
907 1735 964 1782 et
993 1725 1289 1780 sessionem
1317 1726 1369 1779 in
1396 1725 1529 1778 ca-lo
1553 1723 1794 1777 subindi-

181 1824 357 1888 cavit;
401 1823 487 1877 hic
518 1835 648 1877 vero
677 1820 821 1874 clare
848 1818 1138 1874 adventum
1167 1816 1344 1872 effert.
1385 1815 1475 1871 20.
1513 1815 1575 1868 Et
1606 1815 1794 1869 miserit

181 1933 319 1980 cum,
342 1915 431 1983 qui
459 1925 577 1967 ante
602 1913 906 1983 praedicatus
927 1920 1018 1974 est,
1041 1909 1076 1962 Ι
1081 1926 1217 1964 esum
1235 1909 1514 1970 Christum,
1534 1907 1623 1962 2|.
1648 1925 1794 1977 quem

179 2019 384 2078 oportet
409 2008 614 2079 quidem
639 2005 821 2060 calum
848 2005 1142 2075 suscipere;
1175 2003 1225 2057 id
1255 2013 1366 2068 est,
1400 2018 1623 2059 necesse
1660 2014 1743 2058 est
1778 2021 1790 2055 :

178 2120 346 2175 usque
385 2103 454 2157 ad
502 2112 729 2172 tempora
775 2100 1106 2154 restitutionis
1147 2103 1393 2152 omnium.
1439 2097 1619 2164 Quare
1653 2110 1794 2150 nunc

177 2213 291 2251 non
335 2196 542 2262 veniat,
586 2209 746 2249 causa
793 2191 1072 2247 manifesta
1119 2199 1220 2244 est.
1276 2190 1403 2257 Qua:
1444 2192 1681 2260 loquutus
1721 2200 1796 2241 est

177 2289 323 2345 Deus
351 2307 444 2359 per
474 2306 532 2342 os
565 2299 852 2342 sanctorum
884 2301 1092 2339 suorum
1123 2300 1153 2336 a
1183 2284 1370 2337 swculo
1403 2283 1790 2352 pmphetarttm.

171 2383 268 2436 22.
297 2380 504 2451 Moyses
529 2379 731 2449 quidem
763 2378 992 2447 putribus
1025 2375 1153 2429 dixit
1182 2392 1200 2429 :
1234 2374 1544 2444 Pr0pltetmn
1570 2375 1790 2427 sus-ritu-

171 2475 244 2528 bit
277 2474 420 2526 vobis
455 2470 705 2524 Dominus
735 2468 874 2522 Deus
902 2478 1060 2522 vester
1087 2472 1148 2520 de
1175 2468 1422 2537 fratribus
1455 2467 1629 2520 vestris
1662 2477 1794 2518 tam-

168 2584 330 2636 quam
360 2584 440 2620 me
468 2585 487 2621 :
519 2566 684 2637 ipsum
718 2564 934 2617 audietis
964 2563 1122 2632 juxta
1156 2563 1326 2614 omnia
1356 2576 1682 2630 qutccunique
1720 2561 1796 2612 lo-

167 2669 366 2729 quuttts
397 2658 552 2730 fuerit
581 2658 718 2711 vobis
748 2655 924 2729 (Deut.
957 2655 1044 2708 18.
1078 2655 1190 2723 15).
1223 2653 1334 2708 Illic
1382 2654 1636 2707 Davidem
1659 2695 1673 2718 ,
1710 2654 1796 2707 hic

171 2752 418 2822 Moysen)
443 2749 780 2804 memoravit.
811 2748 1074 2814 Omnium,
1109 2747 1300 2817 inquit,
1324 2763 1438 2818 qua:
1463 2748 1700 2816 loquutus
1723 2755 1795 2799 est

172 2846 339 2899 Deus.
367 2843 482 2900 Non
506 2844 656 2907 dicit,
681 2844 810 2908 Qum
840 2843 1090 2911 loquutus
1111 2851 1194 2895 est
1220 2839 1500 2904 Christus;
1525 2839 1641 2903 sed,
1668 2839 1798 2904 Qua:

171 2939 420 3006 loquutus
465 2948 540 2990 est
585 2934 756 3000 Deus;
786 2934 864 2988 sic
909 2932 1009 2986 sub
1048 2930 1232 2986 umbra
1272 2931 1529 3000 paulatim
1571 2930 1696 2986 illos
1726 2931 1792 2985 ad

174 3031 337 3084 tidem
369 3029 664 3083 adducens.
698 3026 890 3082 Postea
920 3024 986 3079 ad
1017 3039 1130 3079 rem
1162 3022 1266 3079 fide
1292 3023 1508 3094 dignam
1531 3022 1790 3092 confugit,

170 3125 364 3178 dicens
395 3141 407 3176 :
445 3123 758 3194 Prop/telam
788 3121 1048 3177 suscitabit
1089 3119 1227 3174 vobis
1271 3118 1526 3173 Dominus
1565 3117 1706 3173 Deus
1732 3135 1797 3173 ea:

174 3219 421 3285 fratribus
446 3219 623 3272 vestris
646 3228 904 3288 tamquam
932 3233 1011 3270 me
1031 3233 1049 3269 :
1072 3216 1240 3286 ipsum
1266 3215 1483 3268 audietis
1504 3216 1660 3285 juxta
1686 3229 1794 3266 ont-

175 3312 284 3363 nia.
327 3309 536 3365 Deinde
577 3309 708 3364 ultio
750 3323 940 3379 magna
982 3308 1248 3378 sequitur.
1294 3305 1384 3362 25.
1429 3306 1543 3359 Erit
1582 3315 1750 3358 autem
1775 3346 1790 3371 ,

175 3402 372 3470 inquit,
400 3402 566 3454 omnis
590 3400 762 3454 anima
789 3415 902 3469 qute
921 3415 1023 3454 non
1045 3398 1266 3453 audierit
1294 3397 1595 3469 prop/totam
1621 3396 1789 3460 illum,

174 3493 597 3546 exterminabitur
625 3493 687 3545 de
717 3492 876 3560 plebe.
908 3491 998 3545 24.
1035 3489 1102 3544 Et
1124 3506 1296 3544 omnes
1329 3491 1591 3560 praplieta:
1620 3506 1651 3541 a
1686 3488 1791 3543 Sa-

175 3585 315 3638 muel
345 3593 392 3638 et
422 3584 690 3652 deinceps,
713 3583 800 3652 qui
830 3583 1028 3652 loquuti
1051 3590 1201 3648 sunt,
1230 3581 1658 3635 aununtiuverunt
1685 3581 1792 3634 dies

175 3681 320 3730 istos.
353 3675 453 3731 Hic
477 3688 623 3729 recte
652 3675 872 3730 exitium
898 3673 1093 3745 posuit.
1120 3673 1345 3740 Quando
1366 3673 1508 3727 enim
1537 3688 1790 3742 magnum

175 3769 453 3840 quidpiam
485 3768 615 3822 dicit
635 3810 649 3835 ,
681 3767 747 3822 ad
787 3767 996 3837 priores
1023 3763 1267 3837 confugit
1287 3809 1300 3829 ,
1333 3776 1389 3822 et
1421 3767 1788 3822 testimonium

178 3861 380 3930 reperit
429 3869 656 3931 utraque
697 3860 1108 3930 complectens;
1152 3869 1210 3914 ut
1251 3859 1360 3914 illic
1399 3859 1534 3914 dixit
1569 3876 1582 3912 :
1616 3858 1791 3912 Donec

178 3962 335 4020 ponat
362 3952 595 4006 inimicos
619 3949 712 4004 sub
743 3950 895 4020 pedes
926 3960 1040 4003 tuos
1072 3949 1244 4015 (Psal.
1277 3949 1399 4004 109.
1423 3949 1500 4016 2).
1529 3948 1791 4018 Quodque

177 4048 374 4103 mirum
403 4056 509 4111 est,
540 4046 656 4101 haec
681 4044 790 4101 duo
816 4045 1000 4112 simul,
1031 4044 1312 4114 subjectio,
1347 4043 1716 4114 prmvaricatio
1736 4053 1791 4098 et

176 4154 359 4206 pesta.
393 4138 675 4208 Tamquam
702 4153 800 4202 me,
825 4137 1018 4208 inquit.
1044 4135 1182 4204 Quid
1209 4151 1338 4206 ergo
1367 4137 1673 4190 miramini?
1695 4134 1800 4192 25..

189 4229 288 4284 Vos
329 4230 449 4283 estis
490 4229 589 4296 ﬁlii
633 4229 1024 4298 praphetarum.
1071 4226 1252 4297 Itaque
1298 4228 1450 4282 vobis
1496 4227 1741 4282 dicebam
1771 4270 1785 4293 ,

179 4335 403 4395 prepter
429 4337 527 4378 vos
551 4322 730 4377 omnia
757 4320 891 4376 facta
921 4336 1061 4377 esse.
1091 4321 1224 4389 Quia
1250 4323 1392 4377 enim
1422 4331 1643 4393 propter
1673 4337 1790 4376 scc-

179 4420 262 4470 tcs
289 4415 548 4486 putabant
580 4429 640 4469 se
665 4413 997 4469 abalieualos
1025 4428 1144 4468 csse
1175 4414 1403 4469 :etenim
1431 4415 1622 4469 rationi
1652 4429 1786 4468 conv

177 4519 498 4564 sentancum
531 4522 638 4561 non
662 4515 745 4561 cst
770 4505 1020 4561 eumdem
1049 4506 1210 4560 modo
1229 4507 1487 4578 cruciligi,
1514 4523 1636 4561 mox
1660 4521 1788 4563 suos

176 4616 370 4655 curare
395 4617 409 4663 ;
440 4610 494 4654 et
519 4598 621 4654 hoc
648 4608 703 4653 et
733 4598 861 4653 illud
889 4597 1087 4653 factum
1119 4613 1214 4668 per
1243 4598 1577 4668 prophetiam
1604 4610 1787 4655 osten-

179 4693 276 4744 dit.
318 4690 422 4745 Vos
448 4692 567 4745 estis
587 4733 601 4756 ,
627 4690 835 4760 inquit,
871 4691 967 4758 ﬁlii
995 4691 1360 4761 praplietarum
1391 4700 1437 4744 et
1469 4693 1786 4760 testamenti,

178 4784 315 4850 quod
342 4784 592 4852 disposuit
623 4781 760 4836 Deus
787 4784 855 4834 ttd
891 4791 1056 4850 patres
1087 4794 1296 4848 vestros,
1331 4783 1502 4838 dicens
1531 4784 1600 4836 ad
1627 4786 1789 4838 Abra—

183 4874 299 4927 ltam
326 4889 345 4926 :
378 4871 441 4926 Et
470 4872 521 4926 in
544 4874 734 4928 semine
765 4883 849 4927 tuo
871 4873 1229 4928 benedicentur
1256 4891 1426 4929 onmes
1451 4875 1663 4944 familia:
1691 4887 1789 4931 ter-

182 4983 254 5021 ra:
283 4965 457 5026 (Gen.
493 4966 580 5020 12.
618 4967 710 5038 3).
756 4966 846 5022 26.
903 4965 1052 5022 Vobis
1096 4969 1349 5039 priurum,
1396 4970 1605 5039 inquit,
1651 4970 1792 5028 Deus

178 5069 438 5116 suscitans
464 5057 661 5114 Filium
688 5077 857 5126 suum,
888 5062 1042 5115 misit.
1076 5061 1268 5132 Utique
1296 5071 1350 5117 et
1378 5063 1500 5117 aliis
1525 5079 1538 5128 ;
1570 5063 1665 5118 scd
1693 5079 1788 5120 vo-

181 5151 266 5206 bis
296 5141 530 5223 primum
552 5193 566 5216 ,
597 5152 686 5222 qui
717 5153 1077 5208 crucifixistis.
1124 5153 1509 5209 Benediccntem
1540 5159 1712 5223 vobis;
1739 5168 1792 5211 ut

181 5257 442 5303 convertat
462 5265 515 5302 se
535 5247 874 5318 unusquisque
902 5265 933 5301 a
960 5250 1181 5320 nequitia
1205 5267 1318 5304 sua.
1344 5251 1474 5318 Quae
1504 5252 1638 5306 lecta
1667 5261 1793 5307 sunt

184 5342 490 5399 accuratius
533 5352 862 5412 repetamus.
907 5343 1150 5399 Suadere
1194 5356 1453 5410 conatur,
1500 5361 1605 5400 non
1649 5348 1792 5414 ipsos

187 5434 508 5489 miraculum
551 5434 781 5500 fecisse,
814 5451 938 5491 cum
965 5437 1128 5498 dicit,
1172 5437 1306 5504 Quid
1350 5439 1644 5493 miramini?
1685 5439 1793 5496 Nec

187 5525 453 5597 permittit
483 5536 539 5582 ut
567 5528 712 5583 dicto
742 5526 874 5582 fides
906 5544 1009 5583 non
1051 5527 1331 5584 habeatur.
1377 5532 1550 5600 Atque
1579 5541 1631 5586 ut
1664 5531 1791 5587 illud

188 5619 293 5676 tide
334 5618 548 5689 dignius
589 5620 871 5686 redderet,
917 5622 1129 5676 illorum
1173 5621 1434 5692 judicium
1481 5626 1789 5693 praevertit,

187 5711 378 5766 dicens
407 5727 424 5763 :
458 5709 598 5778 Quid
625 5727 716 5765 nos
746 5713 1044 5779 intuemini,
1075 5714 1220 5778 quasi
1260 5715 1468 5783 prapria
1503 5715 1684 5768 virtute
1718 5719 1795 5770 vel

190 5800 379 5872 pietate
398 5801 701 5872 fecerimus?
724 5802 777 5858 Si
811 5802 913 5858 hoc
942 5818 1037 5859 vos
1068 5812 1236 5857 terret
1260 5813 1316 5859 et
1342 5805 1544 5870 turbat,
1577 5807 1790 5868 discite,

186 5894 311 5958 quis
350 5890 574 5964 fecerit,
604 5905 657 5953 et
697 5910 774 5952 uc.
795 5896 1178 5967 obstupescite.
1211 5895 1275 5951 Et
1305 5897 1405 5952 hoc
1438 5898 1634 5971 ubique
1667 5914 1790 5969 pcr-

1905 519 2082 590 pende
2111 519 2236 575 :ubi
2267 517 2331 573 ad
2362 517 2530 572 Deum
2562 515 2820 586 confugit,
2849 512 3089 582 dixitque
3114 513 3288 580 ipsum
3319 511 3450 567 focis
3485 529 3514 568 c

1905 598 2084 667 omnia
2106 629 2119 677 ;
2145 621 2271 667 tunc
2297 611 2418 666 illos
2442 611 2560 665 sine
2588 618 2732 666 metu
2761 607 3094 679 perstringit.
3121 606 3245 660 Ideo
3267 609 3515 675 superius

1904 706 2135 762 diccbat.
2172 706 2349 760 Virum
2379 707 2714 775 approbatum
2743 721 2774 757 a
2806 703 2913 758 Dea
2943 702 2994 756 in
3032 701 3192 756 vobis.
3223 701 3287 755 Et
3319 701 3517 770 ubique

1906 802 2010 858 illis
2043 802 2143 856 hoc
2175 801 2382 855 facinus
2420 808 2848 864 commemorat,
2880 807 2937 851 ut
2976 795 3294 851 miraculum
3326 803 3460 848 0511‘l
3483 815 3512 826 -

1905 892 2081 959 datur,
2116 902 2169 946 ct
2197 892 2524 947 resurrectio
2558 892 2818 945 tinuetur.
2852 889 2951 944 Hic
2978 898 3156 942 autem
3185 885 3330 940 aliud
3359 884 3519 938 add?-

1905 983 1981 1038 dit
2015 1002 2028 1040 :
2057 1000 2162 1040 non
2187 986 2331 1041 enim
2358 984 2468 1054 jam
2489 985 2649 1049 illum
2677 983 3012 1037 Naurenum
3042 981 3191 1046 dicit,
3222 978 3316 1034 sed
3343 977 3514 1048 quid?

1905 1076 2083 1141 Deus,
2133 1079 2338 1147 inquit,
2387 1088 2588 1146 patrum
2637 1086 2926 1131 nostrorum
2971 1075 3277 1146 gloriﬁcavit
3321 1073 3514 1127 Filium

1903 1185 2052 1223 suum
2080 1169 2115 1224 Ι
2121 1187 2282 1224 esum.

1979 1261 2092 1328 Quo
2119 1263 2217 1315 ritu
2247 1261 2431 1316 Petrus
2452 1263 2798 1316 concionetur.
2823 1290 2891 1300 —-
2929 1261 3078 1324 Vide,
3109 1275 3267 1329 quazu
3297 1259 3511 1314 ahenus

1904 1357 1973 1412 sit
2001 1373 2030 1412 a
2063 1359 2218 1412 fastu.
2251 1356 2367 1410 Non
2395 1357 2688 1423 accusavit,
2725 1372 2900 1427 noque
2923 1373 3042 1409 mox
3074 1355 3208 1410 dixit
3276 1355 3341 1410 Et
3373 1371 3514 1409 nunc

1903 1449 2108 1504 credite
2144 1471 2155 1504 :
2189 1464 2316 1504 cccc
2360 1449 2561 1515 homo,
2611 1464 2734 1503 eum
2793 1464 2890 1518 per
2935 1448 3288 1520 quadraginta
3341 1463 3515 1501 annos

1902 1542 2126 1598 claudus
2157 1541 2366 1607 fuisset,
2402 1542 2452 1596 in
2483 1540 2701 1596 nomine
2727 1540 2854 1595 Jcsu
2885 1540 3083 1594 Christi
3108 1540 3365 1594 surrexit.
3396 1538 3513 1592 Non

1902 1634 1972 1688 ita
2004 1633 2177 1698 dixit;
2213 1649 2335 1687 nam
2377 1633 2834 1688 contentiosiores
2872 1632 2994 1687 illos
3031 1631 3385 1696 reddidisset;
3418 1631 3514 1684 sed

1905 1727 2116 1780 interim
2146 1725 2329 1781 laudat
2354 1725 2476 1782 illos
2496 1767 2510 1793 ,
2543 1726 2684 1796 quod
2719 1741 2832 1780 rem
2860 1724 3281 1779 admirarentur.
3315 1722 3383 1777 Et
3410 1724 3513 1777 ite-

1905 1836 2021 1873 rum
2051 1835 2078 1872 a
2110 1818 2450 1889 progenitore
2478 1827 2653 1873 vocat.
2697 1817 2806 1874 Nec
2836 1817 2969 1873 dicit
3002 1835 3014 1871 :
3048 1816 3204 1872 Jesus
3236 1817 3386 1870 illum
3417 1831 3514 1870 cu-

1904 1912 2060 1974 ravit,
2088 1911 2213 1966 licet
2240 1913 2412 1981 ipsum
2441 1926 2567 1967 vere
2593 1920 2866 1977 curasset;
2895 1911 2990 1966 sed
3020 1927 3088 1966 ne
3113 1911 3378 1975 dicerent,
3412 1910 3516 1965 lic-

1902 2018 2006 2072 qua
2043 2003 2156 2058 huic
2191 2006 2397 2059 ratione
2438 2005 2699 2068 nituntur,
2734 2003 2777 2058 si
2808 2004 3279 2074 praevaricatorem
3307 2003 3516 2071 glorifi-

1903 2096 2022 2150 cat?
2077 2096 2198 2151 ideo
2243 2096 2294 2150 iu
2352 2106 2588 2152 mentem
2638 2097 2747 2152 illis
2797 2105 3016 2152 revocat
3064 2096 3325 2166 j.;dicitun
3376 2096 3516 2165 apud

1905 2190 2136 2244 Pilatum
2173 2208 2185 2243 :
2221 2191 2536 2258 ostendens,
2578 2189 2623 2244 si
2666 2191 2948 2246 attendere
2993 2191 3200 2251 velint,
3243 2207 3346 2245 non
3392 2205 3518 2245 esse

1904 2282 2052 2335 illum
2090 2283 2559 2350 praevaricatorem
2593 2301 2604 2336 :
2643 2297 2818 2351 neque
2847 2283 2990 2337 enim
3023 2282 3226 2336 Pilatus
3257 2283 3520 2337 voluisset

1903 2387 2024 2426 eum
2053 2373 2346 2428 dimittere.
2382 2373 2490 2428 Nec
2515 2374 2665 2439 dicit,
2693 2374 2950 2441 Volente;
2985 2374 3102 2441 sed,
3127 2373 3405 2429 .Iudieante
3429 2375 3518 2428 illo

1903 2468 2124 2532 dimitti;
2164 2467 2448 2522 declarans
2474 2483 2570 2522 vos
2605 2483 2728 2522 eum
2752 2509 2767 2534 ,
2799 2469 2889 2537 qui
2930 2467 3068 2521 alios
3099 2467 3400 2531 occidebat,
3432 2465 3515 2520 di-

1905 2564 2039 2616 mitti
2069 2563 2319 2633 petiisse;
2351 2577 2474 2615 cunt
2498 2575 2628 2616 vero
2654 2603 2668 2626 ,
2699 2561 2788 2630 qui
2818 2561 3030 2615 occisos
3059 2559 3125 2613 ad
3158 2561 3319 2613 vitam
3351 2561 3515 2614 redu-

1902 2655 2079 2720 cebat,
2106 2655 2367 2709 noluisse.
2412 2652 2492 2709 Ne
2529 2669 2657 2709 vero
2688 2653 2885 2708 iterum
2917 2653 3158 2708 dicerent
3189 2671 3202 2707 :
3230 2653 3517 2720 Quomodo

1905 2763 2046 2804 nunc
2079 2747 2364 2820 glorificat,
2398 2749 2489 2818 qui
2525 2759 2652 2802 tunc
2680 2764 2786 2802 non
2817 2748 3057 2818 adjuvit?
3083 2748 3363 2803 adducunt
3396 2763 3518 2818 pro-

1907 2841 2094 2910 phetas
2139 2840 2525 2908 testiﬁcantes,
2555 2841 2633 2895 sic
2660 2841 2969 2910 oportuisse
3004 2840 3142 2896 ﬁeri.
3199 2841 3420 2906 Deinde,
3452 2857 3519 2896 ne

1905 2942 2158 3004 putarent
2183 2933 2275 2988 Dei
2300 2934 2660 2989 oeconomiam
2684 2935 2923 3002 ipsorum
2942 2935 3348 2990 excusationem
3373 2950 3515 3000 esse,

1906 3025 2053 3094 prius
2083 3025 2206 3080 illos
2238 3025 2571 3095 perstringit.
2619 3025 2685 3080 Et
2725 3025 2866 3094 quod
2920 3027 2973 3081 in
3018 3036 3312 3097 conspectu
3363 3028 3517 3082 Pilati

1906 3127 2192 3188 negassent
2224 3118 2341 3172 leve
2373 3133 2479 3171 non
2519 3127 2637 3172 erat
2661 3159 2674 3183 ,
2709 3134 2830 3172 cum
2864 3119 2976 3189 ipse
3005 3119 3166 3175 vellet
3196 3120 3470 3175 dimittere
3503 3139 3514 3173 :

1903 3210 2155 3281 quodque
2201 3210 2252 3265 id
2299 3226 2497 3282 negare
2545 3227 2651 3265 non
2691 3222 2937 3282 possent,
2975 3213 3235 3282 arguebat
3266 3213 3329 3277 is,
3356 3229 3514 3282 quem

1906 3319 2001 3373 pro
2024 3303 2114 3358 illo
2143 3304 2425 3372 petierant.
2461 3303 2535 3357 Ita
2555 3303 2658 3358 hoc
2681 3320 2894 3374 quoque
2922 3318 2988 3358 ex
3020 3318 3212 3375 magna
3238 3305 3517 3373 dispensa-

1904 3399 2048 3452 tione
2066 3395 2289 3452 factum.
2311 3396 2806 3467 Hicimpudentiam
2829 3398 3289 3468 petulantiamque
3305 3399 3515 3452 illorum

1902 3489 2175 3555 ostendit;
2203 3502 2271 3552 eo
2301 3488 2446 3559 quod
2476 3490 2691 3559 gentilis
2722 3491 2812 3560 qui
2847 3499 2972 3544 tunc
3005 3489 3236 3559 primum
3264 3491 3411 3544 illum
3443 3491 3517 3543 \i—

1900 3582 1996 3648 dit,
2029 3582 2204 3652 ipsum
2233 3582 2464 3637 liberare
2490 3583 2741 3649 voluerit,
2766 3584 2890 3638 licet
2921 3583 3055 3638 nihil
3087 3585 3263 3652 magni
3286 3586 3518 3639 audivis-

1898 3685 2013 3741 set;
2045 3677 2120 3732 illi
2139 3691 2265 3732 vero
2294 3677 2433 3731 inter
2454 3678 2604 3748 signa
2628 3677 2850 3733 enutriti
2874 3685 3061 3733 contra
3086 3677 3333 3733 fecerint.
3363 3679 3516 3747 Quod

1899 3783 2027 3823 vero
2053 3767 2142 3822 ille
2162 3767 2308 3837 jusle
2329 3768 2598 3838 judicaret
2623 3767 2999 3823 dimittendum
3027 3784 3168 3833 esse,
3188 3786 3286 3824 nec
3310 3772 3373 3824 ad
3397 3787 3517 3840 gra-

1902 3861 2028 3914 tiam
2050 3859 2101 3914 id
2122 3858 2345 3925 faceret,
2366 3860 2486 3913 andi
2513 3861 2685 3929 ipsum
2710 3861 2835 3915 alibi
2869 3860 3191 3932 (Matth.27.
3217 3863 3304 3917 15.
3344 3861 3514 3916 Marc.

1900 3953 1986 4006 15.
2017 3949 2082 4022 6)
2141 3951 2414 4006 dicentem
2466 3968 2480 4002 :
2527 3952 2619 4005 Est
2659 3951 2998 4006 consuetudo
3047 3952 3201 4007 vobis
3237 3952 3516 4007 dimittere

1898 4059 2062 4097 unum
2077 4043 2398 4113 quemdam:
2428 4041 2592 4096 Vultis
2611 4059 2732 4114 ergo
2759 4044 2893 4096 hunc
2920 4045 3173 4097 dimittam
3194 4045 3375 4098 vobis?
3417 4044 3514 4099 Vos

1897 4148 2068 4193 autem
2106 4147 2341 4192 sanctum
2382 4147 2429 4190 et
2449 4139 2648 4207 justum
2694 4138 2944 4206 negastis.
3007 4136 3123 4192 Non
3169 4138 3335 4202 dixit,
3380 4139 3512 4192 'l‘ra-

1897 4231 2134 4295 didistis;
2164 4230 2258 4286 sed
2288 4229 2508 4299 ubique,
2538 4229 2798 4299 Negastis.
2826 4229 2902 4299 (α)
2935 4228 3106 4302 [Jure.
3138 4230 3226 4287 Sic
3256 4233 3400 4285 enim
3429 4234 3509 4286 di-

1895 4324 2090 4379 cebant
2122 4321 2175 4395 z]
2208 4321 2330 4375 Non
2362 4321 2602 4375 habemus
2630 4338 2796 4393 regem
2812 4323 2911 4376 nisi
2935 4313 3188 4378 Ctrsarem
3208 4322 3390 4396 (Joan.
3419 4326 3508 4380 19.

1900 4417 1966 4471 15
1988 4416 2028 4486 ).
2074 4414 2185 4469 Nec
2228 4414 2385 4480 dixit,
2418 4415 2532 4468 Non
2559 4414 2790 4484 petiistis
2821 4416 3187 4484 inculpatum;
3220 4433 3396 4484 neque
3423 4435 3516 4474 ue-

1895 4509 2062 4579 gustis
2089 4508 2263 4564 solum
2285 4550 2299 4575 ,
2333 4507 2427 4562 sed
2460 4509 2621 4561 etiam
2650 4507 2943 4562 occidistis.
2992 4508 3220 4577 Quando
3247 4513 3510 4566 excmeati

1896 4611 2051 4656 crant
2073 4641 2086 4667 ,
2121 4600 2253 4655 nihil
2281 4600 2388 4654 tale
2413 4591 2548 4654 dixit
2574 4617 2587 4654 :
2618 4615 2739 4653 cum
2771 4614 2949 4655 autem
2982 4616 3171 4656 eorum
3203 4602 3368 4656 animi
3399 4619 3512 4657 ma-

1896 4697 1978 4766 gis
2004 4703 2158 4750 erant
2179 4693 2432 4764 exagitati
2458 4735 2470 4757 ,
2499 4702 2624 4749 tunc
2650 4695 2830 4749 acrius
2860 4696 3210 4765 perstringit,
3237 4713 3358 4751 cum
3388 4713 3513 4753 seu-

1900 4791 1997 4844 tire
2024 4795 2295 4859 poterant.
2327 4786 2795 4852 Quemadmodum
2825 4798 2878 4841 ct
2902 4804 3001 4843 nos
3025 4788 3190 4845 ebriis
3219 4790 3352 4844 nihil
3379 4792 3510 4846 dici-

1899 4899 2049 4948 mus;
2083 4898 2204 4937 cum
2233 4890 2416 4937 autem
2441 4880 2706 4937 ebrietate
2735 4881 2943 4936 sublata
2973 4883 3161 4952 vigiles
3192 4895 3319 4938 sunt
3342 4926 3354 4946 ,
3388 4895 3514 4941 tunc

1899 4976 2307 5046 carpimus:ita
2355 4983 2410 5029 et
2459 4974 2682 5040 Petrus,
2726 4989 2848 5028 cum
2893 4975 3194 5045 intelligere
3243 4987 3512 5045 poterant,

1901 5080 2029 5125 tunc
2088 5070 2325 5139 linguam
2378 5067 2556 5134 acuit,
2606 5069 2921 5138 sceleraque
2973 5070 3139 5124 multa
3187 5082 3513 5137 enumerat;

1902 5176 2120 5231 nempe,
2143 5160 2287 5231 quod
2319 5175 2464 5225 eunt,
2490 5175 2649 5230 quem
2679 5160 2822 5215 Deus
2848 5160 3192 5230 glorificavit,
3220 5163 3317 5230 ipsi
3352 5163 3516 5216 tradi-

1901 5254 2113 5320 derint;
2159 5252 2305 5323 quod
2350 5267 2510 5323 quem
2559 5251 2765 5308 Pilatus
2810 5252 3080 5316 absolvit,
3123 5253 3176 5307 in
3220 5265 3515 5322 conspectu

1903 5347 2070 5418 ipsius
2097 5345 2448 5418 negaverint;
2479 5346 2622 5416 quod
2653 5346 2914 5400 latronem
2943 5348 3295 5416 prmtulerint.

1975 5441 2030 5496 5.
2060 5440 2194 5495 Vide
2218 5455 2453 5504 rursum,
2477 5439 2751 5509 quomodo
2777 5439 2985 5493 occulte
3013 5438 3082 5493 de
3107 5440 3344 5508 potentia
3377 5442 3519 5497 illius

1903 5536 2170 5606 loquatur,
2199 5533 2341 5603 quod
2364 5534 2602 5603 seipsum
2630 5534 2990 5597 suscitaverit,
3017 5542 3075 5587 ut
3107 5534 3157 5587 in
3190 5534 3354 5602 priori
3384 5551 3516 5591 con-

1903 5629 2058 5684 cione
2080 5626 2293 5682 diccbat
2322 5642 2336 5680 :
2359 5625 2522 5680 Juxta
2549 5627 2686 5695 quod
2711 5627 3023 5696 impossibile
3051 5637 3160 5679 erat
3187 5629 3344 5680 teneri
3373 5629 3516 5681 illum

1905 5726 1965 5776 ab
1992 5740 2050 5777 eo
2081 5720 2221 5792 (Act.
2243 5719 2297 5774 2.
2326 5719 2419 5791 24)
2441 5735 2454 5786 ;
2479 5727 2534 5775 et
2560 5720 2665 5787 hic,
2689 5721 2975 5785 Auctorem,
3006 5720 3198 5789 inquit,
3219 5720 3333 5775 vita:
3356 5720 3510 5774 inter-

1973 5906 2046 5969 (a)
2080 5912 2192 5965 Qua
2215 5902 2408 5954 uncinis
2432 5900 2722 5953 clauduntur
2746 5898 2922 5951 desunt
2945 5902 2992 5949 in
3015 5913 3112 5949 uno
3138 5899 3331 5949 Codice.
