4074 6302
570 393 633 447 79
1378 372 1738 438 S'JOANNIS
1767 376 2241 435 CllRYSOSTOMi
2284 374 2597 433 ARClltiSP.
2637 373 3169 433 (IONSTAN'TiN-.ii‘.

571 506 781 564 emistis.
826 502 939 560 Non
981 518 1108 572 ergo
1139 499 1206 555 ab
1233 500 1404 553 altero
1433 498 1593 551 vitam
1629 496 1852 565 accepit.
1882 493 2055 563 Sicut
2095 501 2166 559 et,

572 602 658 671 qui
701 595 915 653 malitiae
944 603 1132 649 auctor
1154 599 1272 657 est,
1305 589 1420 661 ipse
1449 588 1703 643 malitiam
1731 588 1937 659 gignet;
1970 596 2024 640 ct
2050 602 2149 639 au-

570 702 685 745 etor
721 687 1019 751 homicidii,
1053 685 1144 755 qui
1180 681 1523 738 homicidium
1562 679 1766 749 primus
1804 678 2150 733 induxit:sic

570 790 756 836 auctor
775 781 897 834 vita:
918 787 1022 843 est,
1046 776 1135 846 qui
1165 790 1196 829 a
1222 773 1400 843 seipso
1423 771 1584 825 vitam
1614 770 1794 826 habet.
1829 769 1987 836 Quem
2014 768 2150 825 Deus

565 874 845 940 sttscitavit,
876 869 1064 941 inquit.
1088 868 1375 937 Postquam
1407 865 1522 919 haec
1551 862 1793 928 dixerat,
1825 862 2002 917 subdit
2035 880 2047 915 :
2082 862 2148 915 Et

568 966 618 1018 in
661 965 763 1033 ﬁde
796 962 1012 1018 nominis
1055 961 1166 1031 eius
1205 958 1367 1020 hunc,
1395 971 1541 1026 quem
1568 970 1655 1009 vos
1677 954 1854 1008 videtis
1878 962 1923 1009 et
1950 954 2105 1008 nostis
2129 995 2142 1017 ,

566 1055 885 1124 conﬁrmavit
907 1061 1087 1108 nomen
1108 1051 1217 1119 ejus
1238 1064 1262 1104 :
1277 1056 1325 1102 et
1348 1049 1493 1118 ﬁdes,
1520 1062 1633 1114 qua:
1655 1064 1745 1114 per
1763 1062 1875 1101 eum
1896 1057 1986 1110 cst,
2013 1046 2149 1100 dedit

570 1142 617 1199 ei
638 1148 884 1216 integrant
905 1143 1167 1198 sanitatem
1192 1141 1361 1193 istam.
1392 1139 1548 1208 Atqui
1576 1138 1621 1193 si
1650 1137 1784 1194 ﬁdes
1812 1137 1867 1191 in
1894 1152 2038 1199 eum,
2066 1147 2146 1191 to-

571 1248 681 1292 tum
701 1246 915 1308 cperata
937 1242 1037 1300 est,
1058 1233 1179 1305 quia
1206 1231 1259 1286 in
1289 1230 1435 1286 illum
1461 1232 1726 1300 speravit;
1750 1244 1847 1286 cur
1866 1246 1969 1286 non
1992 1228 2145 1296 dixit,

504 1374 511 1379 .
570 1330 671 1383 Per
695 1342 911 1392 nomen,
939 1324 1034 1382 sed
1055 1366 1070 1393 ,
1102 1323 1172 1379 In
1196 1323 1441 1400 nomine?
1464 1322 1598 1389 Quia
1625 1321 1857 1377 nondum
1880 1320 2149 1376 audebant

569 1420 769 1485 dicere,
799 1417 858 1472 in
886 1412 1043 1471 illum
1066 1414 1218 1471 ﬁdes.
1249 1414 1327 1472 Ne
1353 1428 1482 1470 vero
1509 1413 1655 1479 illud,
1684 1412 1787 1467 Per
1824 1412 2010 1481 ipsum,
2045 1412 2142 1465 hu-

571 1509 745 1562 milius
772 1517 932 1573 esset,
962 1506 1239 1577 subjunxit
1265 1522 1280 1559 :
1312 1504 1381 1560 Et
1408 1521 1594 1559 nomen
1611 1505 1722 1574 ejus
1747 1504 2062 1575 con/intravit
2084 1506 2147 1558 il-

568 1602 691 1655 lum.
722 1600 927 1654 Etcum
955 1599 1057 1654 hoc
1076 1601 1221 1668 prius
1238 1598 1480 1665 dixisset,
1507 1606 1629 1652 tunc
1648 1598 1721 1650 ait
1741 1615 1753 1650 :
1775 1596 1841 1651 Et
1866 1597 2012 1666 ﬁdes,
2037 1614 2150 1667 qua:

571 1707 655 1759 per
682 1707 795 1746 eum
826 1701 918 1757 est,
944 1691 1079 1744 dedit
1102 1689 1179 1744 illi
1203 1691 1447 1760 integram
1475 1689 1743 1743 sanitatem
1770 1690 1940 1743 istam.
1972 1688 2105 1743 Vide
2129 1732 2143 1754 ,

569 1782 835 1848 quomodo
859 1782 1097 1838 declaret
1119 1797 1178 1837 se
1199 1791 1551 1851 attemperate
1572 1781 1701 1836 illttd
1724 1780 1943 1837 dixisse.
1966 1781 2148 1851 Neque

570 1876 711 1928 enim
753 1866 858 1929 alio
891 1889 1026 1943 opus
1054 1874 1236 1929 habuit
1262 1874 1326 1928 ad
1353 1875 1797 1930 resurrectionem
1824 1916 1838 1939 ,
1876 1874 2030 1944 cujus
2056 1891 2147 1930 no.

574 1981 692 2019 tuen
724 1964 1008 2029 claudum,
1040 1965 1127 2034 qui
1159 1981 1188 2018 a
1219 1975 1431 2019 mortuo
1461 1964 1592 2018 nihil
1621 1965 1915 2031 diti'erebat,
1947 1967 2144 2021 erexit.

570 2056 862 2126 Perpende.
895 2057 1164 2127 quomodo
1190 2057 1384 2127 ubique
1414 2058 1711 2111 testimonia
1737 2058 1945 2112 illorum
1978 2065 2146 2113 attra-

570 2147 678 2199 hat.
706 2145 959 2215 Superius
988 2146 1130 2202 enim
1160 2146 1331 2201 dixit:
1364 2146 1510 2202 Sicut
1546 2158 1591 2201 et
1627 2150 1721 2217 ipsi
1758 2148 1932 2212 scitis;
1971 2160 2053 2214 et,
2084 2148 2151 2203 In

572 2239 732 2291 medio
778 2239 947 2301 "ostri;
979 2253 1041 2293 ac
1084 2253 1336 2304 rursum,
1372 2238 1529 2304 Quem
1569 2239 1744 2293 videtis
1786 2252 1832 2293 et
1874 2242 2065 2305 nostis,
2098 2243 2151 2294 in

570 2342 837 2403 conspectu
860 2335 1081 2386 omnium
1102 2343 1316 2386 vestrum
1345 2332 1478 2403 (Act.
1501 2332 1553 2386 ‘2.
1578 2334 1667 2387 ‘22.
1705 2345 1749 2387 et
1769 2335 1819 2388 3.
1848 2334 1955 2404 16).
1992 2335 2150 2404 Atqui

573 2426 901 2490 nesciebant,
945 2425 1115 2492 ipsum
1164 2425 1217 2477 itt
1258 2425 1473 2479 nomine
1518 2426 1683 2494 ipsius
1722 2441 1909 2480 sanum
1952 2425 2147 2481 factum

571 2529 719 2580 esse;
754 2515 845 2568 sed
884 2514 1152 2581 sciebant,
1195 2516 1365 2583 ipsum
1407 2516 1652 2570 claudum
1706 2514 1890 2572 fuisse.
1936 2518 2005 2573 Et
2051 2519 2150 2587 ipsi

573 2625 781 2679 quoque
807 2608 896 2677 qui
919 2610 1155 2663 fecerant
1174 2608 1585 2675 conﬁtebantur,
1610 2624 1714 2665 non
1738 2625 1853 2677 sua,
1880 2610 1972 2665 sed
1997 2610 2153 2665 Chri-

575 2700 639 2752 sti
671 2700 866 2753 virtute
910 2700 1084 2767 ipsum
1125 2698 1516 2753 consolidatum
1553 2713 1692 2754 esse.
1737 2698 1793 2754 Si
1832 2715 1919 2756 res
1946 2717 2049 2755 non
2082 2702 2154 2756 ita

579 2790 783 2854 luisset,
817 2799 868 2843 et
901 2802 1026 2843 vere
1055 2787 1409 2843 credidissent
1437 2790 1607 2858 ipsum
1638 2792 1994 2846 resurrexisse
2019 2834 2032 2855 ,
2064 2807 2159 2846 no-

578 2881 798 2935 Iuisscnt
830 2880 1021 2934 mortui
1049 2879 1271 2949 gloriam
1304 2880 1469 2950 magis
1496 2894 1653 2950 quam
1686 2895 1836 2936 suam
1878 2891 2114 2939 statuere
2135 2926 2154 2952 ,

578 2972 953 3026 cummaxime
984 2971 1058 3025 illi
1080 2970 1147 3026 ad
1168 2986 1227 3027 se
1249 2974 1595 3042 respicerent.
1621 2973 1822 3029 Deinde
1842 2976 2157 3044 perterritos

579 3067 786 3121 animos
829 3064 1051 3120 fratrum
1092 3068 1308 3121 nomine
1348 3067 1525 3127 statim
1566 3068 1904 3134 consolatur,
1937 3069 2155 3137 dicens,

594 3156 697 3211 Viri
723 3163 923 3226 fratres.
969 3155 1080 3211 Illic
1109 3156 1323 3226 quidem
1368 3156 1497 3211 niltil
1536 3157 1604 3214 de
1641 3158 1831 3228 scipsis
1860 3159 2023 3229 dixit,
2065 3162 2159 3215 sed

584 3261 784 3306 tantum
812 3252 879 3307 de
904 3250 1137 3316 Christo,
1166 3251 1311 3306 Certo
1332 3252 1487 3321 igitur
1513 3263 1803 3323 coynoscat,
1826 3252 2031 3321 dicens,
2055 3272 2163 3310 ont-

584 3345 661 3398 nis
705 3344 882 3397 domus
920 3341 1088 3397 Israel
1119 3358 1137 3395 :
1162 3342 1245 3397 hic
1289 3352 1465 3397 autem
1503 3341 1921 3399 admonitionem
1960 3345 2160 3416 adjicit.

585 3436 693 3489 Illic
722 3434 1067 3504 exspectavit,
1098 3443 1155 3487 ut
1185 3433 1261 3487 illi
1289 3434 1560 3501 dicerent;
1611 3434 1695 3489 hic
1734 3435 1954 3503 sciebat,
1989 3452 2160 3507 quan-

588 3536 698 3581 tum
727 3528 929 3596 operati
958 3535 1139 3581 essent
1170 3568 1181 3590 ,
1226 3535 1280 3582 et
1317 3527 1457 3596 quod
1501 3528 1610 3597 jam
1651 3528 1728 3583 illi
1777 3532 2165 3606 tractabiliores

586 3628 784 3673 essent.
830 3616 970 3672 Sane
1018 3626 1072 3673 et
1110 3632 1229 3688 quae
1271 3631 1429 3687 supra
1474 3618 1614 3674 dicta
1661 3621 1902 3688 fuerant,
1952 3638 2055 3677 non
2101 3639 2163 3679 ex

588 3709 880 3778 ignorantia
912 3718 1304 3778 processerant.
1352 3708 1484 3763 Nam
1524 3710 1663 3779 quod
1703 3712 1962 3768 latronem
1997 3716 2167 3782 petie-

594 3802 731 3866 rint,
767 3800 907 3871 quod
939 3814 1059 3855 cum
1091 3799 1448 3857 absolvendus
1473 3801 1823 3870 judicaretur,
1849 3804 1900 3859 id
1931 3805 2030 3874 ipsi
2061 3822 2167 3861 non

589 3892 936 3959 admiserint,
969 3892 1108 3962 quod
1130 3892 1377 3947 occidere
1407 3893 1704 3960 voluerint,
1734 3895 1885 3965 cujus
1917 3895 2168 3966 ignorau~

591 3984 675 4037 tite
716 3997 834 4038 esse
881 3982 1117 4051 poterat?
1155 3983 1403 4036 Attamen
1446 3982 1535 4037 dat
1580 3983 1685 4039 illis
1725 3994 2041 4054 potestatem
2072 4003 2169 4043 ne-

590 4076 745 4146 gandi
774 4084 827 4130 et
858 4074 1146 4145 pmniteudi
1182 4074 1247 4130 de
1276 4074 1460 4141 factis;
1507 4075 1616 4133 imo
1650 4076 1810 4130 etiam
1841 4079 2169 4147 probabilem

594 4183 689 4238 pro
718 4168 846 4237 ipsis
867 4165 1231 4221 defensionem
1264 4175 1435 4234 parat,
1461 4176 1517 4221 et
1543 4167 1671 4221 dicit
1699 4185 1711 4221 :
1742 4167 1897 4234 Quod
1928 4170 2173 4225 innocen-

596 4273 698 4317 tum
723 4259 1057 4322 occideretis,
1082 4259 1360 4325 sciebatis;
1392 4260 1531 4330 quod
1556 4261 1846 4331 principem
1871 4262 2013 4328 vitm,
2042 4264 2175 4318 forte

598 4352 938 4422 ignmabalis.
971 4350 1036 4405 Et
1064 4350 1190 4405 hinc
1218 4366 1322 4405 non
1348 4350 1468 4406 illos
1490 4351 1633 4407 solos
1656 4368 1685 4406 a
1706 4353 1931 4408 crimine
1961 4354 2171 4424 liberat,

600 4444 693 4499 sed
724 4446 881 4499 etiam
910 4443 1130 4498 sceleris
1157 4454 1421 4497 auctores.
1452 4443 1701 4513 Alioquin
1729 4446 2177 4502 eontentiosiores

599 4536 717 4589 illos
746 4533 1096 4601 reddidisset,
1138 4534 1181 4587 si
1216 4548 1517 4588 sermonem
1546 4536 1596 4587 in
1626 4537 2017 4591 accusationem
2048 4552 2176 4592 con—

602 4627 864 4681 vertisset.
916 4624 1045 4678 Nam
1094 4623 1181 4693 qui
1228 4639 1389 4693 grave
1429 4624 1697 4694 quidpiam
1738 4629 2025 4695 commisit,
2058 4645 2183 4686 cum

599 4727 894 4781 accusatur,
918 4731 1036 4771 sese
1053 4730 1279 4786 purgare
1299 4725 1527 4783 tentans,
1553 4715 1917 4773 vehementior
1931 4718 2177 4775 efﬁcitur.

605 4810 783 4879 Neque
806 4808 938 4862 ultra
968 4807 1113 4871 dicit,
1147 4806 1519 4875 Cruciﬁxistis,
1550 4809 1851 4876 occidiSIis;
1883 4811 1997 4873 sed.
2033 4811 2182 4866 Feci-

608 4904 720 4968 stis,
746 4900 812 4954 ad
838 4901 1043 4954 veniam
1070 4899 1189 4953 illos
1210 4899 1501 4954 deducens.
1526 4898 1579 4955 Si
1609 4900 1693 4954 illi
1710 4916 1805 4969 per
1832 4902 2182 4972 ignorantiam

610 4992 873 5056 iecerunt,
907 4990 1074 5044 multo
1100 4990 1267 5059 magis
1299 4990 1389 5055 bi;
1438 4993 1481 5045 si
1527 4991 1632 5045 illis
1672 4994 1980 5062 remittitur,
2014 4996 2186 5051 multo

614 5084 779 5154 magis
806 5082 910 5143 his.
938 5080 1090 5149 Quod
1117 5090 1293 5136 autem
1323 5082 1565 5139 mirabile
1592 5094 1673 5138 est
1698 5126 1713 5152 ,
1747 5093 1799 5139 et
1829 5101 1988 5154 supra
2016 5097 2070 5142 et
2100 5088 2186 5142 hic

612 5194 733 5232 cum
769 5176 1009 5240 dixisset,
1054 5175 1160 5229 illic
1199 5175 1435 5244 quidem,
1466 5176 1685 5242 Deﬁnito
1725 5179 1935 5230 consilio
1970 5189 2015 5231 et
2052 5196 2186 5249 pra:-

613 5267 852 5331 scientia;
901 5266 987 5318 hic
1016 5280 1144 5319 vero
1168 5306 1183 5331 ,
1229 5264 1593 5319 Prtenuntt'avit
1621 5268 1868 5321 omnibus
1894 5266 2186 5336 Christum,

619 5359 819 5411 nullum
850 5356 1065 5412 adducit
1106 5357 1469 5411 teStimonium
1502 5376 1512 5411 :
1544 5360 1747 5428 singula
1778 5360 1917 5413 enim
1951 5360 2191 5415 testimo-

614 5452 721 5516 nia,
756 5465 873 5504 cum
900 5448 1212 5503 criminibus
1233 5491 1245 5514 ,
1279 5451 1534 5504 ultionem
1566 5452 1899 5505 annuntiant.
1940 5450 2008 5503 Et
2038 5454 2188 5520 dabo,

611 5544 820 5613 inquit,
848 5543 1027 5612 impios
1055 5559 1144 5611 pro
1169 5541 1431 5613 Sepultura
1462 5544 1569 5613 ejus
1591 5584 1605 5609 ,
1635 5555 1680 5596 et
1708 5545 1882 5598 divites
1914 5562 2004 5615 pro
2033 5557 2192 5601 morte

614 5637 753 5690 illius
784 5634 929 5707 (Isai.
964 5635 1050 5690 55.
1076 5635 1163 5705 9);
1194 5644 1247 5691 et
1278 5636 1491 5701 iterum,
1525 5634 1649 5700 (tute
1675 5639 2032 5705 prmuuntiavit
2054 5680 2067 5703 ,
2111 5640 2194 5692 in-

618 5729 747 5797 quit,
783 5745 871 5795 μεθ’
900 5744 953 5781 os
982 5728 1205 5780 omnium
1227 5727 1606 5797 prophetarum,
1636 5728 1739 5795 pati
1762 5728 1945 5796 ipsum,
1974 5729 2195 5800 implevit

620 5825 692 5876 sic
743 5822 985 5893 Magnum
1015 5821 1343 5876 demonstrat
1369 5820 1677 5875 consilium:
1715 5821 1977 5890 siquidem
2006 5840 2192 5880 omnes

3768 378 3859 435 80

2259 493 2360 549 hoc
2385 494 2651 557 dicebant,
2684 509 2787 547 nun
2819 509 2953 547 unus
2983 502 3205 547 tantum.
3233 493 3411 561 Neque
3432 503 3577 548 certe
3598 491 3718 565 quia
3742 509 3849 567 per

2256 586 2606 656 ignorantiam
2637 586 2775 641 facta
2804 598 2925 640 sunt
2951 629 2965 651 ,
2999 595 3190 655 przeter
3226 586 3315 641 Dei
3347 588 3669 642 voluntatem
3697 586 3845 642 facta

2252 686 2397 732 sunt.
3318 678 3323 681 “

2331 771 2469 824 Deus
2489 772 2708 824 aliorunt
2732 771 3047 841 malignitate
3070 772 3225 825 utitur
3259 772 3328 825 ad
3343 770 3544 825 bonum.
3573 802 3643 818 μ-
3666 771 3801 827 Vide
3822 814 3842 839 ,

2254 872 2448 933 quanta
2490 863 2558 917 sit
2605 863 2695 916 Dei
2741 863 2996 930 sapientia
3023 904 3038 925 ,
3077 878 3197 933 qua:
3249 863 3473 917 aliorum
3514 862 3846 934 malignitati:

2256 953 2421 1009 utitur
2448 954 2515 1008 ad
2546 952 2620 1018 id,
2647 952 2787 1024 quod
2815 953 2927 1007 ﬁeri
2959 966 3095 1022 Opus
3124 962 3223 1007 est.
3258 952 3515 1021 Implevit,
3551 954 3738 1023 inquit.
3763 952 3856 1008 Nc

2254 1055 2501 1117 putarent
2530 1045 2727 1115 aliquid
2756 1045 2966 1111 deesse,
2998 1044 3099 1099 hoc
3120 1044 3332 1113 adjecit,
3356 1044 3633 1099 declarans
3659 1046 3846 1098 omnia

2253 1152 2371 1208 qua:
2403 1137 2508 1207 pati
2539 1137 2709 1207 ipsum
2740 1137 3019 1207 oportebat
3043 1136 3258 1207 impleta
3287 1136 3469 1191 fuisse.
3505 1136 3607 1192 Sed
3641 1151 3708 1192 ne
3737 1153 3847 1207 νυν

2256 1231 2411 1295 tetis,
2444 1230 2569 1299 quia
2613 1229 2726 1283 hinc
2767 1228 3043 1299 propheta:
3088 1229 3373 1295 dixerunt,
3406 1239 3457 1284 et
3487 1230 3608 1300 quia
3645 1228 3697 1284 id
3745 1245 3851 1300 per

2255 1320 2603 1390 ignorantiam
2634 1320 2867 1385 fecistis,
2903 1321 3003 1375 hoc
3026 1321 3091 1375 ad
3115 1319 3481 1375 defensionem
3509 1321 3659 1375 vobis
3687 1322 3847 1376 sufﬁ-

2254 1427 2396 1467 cere.
2422 1412 2488 1466 At
2516 1427 2619 1465 non
2651 1413 2718 1466 ita
2746 1412 2906 1477 dicit;
2936 1410 3030 1466 sed
3058 1411 3238 1466 mitius
3267 1428 3280 1465 :
3313 1410 3633 1467 Pamitemini
3656 1413 3845 1483 igitur.

2252 1503 2469 1570 Quare?
2493 1503 2559 1559 Ut
2580 1504 2841 1559 deleantur
2860 1513 3061 1572 peccata
3082 1512 3280 1567 vestra;
3301 1519 3405 1557 non
3424 1503 3511 1557 illa
3533 1505 3703 1558 solum
3722 1520 3850 1574 qua:

2255 1599 2304 1651 in
2335 1598 2691 1668 cruciﬁgendo
2720 1598 2951 1653 admissa
2980 1606 3102 1653 sunt
3133 1616 3144 1650 :
3174 1598 3261 1652 illa
3293 1595 3512 1653 forsitan
3569 1659 3576 1666 _
3604 1613 3661 1651 er
3686 1598 3846 1666 igno-

2257 1690 2478 1743 rantiam
2509 1690 2642 1745 facta
2670 1701 2827 1755 sunt;
2858 1690 2953 1744 sed
2977 1700 3033 1745 ut
3058 1689 3160 1744 alia
3187 1703 3399 1759 quoque
3421 1699 3634 1759 peccata
3660 1699 3845 1745 vestra

2254 1780 2551 1835 deleantur.
2591 1782 2788 1836 Deinde
2814 1781 2991 1850 adjicit
3014 1799 3024 1833 :
3051 1779 3118 1836 Ut
3144 1781 3188 1834 si
3209 1780 3429 1835 venerint
3454 1780 3589 1835 vobis
3616 1790 3850 1851 tempora

2255 1871 2521 1941 refrigerii.
2546 1871 2639 1927 llic
2660 1871 2727 1926 de
2748 1873 3137 1926 resurrectione
3162 1872 3387 1925 obscure
3411 1871 3644 1941 loquitur
3671 1887 3684 1923 :
3716 1888 3844 1924 nam

2256 1962 2343 2014 illa
2378 1977 2499 2015 vere
2525 1973 2648 2017 sunt
2680 1962 2939 2032 refrigerii
2971 1972 3229 2033 tempora,
3263 1978 3382 2032 qua:
3408 1962 3604 2017 Paulus
3629 1979 3845 2033 qumre-

2254 2054 2362 2117 bat,
2392 2053 2576 2108 dicens
2602 2072 2614 2107 :
2647 2054 2710 2107 Et
2733 2070 2823 2107 nos
2847 2055 2930 2121 qui
2958 2070 3133 2108 sumus
3160 2055 3211 2107 in
3238 2053 3582 2118 tabernaculo,
3608 2056 3849 2124 ingemis-

2255 2145 2411 2199 cimus
2438 2147 2629 2216 gravati
2663 2146 2736 2216 (2.
2771 2145 2888 2202 Cor.
2922 2147 2972 2201 5.
2998 2149 3077 2216 4).
3103 2145 3303 2199 Deinde
3327 2146 3638 2211 ostendens,
3669 2147 3846 2215 ipsum

2258 2252 2375 2291 esse
2396 2248 2691 2308 temporum
2722 2238 2979 2308 refrigerii
3006 2247 3299 2304 auctorem,
3329 2235 3391 2290 Et
3418 2239 3624 2300 miserit,
3650 2238 3846 2307 inquit,

2259 2348 2367 2383 eum
2392 2375 2405 2397 ,
2437 2334 2521 2400 qui
2551 2333 2685 2385 vobis
2724 2342 2839 2385 ante
2885 2330 3184 2400 prtvdicalus
3214 2341 3284 2384 est
3305 2371 3319 2397 ,
3356 2320 3532 2384 Iesum
3567 2330 3843 2386 Christum.

2258 2422 2370 2477 Non
2404 2423 2556 2487 dixit,
2592 2424 2842 2477 Deleatur
2864 2433 3136 2490 peccatum
3169 2431 3427 2487 vestrum;
3458 2423 3570 2487 sed,
3608 2422 3849 2485 Peccata,

2258 2524 2331 2581 et,
2362 2515 2491 2569 illud
2520 2515 2882 2579 subiudicans,
2911 2513 3125 2567 Miserit.
3154 2515 3263 2568 Hoc
3290 2516 3373 2568 ttbi
3394 2516 3545 2581 dixit,
3569 2532 3671 2569 non
3700 2516 3855 2569 addit

2260 2606 2426 2671 unde;
2443 2606 2537 2662 sed
2556 2607 2725 2661 solum
2752 2606 2931 2675 adjicit
2952 2624 2962 2657 :
2987 2606 3146 2672 Quem
3168 2615 3359 2676 Oportet
3376 2606 3551 2660 cwlunt
3574 2608 3850 2675 suscipere.

2262 2698 2454 2767 Utique
2478 2698 2771 2767 suscipere.
2796 2697 2862 2751 Et
2889 2712 2984 2753 cur
3008 2712 3113 2751 non
3141 2698 3294 2763 dixit,
3321 2698 3488 2765 Quem
3514 2699 3702 2751 cadunt
3730 2712 3855 2752 sus-

2262 2790 2435 2859 cepit?
2475 2789 2587 2844 Hoc
2628 2791 2780 2860 quasi
2819 2789 2888 2844 de
2930 2789 3122 2859 priscis
3162 2789 3489 2857 temporibus
3529 2789 3657 2843 dicit
3700 2808 3712 2843 :
3758 2790 3858 2845 Sic

2262 2883 2629 2953 dispensatum
2670 2893 2791 2951 est,
2835 2884 2914 2938 sic
2955 2884 3297 2937 constitutum
3347 2900 3359 2936 :
3397 2882 3682 2939 dezrterna
3721 2899 3856 2939 vero

2262 2976 2378 3044 ejus
2400 2975 2679 3030 existentia
2705 2974 2939 3029 nondum
2967 2974 3117 3041 dixit;
3143 2973 3237 3029 sed
3263 2972 3439 3030 adhuc
3464 2975 3530 3031 de
3551 2980 3856 3033 oeconomia

2263 3065 2762 3122 siveincarnatione
2792 3066 2961 3137 pergit.
2986 3066 3183 3121 dicere.
3206 3065 3407 3137 Moyses
3437 3068 3640 3139 quidem
3672 3068 3851 3140 loquu-

2266 3170 2346 3213 tus
2374 3172 2443 3215 cst
2475 3160 2701 3230 patribus
2730 3175 2748 3215 :
2784 3160 3093 3230 Propltetam
3131 3159 3267 3215 vobis
3305 3161 3538 3215 excitabit
3578 3160 3853 3217 Dominus.

2270 3249 2473 3307 Deinde
2521 3266 2642 3305 cum
2689 3251 2935 3320 superius
2984 3251 3203 3306 dixisset
3253 3269 3267 3305 :
3317 3250 3486 3319 Usque
3517 3251 3586 3305 ad
3628 3261 3860 3321 tempora

2268 3342 2597 3399 restitutionis
2621 3344 2868 3409 omnium,
2891 3358 3003 3413 qua:
3032 3343 3265 3412 loquutus
3288 3352 3360 3397 est
3390 3342 3527 3397 Deus
3550 3360 3638 3413 per
3663 3360 3719 3397 os
3746 3360 3863 3397 om-

2269 3436 2409 3488 nium
2434 3443 2724 3488 sanctorum
2748 3449 2955 3489 suorum
2984 3434 3344 3503 prapltelaruat
3370 3451 3401 3487 a
3429 3434 3614 3489 streulo
3635 3477 3648 3500 ,
3680 3436 3859 3504 ipsum

2272 3527 2486 3583 tandem
2530 3528 2734 3582 inducit
2780 3526 3070 3582 Christum.
3096 3524 3231 3582 Nam
3269 3528 3312 3581 si
3360 3528 3521 3582 multa
3573 3526 3858 3597 prtedixit,

2274 3620 2550 3688 ipsumque
2573 3617 2759 3672 audire
2796 3627 3008 3687 oportet
3055 3638 3069 3673 :
3112 3632 3218 3672 non
3263 3618 3590 3674 aberraverit
3630 3618 3779 3687 quis,
3815 3618 3861 3672 si

2272 3708 2413 3764 dicat
2440 3708 2555 3763 hare
2590 3708 2875 3779 prophetas
2904 3708 3125 3764 dixisse.

2344 3801 2396 3854 4.
2443 3800 2691 3871 Alioquin
2728 3815 2857 3855 vero
2886 3800 2998 3855 vult
3022 3800 3307 3856 ostendere
3330 3842 3344 3866 ,
3378 3801 3564 3857 eadem
3597 3802 3709 3871 ipsa
3738 3818 3867 3871 pro-

2274 3893 2463 3963 phetas
2488 3892 2817 3962 praedixisse.
2851 3893 2916 3946 Et
2948 3892 2992 3945 si
3023 3893 3143 3961 quis
3181 3901 3429 3947 accurate
3457 3891 3821 3961 exploraverit
3848 3936 3865 3960 ,

2276 3986 2365 4040 illa
2395 3984 2648 4051 inveniet,
2683 3984 2808 4039 licet
2856 3983 3083 4039 obscure
3108 3982 3250 4039 dicta
3280 4001 3292 4037 :
3328 3992 3383 4037 ut
3415 3983 3547 4038 nihil
3578 3985 3645 4038 sit
3674 3999 3870 4040 recens

2276 4078 2495 4132 dictum.
2527 4076 2872 4131 Praedicatum
2896 4116 2910 4140 ,
2947 4075 3137 4145 inquit.
3169 4074 3264 4130 Hic
3308 4076 3423 4130 illos
3467 4076 3626 4130 etiam
3660 4084 3829 4131 terret
3853 4119 3867 4142 ,

2277 4170 2424 4241 quasi
2472 4169 2635 4224 multa
2681 4168 2855 4223 adhuc
2884 4168 3093 4223 residua
3134 4178 3334 4223 essent.
3367 4168 3647 4236 Quomodo
3687 4178 3869 4223 autem

2280 4261 2489 4316 diccbat
2516 4278 2529 4312 :
2560 4259 2796 4329 Implevit
2821 4277 2900 4321 ea,
2928 4276 3039 4328 qua:
3065 4262 3288 4329 oportuit
3320 4259 3463 4314 illum
3497 4260 3643 4329 pati?
3674 4259 3874 4329 Imple-

2282 4354 2366 4415 vit,
2397 4354 2742 4421 inquit,.non,
2776 4350 3055 4420 lmpletum
3086 4360 3201 4415 est;
3233 4351 3531 4418 declarans,
3564 4354 3735 4422 ipsum
3767 4368 3832 4408 ea
3854 4395 3869 4419 ,

2282 4459 2399 4514 qua:
2446 4444 2551 4512 pati
2608 4443 2925 4513 oportebat,
2979 4442 3316 4511 implevisse;
3361 4460 3480 4513 qua:
3534 4459 3661 4497 vero
3691 4442 3873 4499 futura

2283 4536 2475 4591 deinde
2504 4545 2648 4603 sunt,
2676 4535 2892 4605 impleta
2921 4534 3157 4589 nondum
3185 4549 3330 4590 esse.
3378 4534 3691 4605 Prop/retain
3734 4538 3879 4594 vobis

2284 4630 2542 4684 suscitabit
2595 4627 2844 4681 Dominus
2885 4628 3028 4686 Deus.
3066 4644 3129 4681 ea:
3184 4627 3424 4697 fratribus
3475 4629 3687 4694 vestris,
3740 4639 3877 4682 tatu-

2286 4739 2437 4793 quam
2463 4738 2560 4774 me.
2583 4718 2734 4787 Quod
2762 4719 2881 4773 illos
2904 4720 3135 4775 maxime
3155 4719 3492 4787 conciliabat,
3514 4722 3662 4774 dicit.
3688 4720 3874 4787 Vides,

2288 4812 2557 4883 quomodo
2586 4810 2806 4866 humilia
2834 4810 2990 4864 simul
3024 4822 3075 4895 et
3102 4812 3347 4866 sublimia
3377 4815 3635 4884 spargat?
3663 4813 3878 4871 Humilc

2289 4907 2431 4959 enim
2462 4915 2517 4960 et
2546 4904 2775 4960 sublime
2799 4910 2913 4969 est,
2940 4904 2985 4961 si
3020 4905 3062 4959 is
3084 4946 3097 4970 ,
3128 4905 3216 4974 qui
3244 4905 3297 4959 in
3337 4906 3525 4960 caelum
3554 4921 3880 4963 ascensurus

2291 5009 2394 5062 εει,
2420 4979 2611 5052 similis
2631 4996 2699 5049 sit
2720 4994 2885 5065 Moysi
2912 5014 2924 5049 :
2943 5005 3307 5051 verumtamen
3330 5007 3451 5052 tunc
3469 5014 3716 5068 magnum
3739 5010 3880 5056 erat.

2290 5088 2405 5143 Non
2432 5097 2612 5141 autem
2643 5087 2934 5143 secundum
2966 5087 3199 5159 Moysem
3229 5098 3310 5143 est
3335 5089 3463 5144 illud
3499 5109 3512 5144 :
3542 5089 3609 5142 Et
3636 5091 3729 5143 erit
3773 5108 3884 5145 ont-

2294 5184 2371 5235 uis
2417 5182 2502 5252 qui
2549 5197 2650 5234 non
2692 5180 2944 5246 audierit,
2986 5181 3413 5237 exterminabitur.
3461 5184 3742 5239 innumera
3781 5186 3884 5239 alia

2294 5273 2465 5338 dixit,
2506 5288 2627 5343 qua:
2656 5271 2885 5341 probant
2912 5271 3058 5326 illum
3100 5288 3203 5327 non
3244 5288 3365 5327 esse
3400 5274 3566 5346 Moysi
3608 5276 3883 5330 similem:

2298 5366 2474 5435 itaque
2500 5380 2751 5435 magnum
2785 5365 3143 5419 testimonium
3174 5366 3365 5437 attigit.
3390 5366 3523 5421 Deus
3550 5368 3696 5422 illum
3722 5373 3877 5424 susci-

2301 5460 2418 5513 tabit
2443 5502 2457 5526 ,
2490 5461 2660 5530 inquit
2684 5502 2698 5525 ,
2732 5460 2794 5513 de
2821 5461 3059 5529 fratribus
3088 5462 3281 5514 vestris.
3322 5461 3532 5532 Moyses
3575 5463 3732 5531 igitur
3774 5465 3889 5535 ipse

2302 5552 2676 5607 interminatus
2702 5562 2780 5604 est
2813 5568 2918 5605 non
2945 5552 3301 5606 audientibus.
3335 5552 3456 5607 llaec
3479 5557 3653 5609 omnia
3682 5556 3888 5626 adjecta

2304 5653 2443 5699 Sunt.
2495 5643 2561 5697 I'It
2590 5659 2759 5696 omnes
2806 5644 3063 5711 prapheta:
3084 5685 3097 5707 ,
3130 5642 3331 5713 inquit,
3364 5661 3395 5697 a
3426 5644 3682 5699 Samuele.
3712 5645 3890 5703 Noluit

2305 5734 2539 5803 sittgulos
2572 5748 2849 5787 recensere
2875 5776 2887 5797 ,
2923 5749 2987 5788 ne
3018 5734 3220 5804 longior
3250 5749 3425 5791 sermo
3465 5744 3639 5801 esset;
3670 5734 3763 5791 sed
3791 5753 3887 5806 op-

2309 5834 2535 5895 portuno
2570 5840 2693 5879 ιιειιες
2726 5826 2915 5896 Moysi;
2944 5830 3267 5896 testimonio,
3300 5832 3439 5886 ultra
3467 5831 3608 5885 misit
3638 5844 3751 5887 cos.
3794 5828 3893 5885 νοῦ
