4074 6302
120 435 177 487 Si
1112 425 1173 479 IN
1218 424 1393 479 ACTA
1436 422 1965 480 APOSTOIMRUSI.
2010 422 2239 480 IIOSIIL
2288 422 2374 479 IX.
3356 430 3427 487 82

113 542 258 607 (stis,
293 540 494 612 inquit,
527 540 625 610 filii
652 540 1035 611 prophetarum,
1069 549 1112 591 et
1138 539 1419 591 testamenti
1443 537 1579 607 quod
1598 536 1706 589 dis-

115 632 279 689 tmuit
303 628 463 687 Deus.
487 630 823 695 Testamenti,
856 630 1043 699 inquit,
1074 629 1201 697 ﬁlii,
1231 627 1280 682 id
1304 637 1407 695 est,
1441 626 1733 683 hzcredcs.~

114 722 183 775 Ne
212 723 529 776 viderentur
554 721 700 775 enim
732 721 847 773 hare
877 735 941 774 ex
973 720 1233 773 beneficio
1259 719 1401 773 Petti
1427 718 1707 787 accipere,

110 811 344 865 ostendit
367 812 479 881 jam
514 811 639 865 olim
670 811 774 866 illis
805 810 905 864 hoc
947 810 1188 865 debitum
1228 810 1426 877 fuisse,
1458 817 1515 863 ut
1542 807 1711 877 magis

110 905 398 959 crederent
423 905 476 958 id
515 904 624 969 Deo
653 904 906 974 placitum
930 918 1073 958 esse.
1114 902 1260 956 Vobis
1291 903 1509 971 primunt
1533 900 1669 955 Deus
1690 939 1706 963 ,

112 996 317 1063 inquit,
348 1011 467 1049 cum
499 996 787 1050 suscitassct
809 1038 823 1061 ,
855 996 1018 1063 ﬁlium
1048 1010 1198 1049 suum
1244 995 1395 1048 misit.
1435 992 1712 1047 Non-sim-

112 1087 319 1153 pliciter
348 1088 488 1142 dixit
512 1129 527 1153 ,
557 1088 724 1143 Vobis
751 1089 894 1142 misit
938 1087 1129 1141 Filium
1158 1101 1314 1141 suum
1345 1104 1357 1151 ;
1387 1084 1481 1139 sed
1511 1086 1669 1138 etiam
1693 1126 1707 1150 ,

112 1190 226 1248 post
267 1182 764 1248 resurrectionem,
797 1190 852 1237 et
890 1180 1105 1251 quando
1148 1181 1439 1236 cruciﬁxus
1481 1179 1599 1233 fuit.
1633 1177 1711 1233 Ne

112 1284 359 1341 putarent
389 1275 537 1330 enim
565 1275 739 1344 ipsum
769 1274 981 1343 quidem
1013 1272 1127 1330 haec
1152 1274 1400 1344 largitum
1428 1287 1569 1336 esse,
1603 1286 1708 1326 non

110 1383 232 1423 vero
264 1369 483 1423 Patrem
506 1408 522 1434 ,
554 1368 675 1424 ideo
709 1367 911 1423 addidit
940 1366 1067 1422 illud
1092 1410 1107 1434 ,
1137 1365 1520 1420 Bcncdiccntem
1552 1364 1707 1419 vobis.

109 1462 158 1515 Si
184 1463 331 1518 enim
366 1462 566 1517 fratrer
594 1471 775 1517 vester
800 1471 883 1517 est
902 1472 956 1517 et
987 1460 1254 1517 benedicit
1277 1460 1446 1524 vobis,
1482 1458 1709 1529 promis'

108 1556 183 1608 sio
204 1570 293 1609 res
323 1564 439 1619 est;
470 1554 523 1610 id
550 1566 654 1620 est,
684 1554 913 1610 Tantum
941 1554 1115 1621 abest,
1140 1565 1196 1607 ut
1223 1568 1327 1609 non
1348 1552 1711 1609 communice-

110 1648 171 1701 tis
196 1661 320 1702 cum
353 1646 461 1708 bis,
493 1658 550 1700 ut
580 1647 739 1701 etiam
765 1661 861 1700 vos
886 1644 1007 1700 aliis
1043 1653 1291 1700 auctores
1318 1653 1372 1699 et
1396 1644 1560 1698 duces
1589 1656 1710 1698 esse

111 1739 251 1793 velit.
279 1738 362 1793 Ne
390 1740 573 1808 itaque
599 1754 692 1793 vos
732 1748 787 1791 nt
827 1738 1020 1806 abjecti
1048 1747 1104 1793 et
1139 1737 1405 1807 repudiati
1445 1735 1706 1790 habeatis.

113 1830 173 1884 L't
198 1840 460 1884 convertat
482 1848 555 1894 se,
577 1830 767 1901 inquit,
791 1832 1132 1900 unusquisque
1150 1831 1212 1884 ab
1234 1830 1597 1899 iniquitatibus.
1621 1829 1711 1885 Sic

109 1938 197 1977 vos
228 1924 519 1978 benedicet
540 1966 555 1990 ,
584 1933 637 1977 et
665 1938 772 1978 non
803 1923 1141 1991 simpliciter.
1169 1922 1351 1993 Ecqua
1386 1924 1501 1978 hare
1541 1923 1706 1978 bene—

108 2016 301 2071 dictio?
323 2017 539 2086 Magna.
574 2016 757 2087 Neque
782 2017 925 2072 enim
952 2017 1194 2072 converti
1220 2016 1288 2071 ab
1318 2016 1705 2086 iniquitatibus,

110 2109 227 2164 satis
254 2119 339 2165 est
375 2109 445 2163 ad
493 2110 612 2165 illas
641 2110 925 2167 solvendas
954 2128 967 2163 :
995 2111 1037 2165 si
1066 2120 1247 2165 autem
1284 2110 1351 2164 ad
1394 2109 1707 2166 solvendum

111 2216 205 2254 non
250 2200 457 2255 sufficit
484 2244 501 2267 ,
545 2201 815 2271 quomodo
860 2200 1293 2256 benedictionem
1328 2200 1455 2256 dare
1503 2200 1710 2269 possit?

110 2292 280 2362 Neque
306 2294 457 2348 enim
487 2295 579 2363 qui
628 2293 827 2363 injuste
871 2294 1012 2363 egit,
1052 2295 1162 2362 jam
1204 2293 1581 2356 benedicitur,
1612 2292 1708 2347 sed

112 2393 444 2450 peccatorum
492 2385 867 2440 remissionem
895 2386 1109 2455 accipit.
1142 2384 1272 2440 Illud
1301 2396 1481 2440 autem
1508 2426 1521 2450 ,
1558 2383 1705 2437 Tam-

108 2494 248 2541 quam
274 2493 379 2540 me,
410 2477 515 2533 nisi
538 2478 834 2532 secundum
858 2474 1210 2548 legislationis
1238 2476 1455 2532 modum
1487 2476 1710 2545 accipiac

111 2577 221 2635 tur,
253 2568 462 2624 nullam
497 2578 675 2639 potest
695 2570 959 2625 rationem
990 2569 1209 2625 habere.
1241 2568 1421 2640 Ipsum
1451 2570 1669 2624 audietis
1690 2610 1707 2636 ,

110 2663 297 2730 inquit:
329 2678 510 2732 neque
538 2663 872 2733 simpliciter,
901 2663 1139 2726 sed,Erit
1165 2667 1329 2720 omnis
1358 2667 1529 2719 anima
1553 2709 1568 2733 ,
1597 2682 1712 2737 qua:

109 2770 198 2806 non
240 2755 471 2809 audierit
507 2757 988 2825 praphetamillum,
1012 2759 1428 2813 exterminabitur
1464 2760 1527 2813 de
1546 2760 1706 2829 plebe.

109 2844 325 2909 Quando
369 2845 494 2899 illos
542 2855 852 2915 peccatores
885 2848 1164 2913 ostendit,
1218 2849 1454 2920 ipsisque
1498 2852 1707 2906 veniam

108 2937 282 3003 dedit,
314 2938 570 3009 bonaque
603 2939 883 3007 promisit;
913 2949 1041 2995 tunc
1078 2942 1318 2997 ostendit
1342 2943 1578 3014 Moysen:
1609 2944 1710 2998 hoc

112 3028 271 3096 ipsum
312 3028 541 3083 dixisse.
589 3030 653 3084 Et
697 3045 939 3101 quaenam
986 3032 1101 3087 haec
1152 3037 1534 3105 consequentia
1586 3048 1707 3103 est,

114 3118 270 3189 Usque
297 3122 371 3173 ad
410 3129 644 3191 tempora
681 3122 1043 3188 restitutionis;
1070 3135 1126 3180 et
1168 3125 1425 3181 inducere
1470 3128 1707 3198 Moysem

111 3212 398 3280 dicentem,
425 3228 522 3267 eos
549 3215 731 3270 omnia
754 3257 771 3281 ,
804 3231 923 3285 qua:
947 3216 1089 3271 dicet
1116 3216 1363 3273 Christus
1385 3262 1400 3285 ,
1430 3220 1709 3276 audituros

110 3321 256 3372 esse;
288 3322 471 3378 neque
500 3310 819 3379 simpliciter
842 3350 856 3373 ,
885 3311 977 3365 sed
1004 3326 1126 3365 cum
1158 3313 1382 3367 terribili
1410 3314 1706 3369 commina-

115 3401 290 3455 tione?
321 3400 514 3471 Magna
546 3420 557 3455 :
587 3402 824 3458 ostendit
852 3404 993 3459 enim
1040 3415 1093 3461 et
1126 3417 1345 3476 propter
1384 3407 1487 3477 hoc
1517 3410 1591 3463 illi
1620 3409 1708 3465 ob-

114 3493 395 3561 temperari
434 3501 711 3561 oportere.
744 3492 882 3560 Quid
920 3504 1003 3550 est
1027 3536 1042 3560 ,
1088 3494 1215 3550 Filii
1257 3499 1617 3568 prap/tetarum
1663 3511 1709 3555 et

114 3584 435 3637 testamenti?
467 3583 720 3642 Hmredes
746 3627 761 3659 ,
802 3601 1164 3644 successores.
1195 3588 1250 3645 Si
1291 3606 1421 3665 ergo
1451 3592 1582 3657 filii,
1611 3609 1710 3649 cur

112 3690 225 3744 erga
250 3691 341 3731 res
370 3685 610 3743 vestras,
638 3687 697 3732 ut
720 3693 845 3749 erga
874 3680 1109 3747 alienas,
1138 3682 1313 3739 affecti
1344 3685 1512 3741 estis?
1545 3686 1709 3755 Igitur

114 3768 453 3823 accusatione
500 3769 715 3837 quidem
756 3771 913 3841 digna
957 3773 1202 3841 fecistis;
1251 3777 1492 3846 poteritis
1528 3787 1706 3833 tamen

115 3858 312 3912 veniam
347 3860 629 3929 consequi.
659 3860 861 3917 Deinde
887 3873 1169 3934 postquam
1194 3865 1307 3923 hate
1331 3868 1559 3939 digerat,
1584 3870 1707 3939 jure

114 3952 284 4020 adjicit
315 3968 330 4006 :
379 3950 535 4005 Vobis
571 3953 702 4007 misit
741 3952 878 4009 Deus
920 3955 1113 4011 Filium
1152 3976 1299 4014 suum
1340 3961 1707 4017 benediceutent

114 4058 208 4097 vos.
240 4042 363 4098 Non
409 4043 563 4108 dicit,
592 4042 926 4116 Servantem,
958 4048 1074 4117 sed,
1103 4050 1246 4120 quod
1274 4054 1445 4120 majus
1473 4064 1574 4117 est,
1604 4053 1704 4109 Bo-

115 4139 460 4205 nedicmtem;
489 4139 781 4195 ostendens
819 4140 1133 4198 cruciﬁxum
1173 4144 1577 4201 benedicturum
1611 4164 1707 4204 eos

114 4244 261 4295 esse,
310 4230 407 4300 qui
452 4245 513 4284 se
552 4230 956 4289 cruciﬁxerunt.
1006 4234 1158 4290 Hunc
1208 4252 1336 4307 ergo
1368 4254 1467 4295 nos
1494 4254 1707 4310 quoque

116 4326 385 4379 imitemur
416 4341 431 4377 :
459 4324 735 4393 cjiciamus
758 4328 992 4383 animam
1020 4332 1416 4402 sanguinariam
1442 4345 1495 4391 et
1525 4337 1705 4391 inimi-

115 4433 242 4472 cam.
273 4418 399 4472 Νυιι
446 4418 644 4475 sufficit
679 4436 787 4476 non
826 4423 1034 4479 ulcisci.
1067 4423 1177 4480 Hoc
1203 4435 1257 4482 et
1298 4427 1350 4481 in
1396 4432 1563 4485 veteri
1591 4431 1707 4502 lege

117 4508 302 4565 factum
333 4519 452 4576 est;
485 4510 581 4566 sed
603 4513 782 4568 omnia
808 4513 1065 4571 faciamus
1096 4532 1192 4587 pro
1220 4519 1307 4584 iis,
1340 4520 1430 4591 qui
1465 4538 1564 4577 nos
1609 4524 1703 4578 la:—

117 4612 291 4657 serunt
312 4642 332 4669 ,
364 4602 519 4673 quasi
549 4618 647 4673 pro
684 4605 869 4661 amicis
897 4610 1169 4678 germanis
1193 4651 1208 4675 ,
1240 4613 1392 4682 quasi
1424 4629 1521 4683 pro
1551 4616 1705 4671 nobis

120 4694 258 4760 ipsis.
295 4693 456 4749 Illius
500 4694 795 4753 imitatores
836 4714 1058 4767 sumus,
1106 4699 1250 4759 illius
1294 4706 1574 4776 discipuli,
1615 4711 1705 4781 qui

120 4795 393 4855 postquam
432 4789 718 4846 cruciﬁxus
743 4791 863 4858 fuit,
894 4794 1072 4849 omnia
1094 4799 1263 4853 movit
1291 4815 1387 4869 pro
1414 4801 1498 4868 iis,
1526 4804 1616 4875 qui
1646 4819 1705 4860 se

119 4877 506 4944 crnciﬁserant,
538 4883 882 4951 etapostolos
906 4885 1073 4943 misit.
1100 4888 1258 4959 Atqui
1284 4904 1384 4946 nos
1404 4906 1546 4962 saepe
1562 4894 1705 4963 juste

123 4972 377 5036 patimur;
408 4970 501 5027 ille
529 4988 655 5028 vero
692 4990 800 5030 non
836 4978 996 5033 modo
1025 4979 1218 5050 injuste
1242 5024 1255 5049 ,
1290 4984 1383 5040 sed
1408 4995 1465 5042 et
1492 4987 1654 5058 impie
1687 5008 1700 5045 :

124 5060 509 5120 tenefactorem
549 5068 692 5122 enim
715 5109 731 5134 ,
763 5070 853 5141 qui
895 5071 1026 5127 nihil
1055 5088 1114 5130 se
1142 5076 1352 5133 Imserat
1371 5121 1392 5147 ,
1416 5083 1702 5140 crucifixc-

127 5164 251 5208 runt.
293 5154 447 5211 Cur?
470 5155 555 5211 dic
592 5158 723 5214 mihi
750 5179 773 5219 ι
797 5162 984 5230 gloriae
1020 5168 1219 5221 causa?
1266 5170 1426 5240 Atqui
1467 5173 1579 5243 ipse
1608 5190 1705 5230 eos

130 5244 315 5301 honore
331 5243 620 5303 alliciebat.
639 5250 919 5316 Quomodo
938 5254 959 5307 ?
988 5254 1159 5326 Super
1182 5260 1478 5317 cathedram
1508 5264 1699 5336 Moysi,

131 5337 312 5408 inquit,
352 5340 587 5395 sedenmt
620 5345 801 5398 scriba
834 5356 880 5399 et
921 5347 1191 5405 Pharisari.
1223 5353 1407 5408 Omnia
1447 5374 1566 5427 ergo
1590 5376 1704 5430 quas

132 5430 279 5484 dicunt
305 5431 445 5486 vobis
475 5445 526 5487 ut
556 5437 793 5506 faciatis,
825 5439 977 5508 facile
995 5459 1014 5495 .'
1053 5447 1325 5501 secundum
1356 5467 1509 5518 opera
1536 5464 1701 5509 autent

130 5522 310 5579 ilbi-um
338 5525 491 5580 nolite
512 5528 685 5596 facere
707 5530 918 5602 (Matth.
947 5534 1036 5591 25.
1065 5537 1121 5594 2.
1146 5539 1222 5606 5);
1246 5549 1299 5595 et
1320 5557 1506 5598 rursus
1533 5545 1657 5601 alibi
1684 5565 1697 5601 :

139 5610 255 5670 Vade
276 5633 295 5671 :
314 5618 523 5673 ostende
561 5630 609 5677 te
632 5624 881 5679 sacerdoti
915 5626 1036 5696 (Id.
1063 5628 1116 5685 8.
1137 5631 1170 5685 4
1199 5629 1237 5702 ).
1275 5632 1340 5687 Ει
1374 5648 1493 5688 cum
1520 5647 1701 5705 posset

131 5705 229 5763 illos
270 5709 537 5781 perdere,
578 5717 846 5773 servabat.
892 5719 1048 5776 lquc
1092 5722 1252 5794 igitur
1300 5726 1607 5801 imitemur,
1649 5740 1704 5787 et

130 5812 266 5944 gemo
283 5807 584 5879 cujuspiam
610 5811 681 5867 sit
693 5811 962 5883 inimicus,
978 5831 1152 5887 neque
1167 5817 1355 5890 hostis,
1374 5820 1473 5878 nisi
1499 5833 1701 5882 tantum

158 5892 317 5944 inuti.

158 5892 318 5954 iﬁoli.

1895 538 1946 592 5.
1978 537 2232 596 Adversus
2243 539 2457 609 jurandt'
2484 541 3128 598 consuetudinem—Non
3158 557 3345 614 parum
3361 547 3426 599 ad

1822 628 1924 685 hoc
1964 630 2175 686 confert
2219 632 2383 687 etiam
2416 647 2521 687 non
2544 632 2749 703 jnrare,
2792 643 2844 688 et
2885 650 2991 687 non
3021 634 3198 690 irasci.
3229 634 3285 691 Si
3320 651 3426 689 non

1821 722 2146 790 irascamur,
2180 740 2355 795 neque
2382 725 2659 781 inimicum
2685 726 3024 782 habebimus.
3048 728 3321 785 Abscinde
3361 730 3429 784 ab

1821 812 2041 869 homine
2060 816 2451 883 jurameutum,
2482 825 2536 871 et
2566 816 2660 871 ira:
2710 818 2825 871 alas
2869 816 3429 891 cxcidisti,illamque

1822 915 1987 960 totam
2019 906 2347 962 exstinxisti.
2377 907 2473 962 Est
2498 910 2641 963 enim
2688 910 2825 963 sicut
2858 920 3051 965 ventus
3100 911 3179 965 ira
3209 912 3427 981 etjura-

1820 1009 2063 1054 mentum
2099 1000 2115 1032 ¹
2150 1018 2163 1053 :
2197 1000 2423 1056 demitte
2452 1001 2590 1064 vela,
2622 1002 2767 1055 nulla
2793 1002 2895 1057 veli
2929 1004 3131 1058 utilitas
3154 1046 3167 1071 ,
3198 1005 3243 1058 si
3286 1005 3430 1060 desit

1819 1104 2031 1148 ventus.
2062 1093 2118 1149 Si
2147 1109 2276 1165 ergo
2305 1110 2405 1149 nec
2428 1095 2675 1165 juremus
2699 1112 2799 1151 nec
2823 1096 3151 1161 elamemus,‘
3179 1099 3271 1154 ira:
3296 1115 3423 1155 ner-

1818 1201 1915 1239 vos
1952 1186 2299 1241 succidimus.
2345 1187 2401 1243 Si
2425 1204 2554 1242 vero
2586 1205 2691 1242 non
2721 1189 2963 1253 creditis.
3000 1192 3300 1259 periculum
3345 1193 3426 1247 rei

1816 1277 1993 1344 facite,
2018 1287 2071 1332 et
2106 1293 2221 1333 rem
2252 1279 2330 1333 sic
2359 1294 2418 1334 se
2446 1279 2650 1335 habere
2688 1284 3054 1352 cognoscetis.
3087 1283 3288 1354 Legem
3315 1284 3426 1339 ira-

1819 1368 1996 1423 cundo
2026 1385 2187 1437 pone,
2213 1378 2271 1425 ut
2299 1386 2366 1426 ne
2390 1387 2646 1443 umquam
2674 1372 2840 1443 juret,
2869 1384 2923 1429 et
2948 1388 3055 1431 non
3099 1391 3235 1447 Opus
3260 1376 3427 1433 habe-

1820 1460 1901 1514 bis
1927 1477 2047 1514 cum
2070 1462 2159 1516 illo
2180 1462 2247 1518 de
2270 1464 2679 1520 mansuetudine
2726 1481 3035 1523 sermonem
3076 1467 3298 1524 habere.
3330 1469 3422 1525 Sic

1820 1560 1987 1605 totum
2021 1554 2314 1621 perfectum
2340 1555 2472 1621 erit;
2515 1566 2568 1609 et
2600 1571 2696 1610 nec
2727 1557 3059 1626 pejcrabitis,
3093 1574 3193 1614 nec
3214 1559 3427 1630 jurabi-

1817 1641 1885 1698 tis
1934 1647 2173 1701 omnino.
2224 1646 2473 1712 Nescitis,
2523 1650 2574 1701 in
2608 1659 2806 1718 quanta
2861 1651 3098 1707 absurda
3151 1668 3248 1709 vos
3298 1654 3423 1709 inde

1817 1736 2166 1805 conjiciatis?
2223 1737 2455 1794 Necesse
2486 1741 2751 1805 enimest,
2802 1750 2859 1795 ut
2906 1743 3121 1798 vinculo
3149 1759 3245 1799 vos
3285 1760 3425 1800 con-

1816 1829 2115 1897 stringatis,
2144 1840 2197 1883 et
2222 1845 2438 1886 omnem
2470 1832 2773 1886 machinam
2817 1833 3119 1890 adhibeatis
3143 1877 3157 1901 ,
3194 1844 3249 1890 ut
3272 1836 3424 1905 quasi

1816 1934 1879 1974 cx
1912 1922 2204 1976 inevitabili
2232 1924 2484 1993 quoliiam
2511 1924 2654 1985 malo
2672 1926 2909 1980 animam
2934 1925 3198 1996 eripiatis;
3224 1927 3425 1983 deinde

1817 2028 1964 2079 vero,
1993 2014 2039 2068 si
2065 2030 2171 2068 non
2196 2001 2432 2083 possitis,
2463 2016 2514 2069 in
2544 2015 2751 2081 dolore,
2784 2018 2933 2082 rixis,
2957 2018 3426 2073 exsecrationibus

1815 2105 2056 2175 degetis;
2089 2106 2183 2160 sed
2215 2107 2394 2163 omnia
2451 2106 2645 2162 frustra
2695 2107 2911 2163 cedent.
2970 2109 3139 2178 Igitur
3189 2111 3423 2177 minare,

1818 2198 2137 2265 pra‘scribc.
2194 2199 2373 2251 omnia
2426 2198 2545 2253 sine
2588 2200 2901 2267 juramento
2953 2200 3135 2255 facito.
3192 2200 3343 2256 Licet
3370 2212 3423 2256 ct

1816 2288 1954 2342 dicta
1976 2298 2029 2344 et
2060 2288 2197 2344 facta
2217 2290 2513 2355 resolvere,
2544 2294 2589 2346 si
2618 2292 2877 2347 volneris.
2899 2292 2989 2348 Sic
3012 2292 3176 2350 hodie
3195 2310 3420 2351 necesse

1815 2390 1919 2445 est,
1951 2393 2005 2437 ut
2035 2383 2186 2438 vobis
2214 2385 2545 2439 mansuetius
2577 2384 2880 2454 loquamur.
2909 2385 3048 2452 Quia
3065 2388 3211 2442 enim
3238 2389 3423 2442 audis-

1818 2473 1905 2538 tis,
1935 2489 2125 2543 magna
2158 2490 2282 2543 pars
2310 2476 2389 2532 rei
2418 2492 2447 2529 a
2471 2476 2625 2531 vobis
2651 2476 2888 2546 perfecta
2918 2490 3023 2533 est.
3050 2480 3164 2551 Age
3194 2480 3263 2536 de
3290 2482 3421 2535 reli-

1815 2582 1941 2635 quo,
1972 2566 2439 2636 curjuramentum
2465 2569 2733 2623 invectum
2764 2581 2868 2637 est,
2898 2581 2953 2627 et
2978 2586 3076 2627 cur
3095 2572 3390 2627 admissum
3410 2616 3422 2636 ,

1814 2658 2075 2713 dicamus.
2111 2659 2443 2716 Enarrantes
2498 2661 2773 2731 quomodo
2815 2663 2989 2732 primo
3016 2671 3194 2721 ortum
3226 2666 3332 2731 sit,
3366 2675 3422 2721 et

1815 2751 2033 2822 quando
2079 2760 2135 2807 et
2164 2767 2192 2805 a
2220 2752 2565 2823 quibusnam,
2616 2754 2987 2825 obsequentia.-
3040 2766 3237 2812 vestra:
3279 2757 3425 2813 vices

1821 2845 2201 2914 rependamus.
2231 2845 2383 2900 Illum
2406 2848 2572 2912 enim,
2604 2848 2692 2917 qui
2723 2857 2872 2905 recte
2896 2849 3027 2919 agit,
3063 2864 3286 2905 necesse
3330 2860 3417 2907 est

1820 2936 2191 3006 pliilOSOpbari
2226 2956 2238 2991 :
2279 2938 2368 3007 qui
2401 2938 2640 2993 nondum
2671 2940 2797 2994 talis
2814 2948 2917 3005 est,
2952 2955 3050 2995 nec
3078 2938 3276 3011 dignus
3316 2942 3421 2998 erit

1816 3029 1905 3098 qui
1934 3030 2134 3083 audiat.
2177 3030 2328 3085 Fecit
2354 3031 2484 3084 olim
2515 3041 2669 3100 pacta
2692 3031 2863 3087 multa
2893 3032 3191 3100 Abraham,
3222 3042 3279 3089 et
3300 3034 3415 3088 vic-

1816 3119 1975 3172 timas
2008 3119 2329 3185 immolavit,
2362 3119 2676 3191 bestiasque
2700 3122 2916 3187 obtulit,
2941 3138 3005 3178 ac
3030 3123 3271 3179 nondum
3302 3134 3426 3181 erat

1811 3208 2205 3275 juramentum.
2240 3210 2394 3266 Unde
2421 3227 2551 3282 ergo
2573 3214 2941 3282 juramentum
2980 3223 3157 3271 ortum
3184 3215 3371 3271 habuit
3397 3218 3424 3272 ἲ

1816 3300 2044 3368 Quando
2083 3312 2238 3357 aucta
2270 3312 2395 3358 sunt
2421 3305 2583 3371 mala,
2608 3306 2826 3375 quando
2870 3309 3051 3363 etnnia
3102 3323 3196 3363 sus
3242 3310 3424 3379 deque

1818 3395 1957 3449 facta
1981 3404 2127 3462 sunt,
2160 3396 2376 3465 quando
2401 3397 2467 3452 ad
2499 3397 2857 3454 idololatriam
2881 3400 3241 3458 declinarunt.
3266 3402 3420 3459 Tunc

1816 3501 1965 3556 ergo,
1997 3498 2144 3555 tunc,
2169 3504 2289 3543 cum
2315 3489 2579 3545 increduli
2628 3506 2848 3560 prorsus
2884 3503 3089 3561 essent,
3126 3495 3293 3550 Deum
3328 3496 3422 3551 ad-

1814 3580 2075 3635 vocabant
2099 3589 2311 3646 testem,
2346 3582 2497 3651 quasi
2516 3581 2737 3652 dignum
2765 3582 3031 3639 dictorum
3054 3586 3428 3657 ﬁdejussorem

1813 3670 2024 3725 dantes.
2061 3672 2174 3727 Iloc
2202 3673 2344 3728 enim
2376 3683 2461 3729 cst
2485 3674 2875 3743 juramentum,
2912 3676 3209 3745 fidejussio,
3236 3679 3325 3733 ubi
3355 3678 3429 3733 ob

1815 3777 2026 3817 morum
2072 3765 2477 3835 corruptionem
2501 3766 2757 3823 ﬁdesnou
2783 3768 3029 3824 habetur.
3081 3769 3266 3842 Itaque
3322 3772 3427 3826 hoc

1817 3855 2049 3923 primum
2074 3857 2279 3913 crimen
2326 3858 2558 3927 jurantis
2581 3872 2685 3927 est,
2710 3862 2756 3917 si
2786 3878 2895 3917 non
2924 3865 3176 3919 credatur
3207 3867 3325 3921 sine
3355 3867 3423 3921 li-

1814 3949 2120 4017 dejussore,
2154 3958 2209 4005 et
2236 3967 2431 4023 magno
2454 3954 2807 4024 ildejussore:
2841 3959 2965 4027 quia
2997 3960 3143 4013 enim
3184 3959 3325 4015 nulla
3359 3961 3425 4016 II-

1814 4040 1911 4096 des
1958 4041 2206 4108 habetur,
2240 4060 2348 4098 non
2381 4044 2657 4102 hominem
2692 4050 2975 4119 requirunt
3006 4051 3377 4122 lidejussmem
3406 4096 3422 4120 ,

1814 4133 1909 4188 sed
1967 4134 2157 4189 Deum.
2188 4135 2461 4204 Secundo,
2496 4138 2688 4193 eadem
2714 4156 2931 4211 quoque
2957 4144 3116 4215 culpa
3143 4155 3227 4201 est
3256 4146 3375 4217 ejus
3405 4188 3421 4215 ,

1812 4226 1902 4295 qui
1928 4226 2292 4295 juramentum
2324 4230 2535 4299 recipit,
2564 4230 2608 4286 si
2633 4233 2686 4285 in
2717 4234 2885 4301 pactis
2912 4235 3083 4291 Deum
3106 4236 3173 4291 ad
3198 4237 3423 4308 fidejus-

1814 4319 2021 4374 sionem
2051 4320 2248 4386 trahat,
2268 4330 2323 4375 et
2351 4321 2495 4377 dicat
2521 4339 2626 4378 non
2660 4324 3026 4381 discessurum
3056 4343 3116 4384 se
3140 4329 3243 4384 nisi
3269 4330 3421 4385 illum

1812 4412 2057 4481 accipiat.
2090 4412 2135 4467 Ο
2165 4413 2435 4483 ingentem
2482 4415 2887 4485 stupiditateml
2919 4434 2952 4473 ο
2978 4423 3360 4477 contumeliam
3398 4424 3413 4479 l

1816 4502 2043 4568 νει·ιηὶε,
2075 4511 2219 4559 terra
2249 4514 2302 4559 et
2329 4505 2467 4560 cinis
2514 4521 2637 4561 cum
2666 4509 2740 4563 sis
2770 4517 2931 4580 atque
2971 4509 3173 4575 fumus,
3233 4513 3414 4569 Domi-

1813 4610 1939 4648 num
1976 4603 2124 4649 tuum
2161 4596 2329 4651 trahis
2360 4596 2426 4651 ad
2458 4596 2861 4668 ﬁdejussionem
2894 4611 2949 4656 et
2976 4603 3129 4658 illum
3160 4607 3419 4675 cogisac-

1811 4687 2029 4754 cipere?
2061 4687 2156 4741 Dic
2179 4688 2330 4753 mihi,
2363 4690 2416 4742 si
2438 4692 2611 4745 servis
2634 4692 2830 4746 vestris
2856 4694 2995 4750 inter
3013 4710 3072 4750 se
3092 4696 3418 4766 rixantibus,

1813 4794 1912 4833 nec
1936 4778 2037 4833 sibi
2072 4788 2261 4835 mutuo
2288 4782 2659 4851 credentibus,
2705 4785 2911 4842 diceret
2956 4803 3257 4844 conservus
3309 4807 3417 4845 nou

1810 4868 2193 4925 discedendum
2219 4888 2341 4927 esse
2370 4872 2542 4929 donec
2573 4878 2878 4932 communis
2908 4877 3164 4936 dominus
3191 4882 3421 4950 iidejus-
3505 4934 3511 4946 ,

1811 4977 1902 5019 sor
1921 4963 2233 5029 accederet;
2262 4980 2441 5021 annon
2465 4967 2614 5023 mille
2635 4969 2819 5039 plagas
2837 4972 3127 5041 acciperet,
3159 4984 3215 5028 nt
3245 4976 3418 5032 disce-

1811 5062 1893 5109 ret
1944 5054 2165 5110 domino
2194 5056 2259 5111 ad
2283 5058 2409 5123 alia,
2445 5074 2551 5112 non
2584 5060 2652 5113 ad
2683 5060 2799 5115 hzec
2825 5062 2900 5116 uti
2928 5066 3224 5133 Oportere?
3278 5068 3430 5135 Quid

1809 5145 1932 5200 dico
1958 5160 2279 5201 conservum
2304 5147 2327 5199 Ῡ
2356 5165 2479 5202 nam
2503 5151 2548 5204 si
2580 5150 2753 5205 virum
2812 5154 3267 5212 vcnerabiliorem
3312 5160 3416 5213 eli-

1809 5248 1996 5309 geret,
2026 5254 2207 5294 annon
2237 5238 2289 5294 id
2316 5240 2409 5295 ille.
2435 5257 2532 5311 pro
2558 5244 2887 5301 contumelia
2917 5245 3138 5302 haberet
3167 5250 3189 5301 ἲ
3222 5251 3287 5303 At
3316 5266 3427 5319 ego

1813 5332 1960 5398 nolo,
1992 5332 2225 5402 inquies.
2257 5334 2425 5390 Recte
2454 5353 2467 5389 :
2511 5351 2642 5406 ergo
2673 5354 2849 5409 neque
2879 5340 3030 5395 illum
3052 5356 3214 5412 cogas
3247 5362 3259 5398 :
3291 5359 3416 5399 nam

1810 5426 1913 5481 hoc
1942 5426 2002 5481 fit
2027 5426 2189 5482 etiam
2210 5428 2351 5499 apud
2372 5430 2618 5486 homines
2635 5473 2651 5499 ,
2676 5432 2720 5486 si
2742 5432 2864 5502 quis
2890 5432 3125 5503 dixerit,
3153 5435 3303 5490 Illum
3335 5446 3415 5490 ta-

1875 5561 1892 5592 ¹
1920 5560 2072 5630 Juxta
2100 5561 2258 5635 Savil.
2284 5564 2553 5635 legendum
2580 5574 2734 5623 esset.
2764 5571 2847 5618 Est
2883 5567 3013 5635 enim
3041 5570 3184 5635 quasi
3207 5571 3429 5635 spiritus-

1810 5622 1902 5692 iraz
1920 5622 2275 5692 ⁸ἱιιιθαηιειιιιιηι.
2317 5622 2444 5692 Haec
2476 5642 2625 5689 porro
2667 5644 2760 5679 non
2789 5645 2959 5692 parum
2990 5622 3369 5685 int'ricata'suut
3394 5622 3411 5662 ἶ

1804 5686 2085 5754 juramenta
2113 5686 2234 5735 dicit
2262 5700 2375 5736 esse
2404 5686 2507 5737 alas
2535 5698 2585 5754 et
2616 5692 2723 5738 vela
2759 5686 2862 5753 irae,
2893 5693 3075 5754 quibus
3104 5695 3315 5745 sublatis
3342 5696 3419 5748 ira.

1810 5748 2032 5819 tollitur;
2057 5748 2651 5819 jura-mentacnimhirati
2694 5748 2857 5819 erant,
2892 5748 2943 5804 et
2980 5756 3097 5804 iram
3139 5759 3406 5819 augebant.

1811 5808 1995 5855 Verum
2019 5808 2143 5876 utin
2166 5810 2460 5876 Prmfaﬂone
2489 5812 2723 5876 diximus,
2750 5812 2795 5862 in
2823 5808 2956 5865 hisce
2981 5808 3409 5870 Ilomiliisvmultze

1808 5876 1923 5939 sunt
1958 5870 2260 5939 reticentur};
2286 5874 2365 5939 u_bi
2412 5888 2493 5923 res
2518 5870 2954 5939 itarenu'nlianlur,
2983 5888 3035 5929 ut
3072 5881 3266 5929 nonnisi
3293 5895 3423 5932 cum"

1811 5932 1980 5981 labore
2015 5940 2071 5982 et
2102 5933 2428 5987 meditatione
2463 5938 2703 6004 expl'cari
2731 5938 2937 5999 ροῶἱιιι.
