4074 6302
715 490 787 550 οδ
1488 480 1541 535 S.
1581 476 1853 533 JUANMS
1889 470 2024 527 Cllli
2039 463 2279 523 YSUSTC

2405 468 2723 526 AliCllIEP.
2766 471 3294 529 CONSTANTINOP.

717 606 819 659 lem
849 603 919 657 de
968 598 1354 669 tidejussorem,
1383 605 1437 649 tu
1464 608 1569 648 non
1606 587 1887 661 permittis.
1918 579 2237 653 Quid‘igitur
2263 578 2289 632 ἲ

718 695 949 764 inquies,
983 691 1270 761 perdamne
1289 687 1430 757 quod
1472 682 1640 740 dedi?
1677 680 1793 735 Non
1840 678 1943 733 hoc
1992 674 2111 729 dico
2144 688 2159 735 ;
2194 669 2289 725 sed

720 800 915 856 queror
944 782 1085 854 quod
1117 782 1281 836 Deum
1304 778 1504 833 afﬁcias
1545 772 1887 866 contumelia.
1907 860 1918 866 _
1937 768 2164 866 ideoque
2197 779 2242 866 is
2272 805 2287 829 ,

712 860 1008 946 qnfcogit,
1044 870 1401 928 inevitabilius
1431 864 1746 937 supplicium
1761 860 2004 957 habebit,
2029 870 2188 957 quam
2203 860 2284 957 .is,

710 968 799 1037 qni
826 966 971 1035 jurat
994 981 1008 1018 :
1032 964 1383 1030 similiterque
1412 958 1477 1023 is,
1503 956 1592 1027 qui
1633 955 1846 1009 nemine
1871 947 2173 1037 postulante
2195 947 2285 1015 ju-

712 1036 816 1111 ra’t.
835 1054 1091 1125 Quodque
1127 1052 1341 1123 gravius
1365 1057 1468 1114 est,
1519 1045 1712 1115 singuli
1744 1042 1827 1097 vel
1867 1056 1960 1110 pro
1989 1054 2094 1093 uno
2124 1036 2286 1091 obolo

711 1147 910 1215 iurant,
942 1160 1038 1215 pro
1060 1158 1217 1214 parva
1247 1156 1324 1207 re,
1355 1153 1451 1209 pro
1477 1136 1761 1209 iniustitia.
1805 1135 1930 1189 Htec
1956 1146 2107 1195 vero,
2162 1144 2282 1184 cum

712 1238 829 1291 sine
850 1235 1081 1306 perjurio
1121 1234 1333 1303 agitur:
1386 1243 1506 1284 nam
1561 1227 1609 1283 si
1662 1224 1951 1297 perjuriutn
1991 1230 2283 1292 sequatur,

712 1329 886 1381 omnia
913 1341 1003 1381 sus
1031 1324 1205 1394 deque
1248 1331 1549 1385 vertuntur,
1573 1329 1630 1375 et
1660 1317 1713 1373 in
1740 1331 1904 1373 causa
1927 1322 2050 1370 sunt
2083 1323 2187 1366 tam
2242 1312 2285 1365 is

713 1421 800 1491 qui
822 1420 1048 1489 accepit,
1075 1432 1232 1489 quam
1262 1417 1307 1472 is
1334 1417 1424 1487 qui
1452 1413 1619 1470 dedit.
1648 1413 1736 1479 At,
1785 1410 2011 1485 inquies,
2042 1406 2283 1479 quaedam

710 1520 834 1566 sunt
856 1525 974 1581 quae
1002 1510 1333 1580 ignorantur.
1362 1507 1556 1563 Verum
1584 1504 1698 1560 tunc
1728 1503 1771 1558 si
1798 1501 2118 1573 prmvideas,
2152 1497 2283 1552 nihil

710 1617 908 1657 temere
930 1602 1093 1656 facies
1120 1618 1132 1655 :
1162 1601 1205 1656 si
1230 1599 1355 1670 quid
1385 1613 1513 1654 vero
1540 1597 1868 1667 negligenter
1898 1608 2022 1663 agas
2045 1633 2059 1659 ,
2091 1607 2120 1646 a
2147 1591 2284 1661 teip-

709 1709 768 1746 so
800 1707 983 1761 pinnas
1032 1691 1203 1759 exige.
1252 1688 1441 1751 Melius
1465 1694 1549 1743 est
1586 1686 1663 1742 sic
1683 1686 1882 1741 damno
1910 1683 2073 1748 affici,
2123 1696 2284 1753 quam

708 1782 812 1835 alio
843 1781 1021 1837 modo.
1053 1782 1150 1837 Dic
1171 1781 1312 1838 enim
1335 1781 1485 1845 mihi,
1521 1778 1688 1834 trahis
1709 1778 2014 1849 quempiam
2042 1775 2109 1830 ad
2127 1776 2282 1846 jura-

709 1882 977 1939 mentum,
1015 1872 1139 1943 quid
1166 1870 1526 1941 aspectans?
1565 1885 1690 1925 num
1713 1868 1856 1939 quod
1896 1867 2139 1939 pejerct?
2179 1864 2284 1921 Sed

710 1965 812 2020 hoe
838 1970 1091 2021 extremae
1115 1974 1199 2019 est
1228 1964 1581 2034 insipienlim;
1641 1962 1694 2017 in
1744 1972 1903 2032 caput
1956 1971 2103 2015 tuum
2152 1958 2283 2013 ultio

711 2064 950 2111 vertetur
979 2074 992 2109 :
1031 2056 1221 2110 melius
1246 2064 1363 2111 erat
1393 2054 1648 2125 pecunias
1691 2060 1814 2108 tuas
1856 2052 2031 2121 perire
2054 2091 2072 2118 ,
2122 2064 2280 2120 quam

708 2147 877 2202 illum.
908 2144 1015 2202 Cur
1055 2147 1156 2201 hoc
1182 2145 1250 2200 ad
1277 2144 1531 2199 damnum
1578 2151 1726 2199 tuum
1753 2152 1808 2200 et
1856 2142 1951 2198 Dei
1998 2151 2280 2197 contume-

711 2239 836 2293 liam
867 2238 995 2293 facis
1020 2240 1044 2293 τ
1071 2238 1196 2293 Hzec
1242 2238 1419 2292 anima
1469 2238 1595 2291 fera:
1625 2244 1786 2293 estet
1820 2234 1969 2305 impii
2008 2234 2128 2287 viri.
2176 2232 2282 2289 Sed

706 2347 884 2402 spero,
917 2326 1065 2386 illum
1098 2345 1202 2385 non
1231 2330 1594 2401 pejcraturum
1620 2342 1762 2384 esse.
1790 2326 1931 2397 Ergo
1952 2327 2112 2381 etiam
2154 2325 2275 2380 sine

702 2427 1004 2498 juramento
1029 2422 1212 2479 crede.
1245 2422 1351 2478 Sed
1396 2422 1547 2477 multi
1583 2430 1727 2486 sunt,
1762 2420 1990 2489 inquies,
2043 2418 2135 2487 qui
2168 2432 2273 2471 non

701 2519 857 2588 jurati
892 2517 1137 2571 fraudare
1166 2515 1361 2571 audent
1390 2556 1404 2582 ,
1432 2515 1595 2585 jurati
1641 2528 1818 2569 secus.
1851 2512 2105 2582 Teipsutn
2136 2511 2281 2566 deci-

704 2610 804 2679 pis,
836 2626 869 2665 o
898 2611 1078 2663 homo.
1108 2608 1209 2675 Qui
1238 2609 1398 2662 furari
1422 2616 1477 2663 et
1504 2608 1804 2676 proximum
1832 2604 2030 2660 laedere
2056 2603 2241 2659 didicit
2261 2645 2277 2669 ,

701 2702 1216 2771 sa-pejuramentum
1244 2700 1404 2755 etiam
1436 2698 1798 2762 conculcabit;
1827 2697 1872 2751 si
1900 2704 2074 2751 autem
2102 2695 2281 2765 jurare

705 2802 976 2856 vereatur,
1024 2793 1196 2845 multo
1233 2791 1401 2858 magis
1434 2789 1632 2858 injuste
1668 2802 1825 2857 agere
1852 2786 2138 2842 verebitur.
2175 2784 2280 2840 Sed

706 2884 901 2937 invitus
931 2883 1031 2938 hoc
1058 2882 1255 2952 patitur
1276 2882 1305 2934 ἲ
1329 2881 1467 2951 Ergo
1498 2881 1649 2934 venia
1696 2880 1905 2949 dignus.
1948 2878 2051 2933 Sed
2082 2879 2281 2934 relictis

703 2974 807 3027 illis
834 2973 1135 3027 forensibus
1156 2971 1494 3041 juramentis,
1517 2969 1644 3040 quid
1667 2969 1896 3024 dehisce
1923 2969 2093 3022 dicam
2116 2970 2138 3021 ἲ
2170 2969 2278 3022 Illic

702 3066 830 3121 nihil
853 3066 959 3121 tale
977 3066 1159 3121 dicere
1186 3072 1338 3134 potes
1369 3081 1382 3117 :
1415 3078 1535 3117 nam
1574 3078 1670 3132 pro
1704 3063 1889 3117 decem
1926 3062 2097 3116 obolis
2128 3060 2276 3130 jura-

702 3168 876 3213 mcnta
901 3158 1030 3211 fiunt
1050 3167 1101 3211 et
1125 3156 1374 3227 perjuria.
1389 3154 1520 3222 Quia
1543 3153 1686 3207 enim
1710 3152 1904 3207 fulmen
1928 3167 2156 3222 superne
2174 3166 2276 3205 non

701 3251 945 3316 mittitur,
971 3249 1090 3319 quia
1116 3265 1221 3303 non
1251 3249 1427 3301 omnia
1451 3246 1973 3311 subvertentur,stas
2001 3244 2163 3305 Deum
2185 3244 2281 3298 oh-

699 3342 982 3411 stringens.
1001 3339 1111 3407 Qua
1138 3339 1205 3393 de
1230 3337 1413 3393 causa?
1440 3336 1507 3391 Ut
1528 3336 1691 3399 olera,
1716 3334 1999 3389 utcaleeos
2027 3334 2274 3404 accipias,

702 3449 797 3503 pro
826 3434 1032 3488 modica
1055 3432 1276 3503 pecunia
1306 3432 1355 3485 in
1378 3440 1567 3485 testem
1599 3429 1745 3483 illum
1772 3428 2018 3484 advocas.
2042 3429 2135 3490 Ne,
2154 3429 2274 3498 quia

700 3544 804 3580 non
838 3526 1117 3596 plectimur
1142 3568 1156 3591 ,
1188 3534 1433 3593 putemus
1456 3538 1555 3578 nos
1584 3539 1689 3577 non
1720 3538 1941 3593 peccare
1967 3542 1978 3577 :
2007 3524 2105 3577 hoc
2136 3524 2271 3580 divi~

702 3634 784 3671 n:e
828 3617 1209 3672 misericordia:
1237 3625 1319 3671 est
1342 3657 1359 3684 ,
1386 3631 1491 3670 non
1534 3624 1730 3669 nostra:
1765 3615 1994 3670 virtutis.
2027 3615 2151 3669 .lnra
2182 3631 2276 3685 per

702 3725 917 3779 puerum
952 3716 1097 3762 tuum
1130 3726 1142 3771 ;
1192 3708 1307 3776 jura
1338 3722 1433 3777 per
1465 3710 1690 3777 teipsum
1718 3725 1731 3772 ;
1763 3707 1847 3761 die
1882 3725 1893 3759 :
1926 3707 2011 3763 Sic
2030 3723 2097 3761 nc
2121 3708 2274 3761 lictor

702 3803 871 3855 adslet
908 3800 1163 3854 lateribus
1188 3802 1339 3853 meis.
1378 3798 1484 3855 Sed
1516 3798 1689 3853 times.
1717 3797 1992 3853 Laterihus
2015 3814 2141 3867 ergo
2172 3800 2274 3853 tuis

701 3894 856 3946 vilior
884 3902 964 3949 est
995 3892 1153 3957 Deus,
1182 3901 1235 3945 et
1260 3892 1432 3960 capite
1482 3900 1571 3944 tuo
1596 3890 1852 3959 abjcctior
1873 3890 2096 3945 ?°Dieito
2125 3909 2135 3943 :
2185 3892 2275 3946 Sic

700 3998 765 4036 ne
793 3997 1049 4037 cxcmccr.
1092 3985 1159 4035 At
1209 3981 1458 4035 Christus
1492 3981 1564 4034 ita
1594 3981 1750 4034 nobis
1805 3984 2009 4049 parcit,
2046 3991 2101 4035 ut
2132 3990 2275 4036 vetet

699 4073 858 4125 etiam
908 4087 1002 4141 per
1032 4073 1305 4141 preprium
1343 4081 1499 4139 caput
1529 4071 1712 4139 jurare
1744 4089 1756 4124 :
1790 4086 1886 4125 nos
1914 4086 2040 4125 vero
2070 4072 2137 4125 ita
2167 4086 2271 4126 non

701 4165 967 4231 parcimus
996 4164 1177 4234 gloria:
1201 4165 1323 4228 Dei,
1352 4173 1406 4217 ut
1435 4163 1627 4232 ubique
1646 4163 1818 4235 ipsum
1839 4163 2127 4217 trahanms.
2154 4164 2275 4220 Nes-

698 4255 837 4318 citis,
864 4255 986 4323 quid
1008 4255 1075 4308 sit
1103 4255 1258 4317 Deus,
1287 4263 1342 4309 et
1370 4269 1475 4323 quo
1491 4269 1587 4307 ore
1608 4252 1951 4307 advocandus
1977 4254 2065 4307 sit.
2099 4253 2204 4309 Sed
2230 4255 2273 4309 si

702 4346 771 4399 de
789 4346 903 4399 viro
939 4347 1135 4399 virtute
1180 4345 1324 4399 claro
1369 4345 1683 4415 loquamur,
1725 4342 1952 4397 dicimus
1978 4385 1992 4411 ,
2033 4343 2174 4397 Lava
2215 4359 2276 4398 os

704 4446 883 4503 tuum,
916 4447 967 4491 et
992 4437 1069 4491 sic
1090 4446 1486 4497 commemora;
1521 4450 1660 4490 nunc
1689 4451 1815 4490 vero
1861 4437 2151 4505 pretiosum
2182 4450 2277 4489 no-

702 4545 823 4584 men
850 4572 863 4593 ,
898 4529 1037 4599 quod
1067 4540 1149 4585 est
1174 4544 1334 4599 super
1360 4545 1518 4584 onme
1546 4546 1735 4585 nomen
1762 4574 1777 4597 ,
1811 4530 2055 4586 mirabile
2081 4534 2135 4584 in
2161 4531 2276 4584 uni-

702 4635 849 4674 versa
879 4632 1039 4687 terra,
1064 4620 1206 4690 quod
1235 4620 1512 4676 audientes
1541 4621 1812 4677 daemones
1862 4622 2272 4687 exhorrescunt,

704 4721 905 4767 temere
935 4714 1424 4768 circunitrahimus.

773 4804 823 4856 6.
865 4805 906 4857 0
933 4804 1369 4859 Consuetudinem
1397 4808 1408 4860 !
1440 4806 1507 4860 ab
1528 4805 1615 4860 illa
1645 4807 1786 4861 enim
1816 4808 2141 4876 contemptui
2174 4818 2274 4862 est.

706 4899 843 4948 Sane
868 4897 909 4950 si
953 4899 1003 4950 in
1033 4899 1198 4951 sacris
1233 4899 1437 4951 aedibus
1463 4899 1623 4953 alicui
1664 4902 2038 4956 necessitatem
2066 4902 2277 4972 jnrandi

707 4988 1060 5055 i'inposueris,
1095 4990 1163 5041 ita
1196 4990 1417 5043 allectus
1445 5006 1503 5044 es
1542 5006 1603 5046 ac
1639 4992 1680 5046 si
1713 4992 2035 5048 horrendum
2088 4995 2279 5051 ieceris

700 5080 1079 5147 juramentum.
1110 5082 1265 5151 Atqui
1288 5099 1383 5136 cur
1413 5094 1515 5137 tam
1550 5085 1869 5139 horrendum
1897 5087 2104 5143 videtur
2125 5104 2275 5155 esse,

705 5174 806 5227 nisi
828 5174 950 5243 quia
982 5176 1070 5228 illo
1087 5175 1295 5245 quidem
1323 5176 1475 5231 facile
1498 5180 1713 5243 utimur,
1747 5178 1847 5233 hoc
1870 5195 1995 5234 vero
2022 5182 2239 5236 minime
2262 5184 2281 5235 ἱ)

706 5281 879 5320 annon
926 5266 1147 5322 horrere
1180 5278 1449 5337 oporteret
1488 5285 1607 5324 cum
1646 5272 1950 5326 nominatur
1991 5273 2173 5329 Deus?
2217 5276 2283 5327 At

709 5360 846 5427 apud
876 5360 1089 5414 Judteos
1120 5361 1192 5413 ita
1226 5363 1587 5418 venerandum
1608 5376 1723 5421 erat
1753 5382 1945 5421 nomen
1974 5368 2109 5437 ejus,
2138 5379 2193 5421 ut
2230 5368 2279 5422 in

708 5451 915 5505 luminis
953 5451 1345 5507 dcscriberetur
1378 5454 1563 5524 (Exod.
1600 5457 1685 5510 59.
1725 5456 1852 5527 29),
1883 5468 1937 5513 et
1982 5460 2177 5513 nemini
2224 5459 2287 5511 li-

706 5553 855 5597 ceret
884 5544 1061 5597 literas
1088 5545 1214 5599 istas
1251 5547 1387 5598 ferre
1410 5588 1424 5611 ,
1460 5548 1555 5599 nisi
1596 5547 1695 5601 soli
1727 5564 1937 5604 summo
1976 5550 2237 5605 sacerdoti
2266 5568 2279 5615 ;

710 5650 849 5689 Itttllc
887 5647 1063 5689 autem
1098 5645 1200 5690 tam
1245 5638 1397 5692 facile
1436 5626 1627 5693 nomen
1673 5640 1785 5710 ejus
1834 5642 2278 5698 eireumferimus.

709 5728 764 5782 Si
792 5730 1105 5799 simpliciter
1126 5732 1401 5787 nominare
1436 5733 1596 5788 Deum
1621 5749 1724 5788 non
1756 5736 2004 5791 omnibus
2029 5737 2102 5791 fas
2134 5748 2279 5806 erat;

713 5822 882 5887 ipsum
924 5823 974 5875 in
1018 5831 1207 5877 testem
1235 5839 1423 5879 vocare
1449 5866 1465 5892 ,
1496 5836 1709 5896 quanta:
1739 5829 1975 5885 audacia:
2004 5873 2017 5897 ,
2054 5846 2237 5901 qureso
2267 5876 2279 5897 ,

711 5919 892 5986 quanti
936 5916 1130 5975 furoris
1163 5921 1277 5976 cst!
1328 5922 1379 5976 Si
1428 5924 1566 5976 enim
1612 5925 1787 5993 potius
1828 5927 2000 5981 omnia
2052 5928 2283 5997 ahjiecrc

2542 286 2685 325 ψ.

3918 168 4021 526 ἐ

3984 444 4049 471 ηλ

3984 444 4001 479 δ
4047 444 4049 479 l

3902 476 4049 569 GT"

2395 592 2691 651 oporteret,
2714 598 2893 641 annon
2917 586 3145 643 libenter
3173 587 3475 657 relinquere
3505 601 3599 657 par
3620 588 3805 642 esset?
3833 587 3967 642 Ecce
4048 578 4049 583 “

2392 670 2533 741 dico,
2558 684 2612 729 et
2638 675 2897 731 testiﬁcor
2920 694 2933 731 :
2959 677 3254 734 Emendate
3268 678 3565 748 juramcnta
3598 679 3683 733 illa
3706 678 3965 738 forensia;

2393 777 2501 818 non
2545 764 2981 837 obtemperantes
3024 778 3201 824 autem
3239 783 3427 826 omnes
3471 769 3538 825 ad
3576 786 3660 825 me
3699 770 3964 825 adducite.

2394 852 2534 911 Ecce
2559 855 2709 911 vobis
2735 860 3093 927 prmeentibus
3127 860 3335 929 impero
3374 861 3439 915 iis
3458 904 3474 928 ,
3505 860 3596 932 qui
3625 860 3691 916 ad
3728 860 3967 916 ministe—

2392 944 2529 1005 rium
2556 957 2681 1002 sunt
2704 947 2961 1004 domuum
2984 951 3261 1019 orationis,
3302 951 3491 1008 hortor
3514 960 3569 1009 et
3595 953 3746 1009 edico
3764 994 3781 1019 ,
3811 957 3963 1009 nemi-

2394 1037 2449 1091 ni
2471 1038 2633 1095 liccre
2656 1050 2855 1097 temere
2873 1042 3090 1113 jurare;
3120 1044 3227 1099 imo
3253 1060 3426 1117 neque
3452 1045 3560 1101 alio
3580 1048 3766 1116 quovis
3788 1047 3966 1103 modo.

2390 1128 2471 1183 Ad
2502 1144 2588 1186 mc
2613 1146 2740 1202 ergo
2768 1133 2997 1188 ducatur
3023 1176 3036 1198 ,
3068 1136 3308 1207 quisquis
3332 1136 3439 1202 sit,
3470 1138 3591 1207 quia
3637 1137 3750 1194 haec
3792 1141 3971 1194 omnia

2389 1211 2456 1267 ad
2498 1228 2595 1268 nos
2624 1230 2792 1285 usque
2815 1216 3014 1273 deferri
3040 1228 3289 1289 oportet,
3336 1234 3401 1276 ac
3428 1222 3473 1276 si
3505 1223 3711 1291 pueruli
3753 1224 3969 1282 essetis.

2390 1304 2543 1359 Absit
2573 1312 2631 1359 ut
2673 1305 2747 1361 ita
2786 1322 2874 1363 res
2900 1309 2989 1363 sit.
3019 1309 3201 1365 Pudor
3220 1312 3364 1367 enim
3386 1322 3469 1367 est
3492 1351 3506 1377 ,
3539 1312 3585 1367 si
3609 1312 3783 1371 adhuc
3809 1314 3973 1370 disci-

2389 1393 2534 1461 plina
2561 1397 2783 1467 egeatis.
2836 1398 2971 1455 Num
3017 1416 3223 1457 sacram
3271 1418 3513 1459 mensam
3543 1412 3760 1477 tangere
3806 1407 3972 1461 audes

2388 1502 2497 1543 non
2521 1490 2788 1546 initiatus?
2812 1490 2915 1549 Sed
2943 1494 3083 1565 quod
3105 1495 3255 1565 pejus
3277 1504 3380 1564 est,
3414 1504 3467 1551 tu
3498 1496 3734 1553 initiatus
3762 1513 3970 1553 sacram

2388 1596 2627 1639 mensam
2655 1594 2872 1656 tangere
2906 1587 3099 1653 audes,
3126 1604 3284 1658 quam
3314 1604 3416 1644 nec
3441 1591 3688 1647 omnibus
3717 1594 3969 1647 sacerdo-

2390 1674 2533 1730 tibus
2560 1685 2777 1747 tangere
2801 1677 2924 1733 licet
2948 1719 2962 1742 ,
2994 1688 3048 1735 et
3076 1681 3155 1735 sic
3175 1681 3376 1749 jurare.
3407 1680 3474 1736 Et
3501 1691 3556 1737 tu
3582 1682 3795 1753 quidem
3822 1685 3971 1754 pueri

2388 1775 2551 1836 caput
2576 1782 2680 1822 non
2713 1778 2960 1839 tangeres
2983 1784 3255 1841 egressus,
3284 1782 3339 1827 et
3365 1788 3605 1828 mensam
3630 1778 3800 1844 tangis
3822 1816 3838 1839 ,
3875 1791 3971 1830 ne-

2387 1872 2493 1929 que
2518 1858 2853 1917 exhorrescis
2882 1877 2982 1918 nec
3003 1862 3292 1920 formidas?
3313 1864 3391 1919 Ad
3414 1881 3501 1922 me
3523 1867 3657 1923 tales
3676 1868 3931 1924 adducito
3957 1889 3969 1923 :

2386 1963 2488 2020 ego
2510 1950 2767 2020 judicium
2799 1953 2965 2007 feram
2991 1994 3005 2021 ,
3034 1962 3089 2009 et
3113 1954 3630 2028 ambosgaudentes
3672 1962 3968 2015 remittam.

2386 2040 2538 2109 Quod
2566 2043 2843 2100 volueritis
2865 2084 2883 2113 ,
2911 2044 3107 2113 facite;
3148 2048 3319 2119 legem
3353 2065 3516 2120 pono,
3549 2066 3617 2107 ne
3646 2053 3867 2109 omnino
3890 2054 3972 2125 ju-

2387 2144 2553 2189 retur.
2576 2134 2705 2203 Quae
2733 2136 2921 2191 salutis
2944 2152 3070 2208 spes
3087 2140 3164 2195 sic
3191 2140 3348 2198 nobis
3368 2143 3545 2198 omnia
3572 2147 3972 2215 pessumdanti-

2387 2222 2527 2279 bus?
2553 2225 2671 2280 ideo
2698 2228 3036 2297 syngraplue,
3068 2228 3195 2286 ideo
3211 2231 3467 2303 symbols:
3486 2274 3502 2301 ,
3530 2245 3586 2290 ut
3614 2245 3756 2292 tuam
3786 2238 3974 2292 inttno-

2387 2315 2467 2371 les
2486 2317 2718 2372 animatn
2745 2318 2769 2373 ?
2794 2319 2919 2390 quid
2953 2330 3154 2377 tantum
3179 2324 3424 2395 lucraris,
3456 2339 3718 2398 quantum
3742 2332 3927 2400 perdis
3953 2333 3975 2387 τ

2388 2408 2694 2479 cheravit?
2738 2412 3021 2469 Perdidisti
3059 2426 3113 2470 et
3165 2417 3313 2471 illum
3343 2428 3397 2475 et
3426 2420 3675 2491 teipsum.
3717 2422 3822 2478 Sed
3866 2441 3972 2481 non

2386 2502 2646 2570 pejeravit
2666 2503 2687 2556 ?
2710 2502 2884 2558 Etiam
2922 2504 2998 2559 sic
3032 2507 3331 2576 perdidisti,
3361 2511 3448 2580 qui
3471 2515 3710 2583 coegeris
3734 2529 3971 2587 praecep-

2385 2599 2496 2647 tum
2520 2592 2835 2665 transgredi.
2867 2595 3018 2653 Hunc
3046 2599 3293 2655 morbum
3316 2602 3382 2658 ab
3398 2605 3576 2659 anima
3599 2608 3971 2677 expellatuus;

2388 2682 2599 2737 interim
2636 2700 2665 2737 a
2707 2686 2821 2740 foro
2851 2686 2997 2741 illum
3026 2688 3305 2758 ejiciamus
3328 2733 3343 2759 ,
3374 2708 3404 2747 a
3438 2696 3673 2752 tabernis
3698 2710 3972 2755 mercato-

2386 2770 2525 2841 rum,
2553 2784 2607 2831 et
2628 2791 2658 2831 a
2680 2776 2903 2847 reliquis
2923 2776 3152 2836 officinis
3178 2799 3190 2834 :
3221 2783 3394 2854 major
3414 2787 3566 2843 nobis
3599 2789 3720 2843 hinc
3748 2805 3976 2860 proven-

2388 2877 2471 2920 tus
2496 2869 2618 2921 erit.
2648 2867 2726 2923 Ne
2756 2870 2954 2939 putetis
2996 2885 3091 2942 per
3140 2878 3622 2945 transgressionem
3664 2880 3972 2939 divinarum

2387 2959 2559 3030 legum
2603 2976 2690 3016 res
2736 2963 2894 3033 hujus
2935 2966 3055 3022 vitae
3097 2978 3242 3022 recte
3278 2968 3453 3040 dirigi.
3488 2973 3558 3026 At
3606 2989 3711 3028 non
3752 2978 3969 3046 credit,

2304 3067 2325 3090 ι
2383 3051 2610 3123 inquies.
2644 3053 2775 3110 Nam
2800 3056 2902 3114 hoc
2929 3073 3029 3131 ego
3050 3059 3117 3114 ab
3140 3060 3406 3131 aliquibus
3427 3063 3607 3120 audivi
3641 3084 3653 3117 :
3684 3064 3794 3121 Nisi
3821 3068 3974 3123 tnil!e

2379 3145 2678 3214 juramenta
2708 3147 2998 3218 proferam,
3031 3166 3136 3205 non
3165 3153 3368 3209 credet.
3394 3155 3471 3209 Tu
3505 3157 3559 3211 in
3584 3173 3744 3213 causa
3762 3174 3845 3226 es,
3880 3162 3972 3229 qui

2386 3248 2491 3291 tam
2524 3236 2676 3295 facile
2698 3239 2847 3309 juras
2873 3258 2885 3294 :
2922 3255 3046 3297 nam
3070 3244 3115 3297 si
3142 3243 3244 3300 hoc
3272 3260 3379 3301 non
3400 3256 3564 3316 esset,
3596 3249 3692 3305 sed
3714 3250 3972 3309 omnibus

2383 3341 2564 3386 notum
2588 3342 2730 3388 esset
2760 3343 2811 3390 te
2841 3352 3127 3407 numquam
3159 3340 3359 3409 jurare,
3384 3342 3547 3398 eredc
3571 3344 3701 3399 mihi
3722 3344 3927 3403 dicenti
3952 3389 3969 3415 ,

2381 3424 2463 3478 vel
2494 3424 2731 3481 innuenti
2763 3428 2853 3482 tibi
2885 3432 3052 3501 magis
3073 3434 3399 3499 crederetur,
3432 3452 3589 3506 quam
3614 3439 3679 3493 iis
3703 3441 3791 3510 qui
3815 3443 3970 3496 mille

2373 3516 2673 3587 juramenta
2703 3521 2979 3578 devorant.
3005 3524 3134 3579 Nam
3158 3529 3265 3594 cui,
3289 3544 3490 3597 qua-so,
3524 3532 3689 3601 magis
3716 3534 3966 3601 creditis,

2381 3610 2508 3662 mihi
2537 3627 2641 3665 non
2668 3613 2868 3681 juranti
2890 3657 2905 3682 ,
2936 3632 3001 3669 an
3024 3618 3373 3687 jurantibus?
3401 3621 3503 3676 Sed
3537 3633 3612 3687 tu,
3649 3624 3883 3695 inquies,
3908 3642 3969 3681 es

2380 3700 2627 3770 princeps
2656 3711 2711 3757 et
2738 3705 3067 3776 episcOpus?
3096 3707 3229 3776 Quid
3260 3710 3417 3780 igitur
3442 3753 3455 3773 ,
3486 3714 3529 3765 si
3560 3715 3850 3771 ostendero
3880 3732 3969 3771 me

2380 3809 2485 3847 non
2513 3795 2613 3851 hoc
2641 3797 2812 3852 solum
2841 3814 2957 3854 esse
2983 3802 3004 3853 ?
3031 3800 3160 3856 Cum
3194 3804 3419 3860 veritate
3444 3846 3457 3870 ,
3486 3822 3668 3875 quzeso
3697 3848 3711 3872 ,
3747 3824 3968 3878 respon-

2378 3887 2500 3943 dete
2520 3890 2649 3946 mihi
2676 3910 2687 3945 :
2718 3893 2764 3946 si
2794 3894 3101 3964 frequenter
3126 3905 3179 3952 et
3202 3912 3415 3965 semper
3435 3900 3671 3968 jurarein
3696 3944 3709 3967 ,
3736 3918 3800 3955 an
3837 3919 3966 3972 pro-

2378 3983 2556 4040 desset
2603 3986 2730 4039 mihi
2772 3988 3406 4057 principatus?Miuime.
3438 3991 3623 4047 Viden'
3668 4010 3771 4049 non
3813 3996 3966 4051 illam

2378 4091 2497 4133 esse
2526 4080 2783 4133 causam?
2809 4080 2942 4147 Quid
2972 4081 3129 4150 igitur
3156 4123 3168 4146 ,
3198 4098 3379 4151 qumso
3401 4123 3416 4148 ,
3463 4084 3731 4140 lucraris?
3764 4087 3970 4145 Paulus

2378 4171 2646 4225 esuriehat
2676 4190 2687 4223 :
2719 4183 2774 4227 et
2818 4184 2869 4227 tu
2909 4174 3115 4229 esurire
3162 4178 3337 4245 potius
3369 4178 3536 4248 eligas
3557 4221 3570 4244 ,
3602 4196 3761 4249 quam
3788 4191 3970 4239 trans-

2379 4263 2527 4329 gredi
2558 4263 2805 4330 quzedam
2830 4280 2897 4318 ex
2926 4265 3119 4319 divinis
3159 4268 3439 4323 mandatis.
3470 4271 3577 4324 Cur
3615 4288 3744 4343 ergo
3786 4276 3971 4332 increw

2382 4353 2534 4406 dulus
2563 4354 2662 4406 es?
2694 4354 2768 4407 Tu
2798 4370 2926 4424 ergo
2957 4356 3085 4408 nihil
3118 4372 3221 4410 non
3255 4376 3400 4428 ages,
3435 4370 3489 4415 et
3520 4365 3739 4432 patieris
3764 4408 3776 4431 ,
3812 4378 3873 4422 ut
3903 4388 3971 4424 ne

2383 4462 2632 4515 umquam
2657 4448 2839 4516 jures;
2871 4458 2925 4502 at
2961 4449 3047 4503 ille
3073 4459 3122 4505 te
3153 4466 3256 4505 non
3286 4457 3644 4509 remunerabit
3668 4459 3688 4509 ἶ)
3716 4460 3878 4527 Atqui
3917 4477 3971 4517 et

2384 4540 2624 4609 pcrjuros
2646 4550 2701 4594 et
2721 4542 3037 4609 juramentis
3064 4555 3307 4599 assuetos
3331 4548 3567 4613 quotidie
3595 4550 3689 4602 alii.
3714 4567 3726 4615 ;
3761 4561 3809 4606 te
3835 4570 3973 4608 vero

2382 4632 2505 4687 iatni
2536 4632 2746 4697 tradet,
2778 4634 2900 4702 quia
2943 4633 3087 4687 illum
3117 4634 3354 4689 audisti?
3400 4636 3602 4693 Omnes
3632 4640 3857 4695 videant
3898 4662 3966 4698 es

2382 4725 2447 4778 iis
2467 4766 2483 4788 ,
2510 4726 2599 4798 qui
2632 4726 2685 4779 in
2716 4723 2814 4779 hac
2838 4724 3061 4781 ecclesia
3091 4737 3512 4797 congregantur,
3543 4732 3807 4785 neminem
3845 4752 3973 4789 cs~e

2383 4819 2471 4888 qui
2498 4818 2640 4887 jurct
2668 4835 2681 4884 ;
2708 4828 2761 4873 et
2808 4819 2929 4872 hinc
2960 4819 3068 4872 noti
3114 4819 3282 4873 simus
3310 4860 3323 4883 ,
3352 4834 3455 4873 non
3484 4836 3548 4875 ex
3578 4822 3681 4877 fide
3710 4832 3921 4879 tantum
3960 4853 3969 4893 ,

2383 4910 2510 4965 hinc
2535 4928 2562 4964 a
2592 4910 2792 4966 Gratcis
2812 4910 2952 4963 etab
2978 4910 3095 4965 aliis
3127 4911 3373 4988 omnibus
3404 4911 3725 4969 diﬂ‘eramus.
3773 4916 3975 4988 Signa-

2385 5005 2561 5057 culum
2586 5002 2909 5071 accipiamus
2936 5002 3001 5056 de
3031 4986 3195 5069 carlis,
3228 5011 3283 5057 ut
3310 5004 3457 5072 quasi
3492 5006 3666 5076 regius
3692 5023 3817 5077 grex
3842 4986 3977 5067 'uhi-

2386 5112 2487 5165 qnc
2510 5108 2861 5165 appareamus
2890 5113 2901 5148 :
2927 5094 2993 5147 ab
3020 5110 3113 5149 ore
3140 5105 3193 5149 et
3222 5110 3249 5146 a
3281 5095 3453 5164 lingua
3485 5112 3791 5165 noscamur,
3825 5101 3977 5156 sicut

2386 5187 2635 5250 barbari;
2662 5187 2799 5239 sicut
2840 5186 2873 5239 ii
2902 5186 2988 5254 qui
3026 5185 3209 5241 Griece
3235 5187 3408 5241 sciunt
3436 5231 3451 5254 ,
3483 5186 3605 5242 hinc
3648 5204 3676 5243 a
3722 5189 3979 5250 barbaris

2387 5278 2773 5332 discernamur.
2802 5278 2893 5331 Dic
2916 5279 3053 5331 enim
3080 5278 3230 5343 mihi,
3257 5278 3398 5332 unde
3421 5282 3528 5332 noti
3558 5291 3687 5335 sunt
3712 5284 3929 5351 psittaci
3958 5290 3981 5339 1'

2390 5384 2567 5423 nonne
2595 5384 2658 5423 ex
2688 5383 2771 5429 eo,
2806 5369 2943 5435 quod
2976 5365 3239 5437 tamquam
3272 5370 3517 5425 homines
3542 5373 3823 5441 loquantur
3854 5379 3880 5431 ?
3910 5379 3983 5435 Ει

2390 5476 2485 5514 nos
2514 5474 2743 5529 quoquc,
2772 5461 2908 5513 sicut
2937 5461 3182 5527 apoStoli,
3214 5477 3277 5515 ex
3309 5462 3514 5531 loquela
3546 5466 3649 5517 uoti
3683 5466 3877 5531 simus,
3913 5488 3981 5525 ex

2391 5568 2453 5606 eo
2485 5552 2620 5621 quod
2670 5561 2725 5605 ut
2756 5552 2923 5621 angeli
2972 5552 3267 5621 loquantur.
3317 5553 3369 5607 Si
3401 5555 3518 5622 quis
3543 5554 3773 5621 dixerit,
3804 5558 3939 5613 Jura
3969 5581 3979 5617 :

2392 5645 2592 5710 audiat,
2624 5643 2867 5697 Christus
2904 5653 3063 5709 vetat,
3092 5654 3146 5698 et
3178 5660 3280 5697 non
3310 5645 3453 5713 juro.
3488 5646 3597 5699 lloe
3625 5649 3755 5701 Satis
3796 5661 3881 5703 est
3914 5655 3983 5706 ad

2392 5753 2603 5791 onmem
2628 5734 2977 5791 inducendam
3005 5737 3274 5790 virtutem.
3301 5736 3465 5791 Janua
3488 5738 3729 5807 quardam
3756 5751 3841 5795 est
3868 5746 3983 5811 pie-

2394 5832 2533 5893 tatis,
2567 5831 2647 5883 via
2680 5830 2743 5885 ad
2772 5829 3160 5901 philosophiam
3187 5829 3445 5902 (pictatis)
3470 5831 3749 5897 inducens,
3783 5836 3980 5901 palms-

2399 5936 2475 5981 tra
2503 5927 2763 5997 «perdam.
2798 5924 2918 5981 liter
2947 5924 3333 5993 custodiamus,
3372 5937 3424 5981 ut
3456 5927 3736 5998 praesentia
3763 5927 3987 5985 ctfutu-
