4074 6302
179 418 244 469 85
1210 402 1271 456 IN
1315 400 1487 456 ACTA
1532 395 2052 453 APOSTULURUM.
2099 398 2327 453 llOMlL
2374 398 2440 454 Χ.
3426 399 3494 453 8e,

169 551 222 587 ra
250 549 651 604 consequamur
695 532 835 587 bona
863 571 877 595 ,
903 528 1071 601 gratia
1112 535 1165 580 et
1194 524 1519 592 benignitate
1558 522 1771 576 Domini

171 636 333 679 nostri
362 624 489 680 Jesu
519 623 766 685 Christi,
800 619 1012 691 quicum
1051 615 1191 672 Patri
1234 628 1286 669 et
1316 613 1539 682 Spiritui
1585 621 1774 667 sancto

234 768 498 780 -ι--ο

1884 520 2075 591 gloria,
2108 520 2392 588 imperium
2422 562 2436 585 ,
2469 520 2663 584 honor,
2696 534 2834 573 nunc
2861 530 2915 574 et
2946 534 3164 591 semper
3188 560 3202 582 .
3226 526 3355 580 etin
3381 537 3481 575 sae-

1886 612 2005 666 cula
2031 612 2374 666 smeulorum.
2404 616 2592 665 Amen.

1580 819 1923 883 HOMILIA
1972 823 2057 883 X.

164 991 292 1046 Cn.
327 989 385 1044 4.
423 1004 474 1041 v.
521 988 574 1041 1.
618 980 964 1053 Loquentibus
1004 987 1170 1033 autem
1212 978 1317 1031 illis
1361 974 1430 1027 ad
1481 972 1728 1043 papulum
1753 1012 1766 1035 ,

233 1088 642 1151 supervenerunt
668 1081 956 1131 sacerdOtes
976 1081 1023 1125 et
1054 1070 1381 1141 magistratus
1413 1065 1606 1134 templi.

232 1174 285 1231 1.
331 1171 588 1227 Nondum
634 1184 663 1222 n
713 1166 978 1238 prioribus
1021 1162 1420 1231 reSpiravcrant
1462 1154 1757 1212 tentatioui-

167 1270 279 1328 bus.
308 1278 365 1321 et
396 1264 579 1321 statim
611 1264 664 1317 in
695 1262 829 1315 alias
861 1256 1183 1313 inciderunt.
1219 1254 1283 1308 Et
1307 1251 1430 1306 vide
1456 1291 1471 1314 ,
1499 1260 1770 1319 quomoao

164 1376 247 1415 res
285 1360 701 1428 dispensentur.
745 1352 925 1407 Primo
961 1364 1082 1404 eum
1118 1346 1368 1401 irrisione
1395 1341 1607 1410 excepti
1647 1346 1773 1394 sunt

164 1469 351 1507 omnes
379 1478 395 1517 ,
442 1466 541 1506 nec
571 1462 731 1518 parva
771 1453 888 1501 erat
931 1443 1047 1498 Ι]ωο
1074 1439 1297 1496 teutatio
1324 1455 1336 1491 :
1362 1433 1599 1491 secundo
1624 1474 1639 1499 ,
1670 1432 1767 1501 ipsi

164 1544 438 1616 coryphzei
469 1543 523 1595 in
559 1540 793 1610 pericula
837 1534 1093 1591 incidunt.
1124 1531 1239 1587 Non
1271 1528 1614 1584 continenter
1643 1537 1769 1579 vero

166 1639 272 1691 lnec
297 1635 415 1689 duo
439 1634 574 1689 facta
606 1639 751 1692 sunt,
780 1642 954 1698 neque
984 1624 1334 1692 simpliciter;
1364 1619 1457 1674 sed
1487 1628 1764 1688 postquam

167 1732 213 1782 in
260 1724 624 1783 conciouibus
669 1722 1016 1781 claruerant,
1066 1724 1124 1771 et
1172 1712 1484 1767 miraculum
1515 1722 1765 1778 magnum

164 1826 472 1888 intrarant;
508 1817 585 1869 sic
616 1813 832 1869 demum
864 1816 1137 1877 assumpta
1168 1803 1359 1859 tiducia
1380 1843 1394 1867 ,
1429 1802 1544 1856 Deo
1572 1814 1767 1854 conce-

163 1912 316 1964 dente
365 1906 667 1962 certamina
716 1905 921 1957 ineunt.
968 1900 1047 1953 Tu
1098 1912 1227 1950 vero
1273 1892 1400 1947 mihi
1450 1890 1720 1962 perpende
1750 1929 1764 1954 ,

162 2002 464 2074 quomodo,
500 2000 592 2069 qui
631 1996 959 2066 qumsieraut
987 1990 1318 2063 proditorem
1364 1985 1453 2056 qui
1494 1984 1763 2039 Christum

165 2095 398 2149 traderet
423 2136 437 2155 ,
474 2092 564 2146 hic
596 2090 696 2159 ipsi
731 2103 920 2142 manus
947 2083 1193 2153 injiciunt
1241 2080 1533 2134 ferociores
1564 2076 1685 2130 facti
1714 2084 1768 2128 et

166 2187 589 2258 impudentiores
641 2191 765 2254 post
814 2193 1051 2235 crucem.
1102 2175 1386 2229 Peccatum
1434 2170 1579 2225 enim
1635 2168 1763 2223 dum

166 2282 453 2349 parturitur
482 2320 497 2344 ,
549 2275 840 2345 quemdam
888 2272 1049 2324 habet
1098 2269 1396 2338 pudorem;
1431 2279 1552 2319 cum
1584 2272 1763 2316 autem

166 2373 455 2443 perfectum
509 2378 595 2423 est
620 2409 635 2433 ,
671 2364 1095 2436 impudentiores
1141 2360 1317 2415 reddit
1359 2369 1627 2412 auctores.
1657 2355 1766 2409 Cur

164 2477 329 2521 autem
379 2462 737 2531 magistratus
783 2454 1137 2523 supervenit?
1176 2452 1305 2505 Nam
1353 2450 1765 2517 Supervenerunt

165 2561 277 2625 ipsis
297 2556 594 2612 sacerdotes
622 2564 669 2607 et
713 2553 1042 2621 magistratus
1072 2547 1280 2615 templi,
1327 2545 1515 2614 inquit.
1552 2542 1619 2596 Ut
1646 2557 1764 2595 rur-

165 2668 245 2705 sus
264 2651 545 2721 poblicum
572 2648 777 2701 crimen
800 2644 965 2714 gestis
997 2642 1280 2705 inferrent,
1305 2648 1358 2693 et
1386 2653 1489 2691 non
1518 2645 1576 2690 ut
1596 2652 1765 2706 pecu-

165 2748 283 2799 liare
312 2755 365 2797 et
396 2742 673 2813 privatum
703 2738 1093 2793 ulciscerentur
1123 2751 1136 2786 :
1169 2732 1311 2803 quod
1338 2732 1535 2800 ubique
1585 2728 1762 2783 facere

165 2834 465 2889 studebant.
506 2830 565 2885 2.
601 2830 842 2885 Dolentes
885 2826 1020 2899 quod
1049 2826 1285 2879 docerent
1334 2821 1595 2892 papulum.
1646 2821 1761 2875 Mo-

167 2928 288 2981 leste
318 2925 616 2987 ferebant,
652 2938 756 2975 non
785 2918 946 2974 modo
974 2917 1113 2988 quod
1141 2918 1435 2979 docerent;
1478 2913 1571 2968 sed
1601 2913 1760 2967 etiam

167 3019 296 3089 quod
312 3018 570 3073 dicerent
588 3030 694 3069 non
712 3013 887 3068 solum
902 3013 1072 3081 ipsum
1093 3007 1472 3071 resnrrexisse,
1492 3005 1586 3060 sed
1600 3004 1762 3059 etiam

170 3127 254 3167 nos
271 3127 368 3182 per
386 3111 546 3165 illum
564 3115 965 3163 resurrecturos
984 3118 1121 3157 esse.
1134 3100 1282 3168 Quod
1298 3098 1551 3163 docerent,
1572 3096 1759 3166 inquit,

171 3207 427 3275 pupulum,
455 3216 504 3258 et
526 3201 890 3259 annuntiarent
916 3202 970 3256 in
997 3196 1126 3256 Jesu
1167 3194 1583 3255 resurrectionem
1624 3212 1763 3249 utor-

169 3307 385 3357 tuorum.
405 3296 480 3354 Ita
513 3295 705 3355 efﬁcax
732 3301 827 3355 fuit
853 3297 994 3352 illius
1017 3294 1359 3361 resurrectio,
1384 3301 1441 3347 ut
1466 3292 1624 3346 etiam
1648 3288 1766 3343 aliis

171 3406 346 3449 auctor
386 3392 455 3447 sit
489 3389 927 3447 resurrectionis.
970 3388 1021 3443 '5.
1058 3385 1121 3440 Et
1161 3386 1442 3455 injecerunt
1469 3383 1522 3435 in
1552 3398 1634 3436 eos
1658 3397 1766 3433 mu-

170 3506 253 3543 nus
275 3531 290 3555 ,
318 3497 368 3541 et
398 3493 679 3557 posuerunt
707 3498 792 3537 eos
819 3483 872 3536 in
904 3480 1185 3535 custodiam
1214 3480 1266 3531 in
1309 3464 1589 3531 crastinum
1613 3490 1631 3528 :
1659 3484 1766 3527 erat

172 3584 288 3636 enim
322 3583 447 3651 jam
500 3594 733 3648 vespera.
781 3575 827 3632 Ο
876 3574 1300 3645 impudentiam!
1351 3571 1541 3625 Adhuc
1588 3570 1768 3639 priore

172 3674 427 3746 sanguine
482 3671 670 3742 plenas
723 3684 915 3725 manus
966 3666 1283 3730 habebant,
1343 3679 1443 3719 nec
1489 3662 1770 3732 segniores

176 3779 358 3833 erant,
395 3766 496 3822 sed
531 3764 830 3834 iniecerunt
858 3762 1035 3817 denuo
1062 3759 1182 3814 illas
1207 3799 1223 3823 ,
1266 3766 1323 3812 ut
1364 3756 1470 3810 alio
1509 3752 1767 3824 sanguine

174 3861 455 3931 implerent
483 3875 498 3913 :
531 3857 611 3911 vel
640 3855 864 3909 fortasse
895 3854 1018 3923 quia
1050 3852 1124 3907 illi
1145 3852 1256 3921 jam
1284 3848 1626 3904 multitudine
1645 3862 1765 3901 cre-

175 3961 371 4014 verant,
404 3951 722 4013 timuerunt,
751 3946 979 4016 ideoque
998 3943 1344 4015 magistratus
1375 3940 1557 4009 templi
1588 3954 1769 4009 super-

174 4046 321 4099 venit.
357 4043 495 4097 Erat
537 4042 670 4094 enim
694 4080 709 4105 ,
742 4040 953 4109 inquit,
992 4040 1107 4105 jam
1139 4050 1365 4104 vespera.
1394 4030 1472 4086 llli
1518 4045 1645 4085 vero
1676 4044 1768 4085 ro-

176 4138 331 4192 lentcs
371 4150 473 4190 eos
521 4132 765 4201 mitigare
792 4171 807 4196 ,
849 4130 928 4184 sic
971 4127 1237 4184 faciebant
1263 4135 1319 4181 et
1355 4123 1763 4180 custodiebant:

174 4228 443 4297 apostolos
469 4236 652 4281 autem
680 4223 996 4279 audaciores
1020 4219 1278 4275 reddebat
1310 4232 1457 4273 mora
1486 4217 1763 4287 temporis.

176 4323 227 4377 Et
267 4321 397 4376 vide
437 4361 453 4387 ,
506 4317 724 4388 quinam
770 4311 1297 4384 comprehendantur
1334 4328 1349 4365 :
1397 4308 1765 4380 apostolorum

174 4412 439 4486 Coryphaei
467 4454 483 4475 ,
514 4409 635 4464 abis
663 4417 848 4480 postea
896 4403 1201 4474 exemplum
1247 4401 1371 4459 facti
1395 4442 1409 4467 ,
1442 4415 1509 4456 ne
1541 4400 1675 4455 ultra
1708 4414 1767 4454 se

175 4517 349 4560 mutuo
382 4504 690 4574 inquirant,
720 4514 893 4571 neque
921 4497 1279 4554 communiter
1316 4502 1493 4565 agant.
1526 4494 1579 4549 1.
1612 4492 1766 4547 Multi

176 4609 327 4651 autem
356 4611 541 4649 eorum
563 4635 577 4658 ,
624 4593 709 4661 qui
748 4591 1016 4645 audierant
1053 4588 1257 4642 verbum
1283 4628 1298 4652 ,
1325 4586 1648 4641 crediderunt
1671 4626 1687 4651 ,
1719 4594 1766 4638 et

175 4694 325 4757 {actus
353 4697 431 4742 est
461 4701 703 4740 numerus
734 4684 955 4737 virorum
983 4681 1180 4735 circiter
1204 4680 1423 4751 quinque
1452 4677 1633 4731 millia.

238 4780 381 4836 Petri
428 4780 481 4832 in
511 4775 861 4831 concionaude
902 4775 993 4827 vis.
1024 4772 1249 4840 ——Qnid
1296 4770 1435 4825 hoc?
1466 4785 1596 4825 num
1647 4769 1765 4824 illos

174 4874 487 4943 eonSpicnos
522 4868 814 4925 videbant?
847 4882 1021 4921 annon
1070 4865 1294 4936 ligatos?
1324 4863 1593 4934 quomodo
1623 4876 1756 4931 ergo

174 4960 559 5021 aediderunt?
592 4960 775 5015 Viden’
826 4957 1163 5014 manifestam
1213 4955 1554 5011 efficaciam?
1601 4954 1763 5024 Atqui

174 5072 293 5125 eos,
326 5056 421 5126 qui
470 5051 854 5113 crediderant,
902 5049 1185 5119 oportebat
1236 5044 1558 5101 inﬁrmiores
1604 5045 1758 5111 fieri;

174 5148 259 5203 sed
282 5164 388 5203 non
413 5146 485 5201 ita
516 5144 652 5199 fuit:
682 5143 821 5198 Petri
860 5156 1089 5212 namque
1112 5140 1299 5195 concio
1320 5138 1525 5193 semina
1550 5138 1602 5191 iu
1628 5153 1756 5207 pro-

176 5240 385 5296 fundum
432 5240 675 5310 iecerat,
727 5246 1069 5305 mentemque
1121 5235 1330 5289 illorum
1382 5233 1651 5289 affecerat.
1684 5230 1761 5284 llli

176 5347 296 5387 vero
315 5332 440 5386 ideo
463 5328 886 5392 succensebant,
916 5325 1056 5398 quod
1086 5341 1191 5380 non
1223 5325 1291 5379 ab
1319 5325 1425 5379 illis
1452 5333 1759 5378 metueren-

178 5439 274 5492 lnr,
292 5428 547 5496 quodque
564 5424 639 5479 illi
659 5421 940 5493 pra-sentin
960 5421 1097 5476 mala
1123 5435 1219 5489 pro
1237 5419 1403 5473 nihilo
1427 5425 1758 5487 reputarent.

177 5520 229 5574 Si
254 5521 396 5575 enim
420 5518 711 5573 crucifixus
733 5556 748 5581 ,
777 5512 1029 5578 aiebant,
1065 5512 1185 5565 talia
1214 5519 1467 5581 operatur
1488 5551 1501 5575 ,
1533 5520 1586 5563 et
1615 5510 1761 5563 clau-

176 5616 291 5670 dum
320 5613 500 5684 erigit,
531 5626 599 5665 ne
630 5609 913 5665 timeamus
957 5606 1096 5661 illos.
1134 5604 1247 5661 Hoc
1275 5619 1403 5674 ergo
1432 5619 1498 5657 cx
1525 5602 1619 5659 Dei
1649 5604 1763 5658 dis-

179 5708 481 5778 pensatione
528 5702 730 5758 factum
775 5711 876 5757 est.
936 5698 1070 5753 llinc
1110 5713 1241 5754 vero
1270 5698 1367 5762 lit,
1401 5698 1574 5764 utqui
1619 5712 1761 5753 nunc

180 5802 395 5857 credunt
423 5800 603 5869 plures
623 5796 751 5859 sint,
775 5809 932 5864 quam
960 5791 1186 5862 priores.
1226 5790 1455 5861 Ideoque
1476 5792 1756 5855 timentes,

182 5895 273 5951 illis
302 5892 604 5950 videntibus
634 5887 907 5960 aposwlos
940 5886 1187 5957 ligarant,
1228 5894 1284 5942 ut
1314 5884 1432 5939 illos
1461 5883 1757 5941 timidiores

1882 966 2187 1023 redderent.
2220 970 2388 1024 Secus
2420 977 2599 1025 autem
2627 970 2859 1036 accidit,
2902 986 3062 1041 quam
3096 972 3170 1027 illi
3202 970 3485 1027 volebant.

1880 1058 2113 1131 Ideoque
2146 1078 2249 1116 non
2282 1077 2462 1117 coram
2495 1064 2600 1119 illis
2633 1064 2778 1134 ipsos
2810 1066 3176 1137 interrogant,
3210 1066 3309 1122 sed
3338 1082 3490 1123 seor-

1878 1152 2012 1218 sim,
2048 1169 2113 1207 ne
2141 1168 2205 1208 ex
2254 1169 2443 1209 eorum
2491 1154 2741 1225 loquendi
2790 1157 3037 1213 libertate
3084 1157 3369 1213 auditores
3402 1158 3488 1212 lu-

1876 1258 2027 1298 crum
2071 1247 2350 1301 referrent.
2381 1248 2434 1303 5.
2494 1247 2711 1303 Factum
2742 1259 2814 1304 est
2858 1259 3029 1305 autem
3058 1250 3112 1305 in
3158 1252 3447 1305 crastinum
3471 1293 3486 1317 ,

1877 1346 1929 1388 ut
1950 1350 2378 1409 congregarentur
2421 1340 2675 1411 principes
2703 1358 2877 1396 eorum
2907 1353 2954 1396 et
2980 1344 3205 1398 seniores
3234 1353 3279 1396 et
3310 1343 3490 1398 scribi:

1876 1427 1928 1479 in
1957 1428 2283 1485 Jerusalem:
2328 1433 2379 1487 6.
2439 1443 2485 1487 et
2532 1433 2706 1489 Annus
2760 1437 2999 1505 princeps
3050 1436 3415 1502 sacerdotum,
3444 1444 3491 1489 ct

1876 1518 2096 1589 Caipltas
2123 1532 2165 1575 et
2186 1521 2412 1578 Joannes
2436 1536 2479 1578 et
2505 1526 2812 1591 Alexander,
2829 1537 2875 1580 et
2897 1538 3139 1597 quotquot
3156 1538 3307 1581 erant
3325 1528 3389 1581 de
3408 1545 3492 1596 ge-

1875 1628 1993 1666 nere
2036 1616 2361 1669 sacerdotali.
2415 1617 2620 1671 Rursus
2667 1619 2997 1673 conveniunt
3037 1619 3090 1674 in
3122 1634 3321 1673 unum.
3350 1618 3490 1673 Cum

1875 1707 1994 1762 aliis
2023 1708 2182 1762 etiam
2217 1709 2371 1765 malis
2415 1708 2516 1765 hoc
2546 1710 2733 1766 aderat
2754 1752 2768 1775 ,
2798 1711 2941 1782 quod
2973 1711 3057 1767 lex
3090 1728 3197 1767 non
3230 1728 3482 1768 servare-

1876 1808 1982 1853 tur.
2018 1800 2094 1855 Ac
2125 1816 2311 1855 rursus
2340 1802 2523 1871 judicii
2572 1802 2802 1857 formam
2833 1805 2962 1860 huic
2990 1807 3209 1874 negotio
3241 1804 3441 1860 indunt
3473 1846 3488 1867 .

1876 1898 1931 1942 ut
1960 1890 2155 1960 injusto
2181 1893 2383 1962 judicio
2415 1896 2601 1950 noxios
2635 1897 2752 1951 illos
2782 1896 3029 1951 reddant.
3060 1900 3113 1951 7.
3151 1897 3214 1951 Et
3245 1908 3488 1952 statuen-

1875 1990 1945 2033 tes
1972 1998 2054 2035 eos
2083 1983 2135 2035 in
2164 1984 2325 2037 medio
2348 2028 2362 2050 ,
2394 1986 2770 2057 interrogabant
2796 2003 2812 2041 :
2845 1986 2909 2041 In
2942 2004 3041 2059 qua
3068 1988 3280 2052 virtute,
3314 1997 3407 2040 aut
3436 2006 3489 2040 in

1871 2086 1970 2139 quo
2002 2075 2203 2127 nomine
2233 2077 2422 2143 fecistis
2470 2078 2563 2130 Itoc
2603 2079 2731 2133 vos?
2761 2080 2919 2148 Atqui
2953 2078 3005 2133 id
3032 2079 3278 2133 sciebant
3308 2098 3319 2134 :
3357 2095 3486 2133 nam

1873 2164 2147 2232 dolebant,
2181 2168 2353 2237 inquit
2376 2210 2390 2232 ,
2443 2171 2579 2239 quod
2607 2173 2967 2224 anmmtiarent
2994 2172 3046 2225 in
3087 2171 3215 2225 Jesu
3258 2188 3489 2226 resurre-

1871 2260 2107 2314 ctionem.
2139 2260 2262 2317 Ideo
2287 2258 2817 2333 comprehenderant
2847 2264 2989 2319 illos.
3022 2264 3129 2320 Cur
3148 2280 3279 2336 ergo
3302 2267 3477 2320 inter-

1871 2353 2101 2423 rogant?
2158 2354 2558 2424 Exspectabam
2618 2356 2739 2410 illos
2797 2368 3021 2427 propter
3076 2358 3477 2413 multitudinem

1874 2454 2163 2513 negaturos
2190 2460 2343 2511 esse,
2379 2454 2435 2499 et
2464 2447 2541 2501 sic
2573 2448 2833 2515 putabant
2860 2464 2919 2502 se
2950 2458 3120 2503 totum
3152 2450 3477 2505 emendatu-

1874 2554 1963 2593 ros
1990 2532 2131 2594 esse.
2162 2538 2299 2595 Vide
2329 2556 2458 2610 ergo
2484 2541 2611 2610 quid
2653 2541 2836 2596 dicant
2866 2560 2877 2595 :
2913 2541 2979 2595 In
3021 2559 3122 2612 quo
3156 2544 3358 2596 nomine
3385 2544 3480 2597 hoc

1873 2632 2068 2701 fecistis
2091 2632 2218 2685 vos?
2241 2634 2293 2687 8.
2314 2632 2459 2686 Tunc
2481 2634 2661 2687 l’rtrus
2689 2633 2909 2704 repletus
2933 2634 3323 2702 Spiritusancto
3346 2637 3477 2689 dixit

1869 2723 1938 2775 ad
1967 2740 2067 2776 eos.
2096 2722 2245 2779 Nunc
2266 2723 2551 2778 recordare
2585 2725 2870 2778 verborqu
2896 2724 3095 2779 Christi
3116 2725 3215 2795 (a).
3244 2724 3321 2798 [et
3346 2740 3480 2796 quo-

1871 2814 2032 2871 modo
2062 2816 2305 2870 evenerit
2328 2816 2376 2869 id
2408 2816 2549 2886 qttod
2582 2816 2793 2871 dicebat
2824 2834 2838 2869 :
2864 2814 2884 2887 ]
2920 2816 3047 2869 Cum
3079 2829 3249 2870 autem
3280 2819 3482 2871 tradent

1871 2925 1957 2962 vos
2000 2910 2051 2961 iu
2080 2911 2352 2980 synagogis
2376 2952 2387 2973 ,
2426 2926 2487 2963 ne
2528 2910 2737 2962 solliciti
2784 2910 2896 2963 sitis
2927 2910 3180 2980 quomodo
3221 2920 3308 2962 aut
3354 2888 3479 2980 quid

1871 3002 2147 3071 loquamini
2176 3019 2192 3054 :
2226 3004 2452 3073 Spiritus
2479 3004 2609 3055 enim
2640 3001 2811 3055 Patris
2844 3004 2993 3056 vestri
3025 3013 3118 3067 est,
3144 3004 3231 3073 qui
3257 3003 3480 3073 loquitur

1870 3099 1921 3149 in
1954 3097 2089 3150 vobis
2122 3098 2138 3164 (
2167 3095 2291 3148 Luc.
2327 3095 2411 3149 12.
2450 3098 2532 3151 11.
2573 3096 2639 3149 1'2
2663 3094 2703 3164 ).
2760 3095 2900 3164 Ergo
2950 3110 3196 3164 magnam
3250 3109 3479 3163 accepe-

1874 3196 1994 3243 rant
2038 3188 2352 3242 efficaciam.
2406 3187 2542 3254 Quid
2590 3202 2719 3240 vero
2764 3188 2945 3253 dicat,
2990 3188 3152 3239 audi:
3208 3185 3479 3256 Principes

1874 3284 2083 3354 populi,
2133 3293 2179 3337 et
2224 3283 2444 3337 seniores
2501 3282 2686 3337 Israel.
2730 3282 2859 3336 Vide
2909 3282 3301 3351 philosophiam
3349 3284 3479 3348 viri,

1872 3388 1926 3433 et
1977 3376 2247 3448 quomodo
2293 3376 2480 3431 liducia
2526 3376 2718 3445 plenus
2759 3374 2887 3428 nihil
2943 3374 3337 3429 contumeliose
3393 3374 3479 3428 di-

1870 3478 1986 3533 cat,
2022 3469 2126 3523 ‘sed
2159 3483 2281 3523 cum
2314 3468 2420 3521 lion
2444 3482 2519 3520 ire
2554 3485 2563 3519 :
2604 3466 2869 3534 Principes
2916 3466 3127 3535 populi,
3181 3466 3389 3535 inquit,
3423 3478 3471 3520 et

1872 3561 2093 3615 seniores
2121 3560 2319 3615 Israel:
2342 3560 2393 3616 9.
2422 3561 2467 3614 si
2490 3576 2580 3614 nos
2603 3560 2753 3613 hodie
2773 3559 3122 3624 diiudicamur
3144 3560 3196 3611 in
3218 3559 3481 3628 benefacta

1873 3653 2091 3707 hominis
2121 3653 2311 3720 inﬁrmi
2330 3693 2345 3718 ,
2380 3654 2429 3704 in
2461 3668 2559 3722 quo
2588 3652 2680 3704 iste
2697 3651 2865 3705 salvus
2898 3654 3065 3721 {actus
3098 3660 3171 3704 est
3199 3692 3213 3715 ,
3251 3651 3338 3705 10.
3375 3668 3475 3705 ηο-

1875 3754 1979 3797 tum
2010 3746 2072 3797 sit
2117 3744 2287 3807 vobis,
2322 3754 2368 3796 et
2415 3744 2554 3797 onmi
2599 3742 2733 3812 plebi
2774 3740 2960 3796 Israel.
3014 3741 3246 3798 Strenue
3287 3744 3407 3797 illos
3450 3761 3479 3800 a

1874 3835 2137 3906 principio
2165 3835 2477 3904 perstringit
2504 3843 2559 3888 et
2583 3834 2796 3902 carpit;
2832 3833 2940 3887 imo
2964 3833 3069 3887 illis
3096 3834 3273 3902 priora
3294 3836 3347 3889 in
3368 3852 3480 3889 me-

1875 3930 2098 3984 moriam
2131 3936 2380 3993 revocat,
2425 3927 2565 3997 quod
2620 3927 2738 3981 illos
2767 3926 2836 3981 de
2878 3926 3143 3982 beneflcio
3180 3928 3232 3982 iu
3260 3928 3350 3998 jus
3379 3946 3477 3983 vo-

1873 4030 2033 4087 cent,
2062 4036 2123 4074 ac
2156 4020 2198 4074 si
2242 4020 2448 4074 diceret
2480 4038 2491 4072 :
2526 4019 2721 4089 Utique
2757 4019 3049 4089 Oportebat
3080 4035 3178 4075 nos
3206 4021 3306 4075 hac
3328 4021 3395 4076 de
3423 4038 3479 4077 re

1874 4114 2159 4179 coronari,
2193 4125 2354 4183 atque
2386 4121 2445 4168 ut
2482 4112 2752 4168 beneficos
2798 4113 3170 4183 promulgari;
3206 4130 3350 4170 nunc
3379 4131 3476 4167 au-

1875 4215 1981 4262 tem
2015 4207 2066 4262 in
2094 4207 2181 4276 jus
2205 4221 2479 4271 vocamur,
2522 4206 2643 4276 quia
2678 4206 2817 4261 bene
2845 4205 3072 4261 fecimus
3096 4206 3296 4261 homini
3320 4206 3475 4261 infir—

1876 4316 1984 4365 mo,
2006 4315 2111 4355 non
2137 4300 2363 4370 potenti,
2388 4315 2491 4353 non
2512 4298 2699 4365 nobili;
2723 4314 3053 4371 quamquam
3073 4300 3200 4355 etin
3234 4299 3337 4356 hoc
3357 4317 3406 4371 q-
3434 4302 3477 4356 is

1874 4392 2190 4448 invidisset?

1943 4486 1996 4539 2.
2018 4485 2202 4555 Magna
2218 4485 2479 4555 gravitate
2504 4482 2785 4539 exordium
2830 4482 3047 4552 plenum
3070 4492 3173 4539 est.
3196 4483 3331 4538 llinc
3346 4499 3473 4538 vero

1873 4580 2173 4635 ostenditur
2208 4579 2353 4647 ipsos
2376 4592 2496 4631 sese
2522 4575 2679 4630 malis
2706 4575 3001 4645 implicare.
3028 4576 3160 4641 Quia
3183 4576 3235 4628 in
3266 4576 3474 4629 nomine

1873 4671 1999 4726 Jesu
2026 4670 2212 4725 Clu-isti
2237 4668 2519 4723 Nazareni.
2545 4667 2699 4734 Quod
2741 4666 2863 4723 illos
2902 4667 3137 4721 maxime
3175 4666 3472 4720 contrista-

1874 4766 1984 4831 bat,
2019 4764 2217 4834 adjicit.
2263 4764 2373 4819 lloc
2418 4771 2555 4827 erat,
2596 4760 2736 4831 quod
2778 4761 2991 4815 dicebat
3032 4759 3136 4814 illis
3180 4760 3467 4814 Christus:

1878 4852 2034 4919 Quod
2051 4856 2107 4910 in
2124 4868 2252 4907 aure
2277 4855 2492 4907 audistis
2518 4896 2532 4920 ,
2586 4853 2861 4922 prwdicate
2891 4867 3045 4920 super
3071 4861 3200 4903 tecta
3242 4850 3468 4920 (Matth.

1874 4952 1959 5006 10.
1988 4951 2112 5019 ΞἹ).
2147 4950 2207 5003 ln
2240 4950 2441 5003 nomine
2483 4947 2607 5002 Jesu
2654 4945 2846 5001 Clu-isti
2879 4944 3177 5011 Nazareni,
3215 4960 3364 5017 quem
3384 4960 3470 4998 vos

1870 5045 2213 5113 cruci/irrisus,
2233 5060 2379 5111 queat
2398 5040 2535 5095 Deus
2558 5041 2815 5095 suscitavit
2834 5057 2896 5093 ea;
2921 5040 3154 5103 mortuis,
3176 5038 3227 5091 in
3253 5038 3465 5116 hoc'iste

1870 5138 2036 5191 adstat
2068 5153 2238 5190 corant
2276 5136 2409 5188 vobis
2435 5152 2611 5188 sanus.
2639 5133 2717 5187 Ne
2748 5133 2965 5203 putetis,
2997 5132 3169 5201 inquit
3191 5173 3208 5197 ,
3239 5146 3337 5185 nos
3367 5146 3461 5186 oc-

1870 5229 2077 5285 cultare
2101 5228 2320 5298 patriam
2342 5227 2425 5281 vel
2455 5225 2780 5295 passionem.
2805 5223 2963 5290 Quem
2982 5240 3067 5277 vos
3086 5224 3223 5276 cruci
3231 5222 3417 5291 ﬁxistis
3438 5264 3453 5286 ,

1869 5340 2013 5393 quem
2040 5321 2175 5376 Deus
2202 5321 2534 5374 suscitavitex
2551 5318 2781 5381 mortuis,
2800 5318 2850 5369 in
2869 5317 2962 5369 hoc
2982 5316 3068 5369 ille
3096 5316 3263 5368 adstat
3290 5330 3465 5373 coram

1870 5417 2007 5471 vobis
2033 5434 2206 5471 sanus.
2256 5415 2449 5469 lterum
2503 5413 2723 5483 passio,
2764 5413 2960 5465 iterum
2991 5410 3338 5464 resurrectio.
3374 5410 3464 5464 11.

1875 5510 1971 5564 Hic
2002 5520 2070 5567 est
2106 5510 2269 5579 lapis,
2301 5509 2391 5578 qui
2419 5508 2716 5577 reprobatus
2748 5517 2819 5559 est
2846 5522 2877 5556 a
2908 5504 3044 5557 vobis
3071 5502 3464 5569 mdi/‘icantibus,

1869 5604 1955 5673 qui
1981 5606 2142 5673 factus
2184 5612 2254 5655 est
2288 5603 2338 5654 in
2378 5610 2531 5671 caput
2572 5598 2750 5669 anguli
2774 5596 2943 5666 (I’sal.
2976 5597 3098 5650 117.
3132 5594 3244 5664 22).
3274 5594 3329 5647 In
3354 5610 3466 5649 nte-

1872 5695 2094 5747 moriam
2143 5693 2273 5762 ipsis
2320 5700 2539 5746 revocat
2592 5690 2854 5751 verbum,
2902 5681 3043 5755 quod
3096 5694 3298 5741 terrere
3344 5683 3468 5745 illos

1935 5872 1952 5905 ί
1987 5880 2097 5925 Qua:
2125 5871 2311 5920 uncinis
2331 5870 2638 5925 clauduntur,
2668 5882 2793 5918 unus
2819 5880 2912 5916 non
2936 5866 3103 5915 habet.
