4088 6326
656 404 725 459 tu
1398 391 1456 449 s.
1492 387 1768 447 JOANNIS
1805 378 2277 443 CIlRYSOSTOMt
2316 382 2634 442 ARCHIEP.
2678 386 3209 450 CUNSTANTINOP.
3872 407 3944 463 gs

632 522 857 587 posset.
885 511 1016 568 Nam
1045 507 1157 564 ait:
1195 508 1295 576 Qui
1331 504 1563 560 ceciderit
1598 517 1750 573 super
1792 499 2013 567 lapidem
2063 496 2196 550 hunc
2218 535 2232 557 ,

652 606 1031 676 confringatur;
1056 616 1208 672 super
1230 614 1378 672 quem
1416 612 1532 652 vero
1556 593 1821 659 ceciderit,
1861 597 2082 645 conteret
2113 604 2229 642 eum

652 697 883 769 (Matth.
909 697 1001 755 2t.
1031 695 1101 751 44
1121 698 1160 765 ).
1192 692 1280 749 19.
1312 690 1377 745 Et
1424 705 1523 743 non
1552 696 1623 741 est
1649 685 1703 740 iu
1728 683 1829 739 alio
1858 682 2033 753 aliqua
2071 678 2231 769 salus.

654 768 848 861 Quales
899 796 1053 858 putas
1078 799 1145 841 ex
1188 782 1273 839 his
1320 781 1498 836 verbis
1542 778 1663 834 illos
1694 775 1876 848 plagas
1923 768 2236 843 accepisse?

656 881 763 935 A‘ec
798 880 931 934 enim
968 877 1113 932 aliud
1138 890 1319 929 nomen
1342 881 1419 928 est
1442 870 1533 925 sub
1559 870 1686 925 ctelo
1712 868 1886 922 datum
1910 865 2230 933 hominibus,

650 973 702 1026 in
727 948 827 1044 quo
849 979 1082 1040 oporteat
1106 984 1198 1023 nos
1221 967 1387 1022 salvos
1416 964 1550 1033 ﬁeri.
1582 963 1679 1018 Hic
1700 968 1755 1017 et
1779 958 2027 1016 sublimia
2052 958 2231 1029 loqui-

652 1076 759 1119 tur.
784 1059 1013 1131 Quando
1035 1059 1177 1116 enim
1206 1072 1313 1112 non
1333 1064 1418 1112 est
1436 1052 1635 1125 aliquid
1659 1051 1915 1124 praeclare
1936 1048 2227 1121 agendum,

650 1154 743 1209 sed
778 1163 978 1208 tantum
1024 1165 1146 1206 cum
1193 1148 1442 1203 libertate
1484 1143 1809 1217 loquendum
1833 1185 1847 1208 ,
1878 1156 1984 1197 non
2016 1141 2185 1210 parcit
2215 1156 2228 1191 :

650 1261 754 1300 rion
784 1244 926 1299 enim
960 1240 1178 1297 timebat
1198 1280 1212 1305 ,
1244 1254 1311 1295 ne
1351 1237 1763 1309 perstringeret.
1803 1233 1912 1288 Nec
1936 1231 2073 1286 dixit
2096 1230 2228 1284 sim-

649 1335 876 1406 pliciter,
907 1334 1009 1390 Per
1035 1330 1362 1398 alium;sed,
1396 1328 1520 1385 Non
1548 1338 1619 1384 est
1645 1328 1698 1381 in
1724 1326 1828 1381 alio
1857 1324 2025 1395 aliqua
2057 1323 2192 1379 salus
2210 1335 2231 1375 :

648 1428 930 1482 declarans
962 1424 1104 1495 quod
1137 1423 1224 1478 hic
1256 1437 1353 1477 nos
1384 1430 1563 1492 potest
1604 1432 1851 1484 servare,
1906 1426 2068 1487 atque
2124 1414 2227 1468 illis

644 1518 802 1571 simul
834 1527 1095 1571 terrorem
1129 1516 1469 1568 incussuruss
1498 1512 1586 1566 15.
1628 1508 1865 1563 Videntes
1892 1517 2061 1561 autem
2093 1504 2229 1559 Petri

643 1610 979 1662 constantiam
1003 1615 1050 1660 et
1075 1605 1293 1659 Joannis
1312 1644 1325 1668 ,
1367 1615 1622 1673 comperto
1650 1600 1786 1671 quod
1815 1600 2043 1653 homines
2069 1604 2229 1652 essent

642 1703 751 1756 sine
778 1700 937 1755 literis
957 1709 1004 1753 et
1032 1699 1223 1765 idiotaz',
1248 1696 1655 1761 admirabantur,
1674 1703 1721 1747 et
1737 1690 2099 1763 cognoscebant
2122 1705 2223 1754 eos,

636 1797 759 1866 quia
776 1811 886 1848 cum
897 1792 934 1847 J
938 1810 1022 1847 esu
1044 1793 1263 1861 fuerant.
1285 1787 1652 1860 thuomodo,
1673 1788 1864 1857 inquit,
1896 1783 2130 1839 illiterati
2151 1782 2222 1836 illi

645 1898 699 1942 et
727 1887 868 1956 ipsos
882 1896 935 1941 et
950 1900 1189 1940 summos
1213 1883 1519 1939 sacerdotes
1541 1880 1805 1935 rhetorica
1834 1893 1928 1933 sua
1951 1873 2227 1932 vicerunt?

645 1978 757 2033 Non
783 1978 880 2047 ipsi
907 1976 1279 2046 loquebantur,
1294 1972 1387 2029 sed
1415 1987 1508 2041 per
1536 1986 1629 2026 eos
1656 1971 1827 2041 gratia
1850 1967 2103 2038 Spiritus.
2134 1967 2220 2021 ﬂ.

645 2070 1030 2141 Hominemque,
1058 2068 1141 2138 qui
1158 2074 1366 2121 sanatus
1387 2065 1573 2134 fuerat,
1597 2079 1712 2116 cum
1733 2062 1803 2116 eis
1823 2070 1959 2115 stare
1981 2060 2220 2123 videntes,

642 2162 770 2217 nihil
792 2171 1017 2231 poterant
1044 2158 1405 2213 contradicere.
1431 2156 1615 2225 Magna
1640 2154 1875 2208 hominis
1897 2151 2220 2212 constantia,

641 2268 697 2312 ut
724 2257 897 2327 palam
923 2262 1006 2311 est
1024 2269 1091 2310 ex
1121 2267 1188 2308 eo
1209 2294 1225 2321 ,
1257 2249 1398 2322 quod
1430 2250 1482 2304 in
1506 2250 1624 2318 ipso
1644 2246 1830 2317 judicii
1860 2246 1978 2300 loco
2006 2259 2109 2298 non
2138 2258 2224 2298 rc-

638 2349 905 2419 linqneret
930 2362 1025 2403 eos
1055 2363 1068 2401 :
1117 2347 1187 2401 ita
1218 2354 1277 2399 ut
1300 2345 1343 2399 si
1374 2342 1449 2400 illi
1479 2340 1775 2406 dixissent,
1809 2353 1916 2394 non
1946 2339 2018 2392 ita
2049 2351 2107 2392 se
2134 2351 2221 2392 res

645 2439 801 2494 habet
826 2478 842 2505 ,
874 2437 961 2493 ille
989 2435 1367 2505 redarguisset.

711 2529 1063 2599 Apostolorum
1089 2528 1265 2582 uirtus.
1295 2524 1468 2581 -15.
1490 2524 1762 2579 Iusserunt
1780 2531 1948 2577 autem
1973 2538 2055 2577 eos
2079 2521 2220 2592 foras

636 2632 780 2676 extra
797 2619 1068 2675 concilium
1087 2617 1315 2672 secedere
1330 2632 1350 2672 :
1374 2627 1420 2670 et
1440 2616 1757 2684 conferebant
1774 2615 1842 2667 ad
1868 2614 2096 2679 invicem,
2125 2613 2213 2669 16.

635 2714 857 2768 dicentes
880 2726 899 2766 :
929 2709 1064 2777 Quid
1089 2710 1333 2781 faciemus
1359 2708 1643 2762 hominibus
1660 2707 1809 2761 istis?
1836 2704 1998 2761 Vides
2018 2748 2031 2771 ,
2058 2720 2219 2774 quam

635 2807 821 2863 incerti
851 2806 991 2861 sint?
1018 2805 1167 2859 vides
1193 2802 1483 2857 humanum
1514 2800 1760 2857 timorem
1786 2799 1963 2853 omnia
1993 2812 2223 2867 operan-

634 2898 780 2953 tem?
812 2897 879 2954 Ut
900 2911 1018 2965 qum
1048 2895 1292 2950 Christus
1321 2892 1641 2963 operabatur
1670 2891 1981 2946 subvertere
2004 2889 2083 2943 vel
2115 2888 2215 2943 ob-

632 3002 850 3044 scurare
880 3003 983 3043 non
1018 2992 1282 3057 poterant,
1308 2984 1403 3038 sed
1425 2983 1530 3037 illis
1557 2991 1741 3037 contra
1769 2980 2056 3035 nitentibus
2084 2978 2215 3034 fides

633 3082 798 3152 magis
828 3079 1158 3150 augebatur:
1190 3077 1267 3132 sic
1297 3084 1350 3130 et
1374 3088 1515 3129 nunc
1544 3074 1741 3128 evenit.
1772 3069 1911 3140 Quid
1934 3071 2217 3143 faciemus?

630 3172 674 3227 Ο
700 3171 1085 3242 insipientiam,
1123 3165 1262 3238 quod
1305 3165 1423 3221 illos
1464 3172 1584 3234 post
1618 3163 1894 3234 degustata
1924 3164 2214 3217 certamina

630 3264 817 3320 terreri
851 3261 1133 3333 putabant;
1167 3261 1273 3315 imo
1300 3260 1343 3313 si
1373 3273 1493 3313 cum
1526 3256 1674 3311 initio
1709 3255 1839 3311 nihil
1883 3257 2211 3325 potuissent,

632 3366 749 3424 post
778 3362 979 3410 tantam
1024 3351 1232 3409 dicendi
1264 3350 1566 3406 facultatem
1595 3347 1971 3404 existimabant
2007 3363 2067 3402 se
2108 3346 2211 3402 ali-

626 3447 753 3517 quid
780 3460 898 3500 esse
925 3444 1175 3499 facturos.
1210 3443 1420 3513 Quanto
1444 3442 1600 3511 igitur
1626 3441 1795 3509 magis
1834 3439 2093 3508 impedire
2114 3454 2211 3492 vo-

628 3537 805 3591 lebant
825 3577 841 3600 ,
884 3545 1029 3591 tanto
1054 3535 1221 3604 magis
1244 3546 1331 3589 res
1348 3533 1695 3601 augebantur.
1732 3530 1987 3599 Quoniam
2009 3532 2211 3602 quidem

627 3638 801 3682 notum
826 3628 1024 3696 signum
1053 3629 1244 3697 factum
1268 3633 1339 3680 est
1367 3641 1457 3695 per
1486 3640 1587 3686 eos,
1617 3624 1847 3677 erunibus
1870 3622 2211 3692 habitantibus

624 3719 908 3775 Jerusalem
928 3720 1275 3791 manifestum,
1294 3726 1343 3772 et
1362 3734 1462 3771 non
1484 3732 1749 3786 possumus
1765 3725 1965 3786 negare.
1991 3717 2079 3771 17.
2105 3716 2210 3772 Sed

626 3828 688 3865 ne
711 3811 933 3881 amplius
960 3808 1246 3878 divulgetur
1263 3809 1316 3862 in
1346 3806 1608 3877 papulum,
1639 3808 2002 3886 comminemur
2030 3807 2120 3873 eis,
2148 3823 2211 3861 ne

627 3904 761 3958 ultra
790 3905 1063 3975 loquantur
1085 3903 1137 3956 in
1159 3902 1358 3956 nomine
1387 3901 1480 3955 hoc
1501 3901 1591 3954 ulli
1612 3901 1889 3956 hominum.
1916 3900 2002 3957 18.
2030 3900 2096 3954 Et
2122 3917 2208 3955 ro-

625 4005 794 4050 cantes
822 4013 905 4051 cos
932 3996 1347 4050 denuntiauerunt
1376 4010 1439 4048 ne
1472 3994 1676 4047 omnino
1707 3995 2027 4063 loquerentur
2049 4010 2210 4063 neque

625 4087 858 4141 docerent
883 4087 935 4139 in
964 4086 1165 4141 nomine
1188 4085 1331 4139 Jesu.
1378 4084 1508 4140 Vide
1539 4086 1751 4139 illorum
1787 4084 2167 4154 impudentiam
2188 4130 2203 4153 ,

623 4189 679 4233 ct
704 4180 1066 4249 apostolorum
1091 4179 1497 4250 phil050phiam.
1526 4179 1608 4235 19.
1643 4178 1827 4234 Petrus
1848 4195 1964 4234 vero
1984 4189 2030 4232 et
2054 4178 2209 4235 Joan-

626 4287 713 4324 nes
735 4270 1108 4339 respondentes,
1133 4272 1363 4326 dixeruut
1389 4272 1456 4324 ad
1476 4287 1558 4325 eos
1588 4287 1605 4325 :
1632 4271 1691 4326 Si
1716 4273 1904 4337 iustum
1930 4280 1999 4325 est
2021 4271 2072 4325 in
2097 4288 2213 4325 cou-

626 4371 799 4429 spcctu
823 4359 931 4425 Dei,
964 4376 1049 4414 vos
1070 4362 1236 4431 potius
1266 4362 1443 4415 audire
1466 4378 1617 4431 quam
1642 4360 1826 4425 Deum,
1846 4362 2095 4431 judicate.
2114 4362 2204 4417 20.

632 4450 742 4505 Nos
768 4468 867 4506 non
898 4468 1180 4523 possumus,
1212 4469 1326 4519 quw
1355 4453 1569 4507 vidimus
1594 4462 1640 4506 et
1667 4453 1969 4519 audivimus,
2005 4469 2104 4507 non
2127 4454 2205 4507 lo-

624 4543 727 4612 qui.
757 4542 848 4597 21.
875 4543 938 4596 At
962 4544 1038 4596 illi
1075 4544 1431 4597 comminantes
1478 4545 1770 4598 dimiserunt
1797 4561 1910 4611 eos,
1940 4561 2041 4599 non
2064 4545 2206 4600 inve-

627 4634 849 4702 nientes,
876 4634 1128 4699 quomodo
1168 4636 1402 4704 punireut
1440 4651 1523 4687 eos
1544 4677 1556 4697 ,
1588 4645 1791 4702 promer
1827 4636 2090 4703 pOpulum.
2120 4634 2205 4689 Si-

628 4725 846 4779 lentium
896 4725 998 4779 illis
1052 4725 1383 4794 imperabant
1438 4725 1721 4791 miracula,
1776 4738 1839 4779 ac
1879 4733 2060 4793 postea
2102 4741 2208 4780 non

630 4816 960 4885 patiebantur
982 4817 1099 4873 illos
1120 4817 1340 4887 implere
1361 4832 1661 4872 sermonem
1686 4834 1699 4882 ;
1727 4817 1819 4871 sed
1846 4817 2058 4871 interim
2081 4832 2211 4872 con-

631 4908 905 4963 tumeliose
927 4908 1212 4963 admodum
1234 4911 1372 4973 illos,
1392 4926 1459 4963 ne
1480 4910 1845 4981 loquerentur,
1866 4909 2207 4967 cohibebant.

634 5001 765 5065 Quia
786 5017 957 5054 omnes
982 5000 1327 5069 cluriﬁcabaut
1359 5000 1521 5054 Deum
1546 5003 1595 5055 in
1625 5020 1702 5069 eo,
1731 5004 1867 5072 quod
1889 5009 2075 5074 factum
2099 5007 2211 5075 fue-

628 5102 724 5145 rat.
756 5091 851 5145 ‘22.
879 5092 1140 5145 Annorum
1163 5092 1293 5145 enim
1320 5102 1422 5144 crat
1446 5093 1663 5159 amplius
1684 5093 2020 5164 quadraginta
2037 5095 2207 5162 homo,

629 5186 679 5236 in
706 5202 801 5253 quo
824 5186 1011 5253 factum
1042 5188 1205 5256 fuerat
1236 5186 1436 5255 signum
1469 5185 1561 5238 hoc
1582 5188 1827 5240 sanitatis.
1852 5187 1953 5242 Sed
1984 5202 2068 5251 ea,
2091 5202 2210 5257 qua:

630 5292 784 5347 supra
815 5278 950 5331 dicta
984 5286 1127 5341 sunt,
1161 5288 1481 5347 repetamus.
1513 5277 1590 5349 (a)
1622 5278 1756 5346 Quid
1777 5280 2020 5348 faciemus
2050 5280 2209 5332 hami--

633 5371 780 5423 nibus
824 5370 970 5423 istis?
1017 5370 1196 5424 Primo
1241 5369 1399 5439 igitur
1428 5381 1645 5440 propter
1669 5372 1892 5441 gloriam
1925 5372 2211 5427 humanam

633 5463 809 5515 onnzia
844 5461 1136 5527 faciebant;
1170 5470 1308 5516 nunc
1334 5473 1508 5516 autem
1538 5465 1912 5535 aliudqueque
1940 5467 1989 5519 in
2022 5481 2213 5537 propo-

629 5554 729 5606 sito
761 5560 908 5616 erat,
948 5562 1009 5606 ut
1046 5568 1110 5607 ne
1154 5554 1462 5608 viderentur
1511 5556 1833 5624 sanguinarii
1872 5572 2025 5617 esse;
2071 5558 2213 5628 quod

633 5656 813 5716 postea
842 5644 1089 5701 dicebant
1118 5665 1131 5700 :
1170 5646 1334 5701 Vultis
1364 5648 1599 5702 inducere
1623 5665 1774 5719 super
1803 5665 1892 5703 nos
1918 5652 2212 5721 sanguinem

691 5779 764 5849 ta)
800 5777 891 5849 Hie
917 5787 968 5830 et
992 5779 1129 5843 infra,
1172 5778 1319 5831 multa
1352 5782 1557 5833 deerant
1601 5783 1648 5833 in
1681 5783 1842 5834 Morel.
1880 5797 1987 5847 qum
2012 5798 2073 5836 ex
2098 5792 2204 5835 uss.

630 5848 746 5890 mu
756 5848 967 5893 tuantur.

2343 494 2560 553 hominis
2584 499 2768 555 istius?
2795 500 3168 562 Commiuemur
3196 510 3295 572 eis,
3333 526 3395 565 ne
3420 513 3554 567 ultra
3579 516 3860 585 loquantur
3887 527 3939 574 in

2341 590 2541 645 nomine
2578 591 2673 646 hoc
2708 595 2805 649 ulli
2844 596 3124 653 hominum.
3157 601 3204 657 Ο
3242 603 3634 675 insipientiam!
3683 613 3940 669 Pecs-nasi

2339 682 2479 752 quod
2502 686 3034 753 resurrexisset,cum
3051 691 3183 750 ‘hine
3203 710 3572 767 argumentum
3595 706 3941 772 accepissent

2339 773 2511 846 ipsum
2540 790 2663 832 esse
2696 778 2883 843 Deum,
2916 795 3038 837 eum
3068 786 3157 852 qui
3186 802 3215 838 a
3246 799 3419 845 morte
3442 791 3671 852 detineri
3700 813 3812 853 non
3841 815 3941 869 po-

2337 874 2530 962 tuerat,
2559 871 2668 926 suis
2702 875 2962 931 machinis
2981 877 3222 936 cohiberi
3247 899 3403 952 posse
3421 890 3771 956 sperabant‘.
3792 893 3939 962 Quid

2338 958 2461 1017 huic
2483 964 2702 1019 insanim
2726 970 2857 1036 par?
2881 971 2943 1026 Et
2969 988 3035 1027 ne
3056 975 3266 1031 mireris
3293 979 3434 1048 quod
3461 995 3568 1046 res,
3594 998 3714 1052 quze
3739 958 3940 1055 perlici

2337 1068 2441 1108 non
2473 1065 2738 1150 poterant,
2769 1061 2956 1118 iterum
2975 1074 3260 1123 attentent.
3286 1069 3601 1140 Hujnsmodi
3625 1086 3709 1133 est
3732 1080 3938 1150 iniqui-

2336 1152 2455 1201 tas:
2485 1147 2615 1203 nihil
2660 1155 2905 1222 respicit,
2948 1157 3043 1213 sed
3072 1160 3265 1229 ubique
3304 1165 3674 1222 tumultuatur.
3705 1147 3942 1229 Moleste

2333 1239 2476 1293 enim
2512 1239 2773 1309 ferentes,
2817 1246 2885 1300 ita
2921 1247 3100 1305 allecti
3134 1263 3323 1320 erant,
3364 1265 3419 1309 ut
3458 1256 3503 1312 si
3538 1256 3746 1331 decepti
3796 1264 3938 1320 fuis-

2330 1336 2453 1418 sent
2484 1331 2538 1394 ²;
2576 1332 2717 1400 quod
2760 1336 2953 1393 accidit
2993 1339 3092 1404 iis,
3132 1343 3221 1410 qui
3263 1351 3616 1418 praeoccupati
3648 1361 3704 1405 et
3745 1354 3937 1409 luditi-

2332 1417 2435 1472 cati
2476 1432 2603 1477 sunt
2644 1424 2696 1479 in
2738 1426 2911 1497 aliqua
2956 1443 3035 1492 re.
3086 1431 3165 1485 Illi
3208 1435 3349 1489 enim
3391 1417 3590 1510 ubique
3634 1442 3937 1511 dicebant,

2332 1513 2472 1581 quod
2517 1514 2657 1570 Deus
2699 1516 2869 1588 ipsum
2899 1522 3242 1598 suscitassct,
3274 1528 3417 1596 quod
3449 1529 3500 1583 in
3543 1535 3760 1590 nomine
3799 1537 3940 1592 Jesn

2332 1602 2420 1659 hic
2447 1605 2681 1662 adstaret
2718 1623 2909 1679 sanus,
2950 1616 3296 1673 ostendentes
3327 1634 3454 1676 vere
3493 1627 3800 1683 surrexisse
3842 1629 3939 1684 Je-

2331 1709 2470 1751 sum.
2502 1697 2751 1769 Alioquin
2791 1717 2919 1757 vero
2950 1704 3047 1774 ipsi
3087 1711 3297 1779 quoque
3324 1717 3781 1772 resurrectionem
3808 1736 3941 1776 esse

2330 1788 2624 1857 putabant,
2670 1790 3098 1865 frigideqnidem
3130 1809 3186 1853 et
3214 1802 3521 1870 pueriliter;
3555 1810 3819 1876 putabant
3848 1825 3940 1867 ta-

2330 1893 2492 1973 men:
2524 1897 2666 1937 nunc
2692 1899 2821 1939 vero
2850 1902 2956 1941 non
2982 1888 3239 1957 credunt,
3268 1904 3322 1949 et
3349 1896 3649 1967 turbantur,
3679 1904 3813 1973 quid
3858 1905 3943 1960 fa-

2327 1972 2576 2029 ciendum
2614 1976 2685 2029 sit
2719 1979 3111 2037 consultantes.
3162 1984 3274 2041 Hoc
3315 1990 3559 2057 profecto
3600 1995 3776 2051 solum
3825 2014 3939 2053 non

2327 2064 2600 2157 satis‘crat
2635 2066 2700 2121 ad
2737 2070 3198 2142 persuadendum,
3244 2092 3313 2133 ne
3341 2080 3465 2150 quid
3501 2084 3603 2139 illis
3646 2086 3940 2157 facerent,

2326 2152 2470 2222 quod
2516 2169 2708 2225 nempe
2735 2172 2856 2213 eum
2900 2170 3043 2217 tanta
3086 2165 3330 2223 libertate
3376 2169 3761 2241 loquerentur?
3792 2152 3939 2247 Cur,

2327 2260 2539 2314 quaeso,
2586 2264 2693 2303 non
2722 2251 2931 2319 credis,
2973 2270 3006 2307 ο
3045 2254 3269 2314 Juda'e?
3301 2259 3433 2315 Nam
3459 2264 3614 2334 signo
3641 2270 3943 2327 attendere

2326 2338 2606 2407 oportebat
2638 2348 2694 2396 et
2729 2346 3101 2413 sermonibus,
3134 2364 3241 2405 non
3272 2362 3452 2409 autem
3496 2357 3790 2421 multorum
3824 2362 3943 2415 ini-

2323 2431 2533 2500 quitati.
2571 2430 3300 2500 thnarennntraduntillos
3314 2440 3751 2503 Romanisilam
3787 2451 3943 2505 male

2320 2520 2610 2578 audiebant
2654 2524 2793 2595 apud
2845 2526 2967 2583 illos
3018 2529 3089 2585 ob
3126 2546 3211 2598 ea,
3269 2548 3390 2604 quas
3434 2536 3488 2590 in
3532 2536 3814 2595 Chrismm
3849 2543 3942 2598 fo-

2320 2624 2539 2681 ccrant,
2571 2626 2732 2687 atque
2761 2618 2833 2673 ita
2872 2620 2973 2675 sibi
3016 2622 3145 2692 ipsis
3176 2625 3377 2680 malum
3413 2628 3750 2694 inferebant,
3794 2632 3936 2687 dum

2321 2706 2601 2775 curabant,
2625 2717 2685 2762 ut
2710 2724 2896 2766 eorum
2930 2712 3221 2781 publicatio
3249 2714 3580 2775 dill'erretur.
3613 2719 3669 2776 In
3699 2721 3940 2792 Christo

2320 2807 2497 2855 autem
2531 2817 2637 2856 non
2660 2803 2823 2869 item;
2852 2805 2944 2859 sed
2976 2805 3150 2862 media
3178 2819 3335 2865 nocte
3361 2822 3575 2881 raptum
3600 2816 3789 2871 statim
3823 2818 3931 2872 ab-

2317 2890 2607 2958 duxerunt,
2638 2910 2809 2965 neque
2829 2895 3173 2964 distulerunt,
3206 2902 3597 2960 multitudinem
3622 2907 3934 2967 admodum

2318 2982 2589 3039 timentes.
2611 2982 2763 3040 Circa
2789 2985 2885 3043 hos
2901 2998 3078 3044 autem
3107 2990 3307 3046 nullam
3334 2992 3579 3049 fiduciam
3605 2996 3893 3057 habebant
3920 3022 3934 3058 :

2320 3090 2493 3145 neque
2523 3076 2794 3133 adducunt
2826 3095 2921 3136 eos
2958 3081 3024 3136 ad
3066 3082 3327 3152 Pilatum,
3355 3088 3499 3158 quod
3531 3090 3772 3159 priorum
3828 3112 3938 3165 pu-

2319 3168 2491 3234 deret,
2524 3186 2585 3225 ac
2618 3185 2684 3226 ne
2712 3172 2781 3227 de
2809 3173 2874 3229 iis
2896 3174 3367 3247 redarguercntur.
3404 3179 3619 3237 Factum
3644 3196 3723 3239 est
3746 3200 3939 3245 autem

2317 3262 2370 3315 in
2395 3264 2692 3332 crastinum,
2720 3274 2778 3319 ut
2820 3280 3249 3340 congregarentur
3289 3272 3544 3345 principes
3562 3293 3740 3332 eorum
3764 3290 3815 3334 et
3840 3299 3932 3335 se-

2316 3358 2487 3412 niores
2508 3368 2554 3411 et
2577 3359 2757 3413 scriba:
2784 3361 2836 3414 in
2858 3359 3167 3420 Jerusalem.

2385 3452 2438 3506 5.
2482 3449 2625 3505 Petri
2644 3454 2947 3507 constantia.
2965 3484 3037 3495 —-
3057 3454 3261 3511 thrsns
3283 3460 3506 3514 concilia
3534 3460 3930 3535 Jerosolymis,

2313 3552 2368 3599 et
2392 3543 2461 3599 ibi
2493 3546 2708 3615 sanguis
2725 3545 3048 3613 effunditur;
3075 3564 3247 3619 neque
3274 3552 3461 3606 urbem
3489 3555 3707 3608 reveriti
3753 3569 3921 3611 sunt.

2314 3636 2517 3703 Aonas,
2552 3635 2740 3707 inquit,
2774 3644 2829 3693 et
2858 3637 3113 3708 Caiphas.
3150 3640 3316 3710 llujus
3366 3659 3493 3697 vero
3538 3659 3605 3698 ne
3656 3648 3935 3704 ancillam

2312 3729 2526 3800 quidem
2572 3731 2990 3802 interrogantem
3022 3734 3277 3789 sustinuit
3328 3735 3519 3791 Petrus
3563 3738 3785 3808 (Matth.
3828 3742 3930 3796 26.

2313 3824 2403 3891 70)
2434 3840 2445 3876 :
2471 3822 2569 3876 sub
2595 3822 2697 3877 hoc
2720 3833 3027 3893 negaverat,
3060 3826 3187 3880 dum
3206 3827 3345 3881 alius
3370 3828 3729 3885 detineretur.
3760 3832 3935 3890 Nunc

2312 3932 2443 3972 vero
2467 3917 2518 3971 in
2549 3916 2755 3972 medios
2795 3917 2914 3972 illus
2943 3934 3254 3990 erumpens,
3280 3921 3402 3978 vide
3427 3925 3699 3992 quomodo
3727 3926 3936 3997 loqua-

2314 4019 2400 4064 tur
2433 4028 2445 4064 :
2481 4008 2545 4065 Si
2573 4026 2666 4065 nos
2712 4010 2863 4064 hodie
2889 4011 3235 4082 dijudicamur
3275 4014 3328 4067 in
3377 4015 3636 4087 benefacta
3688 4019 3936 4076 hominis

2310 4102 2522 4172 infirmi,
2552 4104 2604 4156 in
2634 4119 2732 4173 quo
2752 4104 2846 4157 iste
2869 4104 3039 4159 saluus
3068 4106 3233 4175 factus
3264 4117 3356 4173 est,
3387 4119 3559 4162 nolunt
3585 4110 3647 4162 sit
3676 4116 3937 4169 omnibus

2312 4194 2471 4249 vobis.
2505 4194 2584 4248 Illi
2618 4211 2768 4258 vero,
2802 4194 2869 4249 In
2899 4213 2999 4265 quo
3035 4201 3256 4263 nomine,
3288 4201 3559 4269 inquiunt,
3596 4206 3795 4273 fecistis
3832 4210 3939 4262 hoc

2312 4302 2395 4340 vos
2412 4287 2437 4339 ?
2460 4284 2568 4340 Cur
2599 4302 2703 4340 non
2729 4287 2829 4341 hoc
2856 4287 3011 4352 dicis,
3033 4288 3127 4342 sed
3162 4292 3437 4345 occultas?
3470 4291 3533 4345 In
3560 4310 3657 4363 quo
3706 4301 3940 4355 nomine

2313 4378 2499 4447 fecistis
2528 4378 2622 4431 hoc
2642 4378 2769 4431 vos?
2789 4380 2945 4449 Atqui
2974 4379 3203 4445 diccbat,
3234 4380 3350 4436 Non
3374 4398 3470 4439 nos
3501 4384 3745 4442 fecimus.
3787 4391 3937 4447 Vide

2310 4469 2647 4547 prudentiam
2684 4487 2697 4524 :
2733 4486 2839 4524 non
2862 4470 2997 4526 dixit
3023 4472 3225 4537 statim,
3259 4473 3313 4528 In
3346 4476 3561 4531 nomine
3592 4476 3720 4533 Jesu
3780 4481 3932 4539 feci.

2311 4577 2462 4628 tuus;
2494 4564 2585 4618 sed
2608 4563 2733 4634 quid
2758 4564 2780 4617 ?
2808 4563 2874 4622 In
2906 4567 3108 4619 nomine
3132 4568 3242 4637 ejus
3272 4568 3351 4622 hic
3373 4570 3541 4625 adstat
3567 4587 3742 4626 coram
3777 4578 3936 4631 vobis

2311 4670 2482 4708 sanus.
2519 4653 2703 4725 Neque
2724 4655 2873 4719 dicit,
2900 4655 3091 4711 Factus
3121 4667 3205 4711 est
3233 4673 3260 4710 a
3293 4659 3447 4714 nobis
3476 4673 3658 4717 sanus.
3695 4664 3761 4719 Et
3794 4682 3931 4724 rur-

2313 4760 2425 4812 sus,
2458 4746 2520 4802 Si
2548 4764 2638 4801 nos
2668 4748 3012 4817 dijudicamur
3039 4748 3090 4801 in
3143 4750 3404 4821 benefacta
3444 4753 3662 4809 hominis
3692 4756 3931 4826 inﬁrmi.

2315 4837 2637 4909 Perstringit
2674 4840 2796 4894 illos
2835 4839 3010 4909 utqui
3059 4854 3273 4910 semper
3300 4844 3514 4899 easdem
3540 4850 3937 4908 accusationes

2316 4931 2623 5001 proferant,
2654 4942 2708 4986 et
2742 4932 3001 4988 bent-licia
3049 4932 3323 4988 hominum
3373 4938 3781 5008 reprehendant
3815 4961 3831 4996 :
3867 4960 3936 4998 ac.

2318 5025 2581 5094 praeterita
2610 5027 2659 5078 in
2685 5025 3000 5079 metnoriam
3028 5038 3264 5091 revocat,
3294 5028 3436 5098 quod
3457 5045 3671 5098 semper
3697 5031 3771 5085 ad
3814 5050 3935 5090 ca:-

2317 5117 2410 5172 dcs
2438 5126 2693 5181 currant;
2717 5133 2891 5187 neque
2922 5117 3023 5172 hoc
3048 5127 3272 5183 tantum,
3319 5120 3417 5177 sed
3446 5122 3608 5176 etiam
3639 5121 3711 5177 de
3741 5122 3938 5183 bene-

2319 5210 2452 5265 ficiis
2507 5211 2769 5264 incusem.
2805 5210 2984 5275 Vides,
3014 5210 3154 5280 quod
3197 5213 3404 5282 pondus
3434 5214 3595 5267 verba
3630 5214 3935 5275 habeant?

2320 5301 2372 5355 In
2407 5302 2489 5355 his
2517 5305 2661 5357 enim
2690 5301 3139 5371 exercitahantur,
3173 5319 3235 5357 ae
3261 5304 3517 5375 deinceps
3561 5306 3937 5375 imperterriti

2318 5404 2486 5448 erant.
2522 5395 2655 5449 llinc
2683 5395 2915 5450 ostendit
2959 5396 3078 5451 illos
3115 5396 3197 5451 vel
3241 5397 3438 5453 invitos
3466 5397 3743 5455 Christum
3783 5419 3940 5473 prm-

2384 5531 2399 5593 t
2471 5525 2606 5573 L'nus
2658 5526 2814 5593 code;
2866 5525 3056 5593 habet,
3141 5536 3304 5593 Ipsum
3330 5542 3435 5593 esse
3464 5532 3940 5593 Denm,innomiue

2317 5592 2454 5657 illius
2468 5603 2613 5657 quem
2636 5590 3111 5657 morsartinerenon
3136 5590 3304 5653 potuit,
3319 5592 3372 5643 in
3392 5592 3523 5645 illius
3546 5590 3702 5657 ipsius
3724 5609 3941 5651 stamine

2319 5653 2639 5719 pranlicantas
2660 5650 2877 5719 cohibere
2891 5650 3178 5719 moliuntur.

2383 5719 2402 5748 ⁸
2440 5716 2491 5764 1η
2518 5715 2693 5784 eodem
2719 5714 3133 5788 Qtnl:_sic_lcgitttr
3154 5716 3284 5788 ,νεςτι
3308 5716 3503 5788 ubique.
3521 5718 3863 5788 tumultuatur
3895 5732 3940 5773 et

2320 5782 2370 5844 in
2389 5793 2439 5829 sc
2460 5790 2617 5844 ipsum
2636 5776 2869 5839 impingit.
2906 5784 2959 5827 [ι
3005 5789 3119 5839 ergo
3143 5777 3184 5827 si
3218 5776 3411 5844 decepti
3430 5778 3650 5844 fuissent,
3673 5782 3748 5835 ita
3768 5789 3938 5838 cousi-

2323 5842 2441 5894 tiam
2462 5841 2639 5891 ineant.
