4088 6326
148 337 208 393 87
1243 334 1315 391 IN
1346 336 1532 392 ACTA
1576 334 2116 394 APOSTOLORUM.
2146 335 2380 393 HOMIL.
2425 338 2490 391 X.
3382 333 3454 393 88

140 450 322 513 αὐτοὺς
355 448 670 518 λαμϐάνειν
717 452 779 504 ἐκ
833 449 1040 503 τούτων
1083 449 1190 503 τῶν
1240 450 1543 521 ρημάτων;
1589 450 1740 502 Οὔτε

140 536 235 602 γὰρ
267 535 454 603 ὄνομα
484 534 702 602 ἔτερόν
726 535 856 586 ἐστι
904 534 1024 588 ὑπὸ
1065 533 1172 587 τὸν
1198 533 1461 603 οὐρανὸν
1489 533 1554 587 τὸ
1579 530 1740 585 δεδο-

134 618 306 688 μένον
354 615 425 671 ἐν
476 617 855 686 ἀνθρώποις,
896 609 1041 683 ένῷ
1088 617 1184 670 δεῖ
1225 616 1496 686 σωθῆναι
1548 614 1727 686 ἡμᾶς.

150 701 403 756 Ἐνταῦθα
447 702 551 755 καὶ
587 701 763 771 ὕψηλά
804 700 1123 771 φθέγγεται.
1154 704 1322 756 Ὅταν
1364 702 1474 773 γὰρ
1513 698 1650 776 μὴῇ
1685 720 1738 754 τι

142 787 501 856 κατορθῶσαι.
534 786 675 839 ἀλλά
705 787 1014 857 παρρησίαν
1055 785 1429 850 ἐπιδείξασθαι
1464 788 1644 855 μόνον,
1676 785 1736 838 οὐ

141 872 402 940 φείδεταισ
428 871 492 923 οὐ
522 871 635 941 γάρ
675 871 953 934 ἐδεδοίκει,
986 871 1060 942 μὴ
1093 871 1303 943 πλήξῃ·
1343 873 1437 924 καὶ
1457 873 1557 924 οὐκ
1585 867 1739 924 εἶπεν

140 954 334 1019 ἁπλῶς,
364 955 445 1007 Δι’
471 955 640 1009 ἄλλου
666 973 678 983 ·
715 954 856 1018 ἀλλ’,
885 956 1005 1008 Οὐκ
1034 956 1209 1009 ἔστιν
1237 957 1308 1008 έν
1335 955 1506 1021 ἄλλῳ
1534 955 1736 1008 οὐδενὶ

141 1042 173 1108 ἡ
197 1039 456 1106 σωτηρία
479 1055 492 1068 °
551 1037 748 1106 δηλῶν,
782 1038 864 1090 ὅτι
915 1031 1071 1100 οὗτος
1101 1040 1248 1108 ἡμᾶς
1277 1037 1450 1091 σῶσαι
1491 1036 1735 1101 δύναται,

140 1122 264 1193 ὁμοῦ
293 1123 349 1174 δὲ
381 1121 478 1175 καὶ
509 1120 833 1190 βουλόμενος
859 1121 1058 1184 αὐτοὺς
1085 1121 1339 1192 φοϐῆσαι.
1367 1123 1740 1191 Θεωροῦντες

141 1207 202 1258 δέ
233 1205 345 1271 τὴν
373 1204 484 1258 τοῦ
514 1204 744 1273 Πέτρου
776 1203 1122 1272 παρρησίαν
1147 1205 1246 1258 καὶ
1287 1203 1600 1266 Ἰωάννου,
1642 1204 1739 1258 καὶ

140 1290 632 1359 καταλαϐόμενοι,
662 1290 750 1344 ὅτι
779 1289 1078 1357 ἄνθρωποι
1101 1289 1471 1359 ἀγράμματοί
1498 1292 1615 1344 εἱσι
1638 1288 1739 1342 καὶ

143 1374 370 1440 ίδιῶται,
394 1371 768 1442 ἐθαύμαζον,
805 1373 1218 1442 ἐπεγίνωσκόν
1267 1390 1331 1427 τε
1371 1374 1616 1441 αὐτοὺς,
1651 1373 1742 1428 ὅτι

142 1457 252 1511 σὺν
273 1458 353 1523 τῷ
381 1457 597 1525 Ἰησοῦ
629 1453 810 1529 ἦσαν.
837 1455 948 1510 Καὶ
980 1457 1118 1523 πῶς,
1143 1457 1332 1528 φησὶν,
1356 1458 1406 1510 οἱ
1439 1457 1741 1528 ἀγράμμα-

141 1558 213 1594 τοι
242 1540 762 1612 κατερῤητὸρευσαν
789 1541 884 1594 καὶ
910 1539 1091 1595 αὐτῶν
1117 1541 1209 1594 καὶ
1246 1540 1355 1593 τῶν
1395 1540 1736 1611 ἀρχιερέων;

143 1626 254 1678 Ὀτι
287 1627 389 1679 οὐκ
436 1626 601 1680 αὐτοὶ
653 1624 1005 1696 ἐφθέγγοντο,
1040 1624 1176 1679 ἀλλά
1225 1623 1291 1678 δι’
1337 1623 1520 1678 αὐτῶν
1561 1626 1594 1695 ἡ
1646 1623 1740 1693 τοῦ

144 1709 450 1778 Πνεύματος
482 1710 670 1780 χάρις.
721 1711 833 1763 Τόν
865 1725 929 1763 τε
970 1707 1289 1776 ἄνθρωπον
1321 1707 1579 1776 ὁρῶντες
1620 1705 1744 1761 σὺν

142 1793 333 1859 αὐτοῖς
359 1793 604 1848 ἑστῶτα
635 1794 742 1847 τὸν
775 1793 1308 1860 τεθεραπευμένον,
1355 1791 1540 1844 οὐδὲν
1573 1786 1743 1859 εἶχον

143 1880 459 1933 ἀντειπεῖν.
517 1877 695 1949 Πολλὴ
736 1879 768 1948 ἡ
803 1875 897 1932 τοῦ
947 1876 1237 1947 ἀνθρώπου
1282 1876 1591 1947 παρρησία·
1647 1876 1742 1929 καὶ

143 1960 290 2029 δῆλον
317 1961 428 2014 ἀπὸ
445 1959 552 2016 τοῦ
593 1963 651 2014 ἐν
673 1959 824 2030 αὐτῷ
850 1959 929 2030 τῷ
955 1959 1293 2030 δικαστηρίῳ
1318 1959 1392 2029 μὴ
1423 1959 1743 2012 καταλιπεῖν

143 2043 328 2108 αὐτούς
345 2053 392 2098 ⁸.
420 2045 597 2098 Ὥστε
635 2047 686 2098 εί
712 2041 886 2111 εἷπον,
914 2046 995 2099 ὅτι
1025 2045 1139 2115 Οὐχ
1168 2043 1342 2107 οὕτως
1363 2042 1496 2115 ἔχει,
1534 2045 1743 2106 ἐκεῖνος

145 2122 204 2180 ἂν
231 2130 612 2200 κατηγόρησε.

206 2206 628 2280 Κελεύσαντες
677 2212 745 2267 δὲ
794 2213 1020 2280 αὐτοὺς
1069 2213 1186 2278 ἔξω
1244 2212 1354 2266 τοῦ
1418 2211 1743 2281 συνεδρίου

147 2299 442 2362 ἀπελθεῖν,
472 2299 866 2352 συνέϐαλλον
896 2299 1045 2366 πρὸς
1065 2296 1401 2366 ἀλλήλους,
1435 2295 1740 2366 λέγοντες*

152 2382 206 2434 Τί
238 2383 580 2453 ποιήσομεν
617 2383 745 2448 τοῖς
785 2383 1120 2451 ἀνθρώποις
1163 2382 1431 2447 τούτοις;
1484 2381 1645 2452 Ὁρᾷς
1685 2379 1743 2434 ὲν

148 2467 337 2540 ἀπορία
367 2466 559 2532 ὄντας,
592 2470 690 2522 καὶ
734 2465 896 2520 πάλιν
942 2468 1031 2522 τὸν
1063 2466 1228 2536 φόϐον
1261 2467 1354 2520 τὸν
1398 2463 1746 2537 ἀνθρώπινον

149 2552 314 2605 πάντα
341 2552 739 2624 ἐργαζόμενον.
763 2553 977 2621 Ὥσπερ
999 2547 1091 2605 οὖν
1117 2551 1208 2604 ἐπὶ
1233 2551 1329 2604 τοῦ
1353 2549 1589 2622 Χριστοῦ
1616 2551 1746 2604 ἀναε

149 2635 334 2704 τρέψαι
364 2636 427 2689 τὸ
454 2636 753 2706 γενόμενον
791 2636 892 2689 οὐκ
948 2636 1179 2705 ἴσχυσαν
1229 2635 1354 2689 οὐδέ
1411 2637 1744 2702 συσκιάσαι,

150 2718 274 2770 ἀλλά
304 2719 628 2773 κωλυόντων
656 2718 838 2772 αὐτῶν
885 2718 1088 2789 μᾶλλον
1123 2718 1371 2772 ἐπεδίδου
1416 2717 1484 2772 τὰ
1524 2719 1624 2790 τῆς
1653 2719 1745 2773 πί-

154 2817 340 2866 στεως·
369 2803 518 2855 οὕτω
543 2803 642 2855 καὶ
663 2801 759 2855 νῦν
785 2802 1031 2870 γίνεται·
1064 2803 1126 2856 Τί
1151 2800 1491 2869 ποιήσομεν
1507 2820 1527 2867 ;
1551 2805 1616 2856 Ὢ
1646 2802 1747 2873 τῆς

152 2887 358 2951 ἀνοίαςι
396 2889 446 2941 εί
494 2886 873 2956 γευσαμένους
902 2886 1012 2940 τῶν
1056 2887 1286 2956 ἀγώνων
1334 2888 1521 2943 λοιπὸν
1574 2907 1746 2943 κατα-

154 2967 443 3039 πλήξεσθαι
480 2969 765 3041 ἐνόμιζον·
805 2970 1008 3040 μᾶλλον
1048 2971 1104 3024 δὲ
1133 2973 1182 3025 εί
1230 2972 1383 3042 παρά
1428 2973 1525 3044 τὴν
1572 2973 1748 3043 ἀρχὴν

158 3051 307 3121 μηδὲν
357 3052 720 3122 ἰσχύσαντες,
782 3053 922 3123 μετά
987 3055 1086 3125 τὴν
1129 3056 1401 3124 τοσαύτην
1459 3056 1749 3127 ῥητορείαν

155 3137 558 3208 προσεδόὶησάν
590 3154 645 3190 τι
693 3139 966 3208 ποιήσειν.
1000 3138 1152 3209 Ὅσῳ
1185 3136 1278 3191 οὖν
1326 3139 1608 3192 ἐϐούλοντο
1641 3157 1749 3192 κω-

156 3221 310 3286 λύειν,
361 3224 608 3292 τοσούτῳ
654 3222 856 3292 μᾶλλον
885 3221 1082 3293 ηὔξετο
1121 3224 1189 3276 τὰ
1231 3225 1572 3295 πράγματα·
1619 3224 1750 3277 Ὅτι

154 3306 257 3374 μὲν
283 3307 560 3378 γνωστὸν
580 3306 835 3376 σημεῖον
855 3310 1064 3377 γέγονε
1092 3308 1166 3361 δι’
1198 3308 1418 3372 αὐτῶν,
1446 3307 1597 3362 πᾶσι
1626 3307 1750 3374 τοῖς

159 3391 534 3445 κατοικοῦσιν
566 3390 960 3459 Ἰερουσαλὴμ
1004 3391 1291 3458 φανερὸν,
1330 3390 1431 3444 καὶ
1463 3393 1535 3445 οὐ
1569 3391 1750 3445 δυνά-

155 3477 292 3541 μεθα
315 3473 726 3543 ἀρνήσασθαι.
753 3472 931 3527 -Ἀλλ’
959 3472 1060 3525 ἵνα
1081 3473 1168 3542 μὴ
1196 3473 1295 3527 ἐπὶ
1325 3475 1518 3528 πλέον
1546 3474 1750 3527 διανε-

157 3556 303 3625 μηθῇ
329 3560 415 3624 εις
440 3557 550 3612 τὸν
576 3557 748 3620 λαὸν,
785 3553 1011 3623 ἀπειλῇ
1043 3555 1509 3625 ἀπειλησώμεθα
1544 3556 1748 3622 αὐτοῖς

157 3642 357 3709 μηκέτι
393 3641 615 3696 λαλεῖν
652 3639 750 3693 ἐπὶ
779 3639 860 3704 τῷ
897 3641 1143 3708 ὀνόματι
1183 3642 1372 3703 τούτῳ
1396 3640 1613 3709 μηδενί
1648 3640 1744 3692 ἀν-

161 3724 409 3792 θρώπων.
431 3723 544 3778 Καὶ
573 3725 946 3789 καλέσαντες
968 3723 1211 3788 αὐτοὺς,
1243 3723 1658 3792 παρήγγειλαν
1685 3723 1750 3776 τὸ

162 3810 409 3864 καθόλου
440 3807 530 3878 μὴ
581 3808 972 3878 φθέγγεσθαι,
1007 3807 1166 3877 μηδὲ
1198 3806 1510 3861 διδάσκειν
1539 3807 1639 3862 ἐπὶ
1673 3807 1754 3873 τῷ

163 3892 392 3962 ὀνόματι
420 3892 451 3931 ιι
484 3889 591 3945 τοῦ
634 3891 850 3959 Ἰησοῦ.
883 3891 1027 3961 Ὅρα
1074 3892 1169 3944 καὶ
1209 3890 1416 3943 τούτων
1456 3890 1559 3961 τὴν
1600 3893 1755 3944 ἀναι-

165 3975 425 4044 σχυντίαν,
459 3974 556 4029 καὶ
578 3975 686 4029 τῶν
724 3975 1040 4030 ἀποστόλων
1071 3963 1169 4046 τὴν
1198 3975 1545 4044 φιλοσοφίαν.
1591 3976 1652 4028 '0
1685 3975 1755 4027 δὲ

166 4059 373 4127 Πέτρος
401 4061 504 4115 καὶ
567 4059 848 4126 Ἰωάννης
881 4059 1344 4127 ἀποκριθέντες,
1390 4055 1565 4114 εἷπον
1604 4062 1754 4137 πρὸς

165 4145 371 4209 αὐτούς
392 4161 405 4174 ·
453 4145 523 4197 El
545 4141 780 4196 δίκαιόν
812 4140 928 4214 [85]
963 4142 1136 4196 ἐστιν
1161 4141 1420 4196 ἐνώπιον
1456 4144 1560 4197 τοῦ
1605 4145 1754 4198 Θεοῦ

166 4225 318 4295 ὑμῶν
335 4228 587 4281 ἀκούειν
613 4224 856 4295 μᾶλλον
885 4226 922 4294 ἦ
947 4225 1055 4280 τσῦ
1082 4225 1254 4292 Θεοῦ,
1276 4228 1536 4294 κρίνατε.
1566 4227 1756 4296 Ἡμεῖς

168 4311 229 4363 οὐ
260 4311 587 4380 δυνάμεθα,
631 4308 670 4363 ἁ
701 4309 941 4380 εῑδομεν
979 4309 1076 4362 καί
1121 4311 1498 4379 ἠκούσαμεν,
1533 4310 1620 4380 μὴ
1649 4314 1753 4364 λαμ

168 4394 304 4448 λεῖν.
330 4399 393 4449 Ol
415 4394 486 4448 δὲ
509 4394 1148 4463 προσαπειλησάμενοι
1165 4393 1489 4448 ἀπέλυσαν
1509 4393 1752 4460 αὐτοὺς,

164 4478 344 4546 μηδὲν
379 4479 772 4549 εὑρίσκοντες
811 4477 880 4532 τὸ
929 4477 1054 4545 πῶς
1101 4478 1470 4533 κολάσονται
1509 4478 1753 4545 αὐτοὺς,

171 4562 256 4616 διὰ
281 4564 386 4617 τὸν
412 4564 590 4618 λαόν.
637 4563 1040 4633 Ἐπεστόμισαν
1073 4563 1269 4625 αὐτοὺς
1293 4563 1362 4616 τὰ
1396 4566 1620 4632 σημεῖα,
1661 4563 1756 4616 καὶ

171 4643 342 4699 λοιπὸν
370 4647 493 4699 οὐδὲ
531 4646 823 4716 ἠνέσχοντο
868 4646 1155 4718 πληρῶσαι
1183 4645 1383 4708 αὐτοὺς
1426 4645 1518 4698 τὸν
1561 4646 1751 4714 λόγον’

171 4728 296 4784 ἀλλά
329 4729 536 4801 μεταξὺ
570 4730 826 4796 λέγοντας
865 4731 1119 4800 διέκοψαν
1161 4730 1368 4800 σφόδρα
1399 4729 1752 4800 ὑϐριστικῶς.

174 4812 290 4867 Ὀτι
325 4813 551 4880 πάντες
578 4812 860 4878 ἐδόξαζον
884 4816 992 4866 τόν
1024 4815 1174 4867 Θεὸν
1200 4814 1299 4867 ἐπὶ
1336 4813 1417 4879 τῷ
1461 4816 1751 4883 γεγονότι.

184 4896 354 4953 Ἐτῶν
392 4899 505 4968 γὰρ
551 4896 631 4967 ἦν
673 4899 971 4952 πλειόνων
1014 4901 1046 4952 ό
1095 4897 1406 4966 ἄνθρωπος
1459 4898 1756 4967 τεσσαρὰ-

175 4999 378 5048 arma,
440 4983 533 5047 ἐφ’
566 4982 639 5036 ὃν
687 4983 951 5052 ἐγεγόνει
1009 4983 1076 5037 τὸ
1122 4983 1380 5052 σημεῖον
1417 4983 1594 5037 τοῦτο
1645 4981 1758 5051 τῆς

177 5066 393 5134 ἰάσεως.
428 5066 567 5119 Ἀλλ’
602 5065 801 5136 ἴδωμεν
828 5066 1034 5121 ἀνωθεν
1071 5065 1139 5119 τά
1172 5067 1460 5137 εἰρημένα.
1500 5069 1560 5121 Τί
1588 5066 1759 5133 ποιή-

176 5165 350 5219 σομεν
378 5149 507 5216 τοῖς
532 5140 867 5217 ἀνθρώποις
897 5151 1131 5216 τούτοις
1151 5167 1170 5214 ;
1188 5150 1262 5202 Τὸ
1290 5151 1391 5220 μὲν
1417 5144 1510 5204 οὗν
1540 5149 1758 5220 πρῶτον

176 5232 254 5286 διὰ
291 5235 448 5301 δόξαν
503 5233 857 5305 ἀνθρωπίνην
907 5235 1084 5289 πάντα
1114 5235 1334 5289 ἐποίουν
1358 5251 1372 5267 ⁶
1419 5236 1537 5290 νυνὶ
1572 5235 1628 5288 δὲ
1664 5236 1759 5289 καὶ

177 5315 346 5386 ἕτερον
383 5318 727 5391 προσέκειτο,
758 5318 819 5371 τὸ
852 5318 925 5388 μὴ
973 5317 1122 5382 δόξαι
1166 5318 1485 5389 μιαιφόνους
1521 5313 1694 5374 εἶναι·
1731 5319 1759 5371 ὃ

183 5401 305 5466 μετά
329 5402 500 5457 ταῦτα
544 5401 725 5469 ἔλεγον
745 5418 757 5430 ·
789 5403 1095 5456 Βούλεσθε
1131 5403 1456 5472 ἐπαγαγεῖν
1481 5404 1573 5471 ἐφ’
1602 5394 1759 5471 ἡμᾶς

181 5483 235 5534 τὸ
269 5481 406 5554 αἷμα
445 5486 553 5540 τοῦ
591 5487 909 5554 ἀνθρώπου
955 5488 1194 5540 τούτου.
1235 5486 1472 5555 Ἀπειλῇ
1510 5488 1763 5553 ἀπειλην

182 5565 400 5636 σώμεθα
454 5570 664 5636 αὐτοῖς
705 5571 919 5640 μηκέτι
961 5571 1175 5626 λαλεῖν
1227 5571 1327 5624 ἐπὶ
1384 5571 1465 5636 τῷ
1515 5573 1758 5640 ὀνόματι

182 5653 352 5715 τούτῳ
368 5654 587 5722 μηδενὶ
615 5653 963 5723 ἀνθρώπων.
988 5656 1052 5710 Ὢ
1073 5656 1170 5727 τῆς
1196 5655 1380 5718 ἀνοίας
1401 5657 1412 5708 !
1439 5656 1760 5722 Πεισθέντες

181 5731 253 5785 ὅτι
293 5737 513 5808 ἀνέστη,
553 5740 648 5792 καὶ
678 5739 838 5794 τοῦτο
881 5742 1184 5812 τεκμήριον
1215 5741 1476 5805 λαϐόντες
1513 5741 1596 5795 ὅτι
1643 5741 1773 5795 ἐστι

237 5923 428 6002 ξβπεί]
472 5934 658 6002 θιὶιςςε
691 5942 821 6002 ῐπιιῖε.⁸
847 5933 909 6002 μῂ
943 5930 1346 6002 καταλελοιπότος
1379 5933 1568 6002 αὐτούς,
1605 5934 1757 5982 omis-

188 5983 250 6034 ιιι
285 5990 446 6041 verbis
469 5993 553 6039 καὶ
575 5992 736 6048 δῆλον.
809 5983 1029 6042 δ’ΜὸΓΘΙ.
1058 5994 1133 6041 ἐπὶ
1157 5995 1212 6042 τὸ
1239 5983 1404 6055 ὄνομα.

489 6084 741 6144 Ῥηναίῃ
825 6083 914 6146 Gn
999 6083 1024 6129 ῐ
1054 6085 1126 6131 γ,

1845 449 1997 514 Θεὸς,
2049 452 2140 504 τὸν
2183 452 2289 504 ὑπὸ
2339 451 2435 504 τοῦ
2486 451 2719 505 Θανάτου
2783 450 2857 522 μὴ
2887 449 3298 520 κατασχεθέντα
3347 451 3453 503 ὑπὸ

1845 536 2064 587 οἰκείων
2092 535 2506 606 προσεδόκησαν
2541 538 2954 606 μηχανημάτων
2980 533 3377 599 συσκιάζεσθαι
3403 547 3448 585 ε.

1849 619 1913 670 Τί
1948 620 2153 691 ταύτης
2200 621 2302 690 τῆς
2341 622 2527 684 ἀνοίας
2571 621 2719 684 [σονς
2767 621 2860 672 καῖ
2898 620 2974 690 μὴ
3006 619 3332 690 θαυμάσῃς,
3368 619 3449 672 ὅτι

1845 702 2009 756 πάλιν
2034 703 2324 773 ἀνηνύτοις
2369 703 2731 775 ἐπιχειροῦσι.
2770 703 3022 755 Τοιοῦτον
3057 702 3168 772 γὰρ
3198 703 3231 772 ἡ
3280 718 3448 772 πονη-

1847 788 1936 856 ρία
1957 803 1969 815 ·
2001 788 2154 841 οὐδὲν
2185 789 2306 860 ὁρᾷ,
2334 790 2469 842 ἀλλὰ
2498 787 2776 858 πανταχοῦ
2806 789 3137 857 θορυϐεῖται.
3179 785 3452 858 Ἑπηρεα-

1843 869 2058 940 ζόμενοι
2095 873 2235 943 γὰρ,
2273 873 2348 938 ὡς
2392 872 2740 942 ἠπατημένοι
2787 872 2931 923 οὐτω
2963 870 3263 925 διέκειντο·
3311 871 3451 942 ὅπερ

1843 954 1993 1007 ἐστὶν
2018 955 2112 1008 ἐπὶ
2140 956 2250 1010 τῶν
2279 955 2729 1027 προληφθέντων,
2760 955 2853 1007 ἐπὶ
2889 954 2998 1008 τῶν
3029 953 3454 1025 ἐμπαιχθέντων

1843 1039 1936 1090 ἐπί
1967 1058 2093 1093 τινι.
2125 1041 2237 1094 Καὶ
2265 1043 2371 1111 μὴν
2395 1041 2507 1094 ἄνω
2541 1040 2634 1094 καὶ
2657 1039 2807 1092 κάτω
2836 1039 2924 1092 διὰ
2949 1037 3110 1091 τοῦτο
3134 1038 3340 1106 ἔλεγον,
3364 1039 3449 1091 ὅτι

1840 1123 1869 1175 ὁ
1899 1121 2031 1187 Θεὸς
2051 1125 2212 1177 αὐτὸν
2236 1126 2449 1196 ἤγειρε,
2479 1126 2575 1179 καὶ
2598 1125 2680 1177 ὅτι
2706 1125 2764 1176 ἐν
2793 1123 2870 1193 τῷ
2890 1123 3117 1194 ὀνόματι
3144 1121 3236 1175 τοῦ
3272 1121 3448 1192 Ἰησοῦ

1841 1201 1996 1269 οὗτος
2043 1210 2392 1281 παρέστηκεν
2443 1208 2626 1279 ὑγιὴς,
2679 1205 3010 1271 δεικνύντες,
3058 1207 3140 1260 ὅτι
3188 1205 3388 1275 ἀνέστη
3422 1207 3451 1257 ὀ

1855 1291 2085 1361 Ἰησοῦς.
2122 1293 2335 1357 ¹Ἄλλως
2387 1293 2444 1346 δὲ
2489 1294 2586 1347 καὶ
2634 1290 2790 1344 αὐτοὶ
2834 1291 3133 1344 ἀνάστασιν
3176 1287 3449 1360 ἐνόμιζον,

1841 1373 2060 1445 ψυχρὰν
2092 1375 2188 1446 μὲν
2224 1377 2321 1430 καὶ
2350 1375 2715 1448 μειρακιώδη,
2756 1373 3011 1444 ἐνόμιζον
3034 1374 3091 1428 δὲ
3133 1374 3284 1444 ὅμως
3305 1390 3318 1404 ’
3355 1373 3453 1426 νῦν

1842 1458 1898 1511 δὲ
1933 1457 2227 1512 ἀπιστοῦσι
2261 1460 2354 1512 καὶ
2379 1459 2761 1530 θορυϐοῦνται,
2801 1457 2854 1510 τί
2886 1459 3063 1509 ποιεῖν
3095 1456 3281 1518 αὐτοῖς
3325 1453 3452 1526 βου-

1842 1539 2150 1612 λευόμενοι.
2204 1541 2375 1595 Τοῦτο
2421 1543 2552 1611 γοῦν
2603 1545 2764 1615 μόνον
2802 1543 2901 1596 οὐκ
2941 1536 3010 1612 ἦν
3048 1539 3232 1594 ἱκανὸν
3266 1541 3454 1592 πεῖσαι

1844 1624 2044 1688 αὐτοὺς
2073 1624 2240 1695 μηδὲν
2273 1627 2457 1690 αὐτοῖς
2487 1627 2714 1696 ποιῆσαι
2735 1627 2784 1692 ά,
2811 1626 2870 1679 τὸ
2895 1624 3038 1677 οῦτω
3064 1622 3206 1694 μετὰ
3238 1623 3455 1693 παρρη-

1848 1708 1968 1771 σίας
2001 1708 2383 1777 διαλέγεσθαι;
2417 1710 2516 1763 Διὰ
2545 1710 2598 1763 τί
2630 1712 2909 1773 ἀπιστεῖς,
2941 1707 3062 1761 εἰπέ
3097 1724 3209 1778 μοι,
3248 1699 3293 1758 ὦ
3325 1707 3457 1760 Ἰουο

1845 1793 2002 1861 δαῖε;
2036 1794 2127 1864 Τῷ
2167 1796 2274 1863 γὰρ
2309 1793 2589 1867 γενομένῳ
2631 1795 2845 1866 σημείῳ
2884 1792 3177 1862 προσέχειν
3218 1789 3322 1843 ἔδει
3361 1788 3456 1842 καὶ

1844 1880 1958 1939 τοῖς
1998 1877 2200 1946 λόγοις,
2230 1879 2291 1931 οὐ
2327 1881 2394 1948 τῇ
2436 1879 2546 1933 τῶν
2582 1878 2797 1931 πολλῶν
2831 1876 3091 1948 πονηρίᾳ.
3124 1875 3236 1929 Καὶ
3270 1872 3323 1925 τί
3358 1873 3455 1943 δή·

1847 1977 1979 2012 ποτε
2014 1961 2073 2014 οὐ
2118 1961 2513 2031 παραδιδόασιν
2537 1962 2738 2025 αὐτοὺς
2776 1961 3109 2032 Ῥωμαίοιςς
3138 1957 3278 2028 Ἤδη
3314 1952 3456 2026 ἦσαν

1846 2045 2267 2115 διαϐεϐλημένοι
2305 2046 2444 2117 πρὸς
2478 2047 2676 2110 αὐτοὺς
2721 2047 2830 2100 ἀπὸ
2877 2044 2987 2098 τῶν
3021 2043 3151 2114 περὶ
3193 2043 3287 2094 τὸν
3317 2042 3455 2111 Χρι-

1849 2129 1995 2188 στὸν,
2037 2129 2179 2183 ὥστε
2220 2130 2422 2200 μᾶλλον
2472 2131 2700 2194 ἑαυτοὺς
2739 2127 3001 2191 ἐκάκιζον
3037 2124 3456 2197 ὑπερτιθέμενοι

1846 2212 1944 2283 τὴν
1978 2212 2159 2266 αὐτῶν
2195 2213 2442 2278 ἔνδειξιν.
2476 2213 2599 2267 Ἐπὶ
2631 2214 2688 2267 δὲ
2715 2212 2809 2268 τοῦ
2857 2212 3098 2286 Χριστοῦ
3131 2212 3230 2281 οὐχ
3259 2209 3455 2271 οῦιως,

1847 2295 1964 2349 ἀλλ’
1993 2298 2052 2350 ἐν
2090 2297 2286 2368 μέσαις
2316 2296 2434 2362 νυξὶ
2478 2296 2736 2360 λαϐόντες
2780 2298 2945 2349 αὐτὸν
2979 2295 3184 2358 εὐθέως
3233 2293 3458 2362 ἀπήγα-

1847 2397 1964 2448 γον,
1989 2383 2085 2436 καὶ
2106 2381 2208 2435 οὐκ
2237 2381 2567 2436 ἀνεϐάλοντο
2589 2380 2892 2444 δεδοικότες
2915 2380 3121 2450 σφόδρα
3145 2378 3207 2431 τὸ
3229 2375 3455 2448 πλῆθος.

1849 2465 1987 2536 Περὶ
2009 2465 2065 2518 δὲ
2087 2465 2293 2519 τούτων
2322 2465 2449 2519 οὔτε
2486 2465 2774 2539 ἐθάρρουν,
2810 2464 2934 2519 οὔτε
2969 2465 3076 2535 μὴν
3109 2463 3334 2532 ἄγουσιν
3360 2461 3452 2513 αὐσ

1848 2551 1976 2613 τοὺς
2003 2551 2141 2621 πρὸς
2164 2550 2398 2604 Πιλᾶτον
2419 2591 2434 2615 ,
2483 2549 2882 2620 εὐλαϐούμενοι
2922 2550 3018 2602 καὶ
3055 2546 3460 2606 ὑποπτεύοντες

1849 2635 1919 2689 τὰ
1954 2636 2235 2707 πρότερα,
2301 2635 2376 2707 μὴ
2428 2635 2525 2689 καὶ
2578 2634 2719 2706 ὑπὲρ
2779 2632 3006 2687 ἐκείνων
3067 2627 3378 2700 ἐγκληθῶσι
3409 2635 3456 2681 ⁸.

1864 2719 2131 2790 Ἐγένετο
2168 2718 2237 2772 δὲ
2278 2718 2378 2772 ἐπὶ
2423 2717 2540 2785 τὴν
2586 2718 2800 2784 αὔριον
2841 2714 3227 2785 συναχθῆναι
3262 2710 3464 2767 αὐτῶν

1849 2801 1992 2868 τοὺς
2021 2802 2323 2871 ἄρχοντας
2358 2801 2458 2854 καὶ
2490 2800 2938 2870 πρεσϐυτέρους
2972 2800 3070 2853 καί
3102 2794 3464 2868 γραμματεῖς

1849 2885 1920 2939 έν
1953 2884 2378 2954 Ἰερουσαλήμ.

1921 2978 1991 3040 γ’.
2031 2971 2204 3024 Πάλιν
2242 2972 2499 3043 συνέδρια
2534 2973 2592 3025 ἐν
2632 2969 3054 3043 Ἱεροσολύμοις,
3098 2967 3195 3021 καὶ
3229 2966 3348 3020 ἐκεῖ
3395 2963 3464 3019 τὰ

1849 3056 2062 3126 αἵματα
2097 3058 2363 3126 ἐκχεῖται,
2390 3056 2510 3109 οὐδὲ
2547 3056 2647 3126 τὴν
2678 3055 2838 3108 πόλιν
2865 3052 3197 3125 ᾐδέσθησαν.
3236 3051 3461 3113 Ἀννας,

1853 3140 2006 3209 φησὶ,
2033 3139 2125 3192 καὶ
2153 3140 2434 3208 Καϊάφας.
2469 3139 2676 3192 Τούτου
2735 3137 2856 3191 οὐδὲ
2891 3136 2988 3207 τὴν
3011 3134 3206 3205 δούλην
3245 3132 3464 3205 ἐρωτῶ-

1854 3240 1951 3277 σαν
1974 3221 2087 3295 [84]
2138 3223 2369 3293 ἤνεγκεν
2422 3225 2451 3276 ὁ
2505 3221 2737 3292 Πέτρος,
2787 3222 2879 3272 ἐπὶ
2913 3217 3106 3272 τούτου
3164 3219 3463 3290 ἠρνήσατο,

1853 3307 2046 3378 ἑτέρου
2083 3305 2536 3375 κατασχεθέντος.
2593 3305 2732 3366 Νυνὶ⁵
2775 3303 2832 3356 δέ
2867 3304 2946 3366 εἰς
3007 3302 3208 3371 μέσους
3264 3301 3464 3364 αὐτοὺς

1853 3389 2164 3462 παρελθὼν,
2196 3390 2298 3460 ὅρα
2316 3389 2433 3452 πῶς
2455 3387 2776 3456 φθέγγεται.
2818 3389 2889 3441 ΕΖ
2939 3385 3113 3455 ἡμεῖς
3146 3387 3466 3453 ἀνακρινό-

1849 3479 2003 3544 μεθα
2026 3474 2126 3528 ἐπὶ
2164 3473 2481 3540 εὐεργεσίᾳ
2511 3471 2829 3541 ἀνθρώπου
2867 3470 3190 3535 ἀσθενοῦς,
3231 3470 3300 3522 έν
3347 3469 3467 3522 τίνι

1855 3553 2036 3623 οὗτος
2062 3556 2390 3618 σέσωσται,
2425 3555 2700 3624 γνωστόν
2718 3555 2874 3607 ἔστω
2899 3552 3092 3607 πᾶσιν
3116 3553 3276 3621 ὑμῖν.
3300 3554 3362 3607 Οἱ
3383 3554 3464 3615 δὲ,

1869 3642 1974 3697 Ἐν
1995 3643 2145 3709 ποίῳ
2178 3641 2426 3709 ὀνόματι
2469 3639 2830 3704 ἐποιήσατε,
2880 3639 3122 3706 λέγουσι,
3151 3637 3329 3692 τοῦτο
3347 3655 3366 3702 ;
3392 3639 3467 3692 Τδ

1857 3729 2010 3782 ποῖον
2039 3727 2127 3779 διὰ
2164 3724 2218 3777 τί
2251 3724 2325 3794 μὴ
2356 3723 2557 3790 λέγεις,
2585 3723 2719 3776 ἀλλά
2759 3723 3113 3788 συσκιάζεις;
3178 3724 3274 3775 Ἐν
3315 3721 3469 3791 ποίῳ

1857 3812 2104 3880 ὀνόματι
2143 3809 2473 3876 ἐποιήσατε
2494 3807 2674 3862 τοῦτο
2703 3807 2909 3876 ὑμεῖς;
2970 3809 3078 3862 Και
3123 3807 3228 3878 μὴν
3255 3807 3464 3876 ἔλεγεν,

1856 3896 1938 3948 ὅτι
1974 3896 2086 3964 Οὐχ
2115 3895 2277 3964 ἡμεῖς
2317 3893 2679 3963 ἐποιήσαμεν.
2717 3893 2861 3962 Ὅρα
2887 3891 3125 3946 σύνεσιν·
3161 3893 3264 3946 οὐκ
3312 3888 3467 3946 εἶπεν

1857 3980 2084 4042 εὐθέως,
2123 3980 2206 4032 ὃτι
2250 3980 2338 4031 Ἐν
2363 3977 2442 4048 τῷ
2467 3977 2692 4047 ὀνόματι
2725 3975 2821 4029 τοῦ
2871 3974 3047 4045 Ἰησοῦ
3101 3977 3464 4047 ἐποιήσαμεψ

1857 4063 1993 4116 ἀλλά
2013 4063 2094 4127 τί;
2149 4065 2252 4116 Ἐν
2275 4059 2357 4125 τῷ
2389 4061 2633 4129 ὀνόματι
2656 4059 2846 4114 αὐτοῦ
2880 4055 3061 4125 οὗτος
3083 4059 3468 4128 παρέστηκεν

1857 4147 2117 4201 ἐνώπιον
2143 4145 2316 4216 ὑμῶν
2365 4145 2564 4215 ὑγιής.
2612 4145 2723 4197 Καὶ
2745 4144 2804 4196 οὐ
2855 4143 3029 4212 λέγει,
3066 4144 3321 4211 Ἐγένετο
3375 4145 3467 4214 ὐφ’

1857 4231 2016 4302 ἡμῶν
2043 4231 2224 4300 ὑγιής.
2254 4231 2363 4282 Καὶ
2392 4228 2576 4293 πάλιν,
2599 4229 2669 4281 El
2705 4227 2876 4295 ἡμεῖς
2899 4227 3342 4296 ἀνακρινόμεθα
3367 4229 3468 4282 ἐπὶ

1856 4316 2174 4384 εὐεργεσίᾳ
2201 4313 2519 4382 ἀνθρώπου
2552 4311 2872 4378 ἀσθενοῦς.
2909 4311 3142 4382 Πλήττει
3173 4312 3371 4375 αὐτοὺς
3391 4312 3467 4374 ὡς

1857 4401 1945 4453 ἀεὶ¹
1969 4399 2196 4454 τοιαῦτα
2224 4397 2610 4469 ἐγκαλοῦντας,
2652 4397 2746 4449 καὶ
2774 4395 3116 4466 εὐεργεσίαις
3160 4393 3466 4466 ἀνθρώπων

1862 4487 2267 4557 μεμφομένους·
2311 4485 2405 4538 καὶ
2432 4483 2846 4553 ἀναμιμνήσκει
2873 4480 2982 4534 τῶν
3033 4479 3338 4552 προτέρων,
3384 4481 3465 4534 ὅτι

1859 4571 2017 4624 αὐτοὶ
2041 4569 2134 4623 ἐπὶ¹
2169 4570 2366 4637 φόνους
2395 4567 2672 4640 τρέχουσι·
2711 4567 2806 4618 καὶ
2829 4565 2891 4618 οὐ
2924 4562 3084 4616 τοῦτο
3114 4561 3295 4633 μόνον,
3327 4563 3466 4618 ἀλλά

1860 4658 1953 4709 καὶ
1977 4656 2069 4708 ἐπὶ
2090 4654 2434 4724 εὐεργεσίαις
2470 4651 2816 4720 ἐγκαλοῦσιν.
2862 4650 3048 4719 Ὁρᾷς,
3082 4647 3202 4712 πῶς
3241 4648 3356 4718 ἔχει
3407 4649 3467 4701 τδ

1862 4740 2002 4811 βαρὺ
2032 4741 2126 4793 καὶ
2151 4739 2218 4791 τὰ
2261 4739 2508 4808 ρήματα;
2559 4737 2649 4789 Ἐν
2679 4734 2892 4797 τούτοις
2927 4733 3038 4804 γάρ
3068 4733 3460 4802 ἐγυμνάζοντο,

1860 4827 1956 4878 καὶ
1975 4823 2160 4877 λοιπὸν
2191 4821 2606 4892 ἁκατάπληκτοι
2633 4815 2795 4890 ἦσαν.
2832 4818 2920 4885 Ἐξ
2955 4811 3028 4871 ὧν
3063 4817 3336 4871 δείκνυσιν
3364 4818 3464 4871 αὐ-

1859 4912 1993 4972 τοῖς,
2017 4910 2100 4961 ὅτι
2121 4907 2276 4962 αὐτοὶ
2302 4907 2503 4977 μᾶλλον
2530 4903 2894 4975 κηρύττουσιν
2947 4902 3176 4964 ἄκοντες
3209 4901 3299 4955 τὸν
3327 4902 3464 4971 Χρι-

1863 4994 2007 5056 στὸν,
2045 4993 2140 5046 καὶ
2173 4991 2325 5044 αὐτοὶ
2357 4992 2419 5044 τὸ
2443 4990 2620 5060 δόγμα
2649 4987 2971 5057 ἐπαίρουσιν
3001 4987 3048 5038 οἱ
3077 4984 3466 5048 ἀνακρίνοντες

1861 5079 1954 5132 καὶ
1978 5075 2345 5144 ἐξετάζοντες.
2378 5077 2490 5128 Ὃν
2506 5073 2679 5143 ὑμεῖς
2707 5069 3149 5141 ἐσταυρώσατε.
3165 5069 3342 5122 Βαϐαὶ
3367 5070 3465 5140 τῆς

1862 5163 2212 5234 παρρησίαςῐ
2258 5163 2369 5215 Ὃν
2391 5163 2422 5214 ὁ
2453 5158 2597 5223 Θεὸς
2624 5156 2862 5226 ἤγειρεν
2905 5156 2975 5208 ὲκ
3011 5151 3260 5220 νεκρῶν.
3293 5151 3399 5206 Τοῦ
3413 5169 3466 5206 το

1863 5249 2026 5302 πάλιν
2069 5248 2315 5318 μείζονος
2376 5241 2886 5314 ἐλευθεροστομίας.
2936 5241 3001 5292 ’Ὀ
3058 5237 3239 5292 τοίνυν
3285 5237 3462 5306 λέγει,

1859 5332 2018 5385 τοῦτό
2050 5334 2187 5384 ἐστι’
2220 5330 2312 5401 Μὴ
2339 5329 2621 5398 νομίσητε,
2659 5327 2740 5378 ὅτι
2765 5326 2833 5377 τὰ
2861 5323 3205 5378 ἐπονείδιστα
3227 5322 3464 5393 κρύπτο-

1866 5429 1984 5486 μεν·
2039 5413 2294 5467 τοσοῦτον
2325 5412 2601 5481 ἀπέχομεν
2637 5408 2952 5469 συσκιάσαι,
2993 5408 3075 5459 ὅτι
3124 5408 3218 5458 καὶ
3248 5408 3466 5476 παρρη-

1864 5499 2184 5569 σιαζόμεθα.
2212 5497 2401 5550 Ταῦτα
2436 5496 2719 5565 μονονουχὶ
2770 5493 3044 5556 ὀνειδίζων
3075 5493 3258 5553 αὐτοῖς
3291 5490 3463 5558 λέγει,

1863 5586 1960 5637 καὶ
1991 5585 2090 5654 οὐχ
2117 5582 2325 5648 ἁπλῶς,
2349 5579 2486 5634 ἀλλά
2517 5580 2610 5633 καὶ
2641 5577 2964 5648 ἐνδιατρίϐει
2987 5575 3065 5644 τῷ
3093 5575 3257 5644 λόγῳ,
3275 5569 3463 5638 Οὗτός

1929 5746 1950 5774 ο
1976 5743 2172 5792 Unus...
2206 5742 2278 5789 ὅτι
2301 5742 2403 5789 ἐστὶ
2427 5740 2561 5795 Θεός.
2591 5743 2652 5788 Οἱ
2677 5739 2729 5787 δὲ
2751 5737 2836 5786 τοῦ
2869 5739 2989 5798 μηδέ
3011 5737 3104 5784 ὐπὸ
3123 5734 3210 5783 τοῦ
3243 5737 3284 5782 θ.
3312 5749 3462 5782 κατα-

1865 5807 2116 5869 σχεθέντος
2166 5805 2244 5869 έπὶ
2380 5805 2578 5869 όνόματι
2720 5801 2892 5869 τούτου
2925 5800 3167 5848 διδάσκειν
3206 5798 3463 5869 πειρῶνται

1862 5859 2112 5916 κωλύειν(
2154 5865 2182 5906 ἆ
2218 5859 2504 5915 ΑΙίἴπεῖσάι
2529 5859 2675 5925 μηδὲν
2699 5863 2858 5917 αὐτοῖς
2898 5868 3149 5925 ποιῆσαι.--
3191 5871 3212 5898 θ
3237 5859 3327 5906 Hic
3365 5869 3460 5904 non

1865 5943 2016 5990 pauca
2042 5927 2451 5976 desiderabantur
2475 5921 2750 5985 in'hlorel.,
2786 5939 2899 5987 qua:
2923 5937 2985 5972 ex
3021 5921 3172 5972 Savil.
3212 5926 3265 5970 et
3288 5931 3460 5967 manu-

1866 5991 2063 6052 scriplis
2084 5990 2275 6051 adjecta
2299 5997 2430 6038 sum.

3127 6081 3161 6129 ﬁ
