  <div class='ocr_page' id='page_1' title='image "/cluster/home/n/w/nwhite01/storage/ocr_20150623/60/pst.000005712601/094.png"; bbox 0 0 4074 6302; ppageno 0'>
   <div class='ocr_carea' id='block_1_1' title="bbox 146 398 3472 481">
    <p class='ocr_par' dir='ltr' id='par_1_1' title="bbox 146 398 3472 481">
     <span class='ocr_line' id='line_1_1' title="bbox 146 398 3472 481; baseline -0.01 -3"><span class='ocrx_word' id='word_1_1' title='bbox 146 426 207 481; x_wconf 73' lang='lat' dir='ltr'><strong>so</strong></span> <span class='ocrx_word' id='word_1_2' title='bbox 1155 411 1221 464; x_wconf 77' lang='lat' dir='ltr'><strong>lN</strong></span> <span class='ocrx_word' id='word_1_3' title='bbox 1263 407 1442 464; x_wconf 76' lang='lat' dir='ltr'><strong>ACTA</strong></span> <span class='ocrx_word' id='word_1_4' title='bbox 1482 398 2008 460; x_wconf 74' lang='lat' dir='ltr'><strong>APOSTOLURUM.</strong></span> <span class='ocrx_word' id='word_1_5' title='bbox 2052 403 2277 459; x_wconf 48' lang='lat' dir='ltr'><strong>noun-</strong></span> <span class='ocrx_word' id='word_1_6' title='bbox 2320 406 2387 459; x_wconf 61' lang='grc' dir='ltr'><strong>Χ.</strong></span> <span class='ocrx_word' id='word_1_7' title='bbox 3404 407 3472 462; x_wconf 71' lang='grc' dir='ltr'><strong>οο</strong></span> 
     </span>
    </p>
   </div>
   <div class='ocr_carea' id='block_1_2' title="bbox 149 519 1752 605">
    <p class='ocr_par' dir='ltr' id='par_1_2' title="bbox 149 519 1752 605">
     <span class='ocr_line' id='line_1_2' title="bbox 149 519 1752 605; baseline -0.019 -8"><span class='ocrx_word' id='word_1_8' title='bbox 149 544 345 605; x_wconf 71' lang='lat' dir='ltr'><strong>dicare,</strong></span> <span class='ocrx_word' id='word_1_9' title='bbox 383 547 432 591; x_wconf 85' lang='lat' dir='ltr'><strong>et</strong></span> <span class='ocrx_word' id='word_1_10' title='bbox 467 536 598 591; x_wconf 89' lang='lat' dir='ltr'><strong>dum</strong></span> <span class='ocrx_word' id='word_1_11' title='bbox 629 533 928 604; x_wconf 85' lang='lat' dir='ltr'><strong>dijudicant</strong></span> <span class='ocrx_word' id='word_1_12' title='bbox 966 526 1366 587; x_wconf 75' lang='lat' dir='ltr'><strong>etexaminanl,</strong></span> <span class='ocrx_word' id='word_1_13' title='bbox 1414 523 1515 576; x_wconf 89' lang='lat' dir='ltr'><strong>hoc.</strong></span> <span class='ocrx_word' id='word_1_14' title='bbox 1559 519 1752 588; x_wconf 81' lang='lat' dir='ltr'><strong>dogma</strong></span> 
     </span>
    </p>
   </div>
   <div class='ocr_carea' id='block_1_3' title="bbox 151 606 1752 695">
    <p class='ocr_par' dir='ltr' id='par_1_3' title="bbox 151 606 1752 695">
     <span class='ocr_line' id='line_1_3' title="bbox 151 606 1752 695; baseline -0.021 -4"><span class='ocrx_word' id='word_1_15' title='bbox 151 633 430 691; x_wconf 75' lang='lat' dir='ltr'><strong>extollere.</strong></span> <span class='ocrx_word' id='word_1_16' title='bbox 458 630 624 695; x_wconf 84' lang='lat' dir='ltr'><strong>Quem</strong></span> <span class='ocrx_word' id='word_1_17' title='bbox 652 644 741 681; x_wconf 85' lang='lat' dir='ltr'><strong>ros</strong></span> <span class='ocrx_word' id='word_1_18' title='bbox 768 621 1109 691; x_wconf 77' lang='lat' dir='ltr'><strong>crueiﬁxistis.</strong></span> <span class='ocrx_word' id='word_1_19' title='bbox 1138 618 1297 686; x_wconf 71' lang='lat' dir='ltr'><strong>l’apzr.</strong></span> <span class='ocrx_word' id='word_1_20' title='bbox 1319 623 1513 683; x_wconf 88' lang='lat' dir='ltr'><strong>quanta</strong></span> <span class='ocrx_word' id='word_1_21' title='bbox 1540 606 1752 664; x_wconf 88' lang='lat' dir='ltr'><strong>dicendi</strong></span> 
     </span>
    </p>
   </div>
   <div class='ocr_carea' id='block_1_4' title="bbox 154 704 1754 789">
    <p class='ocr_par' dir='ltr' id='par_1_4' title="bbox 154 704 1754 789">
     <span class='ocr_line' id='line_1_4' title="bbox 154 704 1754 789; baseline -0.018 -9"><span class='ocrx_word' id='word_1_22' title='bbox 154 726 405 781; x_wconf 84' lang='lat' dir='ltr'><strong>libertas!</strong></span> <span class='ocrx_word' id='word_1_23' title='bbox 440 724 602 789; x_wconf 78' lang='lat' dir='ltr'><strong>Quem</strong></span> <span class='ocrx_word' id='word_1_24' title='bbox 632 719 776 773; x_wconf 87' lang='lat' dir='ltr'><strong>Dens</strong></span> <span class='ocrx_word' id='word_1_25' title='bbox 796 716 1053 769; x_wconf 77' lang='lat' dir='ltr'><strong>suscitauit</strong></span> <span class='ocrx_word' id='word_1_26' title='bbox 1090 730 1122 765; x_wconf 80' lang='grc' dir='ltr'><strong>ιι</strong></span> <span class='ocrx_word' id='word_1_27' title='bbox 1148 709 1381 763; x_wconf 89' lang='lat' dir='ltr'><strong>mortuis.</strong></span> <span class='ocrx_word' id='word_1_28' title='bbox 1416 706 1527 759; x_wconf 84' lang='lat' dir='ltr'><strong>lloc</strong></span> <span class='ocrx_word' id='word_1_29' title='bbox 1558 704 1754 756; x_wconf 74' lang='lat' dir='ltr'><strong>iterum</strong></span> 
     </span>
    </p>
   </div>
   <div class='ocr_carea' id='block_1_5' title="bbox 150 792 1757 890">
    <p class='ocr_par' dir='ltr' id='par_1_5' title="bbox 150 792 1757 890">
     <span class='ocr_line' id='line_1_5' title="bbox 150 792 1757 890; baseline -0.018 -16"><span class='ocrx_word' id='word_1_30' title='bbox 150 821 415 890; x_wconf 84' lang='lat' dir='ltr'><strong>majorem</strong></span> <span class='ocrx_word' id='word_1_31' title='bbox 446 830 560 885; x_wconf 75' lang='lat' dir='ltr'><strong>pra:</strong></span> <span class='ocrx_word' id='word_1_32' title='bbox 590 827 650 867; x_wconf 87' lang='lat' dir='ltr'><strong>se</strong></span> <span class='ocrx_word' id='word_1_33' title='bbox 678 809 787 866; x_wconf 97' lang='lat' dir='ltr'><strong>fert</strong></span> <span class='ocrx_word' id='word_1_34' title='bbox 806 810 1126 864; x_wconf 77' lang='lat' dir='ltr'><strong>libertatem.</strong></span> <span class='ocrx_word' id='word_1_35' title='bbox 1160 802 1269 856; x_wconf 89' lang='lat' dir='ltr'><strong>lloc</strong></span> <span class='ocrx_word' id='word_1_36' title='bbox 1296 815 1423 870; x_wconf 76' lang='lat' dir='ltr'><strong>ergo</strong></span> <span class='ocrx_word' id='word_1_37' title='bbox 1453 792 1757 890; x_wconf 90' lang='lat' dir='ltr'><strong>vult</strong></span> 
     </span>
    </p>
   </div>
   <div class='ocr_carea' id='block_1_6' title="bbox 153 886 1758 976">
    <p class='ocr_par' dir='ltr' id='par_1_6' title="bbox 153 886 1758 976">
     <span class='ocr_line' id='line_1_6' title="bbox 153 886 1758 976; baseline -0.02 -8"><span class='ocrx_word' id='word_1_38' title='bbox 153 886 318 967; x_wconf 71' lang='lat' dir='ltr'><strong>beare</strong></span> <span class='ocrx_word' id='word_1_39' title='bbox 352 926 367 961; x_wconf 89' lang='lat'><strong>:</strong></span> <span class='ocrx_word' id='word_1_40' title='bbox 400 908 482 962; x_wconf 82' lang='lat' dir='ltr'><strong>Ne</strong></span> <span class='ocrx_word' id='word_1_41' title='bbox 514 904 712 976; x_wconf 89' lang='lat' dir='ltr'><strong>putetis</strong></span> <span class='ocrx_word' id='word_1_42' title='bbox 746 917 843 957; x_wconf 90' lang='lat' dir='ltr'><strong>nos</strong></span> <span class='ocrx_word' id='word_1_43' title='bbox 870 897 1220 971; x_wconf 81' lang='lat' dir='ltr'><strong>ignominiosa</strong></span> <span class='ocrx_word' id='word_1_44' title='bbox 1250 894 1553 954; x_wconf 78' lang='lat' dir='ltr'><strong>occultare;</strong></span> <span class='ocrx_word' id='word_1_45' title='bbox 1584 888 1670 941; x_wconf 86' lang='lat' dir='ltr'><strong>illa</strong></span> <span class='ocrx_word' id='word_1_46' title='bbox 1696 886 1758 939; x_wconf 87' lang='lat' dir='ltr'><strong>li-</strong></span> 
     </span>
    </p>
   </div>
   <div class='ocr_carea' id='block_1_7' title="bbox 150 986 1755 1077">
    <p class='ocr_par' dir='ltr' id='par_1_7' title="bbox 150 986 1755 1077">
     <span class='ocr_line' id='line_1_7' title="bbox 150 986 1755 1077; baseline -0.019 -18"><span class='ocrx_word' id='word_1_47' title='bbox 150 1005 280 1058; x_wconf 86' lang='lat' dir='ltr'><strong>bere</strong></span> <span class='ocrx_word' id='word_1_48' title='bbox 310 999 696 1070; x_wconf 65' lang='lat' dir='ltr'><strong>prmdicamus,</strong></span> <span class='ocrx_word' id='word_1_49' title='bbox 726 993 924 1048; x_wconf 84' lang='lat' dir='ltr'><strong>nedum</strong></span> <span class='ocrx_word' id='word_1_50' title='bbox 950 990 1207 1045; x_wconf 82' lang='lat' dir='ltr'><strong>colemus.</strong></span> <span class='ocrx_word' id='word_1_51' title='bbox 1258 986 1386 1039; x_wconf 60' lang='lat' dir='ltr'><strong>llarc</strong></span> <span class='ocrx_word' id='word_1_52' title='bbox 1417 992 1619 1077; x_wconf 76' lang='lat' dir='ltr'><strong>tantum</strong></span> <span class='ocrx_word' id='word_1_53' title='bbox 1650 991 1755 1077; x_wconf 39' lang='lat' dir='ltr'><strong>n-o&#39;u</strong></span> 
     </span>
    </p>
   </div>
   <div class='ocr_carea' id='block_1_8' title="bbox 152 1068 1758 1163">
    <p class='ocr_par' dir='ltr' id='par_1_8' title="bbox 152 1068 1758 1163">
     <span class='ocr_line' id='line_1_8' title="bbox 152 1068 1758 1163; baseline -0.017 -15"><span class='ocrx_word' id='word_1_54' title='bbox 152 1068 535 1163; x_wconf 84' lang='lat' dir='ltr'><strong>improperans</strong></span> <span class='ocrx_word' id='word_1_55' title='bbox 564 1088 711 1147; x_wconf 89' lang='lat' dir='ltr'><strong>dicit,</strong></span> <span class='ocrx_word' id='word_1_56' title='bbox 731 1099 905 1154; x_wconf 86' lang='lat' dir='ltr'><strong>neque</strong></span> <span class='ocrx_word' id='word_1_57' title='bbox 935 1079 1268 1149; x_wconf 79' lang='lat' dir='ltr'><strong>simpliciter,</strong></span> <span class='ocrx_word' id='word_1_58' title='bbox 1291 1075 1382 1130; x_wconf 86' lang='lat' dir='ltr'><strong>sed</strong></span> <span class='ocrx_word' id='word_1_59' title='bbox 1403 1073 1563 1128; x_wconf 81' lang='lat' dir='ltr'><strong>etiam</strong></span> <span class='ocrx_word' id='word_1_60' title='bbox 1592 1071 1643 1122; x_wconf 92' lang='lat' dir='ltr'><strong>in</strong></span> <span class='ocrx_word' id='word_1_61' title='bbox 1676 1068 1758 1163; x_wconf 79' lang='lat' dir='ltr'><strong>his</strong></span> 
     </span>
    </p>
   </div>
   <div class='ocr_carea' id='block_1_9' title="bbox 152 1160 1758 1245">
    <p class='ocr_par' dir='ltr' id='par_1_9' title="bbox 152 1160 1758 1245">
     <span class='ocr_line' id='line_1_9' title="bbox 152 1160 1758 1245; baseline -0.018 -6"><span class='ocrx_word' id='word_1_62' title='bbox 152 1160 418 1239; x_wconf 75' lang='lat' dir='ltr'><strong>moratur.</strong></span> <span class='ocrx_word' id='word_1_63' title='bbox 455 1180 556 1233; x_wconf 81' lang='lat' dir='ltr'><strong>llic</strong></span> <span class='ocrx_word' id='word_1_64' title='bbox 580 1189 650 1230; x_wconf 79' lang='lat' dir='ltr'><strong>est</strong></span> <span class='ocrx_word' id='word_1_65' title='bbox 681 1178 834 1245; x_wconf 85' lang='lat' dir='ltr'><strong>lupis,</strong></span> <span class='ocrx_word' id='word_1_66' title='bbox 862 1175 948 1244; x_wconf 89' lang='lat' dir='ltr'><strong>qui</strong></span> <span class='ocrx_word' id='word_1_67' title='bbox 974 1171 1271 1242; x_wconf 81' lang='lat' dir='ltr'><strong>reprobalus</strong></span> <span class='ocrx_word' id='word_1_68' title='bbox 1300 1176 1373 1221; x_wconf 86' lang='lat' dir='ltr'><strong>est</strong></span> <span class='ocrx_word' id='word_1_69' title='bbox 1409 1183 1441 1218; x_wconf 74' lang='grc' dir='ltr'><strong>ιι</strong></span> <span class='ocrx_word' id='word_1_70' title='bbox 1467 1163 1603 1217; x_wconf 70' lang='lat' dir='ltr'><strong>vobis</strong></span> <span class='ocrx_word' id='word_1_71' title='bbox 1632 1160 1758 1215; x_wconf 74' lang='lat' dir='ltr'><strong>tedi-</strong></span> 
     </span>
    </p>
   </div>
   <div class='ocr_carea' id='block_1_10' title="bbox 151 1253 1757 1344">
    <p class='ocr_par' dir='ltr' id='par_1_10' title="bbox 151 1253 1757 1344">
     <span class='ocr_line' id='line_1_10' title="bbox 151 1253 1757 1344; baseline -0.017 -14"><span class='ocrx_word' id='word_1_72' title='bbox 151 1275 448 1344; x_wconf 76' lang='lat' dir='ltr'><strong>ﬁcantibus.</strong></span> <span class='ocrx_word' id='word_1_73' title='bbox 476 1271 681 1326; x_wconf 85' lang='lat' dir='ltr'><strong>Deinde</strong></span> <span class='ocrx_word' id='word_1_74' title='bbox 709 1267 1002 1323; x_wconf 88' lang='lat' dir='ltr'><strong>ostendens</strong></span> <span class='ocrx_word' id='word_1_75' title='bbox 1045 1265 1191 1332; x_wconf 90' lang='lat' dir='ltr'><strong>ipsos</strong></span> <span class='ocrx_word' id='word_1_76' title='bbox 1218 1260 1509 1315; x_wconf 79' lang='lat' dir='ltr'><strong>admodum</strong></span> <span class='ocrx_word' id='word_1_77' title='bbox 1538 1253 1757 1322; x_wconf 83' lang='lat' dir='ltr'><strong>conSpi-</strong></span> 
     </span>
    </p>
   </div>
   <div class='ocr_carea' id='block_1_11' title="bbox 151 1344 1759 1426">
    <p class='ocr_par' dir='ltr' id='par_1_11' title="bbox 151 1344 1759 1426">
     <span class='ocr_line' id='line_1_11' title="bbox 151 1344 1759 1426; baseline -0.017 -5"><span class='ocrx_word' id='word_1_78' title='bbox 151 1381 310 1421; x_wconf 84' lang='lat' dir='ltr'><strong>cuum</strong></span> <span class='ocrx_word' id='word_1_79' title='bbox 329 1364 484 1419; x_wconf 86' lang='lat' dir='ltr'><strong>illum</strong></span> <span class='ocrx_word' id='word_1_80' title='bbox 502 1361 713 1425; x_wconf 82' lang='lat' dir='ltr'><strong>fecisse,</strong></span> <span class='ocrx_word' id='word_1_81' title='bbox 729 1358 874 1413; x_wconf 83' lang='lat' dir='ltr'><strong>addit</strong></span> <span class='ocrx_word' id='word_1_82' title='bbox 895 1377 907 1411; x_wconf 92' lang='lat'><strong>:</strong></span> <span class='ocrx_word' id='word_1_83' title='bbox 930 1356 1027 1423; x_wconf 85' lang='lat' dir='ltr'><strong>Qui</strong></span> <span class='ocrx_word' id='word_1_84' title='bbox 1045 1357 1210 1426; x_wconf 76' lang='lat' dir='ltr'><strong>[actus</strong></span> <span class='ocrx_word' id='word_1_85' title='bbox 1230 1362 1301 1405; x_wconf 86' lang='lat' dir='ltr'><strong>est</strong></span> <span class='ocrx_word' id='word_1_86' title='bbox 1318 1352 1531 1418; x_wconf 71' lang='lat' dir='ltr'><strong>int-aput</strong></span> <span class='ocrx_word' id='word_1_87' title='bbox 1547 1344 1725 1415; x_wconf 81' lang='lat' dir='ltr'><strong>anguli</strong></span> <span class='ocrx_word' id='word_1_88' title='bbox 1740 1360 1759 1408; x_wconf 84' lang='lat'><strong>;</strong></span> 
     </span>
    </p>
   </div>
   <div class='ocr_carea' id='block_1_12' title="bbox 152 1438 1759 1528">
    <p class='ocr_par' dir='ltr' id='par_1_12' title="bbox 152 1438 1759 1528">
     <span class='ocr_line' id='line_1_12' title="bbox 152 1438 1759 1528; baseline -0.017 -12"><span class='ocrx_word' id='word_1_89' title='bbox 152 1461 201 1515; x_wconf 84' lang='lat' dir='ltr'><strong>id</strong></span> <span class='ocrx_word' id='word_1_90' title='bbox 228 1470 335 1525; x_wconf 84' lang='lat' dir='ltr'><strong>est,</strong></span> <span class='ocrx_word' id='word_1_91' title='bbox 371 1458 462 1528; x_wconf 88' lang='lat' dir='ltr'><strong>qui</strong></span> <span class='ocrx_word' id='word_1_92' title='bbox 508 1464 694 1509; x_wconf 87' lang='lat' dir='ltr'><strong>natura</strong></span> <span class='ocrx_word' id='word_1_93' title='bbox 737 1451 1003 1521; x_wconf 86' lang='lat' dir='ltr'><strong>pretiosus</strong></span> <span class='ocrx_word' id='word_1_94' title='bbox 1033 1462 1095 1501; x_wconf 91' lang='lat' dir='ltr'><strong>ac</strong></span> <span class='ocrx_word' id='word_1_95' title='bbox 1127 1444 1383 1516; x_wconf 89' lang='lat' dir='ltr'><strong>probatus</strong></span> <span class='ocrx_word' id='word_1_96' title='bbox 1406 1450 1542 1502; x_wconf 86' lang='lat' dir='ltr'><strong>erat,</strong></span> <span class='ocrx_word' id='word_1_97' title='bbox 1562 1438 1649 1491; x_wconf 90' lang='lat' dir='ltr'><strong>hic</strong></span> <span class='ocrx_word' id='word_1_98' title='bbox 1679 1452 1759 1490; x_wconf 85' lang='lat' dir='ltr'><strong>re-</strong></span> 
     </span>
    </p>
   </div>
   <div class='ocr_carea' id='block_1_13' title="bbox 153 1530 1758 1621">
    <p class='ocr_par' dir='ltr' id='par_1_13' title="bbox 153 1530 1758 1621">
     <span class='ocr_line' id='line_1_13' title="bbox 153 1530 1758 1621; baseline -0.014 -16"><span class='ocrx_word' id='word_1_99' title='bbox 153 1552 416 1621; x_wconf 73' lang='lat' dir='ltr'><strong>probatus</strong></span> <span class='ocrx_word' id='word_1_100' title='bbox 437 1557 541 1602; x_wconf 82' lang='lat' dir='ltr'><strong>est-</strong></span> <span class='ocrx_word' id='word_1_101' title='bbox 568 1546 793 1599; x_wconf 82' lang='lat' dir='ltr'><strong>Tantam</strong></span> <span class='ocrx_word' id='word_1_102' title='bbox 817 1559 845 1596; x_wconf 90' lang='lat' dir='ltr'><strong>a</strong></span> <span class='ocrx_word' id='word_1_103' title='bbox 868 1543 1020 1610; x_wconf 86' lang='lat' dir='ltr'><strong>signo</strong></span> <span class='ocrx_word' id='word_1_104' title='bbox 1047 1540 1188 1593; x_wconf 84' lang='lat' dir='ltr'><strong>facto</strong></span> <span class='ocrx_word' id='word_1_105' title='bbox 1214 1537 1485 1591; x_wconf 89' lang='lat' dir='ltr'><strong>habebant</strong></span> <span class='ocrx_word' id='word_1_106' title='bbox 1506 1530 1758 1602; x_wconf 90' lang='lat' dir='ltr'><strong>loquendi</strong></span> 
     </span>
    </p>
   </div>
   <div class='ocr_carea' id='block_1_14' title="bbox 154 1622 1759 1702">
    <p class='ocr_par' dir='ltr' id='par_1_14' title="bbox 154 1622 1759 1702">
     <span class='ocr_line' id='line_1_14' title="bbox 154 1622 1759 1702; baseline -0.012 -6"><span class='ocrx_word' id='word_1_107' title='bbox 154 1642 430 1697; x_wconf 83' lang='lat' dir='ltr'><strong>ﬁduciam.</strong></span> <span class='ocrx_word' id='word_1_108' title='bbox 463 1639 545 1693; x_wconf 87' lang='lat' dir='ltr'><strong>Tu</strong></span> <span class='ocrx_word' id='word_1_109' title='bbox 570 1653 697 1693; x_wconf 84' lang='lat' dir='ltr'><strong>vero</strong></span> <span class='ocrx_word' id='word_1_110' title='bbox 726 1634 851 1688; x_wconf 88' lang='lat' dir='ltr'><strong>mihi</strong></span> <span class='ocrx_word' id='word_1_111' title='bbox 877 1632 1167 1702; x_wconf 87' lang='lat' dir='ltr'><strong>perpende,</strong></span> <span class='ocrx_word' id='word_1_112' title='bbox 1190 1627 1482 1700; x_wconf 90' lang='lat' dir='ltr'><strong>quomodo,</strong></span> <span class='ocrx_word' id='word_1_113' title='bbox 1509 1640 1631 1680; x_wconf 89' lang='lat' dir='ltr'><strong>cum</strong></span> <span class='ocrx_word' id='word_1_114' title='bbox 1659 1622 1759 1677; x_wconf 90' lang='lat' dir='ltr'><strong>do-</strong></span> 
     </span>
    </p>
   </div>
   <div class='ocr_carea' id='block_1_15' title="bbox 152 1723 1761 1803">
    <p class='ocr_par' dir='ltr' id='par_1_15' title="bbox 152 1723 1761 1803">
     <span class='ocr_line' id='line_1_15' title="bbox 152 1723 1761 1803; baseline -0.012 -13"><span class='ocrx_word' id='word_1_115' title='bbox 152 1750 274 1790; x_wconf 85' lang='lat' dir='ltr'><strong>cere</strong></span> <span class='ocrx_word' id='word_1_116' title='bbox 303 1741 546 1803; x_wconf 79' lang='lat' dir='ltr'><strong>oportet,</strong></span> <span class='ocrx_word' id='word_1_117' title='bbox 607 1728 918 1799; x_wconf 89' lang='lat' dir='ltr'><strong>prophetias</strong></span> <span class='ocrx_word' id='word_1_118' title='bbox 944 1725 1171 1780; x_wconf 81' lang='lat' dir='ltr'><strong>afferant</strong></span> <span class='ocrx_word' id='word_1_119' title='bbox 1213 1723 1444 1786; x_wconf 87' lang='lat' dir='ltr'><strong>multas;</strong></span> <span class='ocrx_word' id='word_1_120' title='bbox 1477 1735 1597 1775; x_wconf 87' lang='lat' dir='ltr'><strong>cum</strong></span> <span class='ocrx_word' id='word_1_121' title='bbox 1632 1731 1761 1771; x_wconf 87' lang='lat' dir='ltr'><strong>vero</strong></span> 
     </span>
    </p>
   </div>
   <div class='ocr_carea' id='block_1_16' title="bbox 155 1809 1756 1893">
    <p class='ocr_par' dir='ltr' id='par_1_16' title="bbox 155 1809 1756 1893">
     <span class='ocr_line' id='line_1_16' title="bbox 155 1809 1756 1893; baseline -0.011 -16"><span class='ocrx_word' id='word_1_122' title='bbox 155 1827 322 1881; x_wconf 86' lang='lat' dir='ltr'><strong>libere</strong></span> <span class='ocrx_word' id='word_1_123' title='bbox 356 1822 693 1893; x_wconf 75' lang='lat' dir='ltr'><strong>loquendum</strong></span> <span class='ocrx_word' id='word_1_124' title='bbox 726 1830 829 1883; x_wconf 89' lang='lat' dir='ltr'><strong>est,</strong></span> <span class='ocrx_word' id='word_1_125' title='bbox 878 1817 1201 1873; x_wconf 85' lang='lat' dir='ltr'><strong>sententiam</strong></span> <span class='ocrx_word' id='word_1_126' title='bbox 1257 1814 1429 1869; x_wconf 90' lang='lat' dir='ltr'><strong>solum</strong></span> <span class='ocrx_word' id='word_1_127' title='bbox 1462 1809 1756 1881; x_wconf 88' lang='lat' dir='ltr'><strong>proferant.</strong></span> 
     </span>
    </p>
   </div>
   <div class='ocr_carea' id='block_1_17' title="bbox 157 1903 1762 1989">
    <p class='ocr_par' dir='ltr' id='par_1_17' title="bbox 157 1903 1762 1989">
     <span class='ocr_line' id='line_1_17' title="bbox 157 1903 1762 1989; baseline -0.011 -16"><span class='ocrx_word' id='word_1_128' title='bbox 157 1919 334 1989; x_wconf 74' lang='lat' dir='ltr'><strong>Neque</strong></span> <span class='ocrx_word' id='word_1_129' title='bbox 365 1917 526 1980; x_wconf 82' lang='lat' dir='ltr'><strong>enim,</strong></span> <span class='ocrx_word' id='word_1_130' title='bbox 560 1914 764 1984; x_wconf 77' lang='lat' dir='ltr'><strong>inquit,</strong></span> <span class='ocrx_word' id='word_1_131' title='bbox 811 1913 953 1965; x_wconf 88' lang='lat' dir='ltr'><strong>aliud</strong></span> <span class='ocrx_word' id='word_1_132' title='bbox 978 1927 1159 1965; x_wconf 85' lang='lat' dir='ltr'><strong>nomen</strong></span> <span class='ocrx_word' id='word_1_133' title='bbox 1189 1918 1259 1963; x_wconf 85' lang='lat' dir='ltr'><strong>est</strong></span> <span class='ocrx_word' id='word_1_134' title='bbox 1303 1906 1394 1962; x_wconf 88' lang='lat' dir='ltr'><strong>sub</strong></span> <span class='ocrx_word' id='word_1_135' title='bbox 1429 1907 1553 1960; x_wconf 70' lang='lat' dir='ltr'><strong>uelo</strong></span> <span class='ocrx_word' id='word_1_136' title='bbox 1584 1903 1762 1956; x_wconf 85' lang='lat' dir='ltr'><strong>datum</strong></span> 
     </span>
    </p>
   </div>
   <div class='ocr_carea' id='block_1_18' title="bbox 157 1999 1763 2077">
    <p class='ocr_par' dir='ltr' id='par_1_18' title="bbox 157 1999 1763 2077">
     <span class='ocr_line' id='line_1_18' title="bbox 157 1999 1763 2077; baseline -0.008 -13"><span class='ocrx_word' id='word_1_137' title='bbox 157 2012 466 2073; x_wconf 71' lang='lat' dir='ltr'><strong>lluminibus,</strong></span> <span class='ocrx_word' id='word_1_138' title='bbox 500 2010 551 2062; x_wconf 83' lang='lat' dir='ltr'><strong>in</strong></span> <span class='ocrx_word' id='word_1_139' title='bbox 581 2025 678 2077; x_wconf 87' lang='lat' dir='ltr'><strong>quo</strong></span> <span class='ocrx_word' id='word_1_140' title='bbox 705 2016 932 2077; x_wconf 82' lang='lat' dir='ltr'><strong>aporteat</strong></span> <span class='ocrx_word' id='word_1_141' title='bbox 961 2022 1054 2058; x_wconf 89' lang='lat' dir='ltr'><strong>nos</strong></span> <span class='ocrx_word' id='word_1_142' title='bbox 1081 2003 1249 2057; x_wconf 83' lang='lat' dir='ltr'><strong>salvos</strong></span> <span class='ocrx_word' id='word_1_143' title='bbox 1275 2002 1405 2070; x_wconf 85' lang='lat' dir='ltr'><strong>ﬁeri.</strong></span> <span class='ocrx_word' id='word_1_144' title='bbox 1426 1999 1561 2068; x_wconf 88' lang='lat' dir='ltr'><strong>Quia</strong></span> <span class='ocrx_word' id='word_1_145' title='bbox 1585 1999 1763 2060; x_wconf 90' lang='lat' dir='ltr'><strong>omni-</strong></span> 
     </span>
    </p>
   </div>
   <div class='ocr_carea' id='block_1_19' title="bbox 154 2094 1757 2168">
    <p class='ocr_par' dir='ltr' id='par_1_19' title="bbox 154 2094 1757 2168">
     <span class='ocr_line' id='line_1_19' title="bbox 154 2094 1757 2168; baseline -0.01 -11"><span class='ocrx_word' id='word_1_146' title='bbox 154 2106 249 2157; x_wconf 80' lang='lat' dir='ltr'><strong>bus</strong></span> <span class='ocrx_word' id='word_1_147' title='bbox 278 2100 619 2165; x_wconf 82' lang='lat' dir='ltr'><strong>hominibus,</strong></span> <span class='ocrx_word' id='word_1_148' title='bbox 651 2113 823 2168; x_wconf 88' lang='lat' dir='ltr'><strong>neque</strong></span> <span class='ocrx_word' id='word_1_149' title='bbox 848 2098 953 2150; x_wconf 88' lang='lat' dir='ltr'><strong>illis</strong></span> <span class='ocrx_word' id='word_1_150' title='bbox 995 2094 1396 2157; x_wconf 87' lang='lat' dir='ltr'><strong>solum,datum</strong></span> <span class='ocrx_word' id='word_1_151' title='bbox 1417 2101 1499 2147; x_wconf 88' lang='lat' dir='ltr'><strong>est</strong></span> <span class='ocrx_word' id='word_1_152' title='bbox 1525 2104 1757 2145; x_wconf 90' lang='lat' dir='ltr'><strong>nomen:</strong></span> 
     </span>
    </p>
   </div>
   <div class='ocr_carea' id='block_1_20' title="bbox 153 2183 1761 2266">
    <p class='ocr_par' dir='ltr' id='par_1_20' title="bbox 153 2183 1761 2266">
     <span class='ocr_line' id='line_1_20' title="bbox 153 2183 1761 2266; baseline -0.006 -21"><span class='ocrx_word' id='word_1_153' title='bbox 153 2212 249 2266; x_wconf 77' lang='lat' dir='ltr'><strong>qua</strong></span> <span class='ocrx_word' id='word_1_154' title='bbox 284 2198 343 2249; x_wconf 92' lang='lat' dir='ltr'><strong>in</strong></span> <span class='ocrx_word' id='word_1_155' title='bbox 370 2210 430 2248; x_wconf 88' lang='lat' dir='ltr'><strong>re</strong></span> <span class='ocrx_word' id='word_1_156' title='bbox 463 2193 585 2246; x_wconf 89' lang='lat' dir='ltr'><strong>illos</strong></span> <span class='ocrx_word' id='word_1_157' title='bbox 608 2191 771 2246; x_wconf 90' lang='lat' dir='ltr'><strong>etiam</strong></span> <span class='ocrx_word' id='word_1_158' title='bbox 804 2200 967 2244; x_wconf 85' lang='lat' dir='ltr'><strong>testes</strong></span> <span class='ocrx_word' id='word_1_159' title='bbox 988 2187 1227 2241; x_wconf 79' lang='lat' dir='ltr'><strong>adducit.</strong></span> <span class='ocrx_word' id='word_1_160' title='bbox 1268 2184 1404 2251; x_wconf 86' lang='lat' dir='ltr'><strong>Quia</strong></span> <span class='ocrx_word' id='word_1_161' title='bbox 1436 2183 1580 2238; x_wconf 89' lang='lat' dir='ltr'><strong>enim</strong></span> <span class='ocrx_word' id='word_1_162' title='bbox 1608 2183 1761 2236; x_wconf 88' lang='lat' dir='ltr'><strong>dice-</strong></span> 
     </span>
    </p>
   </div>
   <div class='ocr_carea' id='block_1_21' title="bbox 154 2273 1760 2351">
    <p class='ocr_par' dir='ltr' id='par_1_21' title="bbox 154 2273 1760 2351">
     <span class='ocr_line' id='line_1_21' title="bbox 154 2273 1760 2351; baseline -0.011 -10"><span class='ocrx_word' id='word_1_163' title='bbox 154 2290 310 2341; x_wconf 76' lang='lat' dir='ltr'><strong>bant:</strong></span> <span class='ocrx_word' id='word_1_164' title='bbox 370 2283 440 2337; x_wconf 87' lang='lat' dir='ltr'><strong>In</strong></span> <span class='ocrx_word' id='word_1_165' title='bbox 492 2299 592 2351; x_wconf 85' lang='lat' dir='ltr'><strong>quo</strong></span> <span class='ocrx_word' id='word_1_166' title='bbox 645 2282 849 2335; x_wconf 79' lang='lat' dir='ltr'><strong>nomine</strong></span> <span class='ocrx_word' id='word_1_167' title='bbox 882 2280 1119 2349; x_wconf 76' lang='lat' dir='ltr'><strong>fecistis?</strong></span> <span class='ocrx_word' id='word_1_168' title='bbox 1156 2278 1223 2330; x_wconf 85' lang='lat' dir='ltr'><strong>In</strong></span> <span class='ocrx_word' id='word_1_169' title='bbox 1284 2277 1489 2329; x_wconf 80' lang='lat' dir='ltr'><strong>nomine</strong></span> <span class='ocrx_word' id='word_1_170' title='bbox 1550 2273 1760 2339; x_wconf 83' lang='lat' dir='ltr'><strong>Christi,</strong></span> 
     </span>
    </p>
   </div>
   <div class='ocr_carea' id='block_1_22' title="bbox 154 2354 1765 2445">
    <p class='ocr_par' dir='ltr' id='par_1_22' title="bbox 154 2354 1765 2445">
     <span class='ocr_line' id='line_1_22' title="bbox 154 2354 1765 2445; baseline -0.006 -17"><span class='ocrx_word' id='word_1_171' title='bbox 154 2377 423 2445; x_wconf 62' lang='lat' dir='ltr'><strong>inquiunt,</strong></span> <span class='ocrx_word' id='word_1_172' title='bbox 461 2391 564 2427; x_wconf 89' lang='lat' dir='ltr'><strong>non</strong></span> <span class='ocrx_word' id='word_1_173' title='bbox 595 2382 668 2427; x_wconf 85' lang='lat' dir='ltr'><strong>est</strong></span> <span class='ocrx_word' id='word_1_174' title='bbox 693 2371 838 2425; x_wconf 82' lang='lat' dir='ltr'><strong>aliud</strong></span> <span class='ocrx_word' id='word_1_175' title='bbox 868 2354 1071 2425; x_wconf 82' lang='lat' dir='ltr'><strong>nomen.</strong></span> <span class='ocrx_word' id='word_1_176' title='bbox 1106 2366 1391 2434; x_wconf 84' lang='lat' dir='ltr'><strong>Quomodo</strong></span> <span class='ocrx_word' id='word_1_177' title='bbox 1429 2381 1560 2436; x_wconf 79' lang='lat' dir='ltr'><strong>ergo</strong></span> <span class='ocrx_word' id='word_1_178' title='bbox 1599 2367 1765 2419; x_wconf 88' lang='lat' dir='ltr'><strong>inter-</strong></span> 
     </span>
    </p>
   </div>
   <div class='ocr_carea' id='block_1_23' title="bbox 155 2457 1764 2537">
    <p class='ocr_par' dir='ltr' id='par_1_23' title="bbox 155 2457 1764 2537">
     <span class='ocr_line' id='line_1_23' title="bbox 155 2457 1764 2537; baseline -0.007 -15"><span class='ocrx_word' id='word_1_179' title='bbox 155 2467 392 2537; x_wconf 62' lang='lat' dir='ltr'><strong>rogatis?</strong></span> <span class='ocrx_word' id='word_1_180' title='bbox 448 2464 541 2520; x_wconf 86' lang='lat' dir='ltr'><strong>Sic</strong></span> <span class='ocrx_word' id='word_1_181' title='bbox 572 2464 770 2533; x_wconf 85' lang='lat' dir='ltr'><strong>ubique</strong></span> <span class='ocrx_word' id='word_1_182' title='bbox 824 2466 926 2517; x_wconf 88' lang='lat' dir='ltr'><strong>hoc</strong></span> <span class='ocrx_word' id='word_1_183' title='bbox 954 2462 1298 2516; x_wconf 86' lang='lat' dir='ltr'><strong>manifestum</strong></span> <span class='ocrx_word' id='word_1_184' title='bbox 1337 2470 1438 2514; x_wconf 80' lang='lat' dir='ltr'><strong>cst.</strong></span> <span class='ocrx_word' id='word_1_185' title='bbox 1474 2457 1586 2511; x_wconf 84' lang='lat' dir='ltr'><strong>Nec</strong></span> <span class='ocrx_word' id='word_1_186' title='bbox 1630 2458 1764 2512; x_wconf 85' lang='lat' dir='ltr'><strong>enim</strong></span> 
     </span>
    </p>
   </div>
   <div class='ocr_carea' id='block_1_24' title="bbox 152 2553 1765 2622">
    <p class='ocr_par' dir='ltr' id='par_1_24' title="bbox 152 2553 1765 2622">
     <span class='ocr_line' id='line_1_24' title="bbox 152 2553 1765 2622; baseline -0.005 -11"><span class='ocrx_word' id='word_1_187' title='bbox 152 2560 288 2612; x_wconf 77' lang='lat' dir='ltr'><strong>aliud</strong></span> <span class='ocrx_word' id='word_1_188' title='bbox 318 2574 512 2611; x_wconf 78' lang='lat' dir='ltr'><strong>nomen</strong></span> <span class='ocrx_word' id='word_1_189' title='bbox 536 2566 609 2610; x_wconf 82' lang='lat' dir='ltr'><strong>est</strong></span> <span class='ocrx_word' id='word_1_190' title='bbox 650 2557 741 2609; x_wconf 86' lang='lat' dir='ltr'><strong>sub</strong></span> <span class='ocrx_word' id='word_1_191' title='bbox 767 2556 912 2617; x_wconf 65' lang='lat' dir='ltr'><strong>ca&#39;lo,</strong></span> <span class='ocrx_word' id='word_1_192' title='bbox 947 2554 1137 2622; x_wconf 83' lang='lat' dir='ltr'><strong>inquit,</strong></span> <span class='ocrx_word' id='word_1_193' title='bbox 1188 2553 1241 2604; x_wconf 90' lang='lat' dir='ltr'><strong>in</strong></span> <span class='ocrx_word' id='word_1_194' title='bbox 1278 2568 1375 2620; x_wconf 88' lang='lat' dir='ltr'><strong>quo</strong></span> <span class='ocrx_word' id='word_1_195' title='bbox 1405 2559 1633 2620; x_wconf 84' lang='lat' dir='ltr'><strong>oporteat</strong></span> <span class='ocrx_word' id='word_1_196' title='bbox 1672 2566 1765 2603; x_wconf 89' lang='lat' dir='ltr'><strong>nos</strong></span> 
     </span>
    </p>
   </div>
   <div class='ocr_carea' id='block_1_25' title="bbox 152 2642 1765 2717">
    <p class='ocr_par' dir='ltr' id='par_1_25' title="bbox 152 2642 1765 2717">
     <span class='ocr_line' id='line_1_25' title="bbox 152 2642 1765 2717; baseline -0.005 -12"><span class='ocrx_word' id='word_1_197' title='bbox 152 2655 312 2705; x_wconf 73' lang='lat' dir='ltr'><strong>salvos</strong></span> <span class='ocrx_word' id='word_1_198' title='bbox 363 2651 505 2717; x_wconf 68' lang='lat' dir='ltr'><strong>ﬁeri.</strong></span> <span class='ocrx_word' id='word_1_199' title='bbox 554 2649 682 2704; x_wconf 74' lang='lat' dir='ltr'><strong>llzec</strong></span> <span class='ocrx_word' id='word_1_200' title='bbox 729 2657 853 2702; x_wconf 87' lang='lat' dir='ltr'><strong>sunt</strong></span> <span class='ocrx_word' id='word_1_201' title='bbox 881 2648 1076 2701; x_wconf 74' lang='lat' dir='ltr'><strong>anima:</strong></span> <span class='ocrx_word' id='word_1_202' title='bbox 1107 2646 1269 2699; x_wconf 90' lang='lat' dir='ltr'><strong>vitam</strong></span> <span class='ocrx_word' id='word_1_203' title='bbox 1317 2654 1639 2713; x_wconf 65' lang='lat' dir='ltr'><strong>praesentem</strong></span> <span class='ocrx_word' id='word_1_204' title='bbox 1669 2642 1765 2697; x_wconf 84' lang='lat' dir='ltr'><strong>de-</strong></span> 
     </span>
    </p>
   </div>
   <div class='ocr_carea' id='block_1_26' title="bbox 152 2738 1762 2813">
    <p class='ocr_par' dir='ltr' id='par_1_26' title="bbox 152 2738 1762 2813">
     <span class='ocr_line' id='line_1_26' title="bbox 152 2738 1762 2813; baseline -0.006 -14"><span class='ocrx_word' id='word_1_205' title='bbox 152 2744 462 2813; x_wconf 80' lang='lat' dir='ltr'><strong>spicientis;</strong></span> <span class='ocrx_word' id='word_1_206' title='bbox 512 2742 757 2811; x_wconf 78' lang='lat' dir='ltr'><strong>utarguit</strong></span> <span class='ocrx_word' id='word_1_207' title='bbox 778 2742 864 2794; x_wconf 87' lang='lat' dir='ltr'><strong>illa</strong></span> <span class='ocrx_word' id='word_1_208' title='bbox 892 2750 1035 2794; x_wconf 90' lang='lat' dir='ltr'><strong>tanta</strong></span> <span class='ocrx_word' id='word_1_209' title='bbox 1051 2740 1290 2793; x_wconf 86' lang='lat' dir='ltr'><strong>libertas.</strong></span> <span class='ocrx_word' id='word_1_210' title='bbox 1307 2738 1443 2792; x_wconf 88' lang='lat' dir='ltr'><strong>llinc</strong></span> <span class='ocrx_word' id='word_1_211' title='bbox 1466 2738 1639 2808; x_wconf 91' lang='lat' dir='ltr'><strong>palam</strong></span> <span class='ocrx_word' id='word_1_212' title='bbox 1658 2745 1762 2803; x_wconf 89' lang='lat' dir='ltr'><strong>est,</strong></span> 
     </span>
    </p>
   </div>
   <div class='ocr_carea' id='block_1_27' title="bbox 152 2828 1765 2907">
    <p class='ocr_par' dir='ltr' id='par_1_27' title="bbox 152 2828 1765 2907">
     <span class='ocr_line' id='line_1_27' title="bbox 152 2828 1765 2907; baseline -0.004 -17"><span class='ocrx_word' id='word_1_213' title='bbox 152 2836 365 2907; x_wconf 77' lang='lat' dir='ltr'><strong>quando</strong></span> <span class='ocrx_word' id='word_1_214' title='bbox 390 2834 619 2887; x_wconf 84' lang='lat' dir='ltr'><strong>humilia</strong></span> <span class='ocrx_word' id='word_1_215' title='bbox 642 2833 711 2887; x_wconf 90' lang='lat' dir='ltr'><strong>de</strong></span> <span class='ocrx_word' id='word_1_216' title='bbox 740 2833 955 2886; x_wconf 87' lang='lat' dir='ltr'><strong>Christo</strong></span> <span class='ocrx_word' id='word_1_217' title='bbox 975 2831 1125 2896; x_wconf 85' lang='lat' dir='ltr'><strong>dicit,</strong></span> <span class='ocrx_word' id='word_1_218' title='bbox 1156 2846 1263 2885; x_wconf 92' lang='lat' dir='ltr'><strong>non</strong></span> <span class='ocrx_word' id='word_1_219' title='bbox 1295 2846 1405 2899; x_wconf 70' lang='lat' dir='ltr'><strong>pra:</strong></span> <span class='ocrx_word' id='word_1_220' title='bbox 1430 2831 1645 2895; x_wconf 87' lang='lat' dir='ltr'><strong>timore,</strong></span> <span class='ocrx_word' id='word_1_221' title='bbox 1670 2828 1765 2884; x_wconf 90' lang='lat' dir='ltr'><strong>sed</strong></span> 
     </span>
    </p>
   </div>
   <div class='ocr_carea' id='block_1_28' title="bbox 151 2922 1766 2998">
    <p class='ocr_par' dir='ltr' id='par_1_28' title="bbox 151 2922 1766 2998">
     <span class='ocr_line' id='line_1_28' title="bbox 151 2922 1766 2998; baseline -0.003 -17"><span class='ocrx_word' id='word_1_222' title='bbox 151 2945 205 2981; x_wconf 87' lang='lat' dir='ltr'><strong>se</strong></span> <span class='ocrx_word' id='word_1_223' title='bbox 238 2925 664 2998; x_wconf 82' lang='lat' dir='ltr'><strong>attemperando</strong></span> <span class='ocrx_word' id='word_1_224' title='bbox 716 2924 767 2978; x_wconf 92' lang='lat' dir='ltr'><strong>id</strong></span> <span class='ocrx_word' id='word_1_225' title='bbox 812 2938 974 2993; x_wconf 72' lang='lat' dir='ltr'><strong>agere</strong></span> <span class='ocrx_word' id='word_1_226' title='bbox 1007 2940 1020 2975; x_wconf 90' lang='lat'><strong>:</strong></span> <span class='ocrx_word' id='word_1_227' title='bbox 1051 2924 1174 2994; x_wconf 89' lang='lat' dir='ltr'><strong>quia</strong></span> <span class='ocrx_word' id='word_1_228' title='bbox 1222 2938 1353 2977; x_wconf 86' lang='lat' dir='ltr'><strong>vero</strong></span> <span class='ocrx_word' id='word_1_229' title='bbox 1397 2922 1509 2992; x_wconf 90' lang='lat' dir='ltr'><strong>jam</strong></span> <span class='ocrx_word' id='word_1_230' title='bbox 1554 2931 1766 2991; x_wconf 84' lang='lat' dir='ltr'><strong>tempus</strong></span> 
     </span>
    </p>
   </div>
   <div class='ocr_carea' id='block_1_29' title="bbox 154 3014 1764 3086">
    <p class='ocr_par' dir='ltr' id='par_1_29' title="bbox 154 3014 1764 3086">
     <span class='ocr_line' id='line_1_29' title="bbox 154 3014 1764 3086; baseline -0.004 -11"><span class='ocrx_word' id='word_1_231' title='bbox 154 3030 282 3083; x_wconf 84' lang='lat' dir='ltr'><strong>erat,</strong></span> <span class='ocrx_word' id='word_1_232' title='bbox 326 3020 412 3073; x_wconf 88' lang='lat' dir='ltr'><strong>sic</strong></span> <span class='ocrx_word' id='word_1_233' title='bbox 436 3018 691 3072; x_wconf 80' lang='lat' dir='ltr'><strong>sublimia</strong></span> <span class='ocrx_word' id='word_1_234' title='bbox 725 3017 994 3086; x_wconf 87' lang='lat' dir='ltr'><strong>loquitur;</strong></span> <span class='ocrx_word' id='word_1_235' title='bbox 1028 3016 1097 3069; x_wconf 88' lang='lat' dir='ltr'><strong>ita</strong></span> <span class='ocrx_word' id='word_1_236' title='bbox 1127 3026 1185 3069; x_wconf 92' lang='lat' dir='ltr'><strong>ut</strong></span> <span class='ocrx_word' id='word_1_237' title='bbox 1208 3016 1335 3070; x_wconf 89' lang='lat' dir='ltr'><strong>hinc</strong></span> <span class='ocrx_word' id='word_1_238' title='bbox 1364 3018 1526 3070; x_wconf 89' lang='lat' dir='ltr'><strong>etiam</strong></span> <span class='ocrx_word' id='word_1_239' title='bbox 1555 3014 1764 3070; x_wconf 87' lang='lat' dir='ltr'><strong>audito-</strong></span> 
     </span>
    </p>
   </div>
   <div class='ocr_carea' id='block_1_30' title="bbox 155 3108 1766 3179">
    <p class='ocr_par' dir='ltr' id='par_1_30' title="bbox 155 3108 1766 3179">
     <span class='ocr_line' id='line_1_30' title="bbox 155 3108 1766 3179; baseline -0.002 -14"><span class='ocrx_word' id='word_1_240' title='bbox 155 3128 233 3165; x_wconf 85' lang='lat' dir='ltr'><strong>res</strong></span> <span class='ocrx_word' id='word_1_241' title='bbox 276 3125 478 3164; x_wconf 75' lang='lat' dir='ltr'><strong>omnes</strong></span> <span class='ocrx_word' id='word_1_242' title='bbox 518 3110 969 3179; x_wconf 72' lang='lat' dir='ltr'><strong>obstupefaceret.</strong></span> <span class='ocrx_word' id='word_1_243' title='bbox 992 3109 1127 3163; x_wconf 84' lang='lat' dir='ltr'><strong>Ecce</strong></span> <span class='ocrx_word' id='word_1_244' title='bbox 1153 3117 1205 3163; x_wconf 88' lang='lat' dir='ltr'><strong>et</strong></span> <span class='ocrx_word' id='word_1_245' title='bbox 1227 3108 1370 3161; x_wconf 82' lang='lat' dir='ltr'><strong>aliud</strong></span> <span class='ocrx_word' id='word_1_246' title='bbox 1400 3109 1607 3178; x_wconf 82' lang='lat' dir='ltr'><strong>signum</strong></span> <span class='ocrx_word' id='word_1_247' title='bbox 1632 3123 1766 3177; x_wconf 80' lang='lat' dir='ltr'><strong>prte-</strong></span> 
     </span>
    </p>
   </div>
   <div class='ocr_carea' id='block_1_31' title="bbox 155 3198 1766 3271">
    <p class='ocr_par' dir='ltr' id='par_1_31' title="bbox 155 3198 1766 3271">
     <span class='ocr_line' id='line_1_31' title="bbox 155 3198 1766 3271; baseline 0.001 -19"><span class='ocrx_word' id='word_1_248' title='bbox 155 3205 379 3257; x_wconf 71' lang='lat' dir='ltr'><strong>redeute</strong></span> <span class='ocrx_word' id='word_1_249' title='bbox 402 3217 513 3255; x_wconf 91' lang='lat' dir='ltr'><strong>non</strong></span> <span class='ocrx_word' id='word_1_250' title='bbox 544 3201 740 3254; x_wconf 89' lang='lat' dir='ltr'><strong>minus.</strong></span> <span class='ocrx_word' id='word_1_251' title='bbox 772 3198 1150 3271; x_wconf 83' lang='lat' dir='ltr'><strong>Cognoscebant</strong></span> <span class='ocrx_word' id='word_1_252' title='bbox 1166 3217 1275 3266; x_wconf 86' lang='lat' dir='ltr'><strong>eos,</strong></span> <span class='ocrx_word' id='word_1_253' title='bbox 1293 3200 1487 3271; x_wconf 87' lang='lat' dir='ltr'><strong>inquit,</strong></span> <span class='ocrx_word' id='word_1_254' title='bbox 1515 3202 1633 3270; x_wconf 86' lang='lat' dir='ltr'><strong>quia</strong></span> <span class='ocrx_word' id='word_1_255' title='bbox 1651 3218 1766 3254; x_wconf 86' lang='lat' dir='ltr'><strong>cum</strong></span> 
     </span>
    </p>
   </div>
   <div class='ocr_carea' id='block_1_32' title="bbox 155 3292 1763 3363">
    <p class='ocr_par' dir='ltr' id='par_1_32' title="bbox 155 3292 1763 3363">
     <span class='ocr_line' id='line_1_32' title="bbox 155 3292 1763 3363; baseline 0 -18"><span class='ocrx_word' id='word_1_256' title='bbox 155 3293 273 3347; x_wconf 81' lang='lat' dir='ltr'><strong>Jesu</strong></span> <span class='ocrx_word' id='word_1_257' title='bbox 299 3299 535 3363; x_wconf 76' lang='lat' dir='ltr'><strong>fuerunt.</strong></span> <span class='ocrx_word' id='word_1_258' title='bbox 569 3292 682 3347; x_wconf 75' lang='lat' dir='ltr'><strong>NOII</strong></span> <span class='ocrx_word' id='word_1_259' title='bbox 713 3293 828 3346; x_wconf 86' lang='lat' dir='ltr'><strong>sine</strong></span> <span class='ocrx_word' id='word_1_260' title='bbox 858 3307 1015 3345; x_wconf 85' lang='lat' dir='ltr'><strong>eausa</strong></span> <span class='ocrx_word' id='word_1_261' title='bbox 1046 3292 1146 3346; x_wconf 87' lang='lat' dir='ltr'><strong>hoc</strong></span> <span class='ocrx_word' id='word_1_262' title='bbox 1180 3294 1359 3362; x_wconf 82' lang='lat' dir='ltr'><strong>posuit</strong></span> <span class='ocrx_word' id='word_1_263' title='bbox 1403 3292 1763 3363; x_wconf 80' lang='lat' dir='ltr'><strong>Evangelisla,</strong></span> 
     </span>
    </p>
   </div>
   <div class='ocr_carea' id='block_1_33' title="bbox 155 3385 1763 3455">
    <p class='ocr_par' dir='ltr' id='par_1_33' title="bbox 155 3385 1763 3455">
     <span class='ocr_line' id='line_1_33' title="bbox 155 3385 1763 3455; baseline 0.001 -17"><span class='ocrx_word' id='word_1_264' title='bbox 155 3388 242 3438; x_wconf 77' lang='lat' dir='ltr'><strong>sel</strong></span> <span class='ocrx_word' id='word_1_265' title='bbox 286 3399 344 3438; x_wconf 91' lang='lat' dir='ltr'><strong>ut</strong></span> <span class='ocrx_word' id='word_1_266' title='bbox 390 3386 637 3439; x_wconf 68' lang='lat' dir='ltr'><strong>decliret</strong></span> <span class='ocrx_word' id='word_1_267' title='bbox 684 3385 867 3450; x_wconf 72' lang='lat' dir='ltr'><strong>etiam,</strong></span> <span class='ocrx_word' id='word_1_268' title='bbox 901 3386 986 3438; x_wconf 91' lang='lat' dir='ltr'><strong>ubi</strong></span> <span class='ocrx_word' id='word_1_269' title='bbox 1017 3385 1236 3440; x_wconf 82' lang='lat' dir='ltr'><strong>fuerint.</strong></span> <span class='ocrx_word' id='word_1_270' title='bbox 1280 3386 1337 3439; x_wconf 93' lang='lat' dir='ltr'><strong>In</strong></span> <span class='ocrx_word' id='word_1_271' title='bbox 1370 3387 1645 3455; x_wconf 86' lang='lat' dir='ltr'><strong>passione,</strong></span> <span class='ocrx_word' id='word_1_272' title='bbox 1678 3386 1763 3439; x_wconf 93' lang='lat' dir='ltr'><strong>in-</strong></span> 
     </span>
    </p>
   </div>
   <div class='ocr_carea' id='block_1_34' title="bbox 156 3476 1768 3547">
    <p class='ocr_par' dir='ltr' id='par_1_34' title="bbox 156 3476 1768 3547">
     <span class='ocr_line' id='line_1_34' title="bbox 156 3476 1768 3547; baseline 0.002 -19"><span class='ocrx_word' id='word_1_273' title='bbox 156 3478 282 3542; x_wconf 85' lang='lat' dir='ltr'><strong>quit.</strong></span> <span class='ocrx_word' id='word_1_274' title='bbox 316 3476 384 3530; x_wconf 79' lang='lat' dir='ltr'><strong>Hi</strong></span> <span class='ocrx_word' id='word_1_275' title='bbox 416 3476 567 3530; x_wconf 89' lang='lat' dir='ltr'><strong>enim</strong></span> <span class='ocrx_word' id='word_1_276' title='bbox 598 3476 697 3530; x_wconf 89' lang='lat' dir='ltr'><strong>soli</strong></span> <span class='ocrx_word' id='word_1_277' title='bbox 745 3486 870 3530; x_wconf 91' lang='lat' dir='ltr'><strong>tunc</strong></span> <span class='ocrx_word' id='word_1_278' title='bbox 898 3493 998 3529; x_wconf 89' lang='lat' dir='ltr'><strong>una</strong></span> <span class='ocrx_word' id='word_1_279' title='bbox 1044 3489 1220 3540; x_wconf 85' lang='lat' dir='ltr'><strong>erant,</strong></span> <span class='ocrx_word' id='word_1_280' title='bbox 1273 3478 1497 3547; x_wconf 70' lang='lat' dir='ltr'><strong>quando‘</strong></span> <span class='ocrx_word' id='word_1_281' title='bbox 1520 3478 1768 3533; x_wconf 73' lang='lat' dir='ltr'><strong>viderunt</strong></span> 
     </span>
    </p>
   </div>
   <div class='ocr_carea' id='block_1_35' title="bbox 159 3568 1769 3639">
    <p class='ocr_par' dir='ltr' id='par_1_35' title="bbox 159 3568 1769 3639">
     <span class='ocr_line' id='line_1_35' title="bbox 159 3568 1769 3639; baseline 0.002 -18"><span class='ocrx_word' id='word_1_282' title='bbox 159 3569 273 3624; x_wconf 81' lang='lat' dir='ltr'><strong>illos</strong></span> <span class='ocrx_word' id='word_1_283' title='bbox 302 3569 568 3633; x_wconf 82' lang='lat' dir='ltr'><strong>humiles,</strong></span> <span class='ocrx_word' id='word_1_284' title='bbox 600 3568 835 3637; x_wconf 86' lang='lat' dir='ltr'><strong>dejectos</strong></span> <span class='ocrx_word' id='word_1_285' title='bbox 864 3587 878 3623; x_wconf 91' lang='lat'><strong>:</strong></span> <span class='ocrx_word' id='word_1_286' title='bbox 908 3569 1049 3639; x_wconf 87' lang='lat' dir='ltr'><strong>quod</strong></span> <span class='ocrx_word' id='word_1_287' title='bbox 1084 3570 1202 3625; x_wconf 91' lang='lat' dir='ltr'><strong>illos</strong></span> <span class='ocrx_word' id='word_1_288' title='bbox 1246 3572 1480 3626; x_wconf 76' lang='lat' dir='ltr'><strong>maxime</strong></span> <span class='ocrx_word' id='word_1_289' title='bbox 1511 3572 1560 3625; x_wconf 90' lang='lat' dir='ltr'><strong>in</strong></span> <span class='ocrx_word' id='word_1_290' title='bbox 1598 3572 1769 3626; x_wconf 79' lang='lat' dir='ltr'><strong>admi-</strong></span> 
     </span>
    </p>
   </div>
   <div class='ocr_carea' id='block_1_36' title="bbox 160 3660 1767 3730">
    <p class='ocr_par' dir='ltr' id='par_1_36' title="bbox 160 3660 1767 3730">
     <span class='ocr_line' id='line_1_36' title="bbox 160 3660 1767 3730; baseline 0.002 -19"><span class='ocrx_word' id='word_1_291' title='bbox 160 3663 419 3714; x_wconf 79' lang='lat' dir='ltr'><strong>rationem</strong></span> <span class='ocrx_word' id='word_1_292' title='bbox 450 3660 720 3728; x_wconf 76' lang='lat' dir='ltr'><strong>rapiebat,</strong></span> <span class='ocrx_word' id='word_1_293' title='bbox 770 3664 1051 3729; x_wconf 86' lang='lat' dir='ltr'><strong>repentina</strong></span> <span class='ocrx_word' id='word_1_294' title='bbox 1096 3678 1293 3730; x_wconf 89' lang='lat' dir='ltr'><strong>nempe</strong></span> <span class='ocrx_word' id='word_1_295' title='bbox 1342 3663 1585 3716; x_wconf 90' lang='lat' dir='ltr'><strong>nmlatio.</strong></span> <span class='ocrx_word' id='word_1_296' title='bbox 1634 3663 1767 3716; x_wconf 83' lang='lat' dir='ltr'><strong>Nam</strong></span> 
     </span>
    </p>
   </div>
   <div class='ocr_carea' id='block_1_37' title="bbox 158 3752 1770 3819">
    <p class='ocr_par' dir='ltr' id='par_1_37' title="bbox 158 3752 1770 3819">
     <span class='ocr_line' id='line_1_37' title="bbox 158 3752 1770 3819; baseline 0.002 -15"><span class='ocrx_word' id='word_1_297' title='bbox 158 3754 259 3808; x_wconf 90' lang='lat' dir='ltr'><strong>illic</strong></span> <span class='ocrx_word' id='word_1_298' title='bbox 294 3762 462 3807; x_wconf 87' lang='lat' dir='ltr'><strong>erant</strong></span> <span class='ocrx_word' id='word_1_299' title='bbox 511 3754 693 3804; x_wconf 74' lang='lat' dir='ltr'><strong>Annas</strong></span> <span class='ocrx_word' id='word_1_300' title='bbox 742 3761 797 3805; x_wconf 89' lang='lat' dir='ltr'><strong>et</strong></span> <span class='ocrx_word' id='word_1_301' title='bbox 839 3752 1091 3819; x_wconf 83' lang='lat' dir='ltr'><strong>Caiphas,</strong></span> <span class='ocrx_word' id='word_1_302' title='bbox 1126 3762 1181 3807; x_wconf 88' lang='lat' dir='ltr'><strong>et</strong></span> <span class='ocrx_word' id='word_1_303' title='bbox 1205 3754 1257 3806; x_wconf 90' lang='lat' dir='ltr'><strong>hi</strong></span> <span class='ocrx_word' id='word_1_304' title='bbox 1289 3755 1453 3807; x_wconf 88' lang='lat' dir='ltr'><strong>etiam</strong></span> <span class='ocrx_word' id='word_1_305' title='bbox 1486 3754 1770 3808; x_wconf 84' lang='lat' dir='ltr'><strong>adstabant</strong></span> 
     </span>
    </p>
   </div>
   <div class='ocr_carea' id='block_1_38' title="bbox 158 3845 1769 3914">
    <p class='ocr_par' dir='ltr' id='par_1_38' title="bbox 158 3845 1769 3914">
     <span class='ocr_line' id='line_1_38' title="bbox 158 3845 1769 3914; baseline 0 -15"><span class='ocrx_word' id='word_1_306' title='bbox 158 3847 285 3909; x_wconf 89' lang='lat' dir='ltr'><strong>illis;</strong></span> <span class='ocrx_word' id='word_1_307' title='bbox 320 3860 474 3899; x_wconf 88' lang='lat' dir='ltr'><strong>nunc</strong></span> <span class='ocrx_word' id='word_1_308' title='bbox 502 3854 682 3898; x_wconf 89' lang='lat' dir='ltr'><strong>autem</strong></span> <span class='ocrx_word' id='word_1_309' title='bbox 711 3845 1169 3914; x_wconf 79' lang='lat' dir='ltr'><strong>obstupefaciebat</strong></span> <span class='ocrx_word' id='word_1_310' title='bbox 1196 3862 1294 3901; x_wconf 90' lang='lat' dir='ltr'><strong>eos</strong></span> <span class='ocrx_word' id='word_1_311' title='bbox 1327 3847 1414 3900; x_wconf 85' lang='lat' dir='ltr'><strong>illa</strong></span> <span class='ocrx_word' id='word_1_312' title='bbox 1447 3855 1590 3899; x_wconf 88' lang='lat' dir='ltr'><strong>tanta</strong></span> <span class='ocrx_word' id='word_1_313' title='bbox 1613 3847 1769 3900; x_wconf 84' lang='lat' dir='ltr'><strong>liber-</strong></span> 
     </span>
    </p>
   </div>
   <div class='ocr_carea' id='block_1_39' title="bbox 159 3937 1768 4006">
    <p class='ocr_par' dir='ltr' id='par_1_39' title="bbox 159 3937 1768 4006">
     <span class='ocr_line' id='line_1_39' title="bbox 159 3937 1768 4006; baseline 0.001 -15"><span class='ocrx_word' id='word_1_314' title='bbox 159 3949 252 3991; x_wconf 82' lang='lat' dir='ltr'><strong>tas.</strong></span> <span class='ocrx_word' id='word_1_315' title='bbox 277 3938 474 4006; x_wconf 82' lang='lat' dir='ltr'><strong>Neque</strong></span> <span class='ocrx_word' id='word_1_316' title='bbox 505 3937 651 3989; x_wconf 87' lang='lat' dir='ltr'><strong>enim</strong></span> <span class='ocrx_word' id='word_1_317' title='bbox 680 3937 857 3991; x_wconf 80' lang='lat' dir='ltr'><strong>verbis</strong></span> <span class='ocrx_word' id='word_1_318' title='bbox 890 3945 1095 3991; x_wconf 90' lang='lat' dir='ltr'><strong>tantum</strong></span> <span class='ocrx_word' id='word_1_319' title='bbox 1120 3938 1501 4003; x_wconf 89' lang='lat' dir='ltr'><strong>ostendebant,</strong></span> <span class='ocrx_word' id='word_1_320' title='bbox 1534 3954 1592 3993; x_wconf 90' lang='lat' dir='ltr'><strong>se</strong></span> <span class='ocrx_word' id='word_1_321' title='bbox 1636 3939 1768 3992; x_wconf 83' lang='lat' dir='ltr'><strong>nihil</strong></span> 
     </span>
    </p>
   </div>
   <div class='ocr_carea' id='block_1_40' title="bbox 157 4029 1770 4096">
    <p class='ocr_par' dir='ltr' id='par_1_40' title="bbox 157 4029 1770 4096">
     <span class='ocr_line' id='line_1_40' title="bbox 157 4029 1770 4096; baseline 0.001 -13"><span class='ocrx_word' id='word_1_322' title='bbox 157 4046 345 4085; x_wconf 62' lang='lat' dir='ltr'><strong>(mre</strong></span> <span class='ocrx_word' id='word_1_323' title='bbox 372 4030 445 4084; x_wconf 89' lang='lat' dir='ltr'><strong>de</strong></span> <span class='ocrx_word' id='word_1_324' title='bbox 478 4029 642 4083; x_wconf 81' lang='lat' dir='ltr'><strong>rebus</strong></span> <span class='ocrx_word' id='word_1_325' title='bbox 687 4029 993 4096; x_wconf 84' lang='lat' dir='ltr'><strong>hujusmodi</strong></span> <span class='ocrx_word' id='word_1_326' title='bbox 1040 4030 1091 4081; x_wconf 92' lang='lat' dir='ltr'><strong>in</strong></span> <span class='ocrx_word' id='word_1_327' title='bbox 1116 4030 1203 4096; x_wconf 87' lang='lat' dir='ltr'><strong>jus</strong></span> <span class='ocrx_word' id='word_1_328' title='bbox 1239 4030 1520 4096; x_wconf 88' lang='lat' dir='ltr'><strong>adductos,</strong></span> <span class='ocrx_word' id='word_1_329' title='bbox 1552 4046 1674 4084; x_wconf 90' lang='lat' dir='ltr'><strong>cum</strong></span> <span class='ocrx_word' id='word_1_330' title='bbox 1700 4031 1770 4085; x_wconf 89' lang='lat' dir='ltr'><strong>de</strong></span> 
     </span>
    </p>
   </div>
   <div class='ocr_carea' id='block_1_41' title="bbox 159 4121 1765 4192">
    <p class='ocr_par' dir='ltr' id='par_1_41' title="bbox 159 4121 1765 4192">
     <span class='ocr_line' id='line_1_41' title="bbox 159 4121 1765 4192; baseline -0.001 -15"><span class='ocrx_word' id='word_1_331' title='bbox 159 4124 418 4178; x_wconf 67' lang='lat' dir='ltr'><strong>ertremis</strong></span> <span class='ocrx_word' id='word_1_332' title='bbox 444 4122 915 4191; x_wconf 78' lang='lat' dir='ltr'><strong>periclitarcntur;</strong></span> <span class='ocrx_word' id='word_1_333' title='bbox 941 4121 1033 4176; x_wconf 89' lang='lat' dir='ltr'><strong>sed</strong></span> <span class='ocrx_word' id='word_1_334' title='bbox 1058 4122 1327 4185; x_wconf 88' lang='lat' dir='ltr'><strong>ethahitu,</strong></span> <span class='ocrx_word' id='word_1_335' title='bbox 1353 4140 1503 4189; x_wconf 88' lang='lat' dir='ltr'><strong>voce,</strong></span> <span class='ocrx_word' id='word_1_336' title='bbox 1526 4133 1765 4192; x_wconf 76' lang='lat' dir='ltr'><strong>aSpcctu,</strong></span> 
     </span>
    </p>
   </div>
   <div class='ocr_carea' id='block_1_42' title="bbox 161 4212 1773 4284">
    <p class='ocr_par' dir='ltr' id='par_1_42' title="bbox 161 4212 1773 4284">
     <span class='ocr_line' id='line_1_42' title="bbox 161 4212 1773 4284; baseline 0 -15"><span class='ocrx_word' id='word_1_337' title='bbox 161 4226 210 4269; x_wconf 85' lang='lat' dir='ltr'><strong>ct</strong></span> <span class='ocrx_word' id='word_1_338' title='bbox 232 4216 497 4269; x_wconf 87' lang='lat' dir='ltr'><strong>omnibus</strong></span> <span class='ocrx_word' id='word_1_339' title='bbox 520 4214 820 4267; x_wconf 86' lang='lat' dir='ltr'><strong>libertatem</strong></span> <span class='ocrx_word' id='word_1_340' title='bbox 847 4213 1094 4282; x_wconf 89' lang='lat' dir='ltr'><strong>loquendi</strong></span> <span class='ocrx_word' id='word_1_341' title='bbox 1118 4229 1299 4268; x_wconf 91' lang='lat' dir='ltr'><strong>coram</strong></span> <span class='ocrx_word' id='word_1_342' title='bbox 1335 4217 1532 4284; x_wconf 83' lang='lat' dir='ltr'><strong>pepqu</strong></span> <span class='ocrx_word' id='word_1_343' title='bbox 1552 4212 1773 4270; x_wconf 78' lang='lat' dir='ltr'><strong>exhibe-</strong></span> 
     </span>
    </p>
   </div>
   <div class='ocr_carea' id='block_1_43' title="bbox 161 4305 1772 4375">
    <p class='ocr_par' dir='ltr' id='par_1_43' title="bbox 161 4305 1772 4375">
     <span class='ocr_line' id='line_1_43' title="bbox 161 4305 1772 4375; baseline 0.001 -14"><span class='ocrx_word' id='word_1_344' title='bbox 161 4309 302 4361; x_wconf 65' lang='lat' dir='ltr'><strong>liant.</strong></span> <span class='ocrx_word' id='word_1_345' title='bbox 334 4307 671 4361; x_wconf 69' lang='lat' dir='ltr'><strong>Mirabantur</strong></span> <span class='ocrx_word' id='word_1_346' title='bbox 700 4322 827 4360; x_wconf 84' lang='lat' dir='ltr'><strong>vero</strong></span> <span class='ocrx_word' id='word_1_347' title='bbox 857 4305 1083 4360; x_wconf 81' lang='lat' dir='ltr'><strong>fortasse</strong></span> <span class='ocrx_word' id='word_1_348' title='bbox 1108 4348 1123 4371; x_wconf 89' lang='lat'><strong>,</strong></span> <span class='ocrx_word' id='word_1_349' title='bbox 1154 4307 1295 4375; x_wconf 88' lang='lat' dir='ltr'><strong>quod</strong></span> <span class='ocrx_word' id='word_1_350' title='bbox 1327 4308 1572 4361; x_wconf 87' lang='lat' dir='ltr'><strong>homines</strong></span> <span class='ocrx_word' id='word_1_351' title='bbox 1617 4308 1772 4362; x_wconf 89' lang='lat' dir='ltr'><strong>illite-</strong></span> 
     </span>
    </p>
   </div>
   <div class='ocr_carea' id='block_1_44' title="bbox 162 4398 1766 4468">
    <p class='ocr_par' dir='ltr' id='par_1_44' title="bbox 162 4398 1766 4468">
     <span class='ocr_line' id='line_1_44' title="bbox 162 4398 1766 4468; baseline 0.001 -16"><span class='ocrx_word' id='word_1_352' title='bbox 162 4401 255 4453; x_wconf 64' lang='grc' dir='ltr'><strong>τειί</strong></span> <span class='ocrx_word' id='word_1_353' title='bbox 278 4408 336 4453; x_wconf 88' lang='lat' dir='ltr'><strong>et</strong></span> <span class='ocrx_word' id='word_1_354' title='bbox 370 4398 556 4451; x_wconf 75' lang='lat' dir='ltr'><strong>idiota:</strong></span> <span class='ocrx_word' id='word_1_355' title='bbox 583 4408 783 4451; x_wconf 80' lang='lat' dir='ltr'><strong>essent.</strong></span> <span class='ocrx_word' id='word_1_356' title='bbox 812 4398 993 4452; x_wconf 88' lang='lat' dir='ltr'><strong>Potest</strong></span> <span class='ocrx_word' id='word_1_357' title='bbox 1012 4398 1154 4451; x_wconf 87' lang='lat' dir='ltr'><strong>enim</strong></span> <span class='ocrx_word' id='word_1_358' title='bbox 1178 4399 1296 4468; x_wconf 88' lang='lat' dir='ltr'><strong>quis</strong></span> <span class='ocrx_word' id='word_1_359' title='bbox 1327 4400 1606 4453; x_wconf 85' lang='lat' dir='ltr'><strong>illiteratus</strong></span> <span class='ocrx_word' id='word_1_360' title='bbox 1628 4415 1766 4465; x_wconf 89' lang='lat' dir='ltr'><strong>esse,</strong></span> 
     </span>
    </p>
   </div>
   <div class='ocr_carea' id='block_1_45' title="bbox 164 4489 1773 4559">
    <p class='ocr_par' dir='ltr' id='par_1_45' title="bbox 164 4489 1773 4559">
     <span class='ocr_line' id='line_1_45' title="bbox 164 4489 1773 4559; baseline 0.001 -17"><span class='ocrx_word' id='word_1_361' title='bbox 164 4506 257 4545; x_wconf 83' lang='lat' dir='ltr'><strong>nec</strong></span> <span class='ocrx_word' id='word_1_362' title='bbox 288 4491 499 4552; x_wconf 90' lang='lat' dir='ltr'><strong>idiota;</strong></span> <span class='ocrx_word' id='word_1_363' title='bbox 522 4489 605 4541; x_wconf 91' lang='lat' dir='ltr'><strong>vel</strong></span> <span class='ocrx_word' id='word_1_364' title='bbox 631 4489 814 4551; x_wconf 79' lang='lat' dir='ltr'><strong>idiota,</strong></span> <span class='ocrx_word' id='word_1_365' title='bbox 837 4504 935 4543; x_wconf 87' lang='lat' dir='ltr'><strong>nec</strong></span> <span class='ocrx_word' id='word_1_366' title='bbox 963 4490 1268 4543; x_wconf 78' lang='lat' dir='ltr'><strong>illiteratus.</strong></span> <span class='ocrx_word' id='word_1_367' title='bbox 1293 4491 1389 4543; x_wconf 90' lang='lat' dir='ltr'><strong>llic</strong></span> <span class='ocrx_word' id='word_1_368' title='bbox 1412 4506 1571 4559; x_wconf 90' lang='lat' dir='ltr'><strong>porro</strong></span> <span class='ocrx_word' id='word_1_369' title='bbox 1587 4503 1773 4545; x_wconf 84' lang='lat' dir='ltr'><strong>osten-</strong></span> 
     </span>
    </p>
   </div>
   <div class='ocr_carea' id='block_1_46' title="bbox 164 4579 1774 4651">
    <p class='ocr_par' dir='ltr' id='par_1_46' title="bbox 164 4579 1774 4651">
     <span class='ocr_line' id='line_1_46' title="bbox 164 4579 1774 4651; baseline 0.004 -20"><span class='ocrx_word' id='word_1_370' title='bbox 164 4581 237 4632; x_wconf 79' lang='lat' dir='ltr'><strong>dit</strong></span> <span class='ocrx_word' id='word_1_371' title='bbox 267 4582 391 4633; x_wconf 62' lang='lat' dir='ltr'><strong>lucc</strong></span> <span class='ocrx_word' id='word_1_372' title='bbox 419 4580 531 4633; x_wconf 88' lang='lat' dir='ltr'><strong>duo</strong></span> <span class='ocrx_word' id='word_1_373' title='bbox 565 4581 924 4634; x_wconf 76' lang='lat' dir='ltr'><strong>concurrisse.</strong></span> <span class='ocrx_word' id='word_1_374' title='bbox 959 4579 1342 4651; x_wconf 80' lang='lat' dir='ltr'><strong>Compertoque,</strong></span> <span class='ocrx_word' id='word_1_375' title='bbox 1366 4583 1553 4651; x_wconf 89' lang='lat' dir='ltr'><strong>inquit.</strong></span> <span class='ocrx_word' id='word_1_376' title='bbox 1579 4583 1774 4638; x_wconf 90' lang='lat' dir='ltr'><strong>Unde?</strong></span> 
     </span>
    </p>
   </div>
   <div class='ocr_carea' id='block_1_47' title="bbox 167 4671 1768 4743">
    <p class='ocr_par' dir='ltr' id='par_1_47' title="bbox 167 4671 1768 4743">
     <span class='ocr_line' id='line_1_47' title="bbox 167 4671 1768 4743; baseline 0.005 -19"><span class='ocrx_word' id='word_1_377' title='bbox 167 4672 242 4725; x_wconf 80' lang='lat' dir='ltr'><strong>Ex</strong></span> <span class='ocrx_word' id='word_1_378' title='bbox 275 4674 365 4737; x_wconf 85' lang='lat' dir='ltr'><strong>iis,</strong></span> <span class='ocrx_word' id='word_1_379' title='bbox 401 4687 525 4739; x_wconf 68' lang='lat' dir='ltr'><strong>quae</strong></span> <span class='ocrx_word' id='word_1_380' title='bbox 567 4671 838 4727; x_wconf 89' lang='lat' dir='ltr'><strong>dicebant.</strong></span> <span class='ocrx_word' id='word_1_381' title='bbox 872 4672 986 4727; x_wconf 88' lang='lat' dir='ltr'><strong>Non</strong></span> <span class='ocrx_word' id='word_1_382' title='bbox 1019 4674 1209 4743; x_wconf 82' lang='lat' dir='ltr'><strong>longos</strong></span> <span class='ocrx_word' id='word_1_383' title='bbox 1239 4677 1442 4743; x_wconf 88' lang='lat' dir='ltr'><strong>profert</strong></span> <span class='ocrx_word' id='word_1_384' title='bbox 1469 4691 1768 4743; x_wconf 87' lang='lat' dir='ltr'><strong>sermones,</strong></span> 
     </span>
    </p>
   </div>
   <div class='ocr_carea' id='block_1_48' title="bbox 166 4766 1773 4833">
    <p class='ocr_par' dir='ltr' id='par_1_48' title="bbox 166 4766 1773 4833">
     <span class='ocr_line' id='line_1_48' title="bbox 166 4766 1773 4833; baseline 0.006 -16"><span class='ocrx_word' id='word_1_385' title='bbox 166 4767 254 4819; x_wconf 80' lang='lat' dir='ltr'><strong>sed</strong></span> <span class='ocrx_word' id='word_1_386' title='bbox 294 4782 361 4820; x_wconf 77' lang='lat' dir='ltr'><strong>ex</strong></span> <span class='ocrx_word' id='word_1_387' title='bbox 412 4766 529 4833; x_wconf 74' lang='lat' dir='ltr'><strong>ipsa</strong></span> <span class='ocrx_word' id='word_1_388' title='bbox 581 4766 945 4821; x_wconf 84' lang='lat' dir='ltr'><strong>enuntiatione</strong></span> <span class='ocrx_word' id='word_1_389' title='bbox 984 4778 1037 4821; x_wconf 88' lang='lat' dir='ltr'><strong>et</strong></span> <span class='ocrx_word' id='word_1_390' title='bbox 1075 4771 1475 4825; x_wconf 87' lang='lat' dir='ltr'><strong>constructione</strong></span> <span class='ocrx_word' id='word_1_391' title='bbox 1526 4772 1773 4827; x_wconf 85' lang='lat' dir='ltr'><strong>liduciam</strong></span> 
     </span>
    </p>
   </div>
   <div class='ocr_carea' id='block_1_49' title="bbox 167 4857 1774 4929">
    <p class='ocr_par' dir='ltr' id='par_1_49' title="bbox 167 4857 1774 4929">
     <span class='ocr_line' id='line_1_49' title="bbox 167 4857 1774 4929; baseline 0.004 -19"><span class='ocrx_word' id='word_1_392' title='bbox 167 4857 447 4922; x_wconf 77' lang='lat' dir='ltr'><strong>ostendit;</strong></span> <span class='ocrx_word' id='word_1_393' title='bbox 486 4858 667 4926; x_wconf 81' lang='lat' dir='ltr'><strong>itaque</strong></span> <span class='ocrx_word' id='word_1_394' title='bbox 716 4858 766 4911; x_wconf 92' lang='lat' dir='ltr'><strong>in</strong></span> <span class='ocrx_word' id='word_1_395' title='bbox 815 4858 937 4912; x_wconf 91' lang='lat' dir='ltr'><strong>illos</strong></span> <span class='ocrx_word' id='word_1_396' title='bbox 966 4861 1144 4914; x_wconf 90' lang='lat' dir='ltr'><strong>acrius</strong></span> <span class='ocrx_word' id='word_1_397' title='bbox 1174 4862 1431 4929; x_wconf 83' lang='lat' dir='ltr'><strong>egissent,</strong></span> <span class='ocrx_word' id='word_1_398' title='bbox 1484 4864 1583 4916; x_wconf 89' lang='lat' dir='ltr'><strong>nisi</strong></span> <span class='ocrx_word' id='word_1_399' title='bbox 1614 4864 1774 4917; x_wconf 92' lang='lat' dir='ltr'><strong>homo</strong></span> 
     </span>
    </p>
   </div>
   <div class='ocr_carea' id='block_1_50' title="bbox 170 4950 1774 5025">
    <p class='ocr_par' dir='ltr' id='par_1_50' title="bbox 170 4950 1774 5025">
     <span class='ocr_line' id='line_1_50' title="bbox 170 4950 1774 5025; baseline 0.004 -22"><span class='ocrx_word' id='word_1_400' title='bbox 170 4950 257 5004; x_wconf 88' lang='lat' dir='ltr'><strong>ille</strong></span> <span class='ocrx_word' id='word_1_401' title='bbox 286 4950 484 5004; x_wconf 86' lang='lat' dir='ltr'><strong>fuisset</strong></span> <span class='ocrx_word' id='word_1_402' title='bbox 514 4964 635 5002; x_wconf 89' lang='lat' dir='ltr'><strong>cum</strong></span> <span class='ocrx_word' id='word_1_403' title='bbox 664 4950 762 5003; x_wconf 87' lang='lat' dir='ltr'><strong>eis.</strong></span> <span class='ocrx_word' id='word_1_404' title='bbox 798 4951 1195 5022; x_wconf 80' lang='lat' dir='ltr'><strong>Cognoscebant,</strong></span> <span class='ocrx_word' id='word_1_405' title='bbox 1240 4956 1431 5023; x_wconf 79' lang='lat' dir='ltr'><strong>inquit,</strong></span> <span class='ocrx_word' id='word_1_406' title='bbox 1462 4957 1600 5023; x_wconf 82' lang='lat' dir='ltr'><strong>illos,</strong></span> <span class='ocrx_word' id='word_1_407' title='bbox 1645 4974 1774 5025; x_wconf 88' lang='lat' dir='ltr'><strong>quo-</strong></span> 
     </span>
    </p>
   </div>
   <div class='ocr_carea' id='block_1_51' title="bbox 169 5040 1776 5112">
    <p class='ocr_par' dir='ltr' id='par_1_51' title="bbox 169 5040 1776 5112">
     <span class='ocr_line' id='line_1_51' title="bbox 169 5040 1776 5112; baseline 0.004 -16"><span class='ocrx_word' id='word_1_408' title='bbox 169 5044 303 5096; x_wconf 74' lang='grc' dir='ltr'><em>ιιίιιιιι</em></span> <span class='ocrx_word' id='word_1_409' title='bbox 330 5059 452 5095; x_wconf 84' lang='lat' dir='ltr'><strong>cum</strong></span> <span class='ocrx_word' id='word_1_410' title='bbox 494 5040 621 5095; x_wconf 83' lang='lat' dir='ltr'><strong>.Iesu</strong></span> <span class='ocrx_word' id='word_1_411' title='bbox 656 5046 877 5112; x_wconf 79' lang='lat' dir='ltr'><strong>fuerant.</strong></span> <span class='ocrx_word' id='word_1_412' title='bbox 906 5043 1063 5099; x_wconf 89' lang='lat' dir='ltr'><strong>Unde</strong></span> <span class='ocrx_word' id='word_1_413' title='bbox 1102 5045 1397 5101; x_wconf 90' lang='lat' dir='ltr'><strong>credebant</strong></span> <span class='ocrx_word' id='word_1_414' title='bbox 1438 5047 1554 5102; x_wconf 80' lang='lat' dir='ltr'><strong>haec</strong></span> <span class='ocrx_word' id='word_1_415' title='bbox 1596 5048 1715 5103; x_wconf 90' lang='lat' dir='ltr'><strong>illos</strong></span> <span class='ocrx_word' id='word_1_416' title='bbox 1746 5065 1776 5103; x_wconf 88' lang='lat' dir='ltr'><strong>a</strong></span> 
     </span>
    </p>
   </div>
   <div class='ocr_carea' id='block_1_52' title="bbox 171 5130 1774 5206">
    <p class='ocr_par' dir='ltr' id='par_1_52' title="bbox 171 5130 1774 5206">
     <span class='ocr_line' id='line_1_52' title="bbox 171 5130 1774 5206; baseline 0.006 -20"><span class='ocrx_word' id='word_1_417' title='bbox 171 5130 293 5186; x_wconf 72' lang='lat' dir='ltr'><strong>Iesu</strong></span> <span class='ocrx_word' id='word_1_418' title='bbox 338 5133 622 5197; x_wconf 88' lang='lat' dir='ltr'><strong>didicisse,</strong></span> <span class='ocrx_word' id='word_1_419' title='bbox 669 5144 725 5187; x_wconf 89' lang='lat' dir='ltr'><strong>et</strong></span> <span class='ocrx_word' id='word_1_420' title='bbox 755 5145 811 5198; x_wconf 84' lang='lat' dir='ltr'><strong>ut</strong></span> <span class='ocrx_word' id='word_1_421' title='bbox 855 5136 971 5202; x_wconf 89' lang='lat' dir='ltr'><strong>ejus</strong></span> <span class='ocrx_word' id='word_1_422' title='bbox 1003 5137 1297 5206; x_wconf 77' lang='lat' dir='ltr'><strong>discipulos</strong></span> <span class='ocrx_word' id='word_1_423' title='bbox 1345 5140 1525 5193; x_wconf 90' lang='lat' dir='ltr'><strong>omnia</strong></span> <span class='ocrx_word' id='word_1_424' title='bbox 1574 5139 1774 5196; x_wconf 89' lang='lat' dir='ltr'><strong>facere.</strong></span> 
     </span>
    </p>
   </div>
   <div class='ocr_carea' id='block_1_53' title="bbox 170 5223 1775 5303">
    <p class='ocr_par' dir='ltr' id='par_1_53' title="bbox 170 5223 1775 5303">
     <span class='ocr_line' id='line_1_53' title="bbox 170 5223 1775 5303; baseline 0.006 -25"><span class='ocrx_word' id='word_1_425' title='bbox 170 5223 277 5278; x_wconf 70' lang='lat' dir='ltr'><strong>Nec</strong></span> <span class='ocrx_word' id='word_1_426' title='bbox 306 5226 577 5279; x_wconf 88' lang='lat' dir='ltr'><strong>minorem</strong></span> <span class='ocrx_word' id='word_1_427' title='bbox 612 5226 821 5279; x_wconf 89' lang='lat' dir='ltr'><strong>illorum</strong></span> <span class='ocrx_word' id='word_1_428' title='bbox 851 5227 1010 5282; x_wconf 89' lang='lat' dir='ltr'><strong>dictis</strong></span> <span class='ocrx_word' id='word_1_429' title='bbox 1055 5246 1242 5285; x_wconf 90' lang='lat' dir='ltr'><strong>vocem</strong></span> <span class='ocrx_word' id='word_1_430' title='bbox 1272 5233 1551 5286; x_wconf 87' lang='lat' dir='ltr'><strong>emittebat</strong></span> <span class='ocrx_word' id='word_1_431' title='bbox 1603 5234 1775 5303; x_wconf 90' lang='lat' dir='ltr'><strong>ipsum</strong></span> 
     </span>
    </p>
   </div>
   <div class='ocr_carea' id='block_1_54' title="bbox 172 5317 1775 5385">
    <p class='ocr_par' dir='ltr' id='par_1_54' title="bbox 172 5317 1775 5385">
     <span class='ocr_line' id='line_1_54' title="bbox 172 5317 1775 5385; baseline 0.006 -16"><span class='ocrx_word' id='word_1_432' title='bbox 172 5317 530 5381; x_wconf 80' lang='lat' dir='ltr'><strong>miraculum;</strong></span> <span class='ocrx_word' id='word_1_433' title='bbox 562 5317 705 5385; x_wconf 88' lang='lat' dir='ltr'><strong>quod</strong></span> <span class='ocrx_word' id='word_1_434' title='bbox 730 5327 785 5371; x_wconf 92' lang='lat' dir='ltr'><strong>et</strong></span> <span class='ocrx_word' id='word_1_435' title='bbox 816 5320 1049 5375; x_wconf 75' lang='lat' dir='ltr'><strong>maxime</strong></span> <span class='ocrx_word' id='word_1_436' title='bbox 1072 5321 1285 5375; x_wconf 90' lang='lat' dir='ltr'><strong>illorum</strong></span> <span class='ocrx_word' id='word_1_437' title='bbox 1318 5338 1411 5376; x_wconf 88' lang='lat' dir='ltr'><strong>ora</strong></span> <span class='ocrx_word' id='word_1_438' title='bbox 1444 5325 1775 5379; x_wconf 85' lang='lat' dir='ltr'><strong>obstruebal.</strong></span> 
     </span>
    </p>
   </div>
   <div class='ocr_carea' id='block_1_55' title="bbox 176 5408 1778 5484">
    <p class='ocr_par' dir='ltr' id='par_1_55' title="bbox 176 5408 1778 5484">
     <span class='ocr_line' id='line_1_55' title="bbox 176 5408 1778 5484; baseline 0.004 -21"><span class='ocrx_word' id='word_1_439' title='bbox 176 5408 449 5477; x_wconf 79' lang='lat' dir='ltr'><strong>Sijustum</strong></span> <span class='ocrx_word' id='word_1_440' title='bbox 474 5418 567 5471; x_wconf 85' lang='lat' dir='ltr'><strong>est,</strong></span> <span class='ocrx_word' id='word_1_441' title='bbox 601 5410 793 5478; x_wconf 86' lang='lat' dir='ltr'><strong>inquit,</strong></span> <span class='ocrx_word' id='word_1_442' title='bbox 841 5414 893 5463; x_wconf 86' lang='lat' dir='ltr'><strong>in</strong></span> <span class='ocrx_word' id='word_1_443' title='bbox 922 5424 1195 5482; x_wconf 83' lang='lat' dir='ltr'><strong>conspectu</strong></span> <span class='ocrx_word' id='word_1_444' title='bbox 1225 5413 1322 5466; x_wconf 79' lang='lat' dir='ltr'><strong>Dei</strong></span> <span class='ocrx_word' id='word_1_445' title='bbox 1364 5430 1449 5468; x_wconf 84' lang='lat' dir='ltr'><strong>vos</strong></span> <span class='ocrx_word' id='word_1_446' title='bbox 1487 5420 1655 5484; x_wconf 81' lang='lat' dir='ltr'><strong>potius</strong></span> <span class='ocrx_word' id='word_1_447' title='bbox 1682 5436 1778 5471; x_wconf 83' lang='lat' dir='ltr'><strong>au-</strong></span> 
     </span>
    </p>
   </div>
   <div class='ocr_carea' id='block_1_56' title="bbox 172 5498 1778 5571">
    <p class='ocr_par' dir='ltr' id='par_1_56' title="bbox 172 5498 1778 5571">
     <span class='ocr_line' id='line_1_56' title="bbox 172 5498 1778 5571; baseline 0.009 -19"><span class='ocrx_word' id='word_1_448' title='bbox 172 5502 293 5563; x_wconf 80' lang='lat' dir='ltr'><strong>dire,</strong></span> <span class='ocrx_word' id='word_1_449' title='bbox 317 5517 477 5568; x_wconf 76' lang='lat' dir='ltr'><strong>quam</strong></span> <span class='ocrx_word' id='word_1_450' title='bbox 499 5498 681 5567; x_wconf 82' lang='lat' dir='ltr'><strong>Deum,</strong></span> <span class='ocrx_word' id='word_1_451' title='bbox 700 5503 946 5571; x_wconf 83' lang='lat' dir='ltr'><strong>judicate.</strong></span> <span class='ocrx_word' id='word_1_452' title='bbox 974 5505 1197 5571; x_wconf 86' lang='lat' dir='ltr'><strong>Quando</strong></span> <span class='ocrx_word' id='word_1_453' title='bbox 1216 5516 1390 5562; x_wconf 90' lang='lat' dir='ltr'><strong>metus</strong></span> <span class='ocrx_word' id='word_1_454' title='bbox 1413 5511 1587 5563; x_wconf 89' lang='lat' dir='ltr'><strong>minor</strong></span> <span class='ocrx_word' id='word_1_455' title='bbox 1609 5510 1778 5567; x_wconf 90' lang='lat' dir='ltr'><strong>factus</strong></span> 
     </span>
    </p>
   </div>
   <div class='ocr_carea' id='block_1_57' title="bbox 174 5592 1779 5670">
    <p class='ocr_par' dir='ltr' id='par_1_57' title="bbox 174 5592 1779 5670">
     <span class='ocr_line' id='line_1_57' title="bbox 174 5592 1779 5670; baseline 0.01 -28"><span class='ocrx_word' id='word_1_456' title='bbox 174 5604 281 5645; x_wconf 79' lang='lat' dir='ltr'><strong>erat</strong></span> <span class='ocrx_word' id='word_1_457' title='bbox 308 5597 465 5657; x_wconf 83' lang='lat' dir='ltr'><strong>(nam</strong></span> <span class='ocrx_word' id='word_1_458' title='bbox 501 5592 841 5648; x_wconf 86' lang='lat' dir='ltr'><strong>interminari</strong></span> <span class='ocrx_word' id='word_1_459' title='bbox 866 5598 995 5649; x_wconf 85' lang='lat' dir='ltr'><strong>nihil</strong></span> <span class='ocrx_word' id='word_1_460' title='bbox 1034 5599 1178 5652; x_wconf 91' lang='lat' dir='ltr'><strong>aliud</strong></span> <span class='ocrx_word' id='word_1_461' title='bbox 1208 5610 1344 5664; x_wconf 89' lang='lat' dir='ltr'><strong>erat,</strong></span> <span class='ocrx_word' id='word_1_462' title='bbox 1373 5618 1530 5670; x_wconf 79' lang='lat' dir='ltr'><strong>quam</strong></span> <span class='ocrx_word' id='word_1_463' title='bbox 1560 5604 1678 5657; x_wconf 86' lang='lat' dir='ltr'><strong>illos</strong></span> <span class='ocrx_word' id='word_1_464' title='bbox 1700 5605 1779 5657; x_wconf 91' lang='lat' dir='ltr'><strong>di-</strong></span> 
     </span>
    </p>
   </div>
   <div class='ocr_carea' id='block_1_58' title="bbox 174 5683 1779 5759">
    <p class='ocr_par' dir='ltr' id='par_1_58' title="bbox 174 5683 1779 5759">
     <span class='ocr_line' id='line_1_58' title="bbox 174 5683 1779 5759; baseline 0.011 -25"><span class='ocrx_word' id='word_1_465' title='bbox 174 5683 357 5750; x_wconf 80' lang='lat' dir='ltr'><strong>mitti),</strong></span> <span class='ocrx_word' id='word_1_466' title='bbox 393 5694 522 5737; x_wconf 87' lang='lat' dir='ltr'><strong>tunc</strong></span> <span class='ocrx_word' id='word_1_467' title='bbox 544 5686 725 5740; x_wconf 91' lang='lat' dir='ltr'><strong>mitius</strong></span> <span class='ocrx_word' id='word_1_468' title='bbox 763 5687 1082 5757; x_wconf 88' lang='lat' dir='ltr'><strong>loquuntur;</strong></span> <span class='ocrx_word' id='word_1_469' title='bbox 1103 5690 1172 5744; x_wconf 86' lang='lat' dir='ltr'><strong>ita</strong></span> <span class='ocrx_word' id='word_1_470' title='bbox 1204 5694 1386 5759; x_wconf 89' lang='lat' dir='ltr'><strong>procul</strong></span> <span class='ocrx_word' id='word_1_471' title='bbox 1415 5706 1567 5748; x_wconf 88' lang='lat' dir='ltr'><strong>erant</strong></span> <span class='ocrx_word' id='word_1_472' title='bbox 1588 5696 1653 5749; x_wconf 90' lang='lat' dir='ltr'><strong>ab</strong></span> <span class='ocrx_word' id='word_1_473' title='bbox 1679 5712 1779 5750; x_wconf 86' lang='lat' dir='ltr'><strong>au-</strong></span> 
     </span>
    </p>
   </div>
   <div class='ocr_carea' id='block_1_59' title="bbox 174 5771 1775 5859">
    <p class='ocr_par' dir='ltr' id='par_1_59' title="bbox 174 5771 1775 5859">
     <span class='ocr_line' id='line_1_59' title="bbox 174 5771 1775 5859; baseline 0.012 -37"><span class='ocrx_word' id='word_1_474' title='bbox 174 5771 341 5828; x_wconf 82' lang='lat' dir='ltr'><strong>dacia.</strong></span> <span class='ocrx_word' id='word_1_475' title='bbox 380 5776 519 5842; x_wconf 82' lang='lat' dir='ltr'><strong>Quia</strong></span> <span class='ocrx_word' id='word_1_476' title='bbox 543 5788 730 5832; x_wconf 73' lang='lat' dir='ltr'><strong>notum</strong></span> <span class='ocrx_word' id='word_1_477' title='bbox 752 5779 962 5848; x_wconf 73' lang='lat' dir='ltr'><strong>signum</strong></span> <span class='ocrx_word' id='word_1_478' title='bbox 991 5792 1095 5849; x_wconf 78' lang='lat' dir='ltr'><strong>est,</strong></span> <span class='ocrx_word' id='word_1_479' title='bbox 1124 5782 1241 5837; x_wconf 81' lang='lat' dir='ltr'><strong>Non</strong></span> <span class='ocrx_word' id='word_1_480' title='bbox 1278 5802 1543 5851; x_wconf 77' lang='lat' dir='ltr'><strong>possumus</strong></span> <span class='ocrx_word' id='word_1_481' title='bbox 1574 5805 1775 5859; x_wconf 85' lang='lat' dir='ltr'><strong>negare.</strong></span> 
     </span>
    </p>
   </div>
   <div class='ocr_carea' id='block_1_60' title="bbox 178 5861 1775 5947">
    <p class='ocr_par' dir='ltr' id='par_1_60' title="bbox 178 5861 1775 5947">
     <span class='ocr_line' id='line_1_60' title="bbox 178 5861 1775 5947; baseline 0.016 -32"><span class='ocrx_word' id='word_1_482' title='bbox 178 5861 357 5934; x_wconf 71' lang='lat' dir='ltr'><strong>itaque</strong></span> <span class='ocrx_word' id='word_1_483' title='bbox 415 5879 729 5941; x_wconf 64' lang='lat' dir='ltr'><strong>negassent,</strong></span> <span class='ocrx_word' id='word_1_484' title='bbox 779 5871 880 5925; x_wconf 88' lang='lat' dir='ltr'><strong>nisi</strong></span> <span class='ocrx_word' id='word_1_485' title='bbox 907 5886 995 5927; x_wconf 88' lang='lat' dir='ltr'><strong>res</strong></span> <span class='ocrx_word' id='word_1_486' title='bbox 1026 5873 1095 5928; x_wconf 87' lang='lat' dir='ltr'><strong>ita</strong></span> <span class='ocrx_word' id='word_1_487' title='bbox 1130 5888 1190 5928; x_wconf 90' lang='lat' dir='ltr'><strong>se</strong></span> <span class='ocrx_word' id='word_1_488' title='bbox 1216 5874 1509 5947; x_wconf 80' lang='lat' dir='ltr'><strong>habuisset,</strong></span> <span class='ocrx_word' id='word_1_489' title='bbox 1533 5881 1632 5936; x_wconf 90' lang='lat' dir='ltr'><strong>nisi</strong></span> <span class='ocrx_word' id='word_1_490' title='bbox 1655 5899 1775 5939; x_wconf 86' lang='lat' dir='ltr'><strong>om-</strong></span> 
     </span>
    </p>
   </div>
   <div class='ocr_carea' id='block_1_61' title="bbox 1862 516 3471 596">
    <p class='ocr_par' dir='ltr' id='par_1_61' title="bbox 1862 516 3471 596">
     <span class='ocr_line' id='line_1_61' title="bbox 1862 516 3471 596; baseline 0.006 -28"><span class='ocrx_word' id='word_1_491' title='bbox 1862 516 2008 571; x_wconf 89' lang='lat' dir='ltr'><strong>uimn</strong></span> <span class='ocrx_word' id='word_1_492' title='bbox 2066 520 2373 574; x_wconf 81' lang='lat' dir='ltr'><strong>testimonio</strong></span> <span class='ocrx_word' id='word_1_493' title='bbox 2419 523 2628 578; x_wconf 84' lang='lat' dir='ltr'><strong>lirmala</strong></span> <span class='ocrx_word' id='word_1_494' title='bbox 2688 523 2918 578; x_wconf 86' lang='lat' dir='ltr'><strong>luisset:</strong></span> <span class='ocrx_word' id='word_1_495' title='bbox 2957 522 3211 578; x_wconf 90' lang='lat' dir='ltr'><strong>onmibus</strong></span> <span class='ocrx_word' id='word_1_496' title='bbox 3269 527 3471 596; x_wconf 77' lang='lat' dir='ltr'><strong>quippe</strong></span> 
     </span>
    </p>
   </div>
   <div class='ocr_carea' id='block_1_62' title="bbox 1862 609 3471 685">
    <p class='ocr_par' dir='ltr' id='par_1_62' title="bbox 1862 609 3471 685">
     <span class='ocr_line' id='line_1_62' title="bbox 1862 609 3471 685; baseline 0.004 -22"><span class='ocrx_word' id='word_1_497' title='bbox 1862 618 1987 663; x_wconf 89' lang='lat' dir='ltr'><strong>nota</strong></span> <span class='ocrx_word' id='word_1_498' title='bbox 2018 622 2155 665; x_wconf 88' lang='lat' dir='ltr'><strong>erat.</strong></span> <span class='ocrx_word' id='word_1_499' title='bbox 2195 609 2301 667; x_wconf 91' lang='lat' dir='ltr'><strong>Sed</strong></span> <span class='ocrx_word' id='word_1_500' title='bbox 2352 614 2470 668; x_wconf 90' lang='lat' dir='ltr'><strong>talis</strong></span> <span class='ocrx_word' id='word_1_501' title='bbox 2499 624 2583 669; x_wconf 87' lang='lat' dir='ltr'><strong>est</strong></span> <span class='ocrx_word' id='word_1_502' title='bbox 2609 615 2867 685; x_wconf 69' lang='lat' dir='ltr'><strong>nequitia,</strong></span> <span class='ocrx_word' id='word_1_503' title='bbox 2918 616 3092 670; x_wconf 79' lang='lat' dir='ltr'><strong>audax</strong></span> <span class='ocrx_word' id='word_1_504' title='bbox 3137 616 3390 671; x_wconf 87' lang='lat' dir='ltr'><strong>nimirum</strong></span> <span class='ocrx_word' id='word_1_505' title='bbox 3416 629 3471 669; x_wconf 75' lang='lat' dir='ltr'><strong>ct</strong></span> 
     </span>
    </p>
   </div>
   <div class='ocr_carea' id='block_1_63' title="bbox 1864 703 3472 778">
    <p class='ocr_par' dir='ltr' id='par_1_63' title="bbox 1864 703 3472 778">
     <span class='ocr_line' id='line_1_63' title="bbox 1864 703 3472 778; baseline 0.004 -23"><span class='ocrx_word' id='word_1_506' title='bbox 1864 703 2131 770; x_wconf 79' lang='lat' dir='ltr'><strong>petulans.</strong></span> <span class='ocrx_word' id='word_1_507' title='bbox 2167 703 2564 761; x_wconf 81' lang='lat' dir='ltr'><strong>Comminemur.</strong></span> <span class='ocrx_word' id='word_1_508' title='bbox 2599 707 2738 775; x_wconf 88' lang='lat' dir='ltr'><strong>Quid</strong></span> <span class='ocrx_word' id='word_1_509' title='bbox 2761 707 2977 763; x_wconf 86' lang='lat' dir='ltr'><strong>dicitis?</strong></span> <span class='ocrx_word' id='word_1_510' title='bbox 3003 723 3071 763; x_wconf 91' lang='lat' dir='ltr'><strong>an</strong></span> <span class='ocrx_word' id='word_1_511' title='bbox 3103 709 3265 763; x_wconf 91' lang='lat' dir='ltr'><strong>minis</strong></span> <span class='ocrx_word' id='word_1_512' title='bbox 3292 723 3472 778; x_wconf 88' lang='lat' dir='ltr'><strong>spera-</strong></span> 
     </span>
    </p>
   </div>
   <div class='ocr_carea' id='block_1_64' title="bbox 1863 796 3474 873">
    <p class='ocr_par' dir='ltr' id='par_1_64' title="bbox 1863 796 3474 873">
     <span class='ocr_line' id='line_1_64' title="bbox 1863 796 3474 873; baseline 0.006 -25"><span class='ocrx_word' id='word_1_513' title='bbox 1863 796 1931 848; x_wconf 89' lang='lat' dir='ltr'><strong>tis</strong></span> <span class='ocrx_word' id='word_1_514' title='bbox 1961 811 2057 851; x_wconf 88' lang='lat' dir='ltr'><strong>vos</strong></span> <span class='ocrx_word' id='word_1_515' title='bbox 2103 798 2538 867; x_wconf 82' lang='lat' dir='ltr'><strong>pr.edicationcm</strong></span> <span class='ocrx_word' id='word_1_516' title='bbox 2568 817 2694 857; x_wconf 88' lang='lat' dir='ltr'><strong>esse</strong></span> <span class='ocrx_word' id='word_1_517' title='bbox 2738 802 3117 857; x_wconf 77' lang='lat' dir='ltr'><strong>cohibituros?</strong></span> <span class='ocrx_word' id='word_1_518' title='bbox 3150 804 3239 859; x_wconf 91' lang='lat' dir='ltr'><strong>Sic</strong></span> <span class='ocrx_word' id='word_1_519' title='bbox 3269 804 3474 873; x_wconf 87' lang='lat' dir='ltr'><strong>ubique</strong></span> 
     </span>
    </p>
   </div>
   <div class='ocr_carea' id='block_1_65' title="bbox 1865 888 3475 966">
    <p class='ocr_par' dir='ltr' id='par_1_65' title="bbox 1865 888 3475 966">
     <span class='ocr_line' id='line_1_65' title="bbox 1865 888 3475 966; baseline 0.007 -27"><span class='ocrx_word' id='word_1_520' title='bbox 1865 888 2122 957; x_wconf 89' lang='lat' dir='ltr'><strong>principia</strong></span> <span class='ocrx_word' id='word_1_521' title='bbox 2149 899 2271 945; x_wconf 89' lang='lat' dir='ltr'><strong>sunt</strong></span> <span class='ocrx_word' id='word_1_522' title='bbox 2295 893 2461 945; x_wconf 87' lang='lat' dir='ltr'><strong>ardua</strong></span> <span class='ocrx_word' id='word_1_523' title='bbox 2494 904 2545 947; x_wconf 89' lang='lat' dir='ltr'><strong>et</strong></span> <span class='ocrx_word' id='word_1_524' title='bbox 2578 893 2833 948; x_wconf 66' lang='lat' dir='ltr'><strong>difficilia.</strong></span> <span class='ocrx_word' id='word_1_525' title='bbox 2855 894 3166 966; x_wconf 76' lang='lat' dir='ltr'><strong>Magistrum</strong></span> <span class='ocrx_word' id='word_1_526' title='bbox 3196 896 3475 952; x_wconf 89' lang='lat' dir='ltr'><strong>interemi-</strong></span> 
     </span>
    </p>
   </div>
   <div class='ocr_carea' id='block_1_66' title="bbox 1862 980 3473 1052">
    <p class='ocr_par' dir='ltr' id='par_1_66' title="bbox 1862 980 3473 1052">
     <span class='ocr_line' id='line_1_66' title="bbox 1862 980 3473 1052; baseline 0.006 -19"><span class='ocrx_word' id='word_1_527' title='bbox 1862 980 1979 1043; x_wconf 66' lang='lat' dir='ltr'><strong>stis,</strong></span> <span class='ocrx_word' id='word_1_528' title='bbox 2010 996 2111 1036; x_wconf 90' lang='lat' dir='ltr'><strong>nec</strong></span> <span class='ocrx_word' id='word_1_529' title='bbox 2148 983 2585 1052; x_wconf 67' lang='lat' dir='ltr'><strong>prmdicalioucm</strong></span> <span class='ocrx_word' id='word_1_530' title='bbox 2638 986 2997 1051; x_wconf 85' lang='lat' dir='ltr'><strong>cohibuislis;</strong></span> <span class='ocrx_word' id='word_1_531' title='bbox 3054 996 3112 1042; x_wconf 87' lang='lat' dir='ltr'><strong>et</strong></span> <span class='ocrx_word' id='word_1_532' title='bbox 3137 1002 3283 1041; x_wconf 91' lang='lat' dir='ltr'><strong>nunc</strong></span> <span class='ocrx_word' id='word_1_533' title='bbox 3311 988 3473 1043; x_wconf 88' lang='lat' dir='ltr'><strong>minis</strong></span> 
     </span>
    </p>
   </div>
   <div class='ocr_carea' id='block_1_67' title="bbox 1862 1074 3473 1147">
    <p class='ocr_par' dir='ltr' id='par_1_67' title="bbox 1862 1074 3473 1147">
     <span class='ocr_line' id='line_1_67' title="bbox 1862 1074 3473 1147; baseline 0.006 -24"><span class='ocrx_word' id='word_1_534' title='bbox 1862 1086 1959 1124; x_wconf 90' lang='lat' dir='ltr'><strong>vos</strong></span> <span class='ocrx_word' id='word_1_535' title='bbox 1987 1074 2182 1143; x_wconf 86' lang='lat' dir='ltr'><strong>putatis</strong></span> <span class='ocrx_word' id='word_1_536' title='bbox 2210 1076 2497 1130; x_wconf 86' lang='lat' dir='ltr'><strong>absterrcri</strong></span> <span class='ocrx_word' id='word_1_537' title='bbox 2524 1093 2621 1131; x_wconf 89' lang='lat' dir='ltr'><strong>nos</strong></span> <span class='ocrx_word' id='word_1_538' title='bbox 2641 1078 2845 1147; x_wconf 74' lang='lat' dir='ltr'><strong>posse?</strong></span> <span class='ocrx_word' id='word_1_539' title='bbox 2880 1078 3103 1133; x_wconf 81' lang='lat' dir='ltr'><strong>Vincula</strong></span> <span class='ocrx_word' id='word_1_540' title='bbox 3133 1094 3241 1133; x_wconf 91' lang='lat' dir='ltr'><strong>non</strong></span> <span class='ocrx_word' id='word_1_541' title='bbox 3282 1093 3473 1133; x_wconf 88' lang='lat' dir='ltr'><strong>suase-</strong></span> 
     </span>
    </p>
   </div>
   <div class='ocr_carea' id='block_1_68' title="bbox 1864 1170 3475 1241">
    <p class='ocr_par' dir='ltr' id='par_1_68' title="bbox 1864 1170 3475 1241">
     <span class='ocr_line' id='line_1_68' title="bbox 1864 1170 3475 1241; baseline 0.006 -23"><span class='ocrx_word' id='word_1_542' title='bbox 1864 1177 1991 1220; x_wconf 89' lang='lat' dir='ltr'><strong>runt</strong></span> <span class='ocrx_word' id='word_1_543' title='bbox 2020 1176 2074 1221; x_wconf 89' lang='lat' dir='ltr'><strong>ut</strong></span> <span class='ocrx_word' id='word_1_544' title='bbox 2126 1170 2407 1225; x_wconf 88' lang='lat' dir='ltr'><strong>remissius</strong></span> <span class='ocrx_word' id='word_1_545' title='bbox 2460 1172 2808 1241; x_wconf 79' lang='lat' dir='ltr'><strong>loqueremur</strong></span> <span class='ocrx_word' id='word_1_546' title='bbox 2834 1214 2849 1237; x_wconf 91' lang='lat'><strong>,</strong></span> <span class='ocrx_word' id='word_1_547' title='bbox 2891 1182 2947 1228; x_wconf 88' lang='lat' dir='ltr'><strong>et</strong></span> <span class='ocrx_word' id='word_1_548' title='bbox 2986 1188 3086 1228; x_wconf 90' lang='lat' dir='ltr'><strong>vos</strong></span> <span class='ocrx_word' id='word_1_549' title='bbox 3131 1174 3475 1229; x_wconf 84' lang='lat' dir='ltr'><strong>suadebitis?</strong></span> 
     </span>
    </p>
   </div>
   <div class='ocr_carea' id='block_1_69' title="bbox 1863 1258 3473 1333">
    <p class='ocr_par' dir='ltr' id='par_1_69' title="bbox 1863 1258 3473 1333">
     <span class='ocr_line' id='line_1_69' title="bbox 1863 1258 3473 1333; baseline 0.004 -19"><span class='ocrx_word' id='word_1_550' title='bbox 1863 1258 2051 1327; x_wconf 80' lang='lat' dir='ltr'><strong>Nobis,</strong></span> <span class='ocrx_word' id='word_1_551' title='bbox 2085 1262 2323 1331; x_wconf 87' lang='lat' dir='ltr'><strong>inquam,</strong></span> <span class='ocrx_word' id='word_1_552' title='bbox 2352 1265 2441 1333; x_wconf 92' lang='lat' dir='ltr'><strong>qui</strong></span> <span class='ocrx_word' id='word_1_553' title='bbox 2470 1280 2566 1318; x_wconf 85' lang='lat' dir='ltr'><strong>vos</strong></span> <span class='ocrx_word' id='word_1_554' title='bbox 2586 1265 2667 1319; x_wconf 89' lang='lat' dir='ltr'><strong>vel</strong></span> <span class='ocrx_word' id='word_1_555' title='bbox 2699 1267 3010 1320; x_wconf 82' lang='lat' dir='ltr'><strong>tninitantes</strong></span> <span class='ocrx_word' id='word_1_556' title='bbox 3044 1267 3196 1321; x_wconf 90' lang='lat' dir='ltr'><strong>nihili</strong></span> <span class='ocrx_word' id='word_1_557' title='bbox 3226 1267 3473 1321; x_wconf 81' lang='lat' dir='ltr'><strong>facimus.</strong></span> 
     </span>
    </p>
   </div>
   <div class='ocr_carea' id='block_1_70' title="bbox 1867 1353 3473 1431">
    <p class='ocr_par' dir='ltr' id='par_1_70' title="bbox 1867 1353 3473 1431">
     <span class='ocr_line' id='line_1_70' title="bbox 1867 1353 3473 1431; baseline 0.004 -24"><span class='ocrx_word' id='word_1_558' title='bbox 1867 1353 1929 1407; x_wconf 84' lang='lat' dir='ltr'><strong>Si</strong></span> <span class='ocrx_word' id='word_1_559' title='bbox 1944 1358 2146 1423; x_wconf 71' lang='lat' dir='ltr'><strong>justum</strong></span> <span class='ocrx_word' id='word_1_560' title='bbox 2174 1366 2268 1418; x_wconf 76' lang='lat' dir='ltr'><strong>est,</strong></span> <span class='ocrx_word' id='word_1_561' title='bbox 2302 1357 2493 1426; x_wconf 83' lang='lat' dir='ltr'><strong>inquit,</strong></span> <span class='ocrx_word' id='word_1_562' title='bbox 2525 1358 2578 1411; x_wconf 89' lang='lat' dir='ltr'><strong>in</strong></span> <span class='ocrx_word' id='word_1_563' title='bbox 2598 1370 2873 1430; x_wconf 58' lang='lat' dir='ltr'><strong>conspectu</strong></span> <span class='ocrx_word' id='word_1_564' title='bbox 2908 1358 3022 1426; x_wconf 86' lang='lat' dir='ltr'><strong>Dei,</strong></span> <span class='ocrx_word' id='word_1_565' title='bbox 3052 1374 3140 1413; x_wconf 79' lang='lat' dir='ltr'><strong>vos</strong></span> <span class='ocrx_word' id='word_1_566' title='bbox 3166 1360 3329 1431; x_wconf 87' lang='lat' dir='ltr'><strong>magis</strong></span> <span class='ocrx_word' id='word_1_567' title='bbox 3370 1378 3473 1413; x_wconf 86' lang='lat' dir='ltr'><strong>au-</strong></span> 
     </span>
    </p>
   </div>
   <div class='ocr_carea' id='block_1_71' title="bbox 1865 1449 3477 1523">
    <p class='ocr_par' dir='ltr' id='par_1_71' title="bbox 1865 1449 3477 1523">
     <span class='ocr_line' id='line_1_71' title="bbox 1865 1449 3477 1523; baseline 0.003 -22"><span class='ocrx_word' id='word_1_568' title='bbox 1865 1449 1975 1501; x_wconf 83' lang='lat' dir='ltr'><strong>dire</strong></span> <span class='ocrx_word' id='word_1_569' title='bbox 2002 1465 2151 1519; x_wconf 86' lang='lat' dir='ltr'><strong>quam</strong></span> <span class='ocrx_word' id='word_1_570' title='bbox 2178 1449 2360 1505; x_wconf 83' lang='lat' dir='ltr'><strong>Deum.</strong></span> <span class='ocrx_word' id='word_1_571' title='bbox 2388 1451 2485 1505; x_wconf 91' lang='lat' dir='ltr'><strong>llic</strong></span> <span class='ocrx_word' id='word_1_572' title='bbox 2536 1452 2702 1506; x_wconf 85' lang='lat' dir='ltr'><strong>Deum</strong></span> <span class='ocrx_word' id='word_1_573' title='bbox 2751 1471 2849 1523; x_wconf 81' lang='lat' dir='ltr'><strong>pro</strong></span> <span class='ocrx_word' id='word_1_574' title='bbox 2870 1452 3089 1508; x_wconf 85' lang='lat' dir='ltr'><strong>Christo</strong></span> <span class='ocrx_word' id='word_1_575' title='bbox 3136 1453 3347 1508; x_wconf 86' lang='lat' dir='ltr'><strong>dicunt.</strong></span> <span class='ocrx_word' id='word_1_576' title='bbox 3380 1452 3477 1506; x_wconf 73' lang='lat' dir='ltr'><strong>Vi-</strong></span> 
     </span>
    </p>
   </div>
   <div class='ocr_carea' id='block_1_72' title="bbox 1865 1541 3478 1617">
    <p class='ocr_par' dir='ltr' id='par_1_72' title="bbox 1865 1541 3478 1617">
     <span class='ocr_line' id='line_1_72' title="bbox 1865 1541 3478 1617; baseline 0.004 -23"><span class='ocrx_word' id='word_1_577' title='bbox 1865 1541 1987 1595; x_wconf 89' lang='lat' dir='ltr'><strong>den‘</strong></span> <span class='ocrx_word' id='word_1_578' title='bbox 2008 1544 2279 1612; x_wconf 84' lang='lat' dir='ltr'><strong>quomodo</strong></span> <span class='ocrx_word' id='word_1_579' title='bbox 2312 1561 2451 1601; x_wconf 92' lang='lat' dir='ltr'><strong>nunc</strong></span> <span class='ocrx_word' id='word_1_580' title='bbox 2484 1548 2729 1601; x_wconf 80' lang='lat' dir='ltr'><strong>evenerit</strong></span> <span class='ocrx_word' id='word_1_581' title='bbox 2770 1546 2913 1617; x_wconf 91' lang='lat' dir='ltr'><strong>quod</strong></span> <span class='ocrx_word' id='word_1_582' title='bbox 2939 1547 3155 1602; x_wconf 89' lang='lat' dir='ltr'><strong>dicebat</strong></span> <span class='ocrx_word' id='word_1_583' title='bbox 3185 1548 3314 1612; x_wconf 89' lang='lat' dir='ltr'><strong>illis,</strong></span> <span class='ocrx_word' id='word_1_584' title='bbox 3346 1547 3478 1601; x_wconf 65' lang='lat' dir='ltr'><strong>Ecce</strong></span> 
     </span>
    </p>
   </div>
   <div class='ocr_carea' id='block_1_73' title="bbox 1866 1635 3479 1709">
    <p class='ocr_par' dir='ltr' id='par_1_73' title="bbox 1866 1635 3479 1709">
     <span class='ocr_line' id='line_1_73' title="bbox 1866 1635 3479 1709; baseline 0.006 -25"><span class='ocrx_word' id='word_1_585' title='bbox 1866 1649 1957 1703; x_wconf 77' lang='lat' dir='ltr'><strong>ego</strong></span> <span class='ocrx_word' id='word_1_586' title='bbox 1976 1635 2118 1688; x_wconf 84' lang='lat' dir='ltr'><strong>mitto</strong></span> <span class='ocrx_word' id='word_1_587' title='bbox 2147 1652 2231 1690; x_wconf 78' lang='lat' dir='ltr'><strong>vos</strong></span> <span class='ocrx_word' id='word_1_588' title='bbox 2257 1638 2388 1690; x_wconf 89' lang='lat' dir='ltr'><strong>sicut</strong></span> <span class='ocrx_word' id='word_1_589' title='bbox 2423 1652 2539 1691; x_wconf 74' lang='lat' dir='ltr'><strong>oves</strong></span> <span class='ocrx_word' id='word_1_590' title='bbox 2579 1639 2632 1691; x_wconf 90' lang='lat' dir='ltr'><strong>in</strong></span> <span class='ocrx_word' id='word_1_591' title='bbox 2661 1638 2829 1692; x_wconf 84' lang='lat' dir='ltr'><strong>medio</strong></span> <span class='ocrx_word' id='word_1_592' title='bbox 2860 1638 3139 1709; x_wconf 78' lang='lat' dir='ltr'><strong>luporum:</strong></span> <span class='ocrx_word' id='word_1_593' title='bbox 3164 1656 3227 1693; x_wconf 86' lang='lat' dir='ltr'><strong>ne</strong></span> <span class='ocrx_word' id='word_1_594' title='bbox 3252 1642 3479 1693; x_wconf 85' lang='lat' dir='ltr'><strong>timueri-</strong></span> 
     </span>
    </p>
   </div>
   <div class='ocr_carea' id='block_1_74' title="bbox 1867 1729 2659 1802">
    <p class='ocr_par' dir='ltr' id='par_1_74' title="bbox 1867 1729 2659 1802">
     <span class='ocr_line' id='line_1_74' title="bbox 1867 1729 2659 1802; baseline 0.008 -24"><span class='ocrx_word' id='word_1_595' title='bbox 1867 1729 1929 1779; x_wconf 91' lang='lat' dir='ltr'><strong>tis</strong></span> <span class='ocrx_word' id='word_1_596' title='bbox 1954 1744 2039 1781; x_wconf 87' lang='lat' dir='ltr'><strong>eos</strong></span> <span class='ocrx_word' id='word_1_597' title='bbox 2067 1729 2280 1797; x_wconf 75' lang='lat' dir='ltr'><strong>(Matth.</strong></span> <span class='ocrx_word' id='word_1_598' title='bbox 2316 1731 2402 1786; x_wconf 81' lang='grc'><strong>10.</strong></span> <span class='ocrx_word' id='word_1_599' title='bbox 2432 1730 2519 1786; x_wconf 70' lang='grc'><strong>16.</strong></span> <span class='ocrx_word' id='word_1_600' title='bbox 2545 1732 2659 1802; x_wconf 75' lang='grc'>26).</span> 
     </span>
    </p>
   </div>
   <div class='ocr_carea' id='block_1_75' title="bbox 1938 1821 3481 1897">
    <p class='ocr_par' dir='ltr' id='par_1_75' title="bbox 1938 1821 3481 1897">
     <span class='ocr_line' id='line_1_75' title="bbox 1938 1821 3481 1897; baseline 0.002 -23"><span class='ocrx_word' id='word_1_601' title='bbox 1938 1821 1994 1874; x_wconf 75' lang='grc'><strong>4.</strong></span> <span class='ocrx_word' id='word_1_602' title='bbox 2022 1821 2224 1876; x_wconf 88' lang='lat' dir='ltr'><strong>Deinde</strong></span> <span class='ocrx_word' id='word_1_603' title='bbox 2255 1824 2707 1878; x_wconf 87' lang='lat' dir='ltr'><strong>resurrectionem</strong></span> <span class='ocrx_word' id='word_1_604' title='bbox 2734 1824 3058 1881; x_wconf 79' lang='lat' dir='ltr'><strong>confirmant</strong></span> <span class='ocrx_word' id='word_1_605' title='bbox 3091 1841 3189 1897; x_wconf 90' lang='lat' dir='ltr'><strong>per</strong></span> <span class='ocrx_word' id='word_1_606' title='bbox 3209 1840 3270 1880; x_wconf 88' lang='lat' dir='ltr'><strong>ea</strong></span> <span class='ocrx_word' id='word_1_607' title='bbox 3295 1868 3309 1889; x_wconf 89' lang='lat'><strong>,</strong></span> <span class='ocrx_word' id='word_1_608' title='bbox 3360 1841 3481 1893; x_wconf 77' lang='lat' dir='ltr'><strong>qua:</strong></span> 
     </span>
    </p>
   </div>
   <div class='ocr_carea' id='block_1_76' title="bbox 1867 1912 3479 1987">
    <p class='ocr_par' dir='ltr' id='par_1_76' title="bbox 1867 1912 3479 1987">
     <span class='ocr_line' id='line_1_76' title="bbox 1867 1912 3479 1987; baseline 0.004 -20"><span class='ocrx_word' id='word_1_609' title='bbox 1867 1912 2127 1982; x_wconf 84' lang='lat' dir='ltr'><strong>adjiciunt</strong></span> <span class='ocrx_word' id='word_1_610' title='bbox 2158 1933 2170 1967; x_wconf 90' lang='lat'><strong>:</strong></span> <span class='ocrx_word' id='word_1_611' title='bbox 2190 1913 2304 1969; x_wconf 87' lang='lat' dir='ltr'><strong>Nos</strong></span> <span class='ocrx_word' id='word_1_612' title='bbox 2326 1933 2428 1970; x_wconf 88' lang='lat' dir='ltr'><strong>non</strong></span> <span class='ocrx_word' id='word_1_613' title='bbox 2451 1934 2719 1987; x_wconf 73' lang='lat' dir='ltr'><strong>possumus</strong></span> <span class='ocrx_word' id='word_1_614' title='bbox 2740 1935 2855 1987; x_wconf 79' lang='lat' dir='ltr'><strong>qua:</strong></span> <span class='ocrx_word' id='word_1_615' title='bbox 2877 1919 3096 1973; x_wconf 80' lang='lat' dir='ltr'><strong>vidimus</strong></span> <span class='ocrx_word' id='word_1_616' title='bbox 3116 1930 3163 1973; x_wconf 86' lang='lat' dir='ltr'><strong>et</strong></span> <span class='ocrx_word' id='word_1_617' title='bbox 3188 1919 3479 1973; x_wconf 72' lang='lat' dir='ltr'><strong>audiuimus</strong></span> 
     </span>
    </p>
   </div>
   <div class='ocr_carea' id='block_1_77' title="bbox 1868 2006 3481 2080">
    <p class='ocr_par' dir='ltr' id='par_1_77' title="bbox 1868 2006 3481 2080">
     <span class='ocr_line' id='line_1_77' title="bbox 1868 2006 3481 2080; baseline 0.005 -24"><span class='ocrx_word' id='word_1_618' title='bbox 1868 2021 1969 2058; x_wconf 88' lang='lat' dir='ltr'><strong>non</strong></span> <span class='ocrx_word' id='word_1_619' title='bbox 2016 2006 2174 2075; x_wconf 82' lang='lat' dir='ltr'><strong>loqui.</strong></span> <span class='ocrx_word' id='word_1_620' title='bbox 2226 2007 2408 2078; x_wconf 82' lang='lat' dir='ltr'><strong>Itaque</strong></span> <span class='ocrx_word' id='word_1_621' title='bbox 2448 2023 2549 2064; x_wconf 89' lang='lat' dir='ltr'><strong>nos</strong></span> <span class='ocrx_word' id='word_1_622' title='bbox 2592 2008 2698 2064; x_wconf 85' lang='lat' dir='ltr'><strong>fide</strong></span> <span class='ocrx_word' id='word_1_623' title='bbox 2742 2010 2887 2080; x_wconf 84' lang='lat' dir='ltr'><strong>digni</strong></span> <span class='ocrx_word' id='word_1_624' title='bbox 2918 2019 3086 2065; x_wconf 83' lang='lat' dir='ltr'><strong>testes</strong></span> <span class='ocrx_word' id='word_1_625' title='bbox 3128 2026 3350 2076; x_wconf 88' lang='lat' dir='ltr'><strong>sumus,</strong></span> <span class='ocrx_word' id='word_1_626' title='bbox 3383 2026 3481 2064; x_wconf 87' lang='lat' dir='ltr'><strong>vos</strong></span> 
     </span>
    </p>
   </div>
   <div class='ocr_carea' id='block_1_78' title="bbox 1869 2096 3479 2173">
    <p class='ocr_par' dir='ltr' id='par_1_78' title="bbox 1869 2096 3479 2173">
     <span class='ocr_line' id='line_1_78' title="bbox 1869 2096 3479 2173; baseline 0.005 -24"><span class='ocrx_word' id='word_1_627' title='bbox 1869 2106 2048 2151; x_wconf 82' lang='lat' dir='ltr'><strong>autem</strong></span> <span class='ocrx_word' id='word_1_628' title='bbox 2078 2096 2275 2152; x_wconf 86' lang='lat' dir='ltr'><strong>frustra</strong></span> <span class='ocrx_word' id='word_1_629' title='bbox 2320 2101 2764 2155; x_wconf 89' lang='lat' dir='ltr'><strong>interminamini.</strong></span> <span class='ocrx_word' id='word_1_630' title='bbox 2811 2101 2943 2156; x_wconf 90' lang='lat' dir='ltr'><strong>Cum</strong></span> <span class='ocrx_word' id='word_1_631' title='bbox 2986 2117 3118 2173; x_wconf 75' lang='lat' dir='ltr'><strong>ergo</strong></span> <span class='ocrx_word' id='word_1_632' title='bbox 3145 2104 3479 2172; x_wconf 80' lang='lat' dir='ltr'><strong>oportuisset</strong></span> 
     </span>
    </p>
   </div>
   <div class='ocr_carea' id='block_1_79' title="bbox 1869 2188 3482 2265">
    <p class='ocr_par' dir='ltr' id='par_1_79' title="bbox 1869 2188 3482 2265">
     <span class='ocr_line' id='line_1_79' title="bbox 1869 2188 3482 2265; baseline 0.007 -27"><span class='ocrx_word' id='word_1_633' title='bbox 1869 2188 2062 2240; x_wconf 90' lang='lat' dir='ltr'><strong>mutari</strong></span> <span class='ocrx_word' id='word_1_634' title='bbox 2094 2202 2189 2243; x_wconf 87' lang='lat' dir='ltr'><strong>eos</strong></span> <span class='ocrx_word' id='word_1_635' title='bbox 2217 2204 2314 2259; x_wconf 88' lang='lat' dir='ltr'><strong>pro</strong></span> <span class='ocrx_word' id='word_1_636' title='bbox 2351 2206 2411 2244; x_wconf 88' lang='lat' dir='ltr'><strong>ea</strong></span> <span class='ocrx_word' id='word_1_637' title='bbox 2443 2206 2504 2245; x_wconf 92' lang='lat' dir='ltr'><strong>re</strong></span> <span class='ocrx_word' id='word_1_638' title='bbox 2526 2234 2541 2258; x_wconf 92' lang='lat'><strong>,</strong></span> <span class='ocrx_word' id='word_1_639' title='bbox 2573 2192 2641 2247; x_wconf 89' lang='lat' dir='ltr'><strong>de</strong></span> <span class='ocrx_word' id='word_1_640' title='bbox 2670 2207 2775 2262; x_wconf 91' lang='lat' dir='ltr'><strong>qua</strong></span> <span class='ocrx_word' id='word_1_641' title='bbox 2806 2195 3038 2263; x_wconf 89' lang='lat' dir='ltr'><strong>populus</strong></span> <span class='ocrx_word' id='word_1_642' title='bbox 3079 2195 3249 2250; x_wconf 86' lang='lat' dir='ltr'><strong>Deum</strong></span> <span class='ocrx_word' id='word_1_643' title='bbox 3279 2196 3482 2265; x_wconf 81' lang='lat' dir='ltr'><strong>glorili-</strong></span> 
     </span>
    </p>
   </div>
   <div class='ocr_carea' id='block_1_80' title="bbox 1869 2278 3483 2353">
    <p class='ocr_par' dir='ltr' id='par_1_80' title="bbox 1869 2278 3483 2353">
     <span class='ocr_line' id='line_1_80' title="bbox 1869 2278 3483 2353; baseline 0.007 -22"><span class='ocrx_word' id='word_1_644' title='bbox 1869 2278 2065 2346; x_wconf 88' lang='lat' dir='ltr'><strong>cabat,</strong></span> <span class='ocrx_word' id='word_1_645' title='bbox 2096 2280 2169 2334; x_wconf 91' lang='lat' dir='ltr'><strong>illi</strong></span> <span class='ocrx_word' id='word_1_646' title='bbox 2196 2292 2385 2336; x_wconf 90' lang='lat' dir='ltr'><strong>contra</strong></span> <span class='ocrx_word' id='word_1_647' title='bbox 2428 2298 2615 2338; x_wconf 87' lang='lat' dir='ltr'><strong>necem</strong></span> <span class='ocrx_word' id='word_1_648' title='bbox 2664 2279 3100 2353; x_wconf 83' lang='lat' dir='ltr'><strong>comminantur;</strong></span> <span class='ocrx_word' id='word_1_649' title='bbox 3146 2288 3218 2341; x_wconf 92' lang='lat' dir='ltr'><strong>ila</strong></span> <span class='ocrx_word' id='word_1_650' title='bbox 3250 2288 3348 2342; x_wconf 89' lang='lat' dir='ltr'><strong>Dei</strong></span> <span class='ocrx_word' id='word_1_651' title='bbox 3385 2288 3483 2343; x_wconf 91' lang='lat' dir='ltr'><strong>ho-</strong></span> 
     </span>
    </p>
   </div>
   <div class='ocr_carea' id='block_1_81' title="bbox 1869 2371 3480 2442">
    <p class='ocr_par' dir='ltr' id='par_1_81' title="bbox 1869 2371 3480 2442">
     <span class='ocr_line' id='line_1_81' title="bbox 1869 2371 3480 2442; baseline 0.007 -19"><span class='ocrx_word' id='word_1_652' title='bbox 1869 2381 1979 2424; x_wconf 89' lang='lat' dir='ltr'><strong>stes</strong></span> <span class='ocrx_word' id='word_1_653' title='bbox 2006 2380 2179 2425; x_wconf 88' lang='lat' dir='ltr'><strong>erant.</strong></span> <span class='ocrx_word' id='word_1_654' title='bbox 2215 2371 2285 2425; x_wconf 87' lang='lat' dir='ltr'><strong>Et</strong></span> <span class='ocrx_word' id='word_1_655' title='bbox 2316 2373 2514 2427; x_wconf 90' lang='lat' dir='ltr'><strong>additis</strong></span> <span class='ocrx_word' id='word_1_656' title='bbox 2554 2376 2740 2442; x_wconf 84' lang='lat' dir='ltr'><strong>minis,</strong></span> <span class='ocrx_word' id='word_1_657' title='bbox 2785 2375 3107 2432; x_wconf 84' lang='lat' dir='ltr'><strong>dimiserunt</strong></span> <span class='ocrx_word' id='word_1_658' title='bbox 3147 2380 3289 2433; x_wconf 91' lang='lat' dir='ltr'><strong>illos.</strong></span> <span class='ocrx_word' id='word_1_659' title='bbox 3343 2380 3480 2436; x_wconf 91' lang='lat' dir='ltr'><strong>llinc</strong></span> 
     </span>
    </p>
   </div>
   <div class='ocr_carea' id='block_1_82' title="bbox 1870 2464 3484 2537">
    <p class='ocr_par' dir='ltr' id='par_1_82' title="bbox 1870 2464 3484 2537">
     <span class='ocr_line' id='line_1_82' title="bbox 1870 2464 3484 2537; baseline 0.006 -20"><span class='ocrx_word' id='word_1_660' title='bbox 1870 2464 1948 2517; x_wconf 91' lang='lat' dir='ltr'><strong>illi</strong></span> <span class='ocrx_word' id='word_1_661' title='bbox 1986 2465 2243 2520; x_wconf 88' lang='lat' dir='ltr'><strong>clariores</strong></span> <span class='ocrx_word' id='word_1_662' title='bbox 2292 2466 2721 2537; x_wconf 75' lang='lat' dir='ltr'><strong>illustrioresque</strong></span> <span class='ocrx_word' id='word_1_663' title='bbox 2771 2469 2894 2525; x_wconf 77' lang='lat' dir='ltr'><strong>facti</strong></span> <span class='ocrx_word' id='word_1_664' title='bbox 2940 2480 3089 2525; x_wconf 80' lang='lat' dir='ltr'><strong>sunt.</strong></span> <span class='ocrx_word' id='word_1_665' title='bbox 3135 2470 3268 2525; x_wconf 85' lang='lat' dir='ltr'><strong>Nam</strong></span> <span class='ocrx_word' id='word_1_666' title='bbox 3310 2470 3484 2527; x_wconf 84' lang='lat' dir='ltr'><strong>l’irtus</strong></span> 
     </span>
    </p>
   </div>
   <div class='ocr_carea' id='block_1_83' title="bbox 1870 2557 3484 2632">
    <p class='ocr_par' dir='ltr' id='par_1_83' title="bbox 1870 2557 3484 2632">
     <span class='ocr_line' id='line_1_83' title="bbox 1870 2557 3484 2632; baseline 0.006 -24"><span class='ocrx_word' id='word_1_667' title='bbox 1870 2572 2019 2623; x_wconf 85' lang='lat' dir='ltr'><strong>utea,</strong></span> <span class='ocrx_word' id='word_1_668' title='bbox 2052 2557 2256 2627; x_wconf 88' lang='lat' dir='ltr'><strong>inquit,</strong></span> <span class='ocrx_word' id='word_1_669' title='bbox 2278 2560 2333 2611; x_wconf 87' lang='lat' dir='ltr'><strong>in</strong></span> <span class='ocrx_word' id='word_1_670' title='bbox 2370 2560 2666 2628; x_wconf 77' lang='lat' dir='ltr'><strong>infirmitate</strong></span> <span class='ocrx_word' id='word_1_671' title='bbox 2704 2565 2984 2632; x_wconf 78' lang='lat' dir='ltr'><strong>perﬁcitur.</strong></span> <span class='ocrx_word' id='word_1_672' title='bbox 3018 2564 3138 2619; x_wconf 81' lang='lat' dir='ltr'><strong>Jam</strong></span> <span class='ocrx_word' id='word_1_673' title='bbox 3168 2565 3244 2618; x_wconf 88' lang='lat' dir='ltr'><strong>illi</strong></span> <span class='ocrx_word' id='word_1_674' title='bbox 3287 2566 3484 2619; x_wconf 80' lang='lat' dir='ltr'><strong>testiﬁ-</strong></span> 
     </span>
    </p>
   </div>
   <div class='ocr_carea' id='block_1_84' title="bbox 1870 2648 3483 2725">
    <p class='ocr_par' dir='ltr' id='par_1_84' title="bbox 1870 2648 3483 2725">
     <span class='ocr_line' id='line_1_84' title="bbox 1870 2648 3483 2725; baseline 0.006 -24"><span class='ocrx_word' id='word_1_675' title='bbox 1870 2648 1975 2701; x_wconf 88' lang='lat' dir='ltr'><strong>cati</strong></span> <span class='ocrx_word' id='word_1_676' title='bbox 2017 2658 2145 2703; x_wconf 90' lang='lat' dir='ltr'><strong>sunt</strong></span> <span class='ocrx_word' id='word_1_677' title='bbox 2184 2650 2447 2706; x_wconf 84' lang='lat' dir='ltr'><strong>adversus</strong></span> <span class='ocrx_word' id='word_1_678' title='bbox 2501 2654 2681 2707; x_wconf 86' lang='lat' dir='ltr'><strong>omnia</strong></span> <span class='ocrx_word' id='word_1_679' title='bbox 2726 2656 2995 2708; x_wconf 80' lang='lat' dir='ltr'><strong>instructi.</strong></span> <span class='ocrx_word' id='word_1_680' title='bbox 3043 2656 3182 2725; x_wconf 88' lang='lat' dir='ltr'><strong>Quid</strong></span> <span class='ocrx_word' id='word_1_681' title='bbox 3225 2657 3323 2710; x_wconf 88' lang='lat' dir='ltr'><strong>sibi</strong></span> <span class='ocrx_word' id='word_1_682' title='bbox 3366 2658 3483 2711; x_wconf 84' lang='lat' dir='ltr'><strong>vult</strong></span> 
     </span>
    </p>
   </div>
   <div class='ocr_carea' id='block_1_85' title="bbox 1870 2737 3483 2815">
    <p class='ocr_par' dir='ltr' id='par_1_85' title="bbox 1870 2737 3483 2815">
     <span class='ocr_line' id='line_1_85' title="bbox 1870 2737 3483 2815; baseline 0.005 -22"><span class='ocrx_word' id='word_1_683' title='bbox 1870 2737 2001 2793; x_wconf 86' lang='lat' dir='ltr'><strong>illud</strong></span> <span class='ocrx_word' id='word_1_684' title='bbox 2022 2781 2037 2807; x_wconf 92' lang='lat'><strong>,</strong></span> <span class='ocrx_word' id='word_1_685' title='bbox 2068 2740 2181 2793; x_wconf 87' lang='lat' dir='ltr'><strong>Nos</strong></span> <span class='ocrx_word' id='word_1_686' title='bbox 2206 2758 2308 2795; x_wconf 88' lang='lat' dir='ltr'><strong>non</strong></span> <span class='ocrx_word' id='word_1_687' title='bbox 2351 2760 2621 2811; x_wconf 82' lang='lat' dir='ltr'><strong>possumus</strong></span> <span class='ocrx_word' id='word_1_688' title='bbox 2670 2762 2750 2810; x_wconf 86' lang='lat' dir='ltr'><strong>ea,</strong></span> <span class='ocrx_word' id='word_1_689' title='bbox 2795 2762 2909 2815; x_wconf 75' lang='lat' dir='ltr'><strong>qua:</strong></span> <span class='ocrx_word' id='word_1_690' title='bbox 2944 2747 3165 2801; x_wconf 69' lang='lat' dir='ltr'><strong>vidimus</strong></span> <span class='ocrx_word' id='word_1_691' title='bbox 3200 2757 3245 2801; x_wconf 82' lang='lat' dir='ltr'><strong>et</strong></span> <span class='ocrx_word' id='word_1_692' title='bbox 3279 2749 3483 2801; x_wconf 72' lang='lat' dir='ltr'><strong>audiet&quot;-</strong></span> 
     </span>
    </p>
   </div>
   <div class='ocr_carea' id='block_1_86' title="bbox 1872 2834 3486 2909">
    <p class='ocr_par' dir='ltr' id='par_1_86' title="bbox 1872 2834 3486 2909">
     <span class='ocr_line' id='line_1_86' title="bbox 1872 2834 3486 2909; baseline 0.006 -25"><span class='ocrx_word' id='word_1_693' title='bbox 1872 2848 2023 2898; x_wconf 89' lang='lat' dir='ltr'><strong>mus,</strong></span> <span class='ocrx_word' id='word_1_694' title='bbox 2050 2849 2153 2886; x_wconf 89' lang='lat' dir='ltr'><strong>non</strong></span> <span class='ocrx_word' id='word_1_695' title='bbox 2193 2835 2371 2903; x_wconf 80' lang='lat' dir='ltr'><strong>loqui?</strong></span> <span class='ocrx_word' id='word_1_696' title='bbox 2398 2835 2454 2889; x_wconf 90' lang='lat' dir='ltr'><strong>Si</strong></span> <span class='ocrx_word' id='word_1_697' title='bbox 2496 2834 2627 2890; x_wconf 89' lang='lat' dir='ltr'><strong>falsa</strong></span> <span class='ocrx_word' id='word_1_698' title='bbox 2674 2847 2837 2903; x_wconf 85' lang='lat' dir='ltr'><strong>sunt,</strong></span> <span class='ocrx_word' id='word_1_699' title='bbox 2883 2839 3063 2905; x_wconf 86' lang='lat' dir='ltr'><strong>aiunt,</strong></span> <span class='ocrx_word' id='word_1_700' title='bbox 3106 2856 3167 2894; x_wconf 90' lang='lat' dir='ltr'><strong>ea</strong></span> <span class='ocrx_word' id='word_1_701' title='bbox 3200 2856 3320 2909; x_wconf 72' lang='lat' dir='ltr'><strong>qum</strong></span> <span class='ocrx_word' id='word_1_702' title='bbox 3348 2841 3486 2894; x_wconf 86' lang='lat' dir='ltr'><strong>dici-</strong></span> 
     </span>
    </p>
   </div>
   <div class='ocr_carea' id='block_1_87' title="bbox 1872 2925 3487 2999">
    <p class='ocr_par' dir='ltr' id='par_1_87' title="bbox 1872 2925 3487 2999">
     <span class='ocr_line' id='line_1_87' title="bbox 1872 2925 3487 2999; baseline 0.004 -23"><span class='ocrx_word' id='word_1_703' title='bbox 1872 2937 1993 2977; x_wconf 88' lang='lat' dir='ltr'><strong>mus</strong></span> <span class='ocrx_word' id='word_1_704' title='bbox 2012 2964 2027 2990; x_wconf 89' lang='lat'><strong>,</strong></span> <span class='ocrx_word' id='word_1_705' title='bbox 2051 2925 2431 2994; x_wconf 82' lang='lat' dir='ltr'><strong>reprehendo;</strong></span> <span class='ocrx_word' id='word_1_706' title='bbox 2461 2926 2545 2980; x_wconf 89' lang='lat' dir='ltr'><strong>sin</strong></span> <span class='ocrx_word' id='word_1_707' title='bbox 2576 2941 2703 2982; x_wconf 89' lang='lat' dir='ltr'><strong>vera</strong></span> <span class='ocrx_word' id='word_1_708' title='bbox 2727 2969 2741 2992; x_wconf 89' lang='lat'><strong>,</strong></span> <span class='ocrx_word' id='word_1_709' title='bbox 2770 2942 2867 2981; x_wconf 90' lang='lat' dir='ltr'><strong>cur</strong></span> <span class='ocrx_word' id='word_1_710' title='bbox 2892 2929 3195 2999; x_wconf 79' lang='lat' dir='ltr'><strong>prohibes?</strong></span> <span class='ocrx_word' id='word_1_711' title='bbox 3222 2931 3369 2986; x_wconf 84' lang='lat' dir='ltr'><strong>Talis</strong></span> <span class='ocrx_word' id='word_1_712' title='bbox 3397 2947 3487 2986; x_wconf 81' lang='lat' dir='ltr'><strong>res</strong></span> 
     </span>
    </p>
   </div>
   <div class='ocr_carea' id='block_1_88' title="bbox 1873 3016 3483 3089">
    <p class='ocr_par' dir='ltr' id='par_1_88' title="bbox 1873 3016 3483 3089">
     <span class='ocr_line' id='line_1_88' title="bbox 1873 3016 3483 3089; baseline 0.004 -17"><span class='ocrx_word' id='word_1_713' title='bbox 1873 3024 1957 3072; x_wconf 87' lang='lat' dir='ltr'><strong>est</strong></span> <span class='ocrx_word' id='word_1_714' title='bbox 1988 3016 2350 3088; x_wconf 88' lang='lat' dir='ltr'><strong>philosophia.</strong></span> <span class='ocrx_word' id='word_1_715' title='bbox 2401 3020 2481 3074; x_wconf 90' lang='lat' dir='ltr'><strong>llli</strong></span> <span class='ocrx_word' id='word_1_716' title='bbox 2524 3021 2574 3073; x_wconf 92' lang='lat' dir='ltr'><strong>in</strong></span> <span class='ocrx_word' id='word_1_717' title='bbox 2613 3022 2858 3089; x_wconf 79' lang='lat' dir='ltr'><strong>angustia</strong></span> <span class='ocrx_word' id='word_1_718' title='bbox 2883 3064 2897 3087; x_wconf 89' lang='lat'><strong>,</strong></span> <span class='ocrx_word' id='word_1_719' title='bbox 2933 3020 2985 3074; x_wconf 92' lang='lat' dir='ltr'><strong>hi</strong></span> <span class='ocrx_word' id='word_1_720' title='bbox 3036 3023 3087 3076; x_wconf 92' lang='lat' dir='ltr'><strong>in</strong></span> <span class='ocrx_word' id='word_1_721' title='bbox 3132 3023 3315 3077; x_wconf 65' lang='lat' dir='ltr'><strong>lattitia</strong></span> <span class='ocrx_word' id='word_1_722' title='bbox 3350 3043 3364 3079; x_wconf 86' lang='lat'><strong>:</strong></span> <span class='ocrx_word' id='word_1_723' title='bbox 3408 3027 3483 3079; x_wconf 91' lang='lat' dir='ltr'><strong>illi</strong></span> 
     </span>
    </p>
   </div>
   <div class='ocr_carea' id='block_1_89' title="bbox 1873 3110 3484 3180">
    <p class='ocr_par' dir='ltr' id='par_1_89' title="bbox 1873 3110 3484 3180">
     <span class='ocr_line' id='line_1_89' title="bbox 1873 3110 3484 3180; baseline 0.004 -16"><span class='ocrx_word' id='word_1_724' title='bbox 1873 3110 2045 3165; x_wconf 92' lang='lat' dir='ltr'><strong>multo</strong></span> <span class='ocrx_word' id='word_1_725' title='bbox 2084 3111 2289 3179; x_wconf 90' lang='lat' dir='ltr'><strong>pudore</strong></span> <span class='ocrx_word' id='word_1_726' title='bbox 2323 3112 2461 3180; x_wconf 87' lang='lat' dir='ltr'><strong>pleni</strong></span> <span class='ocrx_word' id='word_1_727' title='bbox 2489 3154 2504 3178; x_wconf 88' lang='lat'><strong>,</strong></span> <span class='ocrx_word' id='word_1_728' title='bbox 2539 3112 2591 3165; x_wconf 93' lang='lat' dir='ltr'><strong>hi</strong></span> <span class='ocrx_word' id='word_1_729' title='bbox 2630 3113 2859 3167; x_wconf 83' lang='lat' dir='ltr'><strong>fidenter</strong></span> <span class='ocrx_word' id='word_1_730' title='bbox 2900 3116 3081 3169; x_wconf 89' lang='lat' dir='ltr'><strong>omnia</strong></span> <span class='ocrx_word' id='word_1_731' title='bbox 3110 3114 3313 3170; x_wconf 88' lang='lat' dir='ltr'><strong>faciunt</strong></span> <span class='ocrx_word' id='word_1_732' title='bbox 3342 3135 3355 3169; x_wconf 89' lang='lat'><strong>:</strong></span> <span class='ocrx_word' id='word_1_733' title='bbox 3405 3118 3484 3171; x_wconf 92' lang='lat' dir='ltr'><strong>illi</strong></span> 
     </span>
    </p>
   </div>
   <div class='ocr_carea' id='block_1_90' title="bbox 1875 3203 3482 3279">
    <p class='ocr_par' dir='ltr' id='par_1_90' title="bbox 1875 3203 3482 3279">
     <span class='ocr_line' id='line_1_90' title="bbox 1875 3203 3482 3279; baseline 0.006 -23"><span class='ocrx_word' id='word_1_734' title='bbox 1875 3203 2098 3269; x_wconf 90' lang='lat' dir='ltr'><strong>timent,</strong></span> <span class='ocrx_word' id='word_1_735' title='bbox 2128 3204 2180 3256; x_wconf 93' lang='lat' dir='ltr'><strong>hi</strong></span> <span class='ocrx_word' id='word_1_736' title='bbox 2210 3204 2402 3259; x_wconf 82' lang='lat' dir='ltr'><strong>fiducia</strong></span> <span class='ocrx_word' id='word_1_737' title='bbox 2429 3206 2566 3274; x_wconf 85' lang='lat' dir='ltr'><strong>pleni</strong></span> <span class='ocrx_word' id='word_1_738' title='bbox 2595 3215 2741 3259; x_wconf 86' lang='lat' dir='ltr'><strong>sunt.</strong></span> <span class='ocrx_word' id='word_1_739' title='bbox 2775 3206 3035 3275; x_wconf 89' lang='lat' dir='ltr'><strong>Quinam,</strong></span> <span class='ocrx_word' id='word_1_740' title='bbox 3071 3224 3289 3279; x_wconf 68' lang='lat' dir='ltr'><strong>quaaso,</strong></span> <span class='ocrx_word' id='word_1_741' title='bbox 3325 3211 3482 3265; x_wconf 84' lang='lat' dir='ltr'><strong>time-</strong></span> 
     </span>
    </p>
   </div>
   <div class='ocr_carea' id='block_1_91' title="bbox 1873 3295 3489 3373">
    <p class='ocr_par' dir='ltr' id='par_1_91' title="bbox 1873 3295 3489 3373">
     <span class='ocr_line' id='line_1_91' title="bbox 1873 3295 3489 3373; baseline 0.004 -22"><span class='ocrx_word' id='word_1_742' title='bbox 1873 3295 2051 3351; x_wconf 88' lang='lat' dir='ltr'><strong>bant?</strong></span> <span class='ocrx_word' id='word_1_743' title='bbox 2094 3298 2203 3352; x_wconf 90' lang='lat' dir='ltr'><strong>iine</strong></span> <span class='ocrx_word' id='word_1_744' title='bbox 2249 3300 2337 3368; x_wconf 90' lang='lat' dir='ltr'><strong>qui</strong></span> <span class='ocrx_word' id='word_1_745' title='bbox 2376 3298 2626 3352; x_wconf 88' lang='lat' dir='ltr'><strong>dicebant</strong></span> <span class='ocrx_word' id='word_1_746' title='bbox 2653 3318 2665 3351; x_wconf 89' lang='lat'><strong>:</strong></span> <span class='ocrx_word' id='word_1_747' title='bbox 2696 3299 2781 3354; x_wconf 82' lang='lat' dir='ltr'><strong>Ne</strong></span> <span class='ocrx_word' id='word_1_748' title='bbox 2828 3303 3053 3369; x_wconf 84' lang='lat' dir='ltr'><strong>amplius</strong></span> <span class='ocrx_word' id='word_1_749' title='bbox 3097 3303 3389 3373; x_wconf 74' lang='lat' dir='ltr'><strong>diuulgatur</strong></span> <span class='ocrx_word' id='word_1_750' title='bbox 3433 3306 3489 3358; x_wconf 86' lang='lat' dir='ltr'><strong>in</strong></span> 
     </span>
    </p>
   </div>
   <div class='ocr_carea' id='block_1_92' title="bbox 1874 3388 3485 3464">
    <p class='ocr_par' dir='ltr' id='par_1_92' title="bbox 1874 3388 3485 3464">
     <span class='ocr_line' id='line_1_92' title="bbox 1874 3388 3485 3464; baseline 0.004 -24"><span class='ocrx_word' id='word_1_751' title='bbox 1874 3390 2053 3458; x_wconf 82' lang='lat' dir='ltr'><strong>vulgus</strong></span> <span class='ocrx_word' id='word_1_752' title='bbox 2071 3404 2091 3452; x_wconf 91' lang='lat'><strong>;</strong></span> <span class='ocrx_word' id='word_1_753' title='bbox 2118 3403 2184 3441; x_wconf 87' lang='lat' dir='ltr'><strong>an</strong></span> <span class='ocrx_word' id='word_1_754' title='bbox 2207 3390 2294 3458; x_wconf 93' lang='lat' dir='ltr'><strong>qui</strong></span> <span class='ocrx_word' id='word_1_755' title='bbox 2320 3388 2607 3455; x_wconf 86' lang='lat' dir='ltr'><strong>dicebant,</strong></span> <span class='ocrx_word' id='word_1_756' title='bbox 2641 3390 2759 3444; x_wconf 81' lang='lat' dir='ltr'><strong>Non</strong></span> <span class='ocrx_word' id='word_1_757' title='bbox 2791 3408 3063 3460; x_wconf 84' lang='lat' dir='ltr'><strong>possumus</strong></span> <span class='ocrx_word' id='word_1_758' title='bbox 3087 3409 3147 3445; x_wconf 85' lang='lat' dir='ltr'><strong>ea</strong></span> <span class='ocrx_word' id='word_1_759' title='bbox 3166 3434 3181 3457; x_wconf 89' lang='lat'><strong>,</strong></span> <span class='ocrx_word' id='word_1_760' title='bbox 3210 3410 3326 3464; x_wconf 73' lang='lat' dir='ltr'><strong>qua:</strong></span> <span class='ocrx_word' id='word_1_761' title='bbox 3356 3395 3485 3447; x_wconf 82' lang='lat' dir='ltr'><strong>vidi-</strong></span> 
     </span>
    </p>
   </div>
   <div class='ocr_carea' id='block_1_93' title="bbox 1874 3480 3490 3554">
    <p class='ocr_par' dir='ltr' id='par_1_93' title="bbox 1874 3480 3490 3554">
     <span class='ocr_line' id='line_1_93' title="bbox 1874 3480 3490 3554; baseline 0.007 -24"><span class='ocrx_word' id='word_1_762' title='bbox 1874 3495 1987 3531; x_wconf 88' lang='lat' dir='ltr'><strong>mus</strong></span> <span class='ocrx_word' id='word_1_763' title='bbox 2026 3488 2073 3532; x_wconf 87' lang='lat' dir='ltr'><strong>et</strong></span> <span class='ocrx_word' id='word_1_764' title='bbox 2102 3480 2391 3533; x_wconf 83' lang='lat' dir='ltr'><strong>audivimus</strong></span> <span class='ocrx_word' id='word_1_765' title='bbox 2413 3520 2426 3543; x_wconf 97' lang='lat'><strong>,</strong></span> <span class='ocrx_word' id='word_1_766' title='bbox 2456 3498 2557 3533; x_wconf 89' lang='lat' dir='ltr'><strong>non</strong></span> <span class='ocrx_word' id='word_1_767' title='bbox 2590 3481 2774 3551; x_wconf 86' lang='lat' dir='ltr'><strong>loqui?</strong></span> <span class='ocrx_word' id='word_1_768' title='bbox 2805 3482 2868 3535; x_wconf 86' lang='lat' dir='ltr'><strong>lli</strong></span> <span class='ocrx_word' id='word_1_769' title='bbox 2892 3494 3040 3537; x_wconf 87' lang='lat' dir='ltr'><strong>certe</strong></span> <span class='ocrx_word' id='word_1_770' title='bbox 3072 3484 3124 3538; x_wconf 87' lang='lat' dir='ltr'><strong>in</strong></span> <span class='ocrx_word' id='word_1_771' title='bbox 3152 3486 3357 3554; x_wconf 86' lang='lat' dir='ltr'><strong>majore</strong></span> <span class='ocrx_word' id='word_1_772' title='bbox 3394 3502 3490 3541; x_wconf 81' lang='lat' dir='ltr'><strong>v0-</strong></span> 
     </span>
    </p>
   </div>
   <div class='ocr_carea' id='block_1_94' title="bbox 1874 3571 3489 3641">
    <p class='ocr_par' dir='ltr' id='par_1_94' title="bbox 1874 3571 3489 3641">
     <span class='ocr_line' id='line_1_94' title="bbox 1874 3571 3489 3641; baseline 0.005 -16"><span class='ocrx_word' id='word_1_773' title='bbox 1874 3571 2077 3641; x_wconf 89' lang='lat' dir='ltr'><strong>luplate</strong></span> <span class='ocrx_word' id='word_1_774' title='bbox 2101 3614 2115 3638; x_wconf 93' lang='lat'><strong>,</strong></span> <span class='ocrx_word' id='word_1_775' title='bbox 2170 3572 2416 3627; x_wconf 76' lang='lat' dir='ltr'><strong>libertate</strong></span> <span class='ocrx_word' id='word_1_776' title='bbox 2437 3584 2490 3627; x_wconf 92' lang='lat' dir='ltr'><strong>et</strong></span> <span class='ocrx_word' id='word_1_777' title='bbox 2515 3574 2696 3628; x_wconf 72' lang='lat' dir='ltr'><strong>la-litia</strong></span> <span class='ocrx_word' id='word_1_778' title='bbox 2731 3577 3121 3641; x_wconf 81' lang='lat' dir='ltr'><strong>versabantur;</strong></span> <span class='ocrx_word' id='word_1_779' title='bbox 3170 3578 3247 3631; x_wconf 89' lang='lat' dir='ltr'><strong>illi</strong></span> <span class='ocrx_word' id='word_1_780' title='bbox 3272 3579 3323 3631; x_wconf 91' lang='lat' dir='ltr'><strong>in</strong></span> <span class='ocrx_word' id='word_1_781' title='bbox 3349 3595 3489 3634; x_wconf 73' lang='lat' dir='ltr'><strong>ma!—</strong></span> 
     </span>
    </p>
   </div>
   <div class='ocr_carea' id='block_1_95' title="bbox 1873 3663 3485 3735">
    <p class='ocr_par' dir='ltr' id='par_1_95' title="bbox 1873 3663 3485 3735">
     <span class='ocr_line' id='line_1_95' title="bbox 1873 3663 3485 3735; baseline 0.004 -18"><span class='ocrx_word' id='word_1_782' title='bbox 1873 3678 1998 3717; x_wconf 91' lang='lat' dir='ltr'><strong>rore</strong></span> <span class='ocrx_word' id='word_1_783' title='bbox 2019 3705 2033 3727; x_wconf 95' lang='lat'><strong>,</strong></span> <span class='ocrx_word' id='word_1_784' title='bbox 2076 3663 2281 3732; x_wconf 90' lang='lat' dir='ltr'><strong>pudore</strong></span> <span class='ocrx_word' id='word_1_785' title='bbox 2309 3673 2363 3719; x_wconf 86' lang='lat' dir='ltr'><strong>et</strong></span> <span class='ocrx_word' id='word_1_786' title='bbox 2392 3674 2539 3718; x_wconf 87' lang='lat' dir='ltr'><strong>metu</strong></span> <span class='ocrx_word' id='word_1_787' title='bbox 2575 3683 2590 3717; x_wconf 72' lang='grc' dir='ltr'>ε</span> <span class='ocrx_word' id='word_1_788' title='bbox 2636 3667 2893 3735; x_wconf 87' lang='lat' dir='ltr'><strong>populum</strong></span> <span class='ocrx_word' id='word_1_789' title='bbox 2925 3668 3070 3722; x_wconf 88' lang='lat' dir='ltr'><strong>enim</strong></span> <span class='ocrx_word' id='word_1_790' title='bbox 3102 3670 3388 3724; x_wconf 89' lang='lat' dir='ltr'><strong>timebant.</strong></span> <span class='ocrx_word' id='word_1_791' title='bbox 3420 3671 3485 3724; x_wconf 87' lang='lat' dir='ltr'><strong>lli</strong></span> 
     </span>
    </p>
   </div>
   <div class='ocr_carea' id='block_1_96' title="bbox 1874 3756 3483 3831">
    <p class='ocr_par' dir='ltr' id='par_1_96' title="bbox 1874 3756 3483 3831">
     <span class='ocr_line' id='line_1_96' title="bbox 1874 3756 3483 3831; baseline 0.006 -23"><span class='ocrx_word' id='word_1_792' title='bbox 1874 3770 1995 3825; x_wconf 76' lang='lat' dir='ltr'><strong>qua:</strong></span> <span class='ocrx_word' id='word_1_793' title='bbox 2026 3756 2277 3811; x_wconf 86' lang='lat' dir='ltr'><strong>volebant</strong></span> <span class='ocrx_word' id='word_1_794' title='bbox 2298 3799 2311 3819; x_wconf 95' lang='lat'><strong>,</strong></span> <span class='ocrx_word' id='word_1_795' title='bbox 2356 3758 2746 3827; x_wconf 82' lang='lat' dir='ltr'><strong>loquebantur;</strong></span> <span class='ocrx_word' id='word_1_796' title='bbox 2796 3761 2872 3813; x_wconf 90' lang='lat' dir='ltr'><strong>illi</strong></span> <span class='ocrx_word' id='word_1_797' title='bbox 2903 3777 3023 3831; x_wconf 76' lang='lat' dir='ltr'><strong>qua:</strong></span> <span class='ocrx_word' id='word_1_798' title='bbox 3057 3764 3344 3826; x_wconf 87' lang='lat' dir='ltr'><strong>volebant,</strong></span> <span class='ocrx_word' id='word_1_799' title='bbox 3378 3781 3483 3819; x_wconf 76' lang='grc' dir='ltr'><em>ιιοςι</em></span> 
     </span>
    </p>
   </div>
   <div class='ocr_carea' id='block_1_97' title="bbox 1878 3846 3488 3926">
    <p class='ocr_par' dir='ltr' id='par_1_97' title="bbox 1878 3846 3488 3926">
     <span class='ocr_line' id='line_1_97' title="bbox 1878 3846 3488 3926; baseline 0.006 -26"><span class='ocrx_word' id='word_1_800' title='bbox 1878 3846 2166 3901; x_wconf 88' lang='lat' dir='ltr'><strong>faciebant.</strong></span> <span class='ocrx_word' id='word_1_801' title='bbox 2219 3849 2450 3914; x_wconf 82' lang='lat' dir='ltr'><strong>Quinam</strong></span> <span class='ocrx_word' id='word_1_802' title='bbox 2496 3866 2628 3905; x_wconf 87' lang='lat' dir='ltr'><strong>vero</strong></span> <span class='ocrx_word' id='word_1_803' title='bbox 2660 3852 2711 3905; x_wconf 92' lang='lat' dir='ltr'><strong>in</strong></span> <span class='ocrx_word' id='word_1_804' title='bbox 2744 3852 2977 3907; x_wconf 90' lang='lat' dir='ltr'><strong>vinculis</strong></span> <span class='ocrx_word' id='word_1_805' title='bbox 3020 3862 3075 3909; x_wconf 90' lang='lat' dir='ltr'><strong>et</strong></span> <span class='ocrx_word' id='word_1_806' title='bbox 3126 3856 3179 3910; x_wconf 89' lang='lat' dir='ltr'><strong>in</strong></span> <span class='ocrx_word' id='word_1_807' title='bbox 3225 3856 3488 3926; x_wconf 84' lang='lat' dir='ltr'><strong>pericolis</strong></span> 
     </span>
    </p>
   </div>
   <div class='ocr_carea' id='block_1_98' title="bbox 1876 3942 2729 4000">
    <p class='ocr_par' dir='ltr' id='par_1_98' title="bbox 1876 3942 2729 4000">
     <span class='ocr_line' id='line_1_98' title="bbox 1876 3942 2729 4000; baseline 0.005 -6"><span class='ocrx_word' id='word_1_808' title='bbox 1876 3942 2070 3994; x_wconf 84' lang='lat' dir='ltr'><strong>erant?</strong></span> <span class='ocrx_word' id='word_1_809' title='bbox 2120 3956 2302 3995; x_wconf 91' lang='lat' dir='ltr'><strong>nonne</strong></span> <span class='ocrx_word' id='word_1_810' title='bbox 2334 3943 2419 3997; x_wconf 91' lang='lat' dir='ltr'><strong>isti</strong></span> <span class='ocrx_word' id='word_1_811' title='bbox 2453 3943 2729 4000; x_wconf 81' lang='lat' dir='ltr'><strong>maxime?</strong></span> 
     </span>
    </p>
   </div>
   <div class='ocr_carea' id='block_1_99' title="bbox 1953 4032 3487 4109">
    <p class='ocr_par' dir='ltr' id='par_1_99' title="bbox 1953 4032 3487 4109">
     <span class='ocr_line' id='line_1_99' title="bbox 1953 4032 3487 4109; baseline 0.008 -25"><span class='ocrx_word' id='word_1_812' title='bbox 1953 4032 2287 4086; x_wconf 83' lang='lat' dir='ltr'><strong>Tlteatrorum</strong></span> <span class='ocrx_word' id='word_1_813' title='bbox 2306 4035 2608 4087; x_wconf 80' lang='lat' dir='ltr'><strong>vanitas.—</strong></span> <span class='ocrx_word' id='word_1_814' title='bbox 2635 4036 2828 4092; x_wconf 83' lang='lat' dir='ltr'><strong>Virtuti</strong></span> <span class='ocrx_word' id='word_1_815' title='bbox 2869 4052 2999 4109; x_wconf 81' lang='lat' dir='ltr'><strong>ergo</strong></span> <span class='ocrx_word' id='word_1_816' title='bbox 3028 4040 3333 4097; x_wconf 71' lang='lat' dir='ltr'><strong>hmreamus</strong></span> <span class='ocrx_word' id='word_1_817' title='bbox 3362 4062 3373 4095; x_wconf 76' lang='grc' dir='ltr'>ε</span> <span class='ocrx_word' id='word_1_818' title='bbox 3419 4060 3487 4096; x_wconf 85' lang='lat' dir='ltr'><strong>ne</strong></span> 
     </span>
    </p>
   </div>
   <div class='ocr_carea' id='block_1_100' title="bbox 1876 4124 3484 4193">
    <p class='ocr_par' dir='ltr' id='par_1_100' title="bbox 1876 4124 3484 4193">
     <span class='ocr_line' id='line_1_100' title="bbox 1876 4124 3484 4193; baseline 0.007 -16"><span class='ocrx_word' id='word_1_819' title='bbox 1876 4124 1943 4177; x_wconf 90' lang='lat' dir='ltr'><strong>ad</strong></span> <span class='ocrx_word' id='word_1_820' title='bbox 1964 4126 2290 4193; x_wconf 88' lang='lat' dir='ltr'><strong>voluptatem</strong></span> <span class='ocrx_word' id='word_1_821' title='bbox 2313 4136 2365 4181; x_wconf 87' lang='lat' dir='ltr'><strong>et</strong></span> <span class='ocrx_word' id='word_1_822' title='bbox 2382 4128 2810 4185; x_wconf 85' lang='lat' dir='ltr'><strong>consolationem</strong></span> <span class='ocrx_word' id='word_1_823' title='bbox 2839 4141 3043 4187; x_wconf 88' lang='lat' dir='ltr'><strong>tantum</strong></span> <span class='ocrx_word' id='word_1_824' title='bbox 3066 4133 3227 4187; x_wconf 90' lang='lat' dir='ltr'><strong>dictis</strong></span> <span class='ocrx_word' id='word_1_825' title='bbox 3250 4146 3484 4189; x_wconf 90' lang='lat' dir='ltr'><strong>utamur.</strong></span> 
     </span>
    </p>
   </div>
   <div class='ocr_carea' id='block_1_101' title="bbox 1877 4215 3488 4287">
    <p class='ocr_par' dir='ltr' id='par_1_101' title="bbox 1877 4215 3488 4287">
     <span class='ocr_line' id='line_1_101' title="bbox 1877 4215 3488 4287; baseline 0.006 -18"><span class='ocrx_word' id='word_1_826' title='bbox 1877 4215 1993 4269; x_wconf 81' lang='lat' dir='ltr'><strong>Non</strong></span> <span class='ocrx_word' id='word_1_827' title='bbox 2037 4228 2121 4269; x_wconf 87' lang='lat' dir='ltr'><strong>est</strong></span> <span class='ocrx_word' id='word_1_828' title='bbox 2166 4216 2269 4269; x_wconf 91' lang='lat' dir='ltr'><strong>hoc</strong></span> <span class='ocrx_word' id='word_1_829' title='bbox 2316 4218 2619 4284; x_wconf 80' lang='lat' dir='ltr'><strong>theatrum,</strong></span> <span class='ocrx_word' id='word_1_830' title='bbox 2667 4220 2897 4287; x_wconf 89' lang='lat' dir='ltr'><strong>dilecte,</strong></span> <span class='ocrx_word' id='word_1_831' title='bbox 2945 4224 3368 4280; x_wconf 74' lang='lat' dir='ltr'><strong>citharmdorum</strong></span> <span class='ocrx_word' id='word_1_832' title='bbox 3406 4226 3488 4279; x_wconf 79' lang='lat' dir='ltr'><strong>vel</strong></span> 
     </span>
    </p>
   </div>
   <div class='ocr_carea' id='block_1_102' title="bbox 1880 4309 3489 4385">
    <p class='ocr_par' dir='ltr' id='par_1_102' title="bbox 1880 4309 3489 4385">
     <span class='ocr_line' id='line_1_102' title="bbox 1880 4309 3489 4385; baseline 0.006 -24"><span class='ocrx_word' id='word_1_833' title='bbox 1880 4309 2244 4377; x_wconf 72' lang='lat' dir='ltr'><strong>tragmdorum</strong></span> <span class='ocrx_word' id='word_1_834' title='bbox 2272 4352 2286 4375; x_wconf 92' lang='lat'><strong>,</strong></span> <span class='ocrx_word' id='word_1_835' title='bbox 2321 4310 2476 4379; x_wconf 86' lang='lat' dir='ltr'><strong>cujus</strong></span> <span class='ocrx_word' id='word_1_836' title='bbox 2508 4311 2714 4367; x_wconf 90' lang='lat' dir='ltr'><strong>fructus</strong></span> <span class='ocrx_word' id='word_1_837' title='bbox 2749 4324 2833 4367; x_wconf 89' lang='lat' dir='ltr'><strong>est</strong></span> <span class='ocrx_word' id='word_1_838' title='bbox 2870 4314 3119 4385; x_wconf 83' lang='lat' dir='ltr'><strong>voluptas</strong></span> <span class='ocrx_word' id='word_1_839' title='bbox 3150 4327 3353 4370; x_wconf 88' lang='lat' dir='ltr'><strong>tantum</strong></span> <span class='ocrx_word' id='word_1_840' title='bbox 3375 4358 3389 4380; x_wconf 95' lang='lat'><strong>,</strong></span> <span class='ocrx_word' id='word_1_841' title='bbox 3436 4332 3489 4371; x_wconf 85' lang='lat' dir='ltr'><strong>et</strong></span> 
     </span>
    </p>
   </div>
   <div class='ocr_carea' id='block_1_103' title="bbox 1878 4401 3488 4480">
    <p class='ocr_par' dir='ltr' id='par_1_103' title="bbox 1878 4401 3488 4480">
     <span class='ocr_line' id='line_1_103' title="bbox 1878 4401 3488 4480; baseline 0.005 -24"><span class='ocrx_word' id='word_1_842' title='bbox 1878 4401 2109 4456; x_wconf 90' lang='lat' dir='ltr'><strong>decurso</strong></span> <span class='ocrx_word' id='word_1_843' title='bbox 2136 4402 2223 4455; x_wconf 90' lang='lat' dir='ltr'><strong>die</strong></span> <span class='ocrx_word' id='word_1_844' title='bbox 2252 4406 2466 4458; x_wconf 89' lang='lat' dir='ltr'><strong>transiit</strong></span> <span class='ocrx_word' id='word_1_845' title='bbox 2490 4405 2758 4475; x_wconf 78' lang='lat' dir='ltr'><strong>voluptas.</strong></span> <span class='ocrx_word' id='word_1_846' title='bbox 2794 4410 2971 4477; x_wconf 86' lang='lat' dir='ltr'><strong>Atque</strong></span> <span class='ocrx_word' id='word_1_847' title='bbox 3002 4410 3204 4462; x_wconf 89' lang='lat' dir='ltr'><strong>utinam</strong></span> <span class='ocrx_word' id='word_1_848' title='bbox 3240 4411 3488 4480; x_wconf 86' lang='lat' dir='ltr'><strong>voluptas</strong></span> 
     </span>
    </p>
   </div>
   <div class='ocr_carea' id='block_1_104' title="bbox 1882 4500 3489 4573">
    <p class='ocr_par' dir='ltr' id='par_1_104' title="bbox 1882 4500 3489 4573">
     <span class='ocr_line' id='line_1_104' title="bbox 1882 4500 3489 4573; baseline 0.005 -25"><span class='ocrx_word' id='word_1_849' title='bbox 1882 4504 2090 4550; x_wconf 89' lang='lat' dir='ltr'><strong>tantum</strong></span> <span class='ocrx_word' id='word_1_850' title='bbox 2130 4506 2311 4561; x_wconf 89' lang='lat' dir='ltr'><strong>esset,</strong></span> <span class='ocrx_word' id='word_1_851' title='bbox 2357 4507 2412 4551; x_wconf 88' lang='lat' dir='ltr'><strong>et</strong></span> <span class='ocrx_word' id='word_1_852' title='bbox 2457 4515 2563 4552; x_wconf 92' lang='lat' dir='ltr'><strong>non</strong></span> <span class='ocrx_word' id='word_1_853' title='bbox 2595 4500 2852 4555; x_wconf 91' lang='lat' dir='ltr'><strong>damnum</strong></span> <span class='ocrx_word' id='word_1_854' title='bbox 2890 4518 3010 4557; x_wconf 90' lang='lat' dir='ltr'><strong>cum</strong></span> <span class='ocrx_word' id='word_1_855' title='bbox 3052 4504 3328 4573; x_wconf 89' lang='lat' dir='ltr'><strong>voluptate</strong></span> <span class='ocrx_word' id='word_1_856' title='bbox 3355 4520 3489 4558; x_wconf 92' lang='lat' dir='ltr'><strong>con-</strong></span> 
     </span>
    </p>
   </div>
   <div class='ocr_carea' id='block_1_105' title="bbox 1874 4589 3485 4667">
    <p class='ocr_par' dir='ltr' id='par_1_105' title="bbox 1874 4589 3485 4667">
     <span class='ocr_line' id='line_1_105' title="bbox 1874 4589 3485 4667; baseline 0.004 -25"><span class='ocrx_word' id='word_1_857' title='bbox 1874 4589 2120 4658; x_wconf 89' lang='lat' dir='ltr'><strong>junctum</strong></span> <span class='ocrx_word' id='word_1_858' title='bbox 2145 4606 2159 4653; x_wconf 94' lang='lat'><strong>;</strong></span> <span class='ocrx_word' id='word_1_859' title='bbox 2188 4601 2423 4646; x_wconf 84' lang='lat' dir='ltr'><strong>attamen</strong></span> <span class='ocrx_word' id='word_1_860' title='bbox 2464 4592 2586 4645; x_wconf 89' lang='lat' dir='ltr'><strong>inde</strong></span> <span class='ocrx_word' id='word_1_861' title='bbox 2609 4592 2829 4647; x_wconf 91' lang='lat' dir='ltr'><strong>domum</strong></span> <span class='ocrx_word' id='word_1_862' title='bbox 2872 4595 3066 4665; x_wconf 81' lang='lat' dir='ltr'><strong>singuli</strong></span> <span class='ocrx_word' id='word_1_863' title='bbox 3094 4610 3154 4651; x_wconf 89' lang='lat' dir='ltr'><strong>se</strong></span> <span class='ocrx_word' id='word_1_864' title='bbox 3183 4598 3485 4667; x_wconf 86' lang='lat' dir='ltr'><strong>recipiunt,</strong></span> 
     </span>
    </p>
   </div>
   <div class='ocr_carea' id='block_1_106' title="bbox 1889 4682 3488 4755">
    <p class='ocr_par' dir='ltr' id='par_1_106' title="bbox 1889 4682 3488 4755">
     <span class='ocr_line' id='line_1_106' title="bbox 1889 4682 3488 4755; baseline 0.004 -19"><span class='ocrx_word' id='word_1_865' title='bbox 1889 4682 2023 4737; x_wconf 90' lang='lat' dir='ltr'><strong>hinc</strong></span> <span class='ocrx_word' id='word_1_866' title='bbox 2078 4684 2245 4737; x_wconf 87' lang='lat' dir='ltr'><strong>multa</strong></span> <span class='ocrx_word' id='word_1_867' title='bbox 2277 4686 2428 4753; x_wconf 86' lang='lat' dir='ltr'><strong>quasi</strong></span> <span class='ocrx_word' id='word_1_868' title='bbox 2454 4700 2521 4738; x_wconf 74' lang='lat' dir='ltr'><strong>cx</strong></span> <span class='ocrx_word' id='word_1_869' title='bbox 2557 4686 2785 4755; x_wconf 89' lang='lat' dir='ltr'><strong>quadam</strong></span> <span class='ocrx_word' id='word_1_870' title='bbox 2811 4690 2895 4743; x_wconf 91' lang='lat' dir='ltr'><strong>lue</strong></span> <span class='ocrx_word' id='word_1_871' title='bbox 2931 4699 3112 4743; x_wconf 89' lang='lat' dir='ltr'><strong>coacta</strong></span> <span class='ocrx_word' id='word_1_872' title='bbox 3145 4692 3442 4745; x_wconf 85' lang='lat' dir='ltr'><strong>referentes</strong></span> <span class='ocrx_word' id='word_1_873' title='bbox 3475 4710 3488 4743; x_wconf 90' lang='lat'><strong>:</strong></span> 
     </span>
    </p>
   </div>
   <div class='ocr_carea' id='block_1_107' title="bbox 1883 4770 3491 4849">
    <p class='ocr_par' dir='ltr' id='par_1_107' title="bbox 1883 4770 3491 4849">
     <span class='ocr_line' id='line_1_107' title="bbox 1883 4770 3491 4849; baseline 0.006 -23"><span class='ocrx_word' id='word_1_874' title='bbox 1883 4783 1938 4827; x_wconf 91' lang='lat' dir='ltr'><strong>et</strong></span> <span class='ocrx_word' id='word_1_875' title='bbox 1966 4774 2283 4829; x_wconf 86' lang='lat' dir='ltr'><strong>adolescens</strong></span> <span class='ocrx_word' id='word_1_876' title='bbox 2314 4778 2532 4845; x_wconf 86' lang='lat' dir='ltr'><strong>quidem</strong></span> <span class='ocrx_word' id='word_1_877' title='bbox 2573 4792 2637 4830; x_wconf 86' lang='lat' dir='ltr'><strong>ex</strong></span> <span class='ocrx_word' id='word_1_878' title='bbox 2680 4781 2937 4834; x_wconf 88' lang='lat' dir='ltr'><strong>salanicis</strong></span> <span class='ocrx_word' id='word_1_879' title='bbox 2982 4770 3271 4835; x_wconf 86' lang='lat' dir='ltr'><strong>cantilenis</strong></span> <span class='ocrx_word' id='word_1_880' title='bbox 3315 4784 3491 4849; x_wconf 83' lang='lat' dir='ltr'><strong>aliqua</strong></span> 
     </span>
    </p>
   </div>
   <div class='ocr_carea' id='block_1_108' title="bbox 1883 4872 3495 4944">
    <p class='ocr_par' dir='ltr' id='par_1_108' title="bbox 1883 4872 3495 4944">
     <span class='ocr_line' id='line_1_108' title="bbox 1883 4872 3495 4944; baseline 0.006 -25"><span class='ocrx_word' id='word_1_881' title='bbox 1883 4875 2157 4920; x_wconf 85' lang='lat' dir='ltr'><strong>mutuatus</strong></span> <span class='ocrx_word' id='word_1_882' title='bbox 2178 4910 2191 4933; x_wconf 95' lang='lat'><strong>,</strong></span> <span class='ocrx_word' id='word_1_883' title='bbox 2226 4885 2345 4936; x_wconf 79' lang='lat' dir='ltr'><strong>quae</strong></span> <span class='ocrx_word' id='word_1_884' title='bbox 2376 4872 2549 4939; x_wconf 84' lang='lat' dir='ltr'><strong>potuit</strong></span> <span class='ocrx_word' id='word_1_885' title='bbox 2584 4873 2843 4925; x_wconf 85' lang='lat' dir='ltr'><strong>memoria</strong></span> <span class='ocrx_word' id='word_1_886' title='bbox 2885 4874 3153 4939; x_wconf 87' lang='lat' dir='ltr'><strong>retinere,</strong></span> <span class='ocrx_word' id='word_1_887' title='bbox 3184 4875 3495 4944; x_wconf 72' lang='lat' dir='ltr'><strong>frequenter</strong></span> 
     </span>
    </p>
   </div>
   <div class='ocr_carea' id='block_1_109' title="bbox 1884 4956 3493 5036">
    <p class='ocr_par' dir='ltr' id='par_1_109' title="bbox 1884 4956 3493 5036">
     <span class='ocr_line' id='line_1_109' title="bbox 1884 4956 3493 5036; baseline 0.007 -26"><span class='ocrx_word' id='word_1_888' title='bbox 1884 4956 2027 5011; x_wconf 90' lang='lat' dir='ltr'><strong>domi</strong></span> <span class='ocrx_word' id='word_1_889' title='bbox 2076 4968 2292 5026; x_wconf 89' lang='lat' dir='ltr'><strong>cantat;</strong></span> <span class='ocrx_word' id='word_1_890' title='bbox 2343 4962 2526 5015; x_wconf 89' lang='lat' dir='ltr'><strong>senior</strong></span> <span class='ocrx_word' id='word_1_891' title='bbox 2571 4973 2789 5032; x_wconf 89' lang='lat' dir='ltr'><strong>autem,</strong></span> <span class='ocrx_word' id='word_1_892' title='bbox 2844 4976 3029 5035; x_wconf 84' lang='lat' dir='ltr'><strong>utpote</strong></span> <span class='ocrx_word' id='word_1_893' title='bbox 3086 4968 3336 5036; x_wconf 79' lang='lat' dir='ltr'><strong>gravior,</strong></span> <span class='ocrx_word' id='word_1_894' title='bbox 3390 4968 3493 5021; x_wconf 71' lang='lat' dir='ltr'><strong>hoc</strong></span> 
     </span>
    </p>
   </div>
   <div class='ocr_carea' id='block_1_110' title="bbox 1884 5052 3494 5128">
    <p class='ocr_par' dir='ltr' id='par_1_110' title="bbox 1884 5052 3494 5128">
     <span class='ocr_line' id='line_1_110' title="bbox 1884 5052 3494 5128; baseline 0.007 -23"><span class='ocrx_word' id='word_1_895' title='bbox 1884 5052 2101 5120; x_wconf 89' lang='lat' dir='ltr'><strong>quidem</strong></span> <span class='ocrx_word' id='word_1_896' title='bbox 2125 5068 2231 5107; x_wconf 91' lang='lat' dir='ltr'><strong>non</strong></span> <span class='ocrx_word' id='word_1_897' title='bbox 2262 5055 2385 5109; x_wconf 87' lang='lat' dir='ltr'><strong>facit</strong></span> <span class='ocrx_word' id='word_1_898' title='bbox 2404 5097 2420 5121; x_wconf 93' lang='lat'><strong>,</strong></span> <span class='ocrx_word' id='word_1_899' title='bbox 2445 5056 2540 5110; x_wconf 90' lang='lat' dir='ltr'><strong>sed</strong></span> <span class='ocrx_word' id='word_1_900' title='bbox 2572 5059 2751 5110; x_wconf 88' lang='lat' dir='ltr'><strong>omnia</strong></span> <span class='ocrx_word' id='word_1_901' title='bbox 2775 5076 2894 5128; x_wconf 79' lang='lat' dir='ltr'><strong>qua:</strong></span> <span class='ocrx_word' id='word_1_902' title='bbox 2918 5060 2987 5114; x_wconf 91' lang='lat' dir='ltr'><strong>ibi</strong></span> <span class='ocrx_word' id='word_1_903' title='bbox 3016 5062 3160 5114; x_wconf 87' lang='lat' dir='ltr'><strong>dicta</strong></span> <span class='ocrx_word' id='word_1_904' title='bbox 3180 5073 3303 5114; x_wconf 79' lang='lat' dir='ltr'><strong>sunt</strong></span> <span class='ocrx_word' id='word_1_905' title='bbox 3328 5065 3494 5117; x_wconf 83' lang='lat' dir='ltr'><strong>verba</strong></span> 
     </span>
    </p>
   </div>
   <div class='ocr_carea' id='block_1_111' title="bbox 1886 5144 3497 5229">
    <p class='ocr_par' dir='ltr' id='par_1_111' title="bbox 1886 5144 3497 5229">
     <span class='ocr_line' id='line_1_111' title="bbox 1886 5144 3497 5229; baseline 0.006 -31"><span class='ocrx_word' id='word_1_906' title='bbox 1886 5158 2171 5201; x_wconf 88' lang='lat' dir='ltr'><strong>memorat.</strong></span> <span class='ocrx_word' id='word_1_907' title='bbox 2206 5148 2335 5203; x_wconf 89' lang='lat' dir='ltr'><strong>lmle</strong></span> <span class='ocrx_word' id='word_1_908' title='bbox 2372 5150 2503 5203; x_wconf 91' lang='lat' dir='ltr'><strong>nihil</strong></span> <span class='ocrx_word' id='word_1_909' title='bbox 2532 5151 2795 5207; x_wconf 82' lang='lat' dir='ltr'><strong>habentes</strong></span> <span class='ocrx_word' id='word_1_910' title='bbox 2827 5155 3135 5210; x_wconf 85' lang='lat' dir='ltr'><strong>abscedilis.</strong></span> <span class='ocrx_word' id='word_1_911' title='bbox 3169 5155 3237 5208; x_wconf 82' lang='lat' dir='ltr'><strong>Et</strong></span> <span class='ocrx_word' id='word_1_912' title='bbox 3267 5144 3497 5229; x_wconf 81' lang='lat' dir='ltr'><strong>quomo-</strong></span> 
     </span>
    </p>
   </div>
   <div class='ocr_carea' id='block_1_112' title="bbox 1886 5239 3494 5318">
    <p class='ocr_par' dir='ltr' id='par_1_112' title="bbox 1886 5239 3494 5318">
     <span class='ocr_line' id='line_1_112' title="bbox 1886 5239 3494 5318; baseline 0.007 -27"><span class='ocrx_word' id='word_1_913' title='bbox 1886 5239 1956 5292; x_wconf 91' lang='lat' dir='ltr'><strong>do</strong></span> <span class='ocrx_word' id='word_1_914' title='bbox 1988 5257 2093 5294; x_wconf 88' lang='lat' dir='ltr'><strong>non</strong></span> <span class='ocrx_word' id='word_1_915' title='bbox 2136 5242 2205 5295; x_wconf 88' lang='lat' dir='ltr'><strong>sit</strong></span> <span class='ocrx_word' id='word_1_916' title='bbox 2255 5242 2384 5296; x_wconf 89' lang='lat' dir='ltr'><strong>illud</strong></span> <span class='ocrx_word' id='word_1_917' title='bbox 2415 5244 2637 5313; x_wconf 79' lang='lat' dir='ltr'><strong>dignum</strong></span> <span class='ocrx_word' id='word_1_918' title='bbox 2672 5246 2914 5312; x_wconf 87' lang='lat' dir='ltr'><strong>pudore?</strong></span> <span class='ocrx_word' id='word_1_919' title='bbox 2942 5248 3140 5318; x_wconf 79' lang='lat' dir='ltr'><strong>Legem</strong></span> <span class='ocrx_word' id='word_1_920' title='bbox 3174 5252 3452 5317; x_wconf 88' lang='lat' dir='ltr'><strong>posuimus</strong></span> <span class='ocrx_word' id='word_1_921' title='bbox 3479 5267 3494 5316; x_wconf 89' lang='lat'><strong>;</strong></span> 
     </span>
    </p>
   </div>
   <div class='ocr_carea' id='block_1_113' title="bbox 1888 5332 3493 5412">
    <p class='ocr_par' dir='ltr' id='par_1_113' title="bbox 1888 5332 3493 5412">
     <span class='ocr_line' id='line_1_113' title="bbox 1888 5332 3493 5412; baseline 0.009 -29"><span class='ocrx_word' id='word_1_922' title='bbox 1888 5332 1997 5385; x_wconf 89' lang='lat' dir='ltr'><strong>imo</strong></span> <span class='ocrx_word' id='word_1_923' title='bbox 2026 5348 2131 5386; x_wconf 89' lang='lat' dir='ltr'><strong>non</strong></span> <span class='ocrx_word' id='word_1_924' title='bbox 2166 5348 2264 5387; x_wconf 89' lang='lat' dir='ltr'><strong>nos</strong></span> <span class='ocrx_word' id='word_1_925' title='bbox 2294 5337 2574 5403; x_wconf 90' lang='lat' dir='ltr'><strong>posuimus</strong></span> <span class='ocrx_word' id='word_1_926' title='bbox 2601 5356 2613 5390; x_wconf 88' lang='lat'><strong>:</strong></span> <span class='ocrx_word' id='word_1_927' title='bbox 2642 5338 2779 5392; x_wconf 86' lang='lat' dir='ltr'><strong>absit</strong></span> <span class='ocrx_word' id='word_1_928' title='bbox 2803 5356 2817 5403; x_wconf 91' lang='lat'><strong>;</strong></span> <span class='ocrx_word' id='word_1_929' title='bbox 2851 5338 3029 5393; x_wconf 87' lang='lat' dir='ltr'><strong>Nolite</strong></span> <span class='ocrx_word' id='word_1_930' title='bbox 3054 5359 3265 5408; x_wconf 82' lang='lat' dir='ltr'><strong>vocare,</strong></span> <span class='ocrx_word' id='word_1_931' title='bbox 3301 5344 3493 5412; x_wconf 87' lang='lat' dir='ltr'><strong>inquit,</strong></span> 
     </span>
    </p>
   </div>
   <div class='ocr_carea' id='block_1_114' title="bbox 1890 5427 3496 5507">
    <p class='ocr_par' dir='ltr' id='par_1_114' title="bbox 1890 5427 3496 5507">
     <span class='ocr_line' id='line_1_114' title="bbox 1890 5427 3496 5507; baseline 0.009 -30"><span class='ocrx_word' id='word_1_932' title='bbox 1890 5427 2185 5495; x_wconf 84' lang='lat' dir='ltr'><strong>magistrum</strong></span> <span class='ocrx_word' id='word_1_933' title='bbox 2223 5444 2376 5497; x_wconf 84' lang='lat' dir='ltr'><strong>super</strong></span> <span class='ocrx_word' id='word_1_934' title='bbox 2406 5440 2592 5483; x_wconf 85' lang='lat' dir='ltr'><strong>terram</strong></span> <span class='ocrx_word' id='word_1_935' title='bbox 2624 5431 2836 5501; x_wconf 78' lang='lat' dir='ltr'><strong>(Matth.</strong></span> <span class='ocrx_word' id='word_1_936' title='bbox 2863 5432 2954 5487; x_wconf 75' lang='lat'><strong>9.5.</strong></span> <span class='ocrx_word' id='word_1_937' title='bbox 2985 5435 3075 5504; x_wconf 83' lang='lat'><strong>8);</strong></span> <span class='ocrx_word' id='word_1_938' title='bbox 3110 5436 3281 5503; x_wconf 77' lang='lat' dir='ltr'><strong>legem</strong></span> <span class='ocrx_word' id='word_1_939' title='bbox 3318 5439 3496 5507; x_wconf 88' lang='lat' dir='ltr'><strong>posuit</strong></span> 
     </span>
    </p>
   </div>
   <div class='ocr_carea' id='block_1_115' title="bbox 1887 5517 3498 5597">
    <p class='ocr_par' dir='ltr' id='par_1_115' title="bbox 1887 5517 3498 5597">
     <span class='ocr_line' id='line_1_115' title="bbox 1887 5517 3498 5597; baseline 0.008 -25"><span class='ocrx_word' id='word_1_940' title='bbox 1887 5517 2167 5585; x_wconf 85' lang='lat' dir='ltr'><strong>Christus,</strong></span> <span class='ocrx_word' id='word_1_941' title='bbox 2204 5536 2272 5575; x_wconf 85' lang='lat' dir='ltr'><strong>ne</strong></span> <span class='ocrx_word' id='word_1_942' title='bbox 2315 5524 2435 5590; x_wconf 91' lang='lat' dir='ltr'><strong>quis</strong></span> <span class='ocrx_word' id='word_1_943' title='bbox 2478 5524 2643 5592; x_wconf 87' lang='lat' dir='ltr'><strong>juret.</strong></span> <span class='ocrx_word' id='word_1_944' title='bbox 2695 5525 2831 5591; x_wconf 84' lang='lat' dir='ltr'><strong>Quid</strong></span> <span class='ocrx_word' id='word_1_945' title='bbox 2863 5569 2875 5590; x_wconf 91' lang='lat'><strong>,</strong></span> <span class='ocrx_word' id='word_1_946' title='bbox 2910 5543 3136 5597; x_wconf 69' lang='lat' dir='ltr'><strong>qumso,</strong></span> <span class='ocrx_word' id='word_1_947' title='bbox 3170 5530 3309 5583; x_wconf 86' lang='lat' dir='ltr'><strong>circa</strong></span> <span class='ocrx_word' id='word_1_948' title='bbox 3359 5530 3498 5585; x_wconf 88' lang='lat' dir='ltr'><strong>hanc</strong></span> 
     </span>
    </p>
   </div>
   <div class='ocr_carea' id='block_1_116' title="bbox 1888 5612 3495 5686">
    <p class='ocr_par' dir='ltr' id='par_1_116' title="bbox 1888 5612 3495 5686">
     <span class='ocr_line' id='line_1_116' title="bbox 1888 5612 3495 5686; baseline 0.009 -22"><span class='ocrx_word' id='word_1_949' title='bbox 1888 5612 2060 5681; x_wconf 73' lang='lat' dir='ltr'><strong>legem</strong></span> <span class='ocrx_word' id='word_1_950' title='bbox 2106 5612 2303 5667; x_wconf 88' lang='lat' dir='ltr'><strong>factum</strong></span> <span class='ocrx_word' id='word_1_951' title='bbox 2337 5624 2412 5669; x_wconf 86' lang='lat' dir='ltr'><strong>est</strong></span> <span class='ocrx_word' id='word_1_952' title='bbox 2440 5617 2463 5669; x_wconf 85' lang='lat'><strong>?</strong></span> <span class='ocrx_word' id='word_1_953' title='bbox 2496 5633 2670 5686; x_wconf 86' lang='lat' dir='ltr'><strong>neque</strong></span> <span class='ocrx_word' id='word_1_954' title='bbox 2696 5622 2839 5672; x_wconf 89' lang='lat' dir='ltr'><strong>enim</strong></span> <span class='ocrx_word' id='word_1_955' title='bbox 2875 5620 3035 5675; x_wconf 87' lang='lat' dir='ltr'><strong>linem</strong></span> <span class='ocrx_word' id='word_1_956' title='bbox 3066 5622 3254 5675; x_wconf 87' lang='lat' dir='ltr'><strong>faciam</strong></span> <span class='ocrx_word' id='word_1_957' title='bbox 3301 5624 3400 5678; x_wconf 88' lang='lat' dir='ltr'><strong>hac</strong></span> <span class='ocrx_word' id='word_1_958' title='bbox 3426 5626 3495 5679; x_wconf 90' lang='lat' dir='ltr'><strong>de</strong></span> 
     </span>
    </p>
   </div>
   <div class='ocr_carea' id='block_1_117' title="bbox 1886 5705 3492 5783">
    <p class='ocr_par' dir='ltr' id='par_1_117' title="bbox 1886 5705 3492 5783">
     <span class='ocr_line' id='line_1_117' title="bbox 1886 5705 3492 5783; baseline 0.007 -26"><span class='ocrx_word' id='word_1_959' title='bbox 1886 5721 1947 5759; x_wconf 89' lang='lat' dir='ltr'><strong>re</strong></span> <span class='ocrx_word' id='word_1_960' title='bbox 2000 5705 2249 5772; x_wconf 86' lang='lat' dir='ltr'><strong>loquendi</strong></span> <span class='ocrx_word' id='word_1_961' title='bbox 2277 5746 2291 5771; x_wconf 87' lang='lat'><strong>,</strong></span> <span class='ocrx_word' id='word_1_962' title='bbox 2326 5705 2408 5759; x_wconf 78' lang='lat' dir='ltr'><strong>Ne</strong></span> <span class='ocrx_word' id='word_1_963' title='bbox 2430 5708 2561 5774; x_wconf 74' lang='lat' dir='ltr'><strong>forte</strong></span> <span class='ocrx_word' id='word_1_964' title='bbox 2585 5710 2771 5762; x_wconf 86' lang='lat' dir='ltr'><strong>iterum</strong></span> <span class='ocrx_word' id='word_1_965' title='bbox 2801 5713 3035 5779; x_wconf 82' lang='lat' dir='ltr'><strong>veniens,</strong></span> <span class='ocrx_word' id='word_1_966' title='bbox 3067 5724 3123 5767; x_wconf 92' lang='lat' dir='ltr'><strong>ut</strong></span> <span class='ocrx_word' id='word_1_967' title='bbox 3155 5717 3228 5767; x_wconf 89' lang='lat' dir='ltr'><strong>ait</strong></span> <span class='ocrx_word' id='word_1_968' title='bbox 3261 5718 3492 5783; x_wconf 82' lang='lat' dir='ltr'><strong>Aposto-</strong></span> 
     </span>
    </p>
   </div>
   <div class='ocr_carea' id='block_1_118' title="bbox 1887 5798 3492 5871">
    <p class='ocr_par' dir='ltr' id='par_1_118' title="bbox 1887 5798 3492 5871">
     <span class='ocr_line' id='line_1_118' title="bbox 1887 5798 3492 5871; baseline 0.007 -20"><span class='ocrx_word' id='word_1_969' title='bbox 1887 5798 1970 5851; x_wconf 92' lang='lat' dir='ltr'><strong>lus</strong></span> <span class='ocrx_word' id='word_1_970' title='bbox 1995 5840 2010 5863; x_wconf 90' lang='lat'><strong>,</strong></span> <span class='ocrx_word' id='word_1_971' title='bbox 2044 5815 2142 5851; x_wconf 87' lang='lat' dir='ltr'><strong>non</strong></span> <span class='ocrx_word' id='word_1_972' title='bbox 2174 5816 2381 5867; x_wconf 80' lang='lat' dir='ltr'><strong>parcant</strong></span> <span class='ocrx_word' id='word_1_973' title='bbox 2414 5800 2491 5871; x_wconf 68' lang='grc' dir='ltr'><strong>(Ξ.</strong></span> <span class='ocrx_word' id='word_1_974' title='bbox 2532 5801 2650 5857; x_wconf 85' lang='lat' dir='ltr'><strong>Cor.</strong></span> <span class='ocrx_word' id='word_1_975' title='bbox 2700 5806 2783 5858; x_wconf 82' lang='lat' dir='ltr'><strong>l3.</strong></span> <span class='ocrx_word' id='word_1_976' title='bbox 2833 5805 2914 5869; x_wconf 74' lang='lat'><strong>2).</strong></span> <span class='ocrx_word' id='word_1_977' title='bbox 2947 5806 3083 5860; x_wconf 85' lang='lat' dir='ltr'><strong>Num</strong></span> <span class='ocrx_word' id='word_1_978' title='bbox 3118 5808 3168 5861; x_wconf 91' lang='lat' dir='ltr'><strong>id</strong></span> <span class='ocrx_word' id='word_1_979' title='bbox 3215 5810 3492 5863; x_wconf 79' lang='lat' dir='ltr'><strong>curosu&#39;s?</strong></span> 
     </span>
    </p>
   </div>
   <div class='ocr_carea' id='block_1_119' title="bbox 1890 5892 3491 5955">
    <p class='ocr_par' dir='ltr' id='par_1_119' title="bbox 1890 5892 3491 5955">
     <span class='ocr_line' id='line_1_119' title="bbox 1890 5892 3491 5955; baseline 0.006 -9"><span class='ocrx_word' id='word_1_980' title='bbox 1890 5907 2019 5946; x_wconf 88' lang='lat' dir='ltr'><strong>num</strong></span> <span class='ocrx_word' id='word_1_981' title='bbox 2059 5892 2272 5947; x_wconf 83' lang='lat' dir='ltr'><strong>solliciti</strong></span> <span class='ocrx_word' id='word_1_982' title='bbox 2326 5892 2501 5948; x_wconf 77' lang='lat' dir='ltr'><strong>fuistis</strong></span> <span class='ocrx_word' id='word_1_983' title='bbox 2531 5907 2622 5949; x_wconf 90' lang='lat' dir='ltr'><strong>aut</strong></span> <span class='ocrx_word' id='word_1_984' title='bbox 2671 5896 2937 5952; x_wconf 83' lang='lat' dir='ltr'><strong>studiosi?</strong></span> <span class='ocrx_word' id='word_1_985' title='bbox 2983 5916 3048 5952; x_wconf 90' lang='lat' dir='ltr'><strong>an</strong></span> <span class='ocrx_word' id='word_1_986' title='bbox 3095 5900 3285 5954; x_wconf 85' lang='lat' dir='ltr'><strong>eadem</strong></span> <span class='ocrx_word' id='word_1_987' title='bbox 3334 5905 3491 5955; x_wconf 79' lang='lat' dir='ltr'><strong>llOblS</strong></span> 
     </span>
    </p>
   </div>
  </div>
