4088 6326
680 381 740 439 ill
989 419 994 424 κ
1385 380 1435 435 S.
1481 375 1753 435 Jll\.\'NlS
1791 370 2262 428 CllllYSUSTOMl
2306 370 2621 426 Alllillllil‘.
2665 371 3200 430 CONSTANTINOP.
3893 375 3956 430 92

673 515 857 556 rursus
880 499 1102 554 dicenda
1131 499 1290 553 sunt?
1317 499 1426 552 lino
1454 501 1566 553 sive,
1593 495 1788 566 aliquid
1813 495 2005 546 factum
2030 491 2118 554 sit,
2144 491 2255 542 sive

676 608 777 644 non
803 630 815 653 ,
848 590 1037 644 eadem
1082 591 1190 658 ipsa
1236 590 1608 658 aggrediemur
1629 631 1643 652 ,
1674 597 1728 640 ιιι
1757 600 1939 639 curam
1971 582 2212 636 haheat's
2237 622 2250 645 ,

675 691 729 734 ut
769 681 896 734 illud
940 682 1143 735 tirmius
1175 682 1469 735 observetis
1519 690 1570 734 ct
1599 680 1732 732 alios
1763 672 2072 730 hortemini.
2105 671 2255 728 Unde

671 787 799 842 ergo
826 773 1184 841 incipiemus?
1209 773 1377 827 Vultis
1407 790 1435 825 ει
1466 772 1631 826 veteri
1663 769 1816 839 lege?
1848 769 2005 837 Atqui
2033 766 2135 820 hoc
2158 779 2253 817 no-

676 862 754 914 his
787 862 973 930 pudori
1018 872 1121 929 cst,
1157 863 1297 932 quod
1346 879 1405 917 ea
1432 905 1447 928 ,
1478 878 1595 932 qum
1638 863 1688 915 in
1722 861 1890 915 veleri
1923 859 2038 928 lege
2085 864 2248 920 sunt,

669 967 786 1019 qua:
813 968 1140 1022 exsuperare
1162 962 1455 1022 oporteret,
1483 969 1550 1006 ne
1580 964 1856 1006 servemus
1879 947 2117 1017 quidem.
2145 943 2251 998 Nos

668 1052 814 1096 certe
847 1059 949 1096 non
982 1043 1047 1098 de
1079 1043 1161 1096 his
1191 1043 1378 1097 audire
1426 1041 1777 1097 conveniebat
1808 1038 2064 1108 (Iudaica:
2109 1035 2250 1090 enim

675 1133 892 1186 vilitatis
943 1132 1057 1187 hzec
1124 1145 1387 1203 przvccpla
1437 1132 1636 1196 sunt),
1686 1131 1780 1185 sed
1835 1131 1923 1184 illa
1975 1128 2246 1198 perfecta:

668 1223 838 1291 abjicc
873 1225 1124 1292 pecunias
1146 1265 1159 1290 ,
1204 1233 1283 1277 sta
1313 1224 1521 1278 fortiter
1548 1265 1561 1288 ,
1605 1223 1839 1276 animam
1864 1236 1962 1291 pro
1991 1218 2248 1290 prtrdica-

671 1314 812 1367 tione
852 1314 976 1367 dato
998 1356 1012 1381 ,
1045 1323 1252 1370 terrena
1297 1314 1472 1367 omnia
1503 1314 1617 1368 ride
1643 1354 1657 1378 ,
1689 1312 1819 1366 nihil
1869 1311 1957 1364 tibi
1998 1311 2067 1364 sit
2095 1323 2247 1363 cum-

669 1419 829 1459 mune
861 1420 977 1458 cum
1026 1407 1274 1474 prmsenti
1305 1407 1444 1470 vita;
1478 1407 1519 1459 si
1551 1404 1668 1474 quis
1701 1413 1751 1458 te
1799 1401 1957 1456 ltndat
1979 1441 1993 1465 ,
2027 1397 2246 1455 benefa-

667 1497 802 1560 cito;
834 1498 875 1550 si
911 1507 959 1552 te
985 1498 1294 1562 defraudet,
1327 1498 1665 1561 benedicito;
1714 1497 1758 1551 si
1791 1505 1977 1550 contra
2022 1503 2072 1547 te
2101 1492 2246 1546 blas-

667 1588 912 1655 phemet,
943 1591 1234 1656 honorato;
1275 1591 1524 1645 omnibus
1553 1591 1800 1660 superior
1841 1598 1979 1643 esto.
2031 1586 2154 1642 Haec
2193 1594 2247 1641 et

665 1682 858 1734 similia
889 1683 1072 1737 audire
1098 1683 1395 1754 Oportebat.

736 1771 923 1826 Contra
938 1775 1248 1841 jttramettta.
1279 1804 1347 1814 —
1368 1773 1517 1830 Nune
1540 1782 1716 1828 autem
1745 1773 1811 1828 de
1835 1773 2139 1843 juramento
2171 1771 2246 1826 lo-

662 1862 910 1929 quimur;
942 1872 1100 1931 atque
1133 1864 1360 1932 idipsum
1409 1865 1699 1934 contingit,
1745 1879 1804 1917 ac
1846 1864 1889 1916 si
1935 1862 2051 1931 quis
2080 1877 2240 1926 eum,

661 1960 748 2025 qui
776 1957 883 2024 jam
916 1958 1107 2012 debeat
1137 1959 1498 2028 philosophari
1527 2000 1541 2024 ,
1574 1973 1602 2011 a
1632 1957 1944 2012 doctoribus
1990 1957 2102 2011 suis
2148 1954 2244 2009 ab-

661 2049 905 2113 strahat,
955 2059 1114 2118 atque
1165 2050 1396 2119 syllabas
1426 2059 1479 2104 et
1525 2051 1790 2105 clen-enta
1845 2048 2024 2118 legere
2067 2055 2241 2118 cogat.

660 2139 844 2207 Cogita
878 2141 1005 2192 mihi
1053 2151 1282 2208 quantus
1311 2141 1481 2209 pudor
1510 2141 1579 2195 sit
1621 2139 1890 2194 hominem
1927 2139 2241 2209 profundam

661 2230 942 2283 habentem
979 2230 1218 2295 barbazn,
1255 2232 1498 2284 baculum
1535 2229 1794 2284 ferentem
1819 2241 1866 2284 et
1899 2229 2113 2298 pallium
2145 2229 2240 2297 (a),

659 2322 722 2371 ad
754 2322 1034 2389 magistros
1083 2337 1201 2376 cum
1234 2322 1411 2390 pueris
1442 2322 1589 2376 abire
1612 2362 1626 2388 ,
1671 2331 1728 2375 ιιι
1761 2320 1947 2376 eadem
1980 2336 2100 2375 cum
2140 2320 2242 2374 illis

655 2410 825 2462 discat
851 2429 860 2461 :
894 2426 1069 2465 nonne
1097 2411 1220 2465 hinc
1248 2427 1471 2481 magnus
1504 2412 1684 2466 risus?
1713 2411 1817 2466 Sed
1851 2412 1952 2480 iam
1981 2412 2150 2479 major
2177 2426 2239 2465 ex

655 2501 825 2554 nobis.
850 2501 962 2555 Non
987 2502 1128 2556 enim
1165 2513 1369 2560 tantum
1403 2502 1727 2556 discriminis
1748 2511 1828 2556 est
1851 2501 2236 2570 philosomtiam

655 2594 791 2646 inter
822 2603 872 2646 ct
903 2595 1168 2646 elementa
1193 2633 1207 2657 ,
1241 2603 1495 2662 quantum
1528 2595 1664 2648 inter
1692 2593 1912 2646 Judaiea
1939 2601 1993 2646 et
2020 2601 2233 2655 nostra;

653 2682 744 2736 sed
777 2691 1032 2750 quantum
1063 2683 1201 2736 inter
1226 2683 1442 2752 angelos
1469 2693 1521 2737 et
1551 2683 1813 2736 homines.
1848 2682 1903 2737 Si
1929 2683 2068 2750 quis,
2093 2699 2238 2751 qna:-

651 2786 711 2824 so
745 2781 793 2824 te
819 2813 831 2834 ,
864 2773 1112 2840 angelum
1152 2772 1218 2826 de
1244 2773 1374 2826 etelo
1401 2772 1689 2826 deductum
1715 2773 1931 2841 juberet
1964 2773 2050 2825 hic
2096 2783 2238 2826 stare

650 2869 702 2911 et
752 2861 908 2914 verba
944 2871 1123 2912 nostra
1165 2861 1346 2914 audire
1368 2903 1380 2924 ,
1429 2870 1486 2914 nt
1516 2861 1807 2915 secundum
1837 2876 1898 2915 ea
1928 2877 1987 2915 se
2017 2877 2236 2930 compo-

649 2959 841 3015 neret,
873 2963 1050 3002 annon
1100 2950 1268 3018 pudor
1319 2951 1442 3004 inde
1493 2960 1546 3003 et
1594 2950 1732 3004 risus
1777 2951 2136 3018 sequeretur?
2179 2950 2233 3006 Si

649 3057 776 3093 vero
804 3040 869 3094 de
899 3041 960 3093 iis
986 3040 1095 3109 jam
1121 3041 1318 3094 erudiri
1353 3041 1634 3094 ridiculum
1666 3050 1749 3094 est
1773 3081 1787 3104 ,
1821 3041 1903 3094 his
1929 3056 1997 3094 ne
2018 3041 2234 3109 quidem

645 3131 951 3197 attendere,
1003 3141 1196 3201 quanta
1265 3131 1577 3185 damnatio?
1629 3141 1858 3201 quantus
1908 3133 2121 3200 pudor?
2171 3133 2236 3186 Et

644 3222 915 3289 quomodo
947 3237 1051 3274 non
1096 3221 1265 3290 pudor
1293 3221 1394 3286 sit,
1436 3221 1575 3289 quod
1606 3221 1780 3274 adhuc
1807 3219 2097 3277 Christiani
2140 3221 2234 3276 ad-

642 3313 848 3366 discant
879 3328 984 3366 non
1012 3328 1131 3366 esse
1176 3311 1506 3381 jurandum?
1535 3313 1784 3366 Attamen
1831 3328 1931 3367 nos
1976 3315 2233 3382 reprima-

642 3421 760 3456 ntus
781 3445 793 3467 ,
825 3419 891 3457 ne
920 3404 1088 3471 magis
1139 3403 1428 3457 rideamur.
1462 3404 1578 3472 Age
1610 3403 1770 3473 igitur
1799 3419 1868 3458 ex
1902 3406 2066 3458 veteri
2113 3405 2231 3476 lege

649 3495 799 3546 vobis
825 3494 1150 3547 disseramus
1183 3492 1363 3547 hodie.
1393 3493 1529 3558 Quid
1557 3502 1734 3547 autem
1763 3493 1890 3547 dicit
1919 3495 2050 3549 illa?
2079 3495 2231 3548 Jura-

643 3596 807 3637 mento
857 3602 918 3638 ne
962 3586 1271 3654 assuefacias
1315 3602 1371 3639 os
1431 3596 1611 3649 tuum,
1663 3601 1822 3654 neque
1874 3602 1988 3639 cum
2033 3589 2231 3643 nomine

640 3676 819 3728 Sancti
871 3691 1191 3730 consuescas.
1233 3676 1450 3744 Quare?
1493 3674 1638 3729 Sicut
1700 3676 1833 3728 enim
1883 3691 2094 3742 servus,
2144 3680 2230 3747 qui

641 3778 896 3838 torquetur
939 3769 1169 3833 assidue,
1215 3786 1245 3821 a
1286 3770 1441 3824 [icore
1475 3784 1576 3821 non
1614 3768 1948 3838 purgabitur;
1975 3769 2046 3822 sic
2073 3787 2228 3839 neque

633 3867 811 3930 jurans
843 3861 1030 3930 (Eccli.
1058 3862 1147 3916 ‘25.
1178 3863 1360 3933 9-H).

707 3958 758 4011 5.
803 3956 934 4011 Vide
980 3957 1312 4026 prudentiam
1367 3954 1523 4023 ltujus
1569 3953 1846 4022 sapientis.
1895 3952 2011 4006 Non
2056 3953 2220 4019 dixit,

634 4048 940 4101 Juramento
988 4064 1053 4102 ne
1099 4046 1420 4101 assuefacias
1471 4055 1707 4098 mentem
1755 4052 1937 4106 tuam;
1985 4043 2102 4108 sed,
2152 4042 2222 4097 Os

635 4153 808 4203 tuum;
861 4141 979 4210 quia
1017 4149 1182 4193 totum
1213 4155 1276 4193 ex
1306 4152 1397 4191 ore
1428 4151 1546 4190 esse
1581 4135 1802 4198 sciebat,
1836 4145 1889 4188 et
1920 4135 2043 4203 quia
2073 4135 2223 4189 facile

633 4234 933 4302 corrigitur.
985 4232 1114 4286 Nam
1149 4229 1481 4285 consuetudo
1509 4240 1592 4283 est
1625 4229 1840 4282 demum
1877 4227 1993 4280 sine
2022 4241 2220 4295 prepo-

633 4327 736 4378 sito
781 4325 913 4376 facta
950 4342 962 4376 :
1000 4335 1056 4377 ut
1089 4333 1213 4377 sunt
1245 4323 1395 4376 multi
1423 4323 1511 4390 qui
1541 4322 1592 4375 in
1625 4321 1811 4373 balnea
1845 4319 2100 4388 ingressi,
2135 4318 2220 4372 ubi

634 4415 772 4469 foros
815 4416 1159 4479 transierunt,
1200 4430 1259 4468 se
1309 4414 1540 4483 signant.
1596 4411 1706 4465 lloc
1740 4411 1879 4465 solet
1905 4424 2094 4463 manus
2124 4426 2217 4463 nc-

634 4507 773 4558 mine
793 4506 1015 4574 jubente
1046 4521 1108 4558 ex
1139 4505 1522 4560 consuetudine
1552 4504 1745 4558 facere.
1772 4503 1975 4557 Rursus
1993 4517 2218 4556 accensa

637 4600 873 4662 lucerna,
914 4607 1092 4652 tuente
1132 4598 1272 4652 aliud
1302 4598 1571 4667 quidpiam
1606 4596 1999 4659 considerante,
2030 4609 2218 4649 manus

633 4690 838 4758 signum
864 4689 1004 4743 facit.
1032 4689 1107 4743 lta
1137 4698 1190 4744 et
1219 4705 1299 4753 os,
1327 4704 1428 4742 non
1453 4705 1518 4743 ex
1548 4688 1725 4741 animo
1759 4687 2010 4755 loquitur,
2036 4685 2127 4739 sed
2152 4702 2217 4738 ex

632 4782 1041 4846 conmetudine,
1071 4792 1344 4851 totumque
1368 4792 1446 4835 est
1476 4782 1526 4834 in
1556 4782 1754 4850 lingua.
1789 4779 1968 4848 Neque
1993 4796 2107 4831 cum
2137 4795 2220 4831 no-

633 4875 766 4925 mine
797 4872 972 4925 Sancti
998 4890 1310 4928 consuescas.
1345 4874 1490 4928 Sicut
1520 4874 1653 4926 enim
1677 4888 1867 4930 servus,
1902 4872 1988 4939 qui
2009 4880 2212 4938 torque-

633 4974 713 5016 tur
730 4963 948 5027 assidue,
976 4979 1005 5014 a
1027 4964 1181 5017 livore
1206 4981 1304 5017 non
1328 4965 1617 5033 purgabitur
1644 4981 1659 5016 :
1687 4965 1755 5016 sic
1779 4978 1933 5030 neque
1951 4963 2034 5030 qui
2052 4963 2213 5032 jurat.

631 5053 744 5110 Non
776 5054 1066 5122 perjurium
1098 5053 1202 5120 hic,
1237 5053 1329 5110 sed
1360 5056 1718 5123 juramcntum
1756 5053 2018 5107 exscindit
2058 5068 2214 5122 poma

695 5187 768 5247 (a)
803 5185 858 5234 In
877 5186 1005 5236 hunc
1029 5188 1184 5238 locum
1209 5189 1313 5238 hinc
1339 5195 1474 5237 notat
1510 5189 1756 5238 Dounreus
1792 5186 1916 5248 apud
1949 5185 2173 5234 Savilium
2200 5203 2210 5236 :

637 5258 751 5297 Ita'r
767 5248 986 5311 insignia,
999 5257 1104 5297 sunt
1127 5251 1526 5311 philosophorum,
1555 5265 1676 5310 πώγων
1703 5261 1810 5311 βαθὺς
1829 5249 2003 5309 (spissa
2023 5251 2213 5308 barba),

636 5325 808 5380 βαττνρεα
832 5310 1096 5380 (baculus),
1122 5310 1258 5370 ιξωμξς,
1285 5326 1429 5380 quam
1468 5313 1709 5380 captitiutn
1752 5310 2059 5380 interpretor,
2087 5312 2213 5380 quod

636 5373 699 5418 ad
739 5373 1014 5436 magisteria
1050 5371 1220 5436 nostra
1263 5371 1446 5436 videtur
1480 5371 1690 5436 apris-ro
1731 5371 2212 5436 ιιιονεινίιηδιαιιιιιιἲ

636 5387 698 5418 (ιιι
739 5387 1014 5436 ιιιιιςιδιριίη
1059 5387 1220 5421 ηοδιιγι
1263 5387 1446 5423 ιειιιίνιιιι·
1480 5387 1690 5482 ΠΙΠῚδΓΟ
1731 5387 1860 5419 more
1907 5387 2212 5428 transtaumt,

636 5444 922 5494 Quamquam
947 5435 1177 5484 Lucitmus
1193 5434 1241 5482 in
1265 5434 1428 5483 habitu
1440 5434 1518 5494 p/ti
1539 5434 1820 5494 osOpItorum
1834 5445 2066 5494 nusqumn
2088 5434 2214 5491 quod

635 5493 844 5556 memini,
873 5504 1116 5554 memorat,
1137 5511 1200 5551 τήν
1226 5506 1397 5555 ἰΞωμίδα,
1421 5493 1506 5543 sed
1524 5493 1720 5544 barbam
1746 5493 2216 5556 prontissam,bacu-

637 5554 752 5608 tum,
774 5566 1044 5616 ctutum“
1072 5559 1158 5605 hoc
1180 5565 1264 5610 est.
1290 5553 1469 5606 trinum
1494 5558 1702 5618 pallium.
1729 5553 1781 5604 .it
1804 5556 1958 5606 Julius
1987 5553 2157 5618 Pollux
2195 5570 2211 5606 :

637 5617 843 5680 ('Utnit'a,
874 5619 1039 5679 inquit,
1065 5619 1202 5668 restis
1234 5632 1342 5680 qtae
1369 5617 1555 5680 exoniis
1601 5626 1790 5666 rotatur
1820 5631 1834 5680 ξ
1864 5631 1956 5666 ιιοη
1979 5617 2115 5665 aliud
2139 5627 2208 5666 est

637 5679 763 5726 enim
787 5680 877 5727 nisi
912 5687 1070 5729 tunica
1111 5681 1218 5728 alba
1247 5679 1300 5729 et
1338 5679 1540 5738 seruatis,
1569 5693 1597 5727 a
1623 5680 1766 5729 latere
1804 5679 1976 5729 dextro
1997 5687 2214 5728 suturam

636 5751 726 5787 non
750 5738 939 5789 habens.
963 5741 1020 5791 Et
1045 5742 1144 5791 vult
1171 5756 1279 5791 esse
1305 5743 1495 5792 servilis
1518 5744 1792 5790 vestimenti
1816 5753 1990 5802 genus,
2010 5743 2079 5790 sic
2097 5741 2211 5791 dicti

637 5802 761 5860 quod
788 5803 941 5852 latere
967 5814 1135 5864 aperto
1157 5805 1382 5854 dextrum
1408 5805 1664 5854 humerum
1685 5804 2004 5854 cxserebant.

2369 486 2440 540 illi
2464 491 2721 557 apposita.
2748 490 2884 558 Ergo
2909 491 3266 560 juramcntnm
3294 502 3563 560 peccatum
3590 502 3690 546 est.
3715 492 3861 549 Talis
3884 505 3953 547 cst

2363 581 2559 642 anima,
2595 581 2788 634 talibus
2807 592 2976 637 scatet
2996 583 3322 649 vulneribus,
3353 585 3652 653 talibusque
3679 586 3949 640 livoribus.

2363 669 2443 723 An
2473 680 2524 723 tu
2551 686 2655 724 non
2685 673 2871 726 vides?
2899 673 3011 728 lloc
3040 677 3182 729 enim
3214 690 3372 746 grave
3397 685 3480 730 est
3511 693 3523 728 :
3555 680 3805 746 quamvis
3831 693 3949 747 pos»

2360 761 2434 815 sis
2481 761 2659 816 videre
2709 765 2752 817 si
2802 765 2975 830 velis;
3031 766 3178 820 dedit
3215 769 3409 837 quippe
3440 769 3531 823 tibi
3563 769 3703 822 Deus
3746 770 3948 824 oculos.

2363 853 2580 908 Talibus
2610 857 2780 910 oculis
2808 856 3022 911 videbat
3056 857 3339 927 propheta,
3372 859 3557 912 dicens
3590 878 3602 912 :
3637 857 3952 914 Putruerunt

2361 955 2404 1000 et
2435 957 2688 1015 corrupta:
2712 959 2829 1000 sunt
2860 949 3117 1002 cicatrices
3143 964 3268 1002 mea:
3289 965 3318 1000 a
3346 949 3476 1017 facie
3502 950 3812 1020 iusipientim
3832 968 3953 1005 mea

2361 1035 2550 1106 ('Psal.
2596 1037 2684 1090 57.
2723 1037 2820 1106 ϐ).
2871 1038 3037 1093 Deum
3089 1039 3464 1108 despeximus,
3509 1054 3701 1093 nomen
3751 1040 3948 1094 bonum

2355 1129 2482 1184 odio
2522 1129 2827 1196 habuimus,
2871 1131 3143 1186 Christum
3183 1132 3647 1195 conculcavitnus,
3692 1132 3951 1186 solvimus

2356 1221 2634 1290 pudorem,
2689 1238 2847 1278 nemo
2895 1239 3014 1277 cum
3061 1223 3266 1278 honore
3307 1239 3499 1278 nomen
3539 1224 3630 1278 Dei
3663 1234 3944 1277 memorat.

2357 1309 2424 1364 Et
2453 1320 2505 1364 tu
2534 1311 2771 1380 quidem,
2802 1313 2844 1366 si
2877 1314 3182 1382 quempiam
3211 1313 3483 1380 dilexeris,
3510 1314 3579 1369 ad
3605 1329 3801 1370 nenten
3836 1314 3950 1382 ejus

2355 1401 2577 1472 erigeris
2604 1419 2617 1466 ;
2663 1403 2829 1457 Deum
2862 1420 2989 1459 vero
3021 1406 3098 1460 sic
3130 1414 3389 1477 perpetuo
3426 1422 3586 1462 vocas
3612 1407 3762 1476 quasi
3793 1405 3944 1461 nihil.

2355 1491 2497 1546 Voca
2527 1509 2647 1548 eum
2677 1494 3017 1550 benefaciens
3041 1496 3279 1563 inimico,
3309 1513 3440 1553 voca
3467 1498 3532 1551 ad
3573 1498 3797 1552 salutem
3830 1498 3943 1552 ani-

2359 1601 2460 1641 ma:
2492 1595 2595 1642 tuae
2631 1606 2642 1642 :
2675 1598 2802 1642 tunc
2829 1590 3003 1654 adest,
3035 1600 3160 1645 tunc
3188 1591 3427 1648 lcetificas
3461 1592 3608 1647 illum
3639 1610 3653 1658 ;
3679 1608 3823 1646 nunc
3849 1608 3945 1646 au-

2354 1688 2461 1732 tun
2505 1681 2816 1735 exacerbas.
2868 1681 3015 1736 Voca
3064 1683 3211 1736 illum
3262 1694 3316 1737 ut
3357 1685 3566 1739 vocavit
3611 1685 3942 1754 Stephanus.

2352 1770 2489 1837 Quid
2533 1773 2754 1827 dicens?
2791 1774 3023 1838 Domine,
3075 1792 3137 1829 ne
3179 1785 3374 1829 statuas
3415 1777 3516 1830 illis
3556 1778 3649 1830 hoc
3683 1787 3946 1845 peccatum

2352 1864 2487 1931 (Act.
2511 1864 2561 1916 7.
2594 1864 2709 1932 59).
2750 1864 2888 1918 Voca
2925 1865 3072 1919 illum
3097 1875 3152 1920 ut
3178 1867 3382 1919 vocavit
3407 1881 3542 1920 uxor
3570 1867 3803 1930 Elcana',
3824 1881 3945 1919 cum

2351 1953 2618 2024 lacrytnis,
2666 1969 2787 2009 cum
2832 1957 2980 2022 fletu,
3027 1972 3147 2009 cum
3191 1957 3433 2011 oratione
3475 1958 3549 2026 (l.
3584 1957 3712 2028 Reg.
3748 1956 3944 2025 1.10).

2348 2043 2462 2098 Νοιι
2506 2044 2786 2113 prohibeo,
2833 2046 2927 2099 sed
2969 2047 3123 2100 valde
3172 2047 3377 2102 hortor.
3412 2047 3548 2102 Voca
3585 2047 3733 2102 illum
3767 2057 3822 2100 nt
3854 2062 3949 2101 vo-

2348 2137 2488 2190 cavit
2529 2137 2759 2207 Moyses,
2797 2149 2849 2192 et
2881 2139 3147 2193 clamabat
3175 2154 3336 2193 orans
3376 2154 3472 2207 pro
3511 2139 3592 2203 iis,
3640 2140 3730 2207 qui
3767 2139 3945 2206 ipsum

2350 2229 2400 2281 in
2435 2226 2610 2297 fugam
2638 2236 2860 2296 egerant
2894 2227 3077 2299 (Nunt.
3109 2229 3196 2282 12.
3229 2228 3340 2298 l3).
3375 2228 3439 2282 Et
3465 2239 3518 2281 tu
3546 2228 3761 2298 quidem
3792 2229 3836 2281 si
3868 2230 3947 2280 vi-

2349 2336 2464 2373 rum
2493 2320 2794 2388 quempiam
2826 2319 3180 2374 reverendum
3215 2329 3415 2374 temere
3448 2335 3736 2384 memores,
3770 2319 3820 2373 id
3851 2335 3948 2388 pro

2347 2411 2665 2464 contumelia
2721 2409 2982 2474 habetur;
3022 2411 3066 2464 si
3113 2425 3242 2464 vero
3283 2412 3449 2466 Deum
3494 2412 3670 2465 verbis
3710 2413 3947 2464 cireum-

2347 2499 2500 2563 feras,
2551 2514 2654 2554 non
2680 2500 2839 2554 modo
2867 2510 3088 2564 temere,
3116 2502 3208 2555 sed
3236 2503 3395 2555 etiam
3425 2503 3822 2570 intempestive,
3850 2518 3945 2571 pro

2347 2594 2512 2647 nihilo
2541 2609 2651 2647 rem
2679 2593 2886 2648 habes?
2942 2595 3004 2647 Et
3042 2606 3243 2664 quanto
3289 2595 3551 2662 supplicio
3592 2593 3787 2663 dignus
3833 2610 3940 2649 non

2347 2685 2546 2740 lueris?
2578 2685 2690 2738 Non
2713 2685 2972 2755 prohibeo
2999 2685 3168 2740 Deum
3195 2699 3406 2755 semper
3437 2685 3489 2738 in
3518 2696 3696 2740 mente
3720 2685 3944 2748 habere,

2346 2779 2444 2834 hoc
2476 2780 2618 2833 enim
2676 2788 2729 2834 et
2775 2779 3004 2848 optarim
3037 2789 3089 2833 et
3116 2779 3312 2842 velim;
3362 2787 3414 2832 at
3451 2794 3554 2832 non
3601 2788 3800 2848 pra-ter
3834 2781 3946 2847 pla-

2340 2873 2503 2926 citum
2549 2871 2685 2940 ejus,
2735 2888 2920 2926 verum
2953 2887 3072 2925 cum
3103 2872 3259 2926 laude
3288 2883 3340 2927 et
3382 2872 3606 2926 honore.
3667 2873 3860 2941 Magna
3897 2872 3946 2927 id

2340 2964 2489 3017 nobis
2513 2972 2725 3031 pareret
2748 2963 2906 3027 bona,
2931 2963 2974 3017 si
3003 2979 3122 3017 cum
3147 2974 3376 3032 oportet,
3401 2974 3454 3019 et
3479 2965 3530 3018 in
3561 2964 3755 3034 quibus
3783 2980 3946 3033 apor—

2341 3062 2436 3117 tet,
2470 3064 2676 3107 tantum
2718 3069 3035 3108 vocaremus
3073 3070 3214 3108 eum.
3249 3054 3376 3120 Cur,
3407 3069 3610 3123 quaeso,
3643 3055 3944 3124 apostolo.-

2341 3161 2458 3198 rnnt
2504 3160 2618 3198 arvo
2658 3154 2735 3198 tot
2777 3154 3044 3214 tantaeque
3085 3146 3309 3199 virtutes
3350 3144 3566 3209 fiebant,
3603 3157 3784 3200 nostra
3818 3163 3947 3200 vero

2339 3245 2494 3297 aetate
2521 3234 2761 3298 minime,
2816 3235 2939 3289 licet
2971 3236 3109 3288 idem
3139 3235 3254 3304 ipse
3283 3236 3350 3288 sit
3381 3235 3544 3300 Dens,
3575 3237 3812 3304 idipsum
3843 3253 3942 3290 no-

2337 3329 2500 3378 men?
2522 3327 2626 3382 Sed
2658 3343 2762 3380 non
2791 3343 2888 3398 par
2915 3342 3002 3382 res
3024 3336 3125 3384 est.
3154 3327 3470 3395 Quomodo?
3498 3328 3630 3396 Quia
3662 3329 3737 3382 illi
3771 3330 3822 3382 in
3855 3331 3941 3394 iis,

2335 3433 2454 3487 quae
2491 3417 2620 3481 dixi,
2656 3419 2828 3488 ipsum
2863 3419 3126 3473 vocabant
3155 3418 3358 3483 solum;
3400 3433 3498 3473 nos
3542 3434 3670 3473 vero
3718 3435 3832 3472 non
3893 3421 3942 3473 in

2337 3509 2441 3572 his,
2487 3511 2580 3564 sed
2613 3511 2662 3564 in
2698 3511 2840 3566 aliis.
2873 3511 2927 3565 Si
2961 3520 3138 3564 autem
3169 3511 3287 3565 ideo
3311 3510 3479 3578 juras,
3523 3511 3646 3580 quia
3699 3511 3793 3566 ille
3836 3528 3942 3565 non

2341 3597 2515 3655 credit
2546 3619 2557 3653 :
2589 3601 2674 3656 dic
2705 3601 2943 3670 quidem,
2979 3601 3182 3664 Crede;
3215 3610 3469 3654 castorum
3495 3601 3540 3653 si
3569 3601 3669 3663 vis,
3698 3600 3820 3669 jura
3848 3617 3944 3671 per

2335 3699 2386 3746 te
2421 3695 2612 3760 ipsum.
2641 3692 2765 3746 llaec
2786 3692 2995 3755 dicens,
3022 3706 3129 3746 non
3153 3692 3419 3746 contraria
3447 3691 3648 3745 Christi
3681 3693 3785 3760 legi
3821 3710 3942 3762 pro-

2334 3778 2467 3845 fero,
2498 3781 2637 3833 absit
2667 3799 2678 3834 :
2716 3796 2838 3834 nam
2863 3781 2956 3845 ait,
2983 3780 3063 3835 Sit
3093 3791 3263 3834 autem
3289 3797 3450 3833 sermo
3478 3791 3658 3845 vester,
3697 3780 3812 3847 Est,
3844 3795 3941 3846 est;

2336 3871 2476 3935 Non,
2513 3889 2612 3925 non
2640 3872 2849 3938 (Matth.
2885 3875 2936 3927 5.
2967 3874 3058 3940 37)
3087 3889 3100 3936 ;
3127 3874 3218 3928 sed
3254 3887 3338 3927 me
3361 3873 3510 3927 vobis
3541 3882 3939 3942 attentpcrans,

2337 3975 2392 4018 ut
2425 3967 2594 4034 magis
2621 3965 2686 4018 ad
2717 3966 2819 4020 hoc
2843 3981 2936 4020 vos
2966 3965 3214 4020 inducam
3248 3975 3300 4019 et
3325 3980 3354 4019 a
3381 3967 3659 4034 tyrannica
3704 3983 3941 4022 consue~

2333 4055 2515 4108 tudine
2552 4056 2800 4110 liberem.
2831 4056 2974 4123 Quot
3013 4057 3063 4110 in
3096 4058 3213 4111 aliis
3241 4057 3402 4110 rebus
3437 4058 3668 4125 probati,
3721 4058 3823 4110 hac
3872 4058 3940 4114 de

2329 4162 2483 4200 causa
2518 4148 2791 4215 perierunt
2829 4148 2840 4200 !
2883 4147 3058 4202 Vultis
3085 4149 3316 4213 discere,
3357 4163 3455 4201 cur
3488 4147 3678 4215 priscis
3707 4147 3819 4201 illis
3853 4149 3940 4218 ju-

2329 4255 2449 4293 rare
2484 4240 2930 4308 permitteretur?
2964 4240 3229 4310 (pejerare
3272 4241 3413 4295 enim
3448 4255 3620 4308 neque
3660 4241 3769 4293 illis
3803 4257 3939 4296 con-

2328 4345 2538 4385 cessum
2569 4330 2726 4398 crat).
2749 4332 2880 4398 Quia
2916 4347 3011 4400 per
3042 4332 3177 4384 idola
3197 4331 3468 4400 jnrahant.
3503 4330 3618 4384 Non
3645 4347 3740 4383 vos
3766 4333 3939 4400 pudet

2329 4422 2382 4476 itt
2417 4423 2478 4477 iis
2512 4437 2730 4475 manere
2762 4422 2987 4491 legibus,
3037 4423 3086 4474 in
3130 4422 3322 4491 quibus
3359 4423 3434 4476 illi
3461 4423 3819 4476 versabantur
3856 4424 3938 4476 in-

2330 4515 2487 4568 firmi.
2524 4513 2653 4568 Nam
2684 4515 2724 4567 si
2755 4529 2897 4567 nunc
2925 4513 3178 4580 gentilem
3211 4513 3445 4579 adoriar,
3495 4528 3598 4566 non
3631 4515 3820 4566 statim
3859 4515 3937 4567 illi

2329 4606 2429 4658 hoc
2458 4608 2681 4675 impero,
2709 4604 2802 4658 sed
2835 4605 3046 4657 interim
3071 4614 3126 4657 ut
3151 4605 3285 4658 sciat
3311 4605 3583 4657 tlhristum
3614 4604 3893 4658 admoneo
3920 4623 3932 4656 :

2329 4696 2495 4749 fidelis
2521 4711 2668 4760 vero,
2701 4697 2788 4764 qui
2817 4696 3086 4750 Christum
3112 4694 3296 4748 didicit
3324 4704 3377 4748 et
3402 4695 3622 4758 audivit,
3648 4697 3695 4748 si
3729 4696 3933 4749 eadem

2328 4802 2425 4856 qua
2457 4788 2677 4841 Crtecns
2707 4785 3035 4854 indulgentia
3089 4799 3224 4852 opus
3266 4784 3480 4846 habeat,
3531 4799 3649 4852 qua:
3683 4786 3937 4840 utilitas?

2326 4881 2462 4949 quod
2491 4879 2740 4933 lucrum?
2774 4878 2876 4932 Sed
2900 4877 3077 4945 gravis
3105 4893 3192 4951 res
3215 4889 3298 4931 est
3323 4877 3675 4937 consuetudo,
3705 4888 3759 4932 et
3787 4878 3940 4932 difﬂ-

2324 4971 2424 5024 cile
2471 4969 2836 5023 abstraheris?
2871 4967 3032 5038 Ergo,
3083 4968 3206 5036 quia
3239 4977 3383 5023 tanta
3409 4979 3490 5023 est
3511 4969 3939 5024 consuetudinis

2325 5061 2584 5131 tyrannis,
2626 5075 2746 5114 eam
2779 5061 2829 5113 in
2856 5060 3014 5111 aliaat
3067 5059 3294 5114 transfer
3333 5057 3804 5113 consuetudinem.
3867 5061 3938 5115 Et

2322 5152 2610 5223 quomodo,
2638 5151 2869 5220 inquies,
2897 5151 3010 5205 fieri
3039 5152 3254 5220 potest?
3299 5150 3452 5217 Quod
3483 5164 3625 5220 sa‘pe
3649 5151 3788 5217 disi,
3830 5152 3938 5207 hoc

2320 5255 2374 5300 et
2401 5260 2539 5298 nunc
2562 5244 2680 5296 dico
2717 5262 2727 5296 :
2759 5243 2878 5298 Sint
2907 5243 3283 5298 emendatores
3307 5243 3570 5296 dictorum
3603 5242 3783 5307 multi,
3822 5245 3939 5297 sint

2323 5335 2668 5404 inquisitores
2713 5342 2766 5387 et
2813 5345 3170 5388 correctores.
3225 5332 3342 5386 Non
3388 5332 3556 5402 pudor
3585 5342 3666 5387 est
3695 5333 3767 5387 ab
3807 5334 3938 5388 aliis

2319 5427 2550 5494 corrigi;
2589 5427 2696 5477 imo
2722 5424 2895 5494 pudor
2936 5433 3019 5478 est
3053 5424 3316 5493 repellere
3353 5423 3709 5492 corrigentes,
3755 5433 3818 5476 et
3882 5425 3936 5478 in

2323 5518 2552 5587 prepria:
2591 5514 2780 5568 salutis
2826 5515 3080 5568 damnum
3115 5515 3214 5569 hoc
3243 5514 3439 5569 facere.
3491 5514 3555 5568 Et
3601 5523 3655 5566 tu
3700 5514 3936 5582 quidem

2321 5610 2362 5661 si
2392 5617 2590 5662 vestem
2621 5605 2811 5659 induas
2837 5605 3127 5671 inversam,
3178 5607 3438 5674 permittis
3467 5614 3519 5659 te
3547 5621 3575 5657 a
3610 5620 3782 5673 puero
3828 5608 3937 5661 ad-

2322 5701 2547 5765 moneri,
2575 5713 2672 5752 nec
2703 5707 2752 5751 te
2785 5697 2944 5766 pudet
2976 5698 3041 5749 ab
3075 5698 3165 5752 illo
3191 5699 3432 5764 discere;
3474 5699 3720 5766 quamvis
3747 5699 3934 5753 hacin

2325 5807 2380 5846 re
2410 5807 2632 5861 magnus
2664 5791 2730 5844 sit
2762 5789 2933 5860 pudor
2964 5805 2975 5842 :
3010 5789 3096 5846 hic
3132 5801 3308 5848 autem
3348 5790 3400 5846 in
3442 5789 3616 5845 anima
3645 5789 3845 5856 laesus,
3873 5802 3926 5847 tc
