4088 6326
122 388 173 443 9|
1166 389 1233 445 ΙΝ
1276 389 1458 446 ACTA
1500 384 2049 444 APOSTOLORUM.
2095 384 2332 441 HOMIL.
2378 384 2443 437 Χ.
3346 379 3416 434 9‘2

118 500 249 557 οὕτω
284 502 652 574 φυλάττομεν.
672 504 849 574 Ἡμεῖς
878 504 987 574 γὰρ
1015 507 1074 557 ού
1106 506 1233 576 περὶ
1261 505 1465 558 τούτων
1487 500 1707 556 ἀκούειν

119 591 214 642 ἔδει
251 588 372 657 (τῆς
398 590 507 659 γάρ
542 591 842 660 Ἰουδαϊκῆς
877 592 1152 656 εὐτελείας
1168 593 1343 647 ταῦτα
1394 590 1463 644 τά
1495 604 1709 660 παραγ-

118 676 403 744 γέλματα),
440 677 555 730 ἀλλ’
576 679 760 731 ἐκεῖνα
786 678 853 731 τά
870 679 1070 733 τέλεια·
1116 679 1299 749 Ῥῖψον
1329 680 1397 732 τὰ
1422 680 1701 749 χρήματα,

120 765 266 834 στῆθι
284 767 573 833 γενναίως,
600 768 701 837 τὴν
726 767 903 839 ψυχὴν
929 770 1109 833 ἐπίδος
1137 770 1278 839 ὑπὲρ
1304 767 1398 821 τοῦ
1416 785 1485 836 κη
1497 767 1710 838 ρύγμα-

118 870 218 918 τος,
251 855 630 921 καταγελάσον
658 856 767 908 τῶν
796 858 889 909 ἐπὶ
927 856 1025 924 τῆς
1079 857 1183 927 γῆς
1220 857 1496 917 ἁπάντων,
1541 854 1708 924 μηδὲν

118 940 249 993 ἔστω
292 958 379 994 σοι
415 943 595 995 κοινὸν
626 943 764 1014 πρὸς
792 945 882 997 τὸν
908 944 1151 1015 παρόντα
1198 945 1331 1014 βίον·
1367 944 1433 998 ἂν
1472 944 1706 1012 ἀδικήσῃ

115 1044 212 1091 τις,
271 1030 660 1101 εύεργέτησον⁸
707 1031 774 1084 ἂν
830 1033 1221 1104 πλεονεκτήσῃ,
1275 1032 1589 1102 εύλὸγησοψ
1640 1030 1707 1084 ἂν

118 1115 506 1188 βλασφημήσῃ,
531 1119 782 1190 τίμησοψ
813 1120 1029 1173 πάντων
1067 1119 1339 1191 ἀνώτερος
1371 1120 1477 1174 ἔσο.
1521 1118 1704 1173 Ταῦτα

119 1203 207 1255 καὶ
231 1204 303 1256 τά
329 1204 558 1258 τοιαῦτα
580 1207 800 1261 ἀκούειν
826 1206 955 1261 ἔδει.

181 1291 319 1343 Νυνὶ
342 1291 402 1343 δὲ
436 1292 578 1364 ὑπὲρ
600 1294 761 1364 ὅρκου
785 1294 1167 1365 διαλεγόμεθα·
1208 1295 1301 1349 καὶ
1331 1295 1525 1349 ταύτὸν
1556 1294 1706 1362 γίνε-

116 1395 219 1441 ται,
241 1378 438 1451 ὥσπερ
455 1379 523 1433 ἂν
547 1381 603 1433 ετ
630 1396 714 1443 τις
741 1381 832 1435 τὸν
860 1382 1144 1451 ὀφείλοντα
1170 1383 1503 1453 φιλοσοφεῖν,
1537 1382 1704 1450 ἀφελ-

117 1468 282 1530 κύσας
307 1468 421 1521 τῶν
448 1468 782 1523 διδασκάλων
813 1470 1189 1544 ἐκείνων,[87]
1208 1471 1481 1534 συλλαϐάς
1508 1470 1589 1525 ἔτι
1610 1468 1706 1524 καὶ

115 1556 171 1608 τὸ
218 1556 366 1609 κατά
426 1559 689 1627 στοιχεῖον
740 1558 1136 1625 ἀναγινώσκειν
1187 1563 1352 1615 ποιοῖ.
1419 1558 1706 1629 Ἐννόησόν

120 1660 203 1711 μοι
255 1644 360 1712 ὅση
391 1645 536 1699 ἐστὶν
573 1645 824 1717 αἰσχύνη,
857 1645 1145 1718 ἄνθρωπόν
1188 1664 1311 1701 τινα
1365 1648 1577 1719 ὑπήνην
1608 1646 1706 1717 βα-

116 1730 259 1783 θεῖαν
299 1731 514 1800 ἔχοντα,
556 1735 651 1787 καὶ
690 1735 925 1805 ῥόπαλον
977 1737 1398 1808 ἐπιφερόμενον,
1447 1737 1541 1789 καὶ
1568 1736 1703 1800 ἐξω-

118 1817 237 1886 μίδα
268 1818 486 1888 ἔχοντα,
509 1822 590 1884 εἰς
621 1821 976 1887 διδασκάλους
1027 1824 1167 1893 μετά
1196 1824 1305 1877 τῶν
1340 1824 1545 1878 παίδων
1598 1826 1706 1877 άπι-

118 1905 371 1972 ιέναι,καὶ
396 1911 466 1963 τά
494 1910 636 1963 αὐτά
654 1910 885 1975 ἐκείνοις
913 1913 1230 1982 μανθάνειν,
1266 1911 1373 1985 ἆρα
1400 1913 1460 1966 οὔ
1483 1912 1650 1975 πολὺς
1676 1914 1703 1967 6

113 1994 307 2061 γέλως;
348 1997 513 2050 Ἀλλά
536 1998 734 2052 πλείων
767 1994 924 2063 οὗτος
948 2001 975 2052 6
1003 2002 1290 2073 ἡμέτερος.
1318 2002 1392 2053 Οὐ
1433 2002 1541 2072 γὰρ
1579 2000 1703 2054 ὅσον

114 2082 429 2152 φιλοσοφίας
458 2086 519 2138 τὸ
556 2087 722 2155 μέσον
767 2087 862 2140 καὶ
887 2089 1253 2159 γραμμάτων,
1314 2089 1569 2142 τοσοῦτον
1601 2088 1701 2158 τῆς

123 2172 418 2260 Ἰουδαϊκῆς
448 2174 725 2238 πολιτείας
753 2177 847 2229 καὶ
883 2176 980 2246 τῆς
1012 2177 1289 2247 ἡμετέρας
1322 2178 1381 2230 τὸ
1419 2176 1697 2247 διάφορον,

114 2258 215 2311 ἀλλ’
238 2258 376 2312 ὅσον
397 2262 645 2328 ἀγγέλων
663 2264 756 2316 καὶ
774 2262 1096 2336 ἀνθρώπων.
1120 2264 1187 2316 EE
1206 2281 1310 2327 τις.
1332 2264 1453 2316 εἰπέ
1474 2279 1584 2333 μοι,
1603 2261 1703 2331 ἄγ-

111 2349 257 2417 γελον
282 2351 348 2403 ἐκ
365 2350 460 2403 τοῦ
474 2350 707 2421 ούρανοῦ
743 2352 1095 2421 καταγαγὼν,
1124 2353 1434 2407 κελεύσειεν
1467 2351 1698 2406 ἐνταῦθα

110 2438 435 2493 ἑστάναικαὶ
457 2442 762 2511 ἀκροᾶσθαι
790 2442 899 2497 τῶν
931 2444 1218 2516 ἡμετέρων
1248 2444 1443 2512 λόγων,
1463 2444 1536 2508 ώς
1556 2442 1701 2513 ὀφεί-

108 2526 257 2583 λοντα
273 2531 387 2583 ἀπὸ
402 2531 604 2585 τούτων
624 2531 1005 2602 ρυθμίζεσθαι,
1022 2530 1129 2604 ἆρα
1150 2533 1251 2587 οὐκ
1266 2533 1495 2604 αἰσχύνη
1515 2533 1703 2601 καὶγέ·

109 2616 207 2682 λως
231 2615 296 2689 ἧν
315 2636 330 2685 ;
346 2620 410 2672 Εἰ
441 2619 573 2673 δὲτὸ
596 2622 722 2693 περὶ
736 2622 1029 2677 τούτωνὲτι
1056 2622 1407 2676 παιδεύεσθαι
1423 2623 1617 2692 γέλως⁶
1642 2622 1703 2699 τὸ

113 2705 237 2775 μηδὲ
272 2706 487 2770 τούτοις
517 2709 825 2778 προσέχειν,
854 2708 978 2762 εἰπέ
1009 2728 1118 2781 μοι,
1149 2711 1289 2779 πόση
1313 2709 1656 2779 κατάγνωσις
1681 2728 1698 2780 ;

110 2795 241 2862 πόση
268 2797 539 2866 αἰσχύνη;
571 2798 680 2850 Καὶ
713 2797 831 2860 πῶς
880 2798 986 2867 γάρ
1026 2800 1127 2851 om:
1160 2798 1443 2870 αἰσχύνης,
1481 2800 1562 2852 ὃτι
1617 2799 1698 2852 ἔτι

112 2882 418 2952 Χριστιανοὶ
461 2887 589 2954 περὶ
614 2884 708 2938 τοῦ
747 2886 823 2957 μὴ
850 2885 959 2939 δεῖν
1015 2887 1246 2956 ὀμνύναι
1305 2888 1695 2950 παιδεύονται;

111 2971 245 3040 Πλὴν
284 2972 403 3025 ἀλλ’
456 2973 844 3042 ἀνασχώμεθα,
896 2975 981 3027 ἵνα
1015 2975 1089 3045 μὴ
1130 2976 1331 3045 μᾶλλον
1386 2975 1694 3045 γελώμεθα.

110 3059 234 3129 Φέρε
256 3056 350 3113 οὖν
373 3060 483 3114 ἀπὸ
509 3061 610 3131 τῆς
633 3062 878 3125 Παλαιᾶς
896 3063 1023 3132 ὑμῖν
1043 3063 1415 3133 διαλεχθῶμεν
1430 3064 1496 3134 τή
1508 3081 1571 3133 με
1582 3080 1696 3134 ρον.

111 3146 169 3200 Τί
188 3147 241 3200 δὲ
268 3148 410 3218 αῦτη
435 3150 639 3218 φησίν;
673 3150 869 3216 ’Όρκῳ
886 3150 972 3219 μὴ
996 3151 1208 3219 ἐθίσῃς
1239 3151 1307 3204 τὸ
1329 3153 1525 3221 στόμα
1556 3166 1696 3215 σου,

106 3236 247 3304 μηδὲ
271 3237 351 3303 τῷ
389 3239 638 3307 ὀνόματι
688 3239 794 3293 τοῦ
825 3239 996 3308 ἁγίου
1055 3241 1447 3309 συνεθισθῇς.
1485 3240 1584 3294 Διὰ
1607 3240 1694 3300 τί;

111 3322 327 3392 Ὥσπερ
354 3325 463 3394 γὰρ
494 3326 731 3393 οἰκέτης
761 3325 1180 3396 ἐξεταζόμενος
1206 3327 1555 3398 ἐνδελεχῶς,
1579 3330 1699 3384 ἀπὸ

107 3410 386 3479 Mx
427 3415 501 3468 οὐ
547 3414 1077 3483 καθαρισθήσεται,
1132 3416 1322 3482 οὕτως
1351 3416 1495 3471 οὐδὲ
1532 3419 1566 3472 ό
1596 3418 1698 3487 όμ·

110 3500 278 3555 κύων.

173 3597 230 3644 ε’.
279 3592 425 3661 Ὅρα
449 3592 550 3662 τὴν
570 3592 787 3646 σύνεσιν
810 3591 903 3645 τοῦ
935 3593 1100 3662 σοφοῦ
1132 3594 1345 3647 τούτου.
1370 3594 1487 3648 υύκ
1518 3588 1694 3659 εἶπεν,

111 3676 290 3750 Ὀρκῳ
327 3680 401 3751 μὴ
448 3678 638 3751 ἐθίσῃς
666 3680 765 3749 τὴν
791 3679 1034 3735 διάνοιάν
1065 3698 1182 3745 σου,
1209 3682 1364 3745 ἀλλά,
1393 3683 1463 3736 T6
1500 3686 1699 3753 στόμα

111 3781 237 3819 σου·
263 3768 347 3819 ὅτι
371 3767 467 3819 τοῦ
492 3766 760 3835 στόματος
780 3767 839 3820 ὃν
869 3769 929 3821 τὸ
949 3770 1057 3822 πᾶν
1079 3764 1210 3833 οἶδε,
1234 3771 1327 3823 καὶ
1353 3771 1432 3823 ὅτι
1460 3770 1698 3835 εὐκόλως

111 3854 480 3926 κατορθοῦται.
508 3856 773 3926 Συνήθεια
808 3856 915 3927 γάρ
944 3857 1061 3909 ἐστι
1100 3856 1286 3910 λοιπὸν
1317 3859 1699 3930 ἀπροαιρέτως

111 3946 379 4016 γινομένη*
424 3938 536 3998 οἷόν
553 3947 658 3999 εἰσι
689 3945 894 4005 πολλοὶ,
923 3947 974 3999 οἳ
1005 3949 1063 4001 ἐν
1095 3947 1397 4017 βαλανείοις
1415 3949 1695 4016 εἰσιόντες,

112 4033 216 4100 ἅμα
252 4033 330 4103 τῷ
364 4032 466 4096 τάς
500 4032 670 4105 θύρας
707 4034 1011 4104 ὑπερϐῆναι
1071 4036 1482 4105 σφραγίζονται.
1526 4035 1698 4089 Τοῦτο

111 4116 236 4173 οἶδεν
265 4124 298 4191 ἡ
340 4123 465 4191 χεὶρ
518 4122 615 4174 καὶ
644 4122 871 4190 μηδενὸς
910 4120 1225 4187 κελεύοντος
1258 4124 1368 4177 ἀπὸ
1400 4127 1499 4195 τῆς
1534 4141 1697 4193 συνη-

112 4207 245 4273 θείας
267 4213 462 4263 ποιεῖν.
495 4210 662 4263 Πάλιν
688 4209 880 4281 λύχνου
943 4211 1227 4280 ἁφθέντος,
1277 4212 1538 4276 πολλάκις
1596 4213 1697 4280 τῆς

108 4298 328 4361 διανοίας
346 4300 536 4369 ἕτερόν
565 4316 616 4353 τι
650 4300 1104 4373 σκεπτομένης,ή
1135 4302 1254 4373 χεὶρ
1289 4302 1387 4372 τὴν
1424 4302 1697 4374 σφραγῖδα

111 4388 256 4437 ποιεῖ.
291 4385 455 4439 υῦτω
486 4387 549 4456 δὴ
580 4387 673 4440 καὶ
704 4387 766 4439 τὸ
802 4388 977 4457 στόμα
1002 4427 1017 4451 ,
1079 4391 1140 4441 ού
1192 4389 1333 4459 μετὰ
1365 4389 1466 4459 τῆς
1517 4390 1697 4460 ψυχῆς

110 4472 411 4540 φθέγγεται,
433 4474 572 4529 ἀλλά
600 4475 709 4528 ἀπὸ
743 4475 845 4545 τῆς
866 4475 1175 4547 συνηθείας,
1194 4478 1289 4531 καὶ
1313 4478 1371 4529 ἐν
1392 4480 1456 4548 τῇ
1480 4478 1696 4549 γλώττῃ

109 4560 161 4612 τὸ
185 4563 288 4615 πᾶν
316 4564 456 4616 ἐστι.
496 4564 607 4616 Καὶ
632 4563 712 4628 τῷ
742 4564 1010 4633 ὀνόματι,
1038 4566 1202 4633 φησὶ,
1237 4565 1345 4621 τοῦ
1385 4568 1586 4636 Ἀγίου
1607 4568 1693 4636 μὴ

110 4649 469 4719 συγεθισθῇς
491 4660 531 4704 ⁸.
567 4651 798 4719 Ὥσπερ
841 4652 950 4720 γὰρ
995 4654 1231 4720 οἰκέτης
1272 4652 1697 4724 ἐξεταζόμενος

110 4734 446 4807 ἐνδελεχῶς,
476 4737 595 4792 ἀπὸ
612 4738 906 4807 μώλωπος
937 4742 1008 4794 οὐ
1039 4744 1567 4811 καθαρισθήσεται,
1596 4745 1695 4798 οῦ-

111 4840 209 4889 τως
250 4825 394 4880 οὐδὲ
418 4830 453 4881 ό
486 4828 744 4895 ὀμνύων.
780 4829 915 4898 υύχὶ
944 4830 1043 4899 τὴν
1088 4832 1377 4902 ἐπιορκίαν
1439 4833 1692 4898 ἐνταῦθα,

112 4910 231 4965 ἀλλά
257 4912 350 4965 τὸν
380 4914 546 4983 ὅρκον
578 4915 855 4978 ἐκκόπτει,
886 4917 978 4969 καὶ
1009 4917 1159 4988 αύτῷ
1191 4919 1490 4991 τίθησιτὴν
1518 4940 1693 4991 τιμω-

114 5000 237 5067 ρίαν.
272 5002 414 5072 ’Δρα
448 5002 511 5053 τὸ
542 5002 765 5071 ὀμνύειν
782 5005 1050 5077 ἁμαρτία.
1082 5008 1321 5079 Τοιαύτη
1349 5009 1518 5074 ὅντως
1548 5012 1694 5063 ἐστὶν

113 5087 327 5161 ἡψυχὴ,
358 5089 633 5143 τοσούτων
675 5092 835 5161 γέμει
868 5096 1218 5164 τραυμάτων,
1281 5096 1551 5151 τοσούτων
1582 5116 1695 5169 μω-

114 5173 309 5232 λώπων.
364 5180 508 5233 Ἀλλ’
543 5179 645 5249 ούκ
678 5180 1023 5251 ὁρᾷςςτοῦτο
1051 5183 1159 5255 γάρ
1193 5184 1255 5237 τὸ
1283 5186 1476 5240 δεινόν·
1515 5188 1693 5241 καίτοι

114 5279 165 5329 γε
192 5264 436 5329 δύνασαι,
489 5266 585 5321 ἐὰν
612 5267 793 5338 θέλῃς,
827 5268 981 5340 ὁρᾷψ
1034 5270 1201 5325 ἔδωκε
1232 5274 1341 5343 γάρ
1383 5292 1463 5328 σοι
1488 5276 1691 5343 ὀφθαλ-

118 5351 234 5417 μοὺς
252 5354 449 5418 ὀΘεός.
505 5355 780 5419 Τοιούτοις
811 5357 1109 5429 ὀφθαλμοῖς
1136 5359 1282 5432 ἐώρα
1308 5364 1336 5415 6
1384 5366 1691 5435 προφήτης,

114 5438 288 5507 λέγων·
348 5441 748 5510 Προσώζεσαν
780 5447 879 5498 καὶ
930 5446 1260 5514 ἐσάπησαν
1312 5453 1366 5503 οἱ
1400 5450 1694 5520 μώλωπές

112 5543 214 5592 μου
240 5528 357 5582 ἀπὸ
386 5530 713 5598 προσώπου
738 5530 847 5599 τῆς
872 5534 1215 5604 ἀφροσύνης
1243 5556 1379 5606 μου.
1409 5541 1694 5611 Κατειρρο-

117 5613 341 5685 νήσαμεν
370 5618 465 5671 τοῦ
516 5618 1043 5692 Θεοῦ,ἐμισήσαμεν
1071 5623 1134 5676 τὸ
1176 5625 1347 5695 ὄνομα
1407 5626 1467 5679 τὸ
1508 5630 1692 5695 καλὸν,

119 5708 560 5786 κατεπατήσαμεν
586 5708 679 5761 τὸν
702 5710 953 5780 Χριστὸν,
977 5711 1250 5783 ὲλύσαμεν
1284 5715 1383 5786 τὴν
1419 5718 1571 5781 αἰδῶ,
1613 5719 1695 5771 ού-

118 5785 212 5852 δείς
245 5793 382 5863 μετὰ
430 5796 593 5866 τιμῆς
630 5797 904 5868 μέμνηται
962 5798 1055 5853 τοῦ
1084 5801 1348 5871 ὀνόματος
1405 5806 1497 5858 τοῦ
1534 5807 1690 5861 Θεοῦ.

130 5972 517 6099 Βυέεξὶξὶὲυυυω
561 5986 845 6044 cormplum
868 5984 1176 6034 rcsliluimus
1212 5998 1271 6035 ex
1313 5987 1461 6038 Savil.
1510 5998 1560 6041 et
1594 6004 1696 6042 ma-

1809 499 1920 553 Καὶ
1946 502 2010 553 σὺ
2043 500 2146 570 μὲν
2174 499 2240 552 ἂν
2276 499 2438 570 φιλῇς
2456 515 2598 561 τινα,
2653 496 2748 549 καὶ
2774 494 2910 566 πρὸς
2942 496 3001 546 τὸ
3043 495 3216 562 ὄνομα
3250 493 3417 546 διανί-

1812 607 2029 645 στασαν
2055 592 2147 643 τὸν
2174 591 2232 643 δὲ
2256 590 2389 643 Θεὸν
2413 589 2555 642 οῦτω
2614 587 2855 657 συνεχῶς
2884 586 3071 647 καλεῖς
3112 586 3187 648 ὡς
3238 586 3413 638 οὐδέν.

1811 688 2056 741 Κάλεσον
2090 687 2252 741 αὐτὸν
2287 686 2379 738 ἐπὶ
2408 685 2702 756 εὐεργεσίᾳ
2741 680 2961 753 ἐχθροῦ·
3004 681 3235 735 κάλεσον
3254 678 3417 732 αὑτὸν

1807 780 1900 832 ἐπὶ
1933 777 2177 849 σωτηρίᾳ
2219 776 2320 846 τῆς
2364 777 2463 845 σῆς
2494 775 2690 845 ψυχῆς
2748 774 2871 825 τότε
2931 771 3239 841 παρέσται,
3294 770 3415 823 τότε

1807 870 2121 939 εὐφραίνεις
2138 868 2320 921 αὐτόν’
2355 866 2449 919 νῦν
2491 866 2547 919 δὲ
2580 864 2927 935 παροξύνεις.
2963 862 3210 915 Κάλεσον
3229 860 3413 920 αὐτὸν,

1807 962 1882 1024 ώς
1931 961 2159 1014 ἐκάλεσε
2196 960 2491 1027 Στέφανος.
2534 956 2600 1008 Τί
2656 956 2868 1022 λέγων;
2902 954 3102 1022 Κύριε,
3145 952 3232 1020 μὴ
3268 950 3417 1015 στή-

1805 1066 1928 1121 σῃς
1955 1051 2159 1116 αὐτοῖς
2188 1048 2302 1116 τὴν
2333 1048 2627 1118 ἁμαρτίαν
2655 1046 2899 1110 ταύτην.
2935 1044 3181 1097 Κάλεσον
3229 1041 3412 1109 αὑτὸν,

1806 1143 1883 1207 ώς
1912 1144 2172 1197 ἐκάλεσεν
2202 1145 2234 1213 ἡ
2263 1141 2358 1194 τοῦ
2402 1139 2638 1193 Ἐλκανᾶ
2688 1136 2826 1207 γυνὴ
2855 1176 2870 1199 ,
2933 1134 3072 1205 μετὰ
3130 1133 3413 1205 δακρύων,

1811 1234 1953 1305 μετὰ
1983 1233 2217 1303 θρήνων,
2246 1230 2386 1302 μετὰ
2419 1230 2606 1299 εὐχῆς.
2636 1229 2709 1280 Ού
2738 1226 2955 1292 κωλύω,
2994 1224 3113 1297 [88]
3148 1223 3285 1277 ἀλλὰ
3318 1224 3414 1276 καὶ

1809 1330 2017 1399 σφόδρα
2039 1325 2291 1398 παραινῶ
2316 1327 2365 1380 ι).
2394 1326 2639 1379 Κάλεσον
2666 1320 2830 1376 αὐτὸν
2863 1322 2938 1384 ώς
2975 1321 3205 1375 ἐκάλεσε
3246 1320 3413 1373 Μωῦ-

1808 1421 1927 1491 σῆς,
1948 1420 2043 1472 καὶ
2084 1419 2217 1473 ἐϐόα
2248 1416 2586 1489 παρακαλῶν
2618 1416 2759 1488 ὑπὲρ
2805 1414 2916 1467 τῶν
2951 1412 3414 1482 φυγαδευσάντων

1804 1514 1988 1569 αὐτόν.
2023 1512 2133 1565 Καὶ
2166 1513 2229 1565 σὺ
2280 1512 2377 1581 μὲν
2408 1510 2473 1563 άν
2506 1526 2651 1573 τινος
2699 1506 2946 1579 μνησθῇς
3007 1505 3192 1568 ἁπλῶς
3221 1503 3412 1576 ἀνδρὸς

1805 1607 2109 1677 αἰδεσίμου,
2147 1604 2307 1674 ὕϐρις
2333 1604 2392 1657 τὸ
2431 1605 2682 1673 πρᾶγμα·
2710 1601 2803 1654 τὸν
2832 1601 2888 1653 δὲ
2914 1599 3047 1653 Θεὸν
3072 1598 3410 1668 περιφέρων,

1803 1699 1863 1752 ού
1899 1699 2059 1769 μόνον
2088 1697 2297 1763 ἁπλῶς,
2334 1695 2472 1749 ἀλλὰ
2496 1696 2591 1749 καὶ
2647 1695 2895 1763 ἀκαίρως
2942 1694 3001 1746 ἐν
3024 1694 3139 1754 τοῖς
3181 1693 3291 1753 σοῖς
3321 1689 3412 1742 λό-

1802 1806 1941 1858 γοις,
1970 1789 2122 1841 οὐδὲν
2146 1787 2207 1839 τὸ
2231 1788 2465 1858 πρᾶγμα
2488 1781 2729 1853 νομίζεις
2751 1801 2764 1847 ;
2808 1784 2920 1836 Καὶ
2962 1782 3137 1851 πόσης
3162 1780 3285 1850 οὐχὶ
3316 1795 3410 1831 κου

1802 1882 2011 1945 λάσεως
2031 1879 2179 1945 ἄξιος
2196 1879 2261 1933 ἂν
2276 1878 2416 1949 εἴης
2441 1877 2513 1930 Ού
2533 1876 2727 1929 κωλύω
2742 1875 2834 1928 τὸν
2858 1874 2989 1927 Θεὸν
3010 1872 3155 1943 ἔχειν
3182 1872 3413 1924 διαπαν-

1800 1974 1891 2037 τὸς
1911 1977 1967 2026 ἐν
1985 1974 2195 2043 διανοίᾳ
2242 1972 2420 2042 (τοῦτο
2446 1972 2552 2041 γὰρ
2578 1970 2674 2022 καὶ
2716 1969 2947 2039 εῦχομαι
2974 1968 3068 2020 καὶ
3100 1964 3406 2035 βούλομαι),

1802 2066 1936 2119 άλλά
1964 2066 2038 2137 μὴ
2083 2066 2233 2136 παρὰ
2257 2066 2320 2117 τὸ
2369 2064 2562 2118 δοκοῦν
2595 2063 2766 2133 αύτῷ,
2796 2063 2911 2115 ἀλλ’
2936 2060 3211 2125 αἰνοῦντα,
3274 2057 3411 2113 ἀλλά

1800 2154 2065 2224 τιμῶντα.
2086 2155 2315 2222 Μεγάλα
2338 2153 2403 2208 ἂν
2427 2152 2585 2205 τοῦτο
2620 2153 2917 2224 εἰργάσατο
2954 2153 3087 2221 ἡμῖν
3111 2148 3313 2218 ἀγαθά,
3359 2150 3410 2201 εἰ

1800 2248 1888 2301 ὅτε
1913 2247 2041 2310 ἔδει,
2060 2250 2153 2299 καὶ
2177 2248 2261 2315 ἐφ’
2292 2239 2372 2308 οἷς
2401 2245 2508 2297 ἔδει
2551 2245 2712 2314 μόνον
2748 2243 3053 2313 ἐκαλοῦμεν
3078 2242 3260 2295 αὐτόν.
3311 2240 3409 2293 Δια

1802 2340 1873 2405 τί,
1898 2338 2019 2392 εἰπέ
2052 2356 2164 2409 μοι,
2194 2339 2286 2390 ἐπὶ
2317 2338 2415 2407 μὲν
2439 2336 2551 2388 τῶν
2599 2336 2912 2389 ἀποστόλων
2960 2334 3221 2387 τοσαῦται
3250 2330 3410 2386 δυνά-

1803 2451 1923 2503 μεις
1944 2433 2210 2500 ἐγίνοντο,
2238 2432 2330 2484 ἐπὶ
2354 2430 2410 2483 δὲ
2431 2429 2589 2499 ἡμῶν
2615 2428 2736 2499 ούχί
2760 2445 2772 2493 ;
2807 2428 2985 2482 καίτοι
3013 2428 3042 2479 6
3067 2427 3232 2489 αὐτός
3291 2428 3409 2480 ἐστι

1798 2524 1952 2590 Θεὸς,
1985 2524 2045 2577 τὸ
2076 2523 2207 2577 αὐτὸ
2238 2522 2427 2592 ὄνομα.
2462 2518 2726 2574 Ἀλλ⁹ούκ
2753 2519 2900 2574 έστιν
2923 2519 3058 2573 ἴσον.
3092 2518 3250 2583 Πῶς;
3285 2518 3407 2571 Ὅτι

1798 2619 1996 2670 ἐκεῖνοι
2017 2616 2117 2685 μὲν
2143 2613 2457 2677 ἐπὶτούτοις
2486 2623 2531 2678 ε,
2551 2607 2631 2676 οἷς
2661 2606 2836 2676 εἷπον,
2870 2609 3288 2675 αύτὸνέκάλουν
3309 2608 3407 2679 μό-

1798 2729 1907 2765 νον·
1958 2710 2122 2780 ἡμεῖς
2143 2709 2199 2762 δὲ
2225 2708 2324 2761 ούκ
2359 2707 2453 2761 ἐπὶ
2490 2706 2724 2770 τούτοις,
2756 2705 2872 2758 ἀλλ’
2906 2705 2993 2757 ἐπ’
3026 2704 3231 2767 ἄλλοις.
3262 2702 3324 2755 Εἰ
3351 2701 3407 2754 δὲ

1797 2806 2037 2869 ἀπιστεῖ,
2074 2802 2169 2855 καὶ
2201 2801 2288 2855 διά
2316 2799 2476 2854 τοῦτο
2500 2799 2743 2870 ὀμνύεις,
2775 2797 2902 2866 λέγε
2937 2797 3054 2867 μὲν,
3084 2796 3404 2849 Πίστευσον

1800 2895 1941 2964 πλὴν
1971 2895 2019 2946 εἰ
2073 2891 2275 2963 βούλει,
2300 2892 2499 2961 δμοσον
2536 2890 2679 2944 κατὰ
2727 2887 2951 2942 σαυτοῦ.
2977 2888 3091 2941 Οὐκ
3117 2888 3408 2957 ἀντινομο-

1798 2983 1969 3037 θετῶν
1990 2983 2066 3053 τῷ
2088 2981 2311 3053 Χριστῷ
2332 2980 2581 3051 λέγω,μὴ
2595 2980 2825 3047 γένοιτο·
2850 2978 3050 3031 Ἔστω
3070 2977 3198 3046 γὰρ,
3219 2975 3405 3045 φησὶν,

1798 3074 1967 3143 ὑμῶν
1988 3076 2055 3127 τὸ
2084 3074 2220 3139 Ναί,
2250 3072 2371 3135 ναὶ,
2404 3072 2501 3125 καί
2524 3072 2607 3125 τὰ
2627 3070 2731 3135 Οὓ,
2764 3068 2856 3123 οὔ·
2882 3067 3018 3120 ἀλλὰ
3036 3063 3410 3134 συγκαταϐαί-

1797 3186 1904 3222 νων
1920 3168 2069 3236 ύμῖν,
2097 3166 2187 3218 ἵνα
2225 3164 2428 3234 μᾶλλον
2448 3165 2527 3226 εἰς
2551 3162 2712 3215 τοῦτο
2764 3161 2912 3230 ὑμᾶς
2979 3157 3257 3225 ἐναγάγω,
3316 3157 3409 3208 καὶ

1797 3253 1897 3322 τῆς
1919 3249 2206 3322 συνηθείας
2221 3248 2497 3315 άπαγάγω
2522 3246 2625 3315 τῆς
2648 3244 3002 3317 τυραννικῆς.
3022 3242 3189 3297 Πόσοι
3213 3243 3270 3295 ὲν
3295 3242 3410 3303 τοῖς

1797 3342 1977 3405 ἄλλοις
1993 3339 2415 3410 εὐδοκιμοῦντες
2449 3337 2732 3391 ἀπώλοντο
2762 3336 2871 3389 ἀπὸ
2894 3333 3100 3388 τούτων
3123 3333 3233 3385 τῶν
3266 3348 3409 3401 πρα⁶

1798 3434 2026 3505 γμάτων
2047 3449 2062 3499 ;
2088 3431 2351 3484 Βούλεσθε
2390 3431 2603 3501 μαθεῖν,
2626 3427 2713 3481 διὰ
2733 3427 2786 3479 τί
2807 3425 3148 3496 συνεχώρουν
3171 3426 3285 3486 τοῖς
3311 3425 3408 3492 ἀρ-

1798 3529 1973 3600 χαίοις
2001 3524 2257 3597 όμνύειννς
2287 3523 2586 3593 (ἐπιορκεῖν
2615 3519 2725 3589 γάρ
2760 3518 2881 3572 ούδέ
2934 3517 3170 3579 ἐκείνοις
3211 3530 3410 3581 συγκε-

1798 3618 2082 3692 χώρητο·).
2132 3614 2353 3686 Ἐπειδὴ
2401 3617 2459 3667 ὲν
2487 3616 2599 3676 τοῖς
2626 3612 2865 3673 εἰδώλοις
2897 3609 3132 3679 ὤμνυον.
3166 3608 3281 3660 Οὐκ
3326 3608 3411 3659 αἰο

1799 3706 2061 3779 σχύνεσθε
2084 3706 2294 3769 τούτοις
2318 3704 2652 3775 ἐμμένοντες
2690 3705 2807 3764 τοῖς
2858 3702 3068 3771 νόμοις,
3104 3694 3185 3761 οἷς
3209 3700 3410 3751 ἐκεῖνοι

1796 3803 2056 3871 ἐνήγοντο
2083 3799 2132 3852 οἱ
2166 3796 2447 3859 ἀσθενεῖςς
2477 3794 2634 3849 Ἐπεὶ
2657 3794 2751 3847 καὶ
2784 3792 2877 3846 νῦν
2908 3790 3151 3861 Ἕλληνα
3184 3790 3281 3843 ὲάν
3309 3789 3409 3842 λά-

1797 3893 1897 3957 ϐω,
1921 3894 2021 3945 οὐκ
2042 3892 2246 3953 εὐθέως
2274 3888 2423 3960 αύτῷ
2450 3888 2735 3942 ἐπιτάσσω
2768 3886 2952 3949 τοῦτο,
3006 3883 3145 3938 ἀλλὰ
3169 3884 3307 3945 τέως
3330 3886 3409 3936 εἰ-

1797 3986 1943 4039 δέναι
1962 3986 2053 4037 τὸν
2080 3981 2316 4056 λριστὸν
2342 3979 2613 4052 παραινῶ·
2655 3981 2682 4032 6
2736 3979 2793 4032 δὲ
2826 3976 3019 4040 πιστὸς
3051 3977 3148 4028 καὶ
3218 3974 3411 4045 μαθὼν

1797 4078 1960 4132 αὑτὸν
1984 4077 2081 4129 καὶ
2112 4073 2376 4138 ἀκούσας,
2410 4074 2459 4125 εἰ
2514 4071 2700 4143 μέλλοι
2728 4071 2828 4139 τῆς
2859 4070 3031 4139 αὐτῆς
3071 4068 3148 4138 τῷ
3182 4067 3409 4134 Ἕλληνι

1799 4168 2265 4235 συγκαταϐάσεως
2294 4166 2526 4227 δεῖσθαι,
2556 4165 2607 4218 τί
2634 4164 2693 4217 τὸ
2715 4164 2905 4233 ὄφελος
2929 4181 2942 4230 ;
3001 4165 3150 4215 ποῖον
3179 4161 3240 4212 τὸ
3272 4161 3409 4231 κέρο

1796 4263 1920 4326 60;;
1966 4260 2106 4313 Ἀλλ’
2133 4260 2166 4330 ἡ
2194 4257 2452 4328 συνήθεια
2500 4256 2758 4327 χαλεπὸν,
2802 4257 2898 4307 καὶ
2928 4252 3409 4315 δυσαποσπάστως

1798 4358 1939 4428 ἔχεις
1961 4354 2203 4420 ;Ούκοῦν
2224 4353 2349 4406 ἐπεὶ
2374 4351 2613 4417 τοσαύτη
2633 4350 2732 4419 τῆς
2758 4348 3048 4420 συνηθείας
3073 4348 3406 4419 ἡτυραννὶς,

1796 4451 1875 4512 εἰς
1907 4449 2099 4519 ἑτέραν
2127 4444 2297 4515 αὐτὴν
2318 4444 2600 4515 μετάγαγε
2634 4442 2947 4513 συνήθειαν.
2978 4442 3090 4493 Καὶ
3118 4439 3238 4504 πῶς
3255 4440 3409 4492 δυνα-

1795 4545 1920 4611 τόν;
1960 4542 2143 4612 φησίν.
2188 4541 2263 4599 Ὃ,
2286 4538 2547 4599 πολλάκις
2578 4531 2749 4600 εἶπον,
2783 4534 2940 4588 τοῦτο
2966 4533 3061 4587 καὶ
3088 4532 3183 4586 νῦν
3238 4532 3404 4599 λέγω.

1800 4639 2084 4690 Ἔστωσαν
2125 4630 2371 4699 λογισταὶ
2404 4629 2512 4682 τῶν
2553 4628 2867 4697 λεγομένων
2900 4625 3119 4689 πολλοὶ,
3163 4625 3407 4677 ἔστωσαν

1796 4728 2082 4795 ἐξετασταὶ
2124 4727 2217 4779 καὶ
2258 4721 2568 4794 διορθωταί.
2630 4721 2745 4774 Ούκ
2771 4719 2919 4773 ἔστιν
2954 4718 3186 4788 αἰσχύνη
3233 4717 3293 4769 τὸ
3316 4718 3405 4785 ὑφ’

1796 4824 2000 4894 ἐτέρων
2021 4816 2388 4891 διορθοῦσθαι⁶
2420 4815 2621 4885 μᾶλλον
2649 4814 2751 4884 μὲν
2785 4809 2878 4867 οὖν
2913 4812 3145 4881 αἰσχύνη
3165 4811 3226 4862 τὸ
3254 4810 3407 4863 ἀπωσ-

1799 4915 2009 4967 θεῖσθαι
2042 4915 2165 4974 τοὺς
2189 4906 2558 4979 διορθοῦντας,
2602 4906 2697 4957 καὶ
2721 4906 2812 4957 ἐπὶ
2853 4902 3028 4974 βλάϐῃ
3073 4903 3172 4971 τῆς
3196 4900 3407 4961 οἰκείας

1800 5006 2075 5077 σωτηρίας
2102 5002 2261 5056 τοῦτο
2287 5004 2482 5054 ποιεῖν.
2523 4997 2633 5051 Καὶ
2681 4998 2744 5049 σὺ
2801 4998 2900 5064 μὲν
2956 4995 3055 5065 τὴν
3093 4994 3298 5062 ἐσθῆτα
3338 4992 3406 5045 ἂν

1798 5097 2029 5161 ἐναλλάξ
2054 5094 2349 5166 περιϐάλῃ,
2399 5092 2492 5145 καὶ
2522 5091 2688 5143 παῖδα
2712 5087 3036 5157 ἐπιτρέπεις
3084 5084 3403 5155 διορθῶσαι,

1798 5193 1892 5244 καὶ
1921 5190 2021 5242 οὐκ
2050 5186 2279 5256 αἰσχύνῃ
2304 5187 2435 5255 παρ’
2453 5183 2662 5236 ἐκείνου
2700 5180 3011 5250 μανθάνων,
3059 5178 3239 5231 καίτοι
3262 5194 3321 5245 γε
3349 5180 3405 5228 ἐν

1798 5284 1969 5353 τούτῳ
2004 5280 2171 5334 πολλὴ
2204 5281 2237 5349 ἡ
2267 5278 2518 5347 αἰσχύνη·
2577 5273 2811 5327 ἐνταῦθα
2851 5273 2908 5326 δὲ
2947 5271 3045 5342 τὴν
3066 5270 3244 5342 ψυχὴν
3279 5270 3400 5339 βλα-

1798 5380 2086 5447 πτόμενος,
2120 5372 2387 5443 αἰσχύνῃ,
2433 5368 2555 5422 εἰπέ
2613 5387 2726 5439 μοι,
2751 5369 2879 5437 παρ’
2938 5366 3127 5435 ἐτέρου
3177 5364 3403 5416 παιδεύ-

1797 5473 1987 5537 εσθαι;
2018 5472 2114 5523 καὶ
2131 5467 2444 5538 κοσμοῦντα
2470 5465 2567 5534 μέν
2601 5482 2659 5517 σε
2690 5464 2820 5535 περὶ
2852 5462 2952 5533 τὴν
2983 5464 3189 5533 ἐσθῆτα
3215 5462 3405 5531 φέρεις

1797 5562 1887 5614 τὸν
1910 5560 2128 5630 οἰκέτην
2161 5560 2254 5611 καὶ
2292 5554 2615 5619 ύποδοῦντα,
2644 5554 2953 5625 κοσμοῦντα
3004 5553 3061 5606 δέ
3091 5554 3191 5622 τὴν
3223 5552 3406 5623 ψυχὴν

1797 5654 1856 5704 ού
1883 5653 2068 5721 φέρεις
2090 5668 2104 5715 ;
2124 5651 2236 5703 Καὶ
2254 5648 2425 5717 πόσης
2454 5648 2515 5698 ού
2546 5645 2720 5700 ταῦτα
2750 5644 2973 5709 άνοίας;
3015 5643 3201 5695 Ἔστω
3220 5644 3313 5696 καὶ
3334 5645 3405 5696 οἰ-

1798 5744 1962 5815 κέτης
1992 5744 2196 5797 τούτων
2234 5740 2576 5803 διδάσκαλος,
2632 5738 2773 5791 ἔστω
2804 5738 2898 5791 καὶ
2948 5738 3160 5791 παιδίον
3190 5778 3202 5801 ,
3264 5736 3408 5791 ἔστω

1864 5986 1889 6025 h
1918 5985 2054 6060 Linus.
2078 5986 2259 6060 σξόδρα
2279 5984 2389 6058 βούλ
2402 6001 2512 6045 ομαι
2538 5985 2616 6031 καὶ
2641 5985 2873 6046 παραινῶ.
2948 5992 2954 6009 ‘
2982 5982 3082 6032 Alli
3108 5984 3231 6030 ἴσον.
3250 5982 3409 6031 Έκεῖ-

1805 6066 1877 6096 νοι
1903 6050 1984 6109 μὲν
2007 6050 2095 6110 γάρ
2120 6050 2193 6095 ἐπὶ
2212 6050 2412 6101 τούτοις.
