4088 6326
97 378 153 431 ﬁt;
1090 360 1159 416 IN
1198 359 1376 414 ACTA
1420 354 1944 412 APOSTOLORUM.
1989 354 2222 411 llOMiL.
2266 352 2357 410 Xl.
3346 355 3418 408 {ib

95 480 247 552 pudet
274 479 343 535 ab
370 478 479 534 alio
503 476 750 534 erudiri?
776 484 831 531 et
858 489 1074 529 servum
1106 471 1213 528 fers
1237 480 1288 527 te
1323 472 1465 525 circa
1490 477 1695 523 vestem

91 580 374 627 ornaan
402 578 459 625 et
494 568 832 624 calceantem
858 608 873 632 ,
922 580 1047 619 eum
1096 573 1278 617 autem
1327 562 1417 632 qui
1460 560 1697 613 animam

95 676 229 718 tuam
260 671 422 717 ornat
456 677 566 716 non
596 659 875 714 sustines?
902 658 983 712 Et
1022 665 1235 728 quantm
1281 653 1386 707 hoc
1418 666 1525 706 non
1572 652 1698 705 iusi-

93 755 307 825 pientia
335 753 493 808 fuerit
518 756 533 807 ε
557 750 641 807 Sit
668 760 723 805 et
752 764 943 805 servus
968 748 1181 810 doctor,
1211 747 1281 800 sit
1311 742 1587 814 puerulus,
1627 742 1699 796 sit

94 864 245 915 uxor,
273 848 346 902 sit
362 847 573 900 amicus
596 846 637 913 ⁸,
660 851 942 915 cognatus,
964 841 1194 895 vicinus.
1217 837 1369 893 Sicut
1386 834 1531 891 enim
1561 834 1695 898 fera,

91 954 205 1007 qua
236 936 478 1007 undique
500 935 739 1006 pellitur,
769 950 876 989 non
907 940 1083 1003 potest
1103 930 1342 1000 effugere
1372 944 1386 981 :
1416 925 1493 980 sic
1517 926 1582 989 is,
1604 923 1698 992 qui

92 1040 159 1085 tot
189 1030 364 1087 habet
388 1028 665 1095 custodes,
708 1034 791 1081 tot
817 1034 1176 1086 correctores,
1221 1022 1312 1092 qui
1350 1019 1587 1088 undique
1616 1016 1697 1071 fe-

92 1127 248 1189 riant,
282 1139 391 1179 non
428 1129 608 1193 potest
630 1136 735 1177 non
758 1120 860 1175 sibi
902 1133 1114 1173 cavere.
1142 1116 1212 1170 Et
1254 1110 1429 1185 primo
1477 1108 1695 1181 quidem

147 1218 163 1246 ⁸
191 1213 370 1277 Iorel.
392 1211 517 1277 legit
541 1226 554 1262 :
578 1211 649 1263 sit
689 1218 737 1263 et
769 1223 940 1263 servus
963 1212 1152 1268 doctor,
1176 1205 1239 1257 sit
1261 1202 1467 1262 anticus,
1498 1200 1695 1251 omissis

90 1276 412 1339 inteq-ositis.

92 1406 363 1419 .—.._.

1804 468 1892 524 dic
1923 486 2065 540 :cgre
2101 471 2237 524 teret
2276 478 2436 539 atque
2469 470 2521 523 in
2558 468 2797 525 secundo
2836 478 2891 524 ct
2931 470 3093 525 tertio
3129 487 3143 523 :
3172 479 3229 525 at
3264 473 3425 529 deiu-

1804 573 1935 629 ceps
1973 575 2062 614 res
2084 561 2183 614 erit
2216 558 2446 625 facilior,
2478 570 2533 614 et
2566 570 2685 629 post
2709 569 2961 631 quartum
2998 577 3106 617 non
3141 563 3283 620 idem
3312 563 3419 619 erit

1804 652 2101 721 negotianti.
2124 651 2429 706 Periculum
2459 652 2639 715 facite,
2668 655 2712 707 si
2739 654 2958 724 quidem
2992 669 3101 709 non
3133 657 3373 711 credatis
3400 675 3413 713 :

1803 758 1986 799 curam
2018 743 2235 806 habete,
2267 744 2520 799 obsecro.
2567 743 2684 800 Non
2716 757 2799 800 est
2822 746 2942 803 leve
2973 758 3278 818 peccatum,
3320 765 3419 809 ue-

1802 851 1908 907 quc
1936 838 2073 892 levis
2100 838 2403 903 correctio;
2447 838 2543 892 sed
2582 840 2836 910 utrinque
2881 856 3135 912 magnum
3181 857 3277 898 seu
3321 844 3419 897 bo-

1804 944 1932 983 num
1958 943 2053 983 seu
2086 928 2319 983 malum.
2339 928 2557 985 Utinam
2590 930 2793 985 bouum
2831 931 2945 996 fiat,
2978 934 3150 1004 gratia
3179 943 3235 989 et
3265 935 3421 991 beni-

1801 1021 2005 1089 gnitate
2034 1020 2246 1074 Domini
2275 1022 2445 1077 nostri
2470 1020 2598 1078 Jesu
2626 1022 2851 1087 Clu-isti,
2901 1025 3121 1093 quicum
3165 1026 3311 1081 Patri
3363 1037 3421 1082 et

1802 1110 2024 1179 Spiritui
2048 1120 2238 1165 sancto
2259 1110 2453 1181 gloria,
2478 1112 2791 1183 imperium,
2814 1113 3012 1183 honor,
3038 1129 3187 1172 nunc
3215 1124 3416 1171 etatem—

1801 1218 1922 1272 per,
1954 1212 2007 1257 et
2040 1202 2091 1256 iu
2119 1203 2316 1257 sarcula
2353 1204 2699 1259 saeculorum.
2732 1208 2929 1263 Amen.

370 1378 3230 1415 ______________________________.__—~———________.._..______

1508 1457 1861 1525 HOMILIA
1903 1458 2022 1520 XI.

93 1625 214 1679 Car.
242 1625 302 1679 4.
336 1640 389 1676 v.
421 1622 509 1678 23.
548 1596 759 1674 Dimissi
784 1628 955 1672 autem
980 1624 1220 1672 uenerunt
1241 1615 1308 1667 ad
1338 1628 1458 1666 suos
1476 1626 1494 1675 ,'
1525 1618 1572 1662 et
1592 1624 1701 1660 an-

160 1714 524 1768 nuntimrunt
544 1711 636 1775 eis,
666 1719 858 1780 quanta
882 1708 952 1762 ad
976 1723 1059 1763 eos
1090 1706 1346 1777 principes
1372 1700 1693 1757 sacerdotum

158 1820 205 1862 et
232 1806 461 1861 seniores
481 1804 745 1857 diaa'ssent.

162 1979 214 2032 Ι.
256 1975 376 2032 Non
416 1988 550 2029 vana
590 1972 760 2044 gloria
808 1970 941 2025 moti
986 1976 1245 2023 narrant:
1291 1964 1380 2035 qui
1406 1963 1549 2019 enim
1579 1958 1691 2013 fieri

100 2066 369 2141 potuerit?
418 2064 513 2121 sed
548 2064 867 2134 hacgratia:
895 2059 1097 2116 Christi
1126 2066 1252 2114 sunt
1279 2056 1497 2123 indicia.
1528 2051 1654 2108 Ideo
1674 2092 1690 2116 ,

97 2172 447 2233 quacumque
488 2157 565 2211 illi
605 2156 890 2220 dixerant,
935 2158 1229 2209 enarrant:
1276 2146 1372 2205 su'a
1394 2163 1524 2201 vero
1548 2144 1691 2199 dicta

100 2255 212 2308 licet
235 2258 591 2322 praetereant,
621 2248 745 2303 hinc
775 2257 955 2302 tamen
982 2244 1242 2314 majorem
1270 2241 1519 2296 ﬁduciam
1541 2252 1693 2291 assu-

100 2352 265 2399 munt.
290 2342 364 2397 Et
393 2339 668 2410 perpende
688 2379 704 2404 ,
728 2335 1004 2408 quomodo
1032 2349 1250 2392 rursum
1276 2331 1346 2387 ad
1377 2345 1563 2385 verum
1594 2343 1693 2382 au-

99 2436 276 2491 xilium
306 2432 646 2503 confugiant,
674 2430 741 2485 ad
760 2428 1063 2484 subsidium
1085 2426 1369 2491 invictum,
1398 2438 1461 2478 ac
1479 2436 1692 2477 rursum

97 2528 417 2583 unanimiter
440 2535 497 2581 et
529 2540 650 2580 cum
674 2524 855 2578 studio
880 2540 893 2576 :
920 2536 1097 2592 neque
1120 2520 1267 2575 enim
1290 2528 1373 2574 est
1400 2517 1573 2572 oratio
1594 2526 1683 2569 ut-

97 2636 320 2692 cumque
380 2621 601 2673 emissa.
642 2617 734 2672 24.
785 2617 887 2684 Qui
915 2633 1029 2670 cum
1056 2614 1352 2680 audissent,
1385 2611 1695 2666 unanimiter

99 2715 379 2766 (evomunt
404 2727 576 2765 nocent
597 2712 667 2762 ad
689 2708 876 2775 Deum,
900 2718 946 2762 et
977 2709 1236 2763 dixerunt.
1263 2706 1397 2761 Vide
1420 2720 1580 2774 quam
1608 2704 1696 2757 di-

99 2804 317 2873 ligenter
390 2804 526 2857 ﬁant
573 2802 789 2857 illorum
849 2815 1058 2871 preces.
1107 2799 1334 2868 Quando
1390 2799 1694 2868 apostolatui

98 2896 308 2965 dignum
350 2893 570 2949 ostendi
605 2893 706 2949 sibi
753 2892 1040 2961 petebant,
1093 2892 1173 2946 sic
1219 2890 1516 2945 dicebant:
1578 2886 1691 2953 Tu,

103 2987 335 3053 Domine,
362 2988 457 3059 qui
480 2985 640 3040 corda
666 2987 800 3039 nosti
827 2986 1055 3040 omnium
1080 3025 1095 3049 ,
1122 2983 1330 3038 ostende
1353 2982 1490 3055 (Act.
1520 2983 1571 3036 l.
1598 2980 1693 3049 24)

99 3078 191 3146 (ibi
216 3079 361 3132 enim
388 3076 729 3146 pratscientia
759 3090 895 3145 opus
911 3075 1051 3145 erat)
1077 3092 1089 3126 :
1122 3074 1211 3130 hic
1238 3088 1391 3137 vero,
1435 3073 1560 3143 quia
1593 3074 1694 3127 ad-

99 3172 456 3224 versariorum
494 3183 591 3224 ora
626 3168 833 3223 obstrui
860 3167 1182 3238 oportebat,
1212 3167 1280 3222 de
1305 3166 1583 3221 dominatu
1612 3164 1693 3217 lo-

99 3271 361 3331 quuntur;
396 3261 517 3317 ideo
538 3261 619 3317 sic
640 3262 748 3315 orsi
777 3271 903 3316 sunt
932 3281 945 3315 :
993 3259 1211 3314 Domine
1234 3258 1403 3323 Deus,
1428 3258 1514 3326 qui
1533 3257 1696 3327 fecisti

100 3358 268 3409 calum
292 3398 307 3419 ,
344 3366 393 3410 et
424 3366 648 3421 tenam,
680 3366 728 3410 et
759 3371 927 3423 mare,
953 3365 1002 3407 et
1022 3355 1195 3408 omnia
1218 3370 1331 3424 qute
1359 3355 1411 3406 in
1439 3354 1509 3407 eis
1530 3362 1648 3406 sunt
1676 3367 1695 3405 :

98 3448 184 3502 25.
206 3450 289 3518 qui
310 3464 405 3518 per
425 3464 485 3502 os
502 3446 675 3501 David
691 3448 837 3516 pueri
858 3446 933 3499 tui
944 3446 1121 3499 dixisti
1146 3461 1164 3498 :
1190 3443 1364 3510 Quare
1380 3448 1697 3515 fremuerunt

101 3552 281 3611 gentes,
312 3551 361 3594 et
386 3540 567 3609 populi
593 3538 825 3592 meditati
851 3548 971 3593 sunt
1006 3539 1225 3591 inania?
1248 3535 1342 3592 26.
1372 3535 1689 3588 Adstiterunt

101 3650 232 3701 reges
254 3642 404 3688 terra:
432 3643 483 3687 et
527 3632 787 3701 principes
814 3640 1156 3685 convenerunt
1180 3631 1236 3684 in
1264 3646 1423 3684 unum
1451 3631 1698 3682 adversus

107 3722 372 3776 Dominum
401 3732 451 3775 et
471 3722 718 3776 adversus
744 3720 1001 3777 Christum
1041 3723 1151 3791 ejus
1182 3720 1355 3791 (Psal.
1387 3721 1480 3783 2i.
1508 3720 1590 3790 2).
1621 3721 1699 3774 Ac

103 3811 144 3865 si
172 3824 321 3883 pacta
350 3830 382 3868 a
411 3814 523 3868 Deo
542 3814 847 3884 exigerent,
869 3812 1209 3883 prephetiam
1238 3812 1291 3866 in
1314 3810 1550 3866 medium
1569 3809 1700 3865 all‘e-

106 3914 238 3968 runt,
269 3906 480 3975 scipsos
522 3905 683 3960 simul
709 3904 1087 3969 consolantes,
1114 3903 1256 3974 quod
1292 3907 1475 3958 omnia
1502 3904 1698 3959 frustra

107 3996 423 4050 meditantur
470 3996 697 4052 inimici.
749 3997 863 4051 Iloc
899 4007 1080 4048 autem
1123 3995 1430 4065 signiﬁcare
1470 3986 1694 4049 volunt:

109 4084 194 4140 Illa
221 4085 276 4140 in
314 4086 555 4141 medium
605 4087 805 4155 profer,
836 4094 891 4139 et
920 4085 1146 4141 ostende
1185 4086 1329 4156 quod
1364 4102 1499 4141 vana
1529 4086 1699 4143 medi-

109 4177 195 4229 tati
222 4179 351 4232 sint.
372 4176 465 4232 27.
497 4194 519 4230 ι
544 4176 933 4232 Convenerunt
952 4175 1096 4231 enim
1118 4193 1242 4232 vere
1270 4179 1323 4232 in
1354 4180 1573 4233 civitate
1595 4180 1695 4235 ista

106 4266 351 4324 adversus
377 4277 625 4323 sanctum
656 4268 886 4323 l'ucrum
920 4276 1068 4323 tuum
1095 4267 1302 4337 Jesum,
1332 4285 1493 4341 quem
1549 4272 1699 4326 unxi-

105 4360 192 4423 sti,
209 4359 447 4415 Herodes
462 4370 522 4415 et
542 4360 765 4414 Pontius
788 4360 991 4415 Pilatus
1003 4376 1124 4416 cum
1146 4362 1397 4432 gentibus
1418 4373 1472 4418 et
1488 4366 1700 4434 populis

109 4449 292 4518 lsrael,
338 4452 432 4507 28.
481 4460 539 4507 ut
584 4451 825 4507 lacerent
871 4467 1229 4525 quaecumque
1273 4472 1464 4512 manus
1510 4466 1598 4512 tua
1643 4467 1702 4514 et

107 4545 379 4600 consilium
404 4555 554 4600 tuum
584 4545 700 4601 ﬁeri
724 4548 1030 4617 prmlinivit.
1054 4548 1144 4605 29.
1172 4550 1236 4604 Et
1258 4567 1423 4619 nunc,
1448 4552 1694 4620 Domine,

110 4638 307 4705 respice
344 4638 399 4693 in
441 4638 618 4693 minas
658 4653 901 4694 eorum.»
956 4641 1147 4697 Viden’
1175 4643 1573 4715 philosoiibiam
1597 4689 1612 4713 ,
1645 4656 1702 4703 et

108 4730 365 4795 quomodo
394 4729 481 4784 his
501 4745 608 4785 non
636 4730 1003 4801 imprecentur
1024 4734 1199 4789 mala?
1226 4736 1396 4793 Minas
1417 4740 1698 4808 speciatim

110 4835 210 4875 non
246 4832 650 4892 exposuerunt,
696 4823 793 4879 sed
833 4825 1021 4880 dicunt
1065 4836 1270 4882 tantum
1315 4830 1436 4885 illos
1463 4832 1699 4889 miuatos

108 4928 223 4970 esse
249 4933 262 4969 :
287 4930 411 4969 nam
434 4904 771 4985 compendio
786 4918 1023 4989 loquitur
1043 4920 1293 4989 scriptor.
1327 4922 1397 4977 Et
1421 4924 1564 4990 vide,
1590 4942 1697 4981 non

109 5007 379 5076 dixerunt,
426 5008 683 5079 Dirumpe
728 5011 884 5077 illos,
917 5011 1094 5083 dejice
1117 5013 1278 5079 illos;
1313 5017 1407 5071 sed
1436 5018 1602 5087 quid?
1630 5020 1699 5074 Et

110 5097 172 5150 da
193 5099 341 5154 seruis
366 5099 469 5154 tntis
490 5116 608 5153 cum
630 5103 770 5155 omni
798 5103 992 5170 ﬁducia
1020 5103 1156 5174 loqui
1187 5108 1391 5161 verbum
1412 5118 1577 5165 tuum.
1608 5113 1699 5169 Sic

112 5203 204 5242 nos
229 5205 440 5261 quoque
465 5191 736 5247 discamus
764 5210 941 5251 orare.
974 5196 1092 5251 Etsi
1120 5214 1227 5268 quo
1253 5216 1361 5255 non
1390 5202 1570 5259 lurore
1595 5206 1698 5259 im-

110 5282 303 5349 pleatur
323 5286 412 5355 qui
436 5286 491 5339 in
520 5286 666 5342 viros
694 5287 882 5343 incidit
910 5290 1162 5347 occidere
1194 5294 1367 5362 ipsum
1399 5308 1693 5366 conantes,

108 5386 154 5425 ct
191 5376 311 5429 talia
352 5377 701 5434 minitantes?
724 5380 793 5434 Et
828 5397 936 5451 quo
968 5398 1075 5437 non
1110 5386 1236 5439 odio
1261 5387 1587 5457 impleatur?
1634 5395 1699 5448 At

111 5478 208 5519 non
238 5467 314 5522 sic
352 5469 405 5523 hi
441 5472 638 5526 sancti.
672 5472 761 5527 30.
790 5472 930 5527 lneo
958 5477 1097 5545 quod
1124 5495 1328 5532 manum
1355 5492 1497 5536 tuam
1524 5497 1696 5539 exten-

112 5560 195 5613 das
239 5564 307 5613 nd
340 5564 603 5630 sanitates,
647 5577 695 5620 et
739 5568 887 5638 signa
923 5580 969 5623 et
996 5572 1233 5643 prodigia
1256 5575 1369 5641 ﬁeri
1395 5594 1485 5645 per
1512 5594 1695 5633 norncu

110 5654 266 5705 sancti
307 5653 460 5710 Pueri
491 5658 569 5711 tui
592 5656 740 5713 Iesu.
773 5659 828 5716 Si
858 5662 910 5715 in
943 5664 1164 5718 nomine
1194 5666 1289 5720 illo
1332 5668 1472 5724 liunt
1504 5687 1696 5741 Opera-

110 5742 300 5812 tioncs,
346 5748 555 5819 inquit,
595 5766 787 5821 magna
818 5757 918 5811 crit
959 5756 1210 5825 loquendi
1258 5760 1471 5815 liducia.
1508 5765 1595 5819 3|.
1632 5767 1695 5820 Et

109 5852 213 5890 tum
242 5854 474 5908 orassent,
505 5855 671 5899 matus
709 5857 781 5900 est
819 5847 981 5913 locus,
1009 5850 1060 5902 iu
1094 5866 1188 5919 quo
1212 5864 1352 5907 cram
1377 5864 1690 5928 congregati.

1804 1602 1923 1671 Quo
1954 1603 2078 1659 illos
2101 1605 2387 1672 exauditos
2416 1623 2538 1664 esse
2559 1619 2615 1664 et
2633 1610 2873 1668 divinam
2907 1614 3025 1672 ﬁeri
3050 1619 3415 1678 visitationem

1802 1692 2222 1763 signiﬁcabatur.
2241 1694 2311 1749 Et
2327 1697 2510 1767 repleti
2523 1711 2638 1755 sunt
2652 1719 2825 1758 omnes
2846 1706 3047 1777 Spiritu
3057 1725 3252 1768 sancto.
3278 1714 3416 1783 Quid

1801 1796 1904 1848 cst,
1935 1786 2138 1858 Replcti
2166 1793 2401 1847 sunt?“
2429 1806 2532 1859 est,
2560 1795 2767 1865 Spiritu
2796 1804 3044 1858 succensi
3071 1817 3221 1873 sunt,
3248 1820 3304 1863 et
3325 1825 3419 1863 at"

1800 1878 1963 1934 debat
1984 1883 2035 1936 in
2053 1882 2156 1938 illis
2178 1883 2471 1943 charisma.
2497 1889 2566 1941 Et
2582 1890 2924 1959 loquebantur
2948 1898 3154 1954 verbum
3176 1900 3277 1956 Dei
3300 1920 3421 1958 tum

1801 1970 2013 2039 ﬁducia.
2028 1973 2119 2028 52.
2147 1974 2501 2034 Multitudinis
2513 1990 2682 2035 autent
2700 1986 3013 2041 credentium
3029 2001 3140 2044 erat
3152 2008 3243 2046 rer
3256 1999 3416 2049 unum

1800 2071 1846 2115 et
1873 2064 2050 2118 anima
2074 2082 2198 2120 una.
2259 2067 2444 2137 Vides,
2474 2072 2619 2141 quod
2647 2089 2768 2129 cum
2798 2079 2970 2146 gratia
3001 2081 3097 2136 Dei
3126 2084 3288 2140 etiam
3317 2102 3416 2143 sua
3501 2084 3512 2097 '

1800 2152 2122 2211 aﬂ‘erebaut.
2152 2156 2365 2228 Ubique
2392 2161 2545 2216 enim
2564 2163 2669 2219 hoc
2694 2166 3094 2226 observandum
3127 2183 3209 2231 est
3228 2218 3243 2241 ,
3271 2183 3415 2247 quod

1799 2260 1922 2300 cum
1946 2248 2118 2317 gratia
2146 2247 2265 2315 Dei,
2298 2263 2394 2305 sua
2418 2253 2579 2307 etiam
2606 2256 2921 2327 exhibeant,
2956 2272 3014 2317 ut
3038 2262 3232 2321 Petrus
3261 2269 3415 2325 dice-

1799 2336 1892 2390 bat
1921 2354 1936 2390 :
1965 2338 2246 2409 Argentum
2275 2351 2323 2394 et
2340 2359 2526 2398 aurum
2548 2363 2651 2401 non
2675 2358 2750 2402 est
2781 2352 2911 2405 mihi
2940 2354 3079 2422 (Act.
3116 2344 3171 2412 '5.
3196 2358 3275 2428 6).
3309 2362 3416 2416 Ita-

1799 2443 1906 2498 que
1929 2430 2071 2499 quod
2095 2434 2347 2501 superius
2378 2434 2611 2502 dicebat,
2642 2453 2837 2497 omnes
2862 2443 3033 2502 fuisse
3056 2446 3123 2502 In
3164 2450 3409 2521 idipsum,

1801 2535 1989 2576 rursus
2022 2522 2107 2576 hic
2134 2522 2375 2580 declarat
2404 2545 2417 2579 :
2450 2528 2807 2588 Multitudinis
2833 2538 3152 2595 credentium
3183 2556 3293 2597 erat
3323 2564 3411 2601 cor

1800 2627 1963 2665 unum
1989 2624 2037 2667 et
2061 2616 2238 2669 anima
2264 2634 2388 2670 una.
2416 2620 2553 2675 Cum
2584 2623 2806 2681 dixisset
2836 2640 3015 2685 autem
3045 2634 3165 2689 illos
3186 2642 3415 2695 exaudi-

1803 2711 1887 2755 tos
1910 2704 2094 2771 fuisse,
2121 2722 2309 2762 eorum
2344 2722 2529 2779 postea
2556 2715 2810 2773 virtutem
2834 2732 3039 2779 narrat.
3072 2726 3418 2798 lngressttrus

1802 2811 2034 2867 namque
2054 2808 2136 2853 est
2164 2800 2215 2854 in
2237 2805 2603 2861 narrationem
2623 2810 2905 2880 Sapphira:
2927 2824 2983 2869 et
3008 2818 3252 2877 Ananirc.
3287 2824 3428 2882 lden-

1802 2888 2017 2945 illorum
2062 2893 2242 2950 scelus
2280 2904 2601 2954 ostensurus
2626 2941 2639 2965 ,
2671 2904 2822 2971 prius
2851 2905 2920 2963 de
2951 2909 3182 2968 aliorum
3216 2916 3417 2975 virtute

1803 2979 2061 3051 loquitur.
2100 2985 2216 3054 Dic,
2267 3003 2388 3053 oro,
2467 2990 2743 3049 caritasne
2802 3012 3176 3071 paupertatem
3234 3011 3414 3079 parit,

1801 3086 1869 3173 an
1920 3086 2211 3144 paupertas
2257 3081 2587 3137 caritatem?
2640 3086 2867 3144 Videtur
2936 3095 3069 3151 mihi
3142 3102 3287 3171 quod
3314 3120 3411 3161 αι-

1802 3175 1941 3268 ritas
1996 3178 2374 3268 paupertatem
2404 3190 2591 3268 ,hqua:
2647 3183 2819 3251 magis
2889 3185 3034 3241 illam
3103 3189 3416 3268 adstringit.

1803 3257 1942 3312 Audi
1995 3274 2160 3327 vero,
2207 3263 2334 3332 quid
2399 3266 2591 3323 dicat:
2634 3269 2882 3329 Omnium
2926 3290 3037 3333 erat
3086 3299 3176 3337 cor
3252 3257 3420 3345 unum

1802 3359 1850 3403 et
1875 3351 2049 3404 anima
2072 3370 2195 3407 una.
2222 3354 2365 3412 Ecce
2392 3373 2489 3413 cor
2513 3370 2568 3415 ct
2589 3364 2771 3420 anima
2798 3366 3034 3439 idipsum
3071 3386 3217 3433 sunt.
3260 3398 3278 3431 ι
3308 3382 3420 3438 Nec

1802 3442 2086 3513 quisquam
2143 3461 2332 3501 eorum
2364 3491 2378 3513 ,
2428 3467 2551 3521 qua:
2599 3458 2958 3529 possidebat,
3006 3466 3208 3539 aliquid
3254 3487 3414 3531 suum

1804 3550 1927 3591 esse
1954 3538 2191 3607 dicebat,
2226 3542 2322 3598 sed
2350 3556 2507 3601 erant
2538 3548 2642 3602 illis
2670 3554 2849 3607 omnia
2877 3538 3209 3619 communia.
3235 3566 3334 3623 55.’
3356 3571 3423 3625 Et

1804 3628 2004 3685 virtute
2041 3647 2233 3703 magna
2287 3637 2590 3695 reddebant
2636 3648 2869 3712 apostoli
2915 3653 3284 3714 testimonium
3332 3679 3422 3716 re-

1804 3725 2159 3781 surrectionis
2202 3729 2417 3785 Domini
2469 3733 2600 3789 Jesu
2643 3735 2903 3795 Christi.»
2945 3744 3109 3813 Quasi
3156 3751 3237 3806 eis
3271 3770 3424 3809 com-

1804 3818 2030 3914 missum
2049 3820 2162 3914 sit,
2185 3820 2288 3878 hoc
2316 3823 2579 3892 declarat,
2611 3838 2665 3883 et
2686 3834 2838 3900 quasi
2866 3834 2937 3891 de
2967 3838 3152 3895 officio
3182 3845 3421 3914 ipsorum

1806 3908 2045 3980 loquitur
2072 3930 2085 3966 :
2114 3912 2167 3967 id
2200 3924 2303 3982 est,
2340 3919 2710 3976 IeStimonium
2740 3927 2894 3994 regni
2924 3944 3047 3985 cum
3083 3908 3273 3992 fiducia
3304 3958 3423 3995 ωηι-

1806 4001 1967 4057 nibus
2016 4004 2336 4061 reddebant.
2396 4008 2580 4065 Gratia
2623 4030 2824 4086 quoque
2864 4035 3053 4093 magna
3090 4027 3142 4081 in
3186 4034 3424 4089 omnibus

1805 4106 1914 4150 cra:
1942 4114 1960 4150 ;
2003 4097 2092 4155 δι.
2137 4116 2299 4171 neque
2340 4104 2474 4158 enim
2514 4107 2782 4177 quisquam
2802 4128 2952 4183 egens
2979 4129 3086 4171 erat
3121 4122 3253 4177 inter
3279 4127 3419 4183 illos.

1806 4188 1960 4286 Sicut
1986 4190 2037 4244 in
2067 4200 2289 4286 paterna
2323 4196 2487 4250 domo
2510 4197 2605 4253 filii
2637 4216 2829 4258 omnes
2853 4208 2965 4274 pari
2996 4220 3122 4265 sunt
3169 4213 3377 4273 honore
3405 4264 3421 4286 ,

1807 4280 1885 4334 sic
1920 4280 1994 4334 illi
2030 4281 2207 4337 allecti
2250 4294 2424 4339 erant.
2472 4287 2590 4343 Non
2640 4290 2836 4348 licebat
2870 4299 3017 4353 enim
3048 4300 3254 4373 dicere,
3279 4280 3422 4379 quod

1806 4374 1942 4428 alios
1973 4377 2313 4443 enutrireut;
2345 4394 2410 4434 ac
2432 4382 2476 4435 si
2506 4397 2570 4436 cx
2603 4386 2718 4441 suis
2749 4387 2875 4445 illos
2905 4395 3200 4467 nutrirent,
3232 4374 3311 4459 sic
3338 4406 3424 4459 af-

1806 4465 1930 4520 fecti
1977 4478 2152 4522 erant.
2200 4469 2305 4525 Sed
2349 4471 2451 4527 hoc
2494 4486 2577 4530 est
2608 4479 2897 4551 mirabile,
2926 4488 3070 4556 quod
3112 4465 3276 4549 rebus
3307 4501 3424 4553 suis

1807 4559 2082 4627 sepositis,
2117 4560 2188 4615 ita
2214 4564 2547 4634 nutriebant,
2579 4583 2648 4623 ne
2676 4585 2739 4625 ex
2768 4574 2918 4643 suis,
2951 4578 3048 4634 sed
3080 4597 3149 4636 ex
3177 4599 3424 4642 eorumn-

1807 4652 1967 4707 nibus
2006 4654 2075 4708 ali
2121 4655 2457 4712 viderentur.
2507 4662 2818 4735 «Quotquot
2847 4679 3027 4725 autem
3078 4690 3425 4744 possessor-c5

1806 4758 2061 4815 agrorum
2097 4748 2184 4802 vel
2221 4748 2505 4806 domorum
2544 4765 2699 4809 erant
2724 4799 2738 4821 ,
2782 4762 3081 4821 vendentes
3120 4770 3423 4831 all‘ercbaut

1807 4837 1981 4907 pretia
2006 4854 2196 4893 eorum
2221 4882 2236 4906 ,
2268 4858 2389 4912 qua:
2424 4847 2750 4904 vendebant.
2780 4852 2869 4907 55.
2903 4856 2968 4911 Et
2995 4862 3268 4927 ponebant
3296 4879 3423 4924 ante

1807 4930 1973 5001 pedes
2024 4934 2415 5001 apostolorum.
2479 4938 2837 4998 Dividebatur
2904 4959 3086 5005 autem
3154 4956 3420 5033 singulis,

1808 5035 1965 5093 prout
1997 5028 2193 5098 cuique
2219 5045 2355 5099 opus
2381 5044 2550 5087 crat.»
2584 5036 2808 5107 Magnus
2839 5042 3031 5111 honor,
3058 5052 3200 5117 quod
3232 5028 3337 5109 non
3370 5057 3421 5113 iu

1808 5136 2001 5176 manus
2027 5164 2040 5187 ,
2075 5122 2169 5178 sed
2202 5124 2268 5178 ad
2303 5128 2466 5193 pedes
2494 5132 2866 5198 apostolorum
2894 5154 3178 5206 ponerent.
3204 5146 3292 5203 56.
3320 5151 3422 5205 Jo—

1805 5216 1929 5283 seplt
1960 5225 2128 5268 autent
2154 5260 2167 5282 ,
2194 5218 2281 5286 qui
2301 5224 2689 5289 cognominatus
2717 5238 2789 5280 est
2820 5228 3088 5291 Barnabas
3117 5238 3179 5291 ab
3210 5256 3417 5311 aposto-

1808 5307 1907 5373 lis,
1952 5310 2091 5375 quod
2132 5322 2203 5364 est
2248 5312 2671 5385 interpretatum,
2712 5320 2853 5388 [ilius
2883 5307 3266 5388 consolaﬁonis.
3302 5338 3421 5396 Non

1806 5398 2019 5453 videtur
2066 5400 2195 5454 mihi
2251 5402 2337 5457 hic
2372 5404 2462 5459 ille
2507 5421 2666 5473 esse,
2720 5415 2807 5479 qui
2856 5429 2979 5471 cum
3027 5420 3286 5479 Matthin:
3333 5430 3423 5486 ille

1807 5507 2041 5562 namque
2068 5492 2271 5563 Joseph
2312 5499 2603 5554 vocabatur
2630 5502 2917 5574 Barsabas,
2956 5524 3138 5579 postea
3175 5535 3298 5576 vero
3328 5540 3425 5577 co-

1805 5586 2149 5652 gnominatus
2193 5598 2275 5643 est
2334 5590 2559 5657 Justus;
2610 5595 2697 5652 hic
2738 5615 2868 5655 vero
2916 5605 3231 5679 Barnabas,
3280 5618 3424 5674 liiins

1807 5678 2196 5735 consolationis
2217 5723 2231 5745 ,
2272 5683 2341 5736 ab
2383 5690 2645 5752 apostolis
2672 5697 3087 5761 cognominatus
3116 5714 3200 5758 est
3220 5678 3235 5758 7:
3265 5710 3418 5765 \‘itlc-

1808 5780 1999 5839 utrque
2033 5772 2161 5825 mihi
2191 5790 2220 5826 a
2247 5776 2444 5831 virtute
2489 5794 2683 5836 nomen
2715 5787 3010 5856 accepisse,
3038 5809 3100 5847 ac
3131 5799 3174 5850 si
3202 5800 3267 5853 ad
3296 5818 3417 5858 eam

1807 5881 1923 5918 rem
1949 5876 2095 5920 esset
2127 5877 2283 5936 aptus
2316 5880 2367 5924 et
2394 5870 2642 5928 idoneus.
2680 5875 2875 5934 Levites
2901 5924 2916 5947 ,
2963 5883 3185 5953 Cyprius
3217 5910 3420 5963 gum-rc,
