4088 6326
663 381 731 438 95
1339 373 1397 432 S.
1434 370 1712 430 JOANNIS
1739 368 2210 426 CIIRYSOSTUMI
2251 365 2566 423 ARCHIEP.
2608 369 3140 427 CONSTANTINOP.
3882 368 3949 425 96

661 496 751 553 37.
781 509 893 548 cum
918 491 1114 546 haberet
1141 505 1338 560 agrum,
1357 488 1576 543 vendidit
1596 482 1727 550 eum,
1752 492 1796 536 et
1818 483 1984 537 attulit
2001 481 2238 553 pretium,

662 597 710 644 et
735 586 900 658 posuit
927 593 1047 638 ante
1077 584 1227 653 pedes
1257 581 1627 652 apostolorum.

730 680 784 734 2.
813 679 910 733 Hie
935 677 1061 732 mihi
1091 677 1344 730 observes
1367 673 1551 734 velim,
1589 668 1858 738 quomodo
1881 664 2128 721 ostendat
2155 679 2243 718 so-

661 773 826 825 lutam
858 770 1052 839 legem,
1091 775 1146 821 et
1178 781 1274 820 cur
1317 764 1446 819 dicit
1479 760 1730 826 :Levites,
1778 758 1994 829 Cyprius
2039 772 2240 826 genere.

658 862 791 927 Quia
823 860 1035 914 demum
1064 865 1267 912 mutata
1301 854 1490 924 patria,
1528 851 1728 906 Levita:
1754 848 2095 903 voeabantur.
2137 843 2242 901 Sed

659 953 907 1021 superius
928 951 1068 1004 dicta
1096 958 1420 1019 repetamus.
1449 944 1681 1008 Dimissi,
1708 941 1898 1010 inquit,
1918 947 2156 993 venerunt
2176 936 2244 989 ad

660 1061 798 1107 suos,
826 1052 870 1096 et
891 1040 1316 1094 annuntiaverunt
1347 1049 1672 1104 quacumque
1691 1033 1757 1085 ad
1778 1046 1861 1084 eos
1888 1027 2140 1100 principes
2161 1042 2245 1079 sa-

658 1133 916 1188 cerdotum
945 1140 991 1185 et
1014 1134 1232 1186 seniores
1261 1128 1527 1180 dixissent.
1558 1123 1693 1179 Vide
1718 1135 1874 1193 quam
1897 1135 1928 1174 ει
1949 1117 2087 1174 fastu
2108 1118 2239 1172 alie-

659 1227 712 1281 ni
731 1227 835 1279 sint
851 1225 1099 1294 apostoli,
1120 1232 1173 1277 et
1192 1236 1347 1290 quam
1366 1215 1693 1290 phil030phi.
1713 1214 1827 1269 Non
1845 1213 2242 1268 circumeuntes

657 1336 777 1374 sese
797 1318 1070 1371 venditant
1096 1329 1192 1370 nec
1216 1313 1420 1379 dicunt,
1451 1327 1560 1381 quo
1586 1317 1741 1380 pacto
1768 1304 2081 1362 sacerdotes
2107 1317 2240 1357 con-

658 1409 914 1473 futarint;
952 1421 1121 1476 neque
1152 1402 1424 1458 narrando
1448 1415 1637 1455 vanam
1667 1397 1890 1469 gloriam
1925 1401 2237 1464 captarum;

657 1500 752 1556 sed
777 1500 1047 1552 venientes
1067 1511 1152 1560 ea,
1181 1510 1301 1563 quae
1322 1509 1350 1546 a
1380 1491 1682 1549 senioribus
1707 1487 2008 1553 audierant,
2032 1483 2239 1553 simpli—

658 1593 793 1646 citer
817 1589 1148 1648 denuntiant.
1180 1587 1316 1643 Hinc
1333 1586 1586 1641 discimus
1613 1584 1758 1653 ipsos
1775 1596 1884 1636 non
1906 1593 2026 1635 sese
2042 1578 2094 1632 in
2125 1587 2241 1631 ten-

660 1685 886 1736 tationes
915 1678 1194 1746 iniecisse;
1219 1678 1312 1731 sed
1339 1689 1452 1739 eas,
1476 1688 1595 1744 quae
1615 1670 2005 1735 inferebantur,
2036 1667 2242 1722 fortiter

660 1751 865 1824 tulisse.
897 1769 1046 1824 Alius
1069 1781 1216 1834 vero,
1247 1765 1489 1837 quisquis
1514 1764 1722 1829 fuisset,
1747 1761 1882 1816 forte
1903 1758 2241 1814 multitudine

658 1862 844 1923 fretus,
885 1860 1235 1914 contumelias
1273 1858 1432 1914 etiam
1479 1855 1824 1927 protulisset,
1880 1867 1944 1907 ac
1991 1857 2240 1905 sexcenta

655 1954 834 2022 gravia
860 1953 1110 2021 loquutus
1131 1959 1294 2005 esset.
1327 1948 1397 2003 At
1421 1962 1525 2002 non
1553 1946 1604 2000 hi
1630 1943 1971 2016 phiIOSOphi;
2004 1941 2098 1996 sed
2125 1955 2237 1994 om-

575 2059 584 2070 '
657 2046 741 2096 nia
771 2051 1044 2096 mansuete
1068 2049 1123 2094 et
1145 2040 1394 2110 benigne.
1447 2039 1545 2104 Qui
1575 2053 1688 2090 cum
1721 2034 2004 2099 audissent,
2046 2032 2236 2102 inquit,

654 2133 956 2187 unanimiter
993 2148 1158 2185 vocem
1187 2132 1472 2185 levaverunt
1503 2128 1568 2181 ad
1600 2127 1782 2181 Deum.
1825 2125 2042 2178 Clamor
2072 2123 2242 2177 factus

654 2234 734 2280 est
761 2239 826 2280 es
856 2223 1130 2292 voluptate
1159 2229 1214 2277 et
1241 2235 1431 2290 magno
1449 2217 1662 2273 affectu.
1691 2216 1849 2270 Tales
1872 2227 2099 2282 namque
2123 2226 2244 2281 pre.

656 2331 748 2372 ces
776 2323 1022 2385 prosunt,
1056 2328 1178 2383 qua:
1209 2310 1546 2382 philosophia
1574 2309 1744 2378 plenae
1765 2314 1912 2372 sunt,
1936 2304 2004 2359 de
2026 2303 2236 2368 talibus,

655 2424 686 2462 a
724 2408 936 2475 talibus,
988 2404 1080 2460 tali
1111 2414 1349 2473 tempore
1379 2412 1433 2457 et
1475 2399 1634 2455 modo
1663 2397 1908 2461 emissas,
1957 2399 2095 2450 sicut
2122 2394 2240 2448 alias

654 2498 1046 2556 abominabiles
1104 2505 1230 2551 sunt
1274 2505 1328 2549 et
1378 2491 1689 2548 immundtn.
1747 2488 1922 2556 Vide,
1969 2486 2239 2558 quomodo

655 2593 785 2648 nihil
830 2589 1157 2661 superﬂuum
1190 2629 1203 2654 ,
1236 2587 1331 2643 sed
1359 2589 1376 2619 ⁸
1409 2587 1476 2641 de
1508 2585 1701 2640 virtute
1729 2592 1933 2637 tantum
1977 2581 2142 2650 ipsius
2163 2580 2242 2634 lo-

656 2692 885 2752 quantur
922 2699 936 2734 :
965 2682 1074 2735 imo
1099 2681 1261 2735 etiam
1293 2674 1740 2749 quemadmodum
1762 2673 2007 2729 Christus
2032 2671 2244 2726 dicebat

655 2773 877 2838 Jutlzcis,
909 2772 970 2826 Si
996 2782 1164 2825 autem
1194 2787 1283 2841 ego
1306 2770 1358 2823 iu
1386 2768 1584 2840 Spiritu
1611 2766 1704 2821 Dei
1725 2767 1928 2836 loquor;
1959 2769 2029 2818 ita
2058 2772 2113 2818 ct
2143 2763 2241 2832 ipsi

652 2864 854 2927 dicunt,
887 2861 991 2916 Per
1020 2861 1273 2930 Spiritum
1297 2868 1542 2914 sanctum.
1571 2858 1708 2913 Ecce
1723 2858 1883 2912 etiam
1901 2854 2155 2911 Servatur
2187 2854 2237 2907 itt

655 2955 855 3027 Spiritu
876 2955 1130 3025 loquitur.
1155 2951 1291 3021 Quid
1314 2967 1441 3006 vero
1457 2951 1657 3016 dicant,
1681 2948 1823 3003 audi.
1842 2947 2060 3002 Domine
2075 2947 2235 3013 Deus,

651 3048 737 3116 qui
767 3063 853 3119 per
889 3063 946 3101 os
977 3044 1141 3098 David
1171 3043 1310 3111 pueri
1355 3043 1426 3095 tui
1464 3042 1657 3107 dixisti,
1707 3041 1875 3106 Quare
1929 3041 2240 3108 fremuerunt

653 3138 990 3211 gentes?lrlos
1013 3137 1154 3192 enim
1182 3145 1262 3190 cst
1284 3134 1570 3203 Scriptura:
1591 3133 1659 3188 de
1689 3148 1795 3187 uno
1825 3141 1882 3187 ut
1907 3131 1975 3187 de
2002 3133 2242 3202 pluribus

655 3232 821 3302 loqui.
845 3231 955 3285 lloc
978 3244 1107 3284 vero
1122 3228 1422 3299 signiﬁcare
1440 3227 1654 3282 volunt:
1679 3226 1792 3281 Non
1817 3228 1914 3296 ipsi
1933 3226 2238 3293 valuerunt,

651 3324 745 3380 sed
779 3333 832 3377 tu
860 3332 1028 3378 totum
1058 3321 1346 3392 permisisti
1374 3329 1428 3376 et
1451 3320 1517 3375 ad
1543 3322 1700 3375 tinem
1718 3319 2004 3383 deduxisti,
2037 3320 2126 3390 qtti
2149 3335 2238 3373 sa-

651 3432 755 3486 gax
783 3431 846 3470 es
862 3425 915 3470 et
947 3415 1180 3484 sapiens,
1219 3422 1375 3482 atque
1403 3414 1530 3482 ipsis
1557 3413 1783 3467 inimicis
1811 3410 1878 3466 ad
1909 3410 2237 3466 voluntatem

655 3508 844 3563 uteris.
891 3505 1021 3561 Nam
1057 3504 1143 3560 hic
1171 3503 1239 3558 de
1271 3504 1409 3557 illius
1438 3504 1728 3574 sagacitate
1771 3512 1826 3557 et
1867 3502 2125 3572 sapientia
2154 3503 2237 3556 lo-

652 3609 911 3670 quuntur,
944 3596 1338 3665 ostenduntque
1372 3595 1512 3662 illos,
1548 3603 1731 3664 utpote
1764 3594 2010 3649 inimicos
2035 3605 2089 3649 et
2113 3594 2238 3648 hos-

653 3704 752 3756 tes,
805 3706 872 3745 ex
908 3689 1252 3760 sanguinaria
1283 3688 1556 3758 proposito
1597 3687 1912 3742 convenisse
1937 3703 1949 3738 :
1975 3686 2238 3741 faciebant

649 3794 824 3837 autem
855 3797 938 3844 ea,
969 3796 1089 3850 qua:
1122 3790 1178 3834 tu
1208 3778 1446 3843 volebas,
1483 3779 1904 3849 Qquueananus
1934 3789 2022 3831 tua
2045 3787 2091 3830 et
2117 3794 2238 3830 con—

647 3873 817 3927 silium
855 3879 998 3923 tuum
1033 3869 1353 3922 decreverunt
1381 3869 1515 3935 ﬁeri.
1554 3867 1691 3936 Quid
1735 3879 1839 3936 est,
1892 3867 2080 3922 Manus
2108 3868 2236 3921 tua?

650 3964 746 4020 llic
778 3962 906 4016 mihi
953 3960 1160 4016 videtur
1196 3975 1410 4014 manum
1443 3975 1634 4014 vocare
1675 3963 1960 4029 potentiam
1984 3969 2039 4016 et
2058 3963 2236 4017 cousi-

648 4057 796 4110 lium.
828 4051 1061 4120 Sufﬁcit,
1105 4052 1295 4122 inquit,
1331 4059 1381 4106 te
1410 4051 1565 4116 velle;
1612 4051 1789 4105 nullus
1817 4054 1959 4106 enim
2000 4054 2232 4122 potentia

649 4144 964 4215 prmdeﬁuit.
994 4143 1128 4198 illud
1154 4158 1303 4213 ergo,
1337 4141 1677 4207 Quazcumque
1701 4160 1879 4197 manus
1910 4153 2020 4208 tua;
2047 4145 2099 4198 id
2127 4156 2230 4212 est,

647 4241 1008 4309 Quazcumque
1037 4235 1356 4308 praecepisti.
1382 4235 1477 4290 Vel
1500 4235 1599 4289 hoc
1621 4234 1781 4305 igitur
1800 4235 1950 4302 dicit,
1987 4235 2068 4289 vel
2094 4237 2236 4305 quod

652 4346 810 4384 manu
827 4340 1076 4400 operatus
1095 4331 1181 4385 sit.
1201 4328 1350 4385 Sicut
1377 4343 1506 4399 ergo
1526 4337 1652 4383 tunc
1668 4343 1800 4382 vana
1821 4329 2061 4384 meditati
2090 4339 2233 4396 sunt,

647 4424 724 4478 sic
750 4423 906 4477 etiam
935 4438 1075 4476 nunc
1106 4432 1163 4476 ut
1189 4437 1320 4476 vana
1349 4421 1420 4475 illi
1448 4421 1774 4476 meditemur
1815 4421 1993 4477 facito.
2049 4420 2117 4475 Et
2168 4423 2236 4476 da

651 4516 800 4569 servis
822 4517 944 4578 tuis;
968 4514 1137 4578 idest,
1161 4513 1236 4568 Ne
1263 4513 1420 4567 mina:
1446 4529 1630 4568 eorum
1659 4528 1823 4582 opere
1844 4513 2232 4581 compleantur.

648 4605 773 4659 llazc
796 4619 954 4674 porro
971 4603 1239 4669 dicebant,
1261 4617 1363 4657 non
1378 4603 1736 4658 detrectantes
1755 4603 1944 4659 durum
1959 4605 2233 4677 quidpiam

651 4697 776 4767 pati,
809 4697 900 4750 sed
931 4710 1029 4769 pro
1061 4693 1445 4764 praedicatione
1472 4703 1677 4764 petunt.
1711 4695 1828 4749 Non
1857 4696 1998 4751 enim
2027 4698 2231 4766 dicunt,

653 4788 792 4840 Erue
823 4803 920 4841 nos
945 4802 975 4841 a
1002 4787 1273 4856 periculis;
1303 4786 1398 4841 sed
1425 4786 1588 4854 quid?
1620 4784 1686 4840 Et
1716 4788 1783 4840 da
1815 4789 1968 4841 servis
1995 4792 2090 4844 tuis
2118 4809 2235 4846 cum

646 4877 784 4930 omni
801 4877 990 4945 ﬁducia
1017 4878 1152 4945 loqui
1177 4879 1378 4931 verbum
1399 4887 1560 4931 tuum.
1592 4877 1690 4944 Qui
1721 4893 1851 4947 ergo
1875 4878 1963 4934 illa
1993 4880 2044 4934 in
2075 4882 2232 4938 ﬁnem

644 4969 934 5033 deduxisti,
959 4977 1013 5022 et
1047 4967 1162 5022 hme
1186 4967 1376 5023 deduc.
1410 4971 1570 5034 Quem
1596 4972 1806 5037 auxisti,
1843 4973 2034 5043 inquit.
2080 4974 2230 5045 Vide,

647 5061 915 5131 quomodo
941 5061 1102 5116 etiam
1122 5061 1174 5115 in
1199 5060 1448 5131 precibus
1467 5063 1768 5130 passionem
1797 5065 2149 5138 distinguunt,
2179 5079 2234 5126 et

648 5151 827 5203 omnia
851 5150 916 5202 ad
946 5152 1119 5219 ipsum
1141 5146 1404 5217 referunt,
1431 5152 1707 5222 ipsumque
1728 5155 1932 5212 ﬁducia:
1959 5168 2230 5216 auctorem

646 5253 769 5293 esse
799 5240 1002 5294 dicunt.
1053 5242 1256 5308 Viden‘,
1289 5243 1559 5312 quomodo
1598 5245 1772 5300 omnia
1815 5259 2034 5318 propter
2063 5250 2233 5307 Deum

651 5337 852 5398 petant,
903 5337 958 5384 et
988 5329 1121 5384 nihil
1147 5332 1212 5386 ad
1237 5335 1458 5403 gloriam
1487 5337 1681 5390 suam?
1727 5340 1876 5404 Quod
1912 5357 2039 5411 ergo
2076 5357 2231 5399 suum

653 5429 734 5471 est
759 5422 1096 5491 promittunt,
1127 5425 1269 5494 quod
1297 5443 1485 5498 nempe
1514 5443 1620 5483 non
1651 5429 1952 5489 deterrendi
1979 5437 2116 5503 sint;
2159 5439 2233 5492 si-

651 5522 754 5579 gna
785 5526 907 5569 vero
931 5523 1138 5585 petunt.
1169 5514 1236 5570 In
1257 5533 1313 5571 eo
1337 5520 1494 5588 quod,
1541 5521 1806 5591 inquiunt,
1857 5543 2061 5582 manum
2089 5537 2230 5584 tuam

666 5747 862 5856 W‘LMU
886 5749 1068 5822 legunt,
1092 5758 1537 5832 nihilsuperﬂmtm,
1560 5768 1681 5822 nihil
1698 5771 1823 5825 anile
1850 5773 1920 5825 rel
1938 5778 2223 5846 fabulosum,

2356 481 2595 536 extendas
2621 482 2690 535 ad
2717 483 2959 537 sanitates
2988 492 3034 537 et
3061 472 3208 554 signa
3235 491 3282 536 et
3309 481 3542 554 prodigia
3568 483 3703 554 ﬁeri.
3755 482 3904 538 Bene
3931 502 3945 539 :

2352 590 2473 629 nam
2493 575 2693 645 absque
2717 575 2845 644 illis,
2879 577 3087 632 etiamsi
3110 577 3424 630 immensam
3449 575 3810 645 praetulissent
3835 576 3943 632 ala-

2350 668 2618 734 critatem,
2644 667 2842 722 frustra
2867 671 3041 722 omnia
3071 668 3341 723 fecissent.
3374 666 3575 721 Annuit
3595 680 3784 721 eorum
3816 669 3949 736 peti-

2353 759 2504 825 tioni,
2532 766 2587 814 et
2613 759 2785 829 palam
2817 759 2944 816 fecit
2982 761 3155 816 locum
3182 759 3574 826 concutiendo,
3621 773 3681 814 se
3726 758 3946 815 illorum

2351 851 2601 920 precibus
2630 851 2840 908 adesse.
2898 851 2965 906 Et
2994 870 3108 906 cum
3128 862 3376 919 orassent,
3409 853 3619 923 inquit,
3673 861 3842 906 motus
3874 862 3948 905 est

2351 941 2509 997 locus.
2542 944 2694 1011 Quod
2725 953 2902 999 autem
2927 959 2986 999 ea
3019 944 3086 998 de
3113 959 3274 999 causa
3305 943 3501 998 factum
3530 945 3618 1009 sit,
3663 943 3789 998 audi
3821 959 3948 1012 pro-

2351 1033 2564 1104 phetam
2593 1035 2862 1091 dicemetn
2897 1053 2910 1092 :
2945 1036 3044 1102 Qui
3071 1036 3272 1105 respicit
3312 1044 3522 1100 terram,
3573 1044 3621 1089 et
3662 1036 3789 1104 facit
3833 1050 3948 1088 eam

2350 1133 2584 1188 tremere;
2614 1135 2669 1180 et
2693 1141 2932 1190 rursum,
2983 1127 3025 1178 A
3057 1127 3188 1196 facie
3217 1125 3424 1179 Domini
3450 1135 3586 1179 mota
3621 1134 3693 1179 est
3723 1135 3884 1189 terra,
3914 1142 3950 1178 α

2347 1215 2480 1284 facie
2524 1214 2622 1270 Dei
2663 1217 2827 1271 Iacob
2870 1216 3042 1290 (Psal.
3074 1217 3197 1272 105.
3219 1215 3309 1273 52.
3341 1226 3388 1271 et
3420 1217 3641 1285 “3.7).
3676 1215 3790 1271 lloc
3816 1230 3948 1271 vero

2346 1307 2480 1363 facit
2510 1308 2671 1374 Deus,
2695 1318 2750 1364 et
2777 1319 2832 1364 ut
2860 1311 3118 1379 majorem
3145 1319 3347 1365 metum
3373 1309 3618 1376 incutiat,
3641 1317 3697 1362 et
3722 1317 3781 1362 ut
3810 1309 3949 1361 ﬁdu-

2345 1399 2484 1454 ciam
2516 1401 2621 1456 illis
2649 1401 2798 1456 iudat
2827 1411 2948 1471 post
2984 1403 3104 1457 illas
3147 1402 3342 1468 minas,
3380 1409 3436 1456 et
3477 1409 3535 1455 ut
3579 1400 3646 1455 ad
3679 1399 3944 1470 majorem

2346 1488 2562 1546 dicendi
2589 1491 2891 1547 libertatem
2923 1500 3098 1547 acuat.
3127 1492 3263 1560 Quia
3292 1492 3434 1547 enim
3467 1491 3674 1545 initium
3703 1500 3842 1554 erat,
3891 1501 3948 1546 et

2347 1583 2589 1638 sensibili
2617 1584 2771 1655 signo
2795 1600 2930 1656 opus
2952 1585 3220 1642 habebant
3242 1594 3299 1638 ut
3319 1583 3794 1655 persuaderentur;
3824 1594 3950 1652 pust

2347 1674 2464 1731 haec
2490 1686 2668 1732 autem
2695 1677 2748 1732 id
2785 1693 3073 1750 numquam
3104 1676 3334 1734 accidit:
3359 1676 3432 1732 ita
3471 1676 3692 1731 multam
3719 1690 3788 1730 ex
3816 1690 3947 1729 ora-

2350 1766 2493 1821 tione
2517 1768 2937 1825 consolationem
2969 1778 3093 1824 sunt
3119 1768 3415 1838 asseqnuti.

2419 1860 2582 1928 Signa
2633 1864 3046 1917 resurrectionem
3101 1862 3397 1932 probabant.
3447 1889 3520 1901 —
3571 1859 3703 1916 Jure
3749 1869 3936 1914 autem

2345 1950 2618 2021 signorum
2689 1956 2915 2024 gratiam
2974 1965 3202 2025 petunt;
3261 1970 3368 2009 non
3423 1953 3530 2008 alio
3583 1953 3728 2008 enim
3779 1951 3948 2005 modo

2346 2042 2629 2099 ostendere
2655 2053 2903 2113 poterant
2931 2045 3101 2114 ipsum
3125 2046 3506 2107 resnrrexisse,
3529 2043 3630 2098 nisi
3652 2058 3719 2097 ex
3745 2041 3943 2111 signis.

2348 2133 2530 2203 Itaque
2575 2151 2680 2190 non
2729 2151 2880 2190 suam
2949 2137 3120 2190 solum
3189 2135 3505 2206 quzcrebant
3553 2135 3900 2189 securitatem
3932 2177 3946 2198 ,

2347 2240 2532 2280 verum
2561 2227 2722 2281 etiam
2754 2243 2820 2282 ne
2864 2227 3320 2282 confundercntur
3347 2269 3362 2294 ,
3410 2227 3503 2282 sed
3552 2227 3723 2280 libere
3753 2225 3947 2292 loque-

2349 2327 2550 2373 rentur.
2578 2319 2750 2374 Motus
2776 2329 2858 2375 est
2889 2321 3060 2385 locus,
3091 2330 3144 2376 et
3173 2321 3288 2374 illos
3330 2320 3498 2389 magis
3529 2317 3779 2371 ﬁrmavit.
3833 2316 3950 2371 lluc

2346 2421 2544 2476 autem,
2589 2413 2751 2466 modo
2802 2414 3010 2482 signqu
3057 2413 3149 2466 ira:
3179 2420 3282 2477 est,
3330 2411 3491 2466 modo
3530 2410 3854 2463 visitationis
3894 2417 3950 2462 et

2348 2503 2694 2571 providentia:
2719 2545 2732 2568 ,
2780 2520 2922 2558 nunc
2953 2513 3129 2558 autem
3157 2504 3270 2558 irin.
3300 2505 3362 2558 In
3390 2502 3636 2572 passione
3665 2516 3794 2556 vero
3820 2499 3952 2555 Ser-

2333 2594 2548 2647 ‘vatoris
2598 2596 2861 2663 stupendo
2913 2596 3072 2648 modo
3094 2606 3148 2650 et
3197 2604 3390 2664 praeter
3439 2605 3683 2648 naturam
3741 2594 3949 2647 factum

2348 2693 2453 2738 est.
2486 2685 2500 2714 ¹
2536 2682 2767 2755 [Etenim
2792 2687 2968 2739 omnis
2995 2697 3132 2739 terra
3160 2694 3428 2740 commota
3452 2694 3552 2739 est.
3577 2685 3644 2739 Et
3671 2685 3788 2753 ipsc
3815 2703 3953 2753 quo-

2351 2791 2454 2844 que
2487 2776 2738 2831 Servator
2767 2778 2978 2832 diccbat
3010 2795 3021 2828 :
3059 2777 3198 2830 Tunc
3244 2789 3388 2830 erunt
3420 2780 3579 2848 {antes
3621 2787 3668 2830 et
3697 2778 3951 2845 pestilen-

2350 2875 2435 2920 tia:
2462 2877 2506 2920 et
2535 2879 2681 2920 terrm
2714 2878 2878 2921 motus
2907 2884 2995 2936 per
3034 2869 3143 2922 ioca
3171 2868 3188 2938 (
3219 2867 3402 2920 Matth.
3435 2867 3520 2921 2i.
3548 2864 3646 2939 7
3689 2867 3954 2936 Alioquin

2347 2974 2475 3012 vero
2516 2959 2608 3012 irae
2647 2969 2830 3013 eontra
2863 2960 2981 3013 illos
3007 2960 3215 3029 signum
3248 2969 3365 3013 erat
3393 2978 3403 3012 :
3441 2960 3538 3014 hos
3570 2961 3714 3014 enim
3741 2960 3954 3029 Spiritu

2347 3050 2592 3118 replevit.
2621 3049 2776 3114 Vide,
2806 3060 2860 3104 et
2886 3052 3112 3119 apostoli
3141 3062 3259 3120 post
3289 3051 3585 3105 orationem
3615 3051 3823 3120 Spiritu
3859 3068 3951 3105 re-

2348 3141 2580 3209 plentur.
2627 3141 2692 3194 Et
2736 3143 2900 3212 gratia
2956 3159 3165 3214 magna,
3217 3143 3406 3212 inquit,
3460 3154 3566 3196 erat
3610 3143 3662 3195 in
3705 3142 3955 3198 omnibus

2345 3232 2450 3284 illis
2497 3246 2517 3285 .'
2564 3249 2720 3302 neque
2759 3233 2891 3286 enim
2945 3235 3210 3303 quisquam
3247 3250 3396 3304 egens
3439 3244 3544 3287 erat
3599 3235 3730 3286 inter
3764 3233 3955 3305 illos.)

2348 3323 2534 3378 Viden’
2561 3333 2756 3393 quanta
2784 3326 2851 3379 sit
2875 3325 3103 3396 Spiritus
3130 3326 3318 3391 virtus,
3348 3327 3431 3378 ubi
3453 3327 3658 3380 scilicet
3687 3326 3775 3380 illa
3811 3342 3953 3388 (quis

2345 3417 2499 3470 erat?
2531 3416 2656 3470 llatc
2684 3425 2767 3470 est
2795 3418 2936 3471 enim
2970 3418 3233 3471 bonorum
3281 3433 3461 3480 causa,
3515 3433 3672 3487 quam
3706 3419 3951 3474 secundo

2345 3517 2625 3575 memorat,
2659 3508 2951 3564 adhortans
2997 3525 3186 3564 omnes
3211 3510 3276 3564 ad
3322 3511 3667 3578 pecuniarum
3702 3519 3950 3564 eontem-

2344 3611 2518 3670 ptum;
2541 3601 2785 3670 superius
2806 3601 2989 3656 dicens
3018 3619 3032 3655 :
3063 3602 3173 3655 Nec
3198 3604 3461 3672 quisquant
3487 3619 3658 3656 eorum
3682 3619 3798 3671 qua:
3828 3621 3950 3672 pas-

2343 3691 2556 3756 sidebat,
2615 3693 2809 3763 aliquid
2851 3709 3000 3746 suum
3045 3710 3152 3747 esse
3200 3693 3432 3758 diccbat;
3481 3693 3570 3747 hic
3616 3709 3744 3749 vero
3780 3710 3794 3747 :
3833 3693 3949 3748 Nec

2344 3785 2611 3853 quisquam
2639 3802 2791 3855 egens
2823 3797 2933 3840 erat
2965 3788 3096 3840 inter
3121 3785 3257 3840 illos.

2415 3876 2468 3929 5.
2515 3876 2668 3942 Quod
2700 3887 2875 3931 autem
2907 3892 3011 3930 non
3058 3892 3123 3930 ex
3159 3877 3328 3946 signis
3361 3886 3566 3932 tantum
3591 3921 3605 3940 ,
3639 3878 3733 3935 sed
3777 3881 3952 3934 etiam

2342 3982 2407 4022 ex
2440 3967 2651 4020 illorum
2696 3969 2973 4038 proposito
3003 3967 3054 4021 id
3088 3966 3287 4022 factum
3315 3969 3491 4032 fuerit,
3543 3969 3715 4038 palam
3741 3970 3952 4024 [ιιι-ίιιιιι

2342 4058 2604 4129 Sapphira
2638 4068 2691 4113 et
2719 4061 2975 4113 Auanias.
3027 4059 3142 4114 Non
3173 4068 3350 4115 autem
3394 4064 3559 4115 verbo
3584 4072 3816 4127 tantum,
3851 4065 3951 4117 sed

2341 4155 2500 4208 etiam
2528 4154 2724 4207 virtute
2743 4154 3103 4208 lCSlilliOlliUlli
3126 4154 3538 4209 resurrectionis
3558 4154 3950 4222 exhibuerunt,

2343 4255 2403 4299 ut
2425 4255 2478 4299 et
2508 4246 2706 4299 Paulus
2754 4247 2828 4299 ait
2860 4264 2872 4299 :
2912 4246 2974 4299 Et
2999 4248 3292 4316 praedicatio
3325 4265 3433 4300 mea
3461 4265 3560 4302 non
3590 4249 3643 4302 in
3683 4253 3954 4318 persuasi-

2345 4337 2522 4390 bilibas
2552 4338 2788 4392 humana:
2812 4338 3073 4407 sapientia:
3101 4340 3282 4405 verbis,
3311 4341 3398 4393 sed
3424 4341 3474 4392 in
3503 4342 3790 4394 ostensione
3822 4342 3954 4411 Spi-

2348 4431 2473 4484 ritus
2496 4441 2541 4484 et
2569 4431 2761 4485 virtutis
2788 4431 2866 4503 (1.
2899 4431 3016 4487 Cor.
3041 4430 3097 4485 2.
3130 4430 3207 4503 4).
3241 4431 3350 4487 Nec
3372 4433 3688 4502 simpliciter
3713 4435 3940 4503 virtute,

2343 4524 2461 4590 sed,
2491 4525 2688 4579 virtute
2715 4540 2927 4595 magna.
2963 4525 3031 4579 Et
3063 4525 3200 4580 bene
3226 4526 3375 4590 dicit,
3411 4525 3590 4580 Gratia
3620 4539 3731 4579 erat
3759 4529 3814 4582 in
3839 4547 3954 4583 om-

2343 4617 2506 4670 nibus.
2538 4616 2663 4670 Ideo
2691 4632 2919 4687 namque
2945 4619 3134 4688 gratia,
3160 4618 3282 4687 quia
3305 4615 3493 4671 'nulltts
3519 4629 3636 4672 erat
3661 4634 3861 4689 egens;
3895 4623 3950 4677 id

2343 4719 2449 4776 est,
2482 4725 2548 4764 ex
2571 4708 2810 4764 dantium
2833 4711 3112 4765 alacritate
3137 4709 3314 4764 nullus
3345 4723 3547 4778 egenus
3581 4721 3724 4764 erat.
3760 4710 3952 4782 Neque

2342 4804 2485 4859 enim
2551 4811 2753 4873 partem
2809 4803 3214 4874 largiebantur,
3266 4811 3472 4871 partem
3523 4803 3948 4859 recondebam:

2342 4909 2517 4966 neque
2542 4894 2722 4948 omnia
2754 4894 2987 4961 dabant;
3015 4895 3106 4949 scd
3135 4892 3287 4963 quasi
3332 4893 3565 4962 propria.
3599 4894 3952 4964 hut-qualita-

2344 4997 2448 5043 tem
2479 4988 2547 5042 de
2577 4987 2753 5042 medio
2782 4987 3077 5050 tollebant,
3128 4995 3185 5039 et
3216 4985 3268 5038 in
3298 4985 3621 5039 abundantia
3655 4987 3830 5040 multa
3877 4991 3948 5041 vi-

2340 5082 2536 5138 vebant
2567 5097 2582 5135 :
2616 5081 2891 5150 multoque
2915 5095 3034 5135 cum
3069 5079 3272 5135 honore
3305 5078 3408 5132 hoc
3433 5078 3725 5133 faciebant.
3756 5079 3952 5154 Neque

2342 5177 2395 5231 in
2426 5176 2677 5231 manibus
2703 5174 2917 5230 tradere
2961 5173 3254 5240 audebant,
3287 5188 3461 5243 neque
3489 5187 3609 5228 cum
3643 5172 3786 5229 fastu
3844 5178 3949 5232 lar-

2405 5358 2421 5388 ¹
2438 5363 2584 5405 Totus
2605 5355 2688 5417 qui
2715 5355 2843 5417 inter
2867 5353 3069 5417 uncinos
3091 5351 3330 5402 clauditur
3355 5350 3509 5411 locus,
3545 5365 3615 5401 Sic
3653 5351 3879 5417 ell‘ertur
3906 5363 3944 5409 Eu

2335 5431 2440 5466 uno
2477 5432 2520 5468 c.
2563 5430 2577 5465 :
2609 5414 2734 5466 Tunc
2758 5414 2885 5465 enint
2905 5414 3056 5465 omnis
3081 5423 3212 5465 terra
3243 5422 3478 5464 commota
3501 5420 3606 5476 est,
3647 5414 3716 5465 ita
3756 5425 3810 5465 ut
3840 5422 3946 5469 ubi.

2344 5490 2430 5543 que
2451 5477 2744 5543 intellectum
2765 5477 2912 5538 fuerit
2953 5490 3182 5539 magnum
3219 5491 3322 5526 esse
3355 5475 3873 5543 cruci/inivirtutem,
3907 5492 3948 5533 (τι

2338 5538 2446 5590 eum
2483 5542 2565 5601 qui
2588 5541 2858 5602 patiebatur
2895 5553 2997 5590 esse
3027 5548 3228 5602 Ueunt,_
3253 5552 3345 5587 non
3385 5538 3650 5601 simplicem
3674 5538 3943 5602 limitarem.

2339 5604 2469 5661 Quod
2491 5599 2533 5652 Si
2561 5599 2699 5665 (hcce
2723 5611 2873 5652 terra:
2897 5602 3187 5662 commotio)
3211 5599 3326 5665 irte
3345 5599 3535 5665 signum
3554 5610 3679 5665 erat,
3705 5601 3846 5653 imm
3883 5610 3926 5656 si

2337 5661 2591 5728 {pii/itabat
2613 5664 2662 5714 in
2685 5665 2898 5728 .tudteos,
2913 5665 2996 5728 hos
3014 5670 3174 5728 autem
3195 5661 3612 5728 Spirituieplecit.
3634 5661 3805 5728 Itaque
3827 5680 3940 5728 apo-

2337 5724 2585 5798 stoli,post
2603 5724 2892 5798 orationem,
2910 5727 3085 5798 spiritu
3110 5724 3374 5798 replentur.
3424 5743 3446 5772 α
3487 5733 3540 5798 ξι
3578 5724 3942 5798 testimoniiou.

2339 5787 2509 5903 tumul},
2531 5789 2840 5850 perhibebant
2864 5787 2913 5843 in
2935 5787 3109 5850 uirtute
3133 5787 3301 5849 multa,
3325 5795 3371 5842 et
3393 5787 3554 5853 gratia
3579 5798 3685 5842 erat
3714 5793 3764 5842 in
3786 5795 3947 5848 omni-

2370 5866 2454 5903 ust
2494 5867 2546 5903 ts.
2565 5867 2591 5900 ι

2370 5866 2546 5904 11811115.
2565 5867 2591 5900 1
