4078 6318
196 309 265 367 97
1203 297 1268 353 ΙΝ
1307 298 1489 353 ACTA
1528 294 2053 351 APOSTOLORUM.
2097 293 2331 351 HOMIL.
2374 293 2462 351 XI.
3435 300 3507 358 93

193 420 508 493 giebantur;
540 417 636 473 sed
666 415 733 469 ad
762 415 925 485 pedes
959 412 1254 467 all'erebaut
1274 453 1288 477 ,
1319 422 1374 466 et
1402 411 1524 465 illos
1563 408 1787 478 dispen-

190 524 402 570 satores
449 527 573 567 esse
625 510 901 574 sinebant,
956 506 1309 575 dominosque
1352 502 1675 567 reddebant;
1734 509 1791 554 nt

191 607 345 677 quasi
395 620 469 659 ex
514 600 892 658 communibus
920 599 1177 666 deinceps
1221 598 1650 657 insumerentur,
1681 607 1791 646 non

186 698 343 770 quasi
380 713 446 752 ex
504 694 751 765 propriis.
788 692 922 746 llinc
964 700 1140 744 autem
1189 688 1372 753 ﬁebat,
1420 696 1478 741 ut
1520 700 1624 741 non
1658 698 1791 737 vana

185 790 359 859 gloria
390 786 804 841 extollerentur.
836 781 949 835 lloc
974 780 1019 834 si
1049 793 1194 834 nunc
1218 793 1438 848 quoque
1468 779 1644 838 fieret,
1668 789 1793 828 cum

188 881 399 948 majore
424 878 729 931 viveremus
758 874 1032 943 voluptate
1060 880 1114 927 et
1157 870 1349 925 divites
1384 879 1439 923 et
1478 880 1745 937 pauperes
1771 882 1788 921 :

188 989 288 1028 nec
333 972 599 1040 majorem
652 967 977 1038 pauperibus
1000 1008 1017 1030 ,
1050 979 1208 1034 quam
1234 963 1488 1018 divitibus
1512 960 1616 1013 hoc
1642 958 1793 1013 volu-

188 1073 397 1133 ptatem
432 1061 671 1116 alferrct.
707 1060 773 1113 Et
800 1058 844 1111 si
876 1058 1070 1126 placet,
1100 1055 1205 1110 hoc
1230 1068 1484 1110 sermone
1508 1051 1791 1108 describa-

187 1170 333 1218 mus,
367 1162 424 1207 et
447 1151 578 1205 hinc
603 1151 931 1218 voluptatem
956 1147 1340 1217 decerpamus,
1368 1144 1583 1215 quando
1610 1143 1791 1213 operi-

182 1247 286 1301 bus
310 1259 423 1299 non
443 1243 622 1297 vultis.
652 1240 879 1295 Maxime
906 1250 1085 1294 autem
1107 1254 1176 1294 ex
1202 1238 1307 1292 illis
1322 1236 1659 1291 manifesmm
1685 1244 1789 1301 est,

183 1352 308 1408 quae
339 1346 477 1407 tunc
505 1336 641 1390 facta
670 1341 823 1401 sunt;
854 1332 977 1403 quia
1024 1332 1320 1387 vendentes
1352 1345 1460 1386 non
1489 1329 1645 1401 egeni
1692 1330 1792 1383 lie-

184 1429 342 1497 bant,
375 1429 473 1484 sed
504 1437 559 1483 et
587 1441 848 1498 pauperes
875 1425 1071 1480 divites
1094 1422 1410 1479 reddebant.

256 1517 708 1587 Constanlinopoli
740 1527 858 1587 quot
896 1532 1035 1584 opes,
1064 1523 1284 1587 quantm
1311 1513 1492 1584 pepuli
1530 1528 1788 1567 numerus.

182 1645 257 1656 ——
283 1615 557 1668 Caeterum
585 1611 687 1664 hoc
712 1624 854 1664 nunc
880 1624 1131 1664 sermone
1158 1606 1528 1662 describamus
1560 1624 1572 1658 :
1601 1620 1791 1659 omnes

183 1720 280 1761 sua
322 1705 507 1758 omnia
537 1701 771 1757 vendant
815 1710 870 1755 et
900 1701 952 1754 in
984 1700 1217 1754 medium
1247 1698 1475 1753 afferant
1498 1740 1513 1761 ,
1542 1711 1793 1751 sermone

183 1798 355 1852 dico:
389 1811 552 1851 nemo
598 1794 843 1849 turbetur
888 1806 1061 1862 neque
1108 1790 1300 1851 dives,
1343 1804 1517 1859 neque
1564 1804 1788 1859 panper.

185 1889 459 1954 Quantum
491 1895 650 1957 putas
678 1884 796 1938 auri
828 1884 1113 1939 collectum
1167 1883 1273 1936 iri?
1324 1882 1437 1952 Ego
1476 1896 1608 1935 sane
1656 1895 1790 1936 con-

180 1983 310 2052 jieio
342 1980 364 2052 (
391 1995 569 2050 neque
596 1977 739 2034 enim
771 1977 824 2032 id
851 1984 1000 2031 certo
1026 1975 1131 2030 dici
1156 1974 1373 2046 potest)
1402 2016 1417 2039 ,
1441 1974 1483 2029 si
1515 1974 1711 2044 singuli
1738 1980 1794 2027 et

183 2075 415 2145 singulae
440 2086 568 2127 suas
586 2083 778 2125 omnes
799 2068 885 2124 hic
906 2068 1159 2139 pecunias
1179 2074 1522 2131 evacuarent,
1545 2065 1590 2120 si
1609 2079 1785 2135 agros,

186 2164 584 2235 possessiones,
612 2161 805 2215 domos
836 2159 1109 2214 traderent
1135 2153 1348 2229 (servos
1378 2173 1485 2212 non
1533 2156 1784 2222 dixerim,

183 2269 366 2325 neque
390 2253 537 2308 enim
568 2263 698 2307 tunc
722 2260 896 2319 erant,
924 2250 1018 2305 sed
1065 2250 1293 2305 fortasse
1320 2248 1523 2303 liberos
1548 2248 1759 2302 dimitte
1776 2281 1791 2290 -

182 2350 379 2417 bam);
420 2346 605 2402 forsan
646 2344 829 2399 decies
873 2355 1102 2399 centena
1157 2343 1324 2396 millia
1370 2343 1624 2396 librarum
1674 2342 1791 2396 auri

182 2446 685 2510 congregarentur;
732 2436 840 2489 imo
859 2442 914 2488 et
942 2433 1026 2489 bis
1056 2442 1204 2488 terve
1245 2434 1492 2503 amplius.
1528 2434 1621 2487 Dic
1646 2434 1790 2487 enim

185 2532 363 2595 mihi,
392 2529 581 2584 civitas
625 2539 810 2581 nostra
844 2536 1102 2597 quantum
1148 2527 1575 2596 promiseuorum
1615 2525 1790 2580 homi—

184 2639 319 2678 num
350 2636 634 2677 numerum
652 2619 934 2674 continet?
960 2627 1091 2687 quot
1110 2618 1270 2671 vultis
1287 2632 1409 2673 esse
1430 2616 1793 2674 Christianos?

184 2715 429 2769 vultisne
449 2727 569 2767 esse
596 2720 815 2766 ceruum
846 2710 1029 2765 mille?
1058 2718 1289 2779 quantus
1332 2725 1588 2763 numerus
1613 2712 1791 2780 genti—

184 2807 323 2860 lium
348 2814 405 2859 et
429 2802 779 2858 Judaaorum?
803 2810 937 2871 quot
965 2801 1133 2855 millia
1160 2801 1274 2854 auri
1304 2816 1459 2870 cong:
1475 2804 1791 2870 egarentur?

183 2906 431 2968 quantus
458 2910 582 2951 vero
606 2905 690 2951 est
714 2908 1006 2964 pauperum
1035 2893 1332 2947 numerus?
1363 2893 1477 2947 Νοιι
1514 2905 1644 2963 puto
1671 2909 1792 2950 esse

184 3007 365 3061 supra
414 2988 799 3060 quinquaginta
828 2988 1017 3042 millia.
1054 2987 1162 3041 Hos
1189 3001 1317 3040 vero
1358 2987 1597 3054 quotidie
1624 2988 1787 3053 alere,

185 3090 397 3153 quanta
424 3079 573 3149 copia
604 3078 785 3135 foret?
808 3078 967 3134 Certe
996 3076 1268 3132 communi
1290 3077 1411 3131 cibo
1437 3086 1489 3131 et
1518 3079 1789 3134 communi

188 3188 390 3230 mensa
420 3173 546 3242 ipsis
585 3170 853 3241 apposita,
910 3184 1015 3224 non
1062 3176 1261 3222 tantam
1310 3176 1439 3237 puto
1492 3167 1788 3237 impensam

185 3271 336 3321 fore.
379 3263 515 3331 Quid
537 3278 686 3333 ergo,
739 3261 966 3331 inquies,
1011 3259 1201 3314 facturi
1230 3274 1471 3314 essemus
1507 3261 1790 3331 insumptis

186 3356 435 3428 Opibus?
461 3354 609 3409 Tune
639 3362 794 3422 putas
844 3366 1004 3422 posse
1043 3366 1296 3421 umquam
1333 3348 1578 3406 insumi?
1607 3368 1788 3408 annon

188 3449 399 3504 millies
428 3445 781 3502 abundantior
820 3444 990 3517 gratia
1028 3442 1122 3500 Dei
1149 3445 1339 3501 esset?
1366 3458 1544 3498 annon
1572 3444 1791 3514 largiter

186 3540 376 3612 gratia
402 3539 495 3594 Dei
526 3538 931 3608 elfynderetur!
977 3537 1116 3605 Quid
1148 3537 1320 3593 vero?
1364 3551 1544 3592 annon
1592 3543 1787 3593 terram

187 3633 541 3688 efﬁceremus
567 3629 797 3684 exulum?
826 3629 881 3683 Si
913 3628 963 3682 id
996 3630 1047 3682 in
1083 3629 1255 3682 tribus
1280 3629 1520 3684 millibus
1548 3639 1603 3683 et
1628 3629 1788 3699 quin-

187 3740 304 3797 quc
336 3721 570 3776 millibus
597 3723 669 3775 ita
699 3720 927 3787 refulsit,
956 3730 1011 3774 et
1039 3720 1217 3774 nullus
1246 3734 1433 3775 eorum
1460 3720 1529 3775 de
1559 3735 1790 3791 pauper-

190 3826 308 3870 tate
360 3823 682 3882 conquestus
724 3820 828 3876 est,
862 3819 1062 3881 quanto
1088 3811 1258 3881 magis
1284 3811 1337 3865 in
1372 3820 1515 3866 tanta
1545 3812 1791 3867 multitu-

187 3908 373 3964 dine?
400 3907 517 3977 quis
544 3908 707 3961 etiam
731 3914 1077 3960 externorum
1109 3920 1215 3957 non
1258 3905 1459 3973 aliquid
1494 3906 1793 3974 adjiceret?

190 4001 261 4056 L‘t
282 4006 474 4052 autem
498 3997 796 4061 ostendam,
813 3996 892 4049 sic
905 3995 1189 4049 distraetas
1204 4009 1335 4063 opes
1356 3996 1525 4065 magis
1537 3997 1786 4066 expendi,

185 4104 242 4148 et
272 4089 610 4161 paupertatis
649 4102 868 4143 causam
914 4101 1036 4142 esse
1063 4086 1137 4159 (α)
1166 4106 1177 4139 :
1203 4088 1274 4142 sit
1302 4088 1497 4143 domus
1521 4132 1537 4157 ,
1567 4090 1654 4145 ubi
1686 4078 1793 4146 sint

188 4182 359 4255 pueri
401 4181 587 4235 decem
626 4187 683 4234 et
707 4194 843 4234 uxor
869 4187 924 4233 et
952 4178 1063 4243 vir;
1094 4190 1148 4233 et
1176 4178 1266 4233 illa
1296 4179 1513 4249 quidem
1553 4181 1791 4237 laniﬁcio

188 4271 501 4338 incumbat,
515 4271 604 4326 ille
615 4286 744 4325 vero
762 4270 830 4325 de
841 4269 974 4324 foris
989 4280 1282 4340 proventus
1295 4269 1484 4323 afferat
1502 4289 1515 4323 :
1536 4272 1623 4327 dic
1638 4274 1790 4339 mihi,

186 4386 258 4422 an
321 4364 401 4419 illi
450 4365 501 4417 in
543 4361 815 4418 communi
859 4362 1102 4415 viventes
1151 4370 1207 4416 et
1245 4361 1298 4414 in
1352 4378 1452 4415 una
1494 4362 1677 4429 domo,
1723 4380 1790 4419 an

186 4455 432 4526 dispersi
462 4454 578 4523 plus
620 4452 971 4521 impendant?
1002 4451 1184 4505 Palam
1226 4460 1311 4507 est
1339 4452 1482 4522 quod
1526 4453 1777 4523 dispersi.

189 4551 338 4605 Nam
368 4548 410 4600 si
438 4546 812 4615 dispergantur
838 4543 1028 4598 decem
1056 4543 1171 4609 ﬁlii,
1199 4544 1387 4598 decem
1415 4546 1663 4601 domibus
1689 4548 1792 4602 erit

186 4654 360 4710 opus,
394 4637 579 4691 decem
604 4636 805 4690 mensis
825 4676 842 4700 ,
868 4635 1055 4689 decem
1085 4634 1298 4690 famulis
1318 4675 1333 4701 ,
1382 4645 1688 4707 caulemque
1716 4639 1791 4691 si-

188 4730 405 4786 militer
431 4735 705 4797 proventu.
735 4725 873 4793 Quid
903 4741 1051 4789 vero,
1082 4726 1170 4781 ubi
1200 4742 1477 4781 servorum
1506 4737 1586 4782 est
1616 4730 1795 4783 multi-

190 4824 331 4879 tudo
351 4821 376 4873 2
419 4834 596 4875 nonne
626 4818 747 4873 ideo
775 4833 963 4873 onmes
1006 4820 1252 4873 eamdem
1284 4836 1523 4875 mensam
1559 4821 1789 4888 habent,

189 4934 257 4972 ne
291 4915 475 4982 major
499 4912 589 4966 ﬁat
616 4912 898 4981 impensa?
927 4911 1057 4965 Nam
1089 4912 1283 4967 divisio
1305 4927 1517 4982 semper
1546 4914 1797 4970 imminu-

189 5008 407 5061 tionem
442 5004 611 5072 parit;
653 5002 940 5057 concordia
980 5013 1034 5057 et
1062 5018 1395 5069 consensus,
1424 5016 1791 5074 augmentum.

187 5101 280 5155 Sic
314 5099 373 5150 in
399 5094 739 5149 monasteriis
766 5110 910 5149 nunc
937 5096 1131 5149 vivitur
1151 5137 1166 5161 ,
1198 5104 1255 5149 ut
1280 5096 1406 5150 olim
1436 5098 1620 5153 ﬁdeles
1647 5099 1794 5153 vive-

188 5192 354 5245 bant.
383 5187 513 5252 Quis
544 5186 685 5241 fame
711 5194 957 5239 mortuus
983 5186 1100 5240 est?
1129 5186 1250 5255 quis
1277 5202 1384 5240 non
1424 5190 1647 5256 cepioso
1674 5190 1795 5245 cibo

189 5294 391 5353 pastus
418 5280 542 5334 est?
563 5268 919 5334 Nunc‘tamen
952 5278 1055 5332 hoc
1098 5281 1267 5349 magis
1297 5280 1485 5333 timent
1511 5280 1755 5337 homines
1777 5325 1792 5349 ,

188 5390 368 5445 quam
398 5376 451 5427 in
481 5373 697 5443 pelagus
723 5374 1041 5428 immensum
1066 5372 1325 5427 incidere.
1353 5373 1407 5429 Si
1438 5382 1617 5428 autem
1640 5374 1798 5445 hujus

219 5512 304 5586 ςα)
335 5519 450 5569 Qua
478 5511 881 5623 muperibus
914 5509 1460 5583 Constantinopolitanis
1494 5511 1685 5560 alendis
1718 5513 1799 5585 hic

221 5579 451 5623 manu:
686 5580 802 5621 sunt
842 5586 904 5623 us
926 5585 1037 5623 quae
1060 5574 1125 5621 de
1149 5575 1450 5623 pauperibus
1476 5574 1799 5622 Antiocheam

187 5574 451 5643 «ιιι-ωας,
686 5580 802 5643 sunt
842 5574 1041 5643 iisquae
1060 5574 1125 5621 de
1149 5575 1450 5643 pauperibus
1476 5574 1801 5643 Amice-lienis

192 5647 353 5699 sum:
384 5636 581 5699 dixerat
613 5633 827 5686 Homilia
859 5633 1001 5699 I.x_v_t.
1030 5637 1078 5683 in
1123 5633 1423 5692 atatthzeum,
1448 5643 1593 5683 'romo
1627 5636 1673 5683 7.
1692 5636 1797 5699 “ubi

195 5695 434 5749 adiam
461 5696 607 5759 longe
639 5699 875 5759 majorem
904 5695 1060 5760 fuisse
1098 5711 1365 5760 pauperum
1401 5710 1657 5747 numerum
1682 5697 1802 5749 Coac

191 5760 695 5828 stautinopoli,quatu
719 5759 1012 5809 Antiochiae.

1903 407 1980 461 rei
1999 406 2294 475 periculum
2312 408 2650 477 fecissemus,
2664 425 2779 465 rem
2797 409 3051 468 audacter
3065 412 3502 485 aggredcrcmur.

1901 503 2165 571 Quantam
2194 515 2349 575 putas
2396 505 2544 560 illam
2583 520 2705 560 esse
2728 506 3007 576 gratiam?
3051 506 3109 561 Si
3155 508 3300 562 enim
3335 519 3464 563 tunc
3488 548 3505 571 ,

1900 610 2022 650 cum
2050 586 2227 653 nullus
2258 612 2396 667 pene
2422 607 2565 652 esset
2592 596 2787 663 ﬁdelis,
2812 598 2907 653 sed
2937 599 3111 653 solum
3144 599 3244 652 tria
3270 607 3327 653 et
3352 599 3511 668 quin-

1900 702 2007 758 que
2038 688 2236 755 millia;
2275 705 2397 744 cum
2424 704 2615 745 omnes
2635 732 2650 755 ,
2679 692 2771 759 qui
2804 690 2857 744 iu
2890 690 3093 744 mundo
3115 699 3293 754 erant,
3324 690 3508 744 hostes

1901 790 2123 845 essent;
2157 796 2279 836 cum
2311 796 2573 852 nusquam
2617 780 3043 836 consolationem
3087 790 3504 851 exspectarent,

1904 885 2010 929 tam
2040 886 2261 932 strenue
2293 893 2407 945 rem
2435 878 2673 946 aggressi
2705 886 2834 931 sunt
2864 894 2877 930 :
2907 886 3111 947 quanto
3134 877 3305 946 magis
3336 876 3504 941 nunc,

1900 982 2023 1021 cum
2053 984 2149 1037 per
2182 968 2275 1023 Dei
2317 971 2546 1038 gratiam
2573 984 2668 1039 per
2694 978 2865 1023 totum
2910 970 3099 1025 orbem
3128 967 3316 1025 ﬁdeles
3342 958 3507 1024 sunt?

1900 1074 2020 1130 quis
2062 1062 2173 1130 jam
2219 1071 2531 1129 superesset
2580 1061 2838 1131 gentilis?
2878 1060 3103 1127 Nullus,
3152 1061 3386 1133 opinor;
3435 1062 3507 1116 ita

1902 1165 2092 1206 omnes
2124 1154 2538 1209 attraxisscmus
2569 1163 2620 1207 et
2649 1154 2807 1209 nobis
2830 1153 3297 1209 conciliassemus.
3330 1152 3507 1209 Ctete—

1901 1260 2019 1298 rum
2045 1245 2091 1299 si
2121 1244 2222 1299 hac
2251 1246 2335 1298 via
2383 1246 2795 1315 progrediamur
2818 1286 2834 1310 ,
2885 1260 2980 1315 per
3028 1246 3194 1300 Deum
3240 1259 3404 1316 spero
3429 1246 3509 1301 sic

1901 1349 2015 1389 rem
2044 1334 2276 1389 futuram
2304 1350 2444 1390 esse.
2476 1335 2861 1405 Obtemperate
2898 1336 3029 1390 mihi
3056 1344 3263 1390 tantum
3285 1378 3300 1402 ,
3332 1346 3386 1391 et
3414 1353 3511 1407 per

1899 1426 2143 1481 ordinem
2165 1442 2281 1482 rem
2308 1428 2443 1482 bene
2461 1443 2714 1498 geremus
2737 1443 2751 1480 :
2780 1440 2830 1482 et
2855 1430 2901 1483 si
2926 1427 3068 1483 Deus
3088 1428 3251 1483 vitam
3274 1428 3507 1494 dederit,

1900 1520 2065 1575 credo
2083 1520 2196 1576 fore
2222 1522 2400 1575 utcito
2417 1522 2468 1574 in
2487 1523 2623 1575 hanc
2640 1525 2763 1577 vita:
2782 1524 3045 1578 rationem
3065 1537 3164 1578 nos
3181 1524 3507 1595 ingeramus.

1972 1609 2026 1664 4.
2040 1608 2240 1666 Contra
2243 1611 3063 1691 juramenta.-—Interimlegem
3088 1616 3157 1672 de
3196 1617 3510 1687 juramento

1902 1704 2119 1774 implete
2144 1720 2209 1760 ac
2238 1704 2465 1761 ﬁrmiter
2492 1716 2670 1763 tenete
2694 1726 2706 1759 :
2731 1718 2785 1763 et
2810 1709 2899 1779 qui
2928 1716 3130 1777 servat,
3154 1722 3261 1763 non
3287 1707 3510 1764 servan-

1902 1806 2006 1853 tem
2037 1797 2378 1853 manifestum
2406 1798 2586 1866 faciat,
2617 1800 2826 1856 iucuset
2850 1800 3310 1872 vehementerque
3336 1801 3512 1856 incre-

1901 1898 2011 1960 pet.
2045 1890 2374 1945 Praeﬁnitum
2406 1893 2550 1945 enim
2583 1899 2795 1961 tempus
2821 1908 2991 1964 prope
3018 1902 3101 1947 est
3123 1936 3139 1960 ,
3169 1902 3225 1948 et
3262 1895 3338 1948 rei
3384 1908 3510 1963 per-

1899 1981 2241 2050 quisitionem
2288 1981 2513 2047 faciam,
2562 1982 3071 2053 deprehensumque
3109 1984 3406 2056 segregabo
3456 1993 3515 2041 et

1900 2072 2200 2127 excludam.
2236 2074 2391 2127 Absit
2422 2083 2601 2129 autem
2624 2117 2637 2139 ,
2668 2090 2736 2129 ne
2760 2078 2882 2144 quis
2910 2077 3033 2130 talis
3060 2076 3204 2146 apud
3232 2092 3332 2132 nos
3362 2078 3512 2133 inve-

1899 2163 2111 2231 niatur;
2141 2166 2235 2219 sed
2264 2180 2455 2221 omnes
2479 2177 2733 2223 accurate
2760 2167 2864 2223 hoc
2888 2177 3103 2238 pactum
3142 2179 3358 2226 servent
3400 2171 3514 2239 spi-

1899 2256 2112 2311 rituale.
2143 2257 2215 2313 Ut
2250 2259 2392 2313 enim
2426 2258 2478 2314 iu
2520 2258 2663 2315 bello
2698 2275 2767 2315 ex
2806 2270 3010 2316 tessera
3038 2262 3433 2319 commilitones
3458 2271 3515 2318 et

1899 2348 1989 2402 alii
2017 2348 2425 2418 dignoscuntur,
2456 2352 2528 2407 ita
2574 2362 2629 2407 et
2672 2368 2817 2408 nunc
2855 2353 2969 2411 ﬁat.
2998 2354 3137 2411 Nam
3178 2365 3235 2411 et
3273 2371 3416 2411 nunc
3459 2357 3512 2412 in

1899 2440 2041 2495 bello
2060 2458 2263 2508 sumus,
2292 2453 2347 2497 ut
2368 2453 2423 2499 et
2441 2442 2633 2501 fratres
2646 2447 3296 2515 agnoscamtts.Quantum
3310 2449 3513 2505 bonum

1897 2539 1999 2590 erit
2027 2534 2184 2590 nobis
2212 2535 2315 2591 hoc
2340 2538 2679 2607 signaculum
2709 2549 2765 2595 et
2793 2540 2879 2596 hic
2910 2550 2967 2595 et
3015 2542 3066 2595 in
3096 2542 3273 2597 aliena
3310 2553 3452 2599 terra
3488 2545 3514 2599 τ

1898 2626 2075 2698 qualia
2102 2638 2227 2683 sunt
2265 2628 2381 2684 ιιωο
2420 2644 2567 2683 arma
2608 2631 2867 2687 adversus
2906 2632 3105 2689 diaboli
3154 2635 3515 2691 niaehinas‘?

1897 2722 1971 2777 Os
1995 2722 2139 2776 enim
2156 2721 2343 2790 jurarc
2372 2725 2638 2788 nesciens,
2664 2726 2773 2779 cito
2799 2726 2964 2781 Deum
2994 2728 3045 2781 in
3074 2728 3326 2797 precibus
3347 2740 3516 2784 attra-

1899 2815 2011 2879 het,
2034 2826 2088 2871 et
2104 2816 2248 2884 gravi
2273 2815 2425 2886 plaga
2448 2817 2719 2877 diabolum
2744 2816 2929 2873 feriet:
2956 2835 3017 2875 os
3033 2820 3218 2890 jurare
3239 2823 3510 2889 nesciens,

1900 2922 1997 2962 nec
2020 2908 2470 2962 contumeliosum
2502 2904 2624 2963 erit.
2660 2908 2729 2964 Ut
2759 2926 2824 2963 ex
2868 2910 3061 2977 domo,
3104 2912 3183 2967 sic
3224 2928 3290 2968 ex
3333 2913 3515 2983 lingua

1898 2997 2042 3052 hunc
2070 2998 2244 3069 ignem
2274 2998 2412 3068 ejice
2437 3042 2451 3066 ,
2496 3009 2549 3054 et
2594 3000 2737 3054 foras
2783 3002 2958 3055 trahe.
2992 3002 3067 3057 Da
3100 3004 3200 3073 ipsi
3232 3004 3428 3077 lingua:
3457 3016 3517 3060 ut

1897 3092 2113 3158 paulum
2140 3091 2370 3159 respiret
2399 3132 2414 3156 ,
2463 3100 2517 3145 et
2547 3091 2700 3145 ulcus
2745 3091 3012 3148 inﬁrmius
3052 3094 3285 3151 reddito.
3333 3097 3512 3153 Etiam

1896 3182 2144 3249 obsecro,
2194 3192 2252 3236 ut
2301 3182 2463 3236 aliam
2506 3182 2657 3237 vobis
2702 3183 3043 3253 disciplinam
3084 3187 3291 3241 tradam
3338 3206 3351 3241 :
3388 3204 3513 3245 cum

1897 3274 2039 3327 enim
2068 3274 2168 3328 hoc
2189 3273 2426 3328 nondum
2449 3273 2794 3329 emendatum
2818 3276 2908 3340 sit,
2937 3293 3044 3331 non
3069 3280 3243 3334 ausim
3272 3280 3338 3335 ad
3364 3281 3519 3337 aliud

1896 3366 2101 3420 venire.
2132 3364 2246 3421 lloc
2276 3381 2399 3421 cum
2428 3365 2702 3437 diligentia
2731 3381 2760 3419 a
2788 3367 2940 3422 vobis
2969 3370 3274 3440 corrigatur
3306 3388 3319 3424 :
3352 3371 3514 3446 hujus

1897 3459 2077 3529 operis
2107 3474 2326 3514 sensum
2356 3459 2583 3529 accipite
2603 3501 2619 3527 ,
2663 3468 2719 3514 et
2761 3470 2886 3514 tunc
2924 3459 3077 3514 vobis
3100 3461 3233 3517 alias
3264 3462 3513 3519 inducam

1903 3552 2081 3620 leges;
2129 3551 2239 3604 imo
2279 3566 2386 3603 non
2426 3565 2562 3619 ego,
2605 3551 2701 3605 sed
2744 3550 3009 3605 Christus.
3059 3552 3171 3608 [loc
3212 3553 3414 3609 bonum
3456 3555 3514 3611 in

1898 3643 2073 3695 anima
2105 3650 2285 3697 vestra
2317 3643 2575 3712 plantate,
2608 3652 2663 3697 ct
2696 3644 2949 3711 paulatim
2988 3645 3266 3713 paradisus
3296 3647 3392 3701 Dei
3426 3648 3512 3704 ef-

1901 3736 2193 3800 ﬁciemiui,
2242 3736 2415 3789 multo
2454 3736 2645 3789 melior
2692 3736 2786 3789 illo
2832 3736 2961 3789 olim
3010 3737 3280 3805 paradiso.
3326 3738 3525 3811 Neque-

1900 3832 2043 3886 enim
2074 3830 2215 3899 apud
2244 3844 2344 3884 nos
2368 3844 2591 3898 serpens
2630 3839 2730 3895 est,
2774 3843 2948 3899 neque
2991 3830 3155 3885 arbor
3194 3835 3470 3888 mortifera
3493 3876 3511 3902 ,

1900 3938 2075 3991 neque
2104 3921 2247 3974 aliud
2276 3921 2472 3975 simile.
2518 3921 2690 3991 Figite
2721 3922 2773 3974 in
2820 3920 3085 3991 profundo
3118 3921 3256 3978 hanc
3282 3939 3515 3981 Consue-

1902 4013 2160 4067 tudinem.
2194 4012 2306 4065 lloc
2334 4012 2375 4063 si
2408 4010 2537 4074 ﬁat,
2585 4026 2690 4065 non
2737 4011 2890 4065 vobis
2920 4021 3124 4068 tantum
3154 4016 3515 4084 pncsentibus

1901 4104 2163 4174 proderit,
2194 4102 2289 4157 sed
2314 4103 2478 4157 etiam
2507 4103 2757 4157 omnibus
2784 4105 2873 4172 qui
2906 4103 2957 4157 in
2988 4106 3121 4160 orbe
3144 4115 3298 4172 sunt;
3327 4116 3381 4161 et
3404 4126 3513 4164 non

1902 4196 1986 4250 liis
2018 4202 2247 4258 tantum,
2280 4192 2374 4247 sed
2404 4202 2454 4247 et
2488 4194 2550 4246 iis
2582 4195 2669 4262 qui
2710 4202 2829 4262 post
2876 4193 3037 4249 futuri
3082 4206 3224 4250 sunt.
3273 4198 3515 4255 Consue-

1903 4286 2029 4343 tudo
2057 4300 2289 4356 namque
2318 4284 2458 4340 b0na
2490 4285 2751 4353 ingressa,
2784 4294 2839 4340 et
2865 4286 2934 4340 ab
2964 4288 3217 4343 omnibus
3259 4300 3471 4345 servata
3493 4332 3511 4360 ,

1903 4383 1955 4435 in
1986 4380 2141 4449 longa
2176 4380 2424 4431 transibit
2463 4387 2726 4445 tempora,
2761 4388 2816 4431 et
2861 4379 3064 4438 nullum
3098 4380 3267 4449 ipsam
3304 4392 3515 4453 tempus

1901 4472 2216 4528 exscindere
2245 4470 2463 4540 poterit.
2497 4470 2553 4525 Si
2586 4470 2649 4530 is,
2681 4472 2771 4541 qui
2803 4471 2943 4540 ligna
2974 4473 3260 4542 colligebat
3292 4475 3344 4528 in
3389 4477 3513 4529 sali-

1902 4565 2048 4627 bato,
2080 4562 2343 4631 lapidatus
2371 4562 2470 4615 fuit
2514 4561 2720 4631 (Num.
2756 4563 2845 4618 15.
2879 4564 2981 4633 55)
3014 4585 3025 4617 :
3073 4568 3161 4635 qui
3192 4566 3514 4624 collectione

1902 4656 1991 4711 illa
2020 4656 2178 4726 longe
2203 4654 2451 4725 graviora
2480 4654 2742 4719 admittit,
2790 4665 2844 4710 et
2875 4669 3214 4725 peccatorum
3243 4662 3510 4719 sarcinam

1902 4750 2109 4819 colligit
2160 4748 2295 4819 (hoc
2335 4747 2480 4801 enim
2522 4757 2606 4801 est
2648 4748 3075 4817 juramentorum
3126 4750 3513 4828 frequentia),

1902 4845 2029 4915 quid
2060 4858 2164 4897 non
2197 4842 2433 4897 subibit?
2458 4840 2585 4911 quid
2619 4858 2723 4896 non
2758 4843 3023 4911 patietur?
3055 4845 3304 4916 Magnum
3337 4864 3365 4901 a
3402 4850 3514 4905 Deo

1904 4936 2177 5004 accipietis
2202 4934 2482 4997 auxilium,
2514 4934 2555 4987 si
2586 4933 2688 4987 hoc
2720 4932 3073 5002 perfeceritis.
3104 4936 3158 4992 Si
3191 4936 3392 5005 dicam,
3436 4940 3513 4997 Ne

1904 5028 2226 5085 contumelia
2258 5026 2480 5092 afficias,
2532 5028 2712 5080 statim
2745 5026 2874 5081 mihi
2907 5028 3141 5083 furorem
3176 5030 3228 5085 in
3274 5032 3511 5088 medium

1904 5123 2063 5177 alTers
2092 5140 2105 5176 :
2131 5122 2175 5174 si
2206 5121 2399 5181 dicam,
2430 5119 2505 5173 Ne
2533 5120 2792 5187 invideas,
2820 5122 2977 5175 aliam
3001 5139 3217 5179 causam
3248 5126 3511 5195 proferes.

1908 5217 2004 5271 llic
2035 5231 2162 5269 vero
2192 5214 2321 5268 nihil
2372 5215 2477 5267 tale
2519 5214 2683 5267 habes
2714 5214 3021 5269 dicendum.
3057 5217 3181 5272 Ideo
3211 5236 3239 5271 a
3273 5222 3514 5276 facililms

1906 5309 2044 5376 ccepi
2073 5350 2087 5375 ,
2132 5308 2255 5377 quia
2301 5307 2356 5359 in
2404 5306 2611 5359 artibus
2654 5306 2903 5361 omnibus
2952 5310 3030 5364 sic
3071 5310 3186 5364 ﬁeri
3234 5315 3389 5366 solet.
3426 5314 3517 5369 Sic

1907 5403 2029 5472 quis
2055 5400 2121 5455 ad
2153 5400 2354 5469 majora
2384 5400 2643 5467 procedit,
2681 5415 2804 5454 cum
2832 5403 2979 5471 prius
3026 5403 3260 5459 faciliora
3306 5407 3513 5463 didicit.

1907 5494 2100 5549 Scietis
2130 5509 2287 5563 quam
2318 5493 2388 5547 sit
2418 5492 2520 5545 hoc
2562 5492 2711 5547 facile
2732 5536 2746 5557 ,
2794 5494 3011 5562 quando
3045 5512 3101 5550 re
3142 5514 3238 5565 per
3270 5499 3360 5553 Dei
3387 5515 3514 5570 ενδ.

1911 5586 2038 5640 tiam
2070 5585 2334 5655 perfecta,
2367 5585 2522 5638 aliam
2553 5587 2870 5655 acceperitis
2899 5588 3090 5657 legem.
3122 5591 3255 5647 Date
3282 5591 3407 5647 mihi
3436 5593 3517 5647 Ιιιτ⁸

1978 5764 1994 5793 ⁸
2044 5760 2099 5811 In
2168 5777 2267 5813 uno
2338 5762 2540 5825 legitur,
2567 5765 2798 5817 adversus
2836 5768 3015 5821 diaboli
3040 5778 3200 5833 caput.

2784 6032 2809 6059 ς
