4078 6318
605 313 672 369 O‘J
1320 310 1377 365 S.
1418 307 1692 365 JOANNIS
1729 306 2203 366 CllliVSOSTOMl
2243 308 2562 367 ARCHIEP.
2604 310 3135 369 CONSTANTINOP.

597 428 790 501 quendi
822 428 1387 496 ﬁduciam,.etcoram
1430 426 1717 497 gentilibus
1764 434 1819 480 et
1862 440 2042 480 coram
2087 424 2184 483 Ju-

599 520 742 584 (ἱερῆς,
778 531 852 587 ct,
888 521 1026 591 quod
1057 529 1182 575 ante
1207 520 1384 573 omnia
1428 528 1511 572 est
1536 559 1551 582 ,
1598 532 1779 573 coram
1828 518 1959 573 Deo.
2016 518 2186 573 Etiam

595 614 819 667 obsecro
851 630 948 684 per
973 614 1246 668 caritatem
1266 652 1281 677 ,
1322 626 1413 679 per
1440 610 1677 665 dolorem
1711 618 1893 679 partus
1913 651 1928 675 ,
1960 626 2065 679 quo
2094 625 2187 665 vos

596 704 884 771 parturivi,
934 704 1113 759 Filioli
1154 704 1269 757 mei.
1315 701 1468 767 Quod
1499 701 1740 770 sequitur
1795 716 1899 754 non
1952 701 2184 767 addam,

598 792 736 856 Quos
774 796 955 849 iterum
986 794 1249 865 parturio;
1277 808 1453 862 neque
1480 793 1651 847 dicam
1672 834 1686 858 ,
1732 793 1903 846 Donec
1945 796 2189 864 formetur

597 883 825 940 Christus
851 888 902 940 in
930 886 1065 941 vobis
1121 885 1259 957 (Gal.
1289 887 1342 940 4.
1371 885 1491 955 19).
1521 885 1698 939 Credo
1722 884 1886 948 enim,
1914 884 2184 940 Christum

595 975 649 1031 in
688 977 836 1031 vobis
863 978 1148 1033 formatum
1177 993 1321 1032 esse.
1351 976 1456 1032 Sed
1483 977 1582 1031 alia
1615 977 1767 1029 vobis
1791 975 1965 1031 dicam
2000 994 2012 1029 :
2048 978 2184 1030 Fra-

594 1075 694 1121 tres
737 1070 835 1123 mei
872 1070 1045 1125 dilecti
1083 1080 1130 1123 et
1168 1070 1469 1130 desiderati.
1516 1069 1757 1140 gaudium
1787 1078 1834 1123 et
1861 1086 2047 1123 corona
2077 1085 2185 1122 mea

594 1157 865 1229 (Philipp.
895 1162 947 1215 4.
981 1161 1072 1232 1).
1103 1160 1317 1217 Credite
1348 1159 1510 1224 mihi,
1552 1176 1639 1216 me
1681 1175 1786 1214 non
1822 1161 1977 1215 aliter
2015 1161 2185 1215 dictu-

593 1264 710 1302 rum
742 1267 881 1307 esse.
916 1252 971 1308 Si
998 1253 1117 1322 quis
1148 1252 1292 1306 mille
1318 1265 1547 1306 coronas
1572 1246 1745 1322 regias
1772 1252 1999 1321 gemmis
2027 1266 2183 1305 orna-

594 1349 674 1396 tas
698 1344 857 1411 capiti
886 1358 1005 1399 meo
1033 1359 1171 1398 nunc
1197 1343 1517 1412 imponeret,
1547 1358 1652 1397 non
1684 1344 1752 1395 ita
1779 1342 2065 1412 gauderem
2084 1384 2097 1407 ,
2128 1351 2184 1396 ut

590 1432 793 1501 gaudeo
824 1436 875 1488 in
905 1435 1141 1504 profectu
1170 1442 1385 1500 vestro;
1417 1435 1523 1488 imo
1552 1450 1649 1489 nec
1677 1435 1847 1503 ipsum
1896 1433 2183 1502 Imperato-

588 1535 703 1576 rem
732 1524 801 1577 ita
844 1525 1079 1593 gaudere
1123 1533 1273 1594 puto,
1306 1535 1364 1580 ut
1393 1540 1490 1594 ego
1518 1522 1585 1579 de
1612 1523 1762 1579 vobis
1789 1524 2014 1592 gaudeo.
2046 1522 2179 1589 Quid

597 1611 752 1666 dico?
783 1614 838 1669 Si
856 1615 1103 1670 omnibus
1136 1614 1371 1670 adversis
1402 1615 1647 1685 gentibus
1682 1616 1994 1684 expugnatis
2016 1615 2183 1668 victor

598 1702 827 1768 rediret,
876 1720 939 1759 ac
986 1716 1179 1774 printer
1200 1706 1411 1759 solitam
1455 1720 1710 1760 coronam
1739 1706 1871 1758 alias
1915 1706 2183 1775 acciperet

584 1808 817 1849 coronas
834 1806 888 1850 et
908 1796 1205 1851 diademata
1226 1798 1461 1851 victoriae
1499 1797 1739 1868 symbols
1760 1837 1774 1862 ,
1809 1811 1913 1850 non
1967 1805 2093 1863 puto
2120 1795 2180 1848 il-

591 1886 700 1953 lum
729 1886 793 1940 de
822 1888 1035 1956 tropaeis
1055 1888 1123 1941 ita
1140 1889 1444 1958 gavisurum
1469 1903 1613 1951 esse,
1634 1896 1690 1941 ut
1717 1903 1817 1957 ego
1844 1888 1910 1942 de
1938 1888 2178 1958 profectu

587 1989 768 2033 vestro
784 1980 1007 2049 gaudeo.
1036 1980 1164 2034 Nam
1198 1982 1265 2035 ita
1289 1981 1522 2045 exsulto,
1551 1996 1611 2034 ae
1628 1981 1671 2035 si
1695 1980 1839 2035 mille
1852 1996 2077 2034 coronas
2099 1994 2181 2034 ca-

586 2070 694 2139 pite
711 2080 974 2139 gestarem
997 2090 1011 2137 ;
1042 2088 1104 2125 ac
1127 2072 1245 2141 jure
1280 2073 1492 2127 merito.
1511 2073 1643 2126 Nam
1663 2075 1706 2127 si
1730 2089 1827 2142 per
1844 2073 1937 2126 Dei
1955 2074 2177 2139 gratiam

588 2158 728 2214 hunc
770 2176 975 2215 morem
1005 2164 1362 2232 assequamini
1386 2204 1399 2228 ,
1429 2173 1715 2218 sexcentos
1755 2164 1935 2217 hostes
1962 2178 2180 2232 supera-

2295 427 2410 491 stis,
2440 427 2543 480 illis
2569 426 2724 497 longe
2746 429 3039 497 graviores,
3069 429 3157 498 qui
3188 437 3370 483 contra
3414 431 3584 485 malos
3612 434 3889 490 daemonas

2292 527 2346 573 et
2370 518 2575 573 feroces
2602 518 2985 587 pugnaveritis,
3015 534 3120 573 non
3147 518 3342 589 gladio,
3369 520 3462 574 sed
3488 521 3663 591 lingua
3692 535 3741 578 et
3771 540 3891 593 pro-

2294 610 2487 679 posito.
2521 608 2706 663 Videte
2735 624 2963 677 namque
2990 626 3147 679 quam
3179 612 3315 666 bene
3342 627 3456 666 rem
3483 614 3757 682 gesseritis
3780 657 3794 680 ,
3842 618 3889 671 si

2293 702 2396 756 hoc
2436 701 2741 771 perﬁciatis.
2786 701 2965 756 Primo
3000 718 3216 773 gravem
3257 705 3695 761 consuetudinem
3744 711 3891 763 etei-

2289 791 2473 857 distis;
2502 792 2738 846 secundo
2762 793 2951 853 malam
2980 794 3378 861 cogitationem,
3407 796 3549 852 unde
3574 799 3750 851 omnia
3780 815 3889 852 ma-

2290 882 2374 947 la,
2404 898 2596 952 nempe
2623 883 2762 952 quod
2804 884 3000 951 putetis
3038 899 3152 938 rem
3194 898 3313 940 esse
3356 886 3745 943 indiderentem
3787 905 3892 945 nec

2290 974 2538 1038 noxiam;
2594 975 2752 1027 tertio
2802 974 3075 1038 furorem,
3129 985 3321 1043 quarto
3368 979 3647 1032 avaritiam
3702 997 3717 1034 :
3771 980 3891 1035 haec

2288 1064 2485 1133 quippe
2510 1065 2686 1118 omnia
2717 1065 2886 1134 gignit
2907 1065 3293 1133 juramcntunt.
3327 1067 3437 1121 lmo
3466 1084 3528 1122 ex
3561 1070 3662 1124 hoc
3687 1072 3752 1125 ad
3780 1073 3888 1125 alia

2286 1154 2421 1208 bona
2444 1170 2603 1225 opera
2633 1170 2878 1225 magnam
2902 1159 3236 1212 occasionem
3268 1160 3561 1229 accipietis.
3587 1162 3716 1217 Nam
3746 1165 3889 1218 sient

2287 1248 2393 1313 illi,
2424 1249 2511 1318 qui
2539 1250 2803 1304 elementa
2834 1253 3049 1318 puerilia
3082 1252 3324 1319 discunt,
3370 1270 3475 1308 non
3517 1256 3602 1309 illa
3648 1258 3757 1309 sola
3802 1258 3887 1311 di-

2286 1350 2470 1404 scunt,
2512 1343 2602 1396 sed
2646 1358 2740 1411 per
2779 1344 2866 1396 illa
2910 1345 3159 1413 paulatim
3200 1346 3263 1398 ad
3295 1347 3570 1414 legendum
3604 1350 3889 1406 instituun-

2286 1441 2412 1487 tur:
2458 1434 2535 1488 sic
2574 1444 2627 1488 et
2666 1434 2816 1489 vobis
2860 1437 3065 1490 accidet
3116 1452 3129 1487 :
3179 1453 3285 1490 non
3329 1439 3467 1493 ultra
3510 1456 3605 1493 vos
3650 1441 3888 1509 decipiet

2284 1524 2422 1576 mala
2451 1525 2722 1593 cogitatio,
2753 1541 2925 1596 neque
2951 1528 3141 1582 dicetis
3166 1544 3273 1581 rem
3303 1545 3425 1584 esse
3449 1531 3836 1587 indill‘erentem
3867 1553 3881 1599 ;

2284 1631 2389 1669 non
2419 1618 2552 1671 ultra
2592 1634 2657 1671 ex
2697 1622 3082 1676 consuetudine
3121 1622 3445 1691 loquetnini,
3488 1625 3581 1678 sed
3622 1625 3883 1683 adversus

2283 1711 2460 1763 omnia
2504 1711 2709 1767 fortiter
2740 1713 2968 1780 stabilis,
3003 1724 3057 1767 ut
3086 1731 3179 1783 per
3206 1716 3385 1769 omnia
3412 1717 3662 1771 virtutem
3691 1734 3884 1773 set-un-

2282 1801 2406 1853 dum
2436 1802 2601 1856 Deum
2632 1804 2799 1867 nacti,
2846 1806 3060 1859 internis
3101 1806 3253 1860 bonis
3292 1806 3573 1873 frttamini,
3614 1811 3781 1878 gratia
3824 1820 3883 1865 (ιι

2281 1893 2606 1963 benignitate
2633 1897 2886 1964 tmigeniti
2917 1897 3033 1950 Filii
3062 1898 3207 1965 ejus,
3240 1900 3452 1967 quicum
3495 1901 3633 1954 Patri
3666 1912 3718 1955 et
3764 1904 3882 1971 Spi-

2282 1988 2403 2041 ritui
2428 1999 2612 2041 sancto
2632 1989 2817 2058 gloria.
2841 1990 3146 2058 imperium,
3176 1990 3370 2058 honor,
3400 2008 3538 2048 nunc
3558 2002 3612 2048 et
3636 2010 3876 2063 semper,

2282 2088 2336 2133 et
2367 2080 2417 2133 in
2445 2080 2636 2134 smcula
2663 2080 3005 2135 seculorum.
3034 2082 3228 2135 Amen.

1897 2371 2244 2433 HOMILIA
2289 2372 2434 2431 XII.

585 2504 713 2561 CAP.
758 2508 808 2559 4.
876 2523 927 2560 ν.
976 2508 1062 2563 36.
1104 2508 1297 2577 Joseph
1325 2522 1523 2578 autem,
1559 2515 1643 2583 qui
1672 2516 2049 2584 cognominatus
2095 2524 2166 2569 est

658 2597 919 2650 Barnabas
946 2602 1007 2653 ab
1033 2603 1272 2667 apostolis
1294 2600 1466 2674 (quod
1494 2614 1565 2657 est
1591 2606 1969 2675 interpretatum
1992 2648 2003 2669 ,
2034 2606 2170 2674 ﬁlius

656 2691 1056 2759 consolationis),
1080 2692 1306 2757 Levites,
1339 2693 1557 2764 Cyprius
1582 2713 1792 2766 genere,
1822 2699 1910 2752 57.
1940 2715 2051 2751 cum
2082 2701 2174 2751 ha-

654 2777 784 2830 beret
806 2796 1003 2848 agrum,
1033 2783 1248 2835 vendiait
1270 2800 1402 2849 eum,
1426 2794 1471 2837 et
1491 2786 1659 2840 attulit
1680 2790 1914 2855 pretium,
1941 2799 1986 2841 et
2005 2792 2172 2860 posuit

658 2883 768 2924 ante
799 2873 948 2940 pedes
970 2876 1333 2941 apostolorum.

660 2965 709 3018 1.
751 2963 1069 3020 Narraturus
1098 2966 1165 3020 de
1194 2969 1397 3022 Anania
1428 2979 1482 3023 et
1517 2970 1776 3040 Sappltira
1798 3012 1811 3035 ,
1842 2983 1898 3027 ut
1927 2974 2172 3029 ostendat

584 3052 730 3108 illum
767 3054 817 3107 in
850 3056 1135 3108 maximum
1170 3067 1438 3124 peccatum
1478 3059 1760 3127 incidisse,
1792 3062 1936 3131 prius
1962 3079 2170 3119 memo-

584 3154 666 3198 rat
692 3160 810 3198 eum
838 3183 853 3206 ,
881 3146 968 3213 qui
1000 3156 1144 3200 recte
1176 3162 1232 3201 se
1261 3160 1502 3217 gesserat
1530 3167 1545 3203 ;
1574 3152 1693 3219 quia
1725 3167 1845 3206 cum
1880 3164 2055 3208 tantus
2085 3170 2170 3209 es-

582 3245 664 3288 set
706 3249 957 3289 numerus
996 3250 1181 3289 eorum
1208 3279 1224 3303 ,
1253 3240 1341 3308 qui
1385 3239 1456 3294 ita
1496 3240 1734 3296 fecerant
1757 3283 1771 3307 ,
1804 3251 1945 3297 tanta
1975 3247 2163 3314 gratia,

581 3333 723 3378 tanta
755 3326 923 3395 signa,
954 3341 982 3379 a
1011 3327 1158 3381 nullo
1182 3326 1373 3382 ltorum
1403 3332 1715 3387 emendatus
1739 3375 1754 3401 ,
1783 3335 1877 3390 sed
1907 3337 2073 3391 semel
2099 3337 2167 3393 ab

578 3416 797 3469 avaritia
826 3424 1148 3480 excaecatus.
1173 3420 1463 3486 perniciem
1480 3420 1640 3483 capiti
1659 3439 1753 3478 suo
1779 3428 2011 3480 attraxit.
2040 3426 2166 3483 Cum

580 3507 779 3559 haberet
807 3523 1028 3577 agrum;
1058 3509 1134 3563 sic
1164 3509 1371 3579 inquit,
1400 3522 1457 3565 ut
1486 3514 1793 3571 ostenderet
1823 3516 1964 3571 hunc
1992 3520 2163 3573 solum

576 3598 675 3667 ipsi
711 3598 907 3661 fuisse;
951 3598 1172 3651 vendidit
1201 3610 1246 3653 et
1276 3602 1445 3655 attulit
1484 3604 1731 3670 pretium,
1765 3615 1810 3660 et
1844 3611 2008 3677 posuit
2050 3620 2167 3665 ante

577 3687 725 3756 pedes
753 3688 1113 3755 apostolorum.
1146 3691 1195 3743 1.
1240 3688 1329 3742 Vir
1358 3700 1523 3746 autem
1548 3696 1761 3764 quidam
1796 3700 1997 3752 nomine
2022 3701 2162 3754 Ana-

579 3780 711 3841 nias,
744 3795 856 3831 cum
888 3778 1147 3849 Sapphira
1178 3797 1334 3835 uxore
1362 3800 1453 3836 sua
1474 3826 1489 3851 ,
1517 3787 1735 3840 vendidit
1764 3792 2162 3859 possessionem,

577 3868 631 3923 2.
663 3878 706 3922 et
737 3869 989 3938 fraudavit
1016 3870 1077 3922 de
1098 3872 1277 3937 pretio,
1311 3876 1510 3927 conscia
1535 3892 1692 3931 uxore
1717 3896 1845 3933 sua:
1876 3891 1920 3933 et
1949 3881 2166 3946 aﬁ'erens

577 3971 770 4031 partem
799 3963 1068 4029 quamdam
1092 4005 1107 4027 ,
1136 3964 1202 4016 ad
1244 3966 1393 4033 pedes
1438 3971 1782 4037 apostolorum
1814 3975 1997 4041 posuit.
2032 3975 2163 4029 Illud

574 4067 735 4121 grave
760 4062 872 4105 erat
895 4094 909 4116 ,
939 4052 1080 4121 quod
1122 4064 1306 4109 mutuo
1333 4071 1595 4112 consensu
1629 4060 1731 4115 ltoe
1765 4060 2000 4118 facerent
2042 4081 2163 4135 pec-

576 4143 926 4208 catutn,nullo
951 4144 1055 4196 alio
1082 4148 1318 4199 conscio.
1353 4145 1507 4204 Unde
1535 4152 1695 4205 subiit
1723 4154 1923 4209 misero
1954 4156 2052 4212 ltoc
2081 4158 2161 4211 fa-

576 4233 741 4286 cere?
790 4234 840 4287 5.
885 4232 1023 4288 Dixit
1068 4246 1232 4289 autem
1279 4236 1459 4292 Petrus
1496 4256 1515 4294 :
1542 4242 1761 4309 Anania,
1806 4262 1896 4298 cur
1940 4248 2162 4317 implevit

578 4322 799 4378 Satanas
819 4339 905 4375 cor
930 4332 1090 4388 tuum,
1110 4329 1308 4380 mentiri
1332 4339 1377 4381 te
1404 4330 1623 4399 Spiritui
1646 4346 1839 4399 sancto,
1863 4348 1908 4391 et
1922 4341 2162 4407 fraudare

576 4415 638 4468 de
684 4417 841 4481 pretio
882 4418 1032 4486 agri?
1072 4418 1203 4473 Vide
1234 4422 1392 4474 etiam
1434 4440 1572 4478 nunc
1612 4426 1819 4493 signum
1867 4448 2114 4501 magnum
2142 4478 2156 4503 ,

576 4508 849 4570 multoque
893 4508 1064 4576 majus
1096 4511 1290 4577 priore.
1320 4514 1373 4566 4.
1420 4513 1604 4570 Nonne
1634 4536 1839 4573 manens
1869 4524 1957 4576 tibi
1986 4542 2160 4582 mane-

576 4596 680 4648 bat:
706 4604 751 4647 et
778 4599 1130 4651 venumdatam
1156 4601 1209 4651 in
1235 4611 1320 4653 tua
1345 4614 1450 4655 erat
1485 4612 1763 4673 potestate?
1792 4612 1901 4666 Hoc
1929 4626 2010 4669 est
2033 4659 2048 4685 ,
2078 4622 2157 4674 An

577 4686 865 4739 necessitas
892 4697 946 4740 et
973 4689 1220 4743 violentia
1246 4694 1493 4761 qua-dam
1519 4702 1670 4751 erat?
1696 4718 1823 4756 num
1846 4720 1937 4760 vos
1968 4709 2157 4765 invitos

578 4775 879 4829 trahimus?
908 4777 1075 4841 Quare
1104 4785 1314 4849 posuisti
1339 4786 1388 4837 in
1415 4788 1565 4841 corde
1593 4800 1677 4843 tuo
1708 4794 1838 4847 hanc
1867 4801 2007 4853 rem?
2037 4800 2156 4857 Non

574 4882 627 4917 es
655 4866 884 4919 mentitus
910 4867 1213 4939 hominibus,
1241 4875 1326 4926 sed
1352 4875 1479 4929 Deo.
1506 4880 1557 4933 5.
1582 4882 1800 4937 Audiens
1828 4899 1993 4943 autent
2020 4894 2158 4946 Ana-

575 4957 685 5007 nias
712 4956 818 5010 hcec
844 4957 1007 5021 verba,
1032 4962 1207 5013 cecidit
1228 4973 1273 5015 et
1302 4968 1591 5036 exspiravit.
1619 4972 1802 5029 Viden’
1823 4980 1960 5033 unde
1989 4985 2158 5053 majus

572 5052 783 5119 signum
815 5052 953 5104 hoc?
984 5051 1133 5120 Quod
1164 5057 1408 5122 occidat,
1442 5064 1581 5130 qttod
1614 5080 1672 5119 ea
1699 5110 1713 5133 ,
1746 5085 1863 5138 qnze
1896 5074 1945 5125 in
1979 5051 2158 5133 mente

573 5151 626 5195 et
654 5155 771 5208 quae
802 5141 939 5195 Clam
977 5142 1110 5198 facta
1140 5159 1281 5213 sunt,
1312 5156 1557 5209 noscat‘.
1599 5157 1662 5211 Et
1701 5165 1867 5232 [actus
1902 5179 1973 5221 est
2009 5173 2157 5228 timor

575 5248 784 5299 magnus
826 5248 977 5300 super
1014 5251 1183 5291 omnes
1222 5245 1310 5308 qui
1346 5246 1633 5304 audierunt.
1668 5252 1719 5306 6.
1756 5254 2031 5329 Surgentes
2060 5284 2156 5321 an-

576 5333 670 5375 tem
700 5322 906 5388 juvenes
927 5366 942 5390 ,
976 5342 1264 5382 amaverunt
1290 5348 1403 5385 eum
1422 5375 1435 5396 ,
1464 5348 1513 5389 et
1543 5341 1803 5406 e/ferentes
1832 5354 2153 5419 sepelierunt.

573 5408 625 5461 7.
662 5409 871 5466 Factum
909 5426 980 5471 est
1009 5430 1175 5473 autem
1202 5425 1345 5487 quasi
1375 5427 1522 5482 trium
1552 5432 1789 5491 horarum
1822 5408 2077 5514 spatium,
2111 5464 2156 5506 et

573 5514 701 5554 uxor
726 5503 880 5571 ipsius
903 5547 919 5573 ,
947 5511 1167 5566 nesciens
1196 5516 1329 5582 quod
1366 5517 1561 5589 factum
1587 5527 1753 5595 fuerat
1774 5571 1789 5600 ,
1823 5503 2076 5593 introivit:
2100 5543 2153 5598 8.

639 5644 804 5731 :T‘res
835 5662 949 5731 mss.
986 5651 1204 5731 ltab'entl,
1316 5655 1623 5731 glexpiravit:
1652 5679 1668 5708 ι
1699 5666 1799 5714 Hoc
1827 5665 2012 5731 signum
2046 5683 2147 5718 nta-

582 5711 746 5795 ]usmesl
772 5709 1017 5795 sarmtiqite
1038 5714 1224 5795 (λιιιιιίιὲ2
1260 5709 1439 5795 scilicfi
1468 5709 2146 5795 occidisse—cl

583 5778 689 5825 qua:
710 5778 927 5824 tumente
949 5773 1153 5827 latebant
1182 5785 1224 5830 ct
1247 5782 1367 5829 ctam
1389 5779 1513 5843 facta
1537 5773 1692 5837 erant.

2277 2513 2417 2567 Dixit
2443 2525 2607 2570 autem
2638 2518 2681 2571 ei
2719 2516 2902 2574 Petrus
2927 2537 2944 2575 :
2968 2521 3061 2576 Dic
3088 2524 3209 2577 mihi
3258 2526 3301 2579 si
3331 2527 3458 2580 tanti
3487 2544 3665 2599 agrum
3696 2532 3876 2585 vendi-

2278 2604 2463 2657 distis?
2494 2605 2640 2661 llanc
2666 2608 2871 2663 Volebat
2901 2625 3119 2668 servare
3143 2631 3156 2669 :
3183 2614 3272 2668 ille
3301 2630 3531 2687 namque
3560 2620 3661 2673 dux
3694 2619 3878 2678 fuerat

2279 2700 2502 2765 peccati.
2536 2699 2605 2753 Et
2654 2702 2773 2757 ideo
2812 2703 3035 2761 fortasse
3069 2707 3160 2761 dat
3201 2708 3275 2763 illi
3324 2719 3531 2781 tempus
3569 2716 3634 2768 ad
3682 2715 3874 2771 defen-

2274 2790 2515 2857 sionem,
2564 2802 2617 2847 et
2663 2795 2989 2863 poenitentiae
3036 2798 3359 2857 facultatem.
3402 2803 3527 2859 Ideo
3571 2807 3733 2873 dicit,
3770 2808 3874 2864 Dic

2274 2882 2399 2934 mihi
2441 2884 2485 2937 si
2524 2886 2650 2938 tanti
2690 2904 2870 2957 agrum
2899 2891 3195 2947 vendidistis
3214 2893 3241 2946 Ρ
3269 2895 3331 2948 At
3372 2897 3461 2949 illa
3492 2898 3618 2951 dixit
3643 2915 3661 2954 :
3692 2899 3873 2956 Etiam

2275 2974 2421 3025 tanti.
2454 2975 2504 3029 9.
2542 2975 2725 3029 Petrus
2769 2990 2937 3034 autem
2972 2982 3039 3035 ad
3080 3000 3187 3037 eam
3216 3003 3233 3038 :
3263 2988 3398 3051 Quid
3437 2991 3608 3059 utique
3633 2996 3873 3049 convenit

2274 3063 2411 3118 vobis
2435 3072 2623 3119 tentare
2649 3068 2900 3138 Spiritum
2926 3077 3197 3131 sanctum?
3224 3075 3354 3132 Ecce
3382 3081 3533 3149 pedes
3558 3099 3755 3149 eorum,
3777 3087 3872 3155 qui

2274 3158 2578 3223 sepelierunt
2610 3160 2771 3215 virum
2800 3174 2938 3217 tuum
2964 3205 2979 3231 ,
3010 3168 3077 3219 ad
3108 3172 3327 3237 ostium,
3359 3183 3404 3226 et
3431 3173 3637 3241 ederent
3672 3190 3738 3233 te.
3773 3181 3865 3237 10.

2274 3246 2463 3302 Cecidit
2483 3261 2648 3304 autem
2675 3256 2840 3307 statim
2863 3258 2931 3309 ad
2950 3260 3100 3327 pedes
3127 3262 3253 3330 ejus,
3278 3274 3322 3317 et
3343 3267 3633 3335 exspiravit.
3663 3269 3875 3327 Intran-

2272 3348 2345 3393 tes
2369 3353 2533 3396 autem
2554 3346 2768 3414 juvenes
2796 3348 3089 3405 invenerunt
3112 3354 3255 3407 illam
3286 3368 3534 3412 mortuam
3554 3402 3568 3425 ,
3601 3373 3646 3415 et
3677 3364 3871 3419 elutam

2271 3432 2570 3498 sepelierunt
2604 3436 2759 3504 juxta
2798 3439 2958 3492 virum
2998 3460 3163 3497 suum.
3210 3447 3297 3499 11.
3326 3448 3392 3501 Et
3418 3450 3582 3518 factus
3612 3464 3684 3507 est
3714 3458 3872 3510 timor

2272 3536 2483 3591 magnus
2508 3526 2559 3577 in
2587 3528 2821 3582 universa
2848 3528 3095 3600 Ecclesia,
3127 3545 3173 3588 et
3200 3554 3351 3606 super
3377 3555 3548 3609 omnes
3572 3546 3660 3611 qui
3686 3548 3873 3602 audie-

2269 3625 2389 3667 runt
2428 3616 2553 3669 lucc.
2586 3619 2712 3673 Post
2752 3621 2995 3686 timorem
3030 3626 3174 3681 illum
3207 3629 3359 3697 plura
3390 3632 3539 3702 signa
3572 3635 3817 3693 fecerunt
3852 3660 3865 3693 :

2272 3714 2324 3757 et
2345 3707 2481 3773 quod
2516 3708 2756 3777 fecerint,
2787 3714 2932 3768 audi.
2965 3717 3050 3770 19..
3083 3717 3185 3772 Per
3205 3738 3385 3775 manus
3412 3734 3577 3778 autem
3599 3732 3868 3793 apostolo-

2271 3811 2385 3847 rum
2412 3798 2593 3864 ]iebant
2623 3802 2767 3870 signa
2792 3814 2836 3855 et
2866 3808 3097 3877 prodigia
3127 3812 3287 3865 multa
3327 3814 3379 3867 in
3421 3815 3577 3884 plebe.
3614 3818 3681 3871 Et
3718 3834 3869 3875 erant

2271 3892 2572 3944 unanimiter
2598 3910 2767 3949 omnes
2796 3897 2849 3951 in
2875 3902 3067 3968 porticu
3094 3902 3385 3961 Salomonis
3409 3925 3427 3965 .'
3451 3910 3535 3965 15.
3564 3922 3867 3968 εαίρνονηυο

2268 3988 2436 4031 autem
2466 3997 2610 4035 nemo
2636 3986 2851 4040 audebat
2878 4006 2932 4042 se
2958 3994 3264 4065 coniungere
3288 3999 3421 4065 illis;
3447 4003 3536 4055 sed
3562 4009 3866 4075 magni/ira-

2267 4066 2351 4120 bat
2376 4086 2459 4123 eos
2487 4074 2722 4141 populus.
2747 4077 2872 4133 lure
2899 4102 2910 4135 :
2940 4082 3125 4139 Petrus
3148 4088 3289 4141 enim
3309 4090 3418 4158 jam
3444 4066 3697 4151 terribilis
3718 4066 3861 4167 erat,

2271 4162 2514 4225 puniens,
2542 4172 2597 4217 et
2624 4181 2743 4235 quae
2770 4169 2821 4223 in
2852 4182 3029 4227 mente
3056 4188 3210 4230 erant
3237 4180 3561 4252 redarguens
3590 4204 3601 4239 :
3628 4190 3711 4241 cui
3745 4207 3867 4245 ma-

2268 4250 2347 4317 gis
2380 4250 2670 4321 ltrercbant,
2703 4268 2757 4311 et
2786 4271 3003 4330 propter
3030 4266 3236 4335 signum
3255 4312 3269 4338 ,
3298 4281 3349 4327 et
3379 4250 3595 4345 promer
3622 4282 3861 4349 priorem

2267 4342 2598 4407 concionem,
2629 4361 2691 4401 :tc
2717 4352 3006 4408 secundam
3035 4358 3367 4430 tertiamque.
3400 4342 3517 4435 Ipse
3546 4342 3776 4442 namque
3804 4385 3865 4432 et

2266 4433 2493 4498 primum
2522 4435 2726 4505 signum
2761 4439 2975 4510 fecerat,
3009 4456 3061 4501 et
3087 4451 3378 4506 secundum
3398 4433 3490 4521 ,_et
3523 4458 3622 4513 hoc
3652 4464 3817 4519 etiam
3840 4507 3858 4533 ,

2265 4523 2403 4590 quod
2433 4525 2637 4581 videtur
2660 4530 2789 4584 mihi
2818 4549 2921 4588 non
2950 4552 3134 4605 unum,
3162 4544 3253 4597 sed
3280 4544 3475 4615 duplex
3504 4565 3657 4618 esse;
3688 4571 3858 4613 Unum

2264 4617 2499 4685 quidem,
2519 4635 2578 4674 ea
2601 4638 2716 4691 qua:
2740 4626 2791 4679 in
2816 4639 2991 4685 mente
3014 4644 3166 4686 erant
3188 4636 3535 4709 redarguere;
3556 4648 3853 4706 secundum

2263 4717 2470 4771 autem,
2518 4713 2666 4779 jussu
2696 4718 2961 4775 occidere.
2994 4724 3077 4777 14.
3115 4725 3281 4797 Magis
3324 4742 3490 4787 autem
3536 4743 3857 4811 augebatur,

2264 4796 2470 4866 inquit,
2516 4803 2821 4860 credentium
2864 4810 2915 4863 in
2962 4806 3181 4871 Domino
3228 4823 3492 4879 multitudo
3534 4831 3755 4886 virorum
3792 4853 3860 4890 ac

2264 4889 2549 4952 mulierum,
2586 4894 2669 4949 15.
2708 4897 2778 4948 ita
2824 4910 2877 4951 ut
2916 4902 2965 4954 in
3009 4906 3201 4971 plateas
3240 4912 3474 4979 ejicerent
3504 4918 3733 4987 inﬁrmos
3758 4965 3773 4987 ,
3807 4936 3858 4980 et

2266 4992 2502 5046 ponerent
2529 4986 2579 5037 in
2610 4987 2807 5042 lectulis
2834 5007 2893 5043 ac
2924 4995 3145 5061 grabatis
3166 5041 3178 5061 ,
3208 5013 3260 5054 ut
3290 5009 3515 5061 veniente
3545 5007 3714 5077 Petro,
3744 5019 3858 5072 δαι-

2265 5080 2359 5123 tem
2402 5076 2577 5129 umbra
2620 5079 2757 5133 illius
2796 5083 3110 5143 obumbraret
3140 5110 3436 5165 quamquam
3476 5076 3707 5160 illorum.
3738 5109 3859 5170 "nc

2264 5162 2316 5216 in
2355 5166 2568 5221 Christo
2614 5186 2717 5225 non
2761 5172 2953 5231 factum
3000 5192 3081 5235 est
3122 5204 3133 5236 :
3170 5188 3311 5243 unde
3353 5192 3532 5249 videre
3579 5210 3659 5253 est
3708 5179 3861 5261 nunc

2264 5269 2422 5322 Opere
2452 5261 2775 5328 completum
2819 5265 2867 5320 id
2894 5310 2907 5332 ,
2946 5273 3085 5339 quod
3136 5275 3221 5330 ille
3257 5278 3481 5337 dixerat.
3524 5286 3805 5354 Quodnam
3835 5298 3862 5349 ’ἓ

2266 5345 2363 5410 Qui
2390 5350 2543 5403 credit
2574 5352 2625 5404 in
2654 5371 2757 5420 nte,
2790 5374 2942 5426 Opera
2971 5381 3082 5431 qua:
3107 5384 3195 5437 ego
3227 5372 3357 5439 facio
3385 5385 3427 5429 et
3453 5378 3559 5446 ipse
3590 5384 3779 5451 faciet,
3810 5401 3863 5441 et

2261 5440 2457 5508 majora
2486 5442 2667 5497 horum
2694 5450 2841 5517 faciet
2873 5452 2890 5522 (
2915 5453 3071 5510 Joan.
3110 5460 3172 5514 H
3228 5463 3290 5515 12
3313 5466 3353 5534 ).
3389 5440 3482 5522 16..
3508 5440 3860 5531 Concurrebat

2260 5538 2425 5583 autem
2452 5540 2497 5585 et
2528 5534 2795 5594 multitudo
2819 5544 3096 5601 vicinarum
3126 5552 3380 5611 civitatum
3404 5558 3694 5619 Jerusalem
3716 5610 3730 5633 ,
3765 5572 3855 5637 af-

2261 5622 2471 5689 ferentes
2512 5642 2673 5697 wgros
2714 5643 2761 5686 et
2804 5650 3006 5695 vexatos
3048 5660 3079 5696 a
3120 5648 3377 5714 spiritibus
3422 5654 3730 5726 immundis,
3763 5683 3795 5735 ιι

2268 5716 2459 5735 --μμ-ι-.
2490 5726 2501 5735 ι

2259 5716 2567 5771 curabuntur
2590 5738 2777 5781 omnes.

2341 5804 2455 5862 Vita
2499 5810 2853 5882 Apostolorum
2898 5839 2959 5880 ea:
3002 5832 3266 5890 contrariis
3319 5840 3671 5901 contuebatur

3805 5674 3859 5726 αἱ

3724 5869 3864 5924 quo-
