4088 6326
674 435 772 487 101

659 547 754 601 τοῦ
777 544 1090 614 Πνεύματος
1119 543 1343 597 κάθοδον
1360 560 1374 573 ο
1403 542 1562 594 πάλιν
1597 541 1803 611 ἀθυμία
1827 538 1913 591 διὰ
1937 536 2061 596 τοὺς
2087 532 2240 602 χλευ-

661 630 911 694 άζοντας,
939 625 1059 680 εἶτα
1091 626 1326 694 εὐθυμία
1358 625 1445 676 διά
1487 623 1610 686 τοὺς
1653 622 1878 683 πιστοὺς
1913 618 2007 671 καὶ
2049 617 2111 668 τδ
2147 631 2241 682 ση-

619 687 638 718 ’ί
668 687 838 782 μεῖον·
859 687 1024 764 πάλιν
1040 687 1242 777 ἀθυμία
1259 707 1346 759 διά
1360 707 1420 758 16
1437 705 1854 775 κατασχεθῆναι,
1874 698 1990 754 εἶτα
2006 697 2239 782 εὐθυμία

655 780 746 848 διὰ
763 794 860 862 τῆς
876 789 1184 858 ἀπολογίας.
1203 788 1373 842 Πάλιν
1389 787 1622 840 ἐνταῦθα
1641 789 1734 840 καὶ
1753 783 1986 850 εὐθυμία
2002 781 2095 833 καὶ
2110 780 2240 832 ἀθυ-

659 877 781 947 μία.
806 876 926 928 Ὀτι
958 874 1055 942 μὲν
1083 873 1192 943 γάρ
1217 867 1355 941 ἦσαν
1373 882 1397 910 ι
1428 870 1688 938 λαμπροὶ,
1717 869 1811 921 καὶ
1839 868 1868 918 6
1895 865 2026 925 Θεὸς
2056 862 2242 947 αὐτοῖς

657 945 1025 1024 ἀπεκάλυψεν,
1067 953 1332 1024 εὐθυμία’
1370 953 1450 1005 ὅτι
1489 951 1547 1005 δὲ
1589 952 1718 1013 τοὺς
1765 948 1944 1002 αὐτῶν
1981 945 2239 1016 ἀνῄρουν,

660 1039 888 1108 ἀθυμία.
917 1037 1086 1090 Πάλιν
1118 1035 1350 1105 εὐθυμία
1380 1035 1486 1088 ἀπὸ
1514 1037 1613 1104 τῆς
1638 1033 2046 1102 λαμπρότητος
2078 1026 2240 1079 πάλιν

659 1121 868 1190 ἀθυμία
906 1121 1014 1172 ἀπὸ
1058 1119 1149 1172 τοῦ
1200 1119 1522 1189 ἀρχιερέως.
1566 1117 1673 1168 Καὶ
1705 1115 1878 1168 διόλου
1928 1113 2085 1165 τοῦτο
2119 1126 2243 1162 σκοη
2295 1161 2299 1165 .

660 1205 948 1274 πουμένοις
981 1203 1105 1254 ἰδεῖν
1137 1200 1359 1253 δυνατόν
1379 1219 1391 1231 ·
1425 1201 1518 1253 καὶ
1543 1201 1634 1252 ἐπὶ
1663 1200 1770 1251 τῶν
1805 1196 2045 1251 παλαιῶν
2069 1194 2126 1247 δὲ
2153 1192 2243 1246 οὖ-

658 1305 765 1348 τως
794 1287 942 1356 εὖροι
988 1303 1070 1348 τις
1103 1285 1167 1338 ἄν
1191 1285 1239 1338 1³.
1267 1285 1492 1354 Ἷδωμεν
1521 1284 1578 1336 δέ
1617 1283 1820 1338 ἀνωθεν
1853 1283 1921 1336 τά
1953 1280 2238 1350 εἰρημένα.

671 1367 992 1432 Ἑπώλουν,
1022 1367 1189 1438 φησὶ,
1230 1367 1326 1420 καί
1360 1368 1576 1436 ἔφερον
1611 1367 1716 1432 τὰς
1753 1366 1940 1433 τιμὰς,
1984 1363 2082 1416 καί
2121 1363 2242 1417 ἐτί-

655 1456 807 1506 θουν
829 1452 989 1519 παρὰ
1019 1451 1158 1515 τοὺς
1188 1449 1376 1516 πόδας
1405 1450 1523 1503 τῶν
1548 1451 1927 1503 ἀποστόλων.
1955 1448 2098 1521 Ὀρα
2129 1464 2240 1517 μοι,

656 1534 930 1603 ἀγαπητὴ
967 1533 1082 1595 πῶς
1105 1534 1167 1585 οὐ
1200 1535 1312 1595 τοῖς
1336 1532 1652 1595 ἀποστόλοις
1681 1532 1982 1600 ἐπέτρεπον
2017 1529 2239 1592 πωλεῖν,

658 1616 773 1666 ἀλλ’
796 1615 950 1667 αὐτοὶ
978 1615 1240 1678 ἐπώλουν,
1271 1616 1364 1666 καὶ
1397 1615 1494 1678 τάς
1520 1614 1686 1684 τιμὰς
1716 1613 1945 1674 ἐκείνοις
1970 1613 2234 1664 ἐδίδοσαν.

671 1699 809 1750 Ἀλλ’
848 1700 944 1768 οὐχ
989 1697 1161 1760 οὕτως
1187 1686 1225 1748 δ’
1253 1698 1520 1762 Ἁνανίας,
1550 1696 1666 1749 ἀλλ’
1704 1696 2016 1768 ὐφαιρεῖταί
2045 1713 2098 1747 τι
2142 1695 2244 1764 τῆς

657 1782 826 1851 τιμῆς
855 1775 916 1833 οὗ
949 1781 1180 1834 ἀπέδοτο
1204 1779 1374 1849 ἀγροῦ
1396 1795 1410 1810 '
1439 1779 1518 1832 διὸ
1546 1778 1658 1850 [98]
1694 1781 1786 1832 καὶ
1816 1781 2140 1848 τιμωρεῖται
2167 1778 2243 1840 ὡς

656 1865 718 1917 16
749 1865 980 1933 πρᾶγμα
1028 1863 1102 1932 μὴ
1148 1862 1326 1923 καλῶς
1366 1861 1716 1931 διαθέμενος,
1759 1862 1852 1914 καὶ
1898 1861 2147 1914 κλέπτων
2175 1859 2244 1911 τά

655 1947 851 1998 ἑαυτοῦ
903 1944 1195 2015 φωραθείς.
1237 1937 1404 2007 Οὗτος
1436 1945 1530 1996 καὶ
1561 1943 1670 1996 τῶν
1712 1944 1806 1996 νῦν
1848 1945 2035 2014 ἱερέων
2067 1943 2242 2013 ἥψατο

655 2033 685 2083 6
713 2030 890 2097 λόγος,
925 2028 1020 2082 καὶ
1053 2027 1256 2097 σφόδρα
1285 2027 1426 2080 κατά
1466 2027 1686 2096 κράτος.
1735 2028 1886 2079 Ἐπεὶ
1922 2026 1980 2078 δέ
2025 2025 2242 2096 συνῄδει

655 2113 734 2183 τῷ
761 2111 1040 2182 γενομένῳ
1065 2110 1159 2163 καὶ
1184 2112 1218 2182 ή
1248 2109 1434 2163 τούτου
1463 2108 1620 2180 γυνή,
1650 2109 1738 2161 διά
1766 2109 1923 2161 τοῦτο
1951 2109 2045 2162 καί⁵
2073 2109 2242 2180 αὐτὴν

661 2196 927 2262 ἐξετάζει.

733 2277 797 2345 β’.
833 2276 969 2328 Ἀλλ’
994 2277 1124 2339 ἴσως
1149 2275 1291 2328 εἴποι
1327 2294 1410 2340 τις
1432 2276 1518 2343 ἂν,
1541 2276 1621 2328 ὅτι
1644 2275 1848 2346 σφόδρα
1874 2275 2087 2345 πικρῶς
2104 2275 2242 2346 αὐτῇ

659 2360 950 2430 ἐχρήσατο.
981 2359 1046 2410 Τί
1067 2359 1282 2426 λέγειςς
1315 2358 1435 2410 εἰπέ
1471 2375 1582 2426 μοι,
1613 2359 1738 2410 ποία
1764 2359 1989 2428 πικρίας
2021 2357 2083 2410 Εἰ
2113 2358 2245 2423 ξύλα

657 2458 741 2503 τις
770 2441 1026 2506 συλλέξας
1050 2440 1427 2502 καταλεύεται,
1453 2440 1632 2510 πολλῷ
1664 2439 1863 2509 μᾶλλον
1884 2443 1912 2492 6
1937 2439 2211 2509 ἱερόσυλος
2227 2458 2239 2468 ·

659 2524 950 2577 καὶταῦτα
977 2523 1086 2594 γὰρ
1112 2521 1231 2592 ἱερά
1256 2521 1441 2576 λοιπὸν
1471 2518 1538 2593 ἦν
1570 2525 1642 2576 τά
1671 2525 1944 2593 χρήματα.
1975 2523 2184 2576 Οὐκοῦν
2215 2526 2244 2576 6

659 2606 910 2674 ἐλόμενος
949 2606 1016 2658 τά
1051 2604 1214 2657 αὐτοῦ
1249 2604 1498 2672 πωλῆσαι
1544 2605 1638 2658 καὶ
1670 2605 1957 2670 διαδοῦναι,
1989 2601 2106 2658 εἶτα
2151 2606 2243 2657 λα-

661 2689 792 2752 ϐὼν,
829 2689 1102 2757 ἱερόσυλος
1140 2688 1204 2740 ἂν
1238 2687 1344 2756 εἴη.
1378 2688 1442 2740 Εἰ
1473 2688 1528 2740 δέ
1554 2691 1582 2740 6
1615 2691 1679 2741 ἐκ
1707 2689 1814 2741 τῶν
1841 2687 2006 2742 αὐτοῦ
2039 2688 2240 2753 λαϐὼν,

664 2772 970 2844 ίερόσυλος,
1008 2769 1186 2840 πολλῷ
1232 2770 1431 2840 μᾶλλον
1477 2771 1505 2821 6
1537 2773 1598 2822 ἐκ
1644 2771 1751 2823 τῶν
1795 2771 2112 2841 ἀλλοτρίων.
2151 2773 2242 2842 Μὴ

659 2858 787 2926 7&9,
827 2853 1009 2923 ἐπειδὴ
1045 2851 1138 2904 νῦν
1171 2853 1245 2922 μὴ
1274 2853 1480 2919 γίνεται
1517 2852 1692 2915 τοῦτο,
1736 2854 1830 2904 καὶ
1875 2853 2064 2904 ἕπεται
2094 2853 2243 2921 παρά

659 2937 827 2998 πόδας
867 2937 900 3006 ὴ
941 2934 1182 2998 κόλασις,
1232 2933 1488 3003 νομίσητε
1532 2934 1844 3002 ἀτιμωρητὶ
1886 2933 2057 2985 ταῦτα
2095 2935 2242 3001 γίνε-

662 3019 806 3072 σθαι.
842 3017 1023 3088 Ὁρᾷς,
1057 3017 1138 3068 ὅτι
1164 3016 1321 3068 τοῦτο
1354 3015 1687 3083 ἐγκαλεῖται,
1719 3017 1799 3068 ὅτι
1839 3017 2068 3087 ποιήσας
2101 3017 2241 3069 αὐτά

663 3101 780 3171 ἱερά
827 3103 1113 3171 χρήματα,
1156 3098 1276 3150 τότε
1313 3098 1512 3162 ἔλαϐες
1562 3096 1653 3167 Μὴ
1699 3097 1808 3167 γὰρ
1849 3099 1949 3150 οὐκ
1986 3099 2241 3166 ήδύνασο,

664 3184 818 3254 φησὶ,
859 3183 955 3235 καὶ
991 3181 1128 3252 μετὰ
1158 3181 1216 3232 16
1261 3181 1511 3248 πωλῆσαι
1543 3179 1681 3231 αὐτά
1718 3180 1792 3241 ὡς
1824 3179 1974 3242 ἰδίοις
2002 3182 2245 3251 ἀποχρή-

663 3265 893 3331 σασθαις
932 3265 1004 3334 μή
1047 3263 1155 3333 γὰρ
1195 3263 1497 3334 ἐκωλύθηςς
1539 3263 1626 3314 διά
1662 3263 1713 3315 τί
1749 3262 1888 3331 μετά
1918 3264 1978 3316 τὸ
2013 3264 2244 3334 ὑποσχέ⁴

663 3347 786 3401 σθαι
817 3347 1141 3417 λαμϐάνειςς
1169 3346 1331 3415 Ὅρα,
1362 3347 1479 3408 πῶς
1501 3347 1704 3408 εὐθέως
1731 3347 1789 3409 ἐξ
1822 3347 1996 3418 ἀρχῆς
2018 3349 2243 3401 ἐπέθετο

661 3433 690 3485 6
722 3431 964 3495 διάϐολος
1000 3429 1200 3499 μεταξὺ
1252 3430 1493 3498 σημείων
1537 3430 1844 3499 γενομένων
1894 3433 1989 3484 καὶ
2027 3432 2241 3501 θαυμάο

662 3530 770 3566 των
801 3512 1102 3565 τοσούτωνο
1152 3511 1348 3580 μᾶλλον
1377 3512 1432 3562 δέ
1467 3511 1584 3573 πῶς
1633 3513 1724 3564 καὶ
1758 3506 1909 3576 οὗτος
1944 3515 2033 3565 ὑπ’
2076 3514 2243 3570 αὐτοῦ

664 3595 955 3666 ἐπωρώθη.
984 3594 1232 3645 Τοιοῦτόν
1261 3611 1312 3645 τι
1341 3595 1433 3646 καί
1463 3597 1520 3647 ἐν
1546 3597 1610 3665 τῇ
1646 3596 1855 3664 Παλαιᾷ
1887 3597 2130 3664 γέγονεν,
2155 3599 2242 3649 ὅτε

665 3682 694 3732 6
725 3678 910 3749 Χαρμί
937 3677 998 3728 16
1029 3677 1285 3744 ἀνάθημα
1314 3677 1515 3745 κλέψας
1549 3679 1719 3731 ἐάλω·
1750 3680 1864 3731 ἀλλ’
1891 3681 2040 3749 ὅμως
2074 3682 2243 3748 ἔγνως

668 3763 762 3814 καὶ
799 3763 913 3813 ἐκεῖ
955 3758 1072 3817 μεθ’
1112 3760 1243 3828 ὅσης
1291 3759 1529 3822 ἐκδικίας
1562 3761 1843 3832 διωρθώθη
1877 3762 1937 3814 τὸ
1988 3767 2240 3835 πρᾶγμα.

678 3841 974 3913 Ἱερθσυλία
1000 3842 1108 3911 γὰρ
1132 3840 1333 3912 σφόδρα
1354 3842 1609 3911 χαλεπὸν,
1632 3845 1905 3913 ἀγαπητέ,
1927 3849 2017 3898 καὶ
2045 3846 2244 3916 πολλῆς

667 3927 835 3996 γέμον
864 3926 1344 3994 καταφρονήσεως.
1372 3925 1507 3976 Οὐτε
1539 3927 1786 3996 πωλῆσαι
1824 3930 2243 4001 ἠναγκάσαμεν,

577 4053 580 4058 .
669 4010 855 4078 φησιν,
884 4005 1006 4059 οὐτε
1039 4006 1363 4074 πωλήσαντα
1384 4008 1563 4060 δοῦναι
1590 4012 1656 4062 τὰ
1683 4013 1966 4082 χρήματαο
2005 4015 2068 4066 σὺ
2097 4015 2243 4067 εἵλου

668 4091 727 4156 ἐξ
763 4091 970 4151 οἰκείας
1001 4089 1399 4158 προαιρέσεως·
1435 4092 1486 4142 τί
1524 4093 1702 4144 τοίνυν
1733 4094 1961 4162 ἔκλεψας
2001 4095 2108 4149 ἀπὺ
2135 4097 2245 4149 τῶν

670 4173 828 4242 ἱερῶν
876 4173 1206 4242 χρημάτωνς
1240 4173 1342 4226 Διὰ
1381 4174 1438 4225 τί
1470 4175 1808 4242 ἐπλήρωσε,
1850 4179 2034 4249 φησὶν,
2063 4183 2095 4232 ό
2133 4184 2243 4233 Σα-

668 4257 853 4322 τανᾶς
882 4255 996 4322 τὴν
1037 4254 1287 4322 καρδίαν
1319 4271 1470 4319 σους
1511 4261 1617 4312 Καὶ
1664 4262 1711 4312 εἰ
1752 4263 1779 4313 6
1818 4263 2061 4325 Σατανᾶς
2091 4262 2247 4315 τοῦτο

670 4339 913 4407 ἐποίησε,
957 4338 1008 4388 τί
1043 4338 1204 4399 αὐτὸς
1249 4340 1590 4406 ἐγκαλεῖταις
1642 4345 1822 4405 Αἴτιος
1857 4345 2046 4411 γέγονε
2093 4346 2247 4411 δεξά-

675 4433 831 4484 μενος
886 4415 1046 4467 αὐτοῦ
1089 4419 1186 4488 τὴν
1233 4423 1530 4490 ἐνέργειαν.
1586 4423 1681 4474 καὶ
1735 4423 2063 4491 πληρωθείς.
2110 4425 2245 4476 Ἀλλ’

671 4498 774 4550 ἔδει
803 4498 1109 4569 διορθῶσαι,
1138 4502 1317 4570 φησίν.
1355 4503 1491 4554 Ἀλλ’
1520 4505 1619 4555 οὐκ
1648 4503 1713 4556 ἂν
1737 4505 2016 4576 διωρθώθη
2039 4523 2052 4536 ·
2085 4509 2111 4559 6
2139 4507 2246 4577 7&9

670 4582 894 4632 τοιαῦτα
917 4581 1061 4649 όρῶν
1086 4585 1178 4634 καὶ
1207 4585 1282 4653 μὴ
1314 4584 1600 4653 κερδάνας,
1636 4586 1813 4655 πολλῷ
1839 4588 2035 4655 μᾶλλον
2055 4590 2154 4641 οὐκ
2180 4591 2246 4641 ἂν

669 4663 872 4732 ἑτέρως
914 4664 1220 4734 ἐκέρδανεν.
1253 4668 1365 4718 Οὐκ
1398 4667 1502 4717 ἔδει
1532 4668 1708 4720 τοίνυν
1739 4670 1924 4731 ἁπλῶς
1959 4671 2247 4740 παρελθεῖν

670 4746 732 4797 16
768 4746 1011 4812 γεγονὸς,
1047 4746 1159 4798 ἀλλ’
1194 4749 1268 4810 ὼς
1302 4749 1570 4818 σηπεδόνα
1608 4750 1729 4801 τινά
1768 4753 2132 4821 ἐκτμηθῆναι,
2165 4755 2247 4804 ἵνα

677 4827 752 4896 μή
787 4829 864 4898 τῷ
891 4829 1061 4899 λοιπῷ
1105 4829 1410 4901 λυμήνηται
1450 4831 1682 4900 σώματι.
1723 4833 1838 4886 Νῦν
1877 4835 1975 4904 μὲν
2013 4836 2119 4906 γάρ
2155 4836 2249 4888 καὶ

671 4906 826 4971 οὗτος
848 4912 1120 4981 ὠφέληται
1156 4914 1227 4982 μὴ
1259 4913 1536 4984 προελθὼν
1566 4917 1876 4988 περαιτέρω
1907 4920 2125 4982 κακίας.
2155 4920 2249 4972 καὶ

673 4996 722 5044 οἱ
756 4992 929 5044 λοιποὶ
961 4995 1363 5065 σπουδαιότεροι
1394 4997 1706 5067 γενόμενον
1745 5001 1865 5053 τότε
1897 5002 1953 5053 δέ
1991 5002 2058 5055 ἂν
2088 5005 2246 5055 τούν-

673 5075 855 5127 αντίον
883 5076 1098 5145 συνέϐη.
1137 5077 1234 5129 Διά
1267 5077 1422 5129 τοῦτο
1455 5082 1669 5149 πρῶτον
1716 5083 1946 5151 ἐλέγχει,
1975 5086 2067 5136 καὶ
2093 5096 2113 5122 ε
2148 5086 2250 5137 δεὶ-

673 5175 879 5222 κνυσιν,
912 5160 994 5210 ὅτι
1039 5160 1138 5211 οὐκ
1171 5159 1360 5212 ἔλαθεν
1408 5163 1568 5214 αὑτὸν
1608 5165 1667 5215 16
1699 5167 1945 5232 γεγονὸς,
1982 5168 2077 5219 καὶ
2126 5169 2248 5219 τότε

675 5241 1040 5304 καταδικάζει.
1076 5243 1176 5294 Διά
1210 5244 1266 5294 τί
1299 5244 1428 5314 γάρ,
1461 5247 1614 5314 φησὶ,
1649 5247 1824 5299 τοῦτο
1871 5251 2248 5317 πεποίηκαςς

675 5324 862 5393 ήθελες
886 5325 1060 5395 ἔχεινς
1099 5327 1243 5378 Ἔδει
1277 5328 1418 5397 ἔχειν
1459 5331 1515 5394 ἐξ
1551 5331 1743 5401 ἀρχῆς.
1785 5334 1878 5384 καὶ
1911 5334 1985 5404 μὴ
2018 5336 2247 5404 ὑποσχέ-

677 5406 825 5459 σθαι·
861 5409 954 5460 νύν
984 5411 1040 5462 δέ
1072 5409 1251 5462 λαϐὼν
1289 5413 1424 5479 μετά
1454 5413 1514 5462 τὸ
1545 5414 1857 5480 ἀναθέσθαι,
1892 5417 2116 5485 μείζονα
2149 5420 2248 5487 τὴν

680 5492 975 5561 ἱεροσυλίαν
1013 5494 1270 5562 εἰργάσω.
1315 5495 1372 5546 Ὀ
1405 5496 1501 5563 μὲν
1530 5496 1635 5564 γὰρ
1667 5498 1733 5549 τά
1764 5499 1870 5550 τῶν
1904 5501 2079 5553 ἀλλων
2112 5501 2249 5568 λαμ-

675 5571 871 5636 ϐάνων,
903 5576 1031 5637 ἴσως
1064 5577 1356 5646 ἀλλοτρίων
1386 5578 1727 5648 ἐπιθυμήσας
1757 5581 2022 5650 λαμϐάνει
2044 5601 2057 5613 ·
2086 5586 2167 5636 σοὶ
2191 5585 2246 5636 δὲ

676 5654 801 5723 ἐξῆν
830 5655 972 5724 ἔχειν
997 5660 1063 5711 τὰ
1097 5660 1182 5712 σά.
1214 5660 1278 5711 Τί
1307 5661 1486 5713 τοίνυν
1521 5663 1782 5731 ἐποίησας
1809 5668 1948 5718 αὐτά
1984 5668 2123 5737 ἰερά,
2154 5670 2248 5722 κα)⁵

674 5739 793 5790 τότε
841 5740 1028 5804 ἔλαϐες
1057 5742 1119 5807 ἀς
1171 5743 1302 5795 Ἀπὸ
1350 5745 1548 5815 πολλῆς
1597 5753 2052 5820 καταφρονήσεως
2092 5752 2251 5804 τοῦτο

740 5840 763 5867 ⁸
808 5843 901 5890 Αἷὶἱ
925 5843 997 5890 ὅτι
1022 5844 1103 5904 μὲν
1136 5845 1215 5892 οὖν
1238 5845 1377 5902 ἦσαν.
1444 5848 1470 5886 b
1497 5849 1631 5896 Unus
1654 5851 1760 5898 cod.
1795 5855 1874 5899 καὶ
1911 5856 1970 5901 δι’
2016 5859 2127 5903 ὅλου
2167 5858 2249 5902 οὖ-

678 5915 768 5972 ξωε
810 5905 906 5952 ἶδοι
929 5920 998 5972 τις
1038 5906 1112 5961 ἀν,
1138 5910 1217 5972 καὶ
1254 5909 1453 5972 ἐπὶτῶν
1489 5915 1703 5958 παλαιῶν
1745 5916 1893 5968 οὕτως
1929 5920 2021 5963 ἰδοι
2067 5936 2136 5972 τις
2174 5922 2244 5964 ἀν.

682 5963 711 6069 ἓ
731 5961 850 6036 Ττςε
873 5965 1011 6034 ςοάιὶ.
1036 5970 1224 6025 συνέϐη.
1263 5971 1488 6032 Δεύτερον
1523 5973 1700 6034 ἐλέγχει
1745 5978 1841 6024 καί.
1881 5961 1893 5968 “
1913 5961 2250 6044 ἀγίὶιλριήιιέἒξαέ

713 6038 758 6069 ες
778 6037 913 6069 αντα.

713 6038 758 6076 ες
778 6037 913 6074 αντα.

1385 426 1443 480 S.
1483 421 1766 480 JOANNIS
1801 402 2288 477 CHRYSOSTOMI
2329 410 2644 466 ARCIIIEP.
2687 404 3232 464 I'IONSTAN'I'LR‘UP.

3832 405 3938 460 109.

2350 530 2676 598 πεποίηκας.
2702 529 2814 580 Οὐκ
2843 527 2953 596 ἔχει
2986 526 3047 576 τὸ
3075 523 3364 593 γενόμενον
3395 523 3752 595 συγγνώμην,
3781 523 3938 585 ἐκτός

2349 615 2496 664 ἐστιν
2526 610 2847 677 ἀπολογίας.

2415 701 2619 773 Μηδεὶς
2651 702 2709 754 δέ
2761 699 3221 762 σκανδαλιζέσθω,
3251 700 3303 752 εἰ
3330 717 3474 761 τινες
3507 699 3603 752 καὶ
3657 697 3755 752 νῦν
3801 698 3940 750 εἰσιν

2344 785 2632 854 ἱερόσυλοι.
2676 785 2737 836 Εἰ
2792 786 2902 854 γὰρ
2939 785 3061 836 τότε
3103 778 3265 852 ἦσαν,
3333 782 3512 852 πολλῷ
3565 782 3771 853 μᾶλλον
3821 779 3936 843 νῦν,

2341 869 2430 922 ὅτε
2458 867 2628 920 πολλά
2653 866 2720 920 τὰ
2746 865 2912 919 κακά.
2952 866 3091 918 Ἀλλ’
3117 867 3427 934 ἐλέγχωμεν
3451 867 3649 928 αὐτοὺς
3679 867 3773 917 ἐπὶ
3804 864 3941 918 πάν-

2341 970 2472 1016 των,
2503 953 2590 1003 ἴνα
2615 951 2707 1003 καὶ
2736 953 2784 1002 οί
2810 948 2989 1002 λοιποὶ
3016 947 3182 1017 φόϐον
3211 949 3427 1017 ἔχωσιν.
3464 949 3524 1002 '0
3557 949 3761 1012 Ἰούδας
3795 947 3940 1018 ἱερό-

2345 1035 2503 1098 συλος
2530 1031 2626 1104 ἦν·
2660 1033 2774 1087 ἀλλ’
2801 1033 2900 1086 οὐκ
2942 1032 3293 1085 ἐσκανδάλισε
3319 1031 3478 1084 τοῦτο
3504 1033 3630 1094 τοὺς
3659 1031 3938 1101 μαθητάς.

2353 1117 2537 1187 Ὁρᾷς,
2565 1117 2665 1169 ὅσα
2696 1116 2844 1169 κακά
2885 1118 2919 1185 ή
2955 1115 3064 1167 τῶν
3104 1115 3406 1184 χρημάτων
3451 1112 3725 1183 ἐπιθυμία
3763 1116 3941 1176 ποιεῖς

2341 1200 2452 1253 Καὶ
2499 1199 2760 1264 ἐγένετο,
2788 1199 2941 1268 φησὶ,
2971 1199 3157 1267 φόϐος
3182 1197 3372 1266 μέγας
3411 1197 3525 1270 [99]
3573 1197 3674 1251 ἐπὶ
3706 1196 3944 1263 πάντας

2343 1283 2485 1346 τοὺς
2532 1283 2869 1347 ἀκούοντας
2905 1281 3113 1335 ταῦτα.
3154 1281 3391 1343 Ἐκεῖνος
3445 1281 3768 1352 ἐτιμωρήθη
3793 1322 3807 1342 ,
3847 1281 3943 1333 καὶ

2344 1365 2495 1418 ἄλλοι
2523 1364 2838 1435 ἐκέρδαναν.
2867 1365 3033 1417 Ὥστε
3076 1364 3176 1434 οὐχ
3212 1362 3398 1426 ἁπλῶς
3428 1361 3588 1415 τοῦτο
3632 1365 3941 1432 οἰκονομεῖ-

2345 1466 2469 1501 ται·
2504 1447 2680 1502 καίτοι
2717 1447 2774 1500 δέ
2809 1449 3051 1518 σημείων
3085 1446 3260 1500 ἀλλων
3293 1446 3561 1517 πρότερον
3604 1446 3939 1516 γενομένων,

2343 1533 2494 1600 ὅμως
2535 1532 2635 1584 οὐκ
2681 1527 2750 1601 ἦν
2797 1531 2960 1599 φόϐος
3011 1530 3273 1593 τοιοῦτος.
3307 1531 3495 1592 Οὖτως
3541 1529 3742 1601 ἀληθές
3794 1532 3944 1581 ἐστιν

2342 1615 2539 1677 ἐκεῖνο,
2564 1615 2646 1666 ὅτι
2681 1615 2721 1666 Γ
2727 1613 3013 1666 ινώσκεται
3050 1613 3255 1683 Κύριος
3286 1612 3532 1683 κρίματα
3562 1612 3752 1665 ποιῶν.
3784 1611 3944 1664 Οὕτω

2344 1699 2439 1750 καὶ⁸
2475 1697 2566 1750 ἐπὶ
2591 1699 2689 1768 τῆς
2717 1697 2954 1750 κιϐωτοῦ
2981 1697 3232 1765 γέγονεν·
3267 1695 3429 1756 Ὀζᾶν
3457 1695 3816 1765 ἐτιμωρήθη,
3843 1696 3942 1748 καί

2349 1781 2588 1850 ἐγένετο
2621 1781 2746 1848 τοῖς
2796 1781 3012 1847 ἄλλοις
3064 1783 3268 1850 φόϐος.
3312 1778 3454 1832 Ἀλλ’
3480 1781 3598 1832 ἐκεῖ
3630 1780 3729 1849 μὲν
3761 1778 3943 1847 (9061;-

2348 1866 2462 1930 θεὶς
2499 1867 2528 1919 6
2568 1866 2820 1936 βασιλεὺς
2865 1864 3127 1918 ἀπώσατο
3169 1864 3265 1934 τὴν
3299 1862 3564 1916 κιϐωτόν·
3599 1861 3838 1916 ἐνταῦθα
3883 1862 3945 1914 δέ

2341 1944 2488 2002 οὗτοι
2524 1949 2723 2019 μᾶλλον
2753 1946 3250 2017 προσεκτικώτεροι
3301 1946 3564 2014 γίνονται.
3608 1941 3786 2010 Εἶδες,
3823 1944 3944 2006 πῶς

2341 2031 2444 2084 οὐκ
2488 2031 2714 2084 ἐκάλεσε
2750 2028 2918 2082 αὐτὸν
2958 2030 2987 2081 6
3022 2029 3262 2101 Πέτρος,
3297 2028 3412 2081 ἀλλ’
3463 2028 3748 2099 ἀνέμεινεν
3794 2026 3941 2079 ὥστε

2341 2113 2635 2167 εἰσελθεῖν·
2667 2113 2788 2167 οὐδὲ
2820 2112 2928 2165 τῶν
2963 2111 3141 2167 ἄλλων
3164 2131 3249 2177 τις
3278 2111 3580 2183 ἐτόλμησεν
3611 2111 3852 2177 ἐξειπεῖν
3883 2109 3947 2163 16

2345 2199 2590 2266 γεγονός.
2658 2197 2835 2250 Τοῦτο
2918 2197 3083 2265 φόϐος
3131 2196 3453 2251 διδασκάλου
3479 2237 3494 2261 ,
3565 2194 3724 2248 τοῦτο
3805 2195 3944 2265 τιμή

2348 2280 2630 2351 μαθητῶν,
2672 2279 2831 2332 τοῦτο
2880 2280 3118 2351 ὑπακοή.
3170 2280 3352 2348 Τριῶν
3393 2276 3562 2347 ὡρῶν
3613 2275 3944 2346 διάστημα.

2345 2365 2457 2417 Καὶ
2485 2363 2584 2416 οὐκ
2618 2363 2816 2434 ἔμαθεν
2847 2364 2880 2433 ή
2909 2363 3070 2433 γυνὴ,
3102 2363 3223 2416 οὐδέ
3253 2361 3435 2428 ἐξεῖπέ
3474 2377 3560 2424 τις
3596 2360 3705 2413 τῶν
3737 2361 3948 2430 παρόν-

2343 2462 2473 2508 των,
2510 2446 2685 2498 καίτοι
2727 2462 2790 2512 γε
2823 2446 3007 2498 ἱκανὸν
3031 2443 3099 2516 ἦν
3126 2444 3449 2515 ἐξηχθῆναν
3485 2443 3599 2496 ἀλλ’
3624 2442 3942 2512 ἐφοϐοῦντο.

2344 2527 2516 2580 Τοῦτο
2549 2527 2680 2595 γοῦν
2719 2528 2813 2580 καὶ
2856 2527 3152 2598 θαυμάζων
3191 2529 3219 2578 6
3255 2527 3610 2598 συγγραφεὺς
3646 2525 3822 2593 λέγει,
3859 2527 3949 2579 ὃτι

2344 2610 2440 2674 Μὴ
2478 2611 2671 2664 εἰδυῖα
2719 2611 2786 2663 τὸ
2830 2612 3099 2680 γεγονὸς,
3146 2611 3418 2678 εἰσῆλθε.
3466 2609 3665 2662 Καίτοι
3711 2626 3780 2677 γε
3833 2609 3951 2662 ἀπὸ

2343 2692 2535 2746 τούτου
2569 2693 2698 2762 ἐνῆν
2741 2695 2950 2764 μαθεῖν,
2982 2697 3066 2747 ὅτι
3105 2691 3213 2748 οἶδε
3251 2693 3321 2747 τὰ
3363 2691 3714 2746 λανθάνοντα.
3754 2691 3858 2744 Διά
3895 2692 3949 2744 τί

2344 2776 2454 2845 γάρ
2493 2777 2695 2846 μηδένα
2734 2778 3043 2848 ἐρωτήσας,
3094 2771 3238 2846 ὑμᾶς
3273 2776 3488 2847 ἐρωτᾷς
3523 2775 3595 2827 Ἦ
3643 2775 3825 2844 δῆλον,
3862 2775 3949 2829 ὅτι

2343 2859 2418 2920 ὡς
2449 2859 2640 2924 εἰδώς;
2677 2859 2818 2910 Ἀλλ’
2853 2863 2886 2928 ή
2922 2858 3094 2928 πολλή
3125 2858 3383 2929 πώρωσις
3413 2858 3514 2909 οὐκ
3545 2858 3727 2909 εῐασεν
3770 2857 3951 2928 αὐτὴν

2342 2940 2404 2992 τὸ
2448 2941 2700 3012 ἔγκλημα
2748 2942 3162 3004 ἀποδύσασθαι,
3215 2941 3351 2994 ἀλλά
3405 2939 3545 3011 μετὰ
3597 2940 3895 3003 αὐθαδείας
3925 2954 3950 2979 ο

2339 3025 2542 3104 πολλῆς
2598 3026 2996 3096 ἀποκρίνεται’
3048 3023 3269 3093 ἐνόμιζε
3307 3023 3413 3094 γάρ
3462 3023 3600 3093 πρὸς
3649 3023 3951 3093 ἄνθρωπον

2341 3111 2705 3178 διαλέγεσθαι.
2735 3113 2808 3164 T6
2841 3111 3014 3164 δεινὸν
3042 3110 3221 3177 τοῦτο,
3246 3111 3328 3163 ὅτι
3361 3110 3436 3173 ὼς
3481 3112 3546 3164 ἐκ
3583 3112 3712 3180 μιᾶς
3743 3111 3955 3181 βουλῆς

2343 3196 2437 3248 ἐπὶ
2482 3196 2582 3265 τὴν
2623 3195 2899 3267 ἁμαρτίαν
2949 3191 3134 3266 ἦλθον,
3185 3194 3219 3264 ἢ
3254 3193 3445 3262 ῶσπερ
3499 3194 3608 3248 ἀπὸ
3661 3195 3951 3264 συνθήκης

2344 3279 2504 3342 τινός.
2545 3280 2605 3332 Τί
2659 3279 2747 3332 ὅτι
2797 3278 3198 3346 συνεφωνήθη
3237 3277 3400 3344 ὑμῖν,
3443 3278 3613 3346 φησὶ,
3659 3276 3953 3344 πειρᾶσαι

2343 3360 2412 3412 τὸ
2450 3361 2690 3429 Πνεῦμα
2725 3362 2790 3413 τὸ
2825 3361 3034 3430 ἅγιον-ς
3078 3359 3223 3412 Ἰδοὺ
3260 3363 3314 3412 οι
3345 3359 3530 3423 πόδες
3559 3358 3680 3411 τῶν
3709 3360 3953 3427 ﬂow-dr-

2349 3460 2468 3496 των
2517 3445 2624 3496 τὸν
2672 3443 2862 3509 ἄνδρα
2919 3459 3038 3496 σου
3087 3441 3185 3493 ἐπὶ
3239 3442 3358 3508 τὴν
3399 3443 3609 3508 θύραν,
3645 3443 3741 3495 καί
3785 3443 3953 3507 ἐξοί-

2343 3529 2528 3578 σουσι
2567 3541 2658 3579 σε.
2693 3527 2961 3596 Πρότερον
2995 3526 3162 3594 αὐτὴν
3201 3524 3439 3576 διδάσκει
3470 3524 3530 3576 τὸ
3561 3523 3580 3562 ί
3613 3525 3950 3595 ἁμάρτημα,

2345 3611 2438 3661 καὶ
2475 3609 2594 3661 τότε
2627 3611 2920 3671 δείκνυσιν,
2949 3609 3030 3661 ὅτι
3063 3607 3288 3670 δικαίως
3315 3607 3382 3660 τὰ
3408 3608 3548 3660 αὐτὰ
3583 3608 3841 3662 πείσεται
3868 3610 3954 3678 τῷ

2344 3692 2528 3763 ἀνδρί·
2560 3692 2747 3762 ἐπειδὴ
2780 3693 2872 3744 καὶ
2911 3692 2981 3744 τά
3023 3692 3163 3744 αὐτά
3191 3692 3427 3762 ἥμαρτε.
3462 3692 3571 3743 Καὶ
3607 3693 3746 3754 πῶς,
3782 3695 3951 3763 φησὶ,

2343 3776 2712 3844 Παραχρῆμα
2747 3776 2930 3829 ἔπεσε
2980 3777 3140 3843 παρὰ
3175 3775 3317 3839 τοὺς
3349 3775 3541 3838 πόδας
3586 3776 3805 3840 αὑτοῦ,
3846 3778 3952 3830 καὶ

2344 3858 2676 3925 ἐξέψυξενς
2701 3858 2824 3911 Ὀτι
2857 3859 3082 3928 πλησίον
3109 3859 3372 3928 εἱστήκει.
3401 3857 3588 3920 Οὕτως
3618 3859 3776 3909 αὐτοὶ
3822 3861 3952 3912 καθ’

2344 3941 2555 3995 ἑαυτῶν
2590 3942 2686 4010 τὴν
2719 3943 2986 4012 τιμωρίαν
3035 3943 3434 3994 ἐπεσπάσαντο.
3478 3942 3574 4004 Τίς
3619 3942 3810 3995 λοιπὸν
3845 3946 3953 3997 οὐκ

2347 4023 2414 4077 ἂν
2447 4023 2759 4093 ἐξεπλάγης
2802 4024 2886 4085 τίς
2929 4025 3029 4076 οὐκ
3061 4023 3126 4075 ἀν
3157 4023 3328 4075 ἔδεισε
3363 4025 3453 4075 τὸν
3483 4025 3828 4090 ἀπόστολονς
3861 4029 3952 4090 τίς

2344 4108 2444 4158 οὐκ
2467 4107 2532 4159 ἂν
2573 4105 2845 4175 ἐθαύμασε
2875 4123 2889 4170 ς
2917 4106 3026 4158 Καὶ
3062 4101 3224 4175 ἦσαν
3263 4109 3288 4146 ⁸
3319 4107 3716 4175 ὁμοθυμαδὸν,
3748 4110 3950 4180 φησὶν,

2347 4189 2613 4252 ἅπαντες
2640 4189 2710 4240 ἐν
2748 4187 2821 4255 τῇ
2860 4189 3012 4255 στοᾷ
3044 4188 3449 4258 Σολομῶντος.
3487 4190 3582 4243 Ἐκ
3617 4190 3815 4244 τούτου
3849 4193 3950 4263 δῆ-

2346 4271 2458 4335 λον,
2507 4275 2586 4324 ὅτι
2636 4273 2735 4323 οὐκ
2769 4275 2825 4323 ἐν
2857 4273 3025 4340 οἰκίᾳ,
3057 4271 3192 4324 ἀλλὰ
3243 4272 3304 4324 16
3341 4273 3484 4342 ἱερὸν
3533 4273 3951 4338 καταλαϐόντες

2348 4357 2463 4406 ἐκεῖ
2492 4354 2755 4423 διέτριϐον
2777 4371 2790 4383 ·
2823 4353 2944 4406 οὔτε
2981 4354 3083 4423 μὴν
3112 4354 3294 4406 λοιπὸν
3317 4357 3640 4425 ἀκαθάρτων
3664 4359 3950 4413 ἅπτεσθαι

2347 4436 2734 4504 ἐφυλάττοντο,
2766 4435 2880 4488 ἀλλ’
2908 4436 3094 4498 ἁπλῶς
3129 4438 3362 4506 ἥπτοντο
3410 4439 3518 4490 τῶν
3563 4439 3796 4509 νεκρῶν.
3832 4444 3951 4496 Καὶ

2347 4520 2482 4588 ὅρα,
2525 4519 2643 4582 πῶς
2679 4521 2736 4572 ἐν
2779 4519 2877 4588 μὲν
2923 4524 3034 4582 τοῖς
3082 4523 3304 4583 οἰκείοις
3354 4524 3460 4574 εἰσί
3507 4523 3748 4592 σφοδροὶ,
3788 4527 3851 4577 ἐν
3887 4527 3949 4578 δὲ

2348 4605 2457 4666 τοῖς
2508 4602 2811 4672 ἀλλοτρίοις
2848 4603 2906 4654 οὐ
2952 4604 3247 4673 κέχρηνται
3288 4607 3352 4674 τῇ
3395 4605 3642 4672 δυνάμει.
3678 4605 3952 4662 Μᾶλλον

2348 4687 2446 4750 δὲ,
2483 4689 2648 4756 φησὶ,
2698 4688 3120 4752 προσετίθεντο
3177 4689 3563 4743 πιστεύοντες
3608 4689 3688 4753 τῷ
3738 4693 3954 4759 Κυρίῳ

2349 4770 2549 4837 πλήθη
2578 4769 2814 4836 ἀνδρῶν
2847 4787 2911 4820 τε
2936 4772 3034 4822 καὶ
3081 4769 3407 4837 γυναικῶν·
3437 4771 3594 4824 ὥστε
3632 4775 3786 4828 κατὰ
3831 4777 3951 4843 τὰς

2349 4855 2635 4916 πλατείας
2673 4851 2893 4905 τιθέναι
2939 4853 3080 4916 τοὺς
3114 4853 3391 4919 ἀσθενεῖς
3415 4855 3513 4906 ἐπὶ
3563 4855 3795 4909 κλινῶν
3837 4863 3949 4913 καὶ

2349 4936 2706 5002 κραϐϐἀτων,
2758 4935 2856 4988 ἵνα
2907 4935 3234 5003 ἐρχομένου
3285 4937 3508 5005 Πέτρου
3536 4940 3652 4992 κᾶν
3705 4941 3744 5008 ἠ
3791 4946 3952 4997 σκιὰ

2346 5023 2674 5090 ἐπισκιάσῃ
2708 5023 2828 5075 τινὶ
2859 5023 3078 5076 αὐτῶν.

2419 5113 2484 5172 γ’.
2508 5106 2682 5175 Πολλὴ
2709 5105 2817 5157 τῶν
2861 5107 3194 5176 προσιόντων
3244 5110 3276 5178 ὴ
3308 5108 3507 5177 πίστις,
3539 5111 3632 5164 καὶ
3661 5112 3876 5180 μείζων
3912 5119 3949 5187 ἢ

2350 5191 2444 5242 ἐπὶ
2468 5190 2560 5242 τοῦ
2590 5188 2849 5258 Χριστού.
2895 5189 3065 5242 Πόθεν
3095 5191 3156 5260 δὴ
3178 5193 3334 5244 τοῦτο
3365 5194 3620 5261 γέγονενς
3648 5197 3786 5250 Ἀπὸ
3845 5200 3951 5251 τοῦ

2347 5273 2438 5324 τὸν
2460 5273 2694 5341 Χριστὸν
2714 5272 3094 5342 ἀποφήνασθαι
3126 5276 3220 5326 καὶ
3275 5277 3471 5328 εἰπεῖν·
3526 5277 3590 5329 '0
3627 5283 3954 5334 πιστεύων

2347 5357 2432 5419 εἰς
2463 5355 2588 5422 ἐμὲ,
2611 5356 2682 5407 τὰ
2697 5356 2862 5421 ἔργα,
2885 5354 2921 5406 ἁ
2941 5354 3053 5421 ἐγὼ
3087 5357 3249 5422 ποιῶ,
3283 5358 3542 5424 ποιήσει,
3574 5362 3670 5414 καὶ
3691 5363 3954 5430 μείζονα

2351 5439 2603 5502 ποιήσει,
2633 5438 2916 5490 Μενόντων
2929 5439 3034 5508 γὰρ
3053 5440 3231 5493 αὐτῶν
3246 5444 3363 5494 ἐκεῖ
3387 5446 3480 5495 καὶ
3496 5445 3557 5496 οὐ
3589 5443 3950 5516 περιιόντων,

2348 5519 2540 5588 ἔφερον
2584 5519 2782 5581 πάντες
2834 5520 2925 5571 ἐπὶ
2963 5521 3069 5573 τῶν
3122 5523 3318 5576 κλινῶν
3356 5529 3448 5579 καὶ
3487 5527 3819 5597 κραϐϐἀτων
3847 5533 3955 5598 οὓς

2349 5597 2492 5671 εἶχον
2551 5602 2816 5666 ἀσθενεῖς,
2862 5603 2954 5655 καὶ
3001 5606 3266 5659 πάντοθεν
3319 5609 3502 5673 αὐτοῖς
3561 5615 3836 5682 συνήγετο

2351 5693 2552 5762 θαῦμα.
2577 5693 2683 5745 ἀπὸ
2709 5694 2814 5745 τῶν
2843 5697 3270 5763 πιστευσάντων,
3295 5701 3402 5753 ἀπὸ
3436 5703 3542 5756 τῶν
3567 5702 3958 5773 θεραπευθένι

2420 5927 2441 5951 ε
2468 5917 2563 5966 Alii
2588 5916 2868 6025 παξρησίας.

2422 5980 2559 6025 fAlil
2581 5995 2640 6025 πρ
2677 5994 2806 6025 τεοον
2828 5995 2868 6024 ατ

2390 5980 2439 6055 ’ἵ
2465 5981 2566 6052 ᾼΗι
2581 5979 2806 6056 πρότερον
2827 5979 2972 6056 αὐτῆς
2993 5981 3202 6029 παιδεύει
3221 5982 3293 6031 τό.
3361 5985 3387 6024 8
3424 5984 3524 6036 Am
3557 5985 3800 6049 ἐθαύμασε
3823 6005 3841 6054 ;
3866 5997 3958 6052 τίς

2356 6043 2444 6089 οὐκ
2467 6043 2522 6086 ἀν
2548 6043 2780 6100 ἐφοσήθω
2825 6043 2918 6087 Καὶ
2941 6043 3085 6100 ἦσαν.
