4078 6318
198 454 283 503 Ιω
1302 438 1365 493 ικ
1405 433 1582 491 ACTA
1627 425 2151 485 APOSTOLORUM.
2191 424 2424 480 unum.
2470 424 2581 480 XN.

191 567 357 619 modo.
384 594 458 604 --
486 562 568 631 'l‘u
598 574 730 616 vero
759 558 887 615 mihi
916 554 1220 620 considera,
1248 549 1522 623 quomodo
1555 555 1664 602 tota
1691 545 1799 599 vita

190 657 291 711 illis
316 671 384 711 ex
415 652 708 710 contrariis
740 660 1080 705 contexatur.
1106 646 1305 700 Maeror
1337 641 1543 712 primus
1571 637 1671 692 fuit
1698 651 1789 691 as-

189 747 428 818 sumptio
473 743 714 808 Christi;
747 740 943 796 deinde
977 737 1163 793 laztitia
1196 750 1291 807 per
1316 732 1549 803 Spiritus
1574 729 1801 785 descen-

188 854 304 893 sum
332 855 349 903 ;
384 851 578 892 rursus
619 847 824 891 mceror
849 832 920 887 ob
949 832 1201 885 irrisores
1245 846 1259 882 :
1287 826 1485 882 deinde
1515 822 1695 879 laetitia
1734 835 1802 875 ex

190 931 444 987 ﬁdelibus
470 939 525 985 et
549 944 616 984 ex
638 930 826 996 signo;
866 925 1059 980 iterum
1084 935 1305 985 maeror,
1328 917 1470 989 quod
1492 914 1801 987 apprehen-

189 1024 494 1086 derentur;
523 1022 650 1076 hinc
674 1020 858 1075 laetitia
899 1033 999 1088 per
1037 1015 1336 1088 apologiam
1365 1027 1541 1068 suam.
1568 1010 1801 1064 Rursum

188 1114 273 1170 hic
317 1114 510 1170 latitia
540 1123 596 1168 et
633 1127 855 1167 maeror.
884 1109 1017 1164 Nam
1054 1107 1196 1179 quod
1223 1103 1496 1174 conspicui
1540 1108 1723 1156 essent
1749 1108 1804 1154 et

190 1207 283 1264 Dei
314 1206 745 1263 revelationibus
769 1203 1099 1267 fruerentur,
1127 1200 1310 1255 laetitia
1328 1208 1445 1255 erat
1469 1214 1483 1263 ;
1512 1195 1652 1267 quod
1672 1208 1801 1248 vero

188 1300 352 1355 etiam
395 1311 528 1353 suos
590 1296 936 1360 occiderent,
982 1292 1259 1348 mmstitia.
1294 1291 1494 1345 lterum
1524 1288 1706 1342 laetitia
1732 1302 1800 1342 ex

188 1389 505 1460 splendore,
540 1388 847 1456 iterumque
870 1400 1076 1439 mceror
1099 1398 1129 1438 a
1160 1381 1404 1453 principe
1428 1377 1793 1434 sacerdotum.

190 1480 257 1536 Et
277 1479 602 1549 bocubique
627 1474 1020 1532 considerando
1038 1473 1220 1529 videre
1239 1484 1523 1542 possumus
1545 1487 1559 1523 :
1580 1468 1630 1523 id
1656 1468 1800 1538 quod

190 1574 352 1628 etiam
375 1571 519 1643 apud
546 1578 760 1625 veteres
788 1568 1027 1625 invenire
1047 1574 1148 1621 est.
1175 1564 1375 1620 Verum
1393 1564 1505 1633 jam
1534 1576 1696 1631 supra
1719 1560 1802 1615 di-

191 1677 273 1721 cta
300 1676 640 1735 repetamus.
682 1660 997 1727 Vendebant,
1024 1658 1215 1729 inquit,
1246 1667 1292 1712 et
1307 1656 1587 1725 a/I'erebant
1614 1654 1797 1727 pretia,

192 1769 235 1814 et
278 1759 542 1828 ponebant
587 1764 706 1810 ante
747 1755 900 1825 pedes
948 1753 1318 1823 apostolorum.
1376 1750 1530 1815 Vide,
1580 1748 1796 1815 dilecte,

191 1849 464 1921 quomodo
507 1864 616 1902 non
662 1847 1037 1917 permitterent
1084 1844 1359 1913 apostolos
1403 1841 1671 1904 vendere;
1703 1840 1798 1896 sed

193 1941 288 2011 ipsi
316 1939 641 2004 venderent,
672 1947 728 1993 et
753 1937 863 1991 illis
881 1935 1051 2006 pretia
1077 1933 1291 1990 darent.
1314 1936 1387 1988 At
1413 1949 1518 1988 non
1546 1934 1625 1987 sic
1648 1935 1797 1987 Ana-

193 2034 337 2093 nias;
381 2031 482 2086 sed
523 2028 795 2086 subtrahit
842 2026 1042 2097 aliquid
1090 2026 1159 2082 de
1206 2026 1379 2096 pretio
1438 2026 1549 2095 agri
1576 2066 1591 2090 ,
1636 2039 1795 2094 quem

190 2123 540 2189 vendiderat;
595 2122 823 2191 ideoque
872 2120 1111 2191 punitur,
1167 2126 1353 2187 utpote
1396 2117 1487 2187 qui
1529 2131 1642 2170 rem
1689 2130 1796 2170 non

190 2218 323 2273 bene
348 2224 587 2286 gereret,
614 2224 670 2270 et
692 2229 787 2269 sua
814 2212 981 2268 furari
1007 2210 1529 2281 deprehenderetur.
1553 2210 1652 2264 llic
1668 2224 1795 2279 per-

188 2310 534 2381 stringuntur
556 2307 904 2373 sacerdotes,
931 2315 987 2361 et
1013 2305 1230 2376 quidem
1262 2306 1631 2360 vehementer.
1661 2305 1794 2370 Quia

190 2417 319 2457 vero
362 2415 504 2455 uxor
530 2399 650 2468 ejus
674 2399 754 2454 rei
798 2397 1015 2454 conscia
1046 2405 1200 2463 erat;
1246 2396 1369 2452 ideo
1406 2396 1549 2451 illam
1580 2411 1796 2467 quoque

188 2496 483 2551 examinat.

251 2588 309 2640 2.
342 2589 413 2641 At
461 2586 669 2640 dixerit
693 2585 927 2641 fortasse
951 2584 1221 2655 quispiam
1245 2625 1261 2650 ,
1294 2583 1640 2638 acerbissime
1668 2598 1791 2639 cum

186 2680 270 2735 illa
291 2690 477 2734 actum
503 2695 647 2734 esse.
672 2677 1227 2748 Quid,quteso,dicis‘l
1255 2692 1375 2747 qua:
1400 2678 1666 2732 acerbitas
1692 2676 1793 2733 ?Si

186 2772 247 2839 is,
276 2772 368 2842 qui
402 2771 545 2841 ligna
574 2769 793 2841 collegit
814 2768 869 2822 in
898 2767 1145 2833 sabbato,
1179 2767 1446 2839 lapidatur
1477 2766 1669 2837 (Nunt.
1701 2768 1789 2824 15.

186 2864 318 2933 35).
357 2864 533 2919 multo
563 2864 733 2935 magis
760 2863 851 2932 qui
876 2876 1029 2916 sacra
1052 2861 1237 2932 diripit
1267 2880 1281 2915 :
1314 2863 1515 2917 etenim
1550 2864 1791 2931 pecunia:

187 2958 287 3012 illa:
311 2958 426 3026 jam
458 2971 629 3012 sacrm
670 2965 844 3011 erant.
885 2955 1071 3025 itaque
1110 2955 1200 3025 qui
1230 2956 1399 3010 voluit
1424 2970 1521 3010 sua
1551 2957 1791 3012 vendere

186 3058 238 3103 et
256 3047 390 3103 dare
415 3088 432 3114 ,
462 3047 767 3118 deindeque
804 3046 1063 3116 subripit,
1098 3047 1389 3117 sacrilegus
1418 3057 1565 3103 certe
1607 3047 1786 3103 fuerit.

187 3138 244 3195 Si
274 3154 406 3195 vero
430 3140 499 3205 is,
532 3140 625 3208 qui
655 3154 720 3193 ex
748 3140 857 3193 suis
881 3138 1134 3206 subripit,
1164 3139 1458 3207 sacrilegus
1485 3146 1589 3205 est,
1621 3138 1791 3196 multo

187 3232 351 3303 magis
378 3233 426 3286 is
451 3273 468 3295 ,
500 3232 592 3301 qui
633 3246 701 3286 ex
731 3231 945 3286 alienis.
984 3230 1062 3285 Ne
1096 3231 1292 3300 putetis
1322 3232 1468 3286 enim
1489 3272 1504 3296 ,
1530 3232 1652 3301 quia
1679 3233 1787 3302 iam

186 3338 288 3377 non
330 3322 403 3376 ita
447 3322 529 3388 lit,
580 3337 679 3377 nec
726 3324 905 3377 statim
950 3322 1195 3393 sequitur
1234 3323 1385 3389 ultio,
1418 3322 1535 3379 haec
1574 3325 1789 3394 impune

185 3415 311 3471 fore.
335 3415 533 3469 Viden‘
566 3414 669 3470 hoc
721 3416 776 3470 in
818 3416 1022 3470 crimen
1072 3416 1289 3483 vocari,
1320 3416 1461 3486 quod
1502 3432 1623 3492 cum
1670 3417 1788 3471 illas

186 3510 440 3578 pecunias
484 3523 669 3564 sacras
697 3510 952 3574 fecisset,
984 3509 1053 3565 de
1084 3510 1189 3565 illis
1214 3510 1520 3580 subripiat?
1550 3512 1743 3566 Annon
1770 3553 1785 3577 ,

185 3598 382 3668 inquit,
418 3608 639 3668 poteras
680 3599 787 3654 illis
832 3598 1093 3665 venditis,
1128 3609 1186 3653 ut
1231 3602 1462 3670 pr0priis
1492 3602 1615 3656 uzi?
1661 3618 1786 3656 num

185 3690 483 3760 prohibitus
526 3693 629 3745 es?
671 3707 769 3745 cur
812 3692 1068 3762 subripis,
1118 3703 1401 3762 postquam
1452 3695 1789 3763 promisisti?

186 3780 331 3849 Vide,
361 3782 641 3852 quomodo
671 3782 852 3837 statim
882 3798 913 3837 a
943 3783 1207 3853 principio
1235 3798 1356 3838 sese
1386 3784 1640 3838 immittat
1668 3786 1786 3838 dia-

185 3873 334 3929 bolus
378 3875 528 3929 inter
572 3875 724 3944 signa
755 3868 809 3929 et
837 3874 1096 3929 miracula
1140 3883 1328 3938 tanta;
1360 3875 1469 3929 imo
1514 3876 1787 3945 quomodo

186 3965 265 4022 hic
286 3967 358 4023 ab
389 3967 489 4021 illo
516 3975 821 4021 exczecatus
860 3968 949 4021 sit.
980 3965 1112 4021 Tale
1136 3965 1414 4037 quidpiam
1452 3975 1509 4022 et
1536 3967 1589 4021 in
1619 3971 1785 4023 veteri

185 4060 292 4129 lege
323 4061 527 4113 factum
558 4068 681 4121 est,
728 4058 944 4128 quando
983 4055 1205 4113 Charmi
1246 4058 1530 4112 anathema
1582 4058 1787 4112 iuratus

182 4151 554 4221 deprehensus
583 4158 667 4205 est
695 4169 708 4204 :
739 4159 976 4205 attamen
1008 4149 1171 4217 nosti,
1209 4159 1407 4220 quanta
1441 4150 1575 4203 ultio
1606 4152 1673 4205 de
1699 4151 1781 4204 ia-

183 4244 359 4298 cinore
406 4252 624 4311 sumpta
655 4242 725 4296 sit
753 4241 906 4312 (los.
938 4242 993 4296 7.
1019 4240 1076 4297 2.
1122 4251 1168 4297 et
1196 4241 1289 4296 20.
1328 4242 1458 4313 ΞΩ).
1494 4242 1783 4298 Sacrorum

183 4335 318 4388 enim
340 4334 605 4404 expilatio
630 4333 922 4388 admodum
952 4334 1128 4403 gravis
1154 4344 1259 4401 est,
1278 4333 1494 4402 dilecte,
1519 4346 1571 4389 et
1588 4350 1785 4405 magno

182 4436 492 4495 mntemptn
539 4424 720 4495 plena.
755 4424 941 4495 Neque
976 4425 1212 4481 vendere
1243 4425 1518 4496 coegimus
1540 4468 1553 4491 ,
1588 4427 1781 4497 inquit,

183 4532 351 4587 neque
381 4517 643 4586 pecunias
674 4532 741 4573 ex
772 4518 1005 4572 venditis
1042 4529 1291 4589 acceptas
1331 4518 1460 4574 dare
1490 4538 1502 4572 :
1534 4530 1587 4574 tu
1638 4520 1690 4574 id
1718 4538 1784 4576 ex

181 4609 463 4679 proposito
512 4618 604 4662 tuo
653 4608 825 4664 fecisti
882 4627 894 4662 :
948 4624 1045 4663 cur
1089 4625 1218 4681 ergo
1271 4626 1339 4665 ex
1388 4611 1558 4666 sacris
1617 4627 1781 4682 pecu-

180 4701 281 4755 niis
333 4699 546 4754 furatus
597 4700 696 4755 es?
747 4700 851 4755 Cur
891 4701 1115 4771 implevit
1144 4743 1161 4769 ,
1211 4703 1401 4772 inquit,
1454 4714 1663 4758 satanas
1697 4723 1785 4759 cor

182 4794 359 4849 tuum!
399 4793 468 4847 Et
509 4793 556 4847 si
603 4803 818 4847 satanas
866 4792 968 4849 hoc
1006 4794 1151 4860 fecit,
1199 4810 1297 4849 cur
1331 4796 1404 4849 illi
1452 4795 1785 4865 imputatur?

182 4887 233 4943 In
271 4902 439 4944 causa
485 4895 591 4953 est,
636 4889 759 4957 quia
790 4887 906 4958 ejus
947 4890 1315 4957 Operationem
1358 4890 1585 4960 accepit,
1615 4892 1783 4946 etilla

183 4981 437 5051 impletus
505 4987 610 5036 est.
671 4984 741 5033 At
793 4979 1117 5049 oportebat,
1174 4980 1424 5049 inquies,
1487 4982 1781 5051 corrigere.

183 5072 286 5127 Sed
345 5086 458 5127 non
508 5078 800 5125 correctus-
824 5071 1049 5137 l'uisset;
1096 5085 1220 5123 nam
1260 5072 1351 5139 qui
1389 5069 1511 5124 talia
1551 5072 1781 5138 viderat,

183 5165 499 5235 nullumque
543 5162 669 5218 inde
713 5163 921 5218 lucrum
974 5163 1197 5231 tulerat,
1227 5163 1398 5218 multo
1428 5165 1605 5218 minus
1634 5176 1785 5234 pote-

181 5269 261 5312 rat
294 5258 403 5311 alio
445 5256 609 5310 modo
653 5255 864 5310 lucrum
904 5255 1172 5325 accipere.
1214 5254 1331 5310 Non
1377 5258 1617 5325 oportuit
1657 5274 1786 5328 ergo

184 5365 294 5404 rem
350 5347 805 5418 prmtermittere;
864 5347 959 5401 sed
1012 5346 1165 5417 quasi
1226 5348 1431 5401 saniem
1497 5349 1785 5418 quamdam

182 5440 454 5507 exscindi,
472 5456 539 5494 ne
563 5441 830 5510 reliquum
858 5452 1058 5508 corpus
1093 5438 1353 5494 inliceret.
1387 5439 1541 5494 Nunc
1564 5442 1708 5495 enim
1735 5451 1789 5496 et

186 5534 269 5587 hic
300 5532 591 5587 utilitatem
620 5531 858 5599 accipit,
890 5545 959 5585 ne
983 5530 1212 5584 ulterius
1250 5530 1304 5583 in
1340 5530 1539 5585 malitia
1570 5547 1787 5601 progre-

186 5624 396 5690 diatur,
457 5634 512 5679 et
551 5622 642 5676 alii
684 5622 854 5691 magis
899 5621 1125 5676 studiosi
1166 5621 1465 5677 redduntur
1502 5641 1515 5677 :
1548 5624 1785 5693 alioquin

190 5725 365 5771 autem
385 5714 719 5770 comrarium
750 5712 1051 5767 accidisset.
1077 5712 1205 5767 Ideo
1231 5714 1462 5783 primum
1491 5715 1785 5784 redarguit,

189 5817 241 5860 et
280 5805 519 5861 ostendit
562 5819 676 5860 rem
724 5818 785 5858 se
854 5818 959 5859 non
1025 5803 1286 5869 latuisse;
1356 5815 1588 5874 tuncque
1654 5822 1788 5861 con-

190 5897 400 5953 demnat
428 5893 601 5951 illum.
625 5892 762 5959 Cur,
793 5893 934 5949 enim
954 5932 971 5959 ,
1004 5893 1196 5962 inquit,
1234 5894 1330 5950 hoc
1352 5894 1555 5963 fecisti?
1585 5897 1788 5955 habere

3420 422 3519 477 ill!

1914 540 2170 595 voluisti?
2200 542 2243 594 Α
2274 541 2539 609 principio
2589 541 2827 597 retinere
2866 542 3106 612 oportuit
3130 582 3145 605 ,
3174 552 3231 598 et
3258 556 3364 597 non
3398 560 3516 611 pro-

1911 633 2125 686 mittere
2159 650 2171 684 :
2206 648 2353 687 nunc
2399 642 2580 687 autem
2631 642 2915 704 postquam
2945 649 3365 689 consecraveras
3392 647 3520 689 sun.

1909 724 2127 793 ripiens,
2162 724 2335 795 majus
2360 725 2704 795 sacrilegimn
2735 724 3027 784 admisisti.
3054 726 3187 782 Nam
3213 727 3309 800 qui
3332 728 3515 784 aliena

1916 814 2079 884 rapit,
2124 815 2264 870 forte
2292 832 2358 871 ex
2405 817 2700 872 alienarum
2747 834 2929 873 rerum
2969 819 3268 888 cupiditate
3319 822 3458 891 rapit
3498 838 3514 877 :

1909 906 2005 960 tibi
2036 921 2165 962 vero
2196 907 2394 963 licebat
2423 917 2511 963 tua
2547 910 2773 964 habere.
2810 908 2921 964 Cur
2944 926 3076 981 ergo
3103 912 3190 966 illa
3214 926 3367 968 saera
3392 914 3520 970 red-

1907 998 2120 1064 didisti,
2174 1010 2229 1055 et
2271 1010 2459 1069 postea
2507 1001 2780 1071 rapuisti?
2825 1002 2905 1058 Ex
2959 1020 3156 1076 magno
3202 1016 3515 1079 contemptu

1908 1090 1958 1146 id
1994 1091 2185 1148 fecisti.
2231 1094 2463 1150 Facinus
2507 1096 2721 1150 veniam
2765 1111 2872 1151 non
2909 1096 3113 1167 habet,
3160 1103 3511 1159 excusatione

1906 1193 2077 1240 caret.

1980 1276 2261 1333 Sacrorum
2288 1281 2596 1349 expilatores
2641 1292 2870 1353 tempore
2912 1282 3280 1356 Chrysostomi.
3308 1319 3381 1329 —
3408 1289 3515 1347 Ne-

1907 1369 2036 1423 mini
2068 1380 2247 1426 autem
2278 1372 2606 1429 oll'endiculo
2656 1376 2759 1443 sit,
2806 1376 2850 1430 si
2882 1378 2972 1447 qui
3016 1378 3129 1448 jam
3180 1380 3290 1435 sint
3330 1396 3513 1439 sacro-

1905 1475 2023 1514 rum
2051 1462 2397 1531 expilatores.
2429 1464 2561 1519 Nam
2594 1466 2640 1520 si
2691 1476 2819 1523 tunc
2866 1466 3106 1535 luerunt,
3138 1472 3312 1527 multo
3341 1477 3515 1546 magis

1906 1568 2069 1617 nunc,
2116 1570 2240 1609 cum
2294 1558 2462 1611 multa
2510 1566 2637 1611 sunt
2681 1560 2842 1613 mala.
2900 1559 3007 1615 Sed
3050 1563 3516 1631 reprehendamus

1906 1643 2027 1699 illos
2065 1660 2249 1700 coram
2300 1648 2551 1703 omnibus
2576 1690 2591 1713 ,
2628 1658 2685 1704 ut
2708 1660 2765 1705 et
2794 1655 2975 1707 caeteri
3006 1663 3214 1709 metum
3249 1653 3509 1713 habeant.

1903 1736 2068 1792 Judas
2098 1739 2397 1810 sacrilegus
2423 1750 2543 1796 erat
2570 1758 2585 1807 ;
2610 1757 2796 1797 verum
2824 1743 2877 1797 id
2900 1743 3180 1814 discipulis
3203 1762 3311 1801 non
3339 1748 3515 1803 oti'en-

1904 1832 2085 1889 diculo
2115 1834 2237 1889 fuit.
2271 1834 2460 1891 Viden’
2476 1847 2674 1907 quanta
2704 1838 2843 1892 mala
2865 1840 3217 1907 pecuniarum
3243 1842 3512 1912 cupiditas

1901 1926 2109 1996 pariat?
2130 1926 2193 1981 Et
2210 1932 2381 1998 factus
2405 1939 2499 1995 est,
2518 1929 2709 1999 inquit,
2737 1931 2889 1985 timor
2903 1947 3119 2002 magnus
3139 1949 3294 2003 super
3309 1950 3507 2003 omnes,

1900 2020 1988 2088 qui
2006 2020 2116 2073 lucc
2139 2020 2433 2074 audierunt.
2450 2021 2544 2075 ille
2558 2023 2776 2090 punitus
2803 2031 2906 2084 est,
2925 2031 2979 2077 et
3006 2023 3098 2078 alii
3121 2025 3308 2080 lucrati
3341 2037 3467 2082 sunt
3492 2046 3507 2081 :

1902 2107 2080 2178 itaque
2093 2124 2198 2164 non
2217 2112 2332 2165 sine
2344 2126 2505 2166 causa
2521 2112 2591 2164 ita
2604 2110 2975 2182 dispensatum
2989 2122 3091 2168 est.
3109 2114 3220 2169 Etsi
3238 2116 3341 2170 alia
3357 2118 3510 2187 signa

1901 2199 2051 2265 prius
2078 2198 2213 2254 facta
2243 2200 2476 2263 fuerant,
2513 2210 2753 2256 attamen
2783 2218 2889 2255 non
2914 2202 3037 2257 talis
3059 2213 3177 2258 erat
3200 2215 3397 2262 melus.
3418 2207 3512 2265 Sic

1901 2304 2086 2344 verum
2114 2300 2196 2345 est
2222 2292 2351 2346 illud
2386 2311 2399 2345 :
2432 2292 2778 2363 Cagnosce'tur
2808 2293 3058 2351 Dominus
3075 2297 3283 2367 judicia
3310 2302 3509 2371 faciens

1901 2382 2073 2457 (Psal.
2106 2386 2161 2440 9.
2194 2385 2308 2455 i7).
2336 2386 2427 2442 Sic
2454 2397 2510 2441 et
2539 2390 2591 2442 in
2621 2403 2746 2443 arca
2776 2389 2973 2444 factum
3005 2400 3125 2445 est:
3168 2391 3313 2447 Ozan
3345 2396 3509 2465 puni-

1900 2484 1986 2530 tus
2006 2484 2089 2531 est
2121 2476 2196 2544 (2.
2229 2475 2358 2549 Reg.
2397 2478 2453 2533 (ρ.
2493 2479 2570 2549 7),
2620 2488 2676 2534 et
2706 2479 2832 2535 hinc
2859 2481 3023 2536 timor
3063 2482 3204 2537 aliis.
3253 2484 3361 2540 Sed
3399 2486 3509 2542 illic

1898 2566 2117 2638 quidem
2148 2578 2398 2624 metuens
2428 2586 2551 2635 rex,
2580 2585 2761 2625 aram
2807 2573 3042 2638 amovit;
3077 2573 3164 2629 hic
3193 2583 3373 2631 auten.
3414 2579 3507 2634 alii

1897 2661 2212 2716 attentiores
2237 2661 2359 2715 facti
2383 2670 2527 2717 sunt.
2558 2661 2742 2728 Vides,
2766 2663 3038 2732 quomodo
3069 2679 3177 2719 non
3204 2668 3407 2723 vocavit
3435 2670 3507 2724 il-

1897 2755 2003 2810 lam
2039 2756 2252 2824 Petrus,
2302 2759 2397 2813 sed
2443 2760 2779 2828 exspectavit
2823 2759 2997 2816 donec
3028 2761 3297 2817 intraret:
3330 2779 3507 2834 neque

1896 2848 2037 2903 alius
2066 2849 2333 2919 quispiam
2377 2863 2541 2905 ausus
2567 2859 2652 2906 est
2680 2852 3006 2907 annuntiare
3035 2854 3181 2923 quod
3210 2856 3502 2911 acciderat.

1896 2939 2011 2994 lioc
2039 2942 2278 3011 magistri
2324 2941 2485 2996 timor
2510 2954 2647 3006 erat,
2679 2942 2858 2997 honor
2880 2943 3269 3015 discipulorum
3295 2956 3351 3002 et
3372 2946 3506 3005 obe-

1896 3032 2118 3087 dientia.
2157 3032 2331 3087 Trium
2363 3036 2606 3089 horarum
2635 3036 2880 3104 spatium.
2906 3036 3091 3107 Neque
3129 3039 3316 3094 didicit
3346 3056 3503 3106 uxor,

1896 3138 1996 3178 nec
2024 3125 2143 3195 quis
2175 3127 2518 3195 prmsentinm
2548 3128 2833 3195 nuntiavit,
2861 3130 3106 3199 quamvis
3136 3130 3203 3185 ad
3226 3131 3506 3203 divulgan-

1894 3216 2021 3270 dum
2045 3224 2128 3271 sat
2153 3218 2415 3287 temporis
2444 3229 2624 3284 esset;
2656 3234 2844 3272 verum
2880 3220 3163 3275 timebant.
3194 3221 3308 3277 Hoc
3338 3224 3501 3278 etiam

1894 3308 2172 3379 admirans
2210 3309 2443 3378 scriptor
2464 3311 2577 3364 ait:
2614 3309 2864 3367 Nesciens
2893 3312 3031 3384 quod
3084 3316 3278 3385 factum
3311 3316 3500 3386 fuerat,

1892 3402 2137 3454 introivit.
2170 3401 2331 3470 Atqui
2365 3402 2489 3456 hinc
2508 3402 2719 3459 discere
2746 3404 2944 3459 licebat
2970 3406 3147 3476 ipsum
3176 3409 3391 3463 novisse
3412 3425 3498 3477 ea,

1892 3506 2012 3560 qua:
2039 3493 2249 3547 occulta
2280 3502 2455 3548 erant.
2485 3494 2596 3549 Cur
2622 3496 2765 3550 enim
2790 3497 2878 3567 qui
2905 3498 3178 3555 neminem
3200 3500 3503 3573 interroga-

1893 3592 2065 3645 verat,
2090 3599 2185 3639 vos
2217 3585 2792 3655 interrogatiAnnon,
2817 3599 2876 3642 ut
2899 3589 3086 3660 liquet,
3118 3592 3242 3660 quia
3270 3593 3504 3649 sciebat?

1892 3675 1997 3731 Sed
2029 3677 2192 3731 nimia
2220 3680 2435 3733 caecitas
2483 3695 2588 3733 non
2634 3682 2877 3751 permisit
2918 3682 3065 3738 illam
3095 3685 3301 3739 crimen
3332 3686 3503 3756 depo-

1893 3782 2055 3832 nere;
2099 3768 2194 3824 sed
2242 3785 2363 3824 cum
2411 3770 2633 3825 audacia
2682 3773 2849 3827 multa
2900 3775 3241 3844 respondet.
3272 3776 3503 3833 Putabat

1891 3860 2035 3914 enim
2062 3876 2122 3915 se
2143 3875 2265 3915 cum
2299 3861 2515 3917 homine
2536 3863 2701 3932 loqui.
2731 3864 2843 3919 Hoc
2868 3879 3033 3935 grave
3053 3876 3189 3933 erat,
3221 3869 3364 3937 quod
3394 3884 3505 3923 uno

1891 3955 2118 4009 consilio
2169 3963 2224 4009 et
2276 3955 2427 4025 quasi
2483 3970 2551 4011 ex
2594 3965 2755 4026 pacto
2802 3968 3083 4026 peccatum
3128 3960 3498 4018 admisissent.

1896 4046 2033 4114 Quid
2065 4048 2235 4115 utique
2279 4051 2511 4102 convenit
2551 4052 2711 4115 vobis,
2761 4052 2967 4120 inquit,
3014 4062 3210 4109 tentare
3246 4055 3502 4125 Spiritum

1891 4142 2165 4194 sanctum?
2206 4139 2342 4195 Ecce
2386 4142 2540 4212 pedes
2590 4158 2769 4196 eorum
2792 4185 2807 4208 ,
2851 4146 2936 4213 qui
2984 4146 3291 4213 sepelierunt
3336 4148 3501 4203 virum

1892 4241 2057 4296 tuum,
2086 4234 2155 4285 ad
2184 4234 2407 4298 ostium;
2428 4243 2475 4287 et
2502 4232 2709 4296 e/Terent
2738 4244 2804 4287 te.
2829 4235 2985 4289 Prius
3006 4236 3153 4290 illam
3177 4236 3338 4293 docet
3357 4240 3503 4308 quod

1892 4324 2219 4393 peccaverit,
2250 4334 2305 4379 et
2335 4334 2465 4379 tunc
2493 4326 2730 4381 ostendit
2756 4326 2901 4380 illam
2919 4327 3084 4395 juste,
3118 4344 3239 4398 quae
3269 4329 3352 4382 vir
3373 4346 3498 4399 pas-

1890 4430 1984 4469 sus
2024 4425 2161 4479 erat,
2202 4430 2480 4485 passuram
2523 4432 2665 4480 esse,
2715 4418 2839 4487 quia
2889 4418 3110 4487 perinde
3156 4432 3498 4489 peccaverat.

1892 4507 1959 4563 Et
1976 4508 2267 4578 quomodo,
2292 4509 2525 4578 inquies,
2547 4509 2825 4581 Confestim
2852 4511 3030 4564 cecidit
3051 4522 3170 4565 ante
3196 4514 3348 4582 pedes
3364 4516 3496 4586 ejus,

1892 4610 1936 4654 et
1965 4602 2278 4671 exspiravit?
2309 4602 2444 4668 Quia
2488 4618 2659 4673 pr0pe
2686 4602 2952 4657 adstabat.
2982 4602 3072 4659 Sic
3101 4604 3175 4658 illi
3206 4609 3259 4659 in
3287 4608 3500 4676 seipsos

1892 4693 2153 4746 ultionem
2184 4701 2542 4747 attraxerant.
2572 4694 2702 4760 Quis
2732 4695 2950 4748 demum
2972 4710 3077 4749 non
3106 4696 3498 4766 obstupuisset?

1889 4785 2010 4854 quis
2039 4787 2339 4855 apostolum
2381 4802 2488 4841 non
2518 4787 2816 4841 timuisset?
2848 4788 2968 4857 quis
3017 4803 3123 4841 non
3155 4790 3380 4843 miratus
3407 4807 3501 4845 es-

1891 4878 2007 4931 set?
2042 4876 2108 4930 Et
2138 4889 2303 4944 erant,
2334 4880 2526 4950 inquit,
2556 4880 2861 4933 unanimiter
2881 4897 3054 4935 omnes
3082 4882 3135 4935 in
3166 4884 3365 4953 porticu
3391 4886 3497 4941 Sa—

1894 4972 2126 5026 lomonis.
2160 4972 2260 5027 Hic
2298 4974 2474 5043 palam
2506 4984 2608 5038 est,
2656 4973 2777 5029 illos
2804 4988 2910 5027 non
2944 4976 2996 5028 in
3022 4974 3187 5029 domo
3220 4978 3493 5048 quapiam,

1892 5065 1987 5119 sed
2026 5066 2078 5120 in
2132 5067 2333 5136 templo
2382 5078 2627 5121 versatos
2664 5082 2807 5121 esse.
2851 5066 3035 5137 Neque
3069 5068 3207 5123 ultra
3238 5072 3497 5142 cavebant

1892 5157 1995 5211 sibi
2037 5173 2104 5212 ne
2157 5158 2429 5213 immunda
2480 5159 2877 5228 contingerent,
2931 5159 3025 5213 sed
3082 5161 3200 5214 sine
3239 5164 3497 5232 scrupulo

1895 5258 2138 5304 mortuos
2168 5250 2482 5321 tangebam.
2528 5250 2593 5305 Et
2621 5251 2764 5315 vide,
2798 5249 3071 5318 quomodo
3096 5266 3221 5321 erga
3258 5266 3387 5307 suos
3414 5268 3498 5308 sc-

1892 5343 2004 5395 veri
2035 5343 2165 5405 sint,
2215 5358 2341 5412 erga
2373 5343 2508 5397 alios
2553 5351 2734 5396 autem
2788 5350 3056 5411 potestate
3099 5358 3204 5397 non
3256 5353 3496 5399 utantur.

1902 5432 2287 5504 Magisautem,
2326 5437 2517 5505 inquit,
2543 5435 2822 5505 augebatur
2846 5436 3160 5489 credentium
3195 5438 3251 5489 in
3276 5436 3499 5494 Domino

1896 5526 2169 5580 multitudo
2199 5528 2426 5581 virorum
2454 5538 2499 5579 et
2525 5528 2795 5581 mulierum
2821 5542 2838 5589 ,'
2866 5527 2938 5579 ita
2966 5536 3020 5579 ut
3050 5527 3102 5579 in
3136 5526 3315 5594 plateis
3336 5548 3499 5599 pone-

1894 5631 2007 5673 rent
2044 5621 2279 5690 in/irmos
2318 5623 2371 5675 in
2408 5622 2605 5675 lectulis
2651 5638 2709 5674 ac
2746 5622 3001 5692 grabatis,
3045 5629 3099 5673 ut
3138 5622 3364 5675 ueniente
3401 5622 3499 5677 Pe-

1897 5725 1974 5767 tro
2011 5715 2191 5768 saltem
2216 5717 2395 5769 umbra
2420 5716 2557 5769 illius
2586 5715 2911 5768 adumbraret
2932 5730 3235 5783 quemquam
3269 5714 3501 5772 illorum.

1974 5807 2025 5860 5.
2060 5806 2247 5875 Magna
2279 5806 2649 5861 accedentium
2696 5806 2858 5867 ﬁdes,
2906 5814 2962 5858 et
2999 5806 3174 5873 major
3200 5820 3359 5873 quam
3403 5804 3505 5859 sub

1898 5898 2017 5968 ipso
2044 5897 2275 5953 Christo.
2301 5896 2458 5954 Unde
2488 5907 2666 5953 autem
2695 5897 2796 5953 hoc
2820 5895 3017 5953 factum
3041 5894 3161 5950 est?
3189 5893 3321 5963 Quia
3343 5894 3503 5950 Chri-
