4088 6326
658 392 760 449 105

651 518 769 559 stus
796 505 895 557 hoc
924 498 1305 570 prtenuntiarat
1340 508 1396 553 et
1431 497 1659 551 dixerat.
1705 495 1803 563 Qui
1831 494 1990 549 credit
2026 495 2079 547 in
2114 510 2226 556 me,

654 610 808 662 opera
830 633 843 655 ,
873 606 985 660 qua:
1016 605 1105 660 ego
1136 590 1302 659 facio,
1335 588 1516 658 faciet,
1558 596 1606 640 et
1649 588 1847 656 majora
1873 585 2021 652 faciet
2054 583 2232 656 (Joan.

656 684 739 737 H.
776 681 882 753 t2).
915 680 1248 734 Manentibus
1272 689 1447 733 autem
1481 680 1584 731 illis
1605 678 1745 744 istic,
1770 692 1869 731 nec
1900 677 2237 731 circumeun-

654 778 825 839 tibus,
858 788 1045 829 omnes
1073 772 1367 828 aﬁ'ercbant
1409 771 1460 825 in
1508 771 1713 825 lectulis
1742 777 1795 826 et
1837 768 2071 839 grabatis
2102 782 2238 839 quos

653 870 922 925 habebant
951 868 1225 933 inﬁrmos,
1257 877 1309 921 ct
1338 865 1569 934 undique
1611 866 1716 918 illis
1752 862 2053 918 conﬂuebat
2084 862 2239 915 inira-

653 962 851 1025 culum,
898 974 927 1013 a
969 958 1331 1021 credentibus,
1377 970 1407 1009 a
1448 957 1679 1019 sanatis,
1713 954 1780 1008 ab
1824 969 1889 1008 eo
1918 954 2007 1023 qni
2051 952 2238 1021 plexus

653 1053 847 1119 fuerat,
879 1067 907 1104 a
944 1050 1131 1105 ﬁducia
1159 1063 1315 1118 quam
1346 1062 1471 1116 erga
1505 1047 1625 1101 illos
1658 1046 1923 1101 habebant
1945 1088 1957 1108 ,
1986 1060 2015 1097 a
2041 1044 2238 1098 virtute

655 1160 873 1208 eorum,
916 1142 1005 1211 qui
1052 1156 1155 1194 non
1200 1149 1486 1209 utcumque
1525 1139 1852 1193 credebant:
1883 1152 2056 1205 neque
2092 1137 2235 1191 enim

654 1234 793 1304 quod
823 1234 1009 1297 ﬁebat,
1053 1232 1219 1301 signis
1267 1240 1471 1285 tantum
1514 1230 1815 1284 constabat.
1844 1228 1975 1283 Nam
2016 1229 2113 1281 etsi
2163 1226 2237 1279 illi

654 1324 895 1378 modeste
924 1322 1205 1391 loquentes
1236 1331 1399 1374 totum
1430 1321 1530 1389 ipsi
1562 1320 1825 1389 imputent
1866 1318 2104 1372 dicentes
2125 1359 2139 1382 ,
2182 1316 2237 1369 in

655 1412 870 1466 nomine
915 1410 1112 1465 Christi
1159 1426 1216 1465 se
1250 1411 1363 1465 hinc
1408 1412 1619 1473 facere;
1674 1408 1767 1463 sed
1798 1409 1901 1461 vita
1933 1421 2145 1477 quoque
2186 1414 2241 1459 et

654 1504 822 1555 virtus
849 1504 1083 1555 virorum
1126 1502 1225 1556 hoc
1254 1500 1399 1555 fecit.
1436 1500 1711 1569 Perpende
1741 1508 1941 1563 autem,
1972 1498 2239 1568 quomodo

656 1594 743 1649 hic
769 1610 1050 1648 numerum
1081 1593 1414 1647 credentium
1446 1608 1553 1648 non
1584 1592 1792 1659 aﬂ‘erat,
1824 1591 2051 1646 auditori
2081 1591 2243 1647 relin-

655 1701 823 1755 quens
851 1696 907 1739 ut
937 1686 987 1739 id
1009 1699 1073 1739 ex
1097 1700 1155 1739 se
1180 1685 1445 1755 coniectet
1474 1701 1488 1736 :
1520 1686 1596 1739 sic
1623 1683 1690 1738 ad
1722 1685 2037 1738 immensam
2063 1683 2241 1738 multi-

659 1779 893 1833 tudinem
915 1778 1043 1833 ﬁdes
1065 1779 1466 1833 extendebatur.
1496 1778 1628 1832 llinc
1652 1788 1703 1832 et
1722 1778 2044 1833 resurrectio
2076 1776 2242 1845 magis

655 1869 1063 1937 prmdicabatur.
1090 1868 1254 1921 Nemo
1282 1880 1449 1921 autem
1479 1867 1694 1921 audebat
1718 1885 1770 1923 se
1790 1869 2091 1937 conjungere
2113 1866 2235 1929 illis,

654 1962 743 2015 sed
780 1961 1137 2030 magni/icabat
1165 1977 1247 2015 eos
1277 1961 1513 2031 papulas.
1542 1960 1632 2017 Sic
1660 1962 1763 2027 ait,
1797 1960 2087 2016 ostendens
2119 1960 2241 2014 illos

651 2054 757 2123 iam
784 2068 888 2108 non
919 2053 1248 2123 contemptui
1280 2052 1477 2119 fuisse,
1508 2062 1565 2107 ut
1607 2054 1753 2121 prius
1780 2061 1969 2107 erant:
1999 2068 2063 2107 ac
2090 2049 2238 2106 brevi

653 2151 894 2213 tempore
927 2158 1141 2212 unoque
1168 2152 1439 2201 momento
1466 2143 1579 2198 haec
1605 2158 1636 2197 a
1665 2145 1931 2213 piscatore
1954 2151 2009 2197 et
2034 2142 2243 2211 privato

655 2234 875 2290 homine
902 2233 1037 2289 facta
1062 2234 1246 2289 fuisse.

732 2327 897 2394 Quam
924 2328 1053 2380 mira
1076 2328 1353 2395 primorum
1374 2325 1777 2382 Christianorum
1804 2326 1925 2378 vita.
1946 2354 2017 2365 —
2040 2324 2239 2379 Caelum

655 2420 835 2488 itaque
856 2419 964 2488 iam
996 2426 1111 2472 erat
1158 2426 1295 2472 terra
1324 2434 1387 2473 ex
1417 2418 1630 2473 vivendi
1669 2418 1903 2484 ratione,
1948 2416 2158 2472 dicendi
2187 2419 2242 2471 li-

660 2509 886 2572 bertate,
904 2508 1199 2575 miraculis,
1219 2510 1534 2579 ueterisque
1548 2509 1793 2565 omnibus
1816 2527 1829 2563 :
1850 2525 1911 2564 ac
1928 2510 2071 2565 velut
2089 2523 2244 2580 ange-

656 2601 691 2654 li
712 2600 1049 2668 admirationi
1076 2608 1248 2667 erant,
1272 2600 1338 2655 ad
1371 2601 1503 2655 nihil
1530 2615 1589 2655 se
1617 2610 2008 2668 convertentes,
2042 2618 2145 2657 non
2174 2602 2241 2657 ad

656 2698 851 2761 risum,
882 2710 986 2751 non
1014 2696 1080 2749 ad
1111 2693 1316 2761 minas,
1364 2712 1469 2750 non
1500 2697 1565 2751 ad
1606 2699 1839 2767 pericula
1865 2715 1878 2751 :
1914 2716 2019 2755 non
2061 2717 2123 2755 ea
2154 2714 2243 2755 so-

657 2786 768 2839 lum
805 2787 871 2841 de
903 2800 1083 2851 causa,
1104 2787 1196 2841 sed
1220 2788 1379 2842 etiam
1415 2789 1554 2857 quod
1594 2791 1878 2844 admodum
1908 2791 2125 2845 humani
2158 2806 2243 2846 es-

654 2886 794 2943 sent,
819 2888 873 2933 et
902 2879 1128 2933 sollicite
1159 2890 1437 2945 curarent;
1468 2882 1601 2934 alios
1646 2882 1786 2935 enim
1820 2884 2043 2951 pecunia
2063 2924 2078 2949 ,
2109 2885 2243 2939 alios

655 2970 918 3039 corporali
946 2970 1219 3025 curatione
1246 2971 1523 3039 iuvabant.
1554 2971 1655 3025 Cur
1676 2973 1897 3043 implevit
1918 2984 2125 3028 satanas
2155 2991 2242 3029 cor

656 3064 840 3116 tuum?
866 3062 1003 3117 Fere
1043 3076 1164 3115 sese
1196 3071 1384 3132 purgat
1427 3063 1617 3117 Petrus
1650 3064 1793 3118 illum
1842 3066 2158 3134 puniturus,
2190 3075 2244 3120 ct

656 3154 789 3207 alios
817 3153 1013 3207 erudit.
1043 3152 1176 3219 Quia
1216 3153 1359 3207 enim
1404 3152 1637 3207 futurum
1668 3162 1817 3220 erat,
1864 3165 1920 3208 ut
1954 3154 2055 3211 hoc
2090 3156 2245 3213 valde

658 3245 848 3298 .iurum
872 3252 1174 3313 appareret,
1206 3243 1325 3299 ideo
1353 3243 1405 3297 in
1436 3244 1583 3297 illum
1614 3254 1668 3299 et
1693 3246 1741 3297 in
1769 3261 1994 3300 uxorem
2021 3258 2245 3302 tremen-

656 3334 782 3387 dum
814 3334 1331 3403 exercetiudicium.
1361 3332 1416 3389 Si
1447 3343 1623 3389 autem
1651 3337 1855 3402 ambos,
1886 3338 1973 3406 qui
2003 3338 2241 3393 irremis-

657 3426 885 3479 sibiliter
916 3434 1284 3491 peccaverant,
1314 3439 1421 3480 non
1449 3426 1540 3479 tali
1566 3426 1833 3481 aﬁ‘ecissct
1863 3443 2040 3497 paena,
2074 3444 2244 3499 quan-

657 3522 742 3567 tus
759 3514 881 3568 hinc
901 3514 989 3568 Dei
1012 3524 1346 3586 contemptus
1369 3515 1576 3570 futurus
1595 3517 1906 3585 crat?Quod
1927 3529 2102 3573 autem
2125 3521 2244 3576 ideo

657 3606 737 3657 sic
759 3603 953 3657 factum
977 3604 1065 3669 sit,
1096 3603 1261 3673 liquet
1286 3620 1349 3659 ex
1379 3620 1465 3672 eo,
1498 3605 1637 3675 quod
1670 3621 1775 3661 non
1801 3608 1979 3662 statim
2006 3610 2069 3664 ad
2098 3610 2246 3665 ultio-

659 3712 778 3750 nem
812 3698 1046 3761 venerit,
1095 3698 1189 3753 sed
1239 3699 1412 3766 primo
1458 3707 1734 3768 peccatum
1782 3702 2048 3757 ostendat.
2094 3702 2243 3760 Unde

660 3802 818 3841 nemo
850 3788 1136 3857 ingemuit,
1172 3804 1331 3843 nemo
1358 3790 1609 3857 eiulavit;
1644 3790 1737 3846 scd
1766 3805 1954 3849 omnes
2001 3796 2243 3851 exterriti

661 3884 803 3931 sunt.
833 3875 958 3930 lure
986 3886 1185 3944 autem,
1208 3878 1329 3947 quia
1360 3879 1490 3935 ﬁdes
1517 3881 1727 3936 illorum
1750 3870 2064 3953 augebatur,
2094 3887 2243 3957 signa

661 3967 813 4037 plura
851 3966 1167 4032 edebantur,
1207 3976 1261 4023 et
1306 3970 1494 4040 ingens
1536 3972 1675 4041 apud
1720 3989 1845 4029 suos
1887 3985 2060 4031 metus
2105 3988 2240 4042 erat,

662 4059 784 4127 quia
814 4072 918 4112 non
951 4059 1027 4111 sic
1073 4066 1293 4114 externa
1326 4076 1421 4115 nos
1470 4062 1687 4116 turbant
1714 4073 1772 4117 ut
1820 4065 2129 4122 domestica.
2187 4069 2241 4124 Si

668 4166 796 4220 ergo
825 4152 991 4204 simus
1019 4160 1203 4206 mutuo
1228 4152 1499 4222 conjuncti
1524 4196 1538 4222 ,
1571 4171 1730 4211 nemo
1756 4157 1912 4212 nobis
1940 4160 2136 4215 bellum
2167 4162 2244 4216 in-

667 4245 834 4311 feret;
868 4248 948 4301 sin
982 4256 1165 4302 contra
1197 4246 1552 4305 dissideamus
1573 4293 1587 4313 ,
1626 4266 1814 4308 omnes
1842 4268 1940 4309 nos
1971 4255 2241 4310 invadent.

664 4337 801 4391 Hinc
828 4338 898 4391 illi
927 4352 1045 4391 cum
1076 4338 1261 4393 ﬁducia
1286 4348 1339 4395 et
1362 4342 1607 4396 libertate
1646 4343 1695 4396 in
1728 4342 1898 4398 forum
1922 4386 1934 4408 ,
1978 4355 2032 4399 et
2062 4346 2113 4399 in
2142 4361 2245 4401 me-

661 4428 809 4481 dium
841 4428 1174 4483 inimicorum
1196 4444 1254 4483 se
1281 4431 1627 4487 conferebant
1652 4442 1705 4488 et
1728 4436 2122 4502 przevalebant;
2156 4438 2247 4491 im-

664 4520 1012 4588 plebaturque
1040 4518 1237 4574 dictum
1270 4522 1395 4575 illud
1428 4543 1440 4577 :
1477 4523 1748 4579 Dominare
1782 4528 1834 4581 in
1870 4529 2033 4582 medio
2070 4531 2243 4583 inimi-

660 4628 841 4665 corum
868 4623 1065 4665 tuorum
1089 4611 1263 4682 (Psal.
1294 4614 1410 4669 109.
1430 4614 1508 4687 2).
1535 4617 1644 4671 lloc
1667 4620 1882 4689 majoris
1902 4631 2017 4676 erat
2037 4623 2247 4679 virtutis

663 4701 937 4765 indicium,
970 4702 1109 4771 quod
1138 4704 1361 4769 detenti,
1390 4708 1573 4773 vincti,
1608 4710 1727 4764 talia
1762 4711 2011 4767 facerent.
2038 4715 2090 4769 Si
2118 4731 2247 4785 ergo

665 4793 735 4857 ii,
776 4795 865 4863 qui
900 4797 1108 4851 mentiti
1152 4798 1388 4862 fuerant,
1435 4802 1558 4855 talia
1610 4805 1749 4871 passi
1779 4816 1936 4871 sunt,
1969 4808 2094 4876 quid
2140 4825 2245 4865 non

666 4888 935 4955 patientur
979 4889 1045 4950 ii,
1094 4890 1181 4957 qui
1224 4892 1512 4961 peierarit?
1566 4895 1675 4949 lino
1726 4902 1771 4951 si
1820 4900 2050 4965 mulier,
2103 4901 2245 4971 quod

668 4976 880 5038 dixerit,
912 4976 1082 5031 Etiam
1110 4981 1270 5046 tanti,
1302 4984 1561 5050 ejusmodi
1595 5002 1778 5055 pinnas
1805 4990 1967 5054 dedit,
2001 5008 2097 5047 nec
2122 4993 2245 5049 eﬁ‘u—

666 5069 777 5135 git:
807 5068 1034 5135 cogitate
1055 5083 1160 5138 quo
1181 5071 1297 5126 sitis
1312 5088 1406 5128 vos
1422 5077 1680 5144 supplicio
1696 5080 1857 5149 digni,
1882 5083 1969 5151 qui
1985 5083 2171 5151 iuratis
2192 5096 2246 5141 et

668 5160 914 5226 peieratis
932 5160 953 5210 τ
969 5159 1010 5214 Ε
1030 5176 1086 5214 re
1106 5160 1263 5217 fuerit
1276 5162 1435 5219 hodie
1456 5182 1521 5220 ex
1538 5168 1703 5223 veteri
1720 5170 1834 5241 lege
1850 5173 2065 5241 periurii
2079 5178 2246 5243 gravi-

670 5257 825 5303 tatem
846 5250 1147 5305 ostendere.
1166 5251 1469 5325 Falx,inqui
1477 5267 1512 5323 t,
1522 5258 1694 5314 volans
1710 5273 1836 5327 erat,
1859 5265 1960 5317 lata
1977 5266 2141 5320 decem
2160 5285 2249 5321 cu-

667 5339 931 5410 bitis(Zac.
949 5342 1002 5395 5.
1020 5342 1325 5412 2).\'olatus
1341 5350 1677 5407 celerrimum
1693 5356 2245 5426 suppliciiiuramenta

666 5432 932 5500 sequentis
960 5433 1243 5488 adventum
1272 5437 1558 5507 signiﬁcat;
1584 5444 1721 5511 quod
1745 5457 1919 5501 autem
1941 5448 2125 5503 decem
2154 5466 2247 5504 cu-

668 5525 893 5576 Iutorum
942 5524 1009 5577 sit
1038 5526 1317 5583 latitudine
1359 5538 1413 5583 et
1460 5532 1815 5603 longitudine,
1851 5539 2242 5597 vehementiam

662 5626 715 5667 et
746 5614 1160 5682 magnitudinem
1193 5621 1450 5677 malorum
1491 5625 1720 5693 indicat;
1774 5631 1914 5699 quod
1956 5643 2130 5688 autem
2178 5650 2241 5689 ex

662 5704 794 5757 cado
822 5704 984 5770 volet,
1014 5708 1219 5777 signum
1238 5722 1319 5767 est
1346 5718 1661 5772 sententiam
1690 5736 1752 5774 ex
1776 5724 1973 5779 carlesti
1994 5724 2241 5781 tribunali

661 5794 822 5865 ferri;
853 5797 997 5872 quod
1038 5801 1091 5857 in
1122 5807 1333 5863 modum
1364 5806 1544 5880 falcis,
1581 5813 1887 5873 inevitabile
1917 5821 2229 5890 supplicium

1379 381 1433 439 S.
1474 380 1749 439 JOANNIS
1786 376 2255 436 CllRYSOSTOMl
2298 375 2614 431 ARClllEP.
2654 374 3188 430 CONSTANTINOP.
3851 379 3944 436 ιω

2349 493 2601 548 ostendit.
2628 492 2778 549 Sicut
2803 495 2946 549 enim
2967 476 3079 550 falx
3109 496 3161 550 in
3197 495 3391 551 collum
3425 496 3687 563 immissa,
3724 511 3835 551 non
3860 514 3947 554 re-

2348 585 2601 653 trahitur,
2634 586 2729 641 sed
2759 597 2941 642 manet
2964 589 3123 643 etiam
3152 589 3383 646 abscissa
3411 592 3661 645 cervice:
3696 590 3777 646 sic
3803 601 3856 647 et
3882 594 3953 647 ul-

2350 677 2425 731 tio
2448 678 2690 747 iurantes
2715 679 3003 745 invadens,
3034 681 3289 736 terribilis
3315 691 3418 748 est,
3449 697 3549 737 nec
3578 682 3782 738 desiuit
3805 724 3820 748 ,
3848 684 3951 737 nisi

2348 771 2497 838 prius
2524 768 2667 837 quod
2694 783 2849 823 suum
2872 778 2989 824 erat
3015 772 3319 840 perfecerit.
3353 773 3505 841 Quod
3532 774 3577 828 si
3604 772 3851 843 iurantes
3879 773 3944 828 ef-

2346 859 2635 929 fugeriinus
2657 900 2671 925 ,
2707 876 2772 914 ne
2803 861 3171 927 conﬁdamus;
3217 880 3339 917 nam
3369 865 3424 919 in
3466 865 3670 919 malum
3700 874 3949 920 nostrum

2347 949 2448 1005 hoc
2478 953 2725 1006 vertitur.
2755 953 2892 1021 Quid
2918 956 3059 1009 enim
3083 955 3321 1026 putatis?
3344 963 3472 1027 quot
3500 966 3624 1012 sunt
3643 960 3736 1028 qui
3760 958 3950 1015 eadem

2345 1056 2465 1111 quae
2490 1044 2726 1098 Ananias
2749 1054 2803 1099 et
2825 1043 3088 1115 Sapphira
3116 1032 3239 1100 sunt
3274 1046 3426 1115 ausi,
3454 1061 3555 1103 nec
3584 1048 3775 1103 eadem
3809 1050 3953 1119 passi

2344 1131 2506 1185 sunt?
2528 1131 2595 1187 Et
2614 1135 2907 1203 quomodo,
2929 1136 3159 1207 inquies,
3186 1138 3328 1206 passi
3352 1152 3458 1193 non
3485 1138 3647 1194 sunt?
3670 1137 3789 1194 Non
3806 1139 3949 1209 quod

2344 1220 2449 1275 hoc
2476 1222 2579 1279 illis
2605 1224 2969 1280 condonatum
2996 1228 3099 1294 sit,
3134 1228 3228 1283 sed
3256 1228 3399 1299 quod
3434 1230 3625 1300 majori
3654 1246 3951 1287 reserven-

2347 1321 2431 1369 tur
2458 1315 2742 1385 supplicio.

2418 1407 2472 1460 4.
2509 1408 2609 1473 Qui
2633 1410 2922 1478 frequenter
2946 1422 3175 1484 peccant,
3196 1415 3407 1469 timeant
3434 1425 3731 1485 oportet.—
3756 1417 3779 1473 l
3786 1428 3948 1489 taque

2347 1497 2437 1566 qui
2466 1496 2772 1577 frequenter
2797 1511 3042 1570 peccant,
3073 1505 3244 1575 magis
3271 1506 3495 1561 timeant
3515 1518 3751 1576 Oportet,
3778 1511 3821 1563 si
3844 1527 3950 1565 non

2345 1588 2655 1657 puniantur,
2687 1607 2846 1661 quam
2886 1595 2931 1649 si
2980 1595 3308 1664 puniantur:
3336 1612 3459 1651 nam
3503 1613 3570 1653 ex
3607 1597 3870 1654 dilatione
3896 1611 3953 1656 et

2344 1693 2412 1733 ex
2445 1680 2695 1748 patientia
2726 1683 2817 1737 Dei
2847 1699 3033 1739 eorum
3077 1696 3300 1757 augetur
3348 1689 3688 1758 supplicium.
3733 1690 3811 1745 Ne
3840 1692 3945 1747 hoc

2346 1770 2523 1840 itaque
2566 1781 2868 1841 spectemus
2896 1777 2938 1830 si
2971 1791 3077 1832 non
3123 1778 3427 1849 puniamur,
3471 1779 3566 1834 sed
3595 1782 3639 1834 si
3671 1797 3778 1834 non
3826 1796 3953 1851 pec-

2344 1877 2526 1917 cemus
2550 1881 2564 1916 :
2592 1864 2637 1917 si
2662 1880 2788 1919 vero
2840 1878 3123 1936 peccantes
3151 1886 3256 1924 non
3300 1872 3601 1940 puniamur,
3634 1876 3807 1945 magis
3835 1884 3951 1929 tre-

2344 1952 2597 2008 mendum
2626 1956 2781 2010 nobis
2800 1966 2901 2011 est.
2937 1960 3031 2014 Dic
3060 1961 3188 2015 mihi
3210 2004 3222 2027 ,
3258 1962 3306 2017 si
3333 1978 3546 2017 servmn
3582 1965 3831 2031 haberes,
3862 1969 3949 2021 cui

2344 2044 2516 2098 minas
2572 2046 2865 2103 intentares
2911 2060 3155 2117 tantum,
3216 2068 3318 2107 nec
3384 2055 3699 2110 verberares
3752 2058 3944 2122 illum;

2344 2134 2557 2203 quando
2604 2137 2773 2208 magis
2815 2139 3302 2211 timebit?quando
3346 2143 3508 2215 fugiet
3552 2158 3607 2201 et
3649 2147 3954 2203 abscedet?

2348 2239 2525 2281 nonne
2554 2242 2674 2282 cum
2702 2230 2873 2285 minas
2916 2240 3117 2287 tantum
3145 2234 3477 2290 intentabis?
3522 2237 3675 2293 Unde
3707 2254 3807 2295 nos
3831 2258 3952 2295 mu-

2349 2323 2439 2369 tuo
2482 2331 2780 2384 monemus,
2827 2336 2895 2376 ne
2931 2321 3264 2393 frequentius
3314 2328 3727 2398 comminemur,
3778 2342 3836 2386 ut
3882 2349 3953 2389 ne

2346 2408 2422 2461 sic
2472 2409 2660 2465 timore
2710 2412 2947 2467 animum
2990 2415 3397 2485 concutiamus,
3444 2436 3579 2475 neve
3644 2422 3724 2476 sic
3775 2428 3952 2495 magis

2346 2498 2608 2555 Ianiemus
2630 2516 2750 2556 eum
2772 2545 2786 2569 ,
2818 2519 2979 2573 quam
3013 2506 3205 2577 plagis.
3229 2509 3481 2581 Alioquin
3514 2527 3640 2567 vero
3670 2514 3783 2571 illic
3812 2527 3953 2571 tem-

2348 2606 2577 2659 porauea
2607 2593 2759 2665 plaga
2789 2605 2891 2662 est,
2920 2596 3003 2651 hic
3034 2609 3311 2669 perpetua.
3341 2602 3419 2657 Ne
3448 2603 3627 2675 itaque
3660 2609 3949 2679 respicias,

2348 2698 2414 2737 an
2450 2699 2591 2739 nunc
2608 2686 2872 2756 quispiam
2898 2689 3041 2744 illam
3067 2690 3258 2747 falcem
3282 2696 3609 2763 experiatur,
3631 2700 3727 2754 sed
3746 2703 3950 2771 cogita,

2348 2790 2475 2827 num
2522 2776 2645 2829 talia
2673 2776 2862 2844 faciat;
2896 2782 3149 2849 quoniam
3182 2785 3348 2839 multa
3388 2802 3527 2841 nunc
3554 2788 3708 2857 fiunt,
3738 2807 3863 2861 quae
3898 2794 3955 2848 in

2348 2866 2547 2921 diluvio
2569 2910 2583 2935 ,
2613 2877 2669 2924 et
2698 2880 2873 2926 tamen
2905 2873 3161 2928 diluvium
3208 2892 3312 2930 non
3344 2880 3537 2937 accidit
3570 2899 3581 2929 τ
3614 2883 3867 2953 gehenna
3899 2899 3956 2943 et

2346 2959 2662 3027 supplicium
2706 2963 3083 3020 comminando
3111 2969 3288 3024 solum
3320 2971 3633 3029 intentatur.
3666 2976 3823 3034 Multi
3851 2995 3952 3036 ea-

2347 3050 2467 3106 dem
2509 3053 2793 3108 admittunt
2823 3066 3040 3124 peccata
3074 3074 3193 3129 quae
3220 3060 3535 3133 Sodomitas,
3562 3078 3614 3121 et
3640 3067 3781 3138 ignis
3828 3073 3955 3141 plu-

2346 3146 2430 3197 via
2475 3160 2581 3199 non
2629 3146 2774 3201 cadit
2810 3165 2825 3203 :
2866 3149 3054 3219 igneus
3098 3152 3296 3223 quippe
3335 3153 3527 3213 ﬂuvius
3574 3171 3796 3229 paratus
3840 3175 3953 3219 est.

2346 3234 2495 3290 Multi
2526 3237 2712 3295 eadem
2740 3255 2858 3311 quae
2884 3242 3093 3301 Pharao
3135 3256 3259 3302 sunt
3285 3248 3433 3316 ausi;
3467 3253 3560 3306 sed
3594 3267 3700 3308 non
3750 3257 3955 3312 eadem

2345 3330 2488 3398 passi
2515 3340 2640 3385 sunt
2663 3348 2782 3403 quae
2804 3334 3033 3402 Pharao,
3076 3353 3250 3409 neque
3289 3341 3555 3398 submersi
3578 3354 3702 3401 sunt
3725 3346 3778 3401 in
3800 3365 3957 3407 mare

2347 3420 2588 3478 Rubrum
2617 3436 2926 3497 :ex5pcctat
2946 3432 3088 3485 enim
3106 3432 3226 3487 illos
3251 3435 3471 3505 pelagus
3491 3437 3692 3508 abyssi,
3714 3442 3811 3495 ubi
3846 3458 3956 3498 non

2346 3512 2548 3583 absque
2575 3530 2735 3573 sensu
2766 3533 2943 3587 paena,
2962 3537 3063 3577 nec
3091 3524 3346 3581 suffocari
3379 3527 3536 3593 licet;
3561 3529 3656 3584 sed
3688 3529 3959 3589 diuturno

2347 3608 2608 3675 cruciatu,
2652 3614 2979 3682 sartaginum
3025 3616 3217 3674 ardore
3245 3627 3299 3673 et
3341 3621 3768 3692 strangulatione
3816 3640 3959 3681 con-

2346 3701 2505 3753 sumi.
2537 3700 2687 3756 Multi
2733 3703 2921 3760 eadem
2953 3721 3073 3777 quae
3109 3707 3368 3765 Israeliue
3391 3722 3516 3767 sunt
3536 3713 3685 3779 ausi;
3713 3715 3814 3769 sed
3850 3733 3959 3771 non

2346 3788 2671 3847 devoraruut
2714 3792 2838 3850 illos
2866 3809 3144 3867 serpentes
3178 3816 3191 3853 :
3225 3811 3407 3856 manet
3430 3803 3573 3857 enim
3603 3802 3721 3859 illos
3748 3809 3960 3863 vermis

2348 3880 2439 3935 ille
2480 3882 2823 3939 immortalis.
2873 3886 3025 3943 Multi
3054 3904 3117 3944 ea
3142 3906 3261 3960 qua:
3309 3892 3457 3948 Giezi
3498 3894 3611 3950 ausi
3656 3907 3808 3963 sunt,
3855 3915 3961 3955 nec

2346 3983 2470 4027 sunt
2517 3975 2664 4044 lepra
2710 3980 2948 4047 percussi
2988 3992 3212 4037 :manet
3254 3984 3397 4039 enim
3444 3985 3566 4041 lllos
3613 4003 3710 4056 pro
3753 3990 3914 4057 lepra
3942 4033 3957 4057 ,

2346 4067 2488 4136 quod
2536 4068 2869 4127 dissecentur
2894 4084 2943 4128 et
2976 4085 3240 4145 ponantur
3282 4093 3404 4133 cum
3438 4081 3755 4151 hypocritis.
3800 4084 3958 4141 Multi

2346 4159 2505 4212 etiam
2546 4160 2885 4229 juraruntac
2914 4167 3258 4237 peierarunt;
3306 4172 3349 4225 si
3396 4182 3573 4228 autem
3613 4174 3956 4244 elfugerunt,

2348 4266 2416 4305 ne
2462 4253 2835 4309 conﬁdamus:
2867 4270 3049 4313 manet
3091 4256 3232 4315 enim
3274 4263 3395 4317 illos
3436 4264 3637 4319 stridor
3677 4267 3956 4325 dentium.

2350 4342 2417 4395 Et
2444 4344 2684 4400 fortassis
2729 4347 2891 4401 etiam
2936 4348 3023 4405 hic
3067 4354 3356 4420 patientur,
3400 4366 3456 4411 et
3499 4373 3605 4414 non
3655 4360 3951 4434 effugient,

2348 4436 2557 4490 etiamsi
2604 4453 2708 4491 non
2736 4454 2767 4493 e
2805 4442 3049 4512 vestigio,
3078 4444 3174 4498 sed
3198 4446 3249 4499 in
3286 4447 3404 4501 aliis
3449 4451 3703 4517 peccatis,
3738 4464 3799 4507 ut
3829 4471 3958 4525 gra-

2349 4527 2467 4581 vior
2492 4528 2561 4582 sit
2600 4544 2755 4597 paena
2787 4548 2799 4584 :
2828 4532 2949 4602 quia
2979 4542 3032 4587 et
3054 4549 3151 4591 nos
3180 4552 3322 4607 saepe
3365 4550 3575 4610 sumpta
3598 4545 3899 4603 occasione
3928 4563 3959 4602 a

2350 4622 2663 4689 minoribus,
2689 4616 2848 4678 etiam
2881 4642 2979 4696 pro
3028 4630 3234 4699 magnis
3267 4640 3435 4687 totum
3464 4649 3815 4693 evacuamus.
3855 4641 3961 4699 lta-

2349 4730 2451 4783 que
2480 4716 2524 4770 si
2567 4717 2780 4786 quando
2818 4719 3015 4774 videris
3058 4723 3150 4776 tibi
3194 4724 3392 4794 aliquid
3437 4728 3705 4797 accidere,
3737 4748 3961 4792 memor

2350 4816 2464 4860 esto
2487 4808 2627 4863 illius
2659 4811 2862 4879 peccati
2895 4816 2989 4866 tui.
3024 4813 3137 4868 Hoc
3164 4817 3325 4872 etiam
3353 4819 3406 4874 in
3436 4821 3560 4876 ﬁliis
3591 4821 3765 4880 Jacob
3798 4832 3957 4883 acci-

2349 4899 2445 4953 dit.
2466 4900 2783 4957 Meministis
2805 4904 3026 4960 fratrum
3052 4906 3271 4977 Josephi
3294 4927 3307 4962 :
3329 4912 3680 4969 vendiderant
3697 4919 3954 4986 lintrem,

2349 4991 2593 5046 occidere
2624 5001 2975 5061 tentaverant,
3000 4996 3107 5050 imo
3136 5009 3386 5067 quantum
3416 5003 3467 5056 in
3499 5004 3623 5072 ipsis
3653 5017 3776 5061 erat
3803 5013 3957 5065 oeci-

2350 5081 2575 5151 derant;
2620 5084 2941 5154 deceperant
2984 5103 3165 5143 senem
3196 5133 3211 5158 ,
3262 5097 3759 5166 contristavcrant;
3818 5104 3957 5160 nihil

2350 5179 2491 5245 passi
2522 5188 2676 5232 erant
2705 5180 2850 5232 mali.
2887 5179 3068 5251 Itaque
3100 5193 3220 5252 post
3244 5187 3439 5241 multos
3462 5204 3633 5245 annos
3664 5192 3735 5247 de
3759 5207 3957 5254 extre-

2350 5270 2450 5324 mis
2487 5272 2772 5339 periclitati
2817 5282 2960 5339 sunt,
2990 5284 3043 5330 et
3072 5279 3271 5345 peccati
3306 5278 3466 5349 huius
3497 5292 3621 5338 tunc
3653 5291 3959 5346 recordan-

2352 5369 2457 5417 tur.
2508 5362 2660 5429 Quod
2690 5373 2865 5418 autem
2897 5382 3001 5420 non
3031 5369 3338 5435 coniectura
3367 5373 3436 5426 sit
3461 5374 3602 5444 quod
3626 5376 3748 5433 dico
3786 5400 3801 5435 :
3828 5387 3958 5439 audi

2351 5453 2472 5508 illos
2513 5455 2789 5509 dicentes:
2822 5456 3083 5524 Etiam;in
3108 5474 3310 5530 peccato
3348 5466 3478 5519 enim
3522 5485 3696 5525 sumus
3737 5474 3800 5527 in
3850 5478 3963 5546 [ra-

2352 5555 2474 5598 trem
2519 5556 2746 5599 nostrum
2768 5546 2919 5615 (Gen.
2950 5550 3037 5603 42.
3065 5552 3179 5621 2t).
3210 5554 3298 5607 Sic
3325 5563 3378 5609 et
3410 5565 3485 5626 tu,
3513 5575 3633 5614 cum
3665 5563 3759 5617 tibi
3795 5570 3961 5639 quid-

2350 5639 2489 5708 piam
2518 5640 2816 5709 contigerit,
2850 5641 2934 5695 dic
2964 5660 2977 5698 ;
3015 5642 3207 5710 Etiam,
3244 5646 3294 5700 in
3326 5660 3545 5717 peccato
3566 5668 3784 5722 sumus,
3830 5664 3958 5732 quia

2350 5730 2620 5784 Christum
2653 5745 2758 5786 non
2785 5732 3106 5801 audivimus,
3131 5736 3254 5805 quia
3278 5738 3607 5807 iuravimus:
3630 5730 3957 5815 iuramenta

2354 5819 2649 5893 irequentia
2679 5832 2729 5881 et
2752 5824 2983 5896 periuria
3012 5828 3065 5883 in
3096 5838 3254 5899 caput
3281 5846 3458 5891 meum
3481 5836 3816 5898 inciderunt.
3844 5843 3954 5903 ita-
