4078 6318
189 430 291 484 105

184 557 291 611 que
318 540 587 596 conﬁtere
616 559 628 595 :
661 558 787 596 nam
814 551 868 595 et
894 541 967 595 illi
994 540 1229 594 confessi
1261 540 1491 593 salutem
1519 541 1796 593 consecuti

178 642 326 687 sunt.
360 634 503 701 Quid
548 635 693 688 enim
724 635 767 689 si
799 649 905 687 non
934 641 1155 702 repente
1183 632 1313 685 ultio
1334 630 1575 685 invadit?
1621 645 1794 701 quan-

175 726 474 797 doquidem
524 729 711 783 Achab
742 737 960 799 propter
1001 726 1260 782 Nabuthae
1306 742 1416 781 non
1461 726 1641 780 statim
1674 735 1795 796 post

176 833 463 889 peccatum
497 822 684 892 plexos
702 820 805 876 fuit
826 823 903 890 (5.
922 819 1144 892 Reg.21.
1167 820 1279 890 l9).
1313 820 1423 873 Cur
1447 835 1578 874 vero
1601 820 1679 873 sic
1706 833 1793 873 res

180 915 401 985 agitur?
428 915 533 969 Dat
560 914 655 968 tibi
683 916 825 969 Deus
854 915 1220 985 praescriptum
1248 922 1484 983 tempus,
1521 922 1579 966 ut
1608 912 1794 965 ablua~

172 1009 290 1072 ris;
320 1012 365 1063 si
398 1023 737 1079 perseveres,
782 1023 996 1078 poenam
1025 1009 1244 1063 demum
1277 1006 1504 1061 inducit.
1550 1005 1789 1071 Vidistis,

171 1100 303 1170 quid
329 1101 479 1170 passi
509 1102 621 1157 sint
648 1103 977 1157 mendaces?
1000 1101 1267 1171 Cogitate,
1292 1099 1419 1170 quid
1442 1098 1659 1200 passuri.
1678 1098 1791 1200 sint

171 1193 412 1262 perjuri;
457 1193 716 1265 cogitate,
746 1202 803 1251 et
836 1193 1102 1249 desistite.
1144 1192 1260 1247 Non
1304 1199 1484 1262 potest
1510 1192 1599 1259 qui
1640 1192 1789 1257 jurat

1144 426 1208 482 IN
1250 426 1430 482 ACTA
1474 424 2008 483 APOS’I‘OLORUM.
2052 426 2287 484 IIOMIL.
2332 431 2471 485 XIII.

3420 448 3521 503 I08

1912 555 2022 594 non
2041 540 2450 621 pejorare,velit
2473 545 2608 601 nolit
2639 565 2650 575 ·
2684 562 2788 605 non
2818 567 2885 620 po
2899 561 3003 609 test
3025 558 3273 626 periurus
3288 560 3517 619 salutem

1905 633 2185 701 consequi.
2214 618 2448 690 Sufficit
2492 654 2658 694 unum
2709 618 3136 715 perj—urium,‘ut-
3154 664 3320 707 totum
3352 660 3518 725 perli-

1903 722 2031 788 ciat,
2065 734 2121 778 et
2150 733 2318 780 totum
2349 730 2506 786 nobis
2535 733 2856 803 supplicium
2918 740 3155 797 inducat.
3201 746 3328 802 Ideo
3354 722 3514 806 nobis

1904 815 2056 885 ipsis,
2105 832 2307 888 quaeso,
2342 824 2721 893 attendamus;
2768 840 2825 885 ut
2852 848 3068 902 pinnam
3101 838 3259 907 hujus
3305 847 3512 913 peccati

1902 906 2217 978 effugientes
2256 913 2623 973 misericordia
2657 921 2750 977 Dei
2787 924 3093 996 dignemur,
3126 906 3375 1003 gratia-et
3406 942 3509 994 mi-

1901 1003 2264 1060 serationibns
2292 1009 2549 1080 nnigeniti
2576 1014 2694 1084 ejus
2726 1016 2867 1084 Filii,
2891 1023 3105 1091 quicum
3138 1028 3281 1082 Patri
3314 1041 3368 1085 et
3392 1033 3515 1102 Spi-

1902 1095 2029 1148 ritui
2074 1109 2261 1152 sancto
2310 1100 2499 1170 gloria,
2529 1104 2837 1175 imperium,
2871 1112 3065 1178 honor,
3102 1134 3246 1175 nunc
3270 1131 3325 1175 et
3355 1139 3499 1177 seut-

1908 1200 2020 1255 per,
2054 1197 2110 1242 ct
2136 1190 2186 1243 in
2214 1193 2412 1248 sazcula
2436 1197 2782 1257 saeculorum.
2823 1207 3016 1262 Amen.

1473 1395 1826 1460 HOMILIA
1867 1394 2043 1460 XIII.

172 1548 307 1606 Car.
338 1549 397 1606 5.
430 1567 483 1603 v.
519 1552 610 1606 17.
639 1548 935 1622 Exsurgens
965 1560 1134 1605 autem
1153 1551 1388 1621 princeps
1430 1546 1753 1602 sacerdotum
1772 1584 1785 1607 ,

244 1653 292 1695 et
320 1659 499 1697 omnes
527 1643 615 1711 qui
638 1659 755 1697 cum
776 1643 868 1697 illo
896 1653 1061 1707 erant,
1096 1657 1210 1713 qua:
1240 1652 1312 1696 est
1342 1640 1551 1695 heresis
1575 1638 1789 1694 Saddu-

245 1750 472 1789 eteorum
494 1777 509 1800 ,
538 1736 719 1807 repleti
745 1744 863 1790 sunt
890 1736 1020 1801 zelo,
1052 1735 1141 1790 I8.
1193 1744 1241 1788 et
1280 1734 1566 1804 injecerunt
1608 1748 1790 1785 manus

240 1828 296 1879 in
318 1829 604 1896 apostolos,
626 1840 673 1883 et
694 1838 969 1899 posuerunt
987 1844 1072 1882 eos
1099 1829 1152 1881 in
1179 1829 1413 1881 custodia
1434 1825 1660 1897 publica.

241 1918 296 1972 l.
324 1917 472 1973 Nihil
498 1920 861 1990 impudentius
884 1920 1248 1990 audaciusque
1288 1918 1512 1973 malitia.
1564 1916 1783 1971 Illorum

162 2011 383 2079 experti
417 2011 785 2066 fortitudinem
814 2012 1006 2076 exiis,
1051 2027 1171 2083 quae
1216 2013 1368 2081 prius
1418 2018 1781 2073 attentarant,

166 2110 417 2157 attamen
456 2103 636 2158 denuo
689 2104 1072 2175 aggrediuntur
1122 2112 1178 2158 et
1227 2105 1423 2158 iterum
1473 2103 1777 2168 insurgunt.

162 2195 310 2262 Quid
337 2197 443 2251 sibi
472 2198 584 2252 vult
605 2197 735 2253 illud
762 2241 777 2264 ,
812 2198 1109 2269 Exsurgens
1141 2200 1380 2269 princeps
1420 2199 1779 2261 sacerdotum,

160 2301 210 2341 et
238 2306 425 2344 ontnes
450 2292 666 2353 quicum
689 2292 782 2346 illo
803 2291 989 2346 erant?
1014 2292 1292 2346 Excitatus
1320 2301 1420 2353 est,
1459 2290 1663 2360 inquit,
1717 2289 1781 2341 iis

158 2398 286 2452 qur
317 2383 629 2439 acciderant
674 2394 999 2441 commotus.
1045 2384 1116 2439 Et
1160 2386 1445 2456 injecerunt
1491 2398 1676 2438 manus
1724 2383 1779 2436 in

165 2477 450 2545 apostolos
472 2518 490 2544 ,
516 2488 563 2531 et
586 2489 863 2550 posuerunt
892 2495 977 2534 eos
1001 2479 1057 2533 in
1082 2480 1310 2534 custodia
1359 2479 1580 2547 publica.
1626 2477 1779 2533 Nunc

162 2570 549 2626 vehementius
571 2572 691 2627 illos
719 2573 1072 2628 insectantur.
1107 2573 1217 2627 Nec
1244 2573 1424 2627 statim
1455 2572 1523 2627 de
1549 2571 1653 2625 illis
1690 2572 1779 2640 jus

156 2661 378 2727 dicant,
410 2673 684 2733 sperantes
698 2664 817 2719 illos
845 2665 1234 2720 mansuetiores
1259 2665 1395 2720 fore.
1421 2665 1488 2719 Et
1507 2665 1773 2720 undenam

157 2756 339 2825 liquet
370 2755 492 2810 illos
511 2756 878 2813 vehementius
904 2759 1197 2816 insectatus
1218 2761 1384 2815 esse?
1408 2760 1484 2815 Ex
1513 2775 1601 2826 eo,
1630 2761 1771 2831 quod

153 2848 450 2914 posuerint
499 2849 617 2905 illos
642 2851 696 2904 in
723 2852 968 2906 custodia
995 2852 1230 2923 publica.
1276 2854 1485 2908 Rursus
1532 2855 1774 2909 incidunt

156 2941 210 2992 in
242 2940 491 3010 pericula
517 2984 533 3009 ,
561 2952 616 2998 et
644 2959 835 2999 rursus
867 2945 962 3001 Dei
1008 2948 1235 3017 gratiam
1284 2949 1670 3019 experiuntur;
1717 2961 1773 3004 et

151 3033 475 3100 quomodo,
526 3034 647 3091 audi
698 3038 978 3107 sequentia
1009 3054 1023 3090 :
1064 3039 1151 3093 I9.
1194 3039 1419 3111 Angelus
1457 3051 1625 3095 autem
1661 3039 1765 3095 Do-

150 3126 281 3179 mini
313 3144 411 3197 per
436 3138 629 3182 noctem
673 3132 879 3200 aperuit
912 3132 1110 3201 januas
1145 3134 1364 3187 carceris
1389 3174 1403 3195 ,
1452 3143 1501 3186 et
1549 3134 1770 3187 educens

151 3234 257 3280 eos,
287 3218 468 3273 dixit:
500 3219 587 3275 20.
618 3218 720 3288 Ite,
753 3232 802 3275 et
822 3232 1015 3277 stantes
1041 3223 1312 3293 loquimini
1332 3226 1383 3278 in
1416 3228 1606 3294 templo
1631 3226 1768 3297 plebi

148 3311 331 3363 omnia
357 3310 507 3365 verba
527 3314 640 3367 uitta
664 3315 838 3385 hujus.
870 3315 983 3372 Hoc
1012 3326 1067 3372 et
1094 3318 1147 3372 in
1178 3318 1392 3371 illorum
1436 3320 1768 3376 consolatio-

148 3416 300 3468 nem,
329 3408 390 3456 et
417 3402 468 3457 in
497 3403 685 3459 horum
714 3406 996 3464 utilitatem
1024 3424 1087 3464 ac
1107 3409 1409 3465 doctrinam
1436 3411 1635 3467 factum
1658 3423 1760 3467 est.

147 3494 214 3548 Et
246 3496 381 3551 vidc
406 3539 419 3561 ,
447 3498 588 3568 quod
619 3500 671 3553 in
697 3498 915 3556 Christo
936 3544 952 3568 ,
984 3502 1037 3557 id
1067 3499 1227 3558 etiam
1260 3520 1405 3560 nunc
1433 3506 1633 3562 evenit.
1657 3508 1763 3561 Pa-

143 3596 283 3641 trata
313 3588 461 3642 enim
491 3591 743 3647 miracula
772 3609 877 3649 non
901 3595 1032 3649 sinit
1059 3610 1155 3651 eos
1182 3597 1369 3652 videre
1398 3638 1413 3665 ,
1445 3599 1540 3654 sed
1584 3600 1760 3667 aliqua

145 3689 409 3750 apparat,
435 3697 501 3735 ex
532 3685 728 3753 quibus
755 3687 858 3741 hoc
883 3687 1127 3742 ediscant
1151 3706 1166 3754 ;
1195 3699 1252 3744 ut
1285 3692 1337 3745 in
1364 3694 1760 3750 resurrectione

144 3785 238 3825 sua
270 3788 388 3825 non
414 3776 657 3841 permisit
680 3791 776 3832 eos
802 3777 989 3834 videre
1045 3781 1320 3851 quomodo
1365 3788 1753 3852 resurrexerit;

140 3863 354 3935 indigni
384 3866 524 3921 enim
551 3878 705 3923 erant
723 3870 813 3941 qui
838 3871 978 3928 hanc
1005 3871 1284 3939 viderent;
1309 3876 1404 3931 sed
1435 3878 1754 3934 ostenditex

139 3955 238 4019 iis,
274 3974 405 4027 qua:
434 3968 563 4015 tunc
589 3961 733 4017 fecit.
768 3962 1032 4021 Similiter
1061 3980 1183 4020 cum
1228 3982 1423 4037 aquam
1470 3970 1523 4039 ip
1567 3971 1754 4028 vinum

140 4050 377 4103 mutavit
395 4090 411 4114 ,
440 4052 531 4120 qui
558 4051 974 4111 discumbebant
998 4072 1103 4113 non
1130 4059 1335 4129 vident,
1370 4070 1557 4132 utpote
1582 4065 1749 4130 ebrii;

133 4141 510 4213 judiciumque
547 4145 667 4199 aliis
719 4150 1000 4216 permittit.
1050 4152 1141 4207 Sic
1174 4162 1231 4207 et
1255 4169 1397 4209 nunc
1422 4156 1616 4211 factum
1645 4167 1747 4213 est.

135 4230 271 4287 Nam
302 4232 468 4297 illos,
511 4234 602 4305 qui
651 4236 1064 4308 edocebantur,
1116 4260 1224 4299 non
1274 4244 1495 4309 vident;
1553 4244 1749 4305 indicia

136 4338 265 4379 vero
289 4366 308 4389 ,
352 4340 422 4379 es
446 4327 637 4396 quibus
659 4339 909 4399 poterant
936 4347 1025 4388 res
1049 4348 1229 4404 geStas
1268 4337 1516 4395 ediscere
1536 4382 1551 4407 ,
1604 4342 1749 4397 vidc-

131 4427 280 4471 runt.
314 4416 431 4473 Cur
453 4435 549 4490 per
585 4432 795 4478 noctem
825 4428 1005 4481 emisit
1052 4429 1215 4485 illos?
1252 4432 1387 4498 Quia
1437 4434 1530 4489 illo
1576 4438 1747 4507 magis

133 4523 292 4576 quam
345 4509 453 4564 alio
498 4512 658 4569 modo
705 4516 837 4570 ﬁdes
882 4518 988 4572 'rllis
1038 4519 1280 4578 habenda
1310 4537 1427 4580 erat
1460 4545 1473 4580 :
1508 4527 1741 4599 alioquin

135 4615 238 4654 non
270 4600 356 4655 illi
389 4602 455 4657 ad
486 4605 924 4677 interrogandum
951 4613 1264 4683 venissent,
1294 4619 1378 4679 vel
1425 4622 1533 4675 alio
1584 4625 1743 4680 tnodu

133 4691 292 4746 etiam
322 4735 339 4755 ,
375 4694 473 4763 ipsi
502 4712 605 4752 non
642 4701 1024 4759 credidissent.
1050 4705 1141 4761 Sic
1165 4718 1220 4762 et
1248 4711 1390 4779 apud
1421 4724 1632 4770 veteres
1653 4735 1743 4773 ac-

133 4784 297 4851 cidit,
362 4795 419 4840 ut
467 4786 978 4850 Nabuchodonosori
1014 4814 1028 4851 :
1076 4800 1210 4854 vidit
1248 4803 1529 4860 laudantes
1572 4808 1739 4863 Deum

134 4891 334 4943 pueros
366 4879 417 4933 in
447 4884 659 4937 camino
691 4885 830 4955 ignis
861 4886 1037 4957 (Dan.
1068 4892 1129 4967 3.
1148 4892 1211 4949 91
1240 4894 1297 4963 ),
1330 4905 1382 4951 et
1416 4909 1542 4955 tunc
1562 4902 1739 4956 obstu-

134 4968 384 5037 pefactus
406 4982 509 5027 est.
536 4974 668 5029 Cum
699 4982 1029 5048 uportuisset
1062 5000 1191 5055 ergo
1225 4990 1455 5058 primum
1502 4995 1737 5051 interro-

130 5078 252 5133 gare
277 5108 295 5132 ,
327 5064 614 5132 Quomodo
639 5074 841 5141 egressi
871 5078 1043 5131 estis?
1069 5080 1354 5152 illisquasi
1381 5086 1513 5141 nihil
1539 5089 1734 5146 factum

132 5168 304 5224 esset,
373 5159 749 5232 interrogant,
802 5167 1044 5224 dicentes
1086 5187 1100 5223 :
1144 5171 1336 5229 Nonne
1391 5181 1735 5252 prwcipienao

131 5250 471 5318 ρταιρὲιηαε
492 5254 626 5308 nobis
646 5273 709 5309 ne
728 5258 1008 5326 loquamini
1030 5263 1054 5315 ?
1085 5264 1149 5318 Et
1172 5266 1315 5331 vide,
1345 5250 1617 5338 quomodo
1642 5292 1736 5343 per

130 5340 258 5396 alios
285 5344 475 5397 omnia
502 5345 729 5402 discant.
760 5350 955 5406 Vident
984 5356 1128 5410 enim
1163 5357 1405 5415 clausum
1433 5378 1731 5432 carcerem,

130 5443 177 5484 et
199 5436 466 5490 custodes
493 5449 697 5494 stantes
727 5452 851 5499 ante
866 5445 1079 5514 jannas.
1108 5450 1197 5504 21.
1250 5452 1351 5519 Qui
1387 5472 1504 5510 cum
1552 5460 1730 5513 audis-

129 5539 265 5591 sent,
296 5530 621 5584 intrauerunt
649 5534 877 5592 diluculo
924 5540 978 5593 in
1023 5544 1307 5611 templum,
1360 5557 1405 5600 et
1454 5550 1727 5607 docebant.

130 5620 415 5675 Adveniens
435 5634 607 5677 autem
632 5628 870 5698 princeps
897 5633 1215 5689 sacerdotum
1242 5677 1258 5703 ,
1293 5648 1339 5693 et
1383 5643 1471 5710 qui
1510 5660 1625 5697 cum
1671 5663 1729 5700 eo

128 5723 295 5780 aaut,
326 5728 732 5771 concucurrerunt
751 5723 1046 5792 concilium,
1076 5738 1124 5781 et
1148 5745 1321 5785 omnes
1350 5734 1573 5791 seniores
1594 5737 1728 5805 ﬁlio-

127 5821 226 5860 rum
258 5807 458 5874 Israel,
491 5821 536 5864 et
564 5814 807 5868 miserunt
833 5818 901 5871 ad
928 5835 1182 5878 carcerem
1226 5836 1280 5878 ut
1327 5829 1721 5891 adducerentur.

125 5893 201 5949 ἢ
228 5899 370 5954 Cum
395 5912 563 5958 autem
590 5908 836 5963 venissent
864 5911 1104 5983 ministri,
1134 5925 1379 5985 etaperto
1406 5938 1606 5978 carcere
1626 5945 1724 5982 non

1899 1544 2202 1605 inuenissent
2243 1554 2395 1625 illos,
2444 1568 2630 1618 reversi
2674 1571 3058 1645 nuntiaverunt,
3093 1580 3187 1637 23.
3238 1588 3459 1645 dicentes
3491 1604 3509 1641 :

1898 1636 2172 1700 Carcerem
2198 1649 2400 1715 quidem
2428 1656 2709 1715 inuenimus
2735 1669 2965 1723 clausum
2992 1690 3109 1729 cum
3134 1684 3274 1734 omni
3293 1684 3509 1758 diligen-

1900 1733 1970 1758 ιε,-
2025 1746 2064 1758 -.
2255 1744 2266 1758 ι
2384 1757 2388 1758 ν

1896 1733 1988 1797 tia,
2018 1746 2064 1788 et
2084 1744 2319 1797 custodes
2346 1757 2537 1805 stantes
2578 1765 2697 1808 ante
2731 1760 2961 1828 ianuas;
3010 1772 3295 1837 aperientes
3338 1733 3504 1836 mrtem

1896 1827 2147 1883 neminem
2174 1834 2312 1890 intus
2332 1839 2633 1900 inuenimus.
2673 1849 2881 1919 Duplex
2915 1864 3179 1919 secnritas
3210 1878 3267 1921 ut
3315 1870 3371 1925 in
3419 1889 3504 1929 se-

1894 1924 2079 1989 pulcro
2103 1971 2118 1993 ,
2160 1931 2493 2001 signaculum
2546 1953 2601 1998 et
2647 1945 2914 2007 homines.
2947 1957 3103 2024 Vide,
3128 1982 3288 2035 quam
3320 1986 3501 2031 essent

1896 2012 1999 2035 πμ
2174 2023 2236 2033 ..
2294 2026 2337 2035 --
2461 2033 2469 2035 ς

3022 2012 3103 2024 νντ
3130 2012 3288 2035 -ι-ν---ι
3320 2012 3500 2031 vacva“.

1895 2012 2006 2069 Deo
2037 2018 2259 2077 inimici.
2294 2026 2544 2087 Harccine
2572 2036 2805 2098 humana
2829 2061 2985 2104 erant
3006 2094 3020 2115 ,
3052 2054 3138 2110 dic
3167 2062 3335 2129 mihi,
3382 2084 3500 2136 qua,

1895 2110 2028 2136 Λευ-ι...
2065 2113 2183 2136 211--
2215 2117 2237 2136 ι·
2281 2129 2313 2136 κ.
2494 2128 2547 2136 ν-
2645 2134 2653 2136 -
2709 2134 2716 2136 Α

3008 2110 3017 2115 _
3320 2110 3335 2129 ,
3423 2110 3493 2126 ...η

1889 2110 2032 2165 circa
2064 2113 2186 2168 illos
2215 2117 2351 2174 facta
2380 2128 2686 2200 sunt?quis
2707 2134 2826 2193 illos
2848 2142 3233 2219 eduxitjanuis
3258 2110 3458 2217 clausis
3483 2209 3493 2218 .

1888 2206 2161 2269 qumnodo
2172 2212 2419 2270 exierunt
2433 2224 2746 2281 custodibus
2757 2242 2881 2289 ante
2895 2206 3347 2304 loresstantibus?
3366 2255 3497 2315 Vere

1889 2294 2035 2315 ι’.-μνιρ
2053 2299 2086 2315 -“
2239 2313 2247 2315 λ
2307 2305 2320 2315 “
2373 2309 2385 2315 ⁵

3060 2294 3338 2304 “eum.-.
3377 2294 3493 2315 ,υιυ

1887 2294 2183 2355 furentium
2199 2305 2544 2366 etebriurttm
2564 2318 2727 2375 verba
2754 2337 2901 2384 sunt.
2931 2330 3082 2398 Quos
3108 2354 3217 2395 non
3247 2343 3493 2407 detinue-

1885 2398 2012 2443 runt
2037 2408 2225 2451 carcer
2252 2410 2307 2454 et
2332 2403 2544 2463 vincula
2574 2409 2827 2487 foresque
2848 2422 3049 2482 clausae
3076 2472 3089 2495 ,
3120 2432 3287 2493 hosce
3312 2456 3493 2510 Spera-

1886 2480 2010 2510 sm...
2067 2500 2122 2510 ι.-
2179 2505 2296 2510 μμ-

2740 2480 2753 2487 -
3029 2480 3041 2482 ν
3077 2480 3089 2495 ι
3120 2480 3287 2493 "ww
3312 2480 3492 2510 °t"-""

1886 2480 2015 2537 bant
2066 2500 2127 2543 se
2178 2505 2337 2559 posse
2392 2513 2673 2575 superare,
2730 2511 3099 2585 insipientium
3144 2535 3492 2597 puerulorum

1883 2590 2036 2633 more
2076 2580 2275 2639 affecti.
2315 2587 2545 2649 Ministri
2586 2613 2750 2667 porro
2787 2621 2976 2666 eorum
3024 2580 3163 2672 idco'
3197 2625 3396 2683 adsunt
3440 2644 3490 2689 et

1883 2666 2025 2689 l._‘__
2224 2679 2248 2689 Α

2587 2666 2599 2667 7
3025 2666 3144 2672 ν-νν
3197 2666 3396 2683 "usit-IIII
3440 2666 3490 2689 α

1882 2666 2082 2727 factum
2110 2679 2458 2747 conﬁtentur,
2477 2698 2534 2743 ut
2557 2707 2774 2752 omnem
2804 2701 2911 2758 illis
2938 2710 3232 2771 excludant
3259 2736 3496 2779 excusa-

1887 2763 2051 2821 tionis
2094 2784 2307 2827 ansam.
2356 2777 2547 2836 Viden’
2590 2788 2851 2851 miracula
2892 2796 3107 2859 diversa
3134 2850 3149 2873 ,
3215 2814 3319 2867 alia
3367 2818 3488 2875 aliis

2296 2867 2310 2875 -

1880 2855 2122 2964 adjecta;
2155 2867 2401 2935 quadam
2452 2875 2522 2929 ab
2568 2878 2673 2935 illis
2718 2883 2891 2953 facta,
2924 2855 3172 2961 qurcdam

1878 2963 1998 3016 quae
2021 2954 2183 3008 etiam
2223 2959 2451 3018 clariora
2498 2975 2695 3028 erant?
2724 2976 2873 3035 Bene
2914 2986 3113 3044 factum
3137 3035 3151 3057 ,
3198 2954 3340 3067 quod
3379 2955 3485 3063 ιιοᾶ

1877 3045 2058 3097 statim
2105 3049 2236 3118 ipsis
2273 3058 2575 3117 nuntiatum
2603 3068 2706 3135 sit,
2753 3074 2847 3129 sed
2878 3080 3028 3146 prius
3056 3045 3482 3157 anxiilfuerint.

1876 3144 1935 3190 ut
1980 3138 2410 3207 internoscentes
2450 3155 2687 3216 divinam
2720 3181 2841 3223 esse
2864 3172 3117 3232 virtutem
3144 3224 3158 3242 .
3192 3186 3271 3241 sic
3299 3197 3480 3251 omnia

1878 3228 2013 3251 At---
2044 3243 2081 3251 ν-
2135 3237 2198 3251 Δ·
2294 3242 2339 3251 ’-

3144 3228 3158 3242 ,
3192 3228 3271 3241 -.ν
3299 3228 3480 3251 om"...

1874 3228 2105 3289 discant.
2135 3237 2227 3293 ει.
2262 3242 2364 3298 «Ut
2394 3260 2576 3306 autem
2600 3258 2889 3319 audierunt
2923 3268 3026 3327 hos
3070 3290 3356 3340 sermones
3372 3306 3488 3343 ma-

2972 4344 2977 4345 .
3006 4344 3145 4352 --—-.-
3171 4344 3376 4361 -ιιιυιιιι
3413 4344 3469 4366 «1-

1855 4344 1932 4396 vit
1957 4362 2052 4403 eos
2074 4390 2091 4413 ,
2122 4352 2308 4410 dicens
2338 4376 2350 4410 :
2381 4360 2470 4415 28.
2500 4364 2688 4425 Nonne
2719 4379 3082 4450 prmcipiendo
3108 4344 3469 4469 prmCCpin'tsus

1855 4437 2006 4469 ιιηιιῖο
2043 4457 2109 4469 -Λ
2138 4444 2404 4469 JA—---"‘
2437 4454 2449 4464 ”
2652 4463 2662 4469 ’

2719 4437 2732 4443 -
2887 4437 2897 4450 ι
2955 4437 3076 4442 ν-ί-ν
3150 4437 3281 4453 -υυυυ
3330 4437 3469 4459 ιιιιυσ

1855 4437 2008 4493 vobis
2043 4457 2110 4497 ne
2135 4444 2407 4505 doceretis
2435 4454 2487 4508 in
2518 4463 2738 4520 nomine
2783 4469 2927 4526 isto?
2967 4476 3036 4532 Et
3078 4437 3206 4541 ecce
3244 4437 3472 4563 reliueus

1858 4528 2149 4563 ιΔ-ΙΙΟΑΙΛ-ιι
2187 4539 2351 4563 ..-Αι-¹
2407 4562 2415 4563 κ

2968 4528 3033 4532 “““
3081 4528 3205 4541 “’ννν
3244 4528 3301 4545 IV
3326 4528 3455 4551 ιιυιιὲ

1851 4528 2151 4591 Jerusalem
2183 4539 2427 4600 doctrina
2456 4563 2657 4623 vestra,
2681 4570 2730 4613 et
2778 4565 2940 4622 vultis
2986 4573 3246 4636 inducere
3296 4528 3455 4658 éttper

1853 4639 1949 4658 nnc
1974 4632 2289 4658 conn-dna...
2322 4634 2422 4658 L-“
2456 4641 2467 4658 ,-
2514 4643 2525 4652 -
2590 4650 2599 4658 .
2643 4649 2671 4658 ν.
2857 4657 2869 4658 γ

1852 4639 1950 4679 nos
1974 4632 2291 4699 sanguinem
2322 4634 2557 4698 hominis
2587 4649 2757 4706 istius.
2788 4672 2809 4708 ι
2840 4657 2976 4725 Quid
3010 4665 3171 4737 igitur
3194 4632 3450 4744 nmmum.

1852 4718 2046 4744 II-_.-..-
2080 4738 2187 4744 -.,_,_
2520 4738 2548 4744 .-

2849 4718 2882 4725 Ἰ
3028 4718 3158 4737 σί---
3194 4718 3223 4726 “
3252 4718 3450 4741 mw...

1850 4718 2049 4775 Iterum
2073 4738 2193 4778 cum
2216 4738 2988 4816 mansuetudinealloquuntur
3002 4775 3124 4827 eos;
3153 4718 3364 4827 tametsi
3384 4776 3455 4829 di-

1846 4823 1971 4866 cere
1988 4824 2264 4883 poterant:
2285 4822 2513 4889 Quinam
2529 4836 2661 4888 estis
2679 4846 2888 4913 vos,qui
2906 4858 3175 4912 contraria
3195 4862 3303 4917 Deo
3320 4882 3448 4935 pta»

1846 4902 2059 4935 nln;i:.9
2110 4910 2216 4935 Ω.-.ι
2257 4932 2295 4935 _,
2327 4918 2338 4927 -
2360 4919 2413 4935 η.
2457 4922 2491 4935 ,ι

1845 4902 2059 4973 cipitis?
2110 4910 2216 4967 Sed
2249 4918 2413 4985 quid?
2454 4922 2686 4984 Rursum
2732 4950 3014 4999 monentes
3062 4961 3117 5004 et
3166 4902 3456 5021 consilium

1848 4995 2033 5021 A-_.--
2088 5020 2097 5021 κ
2537 5018 2569 5021 ’⁷

2965 4995 3010 4999 ν-
3064 4995 3116 5004 ν-
3166 4995 3445 5019 υυιΙοΙιΙΙΙΙΙΙ

1845 4995 2036 5056 dantes
2076 5020 2198 5059 cum
2230 5018 2646 5076 mansuetudine
2674 5034 3024 5097 respondi-nt.
3073 5042 3162 5099 9.9.
3212 5049 3445 5121 Respon-

1845 5088 1970 5121 ΑΔ...
1996 5105 2161 5121 λυουμ
2196 5097 2327 5121 Πηηκ
2437 5118 2446 5121 -
2665 5116 2696 5121 υ
2744 5120 2749 5121 ⁷

2767 5088 2779 5097 _
2950 5088 3023 5091 ην-
3075 5088 3162 5099 -ν-
3212 5088 3313 5104 naua
3354 5088 3445 5108 υη·

1844 5088 1970 5144 dens
1993 5105 2163 5149 autem
2191 5097 2373 5158 Petrus
2399 5118 2446 5160 et
2471 5116 2696 5180 apostoli
2715 5120 2954 5180 dixerunt
2980 5147 2999 5183 :
3020 5131 3238 5193 Ubedire
3255 5088 3458 5213 optinet

1853 5182 1953 5213 n-..
1985 5192 2144 5213 ωμε-
2188 5210 2237 5213 μ
2366 5200 2377 5213 ·
2480 5204 2491 5213 ·
2538 5207 2572 5213 ’·

2983 5182 2991 5183 ί
3029 5182 3049 5186 ν
3069 5182 3235 5193 -----ν
3255 5182 3367 5213 υμυι
3384 5182 3443 5207 σει

1842 5182 1954 5239 Deo
1984 5192 2146 5259 magis
2175 5210 2329 5264 quam
2355 5200 2663 5263 hominibus.
2707 5213 2895 5287 Magna
2929 5222 3237 5293 Itnfusmodi
3273 5241 3443 5307 philo-

1844 5280 2025 5307 ρΛ-ιῑ-ει.
2090 5301 2179 5307 ----
2230 5306 2235 5307 ,
2261 5301 2296 5307 κ.
2396 5295 2408 5307 ι

1842 5280 2051 5349 sophia,
2084 5301 2186 5355 qua
2219 5295 2511 5353 ostendunt
2555 5304 2675 5360 illus
2718 5325 2842 5365 cum
2890 5317 3002 5371 Deo
3048 5280 3305 5396 pugnareI.
3354 5341 3444 5395 δυ.

1852 5373 1977 5396 n____
2085 5392 2093 5396 _

3048 5373 3074 5392 Γ
3088 5373 3239 5396 ..Ο--υι-
3257 5373 3305 5387 υ.
3354 5373 3442 5395 υυι

1841 5373 1981 5429 Deus
2006 5392 2211 5445 patrum
2243 5398 2532 5447 nostrorum
2560 5402 2823 5458 suscitavit
2852 5407 3053 5480 Iesum,
3081 5436 3227 5489 quem
3256 5445 3342 5483 vos
3365 5434 3442 5488 in«

3038 5470 3052 5480 '
3090 5470 3226 5489 τῆν’-ν
3257 5470 3341 5483 νυν
3365 5470 3442 5488 ση-

1840 5470 2104 5524 teremistis
2127 5481 2488 5546 suspendentes
2515 5488 2567 5541 in
2590 5490 2749 5561 ligno.
2787 5497 2875 5553 51.
2907 5502 3061 5560 Hunc
3088 5515 3369 5587 principem
3403 5542 3451 5584 et

1847 5560 2161 5587 U-l....._..-.__
2207 5586 2215 5587 κ
2296 5573 2326 5587 ι.
2403 5578 2413 5586 .
2466 5577 2498 5587 λ
2648 5585 2654 5587 Α

2631 5560 2641 5561 ί
3106 5560 3251 5570 ν-νυν-
3294 5560 3368 5576 sua
3403 5560 3441 5584 cl

1840 5560 2165 5618 Salvatorem
2190 5573 2433 5629 exultavit
2456 5577 2595 5635 Deus
2620 5585 2831 5644 dextera
2851 5611 2965 5660 sua,
2996 5605 3066 5654 ad
3086 5560 3313 5665 ξιαηάαζη
3338 5634 3441 5685 pm.

1840 5654 2097 5685 ηἷΙΑα-Ιὲηυι.
2138 5658 2315 5685 Ι-μ--1ε
2382 5681 2391 5685 -
2536 5675 2545 5683 .
2609 5679 2618 5685 .

1835 5654 2099 5710 nitentiam
2127 5658 2315 5719 Israelt'
2345 5681 2391 5721 et
2421 5675 2767 5735 remissionem
2801 5701 3147 5755 peccatorum.
3180 5654 3435 5772 Etllllfin-

1834 5748 1971 5817 (ιυίιο
2001 5766 2160 5821 quem
2193 5773 2289 5813 VOS
2319 5765 2613 5833 occidistis,
2670 5775 2811 5831 Deus
2852 5788 3150 5845 suscitavit.
3188 5796 3252 5850 Et
3293 5752 3436 5868 vide,

1837 5840 1977 5868 [δι-.-ξ
2008 5860 2194 5868 --...____
2228 5859 2241 5868 .
2263 5867 2266 5868 ,
2287 5862 2298 5868 -
2469 5860 2477 5868 .
2577 5864 2606 5868 -.

1834 5840 1977 5896 Patri
2008 5860 2198 5902 rursus
2228 5859 2397 5908 totum
2415 5860 2745 5933 adscribunt,
2776 5886 2842 5925 ne
2867 5876 3138 5936 videretur
3164 5903 3284 5943 esse
3306 5846 3440 5946 alio:

1835 5950 1933 5991 nus
1963 5954 1991 5992 a
2024 5939 2202 5999 Patre.
2239 5944 2304 5999 Et
2346 5954 2604 6025 exultauit,
2656 5962 2846 6033 inquit,
2909 5972 3117 6030 dextera
3160 5999 3275 6037 sua.
3326 5985 3446 6041 Hoc
