4088 6326
619 397 717 452 107

613 525 742 565 vero
770 524 873 562 non
898 508 1069 562 solum
1103 509 1566 570 resurrectionem,
1599 508 1691 560 sed
1722 509 1883 562 etiam
1915 507 2194 561 exultatio-

615 618 757 665 nem,
790 602 839 654 id
884 612 987 660 est.
1036 605 1475 671 assumptioueiu,
1520 603 1800 670 significat.
1852 600 1933 652 Ad
1972 602 2195 653 dandum

617 694 961 761 paenitentiam
986 693 1008 745 Ι
1017 696 1189 746 sruoli.

681 787 735 837 2.
767 785 892 837 Vide
920 801 1103 839 rursus
1133 787 1357 846 lui-tum,
1386 794 1438 838 et
1462 784 1791 843 defensionis
1814 800 1964 839 more
1994 784 2194 839 doctri-

616 892 737 929 nam
796 876 1102 945 perfectam.
1152 877 1237 930 59..
1274 876 1338 929 Et
1377 894 1468 929 uos
1510 894 1679 929 sumus
1707 880 1817 946 ejus
1843 886 1987 930 testes
2017 877 2195 928 horum

614 969 900 1022 uerborum.
942 968 1125 1037 Magna
1157 968 1365 1021 dicendi
1415 969 1649 1023 libertas.
1688 969 1885 1022 Deinde
1916 967 1980 1021 ad
2025 968 2195 1021 dictu-

613 1080 730 1131 rum
785 1064 942 1118 ﬁdem
983 1063 1205 1130 adjicit:
1256 1061 1323 1114 Et
1361 1063 1567 1131 spiritus
1594 1073 1831 1129 sanctus,
1872 1078 2015 1127 quem
2058 1062 2196 1113 dedit

610 1155 748 1207 Deus
766 1154 1101 1207 obedientibiis
1116 1154 1230 1206 sibi.
1260 1153 1418 1206 Vides
1433 1152 1701 1222 quomodo
1716 1169 1821 1206 non
1849 1168 1945 1207 suo
1972 1164 2193 1213 tantum,

610 1246 701 1298 sed
734 1246 891 1297 etiam
916 1244 1145 1313 Spiritus
1177 1245 1483 1298 testimonio
1512 1251 1766 1299 utantur?
1788 1244 1895 1299 Nec
1926 1244 2192 1307 dixerunt,

614 1342 771 1404 Quem
800 1339 937 1391 dedit
969 1338 1153 1403 uobis;
1202 1338 1319 1403 sed,
1356 1337 1708 1391 Oberlieutibus
1731 1354 1749 1391 :
1772 1340 1928 1391 simul
1957 1336 2197 1389 modeste

608 1440 845 1497 agentes,
873 1438 928 1483 et
972 1444 1218 1498 magnum
1258 1429 1403 1482 illum
1453 1443 1571 1483 esse
1600 1438 1984 1493 monstrantes,
2016 1427 2195 1481 decla-

614 1534 899 1592 ranteSque
930 1523 1067 1590 quod
1107 1532 1160 1576 et
1188 1522 1285 1590 ipsi
1318 1522 1523 1591 possint
1554 1522 1701 1573 illitiii
1741 1522 2001 1588 accipere.
2044 1519 2192 1581 Vide,

612 1614 881 1684 quomodo
908 1622 962 1668 et
988 1613 1242 1683 aperibus
1272 1623 1321 1666 et
1346 1613 1523 1667 verbis
1546 1612 1879 1675 erudiantur,
1908 1626 2005 1665 nec
2026 1619 2198 1663 atten-

610 1710 738 1760 dant
767 1724 781 1772 ;
816 1716 871 1761 ut
893 1706 1035 1775 justa
1067 1722 1251 1760 eorum
1281 1706 1551 1759 damnatio
1578 1705 1666 1759 sit.
1723 1705 1843 1759 Ideo
1890 1704 2032 1757 enim
2079 1703 2199 1756 illus

614 1799 750 1852 Deus
780 1797 987 1851 sinebat
1013 1799 1063 1849 in
1101 1797 1357 1865 judicium
1388 1797 1597 1860 adduci,
1642 1805 1699 1848 nt
1728 1796 1802 1848 illi
1833 1794 2195 1858 erudirentur,

609 1893 652 1945 si
683 1891 895 1961 quidem
937 1892 1117 1943 uicere
1148 1890 1458 1949 voluissent,
1505 1899 1558 1943 ct
1594 1890 1819 1957 apostoli
1851 1888 1915 1941 ad
1951 1887 2196 1940 lidueiaiii

611 1988 1025 2038 C(illClL‘ll‘Cllllll‘.
1054 1984 1140 2037 55.
1175 1980 1299 2036 Ηαιε
1331 1999 1444 2033 cum
1484 1982 1761 2045 audissent,
1795 1980 2195 2042 dissecabuntur,

610 2090 653 2129 et
681 2076 961 2146 cogitabant
984 2076 1264 2143 inter/icere
1281 2076 1414 2127 illos.
1445 2075 1574 2128 Vide
1597 2075 1863 2144 ingentem
1887 2072 2196 2141 nequitiam.

610 2169 740 2223 Cum
770 2169 1097 2235 oportuisset
1121 2182 1183 2219 ex
1226 2168 1289 2219 iis
1316 2182 1435 2234 quae
1461 2166 1742 2219 audierant
1774 2165 2057 2229 deterreri,
2092 2164 2201 2218 dis-

610 2270 861 2313 secantur
890 2258 986 2321 illi,
1036 2268 1091 2311 et
1124 2257 1191 2310 de
1236 2256 1547 2311 occidendis
1596 2257 1727 2310 viris
1759 2254 1955 2310 frustm
1980 2256 2199 2310 consul-

613 2358 743 2403 tant.
774 2348 878 2403 Sed
904 2363 1123 2403 necesse
1153 2356 1235 2401 est
1277 2348 1523 2415 superius
1554 2346 1689 2400 lecta
1718 2357 1987 2415 repetere.
2025 2348 2193 2417 Ange-

612 2445 691 2496 lus
712 2453 879 2495 autem
908 2441 1115 2494 Domini
1145 2457 1233 2510 per
1262 2450 1457 2493 noctem
1478 2443 1707 2510 aperiens
1724 2444 1917 2510 juituas
1960 2443 2197 2506 carceris,

610 2549 657 2590 et
692 2540 905 2591 educens
950 2552 1035 2589 eos
1061 2535 1187 2587 dixit
1210 2551 1228 2588 :
1256 2532 1357 2598 Ite,
1398 2545 1445 2587 et
1474 2544 1662 2587 stantes
1692 2534 1953 2601 loquimini
1992 2535 2045 2586 in
2072 2544 2201 2587 tem-

613 2630 698 2696 plo
736 2630 867 2701 plebi
906 2630 1075 2682 omnia
1114 2629 1260 2683 verba
1305 2631 1417 2681 vita:
1446 2628 1617 2696 hujus.
1654 2629 1890 2682 Educeiis
1922 2643 1939 2681 :
1968 2645 2072 2682 nun
2114 2630 2202 2683 ille

617 2725 793 2778 educit
820 2738 935 2788 eos,
968 2722 1061 2776 sed
1087 2722 1335 2786 dimittit;
1363 2731 1416 2774 ui
1442 2722 1564 2774 hinc
1591 2722 1901 2774 ostendatur
1923 2722 2203 2790 imperter-

615 2820 747 2872 ritus
792 2819 1003 2871 illoriim
1032 2819 1272 2879 animus,
1324 2830 1481 2884 quem
1516 2816 1614 2883 ipsi
1644 2815 2024 2879 exhibueruut,
2083 2830 2200 2869 cum

614 2916 771 2961 noctu
817 2908 869 2960 in
922 2906 1175 2975 templum
1212 2906 1433 2973 ingressi
1475 2904 1758 2959 decebant.
1804 2905 1955 2972 Quod
2011 2907 2053 2959 si
2086 2906 2203 2959 illos

614 3002 897 3069 eiecissent
940 3000 1188 3053 custodes
1208 3041 1223 3061 ,
1253 3008 1309 3051 ut
1334 2998 1410 3051 illi
1445 2999 1738 3065 putabant,
1774 2998 2040 3067 fugissent
2069 3014 2199 3067 apo-

614 3094 758 3158 stoli,
787 3094 831 3147 si
862 3103 1037 3146 tamen
1066 3092 1564 3159 obtemperassent;
1618 3092 1725 3143 imo
1756 3091 1800 3145 si
1844 3091 1964 3143 illos
1993 3091 2206 3145 emisis-

616 3192 751 3246 seut,
804 3198 908 3236 non
942 3184 995 3235 in
1038 3181 1236 3250 templo
1262 3182 1561 3247 stetissent,
1592 3180 1685 3236 sed
1717 3181 1893 3251 fugam
1923 3180 2194 3243 fecissent,

616 3275 755 3343 quod
810 3289 967 3328 nemo
1016 3288 1119 3326 non
1170 3272 1377 3335 videat,
1428 3273 1529 3325 nisi
1566 3273 1826 3342 insipiens
1875 3274 1963 3327 sit.
2017 3272 2206 3327 Nonne

618 3363 953 3435 prtecipiendo
1005 3364 1329 3433 prwcepimus
1374 3363 1553 3416 vobis?
1599 3364 1652 3415 Si
1707 3364 1889 3433 utique
1937 3364 2013 3419 illi
2052 3364 2204 3419 Vobis

618 3453 1127 3523 obtemperaveriut,
1171 3462 1316 3505 recte
1347 3453 1609 3520 arguitis;
1665 3452 1747 3505 sin
1794 3463 1919 3508 tunc
1968 3454 2206 3509 dixerint

619 3546 768 3599 vobis
807 3559 997 3599 senon
1028 3545 1494 3612 obtemperaturos
1526 3558 1668 3609 esse,
1720 3544 1915 3598 frustra
1959 3548 2202 3616 arguiiis,

622 3641 811 3692 frustra
850 3635 1159 3706 praecipitis.
1192 3634 1324 3689 Vide
1354 3637 1640 3701 criminum
1686 3638 2202 3709 inconsequentiam,

621 3740 674 3783 et
701 3732 967 3799 ingentem
998 3729 1297 3783 stultitiam.
1332 3730 1745 3799 Sauguinarium
1777 3732 1994 3786 demum
2023 3736 2208 3789 volunt

623 3823 907 3877 ostendere
956 3822 1261 3877 Judznorum
1293 3823 1551 3889 animum,
1592 3834 1646 3878 et
1672 3826 1820 3894 quod
1848 3827 1945 3896 ipsi
1980 3844 2085 3882 non
2120 3847 2209 3884 ve-

624 3916 794 3969 ritatis
821 3930 979 3969 causa
1023 3919 1135 3968 haec
1178 3924 1355 3983 agant,
1388 3916 1479 3969 sed
1515 3932 1569 3969 ut
1597 3934 1652 3971 se
1686 3919 2030 3974 ulciscantur.
2085 3924 2209 3979 Ideo

626 4026 728 4062 non
782 4009 1037 4062 audacter
1086 4008 1216 4079 ipsis
1260 4010 1590 4078 respondent
1640 4014 1910 4081 apostoli:
1958 4016 2207 4071 doctores

624 4103 764 4154 enim
797 4110 982 4164 erant;
1024 4102 1124 4155 etsi
1167 4102 1285 4171 quis
1327 4117 1447 4156 cuin
1480 4104 1747 4157 civitatem
1780 4114 1941 4159 totam
1973 4124 2208 4161 commo-

630 4196 808 4259 visset,
835 4206 889 4247 et
916 4204 1058 4247 tanta
1088 4194 1246 4248 fultus
1272 4208 1415 4250 esset
1436 4200 1625 4265 gratia,
1660 4215 1763 4253 ιιοιι
1784 4212 2034 4270 maguum
2060 4203 2209 4272 quid-

630 4286 766 4353 piam
806 4287 1053 4355 loquutus
1101 4290 1285 4343 esset?
1336 4294 1403 4343 At
1445 4307 1547 4345 non
1586 4292 1633 4345 id
1667 4292 1907 4348 fecerunt
1944 4298 2051 4359 illi;
2105 4314 2209 4351 non

629 4380 771 4433 enim
796 4380 1178 4447 irascebantur,
1212 4381 1305 4436 sed
1343 4383 1731 4438 miserabantur
1758 4398 1809 4439 et
1836 4388 2209 4459 lacrymabaii-

629 4483 714 4527 iur
743 4474 881 4537 illos,
913 4481 968 4525 et
994 4472 1383 4533 deliberabant.
1414 4477 1680 4542 quomodo
1714 4480 1827 4530 illus
1854 4480 1920 4531 ab
1949 4495 2131 4534 errore
2159 4494 2213 4535 et

629 4567 702 4617 ira
737 4574 1067 4618 revocarent.
1102 4564 1216 4617 Non
1256 4566 1392 4620 ultra
1437 4567 1620 4619 dicunt
1654 4570 1774 4630 illis,
1829 4571 1924 4624 Vos
1949 4573 2211 4640 judicate;

629 4659 721 4712 sed
777 4658 846 4711 ita
894 4660 1217 4712 sententiam
1271 4658 1469 4726 ferunt,
1528 4661 1688 4727 Quem
1734 4662 1868 4717 Deus
1920 4668 2211 4732 suscitavit;

630 4752 753 4805 hinc
783 4751 1135 4817 declarantes,
1193 4751 1307 4807 haec
1355 4769 1419 4807 ex
1468 4756 1729 4808 sententia
1777 4758 1869 4811 Dei
1911 4758 2044 4813 facta
2072 4777 2209 4815 esse.

630 4842 744 4895 Non
767 4841 1015 4895 dixerunt
1046 4862 1057 4894 :
1084 4844 1275 4897 Annon
1302 4852 1427 4897 tunc
1452 4846 1689 4899 diximus
1725 4849 1873 4901 vobis
1906 4866 1917 4897 :
1949 4848 2066 4902 Non
2097 4871 2213 4919 pos-

628 4950 820 4995 sumus,
852 4950 963 4999 qua:
991 4934 1206 4986 vidimus
1231 4945 1275 4987 et
1305 4938 1611 5003 audivimus,
1666 4956 1766 4992 non
1810 4942 1946 5011 loqui
1996 4944 2129 5011 (Act.
2157 4946 2210 4998 4.

629 5028 765 5093 20)?
807 5043 911 5080 non
940 5029 1081 5080 enim
1116 5029 1437 5081 contentiosi
1462 5040 1648 5091 erant;
1682 5032 1775 5084 sed
1806 5050 1988 5087 rursus
2026 5037 2212 5090 eadem

634 5128 836 5181 dicunt,
866 5120 1078 5172 erucem’
1112 5132 1324 5186 nempe,
1354 5121 1825 5174 resurrectionem.
1866 5122 2047 5193 Neque
2074 5128 2213 5180 rele-

629 5223 752 5265 runt
778 5227 893 5273 cur,
920 5225 1017 5263 nec
1054 5210 1192 5278 quod
1222 5224 1319 5278 pro
1348 5210 1504 5265 nobis
1528 5212 1813 5267 crucifixus
1838 5217 1937 5281 sit;
1969 5217 2062 5271 sed
2085 5219 2215 5273 sub-

634 5303 868 5357 indicant
896 5301 1134 5371 quidem,
1180 5316 1278 5355 nec
1322 5304 1602 5357 manifeste
1652 5305 1957 5376 loquuntur,
1998 5319 2052 5363 ut
2094 5310 2211 5366 illos

634 5397 839 5449 interim
881 5396 1209 5449 deterreant.
1259 5394 1513 5462 Quaenam
1546 5399 1630 5451 liie
1663 5400 1970 5456 rhetorica?
2014 5404 2164 5458 Nulla
2196 5425 2208 5459 :

633 5492 703 5541 ita
735 5488 852 5542 sine
888 5503 1146 5558 apparatu
1178 5492 1514 5562 evangelium
1546 5496 1667 5547 vine
1698 5497 2078 5564 praedicabant.
2114 5499 2212 5555 Ubi

628 5583 782 5644 dixit,
816 5578 1099 5649 Ezaltavit,
1132 5584 1355 5650 addidit,
1390 5602 1489 5653 qua
1536 5586 1603 5641 de
1644 5604 1799 5642 causa
1835 5608 1847 5642 :
1880 5592 1958 5643 Ad
1990 5593 2213 5647 dandam

632 5674 973 5741 paenitentiam
1024 5674 1245 5735 Israeli,
1325 5687 1369 5729 et
1451 5680 1793 5733 remissionem
1870 5695 2209 5752 peccatorum.

632 5766 699 5817 At
753 5765 967 5829 dicent,
1023 5765 1147 5821 llaec
1201 5777 1325 5822 tunc
1372 5770 1669 5837 probabilia
1713 5787 1818 5824 non
1877 5774 2209 5831 videbantur.

632 5858 767 5922 Quid
816 5858 994 5913 dicis?
1032 5860 1298 5928 quomodo
1342 5878 1444 5916 non
1495 5861 1786 5930 probabilia
1834 5866 1960 5933 illa,
2013 5869 2205 5938 quibus

1316 393 1368 448 S.
1409 392 1684 449 JUANNIS
1720 392 2196 448 CHRYSOSTUMI
2235 393 2555 451 ARCHIEP.
2595 385 3125 448 CONSTANTINOP.

3802 394 3899 449 108

2306 523 2407 562 nec
2456 506 2719 576 principes
2768 524 2867 561 nec
2907 508 3186 561 multitudo
3215 508 3584 563 contradicere
3630 517 3895 577 poterant,

2304 600 2398 652 sed
2446 600 2674 652 aliorum
2718 601 2934 666 quidem
2966 617 3059 653 ora
3106 602 3529 664 obiuraliautur,
3576 603 3665 655 alii
3726 613 3899 655 autem

2302 693 2663 747 docebantur?
2694 692 2758 745 Et
2782 710 2872 746 nos
2893 712 3087 757 sumus,
3121 695 3312 766 inquit,
3342 708 3485 750 testes
3514 696 3699 748 horum
3723 696 3899 746 verbo-

2304 801 2433 835 rum.
2464 784 2746 851 Quorum?
2797 785 2949 850 Quod
2986 787 3358 842 remissionem
3384 829 3397 848 .
3445 788 3585 857 quod
3634 790 3899 856 pceniten-

2306 876 2430 928 tiam
2459 877 2765 945 promiserit
2796 892 2808 927 :
2841 892 2963 931 nam
2991 880 3316 933 resurrectio
3339 883 3391 933 in
3415 879 3666 933 confesso
3687 878 3901 932 demum

2303 977 2437 1022 erat.
2471 968 2623 1033 Quod
2669 984 2796 1021 vero
2824 968 2916 1021 det
2943 969 3322 1024 remissionem
3350 1011 3364 1038 ,
3414 981 3469 1024 et
3497 986 3595 1024 nos
3620 980 3784 1025 testes
3814 986 3903 1023 su-

2303 1072 2423 1112 mus
2450 1068 2501 1113 et
2522 1059 2751 1127 Spiritus
2773 1069 3007 1124 sanctus,
3036 1062 3123 1130 qui
3144 1077 3250 1115 non
3278 1062 3534 1123 venisset,
3556 1063 3655 1114 nisi
3677 1074 3897 1131 peccata

2304 1159 2427 1203 ante
2454 1150 2624 1203 soluta
2650 1150 2891 1203 fuissent.
2923 1152 3315 1221 Argumentum
3341 1153 3517 1220 itaque
3545 1153 3898 1205 indubitatum

2305 1240 2407 1294 hoc
2448 1253 2545 1295 ρει.
2603 1240 2951 1295 Peccatorum
3000 1244 3370 1297 remissionem
3404 1244 3579 1307 audis,
3616 1244 3780 1296 miser
3804 1287 3818 1304 ,
3853 1255 3904 1295 et

2302 1332 2444 1399 quod
2472 1346 2653 1399 pceuas
2677 1346 2780 1383 non
2810 1342 3052 1399 repetat,
3085 1344 3139 1386 et
3170 1334 3246 1386 vis
3276 1334 3561 1387 occidere?
3593 1334 3659 1386 Et
3688 1344 3902 1401 quantm

2306 1424 2405 1480 hoc
2434 1426 2681 1494 nequitia!
2712 1441 2817 1485 non
2859 1423 3055 1478 fuerit?
3096 1427 3254 1493 Atqui
3296 1426 3597 1494 oportebat,
3635 1429 3715 1479 vel
3752 1442 3903 1477 meu—

2304 1518 2496 1571 tientes
2529 1517 2887 1585 redarguere;
2922 1518 3003 1571 vel
3032 1518 3074 1570 si
3107 1519 3311 1571 nollent
3332 1520 3575 1583 credere,
3611 1534 3719 1572 non
3749 1521 3892 1572 Occi-

2304 1610 2450 1664 dere.
2488 1610 2624 1676 Quid
2686 1612 2830 1663 enim
2874 1622 3047 1664 morte
3078 1611 3296 1681 dignum
3343 1612 3496 1666 erat?
3560 1618 3627 1666 At
3676 1615 3750 1667 illi
3788 1630 3898 1683 pra?

2304 1700 2483 1756 furore
2516 1719 2581 1758 ne
2619 1703 2834 1771 quidem
2868 1704 3111 1758 sciebant
3140 1706 3264 1774 quid
3293 1704 3491 1760 factum
3522 1718 3684 1759 esset.
3743 1706 3901 1769 Vide,

2302 1796 2571 1861 quomodo
2603 1794 2689 1849 hic
2720 1796 2926 1849 facinus
2956 1806 3338 1861 memorantes,
3372 1798 3437 1852 de
3464 1800 3786 1853 remissione
3816 1800 3898 1853 lu-

2304 1896 2533 1954 quaiitiir
2569 1905 2581 1940 :
2616 1887 2963 1941 ostendentes
2991 1887 3224 1941 facinora
3252 1890 3469 1947 quidem
3513 1900 3687 1944 morte
3740 1891 3905 1960 digna

2305 1994 2441 2042 esse,
2502 1977 2875 2032 remissionem
2927 1995 3053 2034 vero
3083 1981 3235 2048 quasi
3274 1982 3715 2049 resipisceiitibns
3763 1983 3902 2035 dari.

2305 2070 2585 2135 Quomodo
2637 2072 2791 2125 aliter
2825 2071 3132 2139 persuaderi
3166 2082 3433 2142 poterant,
3466 2091 3622 2142 quam
3654 2076 3907 2129 docendo

2308 2164 2430 2218 illus
2462 2165 2538 2217 sic
2583 2164 2716 2217 bene
2758 2176 2973 2217 acturos
3012 2167 3169 2219 esse?
3220 2164 3287 2218 Et
3315 2166 3434 2219 vide
3463 2166 3855 2233 malignitatem
3892 2188 3903 2220 :

2306 2256 2755 2310 Sadduczeosillis
2804 2255 3091 2321 inducunt,
3142 2257 3230 2325 qui
3264 2260 3494 2313 maxime
3538 2258 3605 2311 de
3657 2276 3913 2313 resurre-

2307 2349 2484 2402 ctione
2514 2348 2802 2414 dolebant;
2832 2349 2925 2403 scd
2956 2349 3083 2402 niliil
3111 2349 3215 2404 illis
3236 2351 3433 2404 malitia
3460 2351 3681 2420 profuit.
3707 2352 3909 2405 Verum

2309 2439 2535 2495 fortasse
2568 2440 2707 2494 dicet
2731 2441 2998 2511 quisiiiam
3029 2458 3041 2492 :
3076 2440 3272 2511 Ecquis
3298 2442 3491 2496 talibus
3520 2442 3724 2504 fruens,
3770 2462 3911 2512 qna-

2308 2530 2448 2585 libus
2490 2531 2757 2600 apostoli,
2793 2531 2974 2594 bonis,
3014 2548 3119 2586 non
3154 2547 3377 2603 magnus
3408 2533 3578 2589 factus
3623 2537 3796 2589 esset?
3846 2540 3914 2588 At

2308 2623 2428 2677 vide
2456 2622 2744 2692 quomodo,
2775 2634 3068 2693 antequam
3095 2626 3263 2694 gratia
3293 2625 3619 2690 fruerentur,
3655 2642 3915 2695 persevc-

2310 2724 2495 2768 rantes
2542 2714 2866 2768 unanimiter
2919 2724 3073 2769 erant
3103 2716 3152 2768 in
3186 2716 3449 2779 oratione,
3484 2727 3537 2770 et
3582 2717 3632 2770 in
3674 2734 3912 2786 snperna

2307 2810 2474 2876 gratia
2508 2818 2808 2876 sperantes.
2844 2808 2911 2861 Et
2958 2820 3034 2872 ιιι,
3082 2807 3318 2873 dilecte,
3374 2824 3595 2877 regnum
3648 2810 3912 2863 eielormu

2308 2914 2513 2967 speras,
2533 2909 2585 2951 et
2606 2899 2733 2953 nibil
2766 2900 3032 2954 sustines?
3062 2910 3114 2952 et
3143 2911 3196 2951 tu
3220 2900 3471 2967 Spiritum
3501 2901 3779 2968 accepisti,
3814 2917 3916 2955 nec

2309 2991 2431 3045 talia
2467 2992 2706 3060 pateris,
2753 3006 2929 3061 neque
2961 2991 3329 3061 periclitaris?
3380 2991 3456 3044 Illi
3510 2994 3829 3062 priusquam
3887 3014 3916 3047 ιι

2310 3084 2577 3151 prioribus
2603 3086 2952 3152 respirarcnt,
2976 3100 3160 3139 rursus
3177 3086 3240 3139 ad
3262 3086 3361 3138 alia
3384 3085 3736 3141 ducebantur.
3776 3090 3916 3143 Illud

2310 3184 2486 3229 autem
2519 3177 2688 3245 ipsum
2715 3194 2819 3229 non
2846 3177 3041 3241 inflari,
3076 3194 3174 3232 nec
3201 3195 3332 3231 vana
3360 3180 3532 3248 gloria
3554 3180 3717 3245 allici,
3739 3199 3916 3251 quan-

2314 3278 2421 3322 tum
2467 3278 2545 3323 est
2580 3270 2813 3323 bonum?
2842 3268 2973 3325 Cum
3003 3275 3412 3327 mansuetudine
3442 3274 3610 3341 loqui,
3646 3286 3918 3344 quantum

2310 3372 2393 3415 est
2419 3364 2661 3416 lucrum?
2705 3364 2888 3434 Neque
2933 3367 3077 3419 enim
3132 3368 3311 3421 omnia
3342 3370 3529 3437 gratia:
3571 3378 3765 3433 erant;
3824 3373 3920 3423 sed

2312 3454 2523 3509 illorum
2554 3472 2766 3526 quoque
2798 3458 2959 3511 studii
2993 3459 3185 3513 iudicia
3221 3461 3388 3514 multa
3419 3474 3561 3514 sunt.
3600 3463 3732 3517 Nam
3770 3467 3921 3534 quod

2312 3548 2495 3616 gratia:
2520 3548 2660 3603 dona
2690 3550 2741 3603 in
2783 3549 2889 3604 illis
2919 3551 3285 3621 splenderent,
3342 3569 3527 3607 eorum
3560 3570 3705 3609 cura:
3732 3567 3791 3611 et
3838 3560 3923 3611 di-

2314 3640 2543 3711 ligentia:
2574 3652 2709 3696 erat.

2385 3737 2437 3790 5.
2483 3734 2613 3790 Vide
2642 3753 2869 3807 namque
2898 3735 3079 3791 statim
3109 3754 3136 3791 a
3170 3739 3433 3809 principio
3460 3756 3617 3809 quam
3644 3742 3919 3796 sollicitus

2321 3830 2391 3881 sit
2422 3830 2630 3886 Petrus.
2668 3847 2826 3898 quam
2858 3832 2982 3901 vigil
3012 3843 3064 3885 et
3091 3834 3337 3896 sobrius;
3371 3834 3640 3901 quomodo
3686 3837 3927 3891 creden-

2320 3930 2398 3971 tcs
2433 3921 2685 3987 pecunias
2717 3920 3068 3989 abjiciebaut.
3114 3920 3256 3975 Niliil
3304 3925 3574 3993 proprium
3626 3926 3925 3988 habebant,

2319 4013 2368 4064 in
2403 4015 2645 4066 oratione
2679 4016 3055 4080 versabantur,
3086 4017 3430 4070 conciirdiam
3461 4019 3825 4082 exhibebant,
3877 4024 3927 4074 in

2313 4103 2529 4171 jejuiiiis
2562 4106 2811 4173 agebant.
2861 4106 2985 4160 lltcc
3013 4123 3073 4161 ex
3109 4123 3210 4177 qua
3242 4110 3432 4177 gratia,
3466 4110 3848 4178 (ιιιίιιειιῗιόθο
3878 4114 3927 4165 id

2318 4195 2517 4259 eflicit,
2569 4207 2625 4248 ut
2674 4213 2768 4263 per
2822 4198 3101 4250 ministros
3166 4215 3293 4252 suos
3346 4202 3777 4270 redarguantnr;
3835 4223 3905 4273 qi.

2320 4288 2497 4349 etiam,
2552 4299 2604 4340 iii
2655 4289 2791 4357 apud
2841 4288 3115 4343 (Iliristmn
3142 4292 3288 4342 missi
3317 4292 3584 4355 dicebant,
3619 4292 3930 4364 Numquam

2322 4381 2469 4432 homo
2503 4380 2574 4431 sic
2597 4379 2835 4449 loquutus
2883 4391 2977 4445 cst,
3012 4392 3137 4433 sicut
3186 4383 3265 4433 liic
3310 4384 3457 4435 liomo
3491 4384 3670 4451 (Joan.
3701 4387 3754 4439 7.
3794 4389 3928 4453 46).

2321 4474 2773 4527 antiiiiitiaverunt
2799 4476 2999 4527 reversi
3034 4492 3150 4543 qtuc
3180 4474 3439 4528 viderant.
3473 4477 3549 4531 Tu
3574 4488 3755 4531 autem
3796 4484 3932 4535 inibi

2322 4566 2408 4621 hic
2438 4567 2716 4620 considera
2745 4568 2955 4621 illorum
2986 4568 3474 4633 mansuetudinem,
3518 4574 3801 4639 quomodo
3835 4591 3933 4629 ce-

2322 4661 2453 4713 dunt
2481 4677 2493 4724 ;
2529 4676 2735 4715 necnon
2769 4662 2947 4714 ﬁctam
2997 4662 3253 4731 principis
3282 4665 3621 4717 sacerdotum
3657 4678 3933 4722 mentem.

2324 4753 2591 4806 Mansuete
2620 4753 2763 4805 enini
2797 4754 2900 4804 illis
2932 4754 3188 4822 loquitur,
3224 4764 3408 4822 utpote
3443 4757 3669 4817 timens;
3713 4769 3772 4811 ct
3809 4777 3938 4828 pro-

2321 4844 2504 4899 liibere
2541 4846 2709 4914 magis
2740 4846 2989 4910 volebat,
3038 4860 3194 4923 quam
3235 4845 3497 4908 occidere,
3530 4850 3649 4917 quia
3706 4852 3759 4904 id
3826 4869 3937 4907 non

2326 4949 2527 5006 pulcra'
2596 4942 2769 5009 Atque
2816 4949 2873 4992 ut
2918 4953 3107 4992 omnes
3144 4950 3397 5006 moveat,
3441 4957 3501 4995 ac
3548 4942 3614 4995 de
3662 4950 3937 5000 extremis

2324 5032 2487 5101 pericl
2572 5033 2613 5085 ri
2643 5033 2892 5097 suadeat,
2930 5030 3119 5093 Vultis,
3154 5033 3342 5101 inquit,
3370 5035 3608 5089 inducere
3642 5055 3809 5104 super
3843 5059 3940 5095 nos

2324 5126 2617 5194 sanguinem
2656 5124 2875 5175 hominis
2917 5123 3098 5177 illius?
3148 5125 3337 5181 Adhuc
3381 5127 3541 5180 homo
3574 5130 3666 5182 tibi
3716 5134 3942 5189 videtur

2324 5216 2483 5268 esse?
2517 5214 2588 5268 lia
2631 5216 2785 5277 dixit,
2822 5216 3113 5271 ostendens
3143 5218 3241 5271 lioc
3273 5230 3598 5287 prreceptum
3627 5231 3685 5274 et
3710 5223 3938 5290 jussum

2326 5309 2423 5360 sibi
2460 5310 2588 5376 ipsis
2635 5310 2997 5362 necessarium
3044 5326 3181 5363 esse.
3227 5311 3329 5364 Sed
3380 5311 3501 5366 vide
3549 5313 3677 5382 quid
3734 5316 3940 5371 Petrus

2323 5400 2463 5453 dicat
2494 5419 2505 5452 :
2542 5399 2694 5453 Hunc
2748 5401 3028 5470 principem
3058 5415 3101 5455 et
3132 5404 3448 5457 Salvatorem
3492 5404 3627 5458 Deus
3681 5411 3943 5463 exaltabit

2324 5496 2531 5548 dextera
2554 5512 2667 5557 sua,
2704 5496 2770 5546 ad
2802 5496 3023 5549 dandam
3056 5499 3399 5565 periti/entiam
3428 5499 3634 5566 Israeli,
3670 5514 3720 5555 et
3749 5509 3943 5559 remis-

2323 5591 2513 5642 sionem
2558 5608 2669 5657 prcr
2696 5600 2894 5643 itorum.
2932 5592 3026 5645 llic
3056 5608 3160 5644 non
3189 5594 3719 5662 meininitgcntium,
3776 5611 3840 5653 ut
3876 5618 3945 5655 ne

2326 5700 2507 5738 ansam
2536 5684 2655 5737 dan
2678 5725 2707 5735 η.
2741 5683 2806 5735 Et
2837 5685 3087 5749 volebant,
3116 5686 3305 5753 inquit,
3349 5688 3574 5739 occidere
3601 5687 3745 5743 illos.
3804 5692 3945 5749 \‘itle

2323 5793 2531 5831 rursum
2565 5778 2660 5830 ltus
2689 5777 2738 5829 in
2770 5780 3011 5846 angustia
3041 5789 3093 5832 ct
3121 5778 3308 5832 dolore
3336 5796 3347 5841 ;
3386 5781 3500 5832 illos
3525 5796 3651 5833 vero
3684 5781 3737 5834 in
3773 5790 3942 5853 quia-

2328 5885 2407 5937 te,
2445 5875 2620 5927 latitia
2655 5884 2698 5921 ιιι
2729 5874 3018 5942 voluptate.
3048 5872 3160 5929 Non
3195 5874 3347 5945 simp’
3413 5876 3418 5923 ζ
3658 5876 3938 5943 ἀἱρῖιδιιιη
