4078 6318
214 415 330 467 109

209 526 319 583 sed
381 523 796 579 Diuecabantur.
847 520 961 573 Hoc
1006 523 1091 571 est
1134 512 1287 579 illud,
1319 511 1459 566 male
1496 508 1624 579 pati,
1675 505 1815 559 male

212 622 411 675 facere
440 637 454 672 :
483 628 537 672 ut
567 632 713 671 nunc
736 614 924 669 videre
948 619 1053 666 est.
1085 609 1147 663 lli
1172 609 1222 662 in
1246 620 1465 660 carcere
1485 611 1658 664 erant,
1682 599 1821 668 judi-

211 713 310 766 cio
345 710 711 772 sistebantur;
738 715 795 760 et
820 703 1028 772 judices
1054 702 1109 754 in
1136 699 1377 769 angustia
1409 704 1581 758 erant,
1613 690 1819 748 consilii

212 817 461 871 prorsus
502 808 771 868 expertes.
830 796 978 849 Sicut
1025 794 1166 847 enim
1218 792 1297 853 is,
1352 790 1441 858 qui
1483 787 1818 840 adamantem

211 893 492 967 percutit,
541 891 654 958 ipse
702 888 909 957 plagam
954 885 1189 953 excipit:
1221 884 1290 936 ita
1318 893 1371 935 et
1402 879 1484 933 his
1511 877 1722 931 accidit.
1754 878 1824 928 At

213 985 493 1040 videbant
517 998 619 1036 non
648 981 809 1035 modo
842 981 1076 1048 ipsorum
1104 975 1353 1030 fiduciam
1386 988 1489 1026 non
1514 970 1820 1041 praepediri,

214 1074 331 1130 sed
374 1073 805 1144 [medicationem
837 1072 1003 1138 magis
1027 1067 1236 1136 augeri,
1282 1066 1511 1133 illosque
1538 1065 1654 1116 sine
1680 1070 1824 1114 metu

216 1166 416 1235 loqui,
447 1165 747 1233 nullamque
786 1162 1022 1231 praebere
1059 1174 1263 1213 ansam.
1320 1158 1427 1210 llos
1473 1154 1743 1208 imitemur
1771 1160 1827 1204 et

216 1274 359 1323 nos,
390 1257 584 1322 dilecti,
613 1266 668 1311 et
699 1257 748 1309 in
778 1252 1017 1307 adversis
1050 1250 1393 1320 imperterriti
1437 1249 1624 1302 simus.
1680 1245 1821 1299 Nihil

214 1367 409 1422 grave
432 1360 512 1405 est
547 1351 619 1412 ei,
650 1350 739 1419 qui
771 1350 919 1401 timet
958 1347 1162 1411 Deum;
1213 1344 1306 1399 sed
1360 1360 1465 1397 non
1516 1339 1828 1396 timentibus

215 1460 363 1500 eum
399 1444 569 1512 gravia
599 1444 814 1494 instant.
837 1440 968 1494 Nam
996 1440 1085 1508 qui
1115 1453 1209 1507 per
1234 1437 1480 1489 virtutem
1508 1433 1668 1486 animi
1703 1446 1823 1485 mo-

219 1551 322 1591 tus
382 1544 616 1604 superat,
656 1548 779 1587 cum
828 1532 1110 1599 prmsentia
1154 1530 1296 1583 velut
1330 1528 1571 1581 umbram
1603 1533 1828 1592 prauor-

219 1638 445 1691 cnrrat,
491 1626 615 1695 quid
658 1624 780 1678 mali
803 1625 871 1679 ab
898 1624 1076 1689 aliquo
1106 1617 1376 1689 patiatur?
1424 1617 1550 1687 quid
1577 1613 1829 1668 timebit?

221 1730 283 1776 et
315 1736 427 1775 cur
449 1719 625 1788 gravia
654 1717 739 1770 illa
769 1731 887 1772 esse
915 1713 1161 1783 putabit?
1204 1712 1344 1781 Ergo
1364 1708 1735 1778 confugiamus
1764 1704 1830 1759 ad

225 1816 385 1867 hanc
415 1812 777 1865 inconcussam
810 1820 1036 1876 petram.
1069 1806 1123 1859 Si
1153 1804 1272 1873 quis
1306 1802 1460 1856 nobis
1492 1801 1677 1854 urbem
1704 1813 1832 1851 eon-

220 1914 501 1969 strueret,
531 1912 585 1957 et
606 1917 813 1956 murum
851 1900 1301 1965 circumponeret,
1336 1895 1443 1947 imo
1468 1892 1509 1945 si
1538 1906 1635 1945 nos
1665 1899 1835 1943 trans-

223 1997 415 2052 ferret
470 1997 522 2050 in
580 2005 800 2059 terram,
868 1991 959 2047 ubi
1022 2006 1182 2044 nemo
1236 1988 1495 2052 turbaret,
1548 1994 1601 2039 et
1658 1998 1836 2037 rerum

224 2088 458 2157 copiam
510 2085 895 2155 suppeditaret,
944 2091 1004 2137 ut
1052 2082 1253 2135 nullum
1302 2091 1448 2133 esset
1490 2094 1609 2132 cum
1658 2076 1837 2144 aliquo

224 2181 540 2251 negotium,
595 2194 699 2233 non
742 2180 793 2231 in
840 2186 982 2229 tanta
1013 2190 1111 2229 nos
1141 2175 1429 2228 securitate
1461 2171 1834 2233 constitueret,

224 2276 286 2329 in
357 2281 557 2343 quanta
609 2286 747 2324 nune
793 2268 1059 2324 Christus.
1108 2266 1259 2330 Esto,
1314 2266 1357 2319 si
1404 2264 1598 2334 placet,
1652 2262 1839 2315 civitas

224 2380 416 2429 aerea,
468 2362 644 2417 valido
684 2362 888 2416 circum
936 2374 1092 2413 muro
1143 2357 1350 2412 munita
1397 2365 1452 2409 et
1507 2354 1839 2424 inexpugna-

228 2463 330 2516 bili
369 2478 386 2513 :
427 2458 601 2513 nullus
647 2457 719 2512 illi
761 2456 831 2512 sit
880 2454 1073 2518 hostis,
1128 2462 1325 2506 terram
1362 2450 1557 2503 habeat
1588 2449 1840 2517 pinguem

226 2565 288 2608 ct
321 2553 553 2607 uberem
582 2570 594 2604 :
624 2550 763 2604 adsit
791 2563 1007 2617 quoque
1036 2547 1259 2601 aliarum
1288 2559 1468 2598 rerum
1503 2544 1657 2611 copia
1688 2558 1701 2592 ε
1733 2540 1840 2594 sint

226 2648 395 2698 cives
418 2642 675 2695 mansueti
699 2650 753 2694 et
785 2642 976 2693 mites:
1009 2639 1186 2692 nullus
1215 2636 1286 2691 ibi
1315 2636 1397 2690 vir
1429 2634 1696 2703 malignus
1740 2647 1840 2701 ap-

232 2744 459 2805 pareat,
483 2750 586 2787 non
619 2734 717 2799 fur,
752 2748 858 2786 non
886 2733 1171 2801 expilator,
1203 2747 1307 2784 non
1335 2728 1661 2799 sycophanta
1690 2768 1704 2791 ,
1735 2741 1841 2780 non

232 2830 427 2883 forum
460 2826 733 2899 judiciale,
786 2825 879 2879 sed
923 2833 1071 2893 pacta
1105 2822 1421 2891 simpliciter
1456 2838 1466 2872 :
1500 2829 1555 2873 et
1586 2818 1723 2872 hanc
1753 2817 1845 2870 ha-

233 2923 486 2976 bitamus
523 2920 787 2972 civitatem
820 2936 834 2971 :
869 2932 1043 2986 neque
1069 2917 1146 2969 sic
1190 2925 1365 2969 tamen
1407 2929 1596 2967 secure
1638 2914 1844 2965 vivere-

234 3029 393 3067 mus.
423 3011 635 3077 Quare?
679 3010 812 3077 Quia
845 3010 1208 3063 necessarium
1259 3018 1422 3070 esset,
1480 3022 1598 3061 cum
1652 3006 1845 3069 servis,

235 3120 374 3159 cum
412 3118 573 3156 uxore
602 3112 655 3157 et
684 3117 804 3155 cum
837 3101 959 3155 filiis
989 3100 1256 3163 altercari,
1312 3098 1573 3166 multique
1598 3097 1847 3150 maeroris

238 3206 401 3252 esset
431 3196 657 3249 occasio.
690 3194 787 3248 llic
812 3208 941 3247 vero
966 3193 1100 3246 nihil
1126 3190 1432 3261 hujusmodi
1456 3209 1468 3242 ε
1493 3190 1623 3243 nihil
1651 3190 1849 3259 quippe

238 3298 398 3351 erat,
425 3286 562 3353 quod
593 3288 677 3339 vel
708 3301 997 3339 maerorem
1025 3285 1106 3339 vel
1132 3284 1371 3339 dolorem
1396 3284 1631 3338 afferret.

324 3379 587 3432 Gaudium
636 3386 804 3431 eorum
845 3379 931 3447 qui
979 3389 1184 3447 propter
1212 3377 1470 3430 Christum
1494 3377 1851 3445 patiuntur.—

240 3470 357 3526 Sed
389 3470 531 3538 quod
576 3470 768 3523 mirum
814 3479 916 3532 est,
964 3484 1027 3524 ea
1072 3470 1205 3537 ipsa,
1244 3484 1363 3537 qua:
1406 3467 1652 3520 videntur
1700 3468 1852 3519 nobis

244 3579 548 3621 lacerarem
592 3563 822 3627 afferre,
880 3577 1039 3617 causa
1091 3561 1268 3615 oumis
1324 3560 1525 3615 laetitiae
1573 3569 1626 3613 et
1678 3558 1851 3628 gaudii

244 3667 439 3713 erant.
488 3656 578 3709 Dic
627 3656 767 3709 enim
819 3654 989 3717 mihi,
1062 3668 1159 3707 cur
1220 3652 1395 3707 maesti
1463 3651 1689 3704 fuissent
1740 3651 1856 3705 illi?

246 3749 390 3820 quid
419 3764 557 3817 egre
597 3746 873 3801 tulissent?
923 3745 1013 3799 Vis
1045 3746 1348 3814 quempiam
1382 3745 1434 3797 in
1463 3744 1698 3797 medium
1728 3743 1859 3796 affe-

251 3839 489 3894 τιωωῖ
537 3839 616 3893 Sit
655 3839 773 3907 quis
824 3838 902 3890 vir
945 3836 1267 3899 consularis,
1320 3835 1526 3905 magnis
1567 3835 1857 3888 instructus

249 3934 478 4005 opibus,
525 3934 579 3985 in
625 3932 757 3985 urbe
800 3931 1143 4001 lmperatoria
1170 3931 1333 3983 vitam
1360 3944 1545 3998 agens,
1580 3929 1855 3996 negotium

249 4042 388 4080 cum
421 4024 567 4077 nullo
595 4023 804 4087 habeat,
846 4020 1054 4075 deliciis
1090 4020 1181 4074 det
1211 4034 1454 4089 operam,
1500 4029 1554 4073 et
1605 4019 1728 4071 huic
1771 4020 1858 4071 uni

253 4120 335 4173 rei
370 4117 665 4178 incumbat,
700 4116 751 4168 in
782 4115 1017 4168 culmine
1043 4113 1345 4166 divitiarum
1370 4156 1383 4175 ,
1440 4112 1659 4164 honoris
1683 4122 1735 4165 et
1766 4127 1863 4180 po-

251 4209 453 4265 tentia:
500 4208 745 4276 positus:
782 4221 1118 4275 Opponamus
1168 4215 1349 4258 autem
1398 4204 1472 4257 illi
1524 4204 1762 4265 Petrum,
1816 4205 1861 4257 si

255 4305 465 4373 placet,
496 4301 550 4353 in
577 4299 802 4353 vinculis
842 4309 897 4352 et
929 4298 1225 4352 innumeris
1256 4298 1415 4351 malis
1446 4297 1761 4366 degentem;
1810 4306 1867 4350 et

257 4397 416 4451 hunc
484 4394 661 4463 potius
708 4394 1039 4447 inveniemus
1093 4391 1455 4446 deliciantetn.
1538 4390 1672 4444 Cum
1721 4391 1863 4444 enim

258 4499 425 4544 tanta
444 4487 515 4541 sit
543 4486 716 4555 gaudii
750 4485 925 4554 copia,
978 4494 1036 4537 ut
1068 4485 1117 4536 in
1144 4484 1375 4537 vinculis
1421 4484 1583 4537 etiam
1632 4483 1867 4537 delecte-

261 4592 379 4643 tur,
421 4579 594 4647 cogita
624 4587 819 4647 quanta
845 4576 915 4631 sit
942 4576 1120 4647 gaudii
1147 4577 1479 4643 magnitudo.
1534 4574 1684 4631 Sicut
1722 4577 1867 4630 enim

260 4674 324 4739 ii,
356 4670 454 4738 ιιιιὶ
481 4684 730 4738 maguum
763 4667 1038 4737 possident
1069 4669 1459 4738 magistratum,
1505 4668 1548 4721 si
1578 4669 1705 4737 quid
1740 4670 1865 4723 mali

262 4762 509 4827 accidat,
560 4775 662 4812 non
713 4760 970 4825 sentiunt,
1020 4758 1117 4813 sed
1158 4760 1209 4812 in
1251 4760 1446 4829 gaudio
1481 4770 1867 4828 perseverant:

262 4858 349 4911 sic
394 4864 454 4909 et
500 4853 586 4907 isti
620 4862 832 4923 propter
862 4853 978 4907 haec
1010 4854 1239 4908 maxime
1268 4854 1588 4923 gaudebant.
1623 4854 1738 4909 Non
1778 4872 1873 4926 po-

269 4957 385 5003 test
420 4946 587 5009 enim,
617 4961 720 4997 nou
750 4944 931 5012 utique
963 4953 1136 5013 potest
1163 4960 1412 4998 sermone
1438 4946 1693 5014 explicari
1720 4947 1873 5001 volu—

272 5050 402 5109 ptas
439 5052 646 5101 eorum,
691 5038 780 5105 qui
815 5044 1031 5105 propter
1070 5036 1346 5090 Christum
1390 5053 1553 5103 grave
1600 5039 1872 5107 quidpiam

270 5131 597 5200 patiuntur:
624 5143 745 5179 nam
777 5128 942 5181 multo
971 5129 1140 5198 magis
1168 5129 1401 5198 gaudent
1432 5130 1483 5182 in
1509 5130 1684 5196 malis,
1716 5147 1875 5200 quam

272 5225 329 5279 in
380 5222 566 5277 bonis.
610 5220 721 5274 Hoc
764 5220 905 5290 quod
947 5220 1107 5289 dico,
1154 5224 1303 5276 novit
1334 5226 1574 5293 quisquis
1605 5225 1875 5279 Christum

272 5315 479 5385 diligit.
510 5313 614 5367 Sed
654 5314 825 5383 quid?
872 5330 938 5367 an
965 5315 1272 5381 securitatis
1302 5332 1461 5371 musa
1488 5316 1603 5371 haec
1634 5318 1769 5371 mala
1795 5320 1877 5374 fu-

272 5424 415 5480 gere
448 5404 754 5461 debebant?
785 5407 849 5460 Et
876 5408 1017 5476 quis,
1041 5422 1244 5477 qumso,
1271 5409 1563 5463 innumeris
1590 5412 1876 5464 instructus

272 5500 505 5569 opibus,
540 5513 653 5553 :um
684 5507 759 5552 tot
788 5500 1037 5569 gentibus
1064 5515 1320 5564 versans,
1380 5510 1459 5554 tot
1491 5502 1725 5570 pericula
1749 5502 1882 5556 etfu-

276 5609 417 5663 gerc
453 5592 702 5660 potuerit,
735 5591 780 5645 si
806 5593 873 5645 dc
894 5592 1201 5662 reipublicae
1229 5594 1528 5648 mutatione
1559 5594 1784 5663 agatur?
1816 5595 1880 5649 Hi

273 5697 472 5741 autem
498 5684 649 5754 quasi
678 5700 743 5738 ex
775 5685 923 5753 jussu
958 5685 1105 5754 regio
1148 5687 1326 5740 omnia
1356 5686 1733 5756 perficiebant;
1776 5690 1882 5744 imo

277 5786 339 5833 et
368 5776 545 5831 multo
574 5775 798 5831 facilius.
832 5774 1015 5847 Neque
1043 5779 1187 5831 enim
1209 5777 1391 5848 jussus
1421 5779 1600 5849 regius
1623 5780 1712 5833 illa
1744 5781 1884 5836 valet

275 5866 538 5937 efﬁcere,
587 5884 705 5941 quae
756 5871 994 5938 ipsorum
1038 5869 1201 5925 verba
1251 5870 1615 5941 operabantur
1650 5890 1663 5928 :
1694 5872 1880 5943 jussus

1206 398 1269 453 lN
1314 395 1493 451 ACTA
1536 385 2058 446 Al’USTULOliUM.
2102 384 2337 441 IIOMIL.
2378 381 2520 439 XIII.

3436 382 3526 437 llU

1928 501 2124 572 quippe
2154 502 2333 570 regius
2361 516 2430 555 ex
2471 499 2794 554 necessitate
2821 501 3001 570 cogit;
3053 500 3109 553 hi
3145 515 3275 552 vero
3302 509 3526 567 sponta-

1924 610 2078 658 neos,
2121 594 2372 657 libentes,
2399 602 2456 647 et
2492 592 2641 645 mille
2668 592 2870 661 gratias
2905 591 3205 646 referentes
3234 590 3524 645 ducebant.

1925 686 2056 753 Quis
2075 686 2256 754 jussus
2287 684 2467 755 regius
2486 698 2619 755 opes
2648 698 2838 737 omnes
2866 683 3147 753 ipsamque
3175 684 3411 737 animam
3438 698 3528 737 re—

1930 777 2169 846 linquere
2211 762 2501 840 suasisset,
2556 774 2774 829 domum
2830 783 3216 837 contemnere,
3261 774 3528 843 patriam,

1928 879 2208 939 cognatos,
2244 871 2522 937 ipsamque
2553 868 2829 922 salutem?
2860 866 2964 921 Sed
3000 866 3049 921 id
3092 876 3319 935 potuere
3348 866 3530 935 pisca-

1932 973 2105 1017 torum
2129 973 2183 1017 et
2211 962 2502 1031 pellionnm
2534 975 2729 1025 voces;
2762 961 2831 1014 ita
2861 960 2995 1014 utin
3026 959 3302 1028 voluptate
3328 959 3531 1030 degen-

1934 1065 2033 1119 tes,
2061 1055 2392 1125 potentiores
2420 1064 2474 1107 et
2498 1052 2751 1108 fortiores
2782 1052 3036 1107 omnibus
3080 1061 3285 1105 essent.
3334 1051 3531 1115 Etiam,

1933 1150 2159 1219 inquies,
2179 1150 2301 1218 quia
2337 1150 2486 1215 signa
2514 1147 2763 1202 edebant.
2784 1150 2849 1199 At
2870 1146 2960 1215 qui
2989 1145 3285 1200 credebant
3309 1161 3430 1216 qua:
3457 1145 3534 1199 si-

1932 1258 2030 1311 gna
2059 1242 2340 1304 faciebant,
2368 1242 2453 1295 illa
2480 1255 2675 1307 nempe
2703 1239 2801 1292 tria
2836 1238 3005 1292 millia
3027 1247 3081 1292 et
3102 1238 3341 1307 quinque
3370 1237 3535 1293 millia

1934 1334 2231 1395 hominum,
2260 1334 2348 1402 qui
2378 1342 2557 1386 tamen
2586 1332 2638 1385 in
2666 1331 3028 1385 exsultatione
3052 1329 3219 1383 multa
3248 1330 3538 1399 degebant?

1935 1424 2003 1479 Et
2028 1425 2147 1493 jure
2174 1424 2388 1493 quidem
2420 1440 2434 1476 :
2468 1438 2590 1477 nam
2624 1423 2864 1476 omnimn
2894 1436 3053 1475 causa
3090 1436 3407 1484 mmrorum,
3444 1438 3540 1489 pe-

1934 1518 2209 1571 cuniarum
2240 1532 2434 1584 nempe
2458 1517 2751 1583 possessio,
2781 1515 2991 1568 sublata
3020 1524 3158 1567 erat.
3192 1513 3285 1567 Illa
3310 1531 3541 1583 namque

1936 1609 2221 1671 bellorum,
2243 1610 2649 1663 contentionum
2676 1648 2691 1674 ,
2716 1608 2965 1668 maeroris
2993 1594 3345 1675 omniumque
3374 1606 3545 1660 malo-

1937 1717 2054 1755 rum
2085 1715 2244 1756 causa
2279 1710 2417 1766 erat,
2446 1716 2567 1771 qua:
2592 1701 2757 1754 vitam
2789 1700 3113 1754 laboriosam
3153 1701 3546 1771 molesramque

1938 1793 2237 1848 reddebat:
2269 1793 2534 1862 longeque
2576 1793 2756 1861 plures
2790 1805 3015 1847 mmstos
3056 1793 3297 1863 reperias
3326 1793 3549 1860 divites,

1939 1901 2101 1955 quam
2129 1900 2415 1955 pauperes.
2452 1885 2605 1952 Quod
2639 1885 2684 1937 si
2715 1884 3036 1954 quihusdam
3066 1900 3169 1939 non
3198 1886 3447 1941 videatur
3474 1887 3547 1939 ita

1942 1994 2081 2043 esse,
2117 1994 2223 2033 non
2251 1994 2318 2033 ex
2351 1994 2533 2032 rerum
2563 1989 2786 2043 natura,
2834 1979 2929 2031 sed
2964 1992 3030 2032 ex
3075 1993 3261 2032 eorum
3294 1979 3549 2047 opinione

1941 2075 2020 2129 sic
2046 2091 2102 2130 se
2129 2090 2218 2129 res
2254 2074 2432 2128 habet.
2480 2072 2636 2141 Quod
2668 2074 2711 2126 si
2750 2073 2877 2141 quid
2911 2073 3144 2127 habeant
3170 2073 3365 2128 divites
3398 2073 3551 2127 volu-

1945 2170 2124 2240 ptatis,
2167 2168 2301 2222 nihil
2331 2168 2549 2222 mirum.
2577 2166 2709 2221 Nam
2735 2176 2790 2221 et
2817 2168 2905 2235 qui
2939 2168 3122 2221 scabie
3150 2167 3294 2236 pleni
3320 2176 3464 2233 sunt,
3498 2169 3550 2220 in

1944 2277 2134 2330 magna
2165 2270 2291 2314 sunt
2320 2260 2620 2330 voluptate.
2654 2258 2807 2327 Quod
2839 2271 3020 2313 autem
3054 2260 3122 2314 ab
3155 2260 3260 2313 illis
3290 2259 3423 2315 nihil
3445 2259 3552 2315 dif-

1947 2357 2117 2411 ferant
2138 2356 2351 2419 divites,
2371 2354 2467 2409 sed
2496 2353 2691 2409 eodem
2722 2354 2831 2407 sint
2860 2354 3064 2416 animo,
3085 2353 3208 2406 hinc
3238 2354 3411 2421 palam
3442 2363 3546 2409 est.

1946 2452 2073 2506 Illos
2098 2467 2244 2507 cura:
2272 2460 2511 2505 atterunt
2536 2469 2549 2505 :
2582 2461 2635 2506 et
2663 2430 2841 2505 tamen
2877 2450 3065 2505 volunt
3094 2450 3197 2503 illis
3224 2448 3451 2502 detineri
3484 2448 3555 2501 ob

1948 2556 2353 2614 temporaneam
2385 2544 2718 2612 voluptatem
2753 2561 2764 2596 :
2794 2543 2891 2611 qui
2938 2551 3116 2595 autem
3166 2550 3295 2595 sunt
3329 2556 3361 2593 a
3412 2540 3557 2594 curis

1949 2638 2128 2701 liberi,
2150 2638 2201 2691 in
2228 2637 2458 2690 sanitate
2486 2651 2721 2689 maerore
2750 2636 2898 2687 vacui
2931 2633 3158 2703 degunt.

2023 2732 2075 2785 4.
2106 2729 2242 2797 Quid
2274 2729 2504 2791 dulcius,
2538 2742 2722 2798 quieso
2742 2768 2756 2791 ,
2786 2726 2912 2798 quid
2948 2727 3112 2781 tutius
3135 2768 3149 2792 ,
3185 2726 3252 2781 de
3283 2741 3391 2780 uno
3417 2742 3559 2797 pane

1950 2837 2002 2879 et
2032 2824 2099 2879 de
2128 2836 2277 2878 veste
2306 2823 2598 2877 sollicitum
2641 2837 2761 2877 esse
2785 2863 2799 2887 ,
2834 2837 2900 2875 an
2934 2820 3002 2875 de
3030 2820 3179 2875 mille
3205 2821 3377 2876 servis
3403 2829 3459 2875 et
3498 2820 3562 2874 li-

1953 2917 2117 2983 heris,
2149 2932 2209 2971 ac
2231 2914 2297 2969 de
2322 2916 2502 2983 seipse
2527 2914 2658 2967 nihil
2681 2914 2908 2969 curare?
2929 2912 3392 2979 Quemadmodum
3416 2914 3561 2967 enim

1955 3008 2040 3061 hic
2068 3023 2164 3075 pro
2198 3007 2378 3075 seipso
2408 3007 2595 3060 timet:
2622 3006 2693 3058 ita
2723 3014 2777 3060 et
2808 3015 2863 3059 tu
2906 3020 3004 3075 pro
3036 3004 3135 3071 iis,
3169 3003 3256 3075 qui
3290 3020 3353 3058 ex
3388 3004 3564 3073 capite

1956 3112 2045 3155 tuo
2078 3100 2333 3169 pendent.
2369 3100 2437 3152 Et
2463 3114 2559 3155 cur
2589 3108 2875 3167 paupertas
2912 3097 3165 3167 fugienda
3193 3096 3405 3151 videtur
3428 3138 3441 3163 ,
3474 3098 3561 3151 itt-

1954 3193 2141 3261 quies?
2176 3191 2310 3257 Quia
2340 3191 2441 3243 alia
2474 3205 2687 3260 quoque
2717 3192 2853 3243 bona
2890 3190 3037 3243 multi
3074 3199 3426 3255 aversantur,
3457 3204 3564 3243 non

1957 3283 2100 3352 quod
2137 3282 2421 3352 fugienda,
2468 3282 2561 3336 sed
2602 3282 2745 3351 quod
2777 3293 2898 3335 actu
2940 3282 3179 3335 difficilia
3227 3283 3354 3335 sint.
3403 3282 3567 3352 Igitur

1958 3386 2247 3446 paupertas
2280 3391 2386 3429 non
2435 3374 2682 3445 fugienda
2711 3417 2724 3439 ,
2771 3375 2866 3429 sed
2919 3356 3178 3431 exercitio
3203 3375 3439 3431 difficilis
3461 3387 3564 3430 est.

1960 3469 2144 3539 Itaque
2173 3470 2214 3523 si
2246 3471 2366 3535 quis
2392 3468 2534 3521 illam
2569 3467 2708 3522 ferre
2736 3478 2937 3536 posset,
2972 3467 3113 3521 haud
3145 3468 3392 3538 fugienda
3419 3468 3568 3523 vide-

1960 3573 2129 3618 retur.
2156 3560 2266 3617 Cur
2292 3561 2434 3616 enim
2464 3562 2607 3615 illam
2631 3576 2738 3615 non
2764 3560 3154 3614 aversabantur
3180 3560 3447 3630 apostoli?
3472 3575 3571 3614 cur

1964 3657 2107 3710 illam
2141 3657 2291 3710 multi
2325 3656 2551 3725 eligunt,
2582 3670 2681 3709 nec
2710 3654 2873 3708 modo
2902 3654 3047 3707 illam
3083 3670 3187 3708 non
3220 3665 3566 3720 aversantur,

1963 3748 2057 3800 sed
2088 3746 2153 3799 ad
2189 3746 2333 3798 illam
2367 3744 2693 3799 accurrunt?
2724 3744 2876 3812 Quod
2908 3746 3051 3799 enim
3086 3762 3216 3800 vere
3260 3746 3569 3817 fugiendum

1965 3848 2069 3902 est,
2104 3839 2317 3892 noonisi
2346 3819 2552 3892 insanis
2580 3837 2874 3906 optandum
2904 3836 3134 3892 videtur.

2040 3930 2327 4001 Paupertas
2356 3929 2654 3997 prwsidium
2696 3928 3133 3983 munitum.-Si
3179 3940 3359 3983 autem
3399 3929 3575 4000 philo-

1968 4025 2121 4093 50phi
2147 4025 2285 4077 inter
2307 4023 2554 4078 homines
2578 4023 2859 4085 sublimes,
2888 4023 2954 4076 ad
2977 4023 3113 4077 hanc
3132 4025 3281 4093 quasi
3307 4024 3374 4079 ad
3395 4025 3570 4079 locum

1970 4128 2139 4172 tutum
2167 4127 2220 4171 et
2246 4133 2434 4171 sanum
2458 4119 2701 4183 veniunt,
2723 4118 2855 4170 nihil
2888 4118 3079 4171 mirum
3106 4128 3207 4181 est,
3237 4122 3279 4171 si
3304 4120 3392 4173 alii
3418 4134 3575 4173 secus

1970 4214 2319 4267 arbitrentur.
2348 4210 2482 4265 Nam
2510 4211 2659 4265 dives
2692 4210 2827 4263 nihil
2856 4212 3000 4265 aliud
3035 4211 3162 4265 mihi
3194 4213 3407 4265 videtur
3431 4228 3572 4276 esse,

1971 4320 2129 4375 quam
2160 4306 2286 4358 urbs
2316 4305 2432 4357 sine
2460 4319 2614 4356 muro
2637 4303 2687 4356 in
2718 4303 2941 4373 planitie
2970 4305 3161 4373 posita,
3196 4322 3313 4374 qum
3342 4304 3577 4374 nudique

1975 4397 2316 4451 insidiatores
2356 4396 2594 4450 attrahat
2623 4415 2635 4448 :
2665 4406 2956 4465 paupertas
3000 4413 3129 4450 vero
3161 4397 3467 4465 pnesidium
3497 4407 3579 4459 est

1974 4491 2239 4544 munitum
2259 4531 2273 4553 ,
2304 4504 2411 4543 aere
2442 4490 2611 4543 multo
2638 4489 3052 4553 circumdatum,
3086 4505 3304 4544 acceSsu
3337 4490 3573 4545 difficile.

1976 4584 2083 4649 At,
2136 4582 2345 4650 inquies
2370 4623 2383 4646 ,
2422 4591 2609 4634 contra
2646 4598 2733 4635 res
2764 4597 2821 4634 se
2843 4582 3049 4645 habet;
3084 4582 3134 4633 hi
3167 4583 3311 4635 enim
3342 4598 3486 4653 saepe
3514 4584 3581 4636 ad

1980 4675 2207 4728 tribunal
2238 4674 2543 4735 trahuntur,
2580 4673 2630 4726 hi
2661 4672 2951 4737 lmduntur,
2982 4685 3036 4728 et
3063 4675 3200 4728 male
3234 4675 3451 4730 habent.
3476 4677 3578 4729 Sed

1981 4783 2085 4820 non
2112 4782 2377 4835 pauperes
2393 4766 2710 4835 simpliciter
2732 4775 2877 4831 sunt,
2904 4766 2998 4821 sed
3027 4782 3291 4836 pauperes
3313 4771 3398 4835 qui
3424 4769 3580 4821 ditari

1980 4857 2222 4927 cupiunt.
2254 4856 2365 4926 Ego
2391 4872 2519 4909 vero
2545 4872 2649 4910 non
2682 4856 2749 4910 de
2778 4857 2887 4909 illis
2916 4857 3124 4926 loquor,
3159 4857 3253 4913 sed
3282 4858 3348 4911 de
3378 4860 3462 4921 iis,
3493 4876 3578 4927 qui

1984 4951 2035 5004 in
2086 4957 2401 5018 paupertate
2445 4948 2649 5001 versari
2698 4947 2935 5002 student.
2974 4948 3067 5001 Dic
3099 4949 3241 5002 enim
3274 4950 3440 5014 mihi,
3489 4967 3587 5003 cur

1984 5058 2143 5095 nemo
2175 5057 2303 5104 eos,
2350 5043 2438 5110 qui
2482 5043 2531 5095 in
2580 5041 2852 5095 montibus
2879 5041 3119 5111 degunt,
3156 5044 3204 5093 in
3253 5043 3339 5108 jus
3387 5044 3587 5095 trahit?

1984 5135 2227 5202 quantivis
2258 5134 2300 5187 si
2331 5145 2617 5203 paupertas
2650 5132 2804 5188 facile
2833 5134 3173 5203 opprimitur,
3208 5135 3327 5187 illos
3355 5138 3588 5189 maxime

1988 5224 2121 5278 trahi
2154 5234 2465 5293 uportcret,
2500 5226 2590 5294 qui
2641 5237 2765 5279 sunt
2814 5227 3053 5277 onmium
3104 5227 3450 5295 pauperrimi.
3480 5227 3581 5281 Cur

1987 5316 2263 5369 mendicos
2298 5332 2458 5370 nemo
2490 5318 2651 5371 trahit
2679 5316 2744 5369 ad
2770 5317 3004 5384 judicent
3025 5318 3046 5367 2’
3078 5333 3172 5368 cur
3201 5332 3363 5374 nemo
3392 5318 3508 5371 illos
3538 5320 3587 5370 vi

1989 5410 2072 5464 vel
2112 5410 2375 5463 Calumnia
2412 5409 2653 5477 impetit?
2683 5427 2860 5463 nonne
2886 5409 3008 5479 quia
3043 5409 3093 5463 in
3126 5410 3322 5464 tutiore
3347 5411 3465 5464 loco
3489 5412 3590 5463 ha-

1988 5500 2201 5555 bitant?
2240 5500 2409 5567 Quam
2444 5501 2628 5553 multis
2669 5500 3033 5555 infelicissima
3064 5502 3276 5556 videtur
3304 5515 3591 5572 paupertas

1990 5602 2044 5646 et
2092 5594 2444 5647 mendicitas?
2490 5594 2625 5661 Quid
2680 5596 2859 5663 igitur,
2917 5610 3141 5663 quaeso,
3195 5594 3463 5650 bonumnc
3510 5610 3593 5650 est

1991 5688 2333 5742 mendicare?
2366 5689 2595 5753 Bonum,
2628 5688 2669 5741 si
2702 5689 2771 5741 sit
2800 5688 2889 5757 qui
2917 5689 3225 5743 consoletur
3250 5699 3303 5743 et
3334 5690 3594 5742 miserea-

1994 5792 2100 5849 tur,
2131 5782 2176 5836 si
2208 5784 2276 5835 sit
2303 5783 2391 5851 qui
2427 5782 2710 5851 largiatur:
2735 5782 2871 5836 hanc
2902 5784 3063 5835 vitam
3094 5784 3319 5836 otiosam
3351 5794 3403 5837 et
3433 5798 3591 5836 secu-

1994 5890 2107 5930 ram
2138 5890 2258 5930 esse
2288 5891 2443 5931 nemo
2474 5893 2576 5930 non
2609 5877 2771 5929 novit.
2803 5875 2914 5943 Ego
2940 5883 3115 5932 autem
3145 5889 3248 5928 non
3278 5874 3380 5929 hoc
3408 5874 3586 5938 laude,
