4078 6318
634 363 728 416 Ill

628 472 786 533 absit,
806 469 897 525 sed
922 469 1086 538 probo
1113 469 1158 523 si
1185 468 1305 538 quis
1337 483 1463 537 opes
1489 483 1594 520 non
1623 465 1919 520 desideret.
1947 465 2041 519 Dic
2065 465 2207 518 enim

633 562 762 616 mihi
785 601 798 626 ,
831 577 966 630 quos
992 561 1165 630 potius
1189 559 1395 623 beatos,
1425 557 1642 621 dixeris,
1673 573 1738 611 an
1771 557 1975 610 virtutis
1999 555 2205 610 studio-

627 669 738 715 sos,
769 669 835 705 an
867 667 961 706 eos
986 652 1074 722 qui
1108 652 1291 721 procul
1320 650 1388 704 ab
1431 651 1515 703 illa
1564 649 1723 702 sunt?
1767 648 2048 704 Studiosos
2092 649 2206 701 sine

627 745 812 799 dubio.
844 745 974 800 Uter
997 761 1125 814 ergo
1152 745 1370 798 idoneus
1401 752 1483 797 est
1512 742 1575 794 ad
1607 742 1753 796 utilia
1779 741 2122 801 addisccnda,
2153 751 2208 794 et

627 837 693 890 ad
739 836 1091 906 philosophia:
1131 835 1487 904 splendorem,
1535 849 1602 887 an
1648 834 1733 886 hic
1776 849 1841 886 an
1885 831 2012 886 ille?
2056 831 2206 885 Hunc

625 931 808 1000 utique
829 907 954 984 esse
983 929 1150 998 palam
1174 939 1273 982 est.
1303 925 1357 984 Si
1386 943 1490 981 nou
1519 928 1726 986 credas,
1753 926 1800 979 id
1828 926 1993 979 disce.
2025 923 2207 978 Addu-

625 1033 776 1075 catur
804 1023 924 1091 quis
947 1037 976 1075 e
1005 1019 1122 1074 foro
1149 1019 1586 1074 mendicantium.
1613 1019 1700 1087 qui
1729 1018 1798 1070 sit
1825 1031 2020 1080 czecus,
2053 1017 2201 1069 clan-

624 1113 743 1178 dus,
769 1113 1015 1177 mutilus;
1043 1113 1178 1166 alius
1197 1125 1407 1181 quoque
1429 1122 1645 1178 aspectu
1672 1112 1951 1171 formosus,
1980 1122 2204 1174 corpore

628 1205 877 1258 robustus
903 1219 966 1258 ac
993 1204 1221 1266 vividus,
1250 1201 1441 1273 opibus
1467 1202 1764 1265 abundans,
1788 1215 1980 1269 genere
2004 1198 2197 1260 clarus,

625 1303 858 1364 potentia
889 1298 1090 1351 valens.
1128 1294 1203 1367 (a)
1238 1295 1340 1348 lies
1369 1295 1545 1364 itaque
1571 1293 1638 1346 ad
1670 1291 2018 1362 philosotiltia:
2044 1291 2202 1345 disci-

627 1390 822 1454 phnam
854 1389 1176 1442 adducamus
1197 1431 1209 1450 ,
1249 1395 1300 1440 et
1345 1386 1648 1448 videamus,
1681 1395 1798 1438 ttter
1825 1399 2009 1437 eorum
2035 1383 2201 1450 magis

621 1480 918 1533 doctrinam
962 1480 1214 1548 excipiat.
1265 1479 1342 1532 Sit
1393 1494 1519 1547 ergo
1567 1478 1790 1543 primum
1845 1483 2197 1544 pta-ceptum,

620 1570 844 1625 Humilis
865 1581 980 1625 esto
1007 1581 1059 1626 et
1092 1569 1388 1632 modestus;
1425 1567 1523 1622 hoc
1547 1569 1688 1622 enim
1718 1567 1964 1620 Christus
1993 1581 2189 1633 ιιι-τιτι,το-

621 1666 692 1736 pit
722 1682 732 1714 :
756 1674 868 1717 uter
894 1665 1058 1732 magis
1092 1663 1190 1714 hoc
1210 1660 1433 1730 implere
1454 1661 1683 1730 poterit?
1713 1658 1888 1722 Beati,
1922 1665 2003 1728 qui
2031 1661 2201 1727 lugent

619 1757 826 1824 (Matth.
863 1757 913 1810 5.
945 1756 998 1823 5)
1027 1755 1182 1824 :quis
1211 1754 1354 1808 dicto
1394 1755 1561 1822 magis
1609 1753 1887 1806 attendet?
1919 1754 2062 1808 Beati
2101 1754 2197 1804 lin-

618 1848 770 1899 miles
796 1863 807 1896 :
834 1857 948 1899 uter
990 1848 1158 1914 magis
1195 1845 1414 1898 audiet?
1444 1843 1590 1896 Beati
1621 1846 1808 1896 mundo
1836 1846 1985 1897 corde
2009 1861 2024 1896 :
2046 1845 2192 1907 beati,

615 1937 700 2004 qui
742 1939 964 1990 esuriunt
993 1947 1036 1990 et
1065 1938 1241 1990 sitiunt
1270 1938 1523 2004 justitiam
1547 1953 1564 1988 .'
1587 1936 1750 2001 beati,
1799 1938 1881 2004 qui
1926 1953 2196 2003 persequu-

619 2029 784 2080 tionen
833 2029 1096 2096 patiuntur
1123 2037 1326 2097 prapter
1354 2027 1608 2097 justitiam
1638 2026 1797 2098 (Ibid.
1829 2044 1873 2080 υ.
1906 2028 1956 2080 8.
1988 2029 2040 2081 6.
2070 2024 2194 2096 10);

618 2120 735 2187 quis
765 2119 876 2173 l'ec
903 2120 1055 2174 facile
1085 2137 1112 2174 ρ
1139 2120 1351 2189 :cipiet?
1381 2121 1446 2173 Et
1475 2122 1518 2173 si
1553 2122 1650 2185 vis,
1690 2121 1801 2172 ha‘c
1845 2122 2051 2189 utrique
2099 2121 2196 2172 ad-

612 2221 880 2278 ;iptemus.
923 2215 1110 2264 Annon
1155 2213 1240 2268 ille
1267 2221 1434 2266 tumet
1459 2213 1692 2283 undique
1730 2223 1784 2266 et
1824 2213 2065 2274 inﬂatur;
2112 2213 2198 2265 hic

616 2321 744 2359 vero
777 2307 1050 2361 humiliter
1091 2325 1306 2376 prorsus
1351 2307 1513 2361 sentit
1559 2323 1623 2360 ac
1671 2307 1934 2361 demissus
1963 2307 2080 2360 est?
2109 2307 2197 2359 Sic

618 2401 798 2468 utique
838 2415 895 2453 se
945 2414 1030 2452 res
1085 2399 1263 2452 habet.
1311 2385 1495 2453 Est°et
1539 2398 1675 2467 apud
1717 2407 1967 2452 externos
1997 2397 2195 2450 dictum

615 2490 1042 2545 simile:Scrvus
1088 2490 1299 2559 quidem
1332 2490 1620 2557 l-Zpictetus,
1661 2504 1886 2557 corpore
1937 2503 2154 2542 mancus
2179 2528 2192 2550 ,

617 2592 928 2650 paupertate
963 2583 1072 2642 Irus
1100 2625 1112 2645 ,
1159 2592 1212 2634 ct
1255 2584 1457 2634 amicus
1498 2582 1875 2636 immortalium
1909 2582 2002 2652 (ὁ).
2036 2582 2108 2633 Ita
2140 2598 2197 2635 se

619 2675 779 2727 habet
837 2690 1057 2742 pauper.
1117 2673 1298 2726 Divitis
1355 2682 1532 2729 autem
1590 2673 1763 2726 anima
1817 2681 1990 2726 scatet
2042 2673 2198 2729 malis

615 2766 884 2830 omnibus,
913 2765 1237 2833 arrogantia,
1265 2780 1396 2818 vana
1420 2764 1609 2834 gloria,
1637 2764 2017 2832 cupiditatibus
2043 2765 2199 2817 innu-

616 2858 798 2920 meris,
831 2858 928 2922 ira,
959 2856 1138 2910 furore
1158 2899 1170 2919 ,
1207 2857 1450 2921 avaritia,
1481 2857 1761 2924 injttstitia,
1796 2858 2017 2926 aliisque
2048 2873 2195 2910 mor-

611 2950 712 3003 bis.
739 2949 916 3002 Palam
941 2963 1069 3018 ergo
1086 2959 1168 3002 est
1194 2948 1359 3013 illam,
1377 2963 1535 3016 quam
1561 2949 1698 3002 hanc
1719 2948 1783 3001 ad
1808 2947 2194 3018 philosophiam

613 3041 877 3108 aptiorem
922 3056 1062 3096 esse.
1110 3039 1340 3092 Omnino
1380 3039 1588 3094 discere
1631 3041 1866 3108 quaeritis
1896 3081 1910 3104 ,
1963 3050 2079 3093 utra
2129 3041 2198 3094 sit

614 3135 828 3188 suavior
857 3154 868 3187 :
896 3135 995 3187 hoc
1024 3136 1168 3189 enim
1201 3149 1229 3186 a
1259 3133 1438 3186 multis
1464 3133 1631 3202 quaeri
1661 3133 1843 3197 video,
1875 3143 1990 3188 utra
2018 3136 2086 3187 sit
2107 3135 2195 3202 ju-

617 3228 862 3281 cundior.
897 3228 1052 3283 Certe
1084 3229 1182 3281 hac
1209 3228 1260 3280 in
1293 3243 1351 3281 re
1382 3226 1511 3281 nihil
1539 3227 1889 3281 dubitandum
1917 3237 1996 3282 est
2029 3246 2040 3282 :
2073 3245 2194 3281 nam

612 3321 700 3389 qui
730 3321 944 3374 snnitati
976 3321 1192 3390 prepior
1219 3331 1300 3374 est
1320 3360 1336 3385 ,
1368 3321 1414 3372 is
1456 3321 1508 3372 in
1539 3320 1808 3388 voluptate
1837 3323 2000 3373 multa
2029 3320 2191 3388 degit.

614 3412 765 3477 Uter,
800 3428 1004 3482 qumso,
1039 3413 1102 3466 ad
1133 3414 1296 3481 legem
1329 3411 1487 3476 hanc,
1517 3428 1675 3479 quam
1704 3413 2068 3482 redintegrare
2097 3429 2194 3467 vo-

617 3504 824 3566 lumus,
855 3514 935 3557 est
961 3504 1151 3570 aptior,
1183 3518 1384 3572 pauper
1422 3517 1501 3555 air
1517 3503 1701 3556 dives?
1728 3504 1844 3572 quis
1873 3506 2026 3559 facile
2047 3504 2194 3572 jura-

614 3595 738 3647 bit‘!
778 3595 867 3663 qui
913 3593 1034 3649 liliis
1085 3595 1363 3660 irascitur,
1411 3580 1665 3663 quit-um
1707 3595 1998 3649 innumeris
2044 3606 2190 3663 pacta

671 3753 743 3811 (a)
768 3759 1026 3813 Sequentia
1047 3752 1170 3814 apud
1196 3750 1437 3801 Platonem
1463 3751 1684 3802 feruntur
1709 3751 1742 3799 l.
1770 3753 1886 3801 (ide
1911 3754 2190 3814 Republica.

615 3813 840 3874 limoque
896 3813 1259 3876 Chrysostomus
1277 3848 1289 3866 .
1318 3814 1497 3862 Platoni
1534 3823 1697 3863 tamen
1721 3827 1816 3863 non
1843 3813 2009 3876 parum
2035 3815 2193 3864 infen-

613 3891 715 3932 sus,
751 3877 852 3923 lucc
877 3875 1209 3936 desu’ntpsissc
1237 3875 1444 3924 videtur.

609 3939 742 4047 ϐ-ἓρ)
788 3937 904 3985 11ωο
940 3932 1204 3986 consonant
1237 3951 1345 3985 cum
1380 3939 1534 3998 epigr.
1585 3935 1667 3985 illo
1701 3937 1720 3998 (
1757 3932 1950 3987 Antltol.
1997 3938 2090 3987 Pal.
2133 3943 2192 3998 7,

651 4025 659 4047 Α
687 4018 701 4044 ›
727 4015 737 4047 l
767 4013 778 4045 :

644 4001 778 4060 76'):

917 4073 1046 4116 Asilo;
1072 4065 1266 4119 ἐπίκτητος
1292 4074 1440 4122 γενόμην
1463 4075 1521 4111 καὶ
1540 4076 1678 4119 σώματι
1700 4074 1808 4123 πηρὸς
1823 4102 1833 4117 ,

1009 4136 1078 4173 Καὶ
1098 4139 1219 4172 πινὶαν
1244 4128 1333 4185 ira;
1350 4137 1412 4173 ιαὶ
1433 4134 1529 4185 φῦκος
1547 4136 1749 4180 ἀθανάτοις.

1317 4249 1474 4256 __._

609 4248 946 4260 ...κ-...ἡκ

1327 355 1366 409 S
1423 351 1698 408 JOANNIS
1733 350 2202 408 CIIBYSOSTUMI
2241 351 2554 406 ARCHIEP.
2595 352 3123 408 CONSTANTINOP.

1687 4249 1768 4255 ——
1781 4250 1822 4255 -.-
1839 4250 1922 4255 .._--
1935 4250 2354 4258 ——-_—_——-——~..
2367 4253 2476 4258 _-_.__
2489 4253 2628 4258 ..⁸.-
2643 4254 2724 4259 —._
2739 4255 3224 4263 _-__-”-__._.._.___..r-

3794 354 3897 410 ΙΙΞ

2317 464 2462 526 iniit;
2506 481 2571 518 an
2601 467 2690 534 qui
2721 480 2911 534 panem
2942 482 3104 520 unum
3134 481 3196 521 ac
3225 476 3426 521 vestem
3459 467 3716 535 petiturus
3740 482 3902 523 acce-

2312 561 2423 614 dit?
2452 560 2583 616 Huic
2627 561 2769 616 nulla
2809 562 3235 631 juramentorum
3268 562 3595 622 necessitas,
3638 563 3682 615 si
3725 561 3900 628 velit,

2313 651 2405 706 sed
2434 665 2648 720 semper
2677 653 2904 722 negotiis
2930 668 3128 708 vacuus
3151 663 3260 719 est;
3291 655 3398 707 imo
3422 668 3550 706 vero
3578 653 3640 716 is,
3669 653 3759 722 qui
3790 669 3901 706 non

2307 744 2487 812 jurare
2513 742 2730 805 didicit,
2765 759 2910 812 saape
2935 743 3148 798 divitias
3179 755 3413 814 Speruct,
3446 756 3498 798 et
3525 743 3592 796 ab
3624 743 3724 796 hoc
3755 742 3903 796 bono

2312 851 2462 890 more
2489 836 2698 890 virtutis
2727 837 2836 890 vias
2869 837 3064 904 ubique
3094 846 3304 904 paratus
3333 837 3512 890 videre
3531 836 3651 900 erit,
3677 849 3900 889 omnes-

2310 944 2412 996 que
2452 928 2517 982 ad
2557 929 2858 998 mquitatem
2898 928 3184 982 tendentes
3209 969 3222 990 ,
3270 927 3334 980 ad
3366 927 3669 980 divitiarum
3696 926 3901 996 despe-

2309 1031 2476 1081 ctum,
2506 1019 2572 1072 ad
2601 1021 2874 1088 pietatem,
2902 1018 2967 1073 ad
2993 1021 3186 1072 animae
3213 1029 3411 1072 rectam
3435 1019 3899 1081 constitutionem,

2307 1111 2372 1163 ad
2395 1113 2883 1178 compnnctionem.

2378 1201 2565 1254 Contra
2588 1206 2900 1270 juramenta.
2929 1232 2995 1241 ——
3025 1202 3100 1258 Ne
3134 1204 3300 1256 simus
3339 1218 3465 1272 ergo
3516 1202 3880 1272 negligentes,

2307 1293 2506 1358 dilecti,
2530 1295 2624 1348 sed
2656 1295 2873 1348 multam
2903 1295 3251 1349 adhibeamus
3268 1294 3625 1364 diligentiam:
3653 1293 3740 1364 qui
3768 1308 3902 1348 sese

2307 1385 2680 1450 etiieudarunt,
2711 1397 2765 1440 ut
2802 1386 2854 1440 id
2876 1385 3017 1456 quod
3043 1387 3385 1442 emendatum
3415 1395 3496 1440 est
3535 1394 3897 1448 conservent,

2308 1494 2374 1532 ne
2401 1478 2554 1531 facile
2584 1477 2846 1542 dil'lluaut,
2881 1493 3013 1532 neve
3052 1489 3196 1532 retro
3222 1488 3538 1543 vertantur;
3578 1479 3665 1548 qui
3710 1488 3898 1531 autem

2304 1571 2476 1626 adhuc
2520 1582 2666 1625 retro
2708 1572 2876 1626 relicti
2915 1581 3056 1634 sunt,
3106 1581 3164 1625 ut
3194 1570 3510 1641 resurgant,
3541 1582 3592 1626 et
3622 1583 3814 1627 curent
3849 1575 3901 1628 id

2304 1663 2444 1732 quod
2489 1663 2668 1717 deﬁcit
2698 1665 2938 1733 implere.
2979 1664 3302 1735 interimque
3348 1666 3404 1730 ii,
3433 1666 3576 1736 quis
3641 1667 3902 1721 emenda—

2305 1762 2444 1815 ruut,
2473 1755 2576 1808 illis
2604 1757 2692 1825 qui
2724 1756 2955 1809 nondum
3003 1756 3052 1810 id
3093 1765 3400 1825 potuerunt,
3435 1759 3584 1827 quasi
3618 1758 3669 1811 in
3703 1760 3902 1830 pelago

2304 1848 2570 1911 nantibus,
2611 1863 2799 1900 manus
2835 1847 3191 1916 porrigentes,
3235 1849 3379 1919 ipsos
3406 1850 3457 1903 in
3497 1859 3649 1919 portu
3686 1867 3714 1902 a
3741 1850 3896 1920 jura—

2303 1940 2493 1991 mentis
2524 1954 2691 1992 vacuo
2731 1939 3007 2008 recipiant.
3041 1939 3235 1994 Portus
3263 1941 3461 2010 quippe
3487 1951 3628 1995 tutus
3650 1952 3756 2009 est,
3786 1959 3897 1998 non

2297 2033 2478 2098 jurare
2510 2050 2520 2079 :
2553 2042 2757 2101 portus,
2790 2041 2845 2085 ut
2878 2047 2945 2087 ne
2990 2033 3106 2102 quis
3146 2033 3522 2102 subm'crgatnr
3548 2034 3615 2087 ab
3643 2034 3903 2088 irruenti-

2301 2121 2399 2174 bus
2431 2123 2618 2175 tentis.
2645 2122 2793 2177 Licet
2821 2123 2960 2178 enim
2983 2125 3080 2188 ira,
3113 2124 3237 2179 licet
3259 2123 3546 2191 damnum,
3578 2126 3700 2178 licet
3744 2123 3904 2179 furor

2304 2213 2514 2267 aliuuvc
2537 2213 2866 2279 effervescat,
2883 2215 3056 2268 anima
3082 2215 3130 2268 in
3158 2225 3270 2268 tuto
3292 2225 3399 2279 est;
3427 2216 3494 2269 ita
3519 2225 3570 2270 ut
3596 2215 3723 2269 nihil
3747 2217 3903 2270 emit-

2305 2315 2381 2359 tat
2409 2307 2552 2376 quod
2593 2307 2774 2362 dicere
2816 2323 2920 2361 non
2954 2308 3111 2363 liceat
3143 2325 3155 2360 :
3189 2324 3362 2378 neque
3389 2308 3528 2362 enim
3561 2309 3659 2363 sibi
3684 2311 3764 2362 vel
3799 2327 3901 2362 ne-

2299 2399 2599 2452 cessitatem
2648 2400 2729 2453 vel
2787 2399 2956 2469 legem
2991 2401 3290 2455 constituit.
3337 2400 3490 2462 Vide,
3523 2400 3644 2469 quid
3671 2411 3903 2471 prOpter

2296 2489 2655 2556 juramentum
2679 2491 2865 2545 iecerit
2890 2490 3131 2544 Herodes
3159 2510 3170 2545 :
3196 2502 3354 2560 caput
3377 2491 3731 2545 Prmcursoris
3761 2508 3904 2560 prm—

2301 2580 2461 2642 cidit;
2496 2579 2712 2648 Propter
2737 2581 3027 2648 iuramenta
3043 2584 3195 2645 enim,
3227 2583 3415 2649 inquit,
3437 2592 3481 2635 et
3508 2593 3713 2651 propter
3740 2584 3903 2635 simul

2302 2671 2662 2724 discumbentes
2713 2673 2871 2724 noluit
2913 2671 3052 2725 illam
3102 2673 3342 2742 repellere
3393 2672 3592 2743 (Marc.
3656 2673 3710 2726 6.
3755 2672 3897 2740 96).

2301 2763 2434 2828 Quid
2465 2764 3051 2832 propterjuramentum
3093 2781 3260 2834 passa:
3296 2775 3419 2819 sunt
3457 2766 3628 2819 tribus
3679 2764 3897 2835 (Judic.

2299 2853 2387 2904 2|.
2424 2853 2489 2907 l0
2511 2854 2550 2923 ),
2583 2856 2725 2908 circa
2760 2855 2954 2910 tribum
2985 2856 3443 2927 Benjaminiquid
3475 2872 3664 2927 passus
3684 2869 3770 2912 est
3798 2874 3904 2928 pro

2295 2945 2599 3013 juramento
2629 2946 2793 3001 Saul?
2816 2947 2905 3002 ille
2929 2948 3141 3018 quidem
3180 2949 3471 3019 pejeravit;
3500 2949 3741 3004 Herodes
3763 2967 3902 3007 vero

2305 3036 2536 3104 pet-jurio
2579 3037 2902 3092 deteriorem
2943 3039 3146 3094 cscdem
3197 3039 3342 3094 fecit.
3369 3041 3601 3096 Rursum
3631 3041 3793 3097 Jesus
3824 3045 3903 3099 ob

2296 3127 2655 3194 juramentum
2688 3127 2999 3184 Gabaonitis
3029 3130 3247 3198 factum,
3277 3142 3472 3202 quanta
3494 3147 3681 3201 passus
3707 3135 3780 3188 sit
3807 3148 3904 3188 no-

2301 3221 2386 3272 sti.
2427 3218 2704 3274 Satanicus
2733 3221 2875 3275 enim
2908 3222 3128 3291 laqueus
3154 3233 3237 3278 est
3259 3224 3647 3292 juramentum.
3675 3225 3900 3281 Dirum-

2302 3327 2486 3379 pamus
2528 3328 2655 3382 ergo
2687 3312 2860 3379 funes,
2906 3323 2961 3368 et
2996 3329 3095 3369 nos
3121 3316 3192 3369 ita
3223 3316 3613 3371 constituemus
3641 3328 3700 3370 ut
3735 3316 3904 3374 facile

2299 3419 2601 3459 caveamus.
2653 3405 2971 3461 Liberemur
3021 3423 3050 3460 a
3109 3409 3300 3477 laqueo
3343 3417 3575 3475 satanas;
3607 3409 3902 3466 timeamus

2301 3497 2636 3550 Dominicum
2672 3508 3026 3568 praeceptum:
3075 3501 3127 3553 in
3165 3503 3420 3569 Optimam
3446 3504 3901 3561 consuetudinem

2299 3603 2397 3641 nos
2423 3589 2746 3643 deducamus
2778 3607 2792 3644 :
2835 3601 2893 3644 ut
2921 3593 3207 3661 progressi,
3238 3603 3292 3646 et
3325 3593 3427 3647 hoc
3466 3603 3523 3647 et
3548 3594 3650 3647 alia
3683 3610 3903 3664 prmce-

2301 3691 2384 3751 pta
2418 3683 2722 3753 implentes,
2753 3689 3009 3752 promissa
3029 3685 3368 3755 diligentibus
3391 3690 3560 3756 ipsum
3592 3703 3905 3759 consequa-

2299 3793 2417 3830 mur
2444 3777 2603 3839 boua,
2645 3777 2812 3846 gratia
2858 3789 2912 3832 et
2962 3779 3288 3848 benignitate
3330 3781 3538 3834 Domini
3569 3783 3736 3836 nostri
3769 3783 3904 3840 Jesu

2298 3866 2517 3929 Clu-isu,
2552 3869 2765 3936 quicum
2805 3869 2946 3922 Patri
2977 3879 3030 3922 et
3056 3871 3275 3940 Spiritui
3306 3881 3494 3925 sancto
3524 3872 3691 3942 gloria
3711 3913 3726 3938 ,
3789 3875 3904 3932 im-

2301 3959 2525 4028 perium,
2561 3960 2749 4022 honor,
2779 3975 2920 4014 nunc
2945 3971 3000 4015 et
3021 3977 3254 4030 semper,
3279 3973 3333 4016 et
3359 3963 3410 4017 in
3443 3964 3635 4019 saecula
3669 3968 3905 4022 saeculo-

2301 4070 2437 4108 rum.
2470 4056 2659 4107 Amen.

3293 4259 3312 4263 ..-
3325 4258 3584 4265 _____—___
3599 4260 3782 4266 ———.--‘_.
3799 4262 3894 4270 -—

1931 4323 2272 4385 HOMILIA
2316 4326 2488 4386 XIV.

606 4473 734 4526 Car.
777 4473 828 4525 5.
861 4488 908 4522 v.
941 4473 1028 4524 54.
1062 4471 1467 4539 Surgeusautem
1497 4469 1701 4542 quidam
1731 4469 1780 4520 iu
1808 4469 2019 4522 concilio
2050 4468 2190 4522 Plia-

675 4568 846 4617 risams
869 4607 882 4628 ,
943 4564 1140 4615 nomine
1174 4560 1440 4622 Gamaliel,
1497 4562 1619 4629 legis
1659 4561 1851 4626 doctor,
1884 4561 2190 4616 honorabilis

679 4659 918 4708 universw
946 4656 1095 4722 plebi,
1114 4655 1265 4723 jussit
1294 4660 1430 4723 foras
1460 4654 1524 4703 ad
1562 4659 1700 4704 breve
1737 4653 1958 4705 homines
1987 4656 2115 4720 ﬁeri.

683 4750 734 4800 1.
763 4749 854 4800 llic
885 4748 1140 4802 Gamalicl
1164 4747 1306 4799 Pauli
1336 4746 1521 4798 doctor
1547 4755 1660 4798 erat
1687 4765 1700 4799 :
1729 4745 2189 4815 admirationeque

607 4839 822 4908 dignum
853 4852 953 4902 est,
984 4837 1270 4905 quomodo,
1302 4837 1497 4906 judicio
1541 4837 1721 4890 valens
1748 4848 1802 4890 et
1824 4839 1876 4890 in
1909 4837 2022 4908 lege
2049 4839 2188 4907 peri-

608 4942 711 4993 tus,
756 4929 989 4983 nondum
1022 4927 1297 4981 crederet:
1331 4944 1500 4996 neque
1549 4930 1716 4996 potuit
1742 4928 1958 4981 omnino
2010 4929 2185 4982 incre-

609 5022 762 5074 dulus
795 5035 1028 5083 manere,
1085 5028 1142 5071 ut
1193 5021 1361 5088 palam
1417 5030 1496 5071 est
1547 5035 1610 5072 ex
1656 5021 1770 5086 ejus
1821 5021 2016 5084 verbis,
2070 5038 2187 5089 qua:

609 5112 935 5165 consulendo
964 5111 1136 5164 affert.
1169 5111 1332 5164 Jassit
1363 5110 1523 5174 enim,
1569 5110 1754 5179 inquit,
1782 5115 1916 5179 foras
1952 5113 2019 5162 ad
2048 5113 2189 5164 breve

613 5202 832 5255 homines
851 5203 981 5269 fieri.
1009 5200 1139 5255 Vide
1170 5201 1502 5269 prudentiam
1535 5201 1923 5265 concionantis,
1977 5211 2031 5254 et
2057 5218 2188 5270 quo-

612 5296 773 5348 modo
803 5295 977 5348 statim
1031 5294 1148 5347 illos
1207 5294 1260 5346 in
1316 5302 1514 5347 metum
1566 5294 1830 5360 conjiciat.
1863 5294 1938 5347 Ne
1974 5310 2101 5347 vero
2131 5295 2184 5349 in

608 5387 963 5455 suspicionem
1006 5396 1235 5450 vemret,
1269 5385 1409 5454 quod
1439 5386 1624 5439 eadem
1672 5403 1789 5454 qua:
1829 5387 1900 5439 illi
1936 5388 2182 5452 sentiret,

607 5494 699 5531 eos
729 5477 818 5547 qui
851 5478 902 5530 in
927 5476 1153 5531 concilio
1180 5476 1457 5541 sedebant,
1489 5492 1549 5529 ac
1588 5478 1630 5529 si
1665 5495 1773 5530 sua:
1805 5478 2070 5546 opinionis
2102 5496 2187 5531 es-

607 5578 729 5622 sent
775 5568 1094 5637 alloquitur;
1140 5584 1235 5621 nec
1277 5569 1442 5620 multa
1488 5569 1651 5620 utitur
1703 5569 2055 5631 vehementia,
2091 5571 2185 5624 sed

607 5662 754 5726 quasi
776 5675 896 5712 cum
921 5659 1046 5712 viris
1073 5659 1252 5714 furore
1282 5659 1462 5722 ebriis,
1486 5661 1553 5712 ita
1581 5659 1706 5712 dicit
1736 5679 1746 5713 :
1772 5661 1858 5714 55.
1896 5659 2185 5713 Virilsrae-

607 5753 728 5814 litae,
771 5753 1009 5805 attendite
1040 5751 1176 5804 vobis
1203 5767 1357 5820 super
1403 5751 1686 5804 hominibus
1731 5753 1838 5804 istis
1865 5753 1984 5820 quid
2023 5754 2187 5805 acturi

607 5843 732 5896 sitis.
771 5844 842 5899 Ne
887 5855 1105 5909 temere,
1149 5845 1337 5913 inquit,
1366 5861 1536 5914 neque
1571 5845 1759 5899 lcvitcr
1789 5845 2053 5901 foramini.
2093 5849 2182 5901 36.

2306 4490 2322 4520 ι
2351 4473 2485 4524 Ante
2508 4471 2647 4524 enim
2682 4471 2776 4528 bos
2794 4472 2907 4526 dies
2930 4473 3164 4527 surrexit
3189 4474 3458 4540 Tlieudas,
3478 4475 3660 4531 dicens
3689 4490 3747 4529 se
3770 4492 3907 4536 esse

2298 4564 2527 4632 aliquem
2561 4581 2573 4616 ε
2598 4564 2680 4617 cui
2699 4567 2963 4620 consentit
2987 4582 3240 4621 numerus
3264 4569 3498 4622 virorum
3523 4569 3732 4623 circiter
3760 4585 3908 4639 qua-

2297 4657 2699 4726 dringentorum
2740 4677 2749 4711 :
2781 4659 2869 4728 qui
2897 4659 3106 4713 occisus
3147 4671 3262 4724 est;
3296 4670 3350 4714 et
3381 4678 3569 4715 onmes
3594 4662 3680 4731 qui
3703 4665 3906 4720 crede-

2297 4750 2425 4803 bant
2452 4751 2522 4812 ei,
2554 4749 2792 4818 dissipati
2822 4761 2943 4806 sunt
2965 4762 3020 4806 et
3042 4753 3240 4806 redacti
3264 4753 3328 4807 ad
3355 4754 3598 4808 nihilum.
3634 4774 3652 4807 ι
3687 4756 3906 4815 Ειεωο

2298 4841 2396 4909 plis
2422 4841 2541 4894 illos
2567 4842 2631 4895 ad
2655 4858 2834 4897 sanam
2864 4853 3096 4898 mentem
3121 4845 3557 4909 ducit;etillum,
3590 4846 3676 4914 qui
3706 4844 3910 4916 plures

2297 4931 2600 4996 seduxerat,
2636 4934 2852 4988 demum
2883 4934 3037 4988 affert
3083 4935 3148 4988 ad
3194 4936 3406 4990 illorum
3439 4939 3903 4998 consolationem.

2296 5024 2592 5092 Antequam
2647 5041 2770 5078 vero
2827 5026 3069 5094 exempla
3123 5026 3377 5096 proferat,
3433 5029 3598 5083 dit-it:
3633 5033 3909 5090 Attendite

2295 5115 2429 5167 vobis
2461 5132 2478 5167 :
2515 5117 2576 5167 iis
2621 5132 2748 5168 vero
2802 5117 2997 5179 allatis,
3053 5120 3372 5173 sententiam
3414 5120 3830 5189 profertdicens
3887 5146 3900 5180 :

2302 5223 2318 5254 ι
2352 5206 2414 5257 Et
2446 5223 2584 5259 mine
2623 5207 2801 5275 itaque
2829 5207 2947 5260 dico
2989 5209 3160 5272 vobis,
3192 5211 3454 5265 Discedite
3484 5213 3551 5265 ab
3584 5213 3903 5271 hominibus

2297 5296 2428 5347 istis.
2456 5298 2542 5349 57.
2575 5297 2705 5351 Post
2733 5297 2873 5351 hunc
2898 5304 3126 5354 surrexit
3156 5300 3320 5355 Judas
3347 5301 3597 5359 Galilteus
3620 5307 3670 5359 in
3697 5307 3903 5364 diebus

2303 5386 2667 5453 professionis,
2698 5400 2751 5442 et
2776 5392 2964 5444 avertit
3015 5394 3266 5460 populum
3314 5395 3536 5450 multum
3570 5409 3689 5467 post
3723 5415 3816 5466 sc;
3846 5416 3903 5458 et

2294 5478 2406 5546 ipse
2428 5495 2634 5548 quoque
2665 5482 2850 5548 periit;
2881 5493 2932 5536 et
2970 5500 3176 5549 omnes,
3208 5496 3466 5557 qttotquot
3489 5505 3892 5549 consenserunt

2293 5570 2361 5628 ci.
2383 5569 2607 5636 diSpersi
2639 5582 2781 5624 sunt.
2806 5573 2892 5628 58.
2923 5575 2986 5628 Et
3033 5591 3172 5629 nunc
3201 5578 3376 5647 itaque
3408 5579 3526 5634 dico
3553 5583 3731 5646 vobis,
3770 5585 3900 5641 Dis-

2292 5661 2463 5716 cedite
2490 5664 2555 5715 ab
2585 5663 3041 5726 hominibusistis,
3083 5679 3135 5720 et
3162 5670 3320 5723 sinltc
3353 5671 3474 5724 illos
3511 5689 3522 5724 :
3557 5674 3816 5742 quoniam
3849 5680 3898 5730 si

2292 5766 2456 5808 estex
2490 5754 2791 5810 hominibus
2817 5758 3097 5811 consilium
3124 5760 3222 5814 hoc
3239 5771 3327 5814 aut
3352 5777 3505 5833 opus,
3529 5763 3896 5834 dissolvetur;

2293 5847 2378 5902 '59.
2411 5849 2451 5902 si
2476 5866 2600 5906 vero
2629 5866 2689 5905 ex
2719 5849 2824 5905 Deo
2851 5861 2951 5917 cst,
2976 5866 3077 5906 non
3104 5855 3345 5920 poteritis
3362 5855 3836 5916 dissolvercillnd.
3869 5879 3894 5915 ι
