4078 6318
649 314 754 370 HS

1361 312 1418 366 S.
1459 309 1738 365 JOANNIS
1776 296 2254 366 CHRYSOSTOMI
2293 306 2612 366 ARCHIEP.
2653 307 3198 365 CONSTANTINOP.

3815 306 3924 362 114

662 428 808 489 Ὠσεὶ
840 427 1056 494 ἔλεγεν·
1107 427 1449 497 Ἀνάσχεσθε,
1502 429 1595 481 καὶ
1641 427 1734 481 ἐὰν
1769 428 1826 494 ἐξ
1883 427 2092 482 ἑαυτῶν
2139 426 2232 479 καὶ
2338 425 2453 480 τῶν
2502 429 2739 498 ἡμερῶν
2761 448 2774 462 ο
2820 429 3100 500 μονονουχὶ
3128 425 3323 497 δηλῶν,
3352 423 3428 486 ὡς
3465 425 3526 476 οὐ
3555 422 3659 492 πρὸ
3685 424 3926 477 πολλῶν»

644 507 788 567 οὗτοι
820 512 1174 581 συνέστησαν,
1200 510 1348 562 οὐδὲν
1373 508 1602 563 κωλύσει
1646 513 1738 563 καὶ
1771 511 1966 573 αὐτοὺς
1998 508 2230 562 καταλυ-

646 596 823 666 θῆναι.
859 594 1101 658 Μήποτε
1153 593 1253 645 καὶ
1293 593 1578 661 Θεομὰχοι
1614 593 1910 662 εὑρεθῆτε.
1961 594 2072 646 Καὶ
2132 591 2220 644 διά

647 679 744 734 τοῦ
794 680 1072 740 ἀδυνάτου,
1132 680 1226 730 καὶ
1269 677 1354 729 διὰ
1415 677 1507 728 τοῦ
1557 679 1874 750 ἀσυμφόρου
1925 677 2222 748 ἀποτρέπει

645 763 858 825 αὐτούς.
913 764 1026 815 Ούκ
1079 756 1198 813 εἷπε
1257 761 1311 812 δὲ
1351 760 1456 812 ὑπὸ
1489 762 1634 824 τίνος
1688 761 2051 832 ἀνῃρέθησαν,
2111 757 2222 812 ἀλλ’

646 847 849 910 ἁπλῶς,
876 847 958 899 ὅτι
979 845 1315 914 διελύθησαν,
1348 845 1488 914 τάχα
1509 845 1583 904 ὡς
1622 847 1915 914 παρέλκον.
1953 847 2029 898 Δι’
2051 838 2126 898 ὧν
2166 844 2222 896 δὲ

645 930 951 1001 ὑποτίθησι,
1021 929 1298 994 διδάσκει,
1367 931 1447 982 ὅτι
1511 931 1572 983 Εἰ
1634 931 1733 998 μὲν
1776 931 2114 1004 ἀνθρώπινον
2164 928 2224 981 τὸ

644 1017 823 1087 ἔργον,
873 1016 1023 1068 οὐδὲν
1067 1015 1246 1084 δεήσει
1292 1015 1632 1085 πραγμάτων
1672 1014 1830 1084 ὑμῖν·
1873 1017 1922 1068 εἰ
1976 1016 2030 1069 δὲ
2082 1013 2222 1066 θεῖόν

644 1101 812 1160 ἐστιν,
835 1099 952 1152 οὐδὲ
986 1097 1121 1168 μετά
1150 1100 1486 1168 πραγμάτιον
1503 1097 1798 1167 δυνήσεσθε
1819 1098 2219 1170 περιγενέσθαι.

644 1183 804 1236 Οὕτω
837 1182 965 1250 γοῦν
990 1183 1084 1234 καὶ
1123 1185 1148 1234 ὀ
1177 1182 1330 1250 λόγος
1364 1183 1580 1246 συνετὸς
1611 1183 1809 1250 ἔδοξεν,
1843 1187 1925 1238 ὅτι
1955 1184 2048 1236 καὶ
2072 1182 2223 1236 ἐπεί-

646 1267 851 1334 σθησαν
909 1265 1047 1318 ὥστε
1119 1267 1192 1337 μὴ
1249 1265 1460 1319 ἀνελεῖν
1513 1269 1733 1330 αὐτοὺς,
1775 1267 1913 1320 ἀλλά
1969 1266 2223 1337 μαστίξαι

643 1351 822 1419 μόνον.
856 1350 1256 1414 Ἐπείσθησαν
1284 1350 1393 1419 γὰρ
1417 1349 1596 1414 αὐτῷ,
1627 1351 1788 1420 φησί’
1831 1351 1928 1403 καὶ
1954 1364 2221 1418 προσκα-

640 1433 964 1501 λεσάμενοι
1021 1432 1161 1495 τοὺς
1197 1433 1601 1496 ἀποστόλους.
1651 1433 1958 1503 δείραντες
2000 1434 2224 1503 παρήγ-

640 1520 850 1586 γειλαν
885 1515 968 1584 μὴ
1017 1515 1232 1569 λαλεῖν
1279 1517 1377 1568 ἐπὶ
1433 1515 1513 1581 τῷ
1547 1519 1788 1586 ὀνόματι
1852 1518 1956 1572 τοῦ
2000 1516 2221 1583 Ἰησοῦ,

644 1600 744 1653 καὶ
796 1600 1119 1654 ἀπέλυσαν
1174 1601 1413 1666 αὐτούς.
1458 1600 1620 1670 Ὅρα,
1676 1601 1813 1672 μετά
1861 1602 2002 1654 πόσα
2035 1600 2225 1671 μαστί-

645 1685 826 1746 ζονται
886 1682 1142 1752 θαύματα
1187 1693 1234 1737 ι.
1293 1684 1403 1737 Καὶ
1443 1684 1591 1754 ὅμως
1650 1684 1811 1739 πάλιν
1840 1687 1873 1751 ή
1910 1683 2225 1738 διδασκαλία

642 1767 974 1819 ἐπετείνετοο
1037 1767 1129 1819 καὶ
1185 1765 1293 1839 γάρ
1331 1767 1424 1820 καὶ
1481 1769 1539 1818 ἐν
1571 1768 1719 1838 οἰκίᾳ
1767 1770 1860 1822 καὶ
1893 1772 1951 1822 ἐν
1989 1769 2066 1821 τῶ
2096 1767 2225 1839 ἱερῷ

642 1849 938 1903 ἐδίδασκον.
987 1852 1051 1902 οι
1090 1849 1208 1917 μὲν
1239 1845 1352 1903 οὖν
1383 1851 1740 1917 ἐπορεύοντο
1768 1853 2077 1920 χαίροντες
2104 1850 2223 1905 ἀπὸ

639 1935 962 2000 προσώπου
991 1937 1095 1986 τοῦ
1126 1933 1470 2000 συνεδρίου,
1501 1933 1590 1986 δτι
1624 1934 1774 2001 ὑπὲρ
1801 1936 1906 1989 τοῦ
1931 1936 2223 2004 ὀνόματος

640 2019 746 2072 τοῦ
780 2017 1034 2085 Χριστοῦ
1062 2017 1519 2084 κατηξιώθησαν
1542 2016 1964 2086 ἀτιμασθῆναι,
2017 2015 2226 2072 πᾶσάν

641 2119 704 2155 τε
731 2101 958 2170 ἡμέραν
986 2100 1053 2153 έν
1077 2099 1156 2165 τῷ
1195 2099 1326 2169 ιερῷ
1365 2101 1462 2153 καὶ
1502 2101 1628 2154 κατ’
1659 2097 1826 2154 οἷκον
1877 2103 1986 2155 οὐκ
2046 2101 2228 2153 ἐπαύ-

643 2202 783 2239 οντο
811 2184 1201 2249 διδάσκοντες
1260 2184 1360 2237 καὶ
1417 2181 1924 2254 εὐαγγελιζόμενοι
1983 2184 2228 2252 Ἰησοῦν

626 2269 920 2336 Χριστόν.
961 2268 1062 2320 Ἔν
1087 2266 1154 2318 δὲ
1182 2266 1310 2332 ταῖς
1340 2267 1587 2335 ἡμέραις
1616 2268 1856 2334 ταύταις
1887 2268 2228 2334 πληθυνόνι

640 2368 760 2404 των
779 2349 894 2403 τῶν
915 2347 1215 2418 μαθητῶν,
1237 2349 1475 2417 ἐγένετο
1499 2349 1842 2418 γογγυσμὸς
1863 2347 1981 2402 τῶν
2015 2350 2225 2415 Ἐλλη-

639 2429 864 2486 νιστῶν
891 2431 1037 2499 πρὸς
1076 2431 1217 2497 τοὺς
1250 2431 1581 2499 Ἐϐραίους,
1615 2431 1703 2485 ὅτι
1736 2433 2224 2502 παρεθεωροῦντο

637 2515 803 2584 ὲντῇ
843 2515 1113 2580 διακονίᾳ
1154 2509 1228 2582 τῇ
1270 2513 1631 2584 καθημερινῇ
1668 2518 1728 2567 αὶ
1783 2513 1956 2583 χῆραι
2003 2515 2222 2570 αὐτῶν.

643 2601 757 2652 Ούκ
796 2603 852 2652 ἐν
891 2600 1124 2659 ἐκείναις
1181 2600 1400 2659 πάντως
1435 2597 1581 2665 λέγει
1634 2601 1753 2662 ταῖς
1801 2598 2068 2669 ἡμέραιςο
2111 2598 2224 2652 ἀλλ’

642 2683 766 2735 ἐπεὶ
797 2681 1054 2751 συνήθεια
1081 2680 1299 2745 τοιαύτη
1325 2681 1352 2719 ιι
1382 2681 1499 2732 ἐστὶ
1528 2682 1592 2751 τῇ
1621 2681 1834 2751 Γραφῇ,
1867 2682 1961 2734 καὶ
2001 2681 2070 2734 τά
2096 2680 2227 2754 μέλ-

639 2765 802 2818 λοντα
858 2765 1175 2834 συμϐαίνειν
1195 2763 1267 2825 ὡς
1322 2760 1523 2832 ’ἐφεξῆς
1590 2763 1850 2832 γινόμενα
1907 2763 2076 2832 λέγει,
2140 2765 2226 2818 διὰ

638 2848 801 2902 τοῦτο
823 2847 995 2910 οὕτως
1017 2843 1191 2899 εἶπεν.
1215 2844 1568 2916 Ἑλληνιστάς
1605 2844 1661 2897 δὲ
1688 2841 1843 2914 οἶμαι
1870 2846 2070 2909 καλεῖν,
2100 2848 2224 2910 τοὺς

653 2931 951 3000 Ἑλληνιστὶ
979 2928 1398 3000 φθεγγομένους·
1419 2924 1562 2982 οὗτοι
1585 2929 1692 2999 γὰρ
1731 2928 2036 2998 Ἑλληνιστὶ
2061 2930 2226 2983 διελέ-

638 3033 803 3087 γοντο
844 3013 1084 3084 Ἑϐραῖοι
1131 3013 1300 3075 ὄντες.
1356 3011 1485 3065 Ἰδοὺ
1545 3014 1640 3065 καὶ
1685 3012 1842 3075 ἄλλος
1890 3014 2220 3084 πειρασμόςο

644 3099 847 3172 μᾶλλον
875 3098 930 3150 δὲ
963 3099 1057 3150 καὶ
1085 3099 1169 3162 σὺ,
1204 3098 1250 3149 εἰ
1284 3096 1464 3166 βούλει
1493 3099 1735 3163 σκοπεῖν,
1768 3096 1887 3165 ὄψει
1912 3097 2006 3150 καὶ
2025 3096 2226 3150 ἐσωθεν

642 3184 738 3237 καὶ
771 3183 968 3247 ἔξωθεν
997 3182 1125 3243 τοὺς
1148 3180 1418 3248 πολέμους
1449 3179 1608 3241 ὄντας
1643 3179 1703 3244 ἐξ
1730 3180 1924 3250 ἀρχῆς.
1958 3183 2227 3247 Προσκα-

636 3265 964 3335 λεσὰμενοι
1013 3263 1101 3325 δὲ,
1155 3263 1305 3332 φησὶ,
1353 3265 1406 3316 οἱ
1451 3261 1679 3316 δώδεκα
1725 3264 1791 3316 τὸ
1842 3261 2075 3332 πλῆθος
2107 3263 2226 3317 τῶν

636 3349 920 3420 μαθητῶν
960 3389 974 3412 ,
1003 3343 1176 3400 εἷπον
1195 3363 1208 3376 ·
1257 3348 1377 3399 Οὐκ
1405 3346 1665 3413 ἀρεστόν
1690 3347 1821 3400 ἐστι
1859 3351 2225 3401 καταλιπόν-

617 3435 753 3499 ’τας
778 3429 934 3500 ἡμᾶς
958 3431 1063 3483 τὸν
1095 3429 1281 3497 λόγον
1307 3428 1413 3481 τοῦ
1467 3428 1636 3490 Θεοῦ.
1679 3427 1980 3482 διακονεῖν
2017 3430 2225 3498 τραπέ-

640 3516 789 3581 (Luc.
824 3513 1044 3577 Καλῶς·
1101 3511 1210 3563 τῶν
1239 3512 1347 3581 γὰρ
1379 3511 1690 3580 ἀναγκαίων
1717 3511 1787 3564 τά
1828 3513 2227 3584 ἀναγκαιότερα

645 3598 1034 3669 προτιμότερα.
1076 3595 1217 3665 Ὅρα
1250 3594 1327 3656 δὲ,
1361 3595 1473 3658 πῶς
1505 3594 1708 3658 εὐθέως
1732 3596 1824 3649 καὶ
1847 3597 2051 3650 τούτων
2093 3600 2225 3669 πρό-

645 3699 794 3737 νοιαν
824 3681 1120 3743 ποιοῦνται,
1153 3679 1246 3731 καὶ
1274 3677 1367 3730 τοῦ
1411 3678 1765 3748 κηρύγματος
1787 3679 1885 3732 οὐκ
1911 3680 2224 3751 ἀμελοῦσιν.

658 3766 746 3828 Ὠς
794 3763 1202 3834 αἰδεσιμώτεροι
1251 3762 1307 3814 δὲ
1339 3764 1533 3815 ἐκεῖνοι
1557 3758 1726 3833 ἦσαν,
1763 3763 1844 3816 διὸ
1873 3767 1966 3819 καὶ
2000 3766 2228 3837 προκρί-

647 3864 847 3901 νονται.
903 3845 1348 3912 Ἐπισκέψασθε
1399 3839 1531 3905 οὖν,
1577 3844 1848 3914 ἀδελφοί,
1904 3846 2126 3915 ἄνδρας
2156 3848 2226 3912 ἐξ

650 3930 815 3999 ὑμῶν
840 3928 1364 3999 μαρτιφουμένους
1391 3927 1561 3988 ἑπτὰ,
1607 3929 1855 3998 πλήρεις
1884 3933 2228 4002 Πνεύματος

653 4018 748 4069 καὶ
793 4016 1032 4082 σοφίας,
1083 4012 1189 4077 οὓς
1242 4013 1704 4080 καταστήσομεν
1729 4013 1827 4066 ἐπὶ
1860 4011 1970 4081 τῆς
2024 4018 2228 4084 χρείας

649 4102 889 4166 ταύτης.
945 4096 1139 4164 Ἡμεῖς
1162 4095 1228 4146 δὲ
1257 4093 1332 4162 τῇ
1365 4095 1675 4164 προσευχῇ
1713 4097 1808 4149 καὶ
1857 4095 1932 4164 τῇ
1955 4090 2228 4167 διακονίᾳ

652 4182 756 4236 τοῦ
784 4182 968 4248 λόγου
994 4179 1618 4247 προσκαρτερήσομεν.
1659 4180 1768 4234 Καὶ
1799 4179 2021 4248 ἤρεσεν
2047 4185 2080 4236 δ
2120 4183 2225 4235 λά-

651 4283 756 4334 γος
789 4265 1041 4317 ἐνώπιον
1096 4261 1321 4324 παντὸς
1365 4261 1472 4315 τοῦ
1521 4263 1811 4328 πλήθους.
1869 4265 1977 4316 Καὶ
2027 4264 2228 4328 ἐξελέ-

652 4351 834 4414 ξαντο
899 4349 1205 4414 Στέφανον
1267 4344 1456 4413 ἄνδρα
1536 4346 1739 4416 πλήρη
1803 4349 2061 4415 πίστεως
2128 4351 2228 4404 καί

650 4434 996 4500 Πνεύματος
1012 4430 1204 4497 ἁγίου.
1228 4430 1369 4498 ’Λρα
1402 4430 1496 4481 καὶ
1518 4432 1712 4483 ἐκεῖνοι
1745 4430 1968 4501 πλήρεις
1991 4434 2229 4498 πίστεως

651 4514 815 4590 ἦσαν,
847 4516 940 4578 οῦς
993 4514 1085 4567 καὶ
1125 4512 1452 4579 ἐξελέξαντο,
1494 4515 1578 4566 ἵνα
1604 4516 1676 4584 μὴ
1707 4513 1855 4586 [112]
1874 4516 1940 4568 τὰ
1967 4517 2108 4569 αὑτά
2134 4518 2228 4584 γέ-

652 4616 830 4670 νηται,
859 4594 944 4650 οἷσι
990 4599 1082 4649 ἐπὶ
1127 4597 1320 4656 Ἰούδα,
1359 4592 1446 4649 οἷα
1515 4599 1607 4650 ἐπὶ
1657 4599 1900 4651 Ἀνανίου
1947 4601 2040 4652 καὶ
2090 4600 2230 4654 Σαπ-

653 4686 865 4754 φείρας.
898 4681 1006 4736 Καὶ
1033 4682 1353 4744 Φίλιππον,
1389 4680 1488 4734 καί
1535 4683 1836 4750 Πρόχορον
1859 4682 1959 4735 καί
1983 4682 2230 4738 Νικάνο-

648 4783 747 4837 ρα,
804 4766 900 4817 καὶ
959 4766 1203 4833 Τίμωνα,
1257 4763 1354 4816 καὶ
1410 4765 1742 4834 Παρμενᾶν,
1780 4766 1876 4819 καὶ
1930 4768 2231 4822 Νικόλαον

656 4849 1043 4916 προσήλυτον
1108 4846 1424 4915 Ἀντιοχέα,
1496 4847 1602 4914 οὓς
1649 4850 1920 4917 ἔστησαν
1974 4851 2231 4905 ἐνώπιον

655 4932 773 4986 τῶν
815 4932 1191 4992 ἀποστόλων,
1243 4932 1338 4983 καὶ
1375 4932 1880 5002 προσευξάμενοι,
1928 4933 2231 5002 ἐπέθηκαν

653 5016 860 5080 αὐτοῖς
892 5014 994 5079 τὰς
1025 5013 1247 5082 χεῖρας.
1291 5013 1398 5066 Καὶ
1437 5017 1468 5066 ό
1499 5018 1677 5082 λόγος
1715 5016 1820 5070 τοῦ
1853 5017 2071 5084 Κυρίου
2118 5019 2229 5085 ηὕ-

655 5101 822 5167 ξανε,
849 5099 944 5152 καὶ
975 5098 1343 5162 ἐπληθύνετο
1367 5099 1399 5149 ό
1438 5099 1677 5166 ἀριθμὸς
1707 5098 1826 5152 τῶν
1850 5100 2131 5169 μαθητῶν
2163 5103 2232 5155 ἐν

663 5181 1063 5259 Ἰερουσαλὴμ
1090 5179 1349 5249 σφόδραο
1383 5181 1575 5247 πολύς
1604 5199 1668 5234 τε
1693 5183 1874 5249 ὄχλος
1891 5184 2012 5238 τῶν
2029 5185 2232 5252 ἱερέων

655 5266 927 5333 ὑπήκουε
963 5265 1040 5333 τῇ
1073 5267 1292 5318 πίστει.
1336 5264 1473 5316 Ἀλλ’
1507 5265 1702 5336 ἴδωμεν
1733 5268 1935 5321 ἄνωθεν
1963 5268 2031 5321 τά
2077 5271 2230 5340 εἰρη-

661 5351 814 5420 μένα.
864 5349 1134 5416 Ἀνδρες,
1172 5350 1496 5418 προσέχετε
1530 5350 1784 5416 ἑαυτοῖς.
1843 5355 1986 5423 Ὅρα
2024 5352 2088 5423 δή
2142 5371 2230 5423 μοι

656 5434 747 5487 τὸν
788 5433 1128 5504 Γαμλιῆλον
1158 5433 1390 5487 ἐνταῦθα
1421 5435 1534 5497 πῶς
1567 5436 1683 5504 μετ’
1718 5437 2015 5500 ἐπιεικείας
2051 5437 2230 5493 διαλέο

655 5534 812 5586 γεται
846 5519 941 5570 καὶ
973 5518 1178 5588 βραχέα
1205 5519 1426 5584 διέξεισι
1455 5520 1590 5590 πρὸς
1618 5520 1833 5583 αὐτοὺς,
1865 5523 1958 5574 καὶ
1995 5522 2052 5574 ού
2084 5522 2230 5591 λέγει

657 5600 862 5655 παλαιά
896 5601 1227 5672 διηγήματα,
1286 5603 1462 5655 καίτοι
1490 5621 1551 5672 γε
1600 5604 1759 5674 ἔχων,
1789 5605 1926 5658 ἀλλά
1967 5609 2228 5679 νεώτερα,

656 5683 694 5739 ἃ
724 5685 956 5754 μάλιστα
1001 5685 1135 5757 πρὸς
1170 5687 1350 5740 πίστιν
1382 5681 1518 5757 ἦσαν
1551 5688 1767 5758 ἰσχυρά.
1823 5689 1912 5743 Διὸ
1967 5692 2060 5744 καὶ
2113 5692 2230 5764 μετ’

659 5768 1006 5839 ἐπικρύψεως
1068 5771 1357 5826 αἰνίττεται
1419 5771 1618 5840 λέγων·
1673 5772 1795 5841 Πρὸ
1848 5775 1958 5843 γὰρ
2008 5776 2232 5830 τούτων

773 5917 1006 5987 θαύματα
1035 5920 1180 5987 deest
1200 5922 1250 5970 in
1277 5937 1387 5973 uno.
1457 5925 1482 5964 ιθ
1506 5923 1706 5984 Quidum
1729 5936 1841 5973 mss.
1868 5924 2076 5987 ἡμέραις.
2119 5927 2230 5975 Συν-

663 5979 794 6037 ἠθεια
821 5982 907 6044 γὰρ
930 5982 1138 6040 τοιαύτη.

2307 5839 2320 5848 .
2405 5805 2428 5831 ⁸
2455 5801 2569 5850 Post
2592 5800 2711 5857 hac,
2737 5798 2880 5860 ἄφετε
2899 5797 3008 5860 τοῦς
3026 5794 3195 5858 ἄνδρας

2337 509 2399 562 Εἰ
2433 511 2530 580 μὲν
2562 507 2654 564 οὖν
2682 511 2884 575 εὐθέως
2932 508 3104 578 εἶπεν,
3141 510 3344 578 Ἀφετε
3367 506 3493 570 τοὺς
3524 506 3722 576 ἄνδρας
3745 515 3794 566 ε.
3828 510 3928 559 καὶ

2336 595 2495 657 αὐτὸς
2524 595 2700 661 ἔδοξεν
2725 595 2964 659 ὕποπτος
2996 597 3082 658 ἂν,
3118 595 3212 648 καὶ
3257 595 3286 646 ό
3320 592 3474 660 λόγος
3518 591 3688 653 οὕτως
3717 592 3819 643 οὐκ
3853 586 3925 661 ἦν

2337 677 2583 747 ἰσχυρός*
2642 678 2780 749 μετά
2826 679 2883 732 δὲ
2935 679 3041 730 τῶν
3086 677 3542 749 παραδειγμάτων
3584 674 3683 744 τὴν
3711 673 3928 727 οἰκείαν

2336 761 2486 829 ἰσχὺν
2513 761 2806 831 ἐλάμϐανε.
2846 760 2945 814 Διά
2977 762 3132 814 τοῦτο
3154 760 3275 813 ούδέ
3321 759 3438 822 ἐνὸς
3465 758 3755 828 μέμνηται,
3782 757 3928 809 ἀλλά

2333 845 2426 894 καὶ
2460 843 2730 916 δευτέρου,
2761 846 2937 899 καίτοι
2959 839 3105 914 εἶχεν
3131 847 3305 897 εἰπεῖν
3330 843 3423 896 καὶ
3452 845 3654 913 τρίτον,
3686 843 3748 894 ἐκ
3771 858 3841 894 πε
3853 859 3930 911 ρι-

2332 927 2519 991 ουσίας
2568 932 2662 983 καὶ
2711 929 2901 983 ἐαυτὸν
2957 927 3136 991 καλῶς
3188 927 3414 994 λέγοντα
3451 926 3688 988 δεικνὺς,
3728 925 3930 978 κάκεί-

2333 1027 2456 1074 νους
2481 1014 2708 1082 ἀπάγων
2752 1014 2851 1084 τῆς
2893 1013 3116 1082 φονικῆς
3148 1010 3538 1082 προαιρέσεως.
3591 1009 3934 1077 Ἀπόστητε

2333 1095 2452 1148 ἀπὸ
2478 1097 2597 1149 τῶν
2629 1099 2980 1165 ἀνθρώπων.

2404 1177 2639 1252 β’.”ορα,
2657 1181 2774 1242 πῶς
2789 1181 2849 1234 τὸ
2868 1176 3000 1251 ἦθος
3017 1179 3286 1250 ἐπιεικής.
3308 1179 3417 1232 Καὶ
3436 1177 3559 1231 οὔτε
3591 1178 3803 1249 μακρὸν
3824 1178 3922 1231 τὺν

2331 1261 2508 1330 λόγον,
2559 1264 2694 1317 ἀλλὰ
2725 1265 2986 1334 σύντομον
3032 1266 3200 1317 ποιεῖ’
3237 1261 3361 1315 οὔτε
3389 1261 3614 1314 ἐκείνων
3655 1262 3797 1331 μετὰ
3828 1260 3928 1313 Ou-

2335 1346 2437 1417 μοῦ
2469 1347 2760 1418 μέμνηται.
2792 1349 2901 1403 Καὶ
2933 1346 3158 1416 πάντες
3203 1345 3337 1401 ὅσοι
3385 1345 3692 1400 ἐπείθοντο
3731 1341 3923 1408 αὐτῷ.

2331 1429 2905 1500 διεσκορπίσθησαν.
2939 1428 3109 1484 Τοῦτο
3153 1429 3344 1497 λέγων,
3385 1427 3536 1481 οὐδὲν
3570 1430 3649 1490 εἰς
3679 1428 3926 1498 Χριστὸν

2334 1513 2663 1586 βλασφημεῖ,
2691 1516 2806 1569 ἀλλ’
2835 1515 2863 1568 ὃ
2891 1513 3139 1586 βούλεται
3177 1512 3430 1584 μάλιστα,
3458 1511 3732 1582 κατορθοῖ.
3779 1513 3932 1565 Ἐὰν

2331 1593 2390 1669 ᾖ,
2427 1601 2608 1670 φησὶν,
2641 1599 2710 1664 ἐξ
2738 1598 3082 1668 ἀνθρώπων.
3110 1597 3616 1664 καταλυθήσεται.
3653 1595 3936 1648 Ἐνταῦθα

2333 1683 2427 1739 καὶ
2487 1675 2893 1752 συλλογίζεσθάί
2952 1701 3041 1754 μοι
3100 1683 3300 1745 αὐτοὺς
3355 1681 3519 1746 δοκεῖ,
3563 1681 3656 1734 καὶ
3705 1681 3929 1748 λέγειν·

2333 1768 2542 1822 Οὐκοῦν
2593 1769 2716 1822 ἐπεὶ
2772 1770 2833 1821 οὐ
2878 1766 3168 1837 κατελύθη,
3219 1767 3318 1819 οὐκ
3350 1764 3497 1819 ἐστιν
3553 1764 3932 1834 ἀνθρώπινον.

2332 1852 2557 1920 Μήποτε
2612 1853 2704 1904 καὶ
2753 1853 3022 1922 Θεομάχοι
3076 1850 3359 1921 εὑρεθῆτε.
3413 1851 3584 1903 Τοῦτο
3640 1845 3785 1915 εἶπε,
3854 1849 3938 1917 τῷ

2331 1934 2581 2005 ἀδυνάτῳ
2613 1936 2707 1988 καὶ
2736 1935 3039 2006 ἀσυμφόρῳ
3077 1933 3460 1986 καταστέλλων
3485 1933 3700 1996 αὐτούς.
3754 1935 3805 1985 Ε
3812 1935 3832 1985 ι
3865 1931 3939 1983 δὲ

2332 2021 2400 2075 ἐκ
2426 2018 2574 2072 Θεοῦ
2608 2018 2796 2082 ἐστιν,
2827 2020 2898 2072 οὐ
2945 2015 3314 2086 δυνήσεσθε.
3364 2017 3478 2069 Οὐκ
3522 2011 3694 2080 εἶπεν,
3734 2015 3868 2068 Ἐὰν

2334 2104 2466 2166 Θεδς
2514 2103 2543 2154 ό
2589 2102 2852 2174 Χριστός·
2896 2101 2957 2154 τὸ
3003 2099 3112 2173 γὰρ
3165 2099 3323 2169 ἔργον
3350 2097 3509 2151 τοῦτο
3547 2098 3774 2169 ἐδήλου·
3819 2097 3938 2150 οὐδ’

2334 2187 2668 2256 ἀπεφήνατο,
2701 2187 2782 2238 ὅτι
2803 2186 2903 2238 οὐκ
2929 2184 3270 2255 ἀνθρώπινόν
3291 2185 3458 2248 ἐστιν,
3485 2181 3606 2234 οὕτε
3637 2182 3719 2234 ὅτι
3757 2180 3936 2244 θεῖον,

2334 2271 2470 2324 ἀλλά
2514 2269 2592 2338 τῷ
2643 2269 2889 2339 μέλλοντι
2959 2268 3137 2338 καιρῷ
3198 2267 3296 2338 τὴν
3352 2265 3537 2320 πίστιν
3597 2265 3935 2335 ἐπέτρεψεν,

2334 2354 2472 2408 ῶστε
2517 2355 2724 2407 πεῖσαι.
2758 2353 2869 2405 Καὶ
2895 2353 2945 2404 εἰ
2981 2352 3188 2415 ἔπεισε,
3221 2351 3367 2415 τίνος
3394 2349 3580 2404 ἕνεκεν
3635 2350 3686 2415 ἀ,
3734 2351 3936 2418 φησὶν,

2333 2436 2630 2506 ἐμάστιξαν
2655 2436 2767 2505 ςΤῇ
2797 2437 2893 2506 μὲν
2910 2434 3381 2504 ἀναμφισϐητήτῳ
3407 2432 3742 2504 δικαιολογία
3769 2433 3933 2486 ἀντι-

2334 2522 2529 2591 ϐλέψαι
2567 2521 2667 2572 οὐκ
2713 2516 2857 2589 εἰχον
2878 2537 2890 2549 ·
2923 2520 3072 2588 ὅμως
3096 2519 3153 2572 δὲ
3183 2519 3277 2571 τὸν
3304 2517 3474 2588 θυμὸν
3516 2517 3793 2589 ἐπλήρουν
3833 2516 3936 2570 τὸν

2334 2607 2564 2659 οἰκεῖον·
2603 2603 2775 2665 άλλως
2809 2602 2866 2656 δὲ
2898 2605 2992 2655 καὶ
3031 2602 3192 2655 πάλιν
3237 2601 3409 2674 ταύτῃ
3463 2601 3721 2670 φοϐήσειν
3763 2617 3938 2672 προσ·

2335 2688 2616 2758 εδόκησαν.
2670 2686 2780 2739 Καὶ
2810 2684 2888 2755 τῷ
2913 2684 2986 2756 μὴ
3020 2685 3302 2754 παρόντων
3326 2683 3383 2737 δὲ
3413 2683 3590 2736 αὐτῶν
3619 2682 3796 2736 ταῦτα
3842 2681 3908 2734 λέ
3936 2714 3949 2724 -

2333 2789 2470 2840 γειν,
2502 2771 2852 2824 ἐπεσπάσατο
2877 2769 3076 2839 μᾶλλον
3103 2768 3332 2830 αὐτούς·
3371 2768 3464 2820 καὶ
3498 2770 3530 2837 ἡ
3561 2765 3845 2835 γλυκύτης
3874 2766 3938 2819 δὲ

2333 2855 2441 2907 τῶν
2475 2854 2668 2921 λόγων,
2719 2853 2812 2907 καὶ
2864 2853 2926 2905 τὸ
2969 2853 3178 2905 δίκαιον
3221 2851 3330 2904 τῶν
3357 2850 3668 2921 λεγομένων
3709 2849 3932 2904 ἔπειθε.

2333 2939 2508 2993 Μόνον
2540 2937 2647 3010 γάρ
2681 2937 2801 3008 οὐχὶ
2829 2938 3095 3008 ἐκήρυττε
3130 2938 3221 2990 καὶ
3253 2931 3408 2999 οὗτος
3431 2936 3493 2989 τὸ
3546 2934 3892 3003 Εὐαγγέλιον
3916 2953 3932 2967 ·

2337 3021 2536 3091 μᾶλλον
2557 3020 2614 3073 δὲ
2649 3021 2931 3091 μονονουχὶ
2978 3020 3202 3073 τοιαῦτα
3251 3017 3757 3088 δικαιολογούμενος
3786 3019 3938 3088 πρὸς

2334 3105 2532 3167 αὐτοὺς
2584 3103 2958 3157 ἀποτείνεται’
3003 3101 3343 3172 Ἐπείσθητε,
3389 3102 3471 3154 ὅτι
3519 3103 3621 3154 οὐκ
3668 3101 3938 3171 ἰσχύσατε

2335 3188 2654 3242 καταλῦσαι.
2695 3185 2794 3240 Διά
2841 3187 2895 3239 τί
2930 3187 3030 3239 οὐκ
3062 3185 3456 3251 ἐπιστεύσατε;
3494 3185 3652 3238 Οὕτω
3691 3185 3838 3254 μέγα
3868 3191 3936 3244 τὸ

2334 3273 2616 3341 κήρυγμα,
2670 3271 2751 3323 ὅτι
2801 3269 2894 3324 καὶ
2949 3268 3099 3341 παρά
3137 3268 3245 3322 τῶν
3287 3267 3498 3338 ἐχθρῶν
3555 3269 3934 3339 ήμαρτυρία.

2346 3356 2493 3408 Ἐκεῖ
2528 3355 2870 3426 τετρακόσιοι
2907 3354 3232 3425 ἀνέστησαν,
3264 3353 3358 3406 καὶ
3387 3352 3525 3423 μετά
3554 3352 3712 3404 τοῦτο
3741 3352 3942 3415 ἱκανὸς

2334 3438 2518 3508 ὖχλος·
2552 3432 2653 3493 ὦδε
2696 3437 2903 3491 δώδεκα
2940 3432 3083 3508 ἦσαν
3117 3437 3166 3489 οἰ
3222 3435 3448 3506 πρῶτοι.
3508 3435 3600 3504 Μὴ
3639 3432 3733 3487 οὖν
3778 3437 3938 3506 ὑμᾶς

2335 3522 2565 3576 πτοείτω
2588 3523 2649 3575 τὸ
2709 3521 2908 3590 πλῆθος
2964 3521 3024 3573 τὸ
3053 3520 3504 3590 προσγενόμενον.
3557 3517 3700 3573 Ἐὰν
3743 3520 3862 3589 γὰρ
3894 3515 3940 3592 ᾗ

2333 3605 2401 3670 ἐξ
2444 3605 2768 3674 ἀνθρώπων
2805 3605 2870 3658 τὸ
2915 3607 3092 3674 ἔργον
3133 3605 3309 3658 τοῦτο
3335 3645 3348 3664 .
3417 3604 3936 3669 καταλυθήσεται.

2333 3685 2461 3758 Εἶχε
2506 3689 2602 3741 καὶ
2646 3689 2941 3755 Αἰγύπτιον
2979 3688 3154 3739 εἰπεῖν
3204 3686 3422 3757 ἕτερον,
3473 3685 3610 3738 ἀλλὰ
3673 3688 3940 3756 περιττὸς

2333 3772 2519 3825 λοιπὸν
2537 3768 2605 3841 ἦν
2643 3775 2670 3824 ό
2699 3773 2855 3839 λόγος
2884 3770 3070 3824 αὑτοῦ.
3108 3765 3285 3835 Εἶδες,
3334 3770 3451 3834 πῶς
3483 3771 3561 3841 τῷ
3592 3771 3805 3842 φοϐερῷ
3837 3773 3940 3826 τὸν

2334 3854 2489 3922 λόγον
2515 3852 2662 3924 [HS]
2687 3852 3038 3919 κατέκλεισε;
3070 3852 3161 3904 Διὸ
3181 3852 3274 3905 καὶ
3305 3853 3404 3906 οὐκ
3433 3853 3792 3921 ἀποφαίνεται
3826 3857 3940 3908 άπ-

2335 3936 2463 4003 λῶς,
2486 3937 2573 3989 ἵνα
2601 3935 2677 4007 μὴ
2693 3936 2818 4008 δόξῃ
2843 3936 2983 4005 ὑπὲρ
2995 3934 3176 3989 αὐτῶν
3205 3936 3548 4004 λέγειν·άλλ’
3575 3937 3684 3990 ἀπὸ
3711 3940 3808 4007 τῆς
3833 3938 3936 3992 τοῦ

2335 4020 2660 4091 πράγματος
2690 4019 2967 4081 ἐκϐάσεως
2991 4018 3380 4086 συλλογίζεται.
3413 4019 3528 4071 Οὐκ
3565 4019 3841 4090 ἐτόλμησε
3876 4022 3938 4076 δὲ

2335 4093 2736 4173 ἀποφήνασθαι,
2772 4104 2853 4156 ὅτι
2898 4103 2998 4155 οὐκ
3026 4101 3364 4173 ἀνθρώπινόν
3390 4104 3560 4168 ἐστιν,
3604 4104 3725 4156 οὐδὲ
3747 4108 3833 4158 ὅτι
3867 4108 3938 4160 ὲκ

2335 4187 2500 4240 Θεοῦ·
2557 4186 2745 4256 ἐπειδὴ
2798 4187 2846 4238 εἰ
2885 4181 3057 4250 εἶπεν,
3103 4187 3184 4238 ὅτι
3215 4188 3278 4239 ἐκ
3312 4185 3471 4250 Θεοῦ,
3510 4187 3798 4254 ἀντέλεγον
3829 4191 3937 4243 ἅν-

2336 4272 2385 4323 εἰ
2435 4269 2492 4323 δὲ
2540 4269 2597 4334 ἐξ
2657 4267 2979 4338 ἀνθρώπων,
3019 4268 3300 4339 πρόχειροι
3328 4270 3491 4322 πάλιν
3520 4271 3600 4333 εἰς
3631 4271 3693 4323 τὸ
3721 4274 3943 4326 ἐπανα-

2338 4353 2530 4423 στῆναι
2587 4351 2842 4420 ἐγίνοντο.
2903 4350 3001 4403 Διά
3059 4350 3219 4404 τοῦτο
3276 4353 3474 4417 αὐτοὺς
3524 4343 3842 4424 περιμεῖναι
3871 4357 3936 4407 τὸ

2335 4437 2488 4499 τέλος
2517 4434 2747 4497 κελεύει,
2777 4433 2980 4487 εἰπών’
3026 4435 3377 4504 Ἀπόστητε.
3415 4438 3477 4490 Οἱ
3521 4437 3578 4490 δὲ
3637 4438 3934 4492 ἀπειλοῦσι

2338 4520 2521 4581 πάλιν,
2556 4517 2755 4581 εἰδότες
2785 4518 2902 4585 μὲν,
2937 4518 3018 4570 ὅτι
3047 4518 3198 4571 οὐδὲν
3227 4519 3468 4584 ἀνύουσι,
3524 4520 3807 4583 ποιοῦντες
3872 4523 3933 4575 δὲ

2338 4605 2397 4657 τὺ
2425 4603 2626 4658 αὐτῶν.
2660 4601 2910 4655 Τοιοῦτον
2943 4601 3051 4670 γὰρ
3093 4603 3126 4672 ή
3181 4603 3373 4665 κακίαι·
3397 4604 3677 4666 ἀδυνάτοις
3726 4605 3939 4660 πολλά-

2340 4705 2426 4750 κις
2459 4688 2743 4756 ἐπιχειρεῖ.
2799 4690 2959 4740 Μετὰ
3008 4685 3081 4737 δὲ
3125 4686 3340 4739 τοῦτον
3392 4687 3617 4754 ἀνέστη
3676 4688 3933 4755 Ἰούδας.

2338 4771 2521 4824 Ταῦτα
2552 4772 2661 4833 τοῖς
2694 4767 2788 4823 τοῦ
2823 4770 3087 4840 Ἰωσήπου
3120 4768 3340 4838 βιϐλίοις
3373 4770 3708 4839 ἐγκύψαντες
3746 4773 3937 4843 μαθή-

2341 4855 2497 4908 σεσθε
2531 4853 2953 4926 ἀκριϐέστερονο
3009 4855 3214 4918 ἐκεῖνος
3266 4855 3376 4926 γάρ
3411 4855 3509 4925 τὴν
3541 4856 3746 4908 τούτων
3784 4857 3938 4909 ἱστο-

2341 4940 2460 5008 ρίαν
2494 4938 2797 4992 συντάττων
2829 4935 3072 5006 ἁκριϐὦς
3103 4937 3323 5006 ἱστορεῖ.
3357 4932 3528 4999 Εἶδες,
3562 4936 3748 5006 ἡλίκον
3779 4939 3936 4991 ἐτόλ-

2341 5039 2512 5094 μησεν
2569 5023 2765 5086 εἰπεῖν,
2824 5019 2905 5071 ὅτι
2951 5020 3052 5073 Ἐκ
3107 5020 3274 5087 Θεοῦ,
3326 5023 3414 5075 ὅτε
3455 5020 3636 5073 λοιπὸν
3678 5020 3788 5073 ἀπὸ
3816 5023 3936 5076 τῶν

2339 5105 2676 5176 πραγμάτων
2708 5101 2806 5173 τὴν
2831 5101 3010 5154 πίστιν
3033 5101 3243 5157 ἔλαϐεν.
3281 5105 3486 5166 Ὄντως
3521 5102 3686 5172 πολλὴ
3717 5106 3751 5174 ή
3779 5108 3936 5178 παῤ-

2341 5192 2525 5262 ρησία,
2599 5188 2735 5240 πολὺ
2780 5186 2841 5238 τὸ
2893 5198 2914 5225 θ
2949 5186 3473 5257 ἁπροσωπόληπτον.
3517 5188 3938 5255 Ἐπείσθησαν

2337 5274 2404 5327 δὲ
2436 5272 2618 5338 αὐτῷ,
2658 5270 2811 5341 φησί.
2863 5271 2971 5324 Καὶ
3010 5270 3568 5338 προσκαλεσάμενοι
3599 5269 3742 5335 τοὺς
3773 5272 3935 5327 ἀπο-

2337 5360 2626 5423 στόλους,
2673 5355 2975 5423 δείραντες
3022 5354 3342 5408 ἀπέλυσαν
3378 5357 3618 5420 αὐτούς.
3659 5353 3935 5425 ᾝδέσθη-

2340 5461 2438 5496 σαν
2465 5443 2564 5512 τὴν
2616 5438 2773 5503 δόξαν
2806 5437 2897 5491 τοῦ
2938 5438 3160 5508 ἀνδρός⁹
3217 5437 3298 5490 διὸ
3323 5440 3418 5490 καὶ
3449 5437 3544 5490 τοῦ
3575 5436 3786 5490 ἀνελεῖν
3827 5441 3935 5507 μὲν

2337 5529 2462 5590 τοὺς
2496 5523 2825 5584 ἀποστόλους
2857 5521 3216 5592 ἀφίστανται·
3271 5521 3628 5591 μαστίξαντες
3655 5521 3712 5574 δὲ
3767 5523 3938 5592 μόνον

2338 5612 2532 5674 αὐτοὺς
2562 5608 2906 5664 ἀπολύουσιν.
2949 5610 3010 5659 Οἱ
3069 5605 3183 5674 μὲν
3233 5601 3348 5660 οὖν
3402 5605 3762 5674 ἐπορεύοντο
3799 5611 3939 5676 χαί-

2334 5713 2546 5764 ροντες
2589 5694 2708 5749 ἀπὸ
2752 5689 3076 5761 προσώπου
3121 5689 3227 5744 τοῦ
3257 5690 3601 5758 συνεδρίου,
3655 5691 3744 5744 ὅτι
3773 5694 3937 5763 ὑπὲρ

3199 5833 3212 5853 ,
3237 5795 3289 5844 in
3311 5807 3410 5844 uno
3431 5798 3601 5848 multa
3627 5801 3742 5845 sunt
3762 5799 3937 5846 varie-

2341 5871 2494 5919 tates;
2516 5862 2605 5911 sed
2630 5856 2741 5923 quae
2777 5856 2898 5908 hihil
2922 5856 3227 5923 ad_sen§ym_
3265 5856 3534 5923 pertinenti.
3604 5858 3629 5896 τι
3665 5857 3805 5923 unus
3835 5860 3930 5908 ἐπ-

2340 5928 2582 5988 έστρεψεν.
2601 5919 2934 5988 Ἐπείσθηᾳαν·
2957 5919 3080 5975 τίνος
3103 5919 3185 5967 οὖν
3207 5920 3380 5988 ενιξιεν.
3449 5922 3467 5943 ⁸
3487 5922 3572 5973 Hic
3595 5921 3810 5972 multum
3835 5934 3928 5972 τι·

2342 5982 2466 6040 τίεύι
2490 5982 2627 6051 inss.,
2650 5986 2735 6036 sed
2754 5984 2928 6034 eodem
2951 5995 3098 6032 sensu
3123 5982 3413 6045 procedunt.
