4078 6318
182 364 292 418 “3

178 487 267 533 Ae
317 484 363 531 si
390 476 594 529 diceret
620 494 631 526 2
661 474 1004 540 Exspectate,
1040 479 1094 521 et
1122 468 1166 519 si
1198 483 1261 517 ex
1294 464 1486 531 seipsis
1517 462 1587 514 illi
1622 463 1791 513 coacti

176 580 339 631 sunt.
371 568 497 620 nihil
520 547 788 634 impediet
815 562 1101 629 quominus
1140 558 1526 609 dissolvantur.
1566 552 1799 621 Neforte

178 672 235 711 (ι
267 660 378 712 Deo
402 674 686 725 repugnare
714 653 1058 706 ini-eniamini.
1089 650 1151 702 Et
1174 666 1236 702 ex
1280 647 1619 714 itupussiluli,
1650 655 1701 697 et
1731 661 1795 696 ex

181 753 369 805 inutili
395 751 588 803 avertit
615 765 727 799 eos.
762 746 867 798 Nec
899 745 1050 804 dicit,
1102 761 1130 795 a
1178 758 1282 809 quo
1311 740 1614 806 interempti
1658 739 1794 797 sint;

178 845 286 897 sed
320 843 660 908 simpliciter,
692 840 831 906 quod
855 838 961 889 sint
992 836 1257 901 dissipati,
1288 834 1424 885 forte
1457 833 1787 898 superﬂuum

186 937 399 988 ducens
422 935 571 1001 plura
595 932 812 985 addere.
848 931 923 983 Ex
959 932 1022 981 iis
1046 945 1192 989 vero,
1222 944 1341 995 qum
1381 926 1670 993 subjungit,
1701 924 1797 975 do-

180 1038 273 1079 I'et
305 1044 319 1079 :
354 1028 411 1080 Si
435 1028 726 1079 humanmu
754 1026 821 1074 sit
870 1039 1021 1089 opus,
1063 1039 1166 1074 non
1194 1030 1277 1072 est
1331 1019 1474 1086 quod
1506 1019 1579 1070 rei
1610 1033 1792 1069 curam

177 1124 393 1185 agatis;
430 1120 514 1172 sin
541 1119 802 1175 divimuu,
830 1116 1086 1183 quidquid
1117 1112 1371 1177 feceritis,
1406 1128 1511 1164 non
1556 1111 1798 1179 poteritis

179 1226 470 1277 superare.
497 1210 585 1264 Sic
611 1224 789 1263 sermo
812 1208 1025 1275 sapiens
1069 1208 1216 1259 visus
1261 1214 1343 1258 est
1375 1224 1385 1255 :
1410 1220 1530 1257 nam
1558 1204 1794 1271 persuasi

180 1314 314 1354 sunt
344 1312 527 1354 utnon
560 1300 866 1354 occiderent
895 1300 1036 1359 illos,
1072 1299 1165 1351 sed
1198 1298 1532 1366 ﬂagellarent
1564 1308 1792 1348 tantum.

181 1396 569 1446 Consenserunt
618 1403 788 1443 autem
838 1390 952 1454 illi,
1007 1391 1206 1459 inquit;
1259 1389 1349 1443 60.
1393 1400 1439 1441 et
1468 1399 1796 1442 coneocautes

177 1488 474 1554 apostolus,
497 1488 640 1539 ursis
665 1487 1109 1546 denuntiata-runt,
1147 1500 1209 1535 nc
1245 1485 1569 1551 loquerentur
1609 1483 1662 1534 in
1701 1498 1795 1534 no-

184 1583 328 1631 mine
362 1579 489 1632 Jesu
512 1597 526 1641 ;
550 1591 593 1630 rt
613 1581 907 1631 dimiserunt
938 1595 1041 1630 eos.
1068 1576 1221 1637 Vide,
1252 1587 1373 1645 post
1396 1585 1526 1643 quot
1543 1575 1795 1629 miracula

183 1676 562 1743 tlagellantur!
594 1674 658 1725 l-Zt
680 1684 856 1726 tamen
882 1673 1074 1724 iterum
1099 1670 1342 1723 doctrina
1366 1669 1791 1723 extendebatur:

183 1783 313 1817 nam
348 1778 401 1817 et
433 1783 485 1816 ιιι
515 1765 674 1817 domo
700 1774 754 1817 et
786 1765 836 1817 in
867 1764 1068 1832 templo
1113 1762 1402 1816 ducebant.
1438 1763 1530 1816 4|.
1567 1781 1584 1811 ι
1624 1759 1692 1814 Et
1722 1761 1795 1814 illi

180 1858 409 1927 quidem
456 1856 601 1909 ibant
644 1857 942 1925 gaudentes
984 1871 1013 1909 a
1060 1865 1350 1924 conspectu
1379 1855 1614 1919 concilii,
1663 1870 1797 1923 quo-

182 1954 334 2002 niam
375 1949 520 2017 digni
550 1948 712 2001 habiti
743 1957 872 2002 sunt
908 1963 1004 2017 pro
1028 1951 1245 2001 nomine
1274 1947 1474 2002 Christi
1506 1959 1791 2001 contume-

185 2040 315 2092 liam
369 2042 521 2108 pati:
555 2041 642 2093 42.
693 2043 837 2093 omni
887 2052 1065 2094 autem
1117 2039 1204 2093 die
1257 2056 1363 2093 non
1412 2040 1696 2093 cessabant
1742 2041 1792 2092 in

185 2133 392 2199 templo
444 2142 499 2184 et
546 2134 686 2184 eirea
733 2133 923 2185 titilliOS
955 2131 1219 2185 ducentes
1262 2142 1315 2183 et
1366 2134 1794 2202 evangelizantes

183 2222 375 2275 Jesum
428 2223 731 2276 Christum.
766 2222 927 2293 (Cap.
956 2219 1036 2283 ti.)
1068 2224 1119 2277 1.
1150 2223 1209 2277 lu
1233 2224 1421 2278 diebus
1444 2236 1623 2278 autem
1656 2226 1790 2289 illis,

184 2327 474 2370 crescente
519 2332 744 2370 numero
776 2316 1185 2386 discipulorum,
1218 2317 1413 2372 factum
1448 2331 1531 2373 est
1552 2334 1795 2373 murumr

185 2409 503 2461 (ἰηιιιισπιιιιι
536 2409 795 2463 adversus
827 2410 1105 2471 Hebraeos,
1135 2426 1199 2465 eo
1222 2411 1364 2481 quod
1390 2401 1795 2479 despicerentur

187 2519 237 2552 ιιι
270 2502 578 2555 ministerio
608 2502 921 2570 quotidiauu
952 2502 1125 2556 vidum
1156 2518 1363 2557 eorum.
1406 2523 1425 2555 ι
1464 2505 1575 2557 Non
1607 2505 1658 2557 in
1688 2506 1793 2559 illis

184 2596 411 2646 umltiltt)
468 2594 597 2645 dicit
638 2595 863 2651 diebus:
894 2594 988 2646 sed
1016 2597 1137 2664 quia
1194 2595 1307 2649 haec
1338 2606 1421 2649 est
1450 2599 1793 2651 consuetudo

186 2690 502 2755 Scriptura“,
549 2698 606 2740 ιιι
656 2705 777 2756 quae
819 2688 993 2741 futura
1033 2698 1206 2750 erant,
1257 2691 1409 2758 quasi
1445 2691 1625 2744 statim
1654 2690 1790 2744 facta

184 2782 331 2832 dicat
364 2800 378 2834 :
416 2782 537 2833 ideo
561 2782 639 2833 sic
686 2782 939 2849 luqttitur.
987 2782 1313 2836 llellenistas
1340 2793 1468 2852 puto
1501 2784 1588 2837 hic
1612 2787 1790 2838 vocari

186 2892 302 2935 eos,
336 2876 425 2943 qui
454 2875 642 2929 Crmce
682 2876 1073 2943 loquebantur;
1111 2876 1161 2928 lii
1210 2879 1354 2929 enim
1386 2876 1571 2931 Gra‘ca
1613 2879 1789 2946 lingua

185 2972 493 3031 utebantur,
536 2970 663 3021 licet
711 2968 926 3022 llcbrati
959 2981 1162 3022 essent.
1201 2970 1340 3026 Ecce
1377 2970 1481 3024 alia
1537 2974 1785 3037 tentatio;

188 3064 295 3114 imo
323 3074 380 3116 et
405 3074 485 3124 tu,
512 3066 555 3117 si
578 3065 865 3117 observare.
889 3065 1037 3125 velis,
1076 3065 1367 3132 perspicies
1389 3066 1457 3118 ab
1480 3065 1628 3117 initio
1650 3066 1787 3118 bella

186 3164 240 3207 et
266 3155 413 3207 intus
438 3165 491 3208 et
514 3157 643 3209 foris
674 3154 858 3210 fuisse.
891 3156 945 3207 9..
980 3155 1342 3215 Convocantes.
1376 3156 1567 3226 inquit,
1593 3157 1788 3210 duode-

186 3247 282 3297 cim
322 3246 697 3301 multitudinem
749 3248 1130 3315 discipulorum,
1189 3250 1425 3302 dixerunt
1484 3264 1502 3301 :
1553 3246 1673 3303 Non
1716 3259 1789 3301 est

185 3353 385 3405 (quam
414 3356 505 3391 nos
534 3340 877 3405 derelinquere
901 3342 1099 3392 uerbum
1132 3339 1249 3401 Dei,
1272 3350 1316 3392 et
1335 3340 1623 3393 ministrare
1648 3356 1789 3392 meno

184 3434 269 3487 iis.
333 3432 474 3486 Bene
517 3451 531 3485 :
575 3433 899 3485 necessariis
924 3425 1081 3486 'cnim
1134 3434 1302 3501 magis
1332 3433 1634 3487 necessaria
1662 3441 1790 3485 sunt

188 3525 537 3593 Iura-ferenda.
570 3525 699 3578 Vide
724 3539 926 3589 autem,
968 3526 1240 3593 quomodo
1282 3526 1461 3580 statim
1504 3536 1558 3579 et
1594 3525 1784 3578 horum

187 3634 367 3670 curam
384 3616 638 3680 habeant,
668 3628 722 3670 et
745 3619 1175 3685 praalicationcm
1195 3633 1301 3671 non
1316 3619 1606 3687 negligant.
1626 3618 1785 3682 Quasi

185 3721 361 3764 autent
402 3710 826 3763 venerabiliures
880 3710 952 3763 illi
1003 3719 1207 3771 essent,
1251 3710 1371 3763 ideo
1410 3709 1782 3776 prmferuutur.

185 3802 235 3855 3.
287 3822 306 3853 ι
343 3801 696 3856 Considerate
734 3816 883 3869 ergo,
928 3801 1141 3864 fratres,
1185 3801 1327 3853 virus
1360 3816 1427 3855 ex
1473 3801 1621 3853 vobis
1663 3800 1785 3852 boni

186 3897 481 3950 testimonii
512 3907 742 3965 septem,
776 3897 963 3962 plenos
1002 3894 1205 3962 Spiritu
1248 3906 1299 3948 et
1324 3894 1609 3961 sapientia,
1650 3909 1786 3961 quos

184 3989 581 4044 cotistituemus
610 4002 771 4054 super
802 3988 903 4038 hoe
923 4002 1078 4053 opus.
1102 3990 1155 4039 4.
1189 3986 1297 4039 Nos
1319 4001 1446 4038 vero
1475 3986 1700 4038 orationi
1732 3995 1786 4040 et

186 4081 487 4133 ministerio
504 4080 649 4133 verbi
678 4081 935 4132 instantes
962 4080 1181 4131 erimus.
1210 4079 1261 4132 5.
1294 4079 1357 4131 Et
1384 4080 1578 4147 placuit
1607 4094 1785 4132 sermo

185 4186 364 4225 auram
386 4171 538 4224 omni
581 4170 938 4224 multitudine.
971 4169 1041 4223 Et
1077 4171 1357 4239 elegerunt
1409 4169 1780 4237 Stephanum,

185 4268 358 4319 virum
390 4265 609 4332 plenum
648 4264 750 4317 tide
772 4274 827 4315 et
853 4262 1053 4331 Spiritu
1094 4274 1303 4317 sancto.
1345 4282 1363 4315 ι
1402 4262 1600 4331 Utique
1622 4275 1674 4316 et
1708 4265 1782 4315 illi

189 4358 322 4421 pleni
356 4357 461 4409 tide
484 4367 655 4417 erant,
681 4372 816 4425 quos
848 4366 902 4408 et
927 4357 1234 4423 elegerunt;
1267 4365 1409 4409 utne
1437 4356 1623 4410 eadem
1650 4371 1784 4410 con.-

186 4452 475 4518 tingerent,
507 4466 627 4518 quae
658 4451 707 4502 in
736 4448 894 4513 .Iuda,
914 4451 1035 4503 etiu
1062 4450 1263 4503 Anania
1285 4459 1339 4504 et
1364 4450 1647 4519 Sapphira.
1678 4470 1695 4501 ι
1722 4451 1786 4504 Et

189 4544 513 4610 l’liilipptttlt.
550 4552 604 4596 et
632 4542 985 4608 Pruehorum,
1026 4553 1079 4598 ct
1124 4543 1465 4608 Nicanorem,
1507 4554 1561 4597 et
1599 4544 1783 4598 Timu-

190 4651 329 4699 uem,
358 4646 415 4689 et
446 4635 785 4697 Parmenam,
816 4645 871 4691 et
915 4636 1190 4690 Nicolaum
1223 4639 1551 4708 proselytum
1593 4640 1782 4691 Antio-

190 4728 417 4781 ebenum
452 4746 465 4779 ;
497 4729 552 4780 6.
583 4745 718 4797 quos
742 4737 1046 4783 statuerunt
1067 4745 1248 4783 coram
1270 4731 1549 4799 apostolis,
1579 4741 1633 4786 et
1661 4748 1783 4785 cum

191 4830 431 4874 orassent
450 4860 467 4884 ,
503 4820 872 4887 imposuerunt
898 4822 978 4876 eis
1004 4837 1210 4875 manus.
1241 4823 1292 4876 7.
1340 4824 1400 4876 Et
1435 4824 1656 4878 verbum
1684 4824 1785 4878 Do-

194 4916 313 4965 mili
342 4920 624 4967 crescebat
646 4957 659 4975 ,
689 4924 741 4967 et
773 4916 1229 4983 nmltiplicalntur
1265 4933 1521 4973 numerus
1545 4918 1784 4986 discipu-

196 5007 361 5058 lorum
390 5008 442 5059 in
493 5006 794 5061 Jerusalem
829 5026 840 5059 :
872 5009 1037 5061 multa
1068 5009 1229 5062 etiam
1264 5010 1417 5065 turba
1446 5011 1783 5065 sacerdotum

195 5097 470 5151 obediehat
490 5098 630 5151 fidei.
662 5118 680 5149 ι
704 5096 811 5153 Sed
840 5098 979 5153 dicta
1000 5100 1190 5153 iterum
1214 5112 1544 5169 repetamus.
1563 5101 1687 5165 Viri,
1707 5115 1787 5156 nt-

196 5190 369 5239 tmdite
396 5189 551 5242 vobis.
586 5189 716 5242 Vide
734 5190 863 5241 mihi
886 5190 970 5244 hic
982 5190 1354 5256 Gamalielem,
1369 5194 1639 5261 quomodo
1662 5211 1784 5249 cum

199 5279 597 5333 mansuetudine
628 5291 681 5335 et
722 5281 907 5350 paucis
935 5282 1201 5351 loquatur,
1234 5299 1334 5338 nec
1365 5296 1573 5340 veteres
1602 5298 1787 5342 narret

198 5372 462 5437 historias,
494 5380 597 5428 etsi
630 5384 831 5444 posset,
870 5376 965 5429 sed
1005 5392 1193 5442 novas,
1222 5394 1341 5446 qua:
1369 5380 1604 5433 maxime
1625 5380 1690 5433 ad
1726 5380 1788 5434 ﬁ-

198 5465 309 5518 dem
352 5468 669 5522 ['ﬂttattdnllt
708 5470 970 5522 valerent.
1004 5470 1129 5524 Ideo
1164 5472 1375 5525 occulte
1417 5472 1670 5536 insinuat,
1702 5473 1785 5527 di-

197 5572 320 5612 cens
352 5573 364 5609 :
397 5557 537 5612 Nam
578 5572 693 5612 ante
722 5560 814 5613 hos
852 5561 980 5626 dies,
1004 5562 1155 5631 quasi
1185 5562 1488 5630 declarans,
1521 5580 1628 5619 non
1661 5574 1787 5621 ante

199 5653 386 5705 multos
404 5652 539 5707 dles.
567 5653 623 5708 Si
654 5656 833 5707 statim
856 5655 1100 5723 dixisset,
1136 5657 1397 5713 Dimittite
1438 5661 1604 5724 viros,
1630 5660 1681 5715 in
1707 5676 1789 5715 su-

199 5746 485 5809 spicionem
512 5749 770 5813 venisset,
803 5757 859 5803 et
887 5764 1067 5827 sermo
1097 5767 1202 5804 non
1236 5753 1306 5805 ita
1332 5755 1543 5809 validus
1566 5755 1785 5821 fuisset;

199 5846 311 5889 eun
340 5839 603 5909 exemplis
619 5852 800 5894 autem
825 5841 929 5895 vim
959 5846 1185 5916 accepit.
1212 5846 1337 5903 Ideo
1360 5863 1464 5903 non
1483 5865 1646 5903 unum
1669 5865 1786 5905 me-

1164 349 1226 402 IN
1268 348 1445 402 Αιῑτλ
1491 342 2022 399 ΑΡΡδἸίὶιιυιιιῖΜ.
2068 341 2297 395 ΗυΜΙΙη
2340 342 2476 395 XIV.

3413 344 3509 398 ιιι

1909 469 2103 519 morat,
2138 460 2231 511 sed
2266 469 2318 511 et
2362 459 2609 510 alterum.
2662 459 2819 526 Atqui
2850 468 3057 525 poterat
3090 469 3140 510 et
3172 460 3385 511 tertium
3410 462 3509 510 ad-

1906 550 2035 604 dere
2065 568 2129 604 cx
2161 551 2475 613 abundanti,
2510 561 2563 602 et
2604 568 2757 603 suum
2801 553 3124 603 continuare
3177 568 3510 615 sermonem,

1908 645 2130 711 illosque
2159 660 2187 694 a
2219 646 2564 712 sanguinariu
2612 646 2891 714 proposito
2930 646 3222 699 abducere.
3256 645 3514 701 [incndite

1905 738 1966 787 ab
1991 738 2296 788 horninibus.

1976 830 2029 880 :2.
2069 829 2218 885 Vide.
2249 845 2409 896 quam
2441 830 2509 880 sit
2533 830 2771 883 moribus
2797 843 3126 884 mansuetus.
3163 829 3347 899 Neque.
3384 832 3508 884 lou-

1906 937 2053 988 gum,
2086 922 2180 972 sed
2208 922 2422 974 brevem
2456 923 2593 973 texit
2617 938 2926 977 sermonem
2960 943 2973 984 ;
3026 942 3198 991 neque
3232 927 3352 976 illos
3376 943 3498 977 eum

1909 1015 2087 1065 furore
2118 1026 2401 1068 memorat.
2465 1014 2527 1066 Et
2555 1032 2727 1068 omnes
2754 1029 2998 1087 quotquot
3026 1032 3389 1070 ronsrnsrrunt
3422 1022 3465 1070 ei
3486 1061 3502 1081 ,

1904 1108 2117 1175 dispersi
2144 1120 2278 1160 sunt.
2318 1109 2426 1163 lloc
2448 1109 2656 1170 diCL‘llS,
2696 1125 2800 1163 non
2835 1113 2885 1162 in
2928 1113 3201 1163 Christum
3257 1115 3502 1178 blasphe-

1904 1210 2055 1263 mat;
2115 1202 2206 1252 sed
2261 1200 2354 1264 id,
2406 1202 2546 1268 quod
2582 1205 2812 1255 maxime.
2860 1205 3108 1264 volebat,
3165 1208 3391 1269 perlicit.
3443 1208 3503 1258 Si

1902 1294 1983 1351 sit,
2028 1294 2216 1360 inquit,
2251 1310 2313 1347 ea:
2371 1296 2700 1360 hominibus,
2761 1298 3081 1351 dissolvetur.
3143 1299 3238 1351 llic
3293 1300 3505 1351 videtur

1902 1384 2019 1436 illos
2042 1386 2354 1454 syllogismo
2387 1387 2665 1453 impetere,
2696 1404 2758 1441 ac
2781 1390 2960 1441 dicere.
2993 1410 3004 1442 :
3046 1391 3187 1459 Ergo
3216 1392 3337 1458 quia
3402 1392 3502 1443 line

1902 1478 2220 1532 dissolutum
2253 1496 2357 1533 non
2407 1482 2525 1543 fuit,
2582 1500 2685 1535 non
2716 1484 3141 1537 est-humanum.
3200 1485 3277 1537 .\'e
3304 1489 3434 1555 fonte
3466 1497 3510 1536 rt

1902 1569 2010 1623 lico
2039 1588 2324 1641 repugnare
2351 1575 2699 1628 invenimnini.
2738 1576 2847 1628 lloc
2881 1576 3117 1638 dicebat,
3150 1594 3215 1630 ex
3242 1578 3498 1645 impossi—

1903 1666 1991 1717 bili
2024 1678 2071 1719 et
2111 1668 2284 1719 inutili
2319 1668 2441 1720 illos
2465 1671 2787 1737 reprimens.
2820 1669 2879 1723 Si
2904 1686 3017 1721 vero
3047 1687 3109 1723 ea:
3143 1669 3248 1722 Deo
3271 1683 3363 1733 est,
3396 1689 3498 1722 non

1902 1759 2146 1825 poteritis.
2202 1759 2315 1811 Non
2367 1760 2539 1822 dixit,
2589 1762 2642 1814 Si
2694 1762 2941 1815 Christus
2998 1764 3069 1815 sit
3130 1764 3308 1825 Deus;
3368 1781 3504 1831 opus

1900 1850 2042 1901 enim
2100 1850 2163 1903 iis
2220 1852 2569 1906 declarabat:
2626 1870 2800 1920 neque
2861 1854 3144 1907 aftirmavit
3182 1856 3263 1907 vel
3317 1857 3507 1907 huma-

1901 1956 2059 2003 num,
2106 1943 2187 1995 vel
2233 1944 2473 1997 divinum
2521 1961 2680 2005 esse;
2730 1946 2823 1999 sed
2851 1946 3029 1999 futuro
3080 1950 3308 2015 tempori
3342 1948 3504 2001 tidem

1902 2036 2181 2100 permisit,
2220 2045 2275 2088 ut
2322 2036 2594 2091 suaderet.
2657 2039 2725 2092 Et
2768 2040 2811 2092 si
2857 2041 3063 2103 suasit,
3118 2041 3328 2109 inquies
3354 2083 3367 2103 ,
3410 2057 3508 2093 cur

1901 2126 2289 2195 flagellarunt?
2326 2130 2644 2185 lndnbitata:
2695 2132 2919 2201 quidem
2971 2134 3237 2187 dictorum
3285 2134 3506 2201 justitia:

1900 2222 2168 2275 obsistere
2198 2240 2304 2276 non
2354 2233 2667 2292 potuerunt,
2710 2225 2805 2279 sed
2846 2236 3027 2280 tamen
3085 2226 3319 2279 furorem
3348 2242 3505 2278 suum

1906 2316 2264 2383 impleverunt
2329 2335 2341 2369 τ
2400 2318 2636 2387 alioquin
2691 2332 2824 2372 vero
2874 2320 2953 2372 sic
3001 2336 3059 2371 se
3116 2320 3237 2372 illos
3302 2329 3508 2385 perter-

1901 2408 2101 2461 riturus
2132 2408 2445 2476 sperabant.
2476 2409 2629 2476 Quod
2660 2421 2839 2465 autem
2872 2410 2986 2464 ha'c
3014 2412 3119 2463 illis
3142 2426 3248 2463 non
3271 2427 3507 2478 [irtl‘st‘tt—

1901 2502 2042 2553 tibus
2068 2501 2295 2565 diceret,
2323 2503 2423 2557 hoc
2458 2504 2578 2557 illos
2604 2506 2775 2572 magis
2802 2505 3026 2558 attraxit
3056 2524 3068 2557 :
3110 2520 3173 2557 ac
3230 2505 3501 2558 sermonis

1897 2594 2168 2657 suavitas,
2222 2596 2599 2665 dictorumque
2651 2597 2857 2665 justitia
2888 2597 2938 2650 id
2969 2598 3077 2650 illis
3120 2598 3309 2651 suasit.
3370 2596 3505 2651 Fere

1899 2702 2128 2755 namque
2159 2696 2213 2739 et
2237 2688 2321 2741 hic
2353 2688 2696 2756 evangelium
2722 2690 3045 2757 praedicabat
3073 2708 3086 2753 ;
3124 2691 3232 2743 imo
3253 2692 3366 2744 lucc
3392 2693 3504 2747 fere
3566 2756 3572 2764 _

1896 2778 2127 2839 dicebat,
2159 2796 2280 2833 eum
2306 2782 2509 2847 justitia
2541 2784 2686 2849 ipsos
2706 2784 3021 2851 alloquens:
3058 2785 3379 2840 Persuasum
3410 2789 3504 2840 ha-

1898 2873 2037 2925 betis
2059 2890 2286 2929 vosuon
2350 2890 2507 2942 posse
2558 2877 2875 2931 dissolvere.
2924 2879 3033 2931 Cur
3074 2896 3179 2931 non
3241 2882 3504 2934 credidis-

1898 2966 2001 3017 tis‘t
2028 2966 2159 3019 Tam
2194 2984 2382 3036 magna
2417 2979 2497 3022 est
2528 2970 2861 3038 prmdieatio,
2894 2972 3136 3037 utetiam
3169 2974 3236 3026 ab
3268 2975 3500 3027 inimicis

1898 3061 2260 3113 testimoniqu
2306 3063 2520 3115 habeat.
2558 3063 2666 3117 illic
2696 3066 3076 3135 quadringenti
3109 3078 3451 3122 surrexerant
3479 3110 3496 3132 ,

1893 3161 1947 3203 et
2002 3162 2183 3217 postea
2245 3169 2435 3221 magna
2488 3157 2809 3210 multitudo:
2864 3157 2949 3212 hic
3004 3159 3287 3213 duodecim
3343 3162 3499 3229 primi

1892 3252 2065 3295 erant.
2102 3244 2174 3296 Ne
2203 3261 2332 3312 ergo
2358 3263 2450 3298 vos
2494 3247 2901 3315 perterrefaciat
2931 3253 3286 3304 multitudinis
3312 3270 3500 3308 acces-

1894 3337 1991 3388 sio.
2025 3336 2082 3389 Si
2111 3339 2242 3389 enim
2278 3355 2339 3390 cat
2366 3341 2653 3393 hominibus
2682 3344 2836 3412 fuerit
2862 3361 2989 3411 opus
3012 3345 3126 3405 hoc,
3159 3346 3485 3399 dissolvetur.

1894 3427 2106 3482 Poterat
2134 3441 2189 3483 et
2214 3432 2355 3484 aliud
2390 3432 2697 3502 xligyptitlttl
2745 3434 2977 3511 dieere;_
3013 3437 3107 3491 sed
3145 3440 3257 3506 jam
3309 3455 3497 3508 super-

1894 3521 2055 3575 fluum
2083 3526 2182 3576 hoc
2207 3524 2409 3578 fuisset.
2449 3525 2651 3588 Viden',
2673 3527 2942 3595 quomodo
2965 3537 3170 3582 terrore
3189 3544 3497 3583 sermonem

1891 3617 2212 3670 concluserit
2236 3618 2259 3670 ‘3‘
2288 3617 2412 3671 ldeo
2441 3634 2546 3671 non
2571 3619 2887 3688 simpliciter
2901 3623 3225 3673 sententiam
3250 3623 3491 3689 profert,

1894 3719 1945 3758 ut
1977 3722 2044 3761 ue
2072 3708 2315 3762 videatur
2334 3724 2431 3777 pro
2456 3710 2560 3762 illis
2583 3710 2797 3772 dicere;
2853 3711 2947 3764 sed
2973 3728 3037 3766 ex
3071 3714 3148 3765 rei
3176 3724 3373 3767 eventu
3403 3732 3493 3767 ra-

1893 3800 2211 3854 tioeiuatur.‘
2264 3801 2381 3855 Non
2410 3818 2574 3857 ausus
2603 3812 2686 3858 est
2710 3819 2839 3857 vero
2864 3803 3162 3869 aflirmare,
3189 3807 3493 3862 doctrinam

1893 3895 2035 3947 illam
2066 3910 2174 3947 non
2199 3894 2511 3957 humanam,
2538 3896 2631 3949 sed
2659 3912 2725 3950 ex
2756 3898 2865 3950 Deo
2896 3913 3051 3952 esse:
3083 3901 3207 3968 quia
3238 3903 3281 3953 si
3312 3902 3491 3955 dixis-

1892 3996 1968 4039 set
2004 4003 2065 4037 ex
2100 3988 2207 4041 Deo
2237 4003 2358 4041 esse
2387 4031 2403 4054 ,
2447 3990 2899 4044 eoutradixissent
2925 3993 2999 4044 illi
3034 4009 3047 4053 ;
3105 3994 3151 4046 si
3202 4006 3379 4047 autem
3429 4012 3497 4051 ex

1893 4078 2201 4133 hominibus
2228 4081 2473 4146 dixisset,
2529 4083 2594 4135 ad
2624 4084 3007 4153 insurgendum
3034 4090 3286 4155 prepeusi
3317 4101 3495 4143 erant.

1893 4169 2014 4223 Ideo
2047 4171 2164 4225 illos
2198 4172 2356 4227 linem
2396 4186 2711 4243 exspectare
2734 4176 2887 4245 jubet
2916 4219 2929 4241 ,
2959 4179 3166 4243 dicens,
3213 4181 3489 4240 Diu-edite.

1894 4263 1967 4316 Illi
2000 4280 2127 4317 vero
2159 4282 2371 4320 rursum
2411 4269 2705 4334 minantur,
2731 4272 2970 4325 scientes
2992 4274 3210 4342 quidem
3259 4289 3317 4329 se
3361 4278 3495 4332 nihil

1892 4374 2048 4427 posse
2100 4362 2379 4427 perlict're,
2429 4378 2528 4415 suo
2571 4375 2749 4418 autem
2825 4382 2974 4420 more
3021 4368 3303 4424 facientes.
3350 4371 3498 4425 Talis

1891 4452 2033 4506 enim
2066 4468 2152 4506 res
2173 4464 2255 4507 est
2277 4455 2504 4519 malitia,
2549 4473 2670 4526 qua:
2714 4460 3065 4527 impossibilia
3118 4476 3263 4529 smpe
3297 4472 3492 4521 tentat.

1893 4542 2019 4596 Post
2046 4545 2180 4598 hunc
2205 4556 2377 4599 autem
2407 4549 2627 4600 surrexit
2677 4548 2848 4603 ludas
2869 4552 2968 4619 (α).
3028 4552 3176 4617 "me,
3208 4555 3250 4607 si
3274 4554 3497 4624 Juseplti

1892 4638 2060 4691 libros
2083 4640 2446 4707 inSpexeritis,
2476 4644 2781 4697 accuratius
2803 4644 3059 4700 cdiscetis
3088 4666 3102 4701 :
3137 4648 3224 4702 ille
3254 4664 3489 4719 namque

1894 4729 2083 4783 horum
2119 4732 2398 4786 historiam
2450 4733 2739 4804 diligenter
2790 4748 2993 4791 narrat.
3045 4739 3232 4794 V'idcn‘
3274 4745 3491 4809 qualem

1893 4839 2003 4876 rem
2033 4840 2195 4878 ausus
2238 4837 2322 4880 est
2352 4827 2553 4889 dicere,
2611 4829 2752 4898 quod
2782 4827 2866 4883 Ea:
2895 4831 3001 4885 Deo
3030 4876 3043 4896 ,
3076 4836 3201 4903 quia
3252 4847 3433 4903 postea
3470 4854 3497 4888 a

1895 4918 2055 4971 rebus
2085 4920 2213 4986 ipsis
2238 4919 2667 4990 fidelitaceepit?
2723 4923 2861 4977 Vere
2916 4942 3107 4995 magna
3149 4928 3377 4993 fiducia,
3439 4943 3495 4985 et

1892 5012 2037 5065 nulla
2081 5028 2430 5081 personarum
2472 5017 2739 5082 acceptio.
2772 5017 3144 5072 Consenserunt
3192 5032 3360 5077 autem
3399 5026 3491 5090 illi,

1895 5102 2083 5171 inquit.
2112 5101 2178 5156 Et
2204 5116 2535 5159 convocantes
2592 5111 2871 5177 apostolos,
2932 5128 3103 5166 (‘.I'SOS
3148 5114 3492 5171 dimiserunt.

1894 5196 2131 5251 Reveriti
2161 5208 2289 5253 sunt
2313 5204 2638 5254 sententiam
2670 5204 2805 5267 viri;
2861 5190 3441 5275 ideoquedestiterunt
3469 5231 3495 5263 a

1894 5292 2176 5359 proposito
2206 5294 2483 5347 occidendi
2513 5298 2786 5364 aposto!os
2822 5315 2835 5350 :
2886 5297 3191 5368 ﬂagellatos
3220 5313 3399 5356 autem
3432 5306 3496 5358 il-

1896 5383 1977 5435 los
2003 5383 2299 5436 dimittunt.
2344 5383 2410 5436 Et
2440 5386 2519 5438 illi
2566 5388 2770 5455 quidem
2802 5390 2943 5442 ibant
2994 5394 3272 5462 gaudentes
3320 5415 3349 5447 ιι
3380 5414 3502 5451 ron-

1895 5485 2066 5542 specta
2090 5476 2316 5539 concilii,
2348 5478 2588 5545 quoniam
2618 5480 2757 5549 digiti
2805 5483 2961 5533 habiti
3012 5496 3129 5535 sunt
3176 5505 3268 5553 pro
3298 5494 3507 5543 nomine

1896 5566 2084 5622 Christi
2112 5571 2470 5621 contumeliam
2500 5574 2626 5637 pati.
2658 5576 2863 5640 Quibus
2895 5578 3060 5645 signis
3086 5579 3186 5632 hoc
3212 5598 3316 5633 non
3343 5586 3500 5635 mira-

1898 5660 2054 5714 bilius
2082 5671 2163 5714 cst
2194 5662 2215 5712 ?
2242 5660 2511 5732 Nusquam
2534 5664 2634 5719 hoc
2662 5668 2801 5734 apud
2834 5681 3045 5723 veteres
3076 5674 3321 5742 Contigit.
3370 5676 3497 5727 Nam

1963 5794 2481 5863 (u)_V"ideAJosephum
2506 5799 2669 5863 Antiq.
2688 5800 2801 5849 Jnd.
2823 5800 2855 5849 Ι.
2882 5802 2955 5859 18.
2984 5818 3026 5852 e.
3060 5805 3103 5863 l,
3131 5808 3215 5855 ubi
3247 5807 3389 5857 Judr
3407 5810 3503 5857 Ca-

1900 5857 2016 5908 ιιιωι
2044 5860 2293 5910 historiam
2328 5857 2511 5922 refert;
2537 5870 2589 5912 et
2622 5857 2658 5913 l'.
2682 5863 2763 5925 ii,
2784 5879 2828 5915 c.
2850 5865 2898 5919 ‘3.
2925 5857 3008 5916 ubi
3028 5857 3307 5920 dei't‘hetuia
3331 5876 3447 5933 agit.
