4078 6318
634 412 737 470 115

632 523 890 581 Jeremias
918 520 1130 592 quidem
1160 518 1451 589 flagellatus
1481 524 1562 570 est
1589 521 1810 584 propter
1836 511 2056 565 verbum
2084 506 2201 570 Dei,

634 615 761 671 Elite
786 622 840 667 et
867 612 984 667 aliis
1016 612 1195 665 minati
1226 616 1380 663 sunt:
1417 607 1510 661 sed
1540 604 1627 660 hic
1654 615 1705 657 et
1747 620 1813 657 ex
1847 602 1946 655 hac
1978 614 2033 655 re
2058 608 2112 652 et
2140 612 2204 650 ex

637 705 804 775 signis
834 707 1079 757 virtutem
1111 703 1201 756 Dei
1237 701 1596 755 declararunt.
1630 696 1743 750 Non
1770 694 1903 747 dixit
1930 690 2072 760 quod
2100 703 2205 741 non

637 796 917 857 dolerent;
964 794 1053 847 Sed
1101 791 1239 862 quod
1267 791 1387 844 licet
1408 789 1650 843 dolentes
1679 786 1987 856 gauderent.
2026 778 2206 835 Unde-

635 900 755 939 nam
806 884 859 939 id
902 882 1113 954 liquet?
1158 883 1230 936 Ex
1263 882 1504 951 sequenti
1549 880 1793 933 libertate
1846 872 2095 928 dicendi:
2136 872 2206 923 ita

634 995 847 1050 semper
865 979 1020 1032 etiam
1053 986 1171 1045 post
1199 976 1378 1045 plagas
1402 969 1733 1041 pra‘dicando
1760 966 2048 1021 instabant.
2084 962 2207 1016 Ideo

634 1070 686 1124 id
708 1071 1000 1129 declarans,
1027 1073 1099 1119 ait
1131 1086 1142 1121 :
1176 1066 1243 1120 1n
1274 1069 1459 1134 templo
1482 1075 1526 1116 et
1554 1064 1686 1115 circa
1709 1061 1884 1113 domos
1907 1074 2009 1111 non
2038 1071 2206 1109 cessa-

634 1160 752 1212 bant
802 1162 1032 1212 docentes
1073 1167 1117 1211 et
1158 1157 1553 1226 euangelizantes
1594 1151 1850 1207 Christum
1892 1148 2089 1202 Iesum.
2140 1144 2208 1198 In

632 1251 805 1305 diebus
842 1261 1011 1306 autem
1044 1252 1161 1305 illis.
1194 1250 1394 1318 Quibus
1416 1246 1639 1301 diebus?
1674 1244 1804 1299 Cum
1841 1244 1951 1295 luec
1981 1241 2204 1302 fierent;

632 1358 749 1397 cum
781 1345 1004 1415 ﬂagella,
1029 1360 1146 1397 eum
1173 1344 1327 1397 mime
1350 1385 1363 1405 ,
1388 1356 1508 1395 cum
1533 1338 1772 1405 discipuli
1793 1334 2206 1403 multiplicaren-

638 1448 755 1488 tur:
790 1446 912 1489 tunc
940 1434 1154 1487 Factum
1179 1445 1250 1487 est
1277 1449 1523 1487 murmur.
1554 1430 1618 1484 Et
1646 1427 1885 1481 fortassis
1913 1426 1983 1479 ob
2023 1422 2205 1477 multi-

631 1527 867 1581 tudinem
913 1526 1130 1594 contigit
1164 1544 1176 1578 :
1209 1543 1313 1577 non
1365 1524 1505 1577 enim
1552 1528 1725 1590 potest
1772 1519 1824 1572 in
1870 1514 2209 1570 multitudine

632 1627 810 1672 tantus
835 1618 967 1671 ordo
994 1619 1214 1672 servari.
1250 1616 1313 1669 Et
1348 1632 1531 1683 magna
1564 1612 1711 1666 turba
1739 1610 2055 1663 sacerdotum
2090 1606 2207 1659 obe-

632 1709 797 1762 diebat
818 1710 955 1775 ﬁdei.
981 1709 1073 1762 His
1092 1707 1476 1765 subindicatur,
1500 1720 1565 1758 ex
1588 1705 1669 1766 iis,
1691 1702 1779 1772 qui
1801 1700 1995 1756 Christi
2023 1712 2207 1753 necem

632 1803 913 1857 machinati
935 1812 1077 1867 sunt,
1106 1801 1303 1855 multos
1331 1798 1639 1853 credidisse.

703 1893 1039 1950 Ministerium
1076 1894 1421 1961 quotidianum
1450 1890 1589 1958 quid.
1622 1886 1911 1939 —-Factum
1950 1894 2022 1937 est
2070 1898 2210 1934 nmr-

629 2003 763 2051 mur,
790 1988 922 2056 quod
947 1988 1319 2056 despicerentur
1341 1986 1392 2037 in
1422 1983 1715 2053 quotidiana
1741 1979 2015 2032 ministerio
2046 1977 2209 2030 vidua:

627 2094 822 2131 eorum.
874 2078 1015 2146 Ergo
1044 2077 1407 2148 quotidianum
1457 2076 1808 2129 ministerium
1853 2088 1977 2140 erga
2022 2071 2207 2124 viduas

626 2180 764 2224 erat.
797 2171 862 2225 Et
894 2172 1047 2234 vide,
1080 2170 1349 2240 quomodo
1389 2169 1475 2223 hic
1514 2168 1863 2221 ministerium
1911 2176 2105 2231 vocet,
2158 2175 2211 2218 et

632 2275 737 2313 non
782 2262 958 2315 statim
988 2261 1415 2332 eleemosynam;
1449 2260 1628 2330 sicque
1661 2270 1714 2313 et
1744 2272 1837 2312 eos
1873 2258 1961 2327 qui
1990 2258 2207 2323 darent,

630 2364 682 2406 et
724 2368 817 2407 eos
846 2355 935 2420 qui
964 2354 1297 2424 acciperent,
1334 2354 1572 2406 extollat.
1604 2352 1716 2406 Hoc
1744 2367 1847 2405 non
1894 2366 1960 2405 ex
2009 2350 2209 2404 malitia

632 2444 916 2508 oriebatur,
975 2445 1067 2501 sed
1099 2444 1337 2499 fortassis
1379 2459 1444 2498 ex
1488 2443 1655 2497 turba:
1704 2444 2044 2513 negligentia.
2088 2441 2210 2496 Ideo

630 2534 734 2589 hoc
778 2536 828 2590 in
864 2535 1093 2590 medium
1123 2536 1340 2604 protulit
1386 2534 1533 2605 (non
1565 2550 1783 2604 parvum
1828 2538 1968 2589 enim
2012 2536 2209 2589 malum

626 2628 791 2695 erat),
816 2627 957 2697 quod
985 2628 1091 2681 cito
1120 2627 1411 2681 curandum
1439 2628 1691 2697 oportuit.
1722 2627 1903 2682 Viden‘
1942 2630 2211 2697 quomodo

634 2716 690 2771 in
716 2718 976 2787 principio
1003 2719 1137 2771 mala
1180 2734 1282 2772 non
1311 2718 1439 2773 foris
1471 2729 1671 2773 tantum
1698 2760 1713 2784 ,
1744 2720 1837 2773 sed
1868 2721 2026 2774 etiam
2070 2721 2212 2773 intus

634 2821 812 2864 essent
835 2812 857 2862 ?
882 2810 957 2863 Tu
989 2826 1114 2864 vero
1146 2827 1249 2864 non
1297 2812 1469 2865 solum
1515 2811 1759 2866 attendas
1787 2812 1926 2881 quod
1970 2822 2210 2865 curatum

633 2902 818 2966 fuerit,
854 2903 944 2956 sed
987 2905 1145 2956 etiam
1174 2903 1313 2972 quod
1349 2918 1594 2973 magnum
1643 2912 1785 2957 esset
1830 2905 2045 2957 malum.
2080 2902 2213 2957 Con-

628 2994 846 3047 siderate
872 3012 1012 3064 ergo,
1037 2994 1250 3063 fratres,
1282 2996 1413 3047 viros
1442 3012 1503 3047 ex
1527 2994 1663 3047 vobis
1686 3004 1889 3063 septem.
1920 2994 2035 3047 Non
2065 2995 2115 3048 id
2145 3010 2211 3049 ex

632 3090 848 3155 proprio
872 3096 997 3141 nutu
1020 3086 1235 3152 faciunt,
1252 3086 1345 3142 sed
1366 3086 1509 3155 prius
1531 3102 1589 3140 se
1605 3097 1857 3141 excusant
1880 3091 2015 3156 apud
2037 3086 2215 3140 multi-

637 3179 891 3235 tudinem.
920 3180 995 3234 lta
1030 3188 1081 3233 et
1106 3194 1243 3233 nunc
1266 3178 1379 3233 fieri
1411 3188 1700 3247 oporteret.
1731 3179 1850 3231 Non
1884 3189 1953 3231 est
1980 3194 2208 3243 (equum,

636 3270 815 3333 aiunt,
869 3285 959 3322 nos
1006 3268 1347 3336 derelinquere
1404 3268 1603 3321 verbum
1652 3268 1781 3333 Dei,
1833 3280 1877 3320 et
1931 3270 2214 3322 ministrare

636 3362 839 3416 mensis.
868 3362 1046 3415 Primo
1076 3362 1459 3415 absurditatem
1489 3360 1724 3429 profert,
1762 3356 2059 3415 ostendens
2106 3378 2210 3417 non

634 3468 793 3521 posse
828 3462 1107 3523 utrumque
1155 3463 1398 3507 accurate
1445 3454 1683 3521 praestari
1729 3473 1741 3507 :
1784 3455 2211 3524 quandoquidem

631 3561 756 3599 cum
808 3546 1079 3599 Matthiam
1109 3546 1362 3599 ordinare
1394 3547 1664 3615 oportuit,
1712 3547 1881 3615 primo
1920 3548 1994 3601 rei
2024 3558 2207 3602 osten-

632 3638 768 3692 dunt
796 3639 1195 3704 necessitatem,
1222 3639 1345 3709 quia
1368 3654 1503 3692 unus
1534 3638 1819 3706 defecerat,
1852 3650 1905 3694 et
1932 3640 2210 3695 duodecim

634 3744 754 3784 esse
781 3730 1080 3798 oportebat.
1116 3728 1287 3783 Etiam
1328 3729 1414 3783 hic
1459 3731 1825 3784 necessitatem
1867 3732 2153 3785 ostendunt
2197 3751 2209 3787 :

638 3838 735 3875 nec
767 3822 894 3875 illud
918 3832 1041 3876 ante
1067 3822 1334 3883 fecerunt,
1360 3822 1453 3875 sed
1484 3832 1859 3891 exspectarunt
1879 3822 2050 3878 donec
2072 3840 2213 3877 mur-

639 3906 1006 3967 iiidr’oriretur
1030 3929 1044 3976 ;
1076 3928 1245 3982 nequc
1268 3922 1442 3967 tamen
1468 3914 1605 3983 passi
1627 3923 1749 3968 sunt
1778 3923 1834 3969 ut
1861 3914 1961 3969 hoc
1988 3916 2211 3969 multum

632 4015 921 4058 cresceret.

726 4096 777 4149 5.
824 4097 889 4149 Et
932 4096 1084 4158 vide;
1133 4096 1389 4164 judicium
1443 4098 1548 4151 illis
1589 4100 1933 4166 permittunt,
1982 4111 2034 4154 et
2093 4102 2211 4155 illos

639 4186 927 4255 praeferunt
956 4188 1047 4257 qui
1078 4188 1324 4241 oumibus
1354 4190 1623 4257 placerent
1645 4232 1657 4254 ,
1691 4201 1742 4243 et
1785 4194 2019 4245 omnium
2062 4195 2211 4247 testi-

640 4282 819 4333 monio
846 4281 1049 4350 probati
1075 4292 1272 4336 essent.
1308 4282 1437 4337 Cum
1467 4286 1698 4351 oportuit
1720 4285 1991 4339 Matthiam
2020 4302 2212 4356 propo-

642 4387 767 4425 nere
793 4414 805 4436 ,
864 4372 1070 4440 Oportet
1090 4414 1103 4437 ,
1158 4375 1396 4441 inquiunt
1422 4418 1435 4441 ,
1470 4393 1530 4429 ex
1556 4377 1617 4428 iis
1640 4416 1655 4441 ,
1696 4378 1780 4443 qui
1806 4378 2061 4430 nobiscum
2101 4389 2214 4431 sunt

640 4464 776 4515 omni
804 4475 1063 4532 tempore;
1092 4464 1175 4519 hic
1203 4476 1374 4519 autem
1405 4484 1507 4520 non
1539 4471 1615 4521 sic
1646 4488 1658 4523 :
1689 4486 1791 4522 non
1824 4473 1961 4523 enim
1992 4474 2094 4524 tale
2122 4489 2217 4527 ne-

638 4556 835 4623 gotium
868 4565 1001 4610 erat.
1039 4557 1158 4609 Ideo
1188 4557 1285 4609 hoc
1325 4572 1425 4610 nou
1462 4561 1588 4611 sorti
1622 4562 2009 4628 permiserunt;
2045 4578 2214 4631 neque

636 4663 757 4701 cum
790 4650 883 4716 ipsi
914 4660 1129 4717 possent
1159 4648 1358 4719 Spiritu
1387 4653 1511 4705 moti
1538 4653 1751 4721 eligere,
1785 4655 1833 4707 id
1864 4656 2089 4720 faciunt;
2121 4659 2213 4711 sed

640 4754 703 4792 ex
736 4743 1016 4793 multorum
1040 4744 1341 4795 testimonio
1361 4745 1500 4811 quod
1524 4746 1771 4812 placitum
1796 4756 1935 4799 esset
1956 4756 2210 4803 statuunt.

642 4829 881 4893 Alioquin
916 4848 1055 4896 vero,
1093 4850 1367 4886 numermn
1400 4834 1643 4900 delinire,
1674 4837 1941 4899 ordinare,
1966 4840 2029 4890 ad
2055 4841 2212 4894 talem

642 4937 819 4985 usum,
853 4924 915 4974 ad
948 4924 1063 4975 illos
1093 4928 1388 4992 pertinebat
1422 4929 1435 4957 ί
1464 4944 1476 4991 ;
1507 4928 1703 4997 eligere
1729 4941 1902 4983 autem
1932 4932 2072 4985 viros
2110 4934 2214 4987 illis

645 5016 986 5081 permittunt,
1013 5027 1067 5068 ut
1107 5031 1172 5070 ne
1200 5016 1500 5071 viderentur
1531 5020 1595 5071 ad
1617 5022 1963 5089 quorumdam
1992 5024 2212 5092 gratiam

641 5122 803 5175 agere
834 5126 846 5160 :
876 5109 993 5175 quia
1024 5119 1075 5160 et
1105 5108 1241 5161 Dens
1272 5109 1436 5178 Moysi
1466 5112 1701 5179 permisit
1728 5114 1922 5181 eligere
1952 5116 2211 5182 seniores,

641 5216 774 5268 quos
804 5212 1040 5254 noverat.
1083 5202 1240 5255 Multa
1271 5206 1410 5256 enim
1440 5205 1693 5272 sapientia
1724 5221 1857 5274 opus
1886 5218 1966 5261 est
2009 5210 2061 5261 in
2093 5212 2213 5262 tali-

642 5294 739 5347 bus
770 5294 1271 5363 dispensationibus.
1314 5297 1388 5351 Ne
1424 5302 1619 5366 putetis
1648 5300 1810 5366 enim,
1842 5304 1961 5369 quia
1992 5303 2213 5357 verbum

644 5404 749 5441 non
779 5388 907 5456 ipsis
935 5388 1297 5442 concreditum
1332 5390 1525 5456 fuerat,
1555 5408 1657 5445 non
1693 5408 1825 5461 Opus
1851 5394 2095 5449 habuisse
2126 5412 2213 5449 sa-

648 5483 836 5547 pientia
870 5500 882 5532 :
908 5483 1068 5536 multa
1096 5494 1239 5538 certe
1265 5500 1398 5552 Opus
1428 5487 1674 5541 habuere.
1713 5486 1823 5541 Nos
1855 5504 1965 5541 rero
1992 5492 2215 5543 orationi

630 5589 691 5629 ιι
731 5578 1001 5631 ministerio
1045 5580 1176 5631 verbi
1220 5582 1461 5633 instantes
1491 5583 1691 5634 erimus.
1726 5582 1792 5635 Et
1835 5583 1982 5635 initio
2011 5594 2062 5637 ct
2112 5584 2215 5639 line

640 5684 760 5724 sese
788 5681 1057 5723 excusant.
1098 5669 1351 5724 lustantes
1394 5674 1576 5725 erimus
1601 5714 1612 5736 ,
1653 5674 1915 5742 inquiunt.
1956 5675 2041 5727 Sic
2073 5676 2213 5727 enim

643 5762 951 5831 Oportebat,
983 5776 1088 5815 non
1122 5763 1327 5828 leviter,
1358 5778 1460 5817 non
1492 5773 1805 5834 utcumque,
1832 5766 1923 5819 sed
1946 5782 2065 5819 cum
2095 5782 2215 5835 per-

703 5875 723 5906 ⁸
757 5873 921 5926 level.
944 5875 1087 5941 legit.
1111 5875 1200 5929 sibi
1225 5878 1521 5941 adscribunt,
1548 5892 1652 5942 pro,
1680 5878 1746 5931 ad
1769 5878 1874 5933 illos
1897 5880 2180 5945 pertinebat.

1418 402 1475 458 S.
1506 396 1784 457 JOANNIS
1819 388 2291 450 CHRYSOSTOSII
2323 384 2633 443 ARCHIEP.
2674 380 3200 439 CONSTANTINOP.

3795 382 3901 441 “6

2314 502 2637 557 severantia.
2666 498 2735 554 Et
2764 500 2977 570 placuit,
3000 499 3190 570 inquit,
3216 515 3379 553 sermo
3405 517 3574 554 coram
3598 504 3735 556 omni
3758 504 3894 556 nsul-

2315 596 2546 649 titudine.
2595 595 2661 648 Et
2692 594 2792 647 hoc
2836 594 3044 648 illorum
3086 595 3394 663 sapientiam
3425 594 3665 649 decebat.
3697 596 3903 653 Omnes

2313 688 2510 742 dictum
2560 688 2876 751 laudarunt;
2911 687 2980 740 ita
3010 687 3286 755 prudentia
3327 688 3541 756 plenum
3572 698 3706 743 erat.
3762 709 3781 742 t
3832 690 3901 746 Et

2314 781 2618 850 elegerunt,
2645 779 2813 847 inquit
2842 779 3079 845 (rursum
3114 779 3211 847 ipsi
3234 778 3488 847 eligunt).
3522 779 3856 848 Stephanum
3884 822 3900 847 ,

2314 872 2482 925 virum
2514 872 2726 939 plenum
2775 870 2875 923 fide
2905 879 2957 924 et
2986 869 3184 938 Spiritu
3226 882 3410 925 sancto
3430 913 3442 935 ,
3475 882 3529 927 et
3560 871 3901 942 Philippum,

2315 970 2370 1018 et
2398 962 2722 1016 Prochorum
2741 1003 2755 1027 ,
2785 972 2840 1016 et
2867 961 3203 1021 Nicanorem.
3233 971 3288 1014 et
3319 962 3599 1017 Timonem
3620 1006 3632 1026 .
3666 970 3720 1019 et
3766 964 3901 1019 Par-

2315 1072 2547 1121 menam,
2575 1067 2629 1111 et
2654 1056 2927 1110 Nicolaum
2954 1055 3277 1126 proselytum
3305 1056 3695 1111 Antiochenum
3724 1075 3737 1111 :
3766 1073 3906 1127 quos

2313 1157 2611 1201 statuerunt
2642 1162 2821 1202 coram
2873 1148 3149 1215 apostolis.
3185 1146 3247 1199 Et
3292 1158 3506 1203 orantes
3534 1149 3908 1218 imposuerunt

2314 1238 2418 1291 illis
2445 1252 2652 1291 manus.
2688 1258 2708 1289 ι
2742 1238 2876 1291 Hinc
2906 1238 3077 1307 palam
3108 1247 3222 1301 est,
3252 1240 3389 1307 quod
3422 1243 3819 1316 segregaverint
3841 1243 3905 1295 il-

2313 1330 2394 1383 los
2431 1345 2461 1382 a
2491 1329 2867 1392 multitudine;
2902 1338 2956 1384 et
3003 1331 3072 1383 illi
3108 1331 3355 1404 trahunt,
3386 1348 3488 1385 non
3534 1335 3758 1401 apostoli
3801 1334 3899 1388 du-

2314 1433 2460 1475 cunt.
2492 1422 2646 1485 Vide,
2676 1438 2834 1491 quam
2877 1438 2983 1476 non
3030 1423 3296 1493 superﬂue
3344 1426 3573 1493 scriptor
3600 1426 3852 1496 loquatur
3889 1446 3904 1481 :

2315 1530 2420 1568 non
2452 1517 2591 1569 enim
2622 1515 2752 1569 dicit
2781 1515 3051 1584 quomodo
3076 1557 3091 1581 ,
3121 1515 3215 1569 sed
3247 1518 3558 1586 simpliciter
3577 1519 3717 1589 quod
3750 1520 3901 1573 ordi—

2316 1607 2423 1659 nati
2472 1607 2579 1660 sint
2634 1622 2725 1674 per
2751 1608 3047 1661 orationem
3098 1626 3109 1661 :
3160 1608 3259 1661 hoc
3302 1610 3444 1663 enim
3491 1620 3572 1665 est
3609 1611 3904 1666 ordinatio.

2321 1697 2507 1753 Manus
2538 1699 2634 1753 viri
2663 1701 3075 1769 superponitur;
3118 1710 3283 1755 totum
3312 1717 3437 1755 vero
3462 1702 3602 1757 Deus
3626 1715 3903 1772 operatur,

2316 1791 2536 1859 ejusque
2560 1808 2746 1846 manus
2764 1801 2847 1845 est
2866 1808 2983 1861 qua:
3008 1792 3172 1862 tangit
3193 1803 3349 1861 caput
3370 1794 3618 1859 ordinati,
3644 1796 3685 1849 si
3712 1812 3906 1865 quem-

2314 1882 2597 1935 admodum
2658 1890 2868 1950 oportet
2919 1881 3211 1937 ordinetur.
3246 1884 3311 1937 Et
3349 1902 3529 1947 sermo,
3566 1886 3770 1955 inquit,
3806 1886 3909 1941 Dei

2314 1974 2597 2038 crescebat,
2650 1983 2697 2026 et
2750 1974 3176 2043 multiplicabatur
3215 1993 3452 2030 numerus
3504 1978 3904 2048 discipulorum.

2314 2064 2427 2119 Non
2458 2066 2573 2119 sine
2602 2081 2763 2120 causa
2793 2066 2891 2121 hoc
2918 2068 3070 2133 dixit,
3119 2068 3209 2123 sed
3244 2079 3297 2122 ut
3326 2070 3631 2123 ostenderet
3656 2112 3671 2133 ,
3699 2083 3907 2138 quanta

2316 2157 2386 2209 sit
2415 2158 2771 2229 eleemosyna:
2816 2169 2869 2213 et
2900 2160 3023 2214 boni
3056 2161 3259 2215 ordinis
3293 2162 3480 2215 virtus.
3531 2166 3606 2215 Ac
3644 2161 3908 2233 deinceps

2316 2264 2434 2317 quge
2460 2248 2783 2316 Stephanum
2811 2260 3055 2319 Spectant
3075 2262 3383 2306 narraturus
3413 2263 3528 2307 est:
3562 2253 3683 2307 ideo
3712 2263 3910 2309 etcau-

2317 2358 2404 2395 sas
2436 2343 2643 2395 illorum
2692 2345 3004 2412 praemittit:
3038 2344 3103 2398 Et
3135 2347 3313 2408 multi,
3350 2348 3552 2416 inquit,
3583 2350 3909 2403 sacerdotum

2314 2434 2603 2487 obediebant
2627 2436 2762 2503 ﬁdei.
2788 2435 2918 2503 Quia
2951 2439 3090 2491 enim
3126 2439 3372 2492 videbant
3405 2440 3695 2511 principem
3724 2452 3780 2495 et
3804 2442 3909 2497 do-

2314 2520 2514 2581 ctorem
2546 2530 2658 2583 hare
2685 2531 3058 2597 proferentem,
3093 2548 3155 2585 ex
3178 2533 3427 2600 operibus
3445 2534 3554 2602 jam
3600 2534 3905 2603 periculum

2317 2619 2599 2672 faciebant.
2634 2619 2700 2672 Et
2724 2620 3076 2677 admiratione
3098 2624 3315 2693 dignum
3345 2636 3422 2679 est
3444 2668 3458 2690 ,
3500 2626 3639 2694 quod
3673 2628 3910 2696 populus

2319 2725 2424 2762 non
2458 2710 2836 2765 scissus-fuerit
2860 2713 2910 2766 in
2939 2713 3200 2768 electione
3224 2717 3480 2782 virorum,
3505 2718 3773 2787 quomodo
3793 2735 3908 2774 non

2319 2804 2583 2871 reprobati
2616 2805 2719 2857 sint
2746 2804 2812 2858 ab
2841 2805 2942 2859 illis
2964 2807 3210 2874 apostoli.

2390 2895 2673 2965 Presbyteri
2723 2906 2769 2949 et
2804 2896 3019 2950 Diaconi
3070 2915 3248 2951 nomen
3278 2899 3479 2969 quando
3512 2901 3809 2955 admissum.
3832 2931 3912 2945 —-

2315 2986 2482 3054 Quam
2513 3004 2638 3057 ergo
2677 2988 2984 3058 dignitatem
3018 2988 3316 3043 habuerunt
3347 2990 3457 3057 illi,
3484 3002 3536 3045 ct
3558 3006 3716 3061 quam
3748 3008 3910 3047 acce-

2320 3090 2509 3149 perunt
2546 3080 2932 3135 ordinationem
2955 3124 2969 3144 ,
2996 3082 3103 3152 jam
3134 3083 3448 3138 discendum
3478 3092 3578 3138 est.
3614 3084 3751 3139 Num
3782 3085 3909 3139 dia-

2318 3177 2621 3229 eonorum?
2663 3177 2820 3245 Atqui
2874 3176 2985 3230 haec
3035 3179 3085 3229 in
3136 3177 3386 3231 Ecclesiis
3438 3193 3543 3231 non
3600 3189 3751 3243 erat;
3806 3180 3911 3234 sed

2319 3268 2754 3337 presbyterorum
2805 3278 2920 3320 erat
2951 3269 3272 3321 teconomia.
3319 3268 3480 3337 Atqui
3523 3270 3700 3323 nullus
3726 3268 3912 3325 adhuc

2316 3362 2599 3429 episcopus
2640 3370 2753 3413 erat
2778 3401 2791 3423 ,
2843 3371 3194 3430 praeterquam
3225 3363 3454 3429 apostoli
3497 3372 3719 3417 tantum.
3752 3362 3913 3420 Unde

2316 3460 2445 3520 pulo
2484 3466 2582 3505 nec
2623 3452 2967 3505 diaconorum
2998 3468 3097 3506 nec
3126 3454 3562 3523 presbyterorum
3596 3464 3718 3510 tunc
3742 3456 3914 3511 fuisse

2318 3556 2510 3596 nomen
2532 3544 2824 3597 admissum
2844 3558 2943 3598 nec
2961 3543 3331 3609 manifestum;
3357 3546 3449 3599 sed
3476 3546 3585 3615 jam
3609 3545 3675 3600 ad
3696 3546 3795 3600 hoc
3813 3562 3912 3601 or—

2316 3635 2479 3689 dinati
2513 3646 2653 3689 sunt.
2689 3634 2797 3690 Nec
2824 3638 3136 3705 simpliciter
3163 3638 3264 3691 hoc
3286 3654 3474 3692 munus
3505 3639 3611 3695 illis
3627 3640 3915 3696 concredi-

2320 3737 2427 3781 tum
2456 3739 2573 3788 est:
2604 3728 2694 3783 sed
2720 3730 2918 3798 precati
2950 3740 3089 3795 sunt,
3119 3741 3175 3784 ut
3202 3740 3435 3799 potestas
3464 3733 3565 3785 illis
3582 3733 3914 3789 concedere-

2319 3829 2421 3871 tur.
2449 3819 2579 3873 Vide
2624 3829 2823 3883 autem,
2848 3836 3052 3888 quaeso,
3078 3823 3120 3873 si
3168 3832 3371 3889 septem
3416 3824 3544 3877 viris
3581 3834 3693 3878 erat
3735 3841 3911 3894 opus,

2320 3918 2479 3963 tantm
2497 3910 2741 3964 fortassis
2759 3911 3048 3965 afﬂuebant
3065 3917 3323 3980 pecunia),
3341 3924 3483 3969 tanta
3498 3926 3613 3969 erat
3630 3917 3913 3972 viduarum

2318 4004 2619 4056 multitudo.
2644 4004 2782 4073 Ergo
2814 4021 2918 4058 non
2950 4007 3263 4075 simpliciter
3287 4023 3474 4075 preces
3502 4010 3911 4077 emittebautur,

2316 4095 2407 4148 sed
2426 4110 2545 4148 cum
2570 4095 2730 4148 inulta
2750 4097 3072 4160 attentione;
3101 4097 3324 4165 hocque,
3352 4098 3572 4165 perinde
3596 4111 3752 4169 atque
3775 4118 3917 4170 pra:-

2316 4187 2535 4252 dieatio,
2570 4188 2937 4256 perficiebatur
2967 4206 2977 4240 :
3003 4189 3230 4255 plurima
3254 4190 3393 4243 enim
3434 4192 3682 4259 precibus
3714 4206 3916 4260 opera-

2319 4279 2527 4332 bautnr.
2551 4278 2637 4333 Sic
2655 4279 2943 4347 Spiritualia
2967 4278 3407 4349 praeferebantur,
3430 4283 3505 4335 sic
3522 4282 3586 4336 ad
3611 4285 3919 4353 peregrina-

2321 4373 2491 4426 tiones
2523 4373 2885 4435 mittebantur,
2907 4374 2983 4426 sic
3007 4374 3119 4427 istis
3148 4376 3366 4428 verbum
3396 4376 3761 4430 concreditum
3791 4378 3914 4432 fuit.

2318 4464 2501 4532 Neque
2539 4464 2664 4517 dicit
2702 4464 2822 4528 hoc,
2870 4480 3041 4535 neque
3070 4467 3277 4519 extollit
3303 4482 3432 4531 eos;
3466 4467 3560 4521 sed
3589 4467 3751 4533 dicit,
3798 4484 3909 4523 non

2318 4574 2527 4627 (equum
2554 4573 2671 4612 esse
2696 4559 3037 4613 commissum
3062 4576 3193 4628 opus
3218 4561 3536 4628 relinquere.
3562 4562 3648 4615 Sic
3678 4577 3705 4613 a
3730 4561 3914 4630 Moyse

2322 4652 2543 4705 instituti
2569 4651 2793 4717 fuerant,
2821 4668 2886 4705 ne
2907 4655 3081 4704 omnia
3106 4654 3307 4721 agenda
3330 4656 3680 4722 susciperent.
3703 4654 3913 4710 ldcit‘Co

2323 4746 2512 4799 Paulus
2530 4748 2621 4809 ait,
2656 4744 2723 4800 Ut
2742 4762 3018 4814 pauperum
3036 4755 3227 4797 tantum
3250 4762 3491 4799 memores
3510 4748 3665 4799 sintut
3682 4746 3806 4817 (Cal
3817 4791 3825 4800 .
3848 4748 3907 4803 2.

2319 4838 2425 4905 10).
2454 4838 2730 4904 Quomodo
2757 4846 2934 4891 autem
2962 4840 3056 4889 hos
3082 4840 3465 4891 antecesserint
3485 4838 3651 4892 disce.
3683 4839 3908 4905 Jejuna-

2320 4932 2465 4993 bant,
2496 4930 2904 4997 perseverabant
2949 4931 2998 4981 in
3019 4930 3276 4983 oratione.
3304 4930 3415 4984 Hoc
3438 4932 3596 4983 etiam
3627 4948 3763 4984 nunc
3791 4935 3906 4989 tieri

2320 5030 2607 5089 Oporteret.
2628 5022 2742 5075 Non
2769 5021 3085 5088 simpliciter
3105 5033 3278 5075 autem
3300 5023 3603 5091 spirituales
3622 5066 3635 5089 ,
3662 5024 3755 5077 sed
3782 5025 3914 5094 Spi-

2320 5116 2419 5167 ritu
2450 5124 2502 5167 et
2524 5114 2779 5183 sapientia
2809 5115 2991 5180 plenos
3008 5114 3156 5176 dixit,
3178 5115 3469 5169 ostendens
3506 5132 3709 5185 magnze
3730 5118 3917 5187 philo--

2319 5208 2519 5273 snpliia:
2549 5208 2710 5259 fuisse
2738 5207 3101 5259 accusationes
3126 5208 3260 5260 ferre
3288 5207 3583 5261 viduarum.
3604 5210 3732 5277 ρυω
3764 5216 3913 5272 enim

2320 5299 2536 5361 utilitas,
2568 5298 2610 5349 si
2638 5297 2973 5367 dispensator
3020 5314 3121 5351 non
3157 5298 3360 5352 luretur
3397 5300 3631 5369 quidem,
3662 5301 3756 5356 sed
3785 5320 3913 5360 om-

2321 5392 2403 5442 nia
2438 5390 2763 5458 perdat?vcl
2794 5392 2833 5442 si
2868 5391 3011 5444 ferox
3038 5393 3104 5444 sit
3130 5403 3183 5445 et
3209 5394 3601 5448 exacerbatur?
3633 5394 3743 5449 [lac
3768 5398 3822 5450 in
3854 5414 3917 5451 re

2319 5481 2664 5534 admirmdns
2694 5492 2807 5533 erat
2839 5482 3130 5552 Philippus.
3167 5484 3239 5537 Dc
3290 5485 3380 5537 illo
3427 5502 3657 5555 namque
3706 5487 3840 5541 dicit
3894 5508 3911 5538 :

2320 5573 2386 5627 Et
2430 5576 2639 5638 inqressi
2676 5574 2725 5625 in
2774 5575 2976 5626 domum
3021 5575 3255 5645 Philippi
3304 5580 3657 5648 evnngelistar,
3704 5582 3790 5648 qui
3844 5606 3913 5646 ex

2320 5676 2507 5731 septum
2534 5664 2635 5716 illis
2662 5678 2799 5729 erat,
2849 5668 3122 5720 mansimus
3154 5670 3291 5739 apud
3320 5670 3465 5723 illum
3519 5674 3655 5739 (Act.
3699 5674 3788 5726 2|.
3825 5674 3909 5737 8).

2326 5756 2508 5811 Vidcn’
2538 5757 2665 5809 nihil
2699 5758 2929 5811 humano
2952 5775 3102 5814 more
3126 5762 3463 5832 dispensari?
3493 5764 3557 5817 Et
3597 5764 3918 5828 multiplica-

2327 5851 2472 5905 batur
2500 5867 2734 5905 numerus
2760 5852 3118 5923 discipulorum
3146 5856 3197 5911 in
3225 5854 3532 5916 Jerusalem.
3557 5858 3915 5932 Jerosolymis
