4088 6326
120 428 220 485 HS

117 543 223 602 τοῦ
245 541 552 613 ὀνόματος
587 542 697 598 τοῦ
729 540 988 610 Χριστοῦ
1023 540 1486 610 κατηξιώθησαν
1521 543 1725 612 ἀτιμα.

115 627 358 696 σθῆναι.
414 628 615 680 Πόσων
645 627 888 697 σημείων
921 625 1079 679 τοῦτο
1135 627 1196 678 00
1237 626 1719 697 θαυμασιώτερονί

118 710 372 782 Οὑδαμοῦ
402 711 636 779 γέγονεν
670 710 764 763 ἐπὶ
808 709 915 761 τῶν
964 706 1209 760 παλαιῶν
1247 708 1405 761 τοῦτο
1427 726 1441 738 ο
1478 711 1600 761 ἐπεὶ
1630 709 1725 760 καὶ

129 794 404 866 Ἱερεμίας
438 793 746 865 ἐμαστίχθη
774 793 860 846 διά
892 791 985 844 τὸν
1029 792 1186 860 λόγον
1218 792 1311 844 τοῦ
1339 791 1496 855 Θεοῦ,
1529 794 1622 846 καὶ
1647 791 1727 861 τῷ

131 879 293 949 Ἠλία
320 879 652 946 ἠπείλησαν,
704 877 797 929 καὶ
824 878 936 939 τοῖς
972 874 1153 938 ἀλλοις
1174 892 1186 904 ·
1216 875 1332 928 ἀλλ’
1368 875 1602 928 ἐνταῦθα
1635 877 1728 928 καὶ

119 961 232 1014 ἀπὸ
279 961 501 1020 τούτου,
535 961 636 1012 οὐκ
668 959 777 1011 ἀπὸ
804 958 912 1011 τῶν
944 960 1187 1029 σημείων
1234 959 1415 1028 μόνον,
1445 960 1544 1027 τήν
1576 956 1731 1010 δύνα-

124 1062 219 1112 μιν
248 1043 635 1096 ἐπεδείκνυντο
663 1041 758 1094 τοῦ
791 1041 948 1095 Θεοῦ.
982 1043 1096 1094 Οὐκ
1125 1035 1299 1105 εἶπεν,
1353 1041 1432 1092 ότι
1491 1041 1590 1093 οῦκ
1635 1041 1732 1110 ήλ-

119 1143 278 1194 γουν,
317 1125 436 1180 ἀλλ’
466 1125 549 1177 ὅτι
581 1125 675 1178 καὶ
705 1124 994 1192 ἀλγοῦντες
1033 1123 1273 1194 ἔχαιρον.
1320 1123 1492 1176 Πόθεν
1531 1123 1727 1192 δῆλον;

134 1211 231 1263 Ἐκ
262 1209 368 1279 τῆς
404 1211 542 1280 μετὰ
571 1207 742 1262 ταῦτα
773 1208 1113 1280 παρρησίας·
1162 1205 1333 1269 οὕτως
1363 1208 1731 1277 ἐνεστήκεσαν

123 1294 210 1347 ἀεὶ
235 1294 335 1348 καὶ
370 1292 511 1364 μετά
540 1291 639 1356 τάς
668 1292 882 1362 πληγὰς
912 1291 1299 1360 κηρύττοντες.
1330 1291 1420 1342 Διὸ
1459 1289 1733 1342 καὶτοῦτο

123 1377 328 1442 δηλῶν,
388 1377 486 1428 Ἐν
543 1376 624 1439 τῷ
674 1375 827 1443 ίερῷ,
875 1376 1032 1443 φησὶ,
1097 1374 1194 1426 καὶ
1253 1375 1382 1427 κατ’
1421 1369 1591 1426 οἷκον
1622 1375 1734 1426 οὐκ

124 1461 436 1513 ἐπαύοντο
467 1457 864 1523 διδάσκοντες
917 1459 1016 1510 καὶ
1063 1457 1576 1526 εὐαγγελιζόμενοι
1623 1457 1736 1524 Ἰη-

126 1543 287 1598 σοῦν
360 1545 642 1612 Χριστόν.
707 1543 802 1593 Ἑν
851 1540 919 1594 δὲ
979 1541 1112 1606 ταῖς
1176 1539 1427 1608 ἡμέραις
1469 1541 1731 1604 ταύταις.

128 1626 618 1697 Ποίαιςήμέραις;
662 1627 790 1678 Ὅτε
829 1625 1002 1677 ταῦτα
1058 1623 1289 1692 ἐγίνετο,
1319 1625 1407 1676 ὅτε
1451 1623 1736 1693 μάστιγες,

128 1712 214 1764 ὅτε
277 1710 528 1770 ἀπειλαὶ,
597 1709 686 1760 ὅτε
752 1707 1114 1776 ἐπληθύνοντο
1173 1707 1222 1759 οἱ
1287 1705 1548 1776 μαθηταὶ,
1614 1706 1737 1758 τότε

131 1795 178 1845 Γ
181 1791 497 1862 ογτυσμὸς
561 1791 808 1859 γίνεται.
871 1789 1002 1842 Ἀπὸ
1049 1788 1144 1840 τοῦ
1198 1788 1439 1860 πλήθους
1485 1789 1542 1840 δὲ
1593 1789 1738 1858 τάχα

132 1875 367 1947 συνέϐη·
432 1876 491 1927 00
545 1875 658 1944 γὰρ
698 1874 845 1927 ἐστιν
876 1872 1163 1943 ἀκρίϐειαν
1195 1874 1252 1924 ἐν
1316 1871 1512 1940 πλήθει
1575 1867 1736 1924 εἶναι.

133 1959 239 2014 Καὶ
270 1958 473 2022 πολὺς
501 1957 687 2026 ὄχλος
717 1956 836 2011 τῶν
863 1957 1067 2024 ἱερέων
1095 1955 1371 2025 ὑπήκουε
1402 1955 1477 2023 τῇ
1511 1957 1734 2010 πίστει.

134 2043 310 2096 Τοῦτο
339 2041 861 2112 αἰνιττομένουέσῆ
888 2043 981 2094 καὶ
1001 2040 1332 2104 δεικνύντος.
1362 2042 1443 2093 ὅτι
1478 2041 1571 2110 ἀφ’
1608 2035 1684 2094 ὧν
1713 2042 1741 2093 0

136 2125 279 2180 κατά
304 2123 548 2197 Χριστοῦ
581 2123 811 2187 θάνατος
836 2123 1164 2195 ἐσκευάσθη,
1195 2123 1381 2176 πολλοὶ
1408 2123 1518 2177 ἀπὸ
1538 2123 1742 2176 τούτων

141 2226 518 2264 πιστευουσιν.

217 2292 520 2362 Ἐγένετο,
555 2294 713 2362 φησὶ,
747 2293 1114 2362 γογγυσμὸς,
1143 2289 1234 2343 ὅτι
1257 2290 1744 2357 παρεθεωροῦντο

137 2376 204 2432 ἐν
255 2374 335 2445 τῇ
378 2375 662 2443 διακονίᾳ
716 2373 792 2444 τῇ
822 2372 1186 2448 καθημερινῇ
1219 2375 1279 2427 αι
1314 2371 1492 2441 χῆραι
1520 2372 1742 2426 αὐτῶν.

145 2461 289 2532 Ἆρα
315 2457 665 2530 καθημερινὴ
695 2457 942 2512 διακονία
969 2454 1038 2529 ἦν
1064 2460 1187 2520 ταῖς
1211 2459 1434 2529 χήραις.
1479 2459 1589 2512 Καὶ
1618 2459 1743 2529 ὅρα,

144 2544 258 2608 πῶς
316 2544 412 2597 καὶ
459 2536 616 2606 οὗτος
675 2542 953 2598 διακονίαν
1006 2542 1187 2607 καλεῖ,
1248 2544 1344 2595 καὶ
1408 2543 1468 2596 00
1533 2543 1747 2613 ταχέως

145 2627 552 2697 ἐλεημοσύνην·
625 2626 742 2696 ἇμα
792 2626 886 2678 καὶ
941 2627 1068 2688 τοὺς
1121 2625 1388 2688 διδόντας,
1453 2628 1547 2679 καὶ
1617 2627 1747 2690 τοὺς

144 2709 525 2782 λαμϐάνοντας
556 2708 644 2763 διὰ
673 2709 862 2762 τούτου
906 2709 1170 2779 ἐπαίρων.
1213 2707 1386 2762 Τοῦτο
1433 2711 1495 2762 00
1548 2709 1748 2772 κακίας

147 2791 231 2865 ἦν,
289 2793 430 2848 ἀλλά
466 2793 563 2848 τοῦ
598 2794 833 2864 πλήθους
868 2793 996 2856 ἴσως
1025 2792 1288 2864 ῥᾳθυμία.
1319 2792 1419 2846 Διά
1450 2793 1608 2846 τοῦτο
1653 2793 1748 2846 καὶ

150 2877 462 2948 προῦθηκεν
516 2876 650 2930 αὐτὸ
699 2879 779 2939 είς
842 2876 1005 2947 μέσον
1061 2877 1142 2945 (00
1196 2876 1394 2948 μικρὸν
1439 2877 1547 2947 γάρ
1579 2877 1748 2929 κακὸν

149 2957 270 3030 ἡν),
321 2963 409 3015 ἵνα
461 2962 672 3031 ταχέως
728 2961 824 3015 καὶ
883 2960 1175 3032 διορθωθῇ.
1248 2960 1435 3031 Ὁρᾷς,
1487 2960 1604 3022 πῶς
1657 2961 1751 3013 καὶ

151 3045 207 3096 ἐν
243 3047 387 3116 ἀρχῇ
437 3045 506 3097 τά
538 3044 687 3098 κακά
723 3045 845 3114 οὐχὶ
871 3044 1072 3111 ἔξωθεν
1129 3044 1289 3114 μόνον
1341 3039 1431 3115 ἦν,
1468 3043 1604 3096 ἀλλά
1656 3043 1752 3096 καὶ

153 3127 384 3192 ἐσωθενς
423 3128 496 3181 Σὺ
530 3127 586 3180 δέ
628 3127 703 3199 μὴ
747 3127 906 3181 τοῦτο
947 3128 1107 3198 μόνον
1145 3127 1282 3198 ἴδῃς,
1321 3128 1401 3180 ὅτι,
1439 3125 1750 3198 διωρθώθη,

153 3209 264 3264 ἀλλ’
301 3211 386 3264 ὅτι
440 3211 584 3280 μέγα
619 3212 788 3264 κακὸν
813 3211 891 3264 0v.
940 3209 1414 3278 Ἑπισκέψασθε,
1472 3209 1750 3278 ἀδελφοὶ,

154 3295 378 3364 ἄνδρας
404 3296 477 3360 ἐξ
514 3294 681 3364 ὑμῶν
725 3294 897 3350 ἑπτά.
949 3296 1064 3349 Οὐκ
1107 3295 1284 3366 οἰκείᾳ
1329 3293 1526 3367 γνώμῃ
1578 3297 1756 3367 πρατ-

155 3395 356 3445 τουσιν,
382 3378 522 3433 ἀλλά
545 3379 808 3451 πρότερον
831 3377 1226 3446 ἀπολογοῦνται
1249 3377 1400 3451 [114]
1422 3379 1502 3449 τῷ
1520 3379 1751 3456 πλήθει.

158 3461 314 3518 Οὕτω
373 3464 470 3518 καὶ
530 3463 627 3516 νῦν
673 3463 920 3531 γίνεσθαι
975 3462 1101 3518 ἐδει.
1168 3465 1290 3516 Οὐκ
1361 3463 1517 3526 ἐστι,
1562 3459 1750 3535 φησὶν,

157 3546 418 3613 ἀρεστὸν
476 3548 921 3613 καταλιπόντας
978 3545 1138 3614 ἡμᾶς
1215 3545 1322 3598 τὸν
1383 3547 1573 3615 λόγον
1647 3547 1754 3602 τοῦ

163 3629 334 3695 Θεοῦ,
375 3629 686 3684 διακονεῖν
728 3627 1076 3697 τραπέζαις.
1145 3629 1370 3702 Πρῶτον
1440 3630 1502 3684 τὸ
1554 3631 1756 3685 ἄτοπον

159 3713 361 3785 τίθησι,
410 3715 651 3778 δεικνὺς,
700 3715 776 3778 ὼς
808 3714 908 3767 οὐκ
942 3715 1063 3768 ἐνὸν
1103 3727 1130 3754 ⁸
1168 3715 1305 3784 μετά
1352 3715 1590 3786 σπουδῆς
1643 3718 1757 3785 ἀμ-

161 3797 360 3867 φότερα
401 3797 684 3866 γίνεσθαιο
729 3798 852 3850 ἐπεὶ
908 3798 1004 3851 καὶ
1035 3799 1134 3850 ὅτε*
1154 3799 1244 3850 τὸν
1286 3799 1535 3852 Ματθίαν
1575 3816 1757 3871 χειρο-

159 3883 329 3935 τονεῖν
382 3882 644 3951 ἔμελλον,
681 3882 899 3952 πρῶτον
934 3881 1034 3952 τὴν
1081 3881 1271 3952 χρείαν
1312 3881 1617 3935 δεικνύουσι
1662 3881 1756 3936 τοῦ

163 3966 506 4037 πράγματος,
560 3967 644 4018 ὅτι
703 3982 763 4017 τε
812 3964 997 4018 ἔλιπεν
1041 3959 1142 4029 εἷς,
1189 3965 1284 4018 καί
1341 3965 1447 4018 ἔδει
1501 3965 1758 4034 γενέσθαι

162 4051 386 4104 δώδεκα.
441 4051 551 4104 Καὶ
596 4050 831 4104 ἐνταῦθα
884 4050 984 4122 τὴν
1039 4049 1228 4121 χρείαν
1287 4049 1600 4120 ἐδήλωσανο
1663 4052 1760 4104 καὶ

164 4134 283 4187 οὔτε
337 4134 598 4204 πρότερον
636 4134 920 4202 ἐποίησαν,
955 4133 1087 4186 ἀλλὰ
1119 4133 1476 4202 περιέμειναν
1506 4133 1760 4201 γενέσθαι

165 4216 252 4269 τὸν
285 4216 625 4287 γογγυσμὸν,
655 4216 780 4269 οὔτε
815 4218 922 4287 μὴν
948 4217 1241 4286 ἠνέσχοντο
1292 4216 1385 4269 ἐπὶ
1431 4217 1568 4271 πολὺ
1603 4217 1762 4271 τοῦτο

170 4301 467 4370 συμϐῆναι.

234 4389 303 4452 γ’.
330 4385 438 4436 Καὶ
461 4383 587 4453 ὅρα,
605 4383 703 4454 τὴν
723 4383 903 4454 κρίσιν
931 4383 1117 4446 αὐτοῖς
1136 4383 1511 4456 ἐπιτρέπουσι,
1527 4384 1763 4450 καὶτοὺς

168 4469 333 4522 πᾶσιν
362 4469 700 4541 ἀρέσκοντας
729 4469 822 4521 καὶ
869 4468 976 4520 ὑπὸ
1029 4469 1246 4522 πάντων
1281 4470 1763 4541 μαρτυρουμένους

171 4551 410 4617 ἐκείνους
446 4552 860 4624 προϐάλλονται.
904 4552 1034 4606 Ὅτε
1081 4551 1180 4621 μὲν
1221 4551 1316 4605 οὖν
1370 4554 1460 4605 τὸν
1515 4553 1765 4608 Ματθίαν

173 4637 276 4690 εδει
339 4636 765 4708 προϐάλλεσθαι,
806 4635 922 4700 Δεῖ,
958 4635 1166 4705 ἔλεγον,
1197 4634 1316 4689 τῶν
1339 4639 1767 4692 συνελθόντων

174 4721 314 4788 ἡμῖν
335 4721 573 4790 ἀνδρῶν
601 4722 672 4776 ἐν
693 4721 872 4775 παντέ
900 4721 982 4786 τῷ
1025 4723 1252 4791 χρόνῳ·
1294 4722 1530 4776 ἐνταῦθα
1568 4721 1626 4775 δὲ
1668 4723 1767 4792 οὐχ

175 4806 373 4870 οὓτως·
411 4809 472 4860 00
524 4809 634 4877 γάρ
683 4805 921 4860 τοιοῦτον
945 4801 1016 4878 ἦν
1039 4807 1100 4860 τὸ
1131 4809 1382 4879 πρᾶγμα.
1434 4807 1524 4860 Διὸ
1573 4808 1668 4860 καὶ
1705 4808 1766 4860 00

177 4891 360 4961 κλήρῳ
381 4890 514 4943 αὐτὸ
543 4890 871 4960 ἐπέτρεψαν,
918 4889 1043 4943 οὔτε
1087 4890 1270 4953 πάλιν,
1300 4891 1588 4962 δυνάμενοι
1613 4892 1770 4944 αὐτοὶ

179 4974 388 5039 ἐκλέξαι
439 4973 714 5043 Πνεύματι
771 4973 1102 5044 κινούμενοι,
1142 4973 1300 5028 τοῦτο
1356 4975 1627 5029 ποιοῦσιν·
1660 4976 1770 5029 ἀπὸ

178 5059 272 5129 τῆς
307 5059 414 5112 τῶν
449 5058 662 5111 πολλῶν
698 5060 1003 5130 μαρτυρίας
1041 5061 1103 5112 τὸ
1134 5059 1324 5113 δοκοῦν
1371 5061 1572 5130 μᾶλλον
1609 5060 1770 5113 ἱστῶ-

184 5160 283 5197 σιν.
320 5143 528 5206 Ἀλλως
563 5143 620 5196 δὲ
653 5142 712 5195 τὸ
743 5144 838 5214 μὲν
859 5143 1034 5214 ὁρίσαι
1065 5144 1156 5196 τὸν
1186 5145 1442 5215 ἀριθμὸν,
1471 5146 1566 5198 καὶ
1593 5163 1770 5217 χειρο-

181 5225 424 5296 τονῆσαι,
450 5228 545 5279 καὶ
575 5227 638 5279 τὸ
663 5227 720 5278 ἐν
747 5228 908 5299 χρείᾳ
934 5226 1181 5300 τοιαύτῃ,
1210 5229 1389 5281 αὐτῶν
1413 5224 1511 5299 ἦν·
1563 5230 1623 5282 τὸ
1651 5229 1709 5282 δὲ
1743 5230 1770 5270 δ

185 5309 394 5364 ἑλέσθαι
424 5312 551 5374 τοὺς
583 5310 784 5381 ἄνδρας
822 5311 1050 5374 ἐκείνοις
1078 5315 1489 5382 ἐπιτρέπουσιν,
1545 5315 1634 5368 ἵνα
1699 5316 1773 5385 μὴ

184 5393 401 5460 δόξωσιν
445 5395 601 5450 αὐτοὶ
647 5396 1004 5473 χαρέζεσθαι·
1038 5399 1162 5450 ἐπεὶ
1196 5401 1291 5452 καὶ
1328 5401 1356 5451 0
1411 5399 1545 5462 Θεὸς
1600 5401 1772 5472 Μωσῇ

188 5479 466 5548 ἐπιτρέπει
493 5480 710 5534 ἑλέσθαι
741 5482 1166 5552 πρεσϐυτέρους,
1211 5482 1305 5546 οὓς
1343 5479 1473 5536 οἶδε.
1525 5485 1635 5538 Καὶ
1665 5483 1776 5555 γὰρ

193 5563 376 5628 σοφίας
423 5564 626 5634 πολλῆς
654 5563 734 5617 δεῖ
756 5567 813 5617 ἐν
844 5567 964 5628 ταῖς
987 5565 1266 5630 τοιαύταις
1288 5567 1644 5637 οἰκονομίαις.
1683 5569 1776 5638 Μὴ

191 5645 298 5715 γάρ
316 5645 376 5716 δὴ
400 5648 685 5719 νομίσητε,
716 5649 904 5720 ἐπειδὴ
928 5649 1086 5717 λόγον
1111 5651 1213 5702 οὐκ
1239 5652 1664 5721 ἐγκεχείρισται,
1695 5653 1777 5704 ὅτι

190 5729 461 5800 οὑχριίαν
501 5732 611 5801 ἔχει
641 5732 836 5800 σοφίας
883 5735 912 5785 0
942 5733 1213 5797 τοιοῦτος·
1266 5734 1458 5804 χρῄζει
1506 5737 1638 5805 γὰρ,
1684 5737 1780 5788 καὶ

196 5813 407 5878 πολλῆς.
451 5813 654 5882 Ἡμεῖς
711 5815 797 5880 δὲ,
867 5818 1020 5885 φησὶ,
1077 5817 1150 5885 τῇ
1191 5817 1504 5886 προσευχῇ
1554 5819 1653 5871 καὶ
1707 5819 1781 5887 τῇ

198 5893 462 5965 διακονίᾳ
484 5901 592 5953 τοῦ
613 5902 800 5969 λόγου
838 5902 1465 5971 προσκαρτερήσομεν.
1492 5906 1600 5957 Καὶ
1619 5906 1783 5976 ἀρχό-

208 6041 262 6102 ο-
321 6030 449 6104 Unug
497 6033 772 6104 061.0930;
804 6036 891 6085 οὐκ
916 6037 1036 6086 ὶνὸν.
1079 6037 1105 6078 b
1131 6037 1304 6088 Morel.
1331 6045 1385 6088 et
1406 6051 1533 6088 unus
1567 6042 1655 6091 cod
1697 6041 1786 6090 00-

207 6098 296 6138 !En
318 6098 579 6157 ποιοῦνται,
606 6098 662 6144 τὸ
685 6098 754 6145 δέ.

1166 419 1234 475 IN
1273 420 1460 476 ACTA
1493 419 2036 480 APOSTOLORUM.
2075 418 2308 476 UOMIL.
2352 418 2492 476 XIV.

3328 410 3434 467 Ηϐ

1839 558 1990 612 μενοι
2021 541 2113 595 καὶ
2139 537 2504 602 τελευτῶντες
2528 533 2945 605 ἀπολογοῦνται.
2975 523 3438 612 Προσκαρτεμήο

1835 609 2045 697 σομεν,
2091 625 2272 695 φασίν.
2311 622 2470 677 Οὕτω
2499 623 2610 694 γάρ
2659 621 2790 684 ἔδει,
2838 619 2936 687 οὐχ
2991 613 3180 677 ἁπλῶς
3231 611 3338 697 000‘

1831 695 2041 779 ἔτυχεν,
2078 709 2215 762 ἀλλά
2256 708 2714 780 προσκαρτερεῖν.
2772 703 2880 757 Καὶ
2923 701 3130 770 ἤρεσε,
3169 695 3441 780 φησὶνηό

1829 774 2008 862 λόγος
2035 774 2540 856 ἐνώπιονπαντός
2562 774 2670 843 τοῦ
2708 785 3010 852 πλήθους.
3033 780 3144 835 Καὶ
3164 779 3326 862 τοῦτο
3341 774 3442 846 τῆς

1831 859 2013 930 αὐτῶν
2027 875 2218 944 σοφίας
2231 875 2622 942 ἀξιονᾸῘάντες
2647 870 2921 943 ἐπῄνεσαν
2946 867 3008 920 τὸ
3037 863 3248 934 λεχθέν·
3269 859 3441 921 οὕτως

1829 957 1897 1032 ἦν
1920 961 2158 1014 συνετόν.
2183 961 2290 1013 Καὶ
2310 957 2697 1024 ἐξελέξαντο.
2719 955 2854 1024 φησὶ
2890 954 3078 1023 (πάλιν
3101 948 3256 1003 αὐτοὶ
3286 944 3443 1032 ἐκλέτ

1833 1025 2068 1112 γονται),
2123 1043 2456 1112 Στέφανον,
2517 1040 2712 1108 ἄνδρα
2762 1037 2969 1105 πλήρη
3029 1035 3291 1096 πίστεως
3346 1025 3447 1081 καί

1834 1131 2182 1196 Πνεύματος
2233 1129 2429 1198 ἁγίου,
2476 1126 2575 1180 καί
2608 1127 2918 1178 Φίλιππον
2963 1119 3063 1173 καὶ
3111 1119 3447 1185 Πρόχορον,

1834 1215 1932 1267 καὶ
1986 1212 2308 1278 Νικάνορα,
2369 1212 2464 1263 καὶ
2526 1212 2778 1278 Τίμωνα,
2836 1207 2935 1261 καὶ
2966 1200 3310 1273 Παρμενᾶν,
3347 1199 3446 1250 καὶ

1833 1300 2136 1351 Νικόλαον
2191 1294 2581 1363 προσήλυτον
2619 1292 2948 1359 Ἀντιοχέα·
3008 1288 3118 1354 οὓς
3173 1286 3452 1350 ἔστησαν

1835 1383 2092 1437 ἐνώπιον
2153 1379 2272 1435 τῶν
2331 1382 2716 1435 ἀποστόλων.
2790 1378 2898 1431 Καὶ
2966 1370 3450 1442 προσευξάμενοι

1835 1468 2144 1534 ἐπέθηκαν
2189 1464 2398 1527 αὐτοῖς
2445 1464 2553 1529 τὰς
2606 1461 2829 1532 χεῖρας.
2885 1460 2981 1512 Ἐκ
3018 1456 3210 1510 τούτου
3269 1453 3448 1523 δῆλον,

1839 1552 1920 1619 ὅτι
1947 1549 2235 1620 ἀφώρισαν
2263 1549 2461 1609 αὐτοὺς
2505 1545 2600 1599 τοῦ
2650 1544 2910 1615 πλήθους,
2947 1541 3042 1594 καὶ
3074 1540 3228 1592 αὐτοὶ
3257 1537 3452 1589 E11100-

1841 1651 1944 1696 σιν,
1978 1619 2151 1702 ούχῨοί
2207 1631 2499 1684 ἀπόστολοι
2542 1629 2787 1698 ἄγουσιν.
2816 1627 2980 1696 Ὅρα,
3027 1621 3143 1684 πῶς
3189 1619 3289 1672 οὐκ
3337 1619 3453 1702 ἐστι

1842 1699 2093 1786 περιττὸς
2142 1717 2169 1767 ὁ
2215 1711 2654 1784 συγγραφεύςεο
2703 1711 2762 1763 00
2790 1710 2901 1779 γὰρ
2931 1707 3082 1774 λέγει
3135 1703 3275 1765 πῶς,
3336 1699 3452 1786 ἀλλ’

1841 1785 2047 1862 ἁπλῶς,
2088 1801 2169 1852 ὅτι
2215 1796 2707 1868 ἐχειροτονήθησαν
2745 1795 2834 1847 διὰ
2882 1789 3233 1863 προσευχῆς’
3296 1785 3457 1839 τοῦτο

1842 1885 1950 1952 γὰρ
1983 1886 2016 1948 ἡ
2069 1882 2374 1953 χειροτονία
2413 1881 2584 1932 ἐστίν.
2628 1878 2693 1929 'H
2747 1877 2871 1947 χεὶρ
2928 1875 3206 1928 ἐπίκειται
3238 1869 3333 1922 τοῦ
3362 1871 3455 1922 ἀν·

1841 1968 1990 2038 δρὸς,
2024 1969 2086 2018 τὸ
2119 1966 2175 2018 δὲ
2227 1968 2336 2018 πᾶν
2370 1967 2398 2017 0
2429 1964 2561 2026 Θεὸς
2589 1961 2903 2032 ἐργάζεται,
2941 1960 3037 2012 καὶ
3064 1959 3096 2027 ἡ
3134 1954 3302 2010 αὐτοῦ
3332 1953 3458 2025 χείρ

1845 2053 1992 2104 ἐστιν
2020 2053 2053 2121 ἡ
2084 2048 2364 2118 ἁπτομένη
2395 2048 2495 2115 τῆς
2529 2045 2776 2114 κεφαλῆς
2817 2043 2914 2096 τοῦ
2947 2038 3454 2121 χειροτονουμένου,

1844 2135 1940 2186 ἐὰν
1966 2119 2051 2197 ὡς.
2071 2133 2154 2186 δεῖ
2195 2130 2598 2203 χειροτονῆται.
2654 2128 2767 2182 Καὶ
2813 2130 2846 2181 ό
2884 2129 3088 2196 λόγος,
3148 2124 3305 2194 φησὶ,
3348 2119 3457 2203 τοῦ

1847 2217 1997 2271 Θεοῦ
2051 2201 2302 2282 ηὔξανε,
2367 2215 2466 2267 καί
2533 2213 2912 2280 ἐπληθύνετο
2957 2211 2991 2262 ὸ
3043 2206 3293 2277 ἀριθμὸς
3341 2201 3460 2258 τῶν

1839 2299 2145 2369 μαθητῶν.
2181 2300 2293 2369 Οὐχ
2348 2296 2538 2360 ἁπλῶς
2589 2292 2711 2350 εἶπε
2748 2293 2926 2355 τοῦτο,
2983 2291 3100 2346 ἀλλ’
3143 2289 3233 2343 ἵνα
3283 2286 3458 2358 δείξῃ,

1846 2387 1947 2455 ὅση
1976 2385 2076 2455 τῆς
2125 2382 2500 2455 ἐλεημοσύνης
2541 2383 2575 2453 ἡ
2611 2382 2766 2451 ίσχὺς
2822 2379 2918 2432 καὶ
2971 2377 3072 2448 τῆς
3135 2371 3457 2437 διατάξεως.

1847 2469 1958 2523 Καὶ
2003 2467 2187 2540 μέλλει
2231 2468 2418 2521 λοιπὸν
2464 2465 2774 2538 διηγεῖσθαι
2824 2463 2894 2517 τά
2942 2461 3088 2516 κατὰ
3147 2458 3459 2540 Στέφανονξυ

1847 2555 1928 2608 διὸ
1955 2538 2179 2616 καὶτὰς
2232 2552 2413 2614 αἰτίας
2462 2550 2646 2604 αὐτῶν
2685 2547 2980 2620 προτίθησι
3007 2559 3022 2574 ·
3076 2543 3185 2598 Καὶ
3217 2538 3460 2602 πολλοί,

1850 2636 2004 2707 φησι,
2023 2634 2140 2689 τῶν
2161 2633 2368 2703 Ιερέων
2390 2632 2709 2699 ὑπήκουον
2732 2630 2808 2699 τῇ
2834 2632 3059 2684 πίστει.
3082 2623 3464 2700 [115]Ἐπειδὴ

1850 2720 1961 2790 γάρ
1995 2714 2135 2772 εἶδον
2168 2721 2260 2771 τὸν
2287 2720 2529 2788 ἄρχοντα
2577 2716 2674 2769 καὶ
2700 2713 3025 2768 διδάσκαλον
3047 2710 3223 2765 ταῦτα
3248 2711 3468 2778 ἀποφη-

1852 2803 2107 2872 νάμενον,
2142 2801 2252 2855 ἀπὸ
2277 2802 2388 2853 τὼν
2427 2799 2606 2869 ἔργων
2629 2797 2818 2851 λοιπὸν
2863 2795 2965 2866 τὴν
2997 2797 3194 2865 πεῖραν
3220 2792 3468 2863 ἐλάμϐα-

1853 2905 1964 2940 νον.
2002 2888 2113 2941 Καὶ
2143 2886 2425 2955 θαυμάσαι
2454 2885 2630 2948 ἄξιον,
2675 2882 2794 2944 πῶς
2841 2881 2942 2934 οὑκ
2973 2879 3202 2950 ἐσχίσθη
3242 2879 3303 2930 τὸ
3333 2877 3469 2948 πλῆ-

1854 2968 1946 3033 θος
1968 2971 2025 3022 ἐν
2075 2972 2143 3040 τῇ
2173 2969 2384 3040 αἱρέσει
2419 2968 2529 3020 τῶν
2563 2965 2800 3037 ἀνδρῶν,
2837 2965 2955 3028 πιῖις
2983 2965 3087 3017 οὐκ
3133 2961 3471 3031 ἀπεδοκιμάο

1856 3054 2064 3124 σθησαν
2093 3055 2184 3106 ὑπ’
2216 3052 2399 3106 αὐτῶν
2431 3053 2482 3104 οί
2513 3050 2829 3104 ἀπόστολοι.

1940 3141 2156 3193 Ὀποῖον
2190 3138 2250 3192 δέ
2274 3138 2384 3209 ἄρα
2414 3137 2637 3207 ἀξίωμα
2664 3131 2813 3205 εἶχον
2833 3125 3005 3197 οὗτοι,
3035 3134 3132 3188 καὶ
3166 3130 3329 3185 ποίαν
3357 3127 3474 3182 ἐδέ-

1859 3226 2016 3291 ξαντο
2042 3223 2403 3297 χειροτονίαν,
2438 3222 2745 3289 ἀναγκαῖον
2797 3218 3012 3290 μαθεῖν.
3055 3211 3208 3287 Ἀρα
3230 3215 3332 3288 τὴν
3361 3215 3473 3267 τῶν

1855 3313 2168 3372 διακόνωνς
2199 3310 2310 3365 Καὶ
2343 3310 2451 3380 μὴν
2480 3308 2644 3362 τοῦτο
2675 3308 2734 3360 ἐν
2788 3308 2910 3368 ταῖς
2961 3302 3319 3373 Ἐκκλησίαις
3371 3300 3475 3354 οὐκ

1857 3396 2029 3459 ἐστιν,
2063 3395 2201 3448 ἀλλά
2246 3392 2358 3446 τῶν
2414 3389 2812 3464 πρεσϐυτέρων
2872 3388 3024 3441 ἐστὶν
3071 3388 3105 3458 ὴ
3159 3384 3470 3454 οἰκονομία·

1859 3481 2039 3538 καίτοι
2078 3478 2292 3532 οὐδέπω
2326 3476 2506 3539 οὐδεὶς
2529 3475 2836 3538 ἐπίσκοπος
2859 3469 2949 3545 ἦν,
2972 3472 3088 3527 ἀλλ’
3109 3475 3158 3525 οί
3180 3470 3474 3525 ἀπόστολοι

1864 3566 2046 3638 μόνον.
2076 3563 2244 3617 Ὅθεν
2265 3561 2392 3616 οὗτε
2422 3559 2716 3620 διακόνων,
2744 3557 2870 3612 οὒτε
2902 3558 3296 3629 πρεσϐυτέρων
3319 3550 3475 3624 οἶμαι

1859 3651 1921 3704 τὸ
1936 3651 2108 3721 ὸνομα
2135 3643 2275 3702 εἶναι
2295 3646 2457 3717 δῆλον
2484 3647 2580 3700 καὶ
2605 3645 2861 3716 φανερόν·
2888 3645 3026 3697 ἀλλά
3050 3643 3191 3705 τέως
3209 3643 3290 3703 εἰς
3313 3639 3476 3693 τοῦτο

1861 3733 2377 3806 ἐχειροτονήθησαν.
2401 3731 2514 3783 Καὶ
2540 3731 2640 3799 οὐχ
2655 3729 2845 3792 ἁπλῶς
2872 3723 3475 3798 ἐνεχειρίσθησαν,ἀλλ⁹

1861 3819 2165 3883 ἐπεύξαντο
2187 3818 2372 3880 αὐτοῖς
2410 3814 2668 3884 γενέσθαι
2715 3813 2970 3882 δύναμιν.
3004 3811 3148 3880 ’Ὀρα
3182 3809 3239 3862 δέ
3280 3827 3393 3880 μοι,
3424 3809 3475 3862 εί

1863 3903 2005 3958 ἐπτά
2025 3901 2237 3972 ἀνδρῶν
2269 3899 2492 3970 ἐδέησεν
2516 3901 2598 3961 εἰς
2613 3896 2795 3960 τοῦτο,
2824 3894 3068 3949 τοσαῦτα
3093 3893 3224 3956 ἴσως
3246 3893 3477 3964 ἐπέρρει

1862 3989 1968 4060 χρή
1978 3985 2425 4057 ματα,τοσούτων
2449 3981 2638 4054 χηρῶν
2658 3981 2867 4052 πλῆθος
2878 3976 2968 4053 ἦν.
2994 3981 3138 4051 ’Ἄρα
3161 3981 3260 4049 οὐχ
3287 3979 3475 4041 ἁπλῶς

1864 4073 1920 4125 αἱ
1954 4071 2114 4140 εὐχαὶ
2145 4069 2409 4137 ἐγίνοντο,
2427 4067 2567 4120 ἀλλά
2582 4065 2722 4137 μετά
2751 4065 2958 4133 πολλῆς
2989 4064 3092 4134 τῆς
3123 4065 3349 4136 σχολῆς⁶
3382 4063 3480 4118 καὶ

1862 4156 2044 4219 τοῦτο,
2077 4155 2268 4226 ὥσπερ
2298 4155 2360 4206 τὸ
2413 4155 2704 4224 κήρυγμα,
2754 4149 2932 4213 οὕτως
2986 4151 3204 4222 ἠνύετο·
3248 4151 3318 4204 τὰ
3365 4151 3477 4222 γάρ

1865 4240 2041 4294 πλείω
2073 4239 2304 4302 ταύταις
2335 4239 2521 4309 ῆνυον.
2581 4237 2740 4290 Οῦτω
2783 4237 2853 4288 τά
2900 4237 3254 4308 πνευματικά
3289 4237 3480 4289 ἐπελέι

1865 4343 2048 4396 γοντο,
2078 4325 2222 4378 οὕτω
2255 4325 2353 4378 καὶ
2378 4324 2516 4394 πρὸς
2538 4321 2856 4392 ἀποδημίας
2883 4321 3201 4375 ἐστέλλοντο
3220 4320 3273 4385 ἀ,
3303 4319 3480 4384 οὕτως

1867 4409 2318 4482 ἐνεχειρίσθησαν
2351 4403 2497 4462 οὗτοι
2528 4408 2621 4460 τὸν
2671 4407 2850 4474 λόγον.
2891 4405 3002 4458 Καὶ
3032 4405 3094 4458 ού
3131 4405 3303 4474 λέγει,
3358 4406 3480 4460 ούδέ

1869 4493 2088 4564 ἐπαίρει
2120 4494 2342 4554 αὐτοὺς,
2369 4491 2486 4544 ἀλλ’
2518 4492 2602 4544 ὅτι
2631 4490 2694 4543 τὸ
2719 4489 2875 4542 δοθὲν
2899 4490 3119 4558 ἀφεῖναι
3159 4488 3341 4558 ἔργον,
3377 4490 3478 4542 οὐκ

1869 4578 2122 4650 ἀρεστόν.
2148 4571 2339 4640 Οὕτως
2362 4571 2505 4648 ἦσαν
2540 4575 2651 4629 ἀπὸ
2689 4574 2941 4636 Μωσέως
2977 4573 3366 4636 παιδευθέντες
3401 4578 3477 4644 μή

1871 4664 2052 4717 πάντα
2080 4662 2236 4716 αὐτοὶ
2271 4659 2701 4732 μεταχειρίζειν.
2741 4657 2841 4711 Διά
2868 4656 3029 4711 τοῦτο
3061 4659 3154 4711 καὶ
3179 4661 3207 4711 0
3242 4657 3477 4721 Παῦλος,

1871 4748 2074 4802 Μόνον
2088 4744 2210 4798 τῶν
2226 4744 2697 4813 πτωχῶν,φησὶν,
2712 4743 2816 4796 ἵνα
2831 4743 3328 4812 μνημονεύωμεν.
3356 4743 3481 4807 Πῶς

1870 4831 1928 4884 δὲ
1966 4832 2058 4884 καὶ
2082 4831 2325 4900 προῆγον
2348 4828 2595 4892 τούτους,
2633 4826 2897 4898 μάνθανεο
2938 4826 3283 4896 Ἐνήστευον,
3312 4844 3482 4899 προσ-

1873 4914 2204 4985 εκαρτέρουν
2232 4913 2386 4982 εὐχῇ.
2413 4910 2589 4967 Τοῦτο
2617 4910 2712 4962 κα)⁸
2751 4909 2846 4962 νῦν
2874 4910 3123 4979 γίνεσθαι
3179 4911 3307 4963 ἔδει.
3367 4911 3480 4982 Οὐχ

1874 4999 2062 5061 ἁπλῶς
2117 4998 2174 5050 δὲ
2230 4997 2663 5066 πνευματικοὺς,
2711 4994 2847 5048 ἀλλὰ
2890 4994 3210 5066 Πνεύματος
3247 4996 3477 5066 πλήρεις

1874 5085 1970 5138 καὶ
2007 5081 2198 5150 σοφίας
2223 5076 2368 5142 εἷπε,
2396 5082 2596 5152 δηλῶν,
2628 5080 2711 5133 ὅτι
2744 5079 2992 5151 μεγάλης
3052 5080 3378 5149 φιλοσοφίας
3407 5077 3476 5152 ἦν

1875 5170 2064 5239 φέρειν
2091 5165 2427 5237 κατηγορίας
2480 5166 2686 5236 χηρῶν.
2745 5165 2810 5216 Τί
2853 5164 2965 5235 γὰρ
2994 5164 3210 5234 ὄφελος.
3241 5165 3370 5218 ὅταν
3405 5167 3482 5236 μὴ

1875 5253 2084 5322 κλέπτῃ
2134 5252 2256 5321 μὲν,
2319 5250 2565 5322 ἀπολλύῃ
2618 5250 2674 5302 δέ
2724 5250 2931 5314 πάντα;
2995 5249 3027 5319 ἣ
3082 5248 3289 5319 θρασὺς
3390 5252 3484 5303 καὶ

1877 5336 2291 5408 παροξύνηται;
2335 5335 2443 5388 Καὶ
2465 5335 2638 5406 ταύτῃ
2670 5334 2727 5387 δὲ
2765 5333 3084 5404 θαυμαστὸς
3117 5331 3186 5405 ἦν
3235 5337 3262 5387 0
3292 5335 3484 5388 Φίλιπ-

1877 5439 1998 5483 πος.
2051 5421 2189 5489 Περὶ
2245 5420 2354 5492 γὰρ
2401 5419 2568 5474 αὐτοῦ
2618 5433 2775 5490 φησι’
2817 5417 2928 5473 Καὶ
2975 5420 3359 5486 εἰσελθόντες
3396 5422 3485 5487 είς

1877 5505 1988 5558 τὸν
1998 5500 2169 5558 οἶκον
2181 5504 2486 5557 Φιλίππου
2503 5504 2607 5558 τοῦ
2623 5503 3060 5574 εὐαγγελιστοῦ
3071 5548 3081 5562 ,
3093 5503 3268 5569 ὄντος
3280 5505 3348 5557 ἐκ
3365 5502 3486 5557 τῶν

1879 5589 2050 5650 ἑπτὰ,
2075 5589 2397 5658 ἐμείναμεν
2425 5588 2563 5656 παρ’
2591 5585 2773 5653 αὐτῷ.
2817 5589 2983 5658 Ὀρᾷς
3024 5587 3178 5641 οὐδὲν
3203 5589 3486 5659 ἀνθρωπί-

1881 5690 1987 5735 νως
2021 5671 2426 5742 διοικούμενον;
2454 5671 2560 5725 Καὶ
2603 5673 2983 5740 ἐπληθύνετο
3028 5675 3061 5726 ὁ
3088 5672 3336 5740 ἀριθμὸς
3366 5671 3486 5724 τῶν

1878 5755 2163 5824 μαθητῶν
2191 5756 2261 5810 ἐν
2295 5755 2720 5824 Ἰερουσαλήμ.
2761 5756 2851 5807 Ἐν
2888 5755 3285 5825 Ἱεροσολύμοις
3308 5756 3487 5810 ἐπεδί-

1953 5914 1974 5942 ⁶
2007 5911 2066 5962 ⁸0
2105 5915 2399 5976 συγγραφεύς
2432 5914 2578 5964 deest
2616 5916 2666 5962 in
2707 5928 2825 5963 uno.
2917 5912 2943 5952 ἀ
2970 5914 3142 5962 Morel.
3182 5915 3487 5975 ἐστέλλοντο,

1888 5980 1940 6023 et
1973 5981 2086 6038 post
2110 5977 2213 6024 haec
2241 5980 2415 6024 eadem
2440 5976 2630 6038 repetit
2653 5997 2664 6024 :
2696 5978 2815 6026 infra
2845 5990 2963 6025 vero
2987 5980 3146 6024 series
3172 5979 3281 6034 ejus
3315 5978 3488 6024 εδιηο-

1889 6041 2006 6084 dum
2034 6037 2204 6086 Vitiata
2229 6053 2286 6086 ex
2329 6041 2478 6088 Savll.
2504 6037 2559 6088 ει
2585 6052 2700 6088 mss.
2728 6041 2961 6090 restituta
3009 6047 3104 6088 est.
3147 6039 3338 6089 Ibidem
3366 6054 3487 6090 rma.

1892 6101 2090 6162 quidam
2125 6103 2228 6148 ἀλλ’
2255 6102 2308 6148 ού
2344 6103 2484 6164 λέγει.
