4088 6326
655 420 755 478 M7

652 540 744 594 δου
766 537 825 590 τὸ
844 536 1066 605 πλῆθος.
1089 536 1161 590 Τδ
1181 536 1508 606 θαυμαστὸν,
1530 532 1660 587 ἔνθα
1688 530 1900 599 ἐσφάγη
1917 526 2220 596 ὁλΧριστδςς

656 624 771 675 ἐκεῖ
798 618 993 689 ηὐξετο
1029 620 1090 672 τὸ
1113 622 1391 690 κήρυγμα.
1429 618 1537 669 Καὶ
1564 616 1624 668 οὐ
1664 616 1820 684 μόνον
1845 613 1945 665 οὑκ
1970 608 2223 663 ἐσκανδα-

654 704 913 773 λίσθησάν
938 720 1082 766 τινες
1118 703 1225 754 τῶν
1264 701 1540 771 μαθητῶν,
1565 699 1795 768 ὁρῶντες
1823 696 1949 759 τούς
1974 695 2070 765 μὲν
2090 695 2223 745 άπο·

656 789 875 850 στόλους
906 785 1360 856 μαστιζομένους,
1380 787 1507 849 τοὺς
1538 784 1595 836 δέ
1624 779 2001 841 ἀπειλοῦντας,
2032 777 2222 838 ἄλλους

653 872 712 925 τὸ
767 870 991 939 Πνεῦμα
1046 870 1425 940 πειράζοντας,
1477 870 1695 939 ἐτέρους
1727 866 1782 918 δὲ
1834 862 2219 939 γογγύζοντας

653 954 789 1006 ἀλλὰ
813 953 1045 1024 μάλιστα
1097 953 1190 1005 καὶ
1221 952 1572 1022 προσετίθετο
1625 948 1732 1001 τῶν
1759 946 2165 999 πιστευσάντων
2199 945 2227 995 6

654 1037 907 1106 ἁριθμός’
954 1034 1125 1099 οὕτως
1158 1036 1267 1089 άπὸ
1296 1036 1389 1088 τοῦ
1446 1036 1574 1103 περὶ
1634 1032 1879 1085 Ἀνανίαν
1920 1029 2226 1100 συμϐάντος

655 1113 1152 1187 ἐσωφρονίσθησαν,
1186 1119 1280 1171 καὶ
1308 1117 1507 1171 πλείων
1535 1118 1562 1169 6
1589 1116 1753 1183 φόϐος
1776 1116 1957 1176 αὐτοῖς
1980 1113 2223 1179 γέγονεν.

656 1202 797 1271 Ὅρα
838 1201 894 1253 δέ
953 1220 1065 1271 μοι,
1107 1202 1225 1264 πῶς
1274 1201 1517 1254 ἐπεδίδου
1552 1201 1613 1252 τὸ
1646 1200 1867 1267 πλῆθος.
1902 1196 2058 1250 Μετὰ
2104 1196 2228 1255 τοὺς

652 1287 1014 1355 πειρασμούς,
1035 1288 1155 1339 τότε
1183 1286 1477 1350 ἐπέδωκεν,
1507 1285 1627 1353 οὐχὶ
1663 1282 1768 1353 πρὸ
1786 1280 1997 1333 τούτου.
2029 1280 2225 1331 Σκόπει

652 1368 708 1420 δὲ
744 1370 835 1420 καὶ
866 1371 1007 1439 πόση
1037 1368 1416 1437 φιλανθρωπία
1442 1366 1536 1419 τοῦ
1558 1365 1713 1420 Θεοῦ.
1741 1364 1852 1428 ⁵Ἐξ
1880 1363 2101 1415 ἐκείνων
2122 1359 2227 1428 γὰρ

652 1451 761 1502 τῶν
790 1452 1092 1522 ἀρχιερέων
1116 1450 1223 1502 τῶν
1251 1450 1387 1520 πρὸς
1416 1450 1577 1517 φόνον
1617 1448 1742 1509 τοὺς
1769 1447 1959 1515 ὄχλους
1990 1442 2227 1514 ἰταροξυ⁹

654 1535 871 1597 νόντων,
896 1536 1002 1587 τῶν
1024 1533 1246 1586 τοιαῦτα
1267 1533 1511 1602 βοώντων
1534 1532 1628 1583 καὶ
1646 1529 1932 1598 λεγόντων·
1965 1530 2229 1591 ’Ἄλλους

654 1617 909 1681 ἔσωσεν,
950 1616 1168 1669 ἑαυτὸν
1223 1619 1294 1670 οὐ
1340 1616 1590 1668 δύναται
1638 1612 1850 1666 σῶσαν
1909 1614 1974 1663 ἐκ
2026 1608 2229 1663 τούτων

656 1700 901 1763 Πολλοί,
939 1698 1124 1767 φησιν,
1153 1699 1469 1767 ὑπήκουον
1500 1696 1576 1765 τῇ
1608 1698 1827 1749 πίστει.

719 1869 779 1919 δ’.
804 1868 974 1921 Αὑτοῦ
1002 1868 1182 1921 τοίνυν
1198 1868 1291 1924 καὶ
1308 1869 1465 1937 ἡμεῖς
1482 1866 1763 1936 γενώμεθα
1783 1866 2036 1937 μιμηταί.
2055 1866 2228 1936 Προσ-

652 1950 869 2015 ἐδέξατο
921 1952 1157 2013 αὐτοὺς,
1216 1952 1310 2003 καὶ
1351 1952 1449 2001 οὐκ
1503 1948 1755 2011 ἐξέϐαλεν
1812 1962 1859 2001 ι.
1909 1947 2063 2000 Οὕτω
2104 1948 2228 2010 τοὺς

651 2035 880 2104 ἐχθροὺς
902 2035 1258 2104 ἁμειϐὡμεθα
1284 2036 1411 2097 τοὺς
1439 2034 1508 2086 τὰ
1539 2032 1705 2101 μυρία
1737 2032 1886 2101 ήμᾶς
1920 2031 2230 2100 ἐργασαμέ-

652 2136 773 2181 νους
795 2118 842 2189 [l
859 2118 1120 2191 ιϐιδεινά.
1147 2119 1325 2188 Ὅπερ
1342 2117 1631 2186 ἂνὲχωμεν
1653 2115 1875 2179 ἀγαθὸν,
1890 2115 2070 2175 αὐτοῖς
2091 2131 2230 2183 παρ-

653 2202 863 2271 έχωμεν
877 2203 932 2239 δ’
965 2201 1038 2271 μὴ
1060 2202 1421 2271 παρέλθωμεν
1438 2200 1633 2261 αὐτοὺς
1652 2197 2015 2259 εὐποιοῦντες.
2030 2198 2093 2249 Ei
2122 2197 2228 2268 γὰρ

651 2287 729 2355 τῷ
761 2284 952 2337 παθεῖν
984 2286 1186 2347 κακῶς,
1234 2284 1511 2353 ἐμπλῆσαι
1559 2283 1639 2335 δεῖ
1669 2282 1761 2334 τὸν
1814 2282 1982 2351 θυμὸν
2027 2280 2227 2344 αὐτῶν,

653 2370 835 2437 πολλῷ
886 2369 1088 2438 μᾶλλον
1146 2368 1221 2437 τῷ
1267 2368 1575 2437 εὑποιῆσαι·
1627 2366 1785 2417 τοῦτο
1850 2365 1959 2435 γὰρ
2009 2365 2231 2417 ἔλαττον

652 2449 881 2503 ἐκείνου.
918 2451 1032 2502 Οὐκ
1065 2449 1179 2502 ἔστι
1233 2450 1342 2517 γάρ
1393 2450 1505 2500 ἴσον
1552 2448 1845 2517 εὑποιῆσαι
1875 2447 2009 2517 ἐχθρ
2045 2466 2091 2511 ν,
2136 2450 2230 2500 καὶ

655 2532 873 2603 μείζονα
898 2533 1121 2601 θελῆσαι
1156 2534 1346 2585 παθεῖν
1372 2532 1405 2602 ἢ
1440 2531 1745 2599 βούλεσθαι·
1777 2530 1887 2585 ἀπὸ
1912 2530 2103 2583 τούτου
2135 2532 2229 2583 καὶ¹

652 2618 738 2668 ἐπ’
765 2618 943 2668 ἐκεῖνα
979 2618 1201 2685 ἥξομεν.
1230 2615 1399 2668 Τοῦτο
1450 2614 1666 2685 ἀξίωμα
1706 2614 1815 2665 τῶν
1845 2612 1939 2665 τοῦ
1981 2614 2227 2682 Χριστοῦ

657 2699 936 2768 μαθητῶν.
980 2697 1359 2768 Ἐσταύρωσαν
1384 2699 1544 2750 αὐτὸν
1569 2698 1789 2751 ἐλθόντα
1818 2698 1911 2749 ἐπὶ
1941 2698 2231 2765 εὐεργεσία

654 2782 718 2849 τῇ
750 2779 949 2839 αὐτῶν,
981 2782 1107 2842 τοὺς
1142 2779 1391 2849 μαθητάς
1415 2777 1579 2831 αὐτοῦ
1614 2777 1936 2846 ἐμάστιξαν,
1970 2777 2061 2828 καὶ
2094 2774 2235 2843 μετὰ

652 2863 824 2914 ταῦτα
844 2865 921 2923 είς
938 2864 1038 2931 τὴν
1061 2862 1228 2931 αὐτὴν
1249 2863 1443 2924 αὐτοὺς
1468 2862 1591 2927 ἄγει
1614 2864 1725 2922 τοῖς
1754 2861 2019 2929 μαθηταῖς
2042 2859 2230 2928 τιμὴν,

651 2945 851 3011 ὁμοίως
873 2946 1055 3007 αὐτοῖς
1082 2943 1394 3013 μεταδιδοὺς
1418 2942 1525 2995 τῶν
1562 2942 1749 2995 αὐτοῦ.
1782 2942 2036 3010 Μιμηταὶ
2063 2941 2234 3008 γενώ-

656 3028 813 3097 μεθα,
846 3028 1163 3097 παρακαλῶ,
1202 3026 1293 3079 τοῦ
1348 3026 1604 3096 Χριστοῦ*
1638 3026 1780 3079 κατὰ
1808 3025 1966 3078 τοῦτο
1994 3024 2107 3077 ἐστι
2140 3042 2231 3093 μιο

658 3110 935 3179 μήσασθαι
990 3110 1171 3162 αὑτόν·
1229 3110 1387 3162 τοῦτο
1424 3110 1535 3161 ἴσον
1602 3111 1747 3161 ποιεῖ
1797 3108 1873 3176 τῷ
1904 3106 2043 3176 Θεῷ,
2077 3107 2233 3159 τοῦτο

658 3194 843 3264 μεῖζον
876 3194 1075 3263 ἢκατά
1102 3193 1387 3263 ἄνθρωπόν
1418 3196 1585 3245 ἐστιν.
1627 3192 1913 3262 Ἐχώμεθα
1947 3194 2043 3260 τῆς
2077 3193 2231 3260 ἐλεη-

658 3277 913 3346 μοσύνης·
952 3278 1087 3345 αὕτη
1146 3276 1491 3343 παιδαγωγὸς
1526 3276 1620 3327 καὶ
1669 3277 1990 3338 διδάσκαλος
2018 3276 2234 3345 ἐκείνης

652 3360 751 3430 τῆς
772 3361 1087 3428 φιλοσοφίας
1121 3362 1289 3412 ἐστίν.
1332 3360 1389 3412 ’0
1430 3359 1618 3428 μαθὼν
1673 3359 1846 3413 ἐλεεῖν
1875 3360 1967 3412 τὸν
2006 3361 2064 3411 ἐν
2096 3376 2234 3429 συμ-

656 3445 814 3513 φορᾷ,
844 3445 1151 3514 μαθήσεται
1172 3446 1266 3496 καὶ
1292 3444 1365 3513 μὴ
1391 3446 1769 3512 μνησικακεῖν·
1792 3446 1819 3497 ὁ
1841 3443 2027 3515 μαθὼν
2046 3442 2229 3505 τοῦτο,

655 3528 749 3580 καὶ⁸
775 3528 1001 3597 ἐχθροὺς
1039 3528 1349 3597 εὐεργετεῖν
1400 3528 1705 3598 δυνήσεται.
1758 3528 2033 3597 Μάθωμεν
2063 3546 2233 3582 κατα-

654 3610 888 3663 κλᾶσθαι
919 3614 1031 3673 τοῖς
1058 3612 1168 3664 τῶν
1218 3611 1446 3680 πλησίον
1478 3613 1685 3675 κακοῖς,
1740 3613 1835 3665 καὶ
1873 3612 2233 3682 μαθησόμεθα

654 3695 748 3745 καὶ
802 3694 868 3747 τά
900 3695 1046 3747 κακά
1077 3695 1253 3749 αὐτῶν
1298 3695 1506 3766 φέρειν.
1535 3697 1707 3749 Αὑτὸν
1734 3699 2101 3767 ἐρωτήσωμεν
2138 3697 2231 3751 τὸν

653 3778 840 3841 κακῶς
863 3779 1007 3847 ἡμᾶς
1043 3778 1370 3842 διατιθέντα,
1398 3782 1444 3832 εί
1468 3779 1541 3850 μὴ
1568 3779 1979 3848 καταγινώσκει
2010 3780 2227 3846 ἐαυτοῦ,

653 3860 702 3910 εί
734 3860 809 3931 μή
854 3860 1026 3913 ἐθέλοι
1057 3861 1386 3931 φιλοσοφεῖν,
1428 3866 1477 3916 εί
1524 3864 1598 3933 μὴ
1639 3863 1811 3932 θυμοῦ
1844 3862 1921 3916 οτδ
1949 3865 2057 3916 πᾶν
2093 3861 2229 3918 εἷναί

654 3958 839 4009 φησιν,
866 3945 915 3995 εί
955 3944 1030 4014 μὴ
1054 3946 1438 4015 μικροψυχίας,
1466 3947 1513 3999 εί
1543 3946 1617 4017 μὴ
1652 3946 2048 4016 ταλαιπωρίας,
2075 3948 2123 3999 εί
2155 3948 2229 4017 μὴ

656 4024 898 4095 βούλοιτο
928 4026 1037 4079 τῶν
1068 4027 1440 4098 ὑϐριζομένων
1469 4024 1607 4081 εἶναι
1644 4030 1737 4083 καὶ
1770 4027 2067 4097 σιγώντων,
2093 4031 2229 4083 ἀλλά

658 4110 735 4181 μὴ
764 4110 871 4164 τῶν
893 4110 1223 4180 ὑϐριζόντων
1253 4112 1347 4165 καὶ
1375 4112 1736 4181 μαινομένων,
1767 4114 1816 4165 εί
1847 4112 1922 4184 μὴ
1944 4114 2230 4185 θαυμάσας

652 4193 839 4247 ἄπεισι
862 4194 952 4247 τὸν
983 4194 1242 4253 παθόντα.
1270 4195 1361 4266 Μὴ
1392 4196 1456 4268 δὴ
1488 4196 1735 4267 νομίσῃς,
1774 4198 1853 4250 ὅτι
1881 4198 2035 4252 τοῦτο
2064 4203 2227 4254 εὐκα-

650 4277 1019 4347 ταφρονήτους
1068 4280 1229 4330 ποιεῖ.
1281 4278 1444 4331 Οὐδὲν
1488 4277 1661 4341 οὑτως
1720 4280 2229 4353 εὐκαταφρονήτους

655 4361 814 4417 ποιεῖ,
847 4360 921 4421 ὡς
951 4359 1009 4411 τὺ
1045 4358 1310 4427 ὑϐρίζειν·
1356 4362 1508 4415 οὐδὲν
1560 4363 1731 4427 οὑτως
1771 4366 2105 4435 αἰδεσίμους,
2154 4370 2230 4431 ὠς

652 4441 712 4491 τὸ
748 4440 1134 4511 ὑϐριζομένους
1167 4442 1372 4512 φέρειν.
1417 4446 1475 4496 '0
1510 4446 1608 4514 μὲν
1634 4448 1740 4516 γάρ
1769 4448 1915 4500 ἐστιν
1945 4449 2228 4521 ὑϐριστὴς,

652 4523 759 4574 ὁδέ
812 4524 1121 4593 φιλόσοφος·
1167 4526 1261 4577 καὶ
1290 4527 1317 4577 6
1361 4526 1459 4596 μὲν
1507 4527 1796 4599 ἀνθρώπου
1841 4532 2068 4601 χείρων,
2119 4536 2145 4586 6
2172 4534 2228 4586 δέ

654 4607 903 4674 ἀγγέλων
933 4609 1065 4669 ἴσος.
1092 4607 1207 4661 Κάν
1225 4625 1283 4660 τε
1303 4610 1410 4679 γάρ
1434 4611 1669 4664 ἐλάττων
1692 4608 1758 4681 ἦν
1779 4613 1871 4665 τοῦ
1895 4614 2225 4685 ὑϐρίζοντος,

652 4689 747 4739 καὶ
776 4690 969 4752 οὕτως,
1010 4692 1057 4741 εί
1094 4690 1353 4757 βούλοιτο,
1379 4692 1597 4756 δυνατὸς
1630 4693 1873 4764 ὑπῆρχεν
1896 4697 2225 4765 ἀμύνασθαι.

656 4774 865 4834 ’Ἄλλως
925 4773 984 4825 δέ
1042 4775 1133 4827 καὶ
1181 4773 1411 4827 ἐλεείται
1445 4776 1541 4843 μὲν
1600 4778 1748 4847 παρὰ
1781 4778 1997 4831 πάντων
2051 4775 2225 4843 οὗτος.

652 4854 927 4917 ἐκεῖνοςδέ
959 4857 1213 4925 μισεῖται.
1241 4856 1305 4908 Τί
1328 4852 1448 4921 οῦν;
1476 4858 1574 4909 οὐκ
1600 4858 1845 4912 ἐντεῦθεν
1870 4860 1977 4932 ἄρα
1999 4873 2020 4899 ε
2050 4862 2228 4932 πολλῷ

657 4936 880 5005 βελτίων
924 4938 1074 4990 ἔσται
1122 4932 1311 5005 οῦτος;
1363 4938 1452 5009 Τῷ
1501 4940 1600 5009 μὲν
1635 4942 1740 5013 γὰρ
1781 4942 1856 5006 ὡς
1896 4944 2225 5016 μαινομένῳ,

654 5019 828 5089 τούτῳ
852 5019 905 5072 δέ
930 5019 1004 5081 ὼς
1030 5020 1152 5071 νοῦν
1190 5021 1363 5089 ἔχοντι
1395 5024 1745 5091 προσέξουσιν
1772 5028 2027 5092 ᾶπαντες.
2057 5031 2227 5083 Ὅταν

654 5100 748 5155 οὖν
774 5103 1153 5173 κακηγορῆσαί
1181 5122 1300 5157 τινα
1325 5106 1425 5157 ὑπό
1447 5124 1588 5167 τινος
1611 5110 1915 5183 ἀναγκάζῃ,
1946 5114 2067 5167 είπὲ
2091 5116 2224 5184 πρὸς

655 5187 837 5239 αὐτόν’
885 5186 957 5237 Οὐ
982 5186 1216 5269 δύναμαι
1252 5189 1410 5240 αὐτὸν
1437 5191 1607 5241 είπεῖν
1641 5192 1842 5255 κακῶς·
1875 5194 2084 5249 δέδοικα
2120 5200 2229 5269 γὰρ

659 5271 731 5341 μή
762 5287 877 5331 πως
900 5270 997 5321 οὐκ
1027 5266 1092 5338 ἦν
1126 5270 1380 5334 τοιοῦτος.
1412 5274 1661 5327 Μάλιστα
1689 5277 1786 5345 μέν
1821 5279 1878 5329 ἐν
1915 5278 2120 5353 διανοίᾳ
2153 5266 2229 5353 μὴ

659 5356 838 5424 εἰσίῃς
896 5351 1031 5405 ἀλλὰ
1090 5356 1222 5423 μηδέ
1262 5357 1397 5427 πρὸς
1456 5359 1633 5413 ἄλλον.
1682 5360 1772 5431 Μὴ
1823 5362 2053 5435 ἐντύχῃς
2087 5351 2229 5419 κατά

660 5436 841 5487 τούτου
872 5438 949 5505 τῷ
1004 5436 1139 5506 Θεῷ·
1189 5437 1253 5490 ἂν
1291 5440 1403 5509 ῐδῃς
1437 5442 1620 5504 σωκῶς
1668 5445 1952 5509 ἀκούοντα,
2004 5451 2225 5518 ἄμυνον·

660 5520 799 5582 εἰπὲ,
831 5521 923 5572 τοῦ
959 5520 1162 5582 πάθους
1195 5524 1309 5574 ἐστί
1358 5524 1423 5575 τά
1480 5527 1721 5595 ῥήματα,
1778 5531 1837 5581 οὐ
1881 5532 1974 5584 τοῦ
2016 5533 2225 5605 ἀνδρός·

660 5602 799 5666 εἰπὲ,
841 5603 935 5671 τῆς
966 5604 1155 5672 ὀργῆς,
1204 5607 1263 5657 οὐ
1295 5606 1385 5658 τοῦ
1419 5608 1589 5673 φίλου·
1619 5610 1715 5677 τῆς
1766 5614 1982 5680 μανίας,
2018 5617 2076 5666 οὐ
2118 5602 2229 5686 ⁷τῆς

656 5686 852 5754 ψυχῆς.
891 5686 1073 5738 Ταῦτα
1105 5689 1441 5759 λογιζώμεθα
1489 5694 1571 5759 ἐφ’
1596 5694 1812 5765 ἑκάστῳ
1842 5697 1947 5749 τῶν
1982 5700 2230 5772 ἁμαρτη-

714 5894 731 5916 ¹
757 5896 925 5945 Morel.
944 5907 1004 5962 ret
1035 5912 1156 5945 unus
1177 5900 1279 5946 cod.
1309 5902 1387 5947 καὶ
1412 5903 1638 5962 ἐξέϐαλεν,
1660 5908 1803 5954 male.
1874 5909 1899 5944 δ
1926 5906 1977 5955 In
2006 5923 2099 5957 uno
2124 5912 2227 5961 (30:1.

654 5960 835 6029 ειρςυηι
857 5961 999 6029 ιγ’-θείη
1024 5964 1269 6029 ἀγαθόν’..η
1290 5967 1594 6029 παρέχωμεν,
1620 5960 1672 6015 (ξι
1694 5970 1813 6017 intra
1825 5969 1967 6017 habet
1996 5972 2231 6029 ἐμπλῆσαί

657 6020 784 6070 ἐστιν
870 6026 891 6053 ο
926 6020 1166 6084 (lambin.
1184 6020 1390 6072 ἐντεῦθεν
1415 6020 1521 6087 ἄρα,
1546 6020 1725 6078 desunt
1749 6034 1800 6079 in
1828 6045 1923 6081 uno
1949 6020 2053 6081 cui.

1320 422 1376 477 S.
1411 416 1691 476 JOANNIS
1726 410 2213 471 CHRYSOSTOMI
2251 409 2568 471 ARCHIEP.
2602 412 3143 469 CONSTANTINOP.

3813 410 3908 463 “5

2332 526 2536 595 μάτων.
2562 527 2653 597 Μὴ
2679 529 2997 597 περιμείνῃς
3018 527 3325 600 ἀναφθῆναι
3352 525 3416 578 τὸ
3454 524 3587 595 πῦρ,
3630 521 3775 578 ἀλλὰ
3809 524 3911 591 πρὸ

2327 608 2519 660 τούτου
2544 609 2807 680 κάτασχεο
2844 612 2916 680 μὴ
2938 609 3246 681 παροεὺιῃς
3275 611 3335 662 τὸ
3365 608 3573 678 θηρίον,
3612 608 3747 660 ἀλλὰ
3780 607 3914 677 μηδέ

2328 689 2730 760 παροξυνθῆναι
2784 695 3163 765 συγχωρήσῃς·
3203 695 3303 746 οὐκ
3360 691 3439 744 ἔτι
3480 688 3590 760 γὰρ
3638 691 3835 761 κύριος
3868 683 3914 740 εἴ

2326 779 2637 846 κατασχεῖν,
2662 777 2727 830 ἂν
2755 778 2787 845 ή
2813 776 2943 845 φλόξ
2978 776 3219 847 άναφθῇ.
3251 776 3316 828 Τί
3345 775 3452 843 γάρ
3478 770 3633 826 εἶπεν
3657 790 3673 836 ;
3714 772 3914 841 ἀνόητε

2324 857 2418 909 καὶ
2449 858 2634 928 μωρέ;
2673 859 2768 921 Τίς
2799 856 2893 912 οὖν
2922 858 3223 921 ὑπεύθυνος
3248 857 3327 927 τῷ
3360 858 3585 928 ῥήματι,
3619 855 3647 905 6
3669 854 3911 913 ἀκούων,

2325 939 2357 1009 ἢ
2390 940 2635 1006 ὄλέγωνς
2687 942 2746 994 '0
2777 942 2875 1011 μὲν
2905 940 3014 1012 γὰρ
3044 940 3146 994 κᾶν
3195 941 3403 1009 σφόδρα
3446 940 3607 1006 σοφὸς
3627 935 3684 1011 ᾖ,
3721 935 3915 1005 μωροῦ

2324 1021 2481 1088 δόξαν
2506 1024 2716 1078 ἐλαϐεν·
2754 1027 2781 1077 6
2809 1025 2865 1077 δέ
2890 1025 2994 1077 κᾶν
3023 1024 3255 1093 ἀνόητος
3279 1020 3335 1096 ᾗ,
3373 1022 3537 1089 σοφοῦ
3570 1021 3663 1074 καὶ
3691 1019 3915 1087 φιλοσό-

2327 1122 2451 1171 φου.
2496 1106 2591 1169 Τίς
2613 1107 2859 1176 ἀνόητος,
2883 1108 3002 1160 είπέ
3045 1123 3156 1177 μοι,
3187 1108 3215 1159 6
3254 1104 3425 1174 ἑτέρῳ
3453 1104 3751 1174 προφέρων
3780 1101 3814 1139 ἀ
3850 1101 3917 1152 τὰ

2326 1189 2425 1241 οὐκ
2452 1189 2597 1254 ὖντα,
2629 1192 2662 1260 ἢ
2698 1194 2725 1245 ό
2757 1191 2893 1261 μηδέ
2935 1191 3079 1245 οὕτω
3128 1188 3405 1258 κινηθείςς
3442 1189 3504 1240 El
3542 1188 3651 1257 γὰρ
3671 1185 3745 1238 ’τδ
3783 1185 3917 1255 μηδὲ

2327 1271 2615 1340 κινηθέντα
2643 1274 2935 1337 κινεῖσθαι,
2994 1272 3333 1341 φιλοσοφίας·
3371 1270 3433 1322 τὸ
3462 1270 3598 1341 μηδέ
3630 1267 3917 1331 κινοῦντος

2328 1354 2677 1422 πλήττεσθαι,
2704 1357 2877 1426 πόσης
2896 1357 3115 1419 ἁνοίαςί
3152 1354 3319 1408 Οῦπω
3338 1353 3482 1421 λέγω
3511 1356 3665 1415 ποῖος
3691 1351 3921 1405 ἀπόκει-

2325 1452 2415 1489 ται
2444 1435 2593 1508 [11η
2616 1439 2886 1509 τιμωρίας
2905 1440 3071 1503 τόπος
3096 1442 3209 1502 τοῖς
3240 1438 3309 1492 τὰ
3330 1436 3556 1490 τοιαῦτα
3594 1435 3918 1498 ὀνειδίζουσι

2329 1522 2424 1573 καὶ
2456 1518 2838 1590 βλασφημοῦσι
2868 1521 2959 1574 τὸν
2992 1521 3220 1590 πλησίον
3276 1532 3322 1573 ο.
3390 1519 3548 1572 Ἀλλὰ
3583 1518 3673 1583 τίς
3721 1520 3920 1585 ἄτιμον

2329 1604 2424 1656 καὶ
2451 1604 2508 1669 ἐξ
2561 1604 2794 1673 ἀτίμων,
2835 1605 2931 1657 καὶ
2985 1604 3182 1673 εὐτελῆ
3222 1605 3317 1657 καὶ
3371 1603 3430 1667 ἐξ
3460 1600 3693 1655 εὐτελῶν
3726 1598 3917 1663 εἷπενς

2330 1686 2499 1738 Πάλιν
2529 1689 2608 1746 είς
2640 1688 2831 1739 ἐαυτὸν
2858 1688 2917 1758 τὸ
2947 1686 3149 1749 ὄνειδος
3177 1686 3553 1758 περιέτρεψεν.
3596 1684 3653 1736 ’0
3680 1683 3788 1753 μὲν
3814 1683 3920 1751 γὰρ

2328 1770 2509 1839 τίμιος
2536 1773 2784 1838 φανεῖται
2808 1755 2903 1823 καλ
2924 1770 3224 1839 αίδέσιμος,
3252 1755 3285 1822 -ό
3313 1755 3617 1837 δέτεύτελὴς
3642 1766 3841 1827 ὅντως·
3866 1766 3922 1815 τὸ

2329 1853 2438 1922 γὰρ
2466 1853 2534 1905 τὰ
2562 1852 2786 1905 τοιαῦτα
2812 1856 2891 1916 εἰς
2918 1853 3069 1917 τάξιν
3098 1852 3335 1915 ὀνείδους
3378 1852 3701 1922 προφέρειν,
3726 1850 3921 1917 γένους

2329 1934 2604 1988 εὐτέλειαν
2638 1935 2800 2002 λέγω,
2834 1939 3038 2006 μικρᾶς
3063 1936 3231 1999 ὅντως
3259 1935 3458 2004 ψυχῆς·
3482 1936 3510 1985 6
3542 1933 3599 1985 δέ
3624 1932 3805 2001 μέγας
3830 1932 3921 1982 καὶ

2330 2016 2643 2087 θαυμαστὸς
2677 2019 2850 2082 ἔσται,
2884 2022 2979 2073 ἆτε
3013 2022 3165 2073 οὐδὲν
3199 2020 3497 2091 ἡγούμενος
3549 2017 3610 2069 τὸ
3646 2015 3919 2075 τοιοῦτον,

2330 2098 2589 2153 άλλόῦτω
2614 2102 2972 2171 διακείμενος,
2996 2103 3071 2164 ὼς
3089 2102 3155 2154 ἂν
3178 2106 3225 2154 εἰ
3257 2105 3472 2173 ἤκουεν,
3494 2102 3574 2153 ὅτι
3597 2100 3713 2169 ἐχοι
3737 2117 3795 2152 τι
3814 2098 3926 2151 τῶν

2330 2183 2505 2237 ἄλλων
2528 2185 2802 2254 διαφέρον.
2841 2187 3001 2239 Ἀλλὰ
3032 2188 3218 2256 μοιχὸν
3244 2188 3334 2238 καὶ
3358 2186 3425 2237 τὰ
3448 2186 3582 2239 ἄλλα
3608 2185 3759 2252 ἐρεῖς
3808 2183 3928 2233 Ἐν-

2330 2264 2501 2318 ταῦθα
2533 2272 2625 2319 καὶ
2652 2268 2816 2339 γελᾲν
2846 2272 2969 2339 χρή’
3020 2270 3147 2322 ὅταν
3172 2270 3281 2341 γὰρ
3312 2270 3371 2321 τὸ
3404 2267 3641 2328 συνειδὸς
3680 2267 3757 2336 μὴ
3794 2263 3928 2333 βάλ’

2331 2350 2510 2419 ληται,
2540 2353 2659 2405 οὐδὲ
2683 2354 2873 2425 καιρὸν
2902 2354 2967 2405 ἂν
2999 2354 3111 2423 ἒχοι
3143 2355 3170 2405 ὁ
3205 2353 3397 2423 θυμός.
3444 2350 3846 2419 Ἐννοήσαντας
3871 2348 3928 2400 δὲ

2332 2436 2426 2485 καὶ
2446 2436 2567 2486 τίνα
2592 2436 2775 2502 ἐξάγει
2808 2438 2887 2497 εἰς
2908 2437 3071 2505 μέσον
3092 2437 3305 2505 πονηρὰ
3352 2435 3447 2487 καὶ
3475 2435 3646 2503 μιαρά
3670 2434 3926 2501 ῥήματα,

2328 2519 2448 2571 οὐδέ
2495 2520 2666 2583 οὕτως
2724 2522 2908 2589 ἀλγεῖν
2963 2522 3092 2590 χρή.
3145 2520 3325 2589 Ὅπερ
3388 2519 3496 2588 γὰρ
3543 2516 3739 2586 ἔμελλε
3783 2515 3930 2585 μετά

2328 2602 2502 2655 ταῦτα
2536 2604 2764 2667 ἕκαστος
2818 2604 3181 2673 μαθήσεσθαι,
3216 2605 3376 2656 τοῦτο
3404 2602 3503 2673 ήδη
3557 2600 3923 2668 ἐξεκάλυψεν·

2331 2687 2523 2739 ἐαυτὸν
2574 2688 2758 2740 λοιπὸν
2788 2689 3018 2741 ἄπιστον
3058 2691 3192 2741 πᾶσι
3249 2688 3607 2754 κατέστησεν,
3665 2686 3766 2738 ἆτε
3826 2684 3931 2735 οὐκ

2332 2770 2507 2823 εἰδότα
2533 2772 2936 2839 συγκαλύπτειν
2968 2772 3037 2825 τά
3068 2771 3160 2825 τοῦ
3211 2771 3437 2841 πλησίον
3467 2769 3637 2831 κακά,
3669 2768 3767 2819 καὶ
3792 2770 3931 2819 ἐαυ-

2332 2856 2421 2905 τὸν
2484 2855 2683 2924 μᾶλλον
2722 2855 2955 2926 ⁴ᾔσχυνεν
3007 2856 3038 2925 ἢ
3090 2856 3302 2927 ἕτερον,
3355 2853 3449 2905 καὶ
3498 2852 3675 2904 πάντα
3725 2851 3931 2920 λιμένα

2334 2940 2671 3007 προσέχωσε,
2704 2941 2802 3001 τάς
2826 2940 3056 3002 εὐθύνας
3077 2940 3333 3009 ἐποίησεν
3362 2937 3541 3006 ἐαυτῷ
3562 2936 3807 3005 φοϐερὰς
3829 2934 3932 2987 τοῦ

2334 3022 2616 3091 μέλλοντος
2638 3025 2943 3093 κριτηρίου.
2968 3025 3042 3075 Οὐ
3059 3026 3166 3093 γάρ
3181 3023 3325 3076 οὑτω
3371 3021 3583 3085 τοῦτον,
3614 3021 3689 3081 ὡς
3711 3022 3933 3071 ἐκεῖνον

2331 3108 2845 3179 ἁποστραφήσονται
2881 3110 3101 3172 πάντες,
3120 3110 3263 3183 άπερ
3291 3107 3598 3176 ἐκκαλύψαι
3626 3109 3728 3159 οὑκ
3753 3108 3933 3177 ἐχρῆν

2332 3193 2787 3261 ἀπαμφιάσαντα.
2822 3195 2893 3247 Σὺ
2915 3195 2970 3246 δέ
2998 3195 3163 3264 μηδὲν
3188 3198 3347 3264 εἴπῃς
3380 3188 3455 3247 ὧν
3488 3192 3759 3254 σύνοιδας,
3786 3192 3935 3245 ἀλλὰ

2336 3276 2579 3346 σίγησον,
2604 3278 2653 3329 εί
2684 3276 2864 3345 βούλει
2893 3277 2991 3347 τὴν
3014 3277 3273 3349 λαμπρὰν
3296 3278 3453 3341 δόξαν
3478 3277 3686 3330 λαϐεῖν.
3714 3278 3788 3329 Οὐ
3816 3277 3933 3346 γὰρ

2336 3360 2496 3428 μόνον
2528 3360 2853 3431 ἀνατρέψεις
2880 3362 2945 3413 τὰ
2979 3360 3258 3429 λεχθέντα,
3311 3361 3431 3413 οὐδὲ
3467 3361 3751 3429 καλύψεις,
3784 3360 3934 3414 ἀλλὰ

2332 3442 2425 3495 καὶ
2453 3443 2638 3513 ἕτερον
2672 3445 2881 3515 ἐργάσῃ
2921 3444 3103 3497 καλόν·
3142 3445 3325 3496 οὐκέτι
3362 3446 3610 3514 ποιήσεις
3643 3443 3755 3514 γάρ
3780 3444 3934 3497 κατά

2333 3526 2530 3578 σαυτοῦ
2562 3527 2657 3597 τὴν
2691 3528 2873 3597 ψῆφον
2900 3527 3205 3597 ἐνεχθῆναι.
3242 3528 3302 3581 Ὀ
3332 3528 3482 3580 δεῖνά
3536 3544 3595 3579 σε
3626 3528 3818 3590 κακῶς
3842 3528 3934 3580 λέ-

2329 3626 2456 3676 γει;
2492 3610 2627 3664 Είπέ
2662 3610 2750 3662 σύ·
2783 3611 2845 3663 Εί
2902 3610 3077 3663 πάντα
3113 3610 3248 3679 ᾔδει,
3284 3611 3385 3662 οὑκ
3417 3610 3482 3661 ἂν
3522 3609 3763 3662 τοσαῦτα
3799 3606 3933 3663 εἶπε

2333 3696 2486 3765 μόνα.
2526 3694 2904 3763 Ἐθαυμάσατε
2930 3695 3022 3747 καὶ
3048 3692 3385 3764 ἐξεπλάγητε
3411 3694 3471 3747 τὸ
3495 3694 3721 3764 λεχθένς
3762 3695 3933 3746 Ἀλλά

2332 3777 2617 3847 μιμεῖσθαι
2645 3779 2770 3847 χρή.
2800 3778 2899 3831 Διά
2927 3779 3035 3849 γὰρ
3067 3777 3225 3829 τοῦτο
3258 3780 3436 3832 πάντα
3460 3779 3589 3847 ὑμῖν
3619 3776 3687 3829 τά
3718 3778 3933 3843 ἔξωθεν

2328 3864 2593 3933 εἰρημένα
2613 3861 2863 3929 λέγομεν,
2889 3864 2986 3931 οὐχ
3004 3862 3079 3923 ὡς
3101 3862 3201 3914 οὐκ
3226 3862 3466 3930 ἐχουσῶν
3490 3862 3661 3931 μυρία
3687 3863 3936 3915 τοιαῦτα.

2328 3946 2437 3997 τῶν
2465 3945 2717 4014 Γραφῶν,
2770 3945 2885 3997 ἀλλ’
2922 3945 2997 4007 ὡς
3055 3944 3255 4014 μᾶλλον
3306 3946 3561 4015 ἐντρέψαι
3598 3943 3931 4015 δυναμένων

2329 4028 2554 4080 τούτων·
2593 4029 2713 4081 ἐπεὶ
2732 4028 2880 4099 καὶή
2914 4029 3104 4099 Γραφὴ
3126 4025 3234 4080 οἶδε
3264 4029 3396 4098 πρὸς
3418 4029 3687 4101 ἐντροπὴν
3712 4030 3928 4097 λέγειν,

2327 4112 2402 4175 ὡς
2425 4113 2553 4165 ὅταν
2574 4113 2725 4183 λέγῃ·
2777 4115 2921 4181 Οὐχὶ
2951 4114 3049 4164 καὶ
3092 4115 3146 4164 οἱ
3195 4112 3417 4167 ἐθνικοὶ
3444 4113 3507 4165 τὸ
3533 4113 3680 4165 αὐτὸ
3714 4116 3931 4169 ποιοῦ-

2327 4213 2467 4259 cur;
2498 4196 2555 4249 '0
2579 4196 2636 4248 δέ
2666 4198 2951 4266 προφήτης
2980 4195 3246 4266 Ἱερεμίας
3275 4197 3403 4258 τοὺς
3428 4196 3522 4249 τοῦ
3538 4194 3745 4267 Ῥηχὰδ
3767 4202 3927 4262 υἱοὺς

2330 4281 2653 4348 παρήγαγεν
2677 4282 2755 4339 είς
2783 4280 2946 4347 μέσον
2984 4278 3079 4348 τὴν
3111 4278 3385 4349 πατρικὴν
3407 4280 3627 4349 ἐντολὴν
3653 4283 3919 4351 παραϐῆ-

2329 4380 2416 4415 ναι
2450 4363 2524 4433 μὴ
2550 4362 3039 4432 καταδεξαμένους.
3071 4359 3236 4414 Εἶπον
3259 4364 3447 4426 κακῶς
3470 4367 3517 4417 οί
3548 4367 3675 4434 περὶ
3693 4367 3928 4436 Μαρίαν

2328 4445 2420 4497 τὸν
2450 4445 2674 4505 Μωσέα.
2707 4446 2797 4499 καὶ
2830 4446 2927 4514 τῆς
2956 4446 3229 4509 κολάσεως
3258 4448 3455 4509 αὐτοὺς
3485 4447 3685 4511 εὐθέως
3712 4448 3927 4519 ἐξῄτη-

2332 4544 2411 4589 σε,
2446 4529 2539 4580 καί⁵
2571 4528 2689 4580 οὐδὲ
2712 4529 2834 4580 ὅσον
2860 4529 3050 4597 μαθεῖν
3078 4547 3254 4593 τινας,
3293 4530 3373 4583 ὅτι
3402 4529 3643 4593 ἐκδικίας
3677 4528 3695 4567 ί
3723 4532 3923 4602 ἔτυχε,

2332 4610 2723 4681 συνεχώρησεν.
2778 4611 2915 4663 Ἃλλ*
2952 4613 3047 4681 οὑχ
3112 4615 3273 4683 ἡμεῖς
3327 4614 3520 4678 οὕτως·
3563 4613 3700 4667 ἀλλὰ
3754 4615 3929 4668 τοῦτο

2333 4694 2565 4761 μάλιστα
2593 4694 2895 4763 βουλόμεθα
2914 4696 3121 4757 πάντας
3152 4697 3366 4766 μαθεῖν,
3386 4698 3467 4750 ὅτι
3497 4699 3594 4749 οὐκ
3626 4699 3928 4770 άτιμωρη-

2328 4779 2381 4828 τὶ
2411 4778 2707 4848 παρῆλθον.
2742 4780 2918 4848 Μέχρι
2952 4780 3096 4841 τίνος
3120 4780 3229 4832 άπὸ
3258 4784 3362 4850 γῆς
3395 4781 3661 4851 πνέομεν;
3693 4782 3811 4834 Οὐκ
3837 4783 3926 4836 ἐνι

2333 4867 2509 4936 μάχην
2547 4866 2607 4930 ἐξ
2644 4868 2760 4929 ἐνὸς
2816 4868 3075 4937 συστῆναι
3118 4870 3337 4940 μέρους.
3381 4870 3518 4933 Τοὺς
3554 4874 3926 4941 μαινομένους

2328 4951 2394 5003 ἂν
2424 4951 2482 5014 ἐξ
2507 4952 2781 5021 ἑκατέρων
2814 4952 2922 5003 τῶν
2953 4952 3135 5023 μερῶν
3163 4953 3413 5028 ἐλκύσῃς,
3449 4957 3650 5022 μᾶλλον
3682 4956 3929 5025 παροξυ-

2330 5037 2459 5095 νεῖς·
2489 5035 2553 5087 ἂν
2599 5036 2656 5087 δὲ
2690 5038 2754 5088 ἐκ
2802 5035 2981 5101 δεξιᾶς
3017 5037 3048 5107 ἢ
3092 5037 3149 5103 ἐξ
3190 5039 3508 5108 ἀριστερᾶς,
3560 5038 3790 5101 ἔσϐεσας
3824 5041 3925 5092 τὸν

2332 5118 2519 5189 θυμόν.
2564 5120 2620 5171 Ὀ
2648 5119 2897 5187 πλήττων
2949 5120 3015 5171 ἂν
3057 5121 3153 5189 μὲν
3214 5122 3310 5192 ἔχῃ
3350 5122 3438 5173 τὸν
3489 5122 3561 5191 μὴ
3597 5122 3921 5190 δεχόμενον,

2334 5203 2530 5271 μᾶλλον
2551 5204 2861 5271 ἐπαίρεται’
2912 5203 2977 5255 ἂν
3005 5203 3060 5255 δέ
3085 5204 3325 5268 εἴκοντα,
3379 5205 3579 5273 μᾶλλον
3628 5206 3920 5267 ἐκλύεται,

2332 5288 2423 5338 καὶ
2449 5289 2527 5348 εἰς
2552 5287 2712 5340 αὐτὸν
2746 5289 2776 5356 ή
2818 5287 2998 5357 πληγὴ
3028 5290 3439 5358 περιτρέπεται.
3471 5289 3545 5341 Οὐ
3578 5291 3683 5355 γάρ
3732 5290 3921 5354 οὑτως

2330 5367 2509 5423 ἐκλύει
2534 5370 2631 5439 τήν
2660 5369 2883 5439 δύναμιν
2912 5372 3005 5423 τοῦ
3030 5372 3430 5438 ἀνταγωνιστοῦ
3462 5372 3556 5425 άνθ
3570 5389 3755 5444 ρωπος
3769 5392 3887 5441 παγ
3908 5408 3921 5413 -

2330 5452 2644 5523 κρατιάζειν
2674 5452 2847 5517 εἰδὼς,
2878 5456 2951 5515 ὼς
2977 5455 3261 5524 ἄνθρωπος
3292 5454 3642 5525 ὑϐριζόμενος
3702 5458 3798 5509 καὶ
3836 5457 3922 5530 μὴ

2330 5536 2692 5607 ἀνθυϐρίζων.
2725 5539 3041 5607 Αίσχυνθεὶς
3075 5538 3185 5608 γὰρ
3229 5541 3432 5603 ἐκεῖνος
3484 5539 3669 5592 λοιπὸν
3719 5542 3921 5595 ἄπεισι

2331 5624 2421 5675 καὶ
2477 5622 2901 5690 καταγνωσθεὶς,
2958 5622 3169 5691 πρῶτον
3213 5624 3307 5693 μὲν
3340 5627 3405 5676 ἐκ
3438 5625 3529 5677 τοῦ
3582 5627 3921 5692 συνειδότος,

2328 5706 2581 5775 δεύτερον
2602 5707 2658 5758 δὲ
2689 5708 2837 5778 παρὰ
2864 5706 2973 5759 τῶν
3002 5706 3252 5775 ὁρώντων
3282 5710 3557 5763 ἁπάντων.
3582 5710 3693 5762 Καὶ
3713 5726 3921 5781 παροι-

2398 5968 2421 6005 (Ῑ
2453 5969 2585 6040 [holus
2611 5971 2715 6041 5‘09;
2745 5974 3054 6041 προσφέρων.Δ
3159 5974 3503 6039 Βλασφημοῦσι
3527 5978 3653 6026 κατ-ἱ
3680 5978 3764 6025 τὸν
3801 5980 3921 6041 πὶ..

2338 6035 2407 6080 sic
2438 6034 2538 6079 alii.
2613 6032 2627 6067 ί
2672 6032 2821 6081 Morel
2852 6032 2975 6082 male
3002 6036 3202 6091 ἀδικίας.
