4078 6318
152 385 267 439 117

146 519 440 575 crescebat
462 521 769 580 multitudo.
796 524 903 580 Res
927 527 1208 595 mirabilis,
1240 531 1327 586 ubi
1354 533 1568 588 occisus
1595 534 1767 589 fuerat

146 609 427 675 Christus,
462 615 569 672 illic
609 620 888 674 crescebat
936 622 1283 690 praedicatio:
1317 642 1418 679 nec
1466 628 1626 681 modo
1658 642 1763 682 non

145 704 511 762 scandalizati
537 719 667 765 sunt
689 713 904 782 quidam
928 730 993 769 cx
1022 715 1318 786 discipulis,
1353 719 1595 773 videntes
1622 736 1752 786 apo-

144 798 331 851 stolas
363 798 641 869 ﬂagellari,
670 804 810 858 alios
838 805 1051 872 minari,
1081 809 1215 863 alios
1236 809 1494 880 Spiritum
1519 821 1757 878 tentare,

144 891 295 946 alios
334 910 706 963 murmurare;
736 898 833 953 sed
863 907 920 954 et
950 901 1182 956 maxime
1206 905 1503 973 augebatur
1540 904 1765 959 creden-

145 984 291 1037 tium
323 1000 580 1041 numerus
604 1006 617 1039 :
642 988 720 1043 sic
742 990 812 1044 ab
834 992 1055 1046 Anania:
1076 1009 1205 1048 casu
1234 993 1300 1047 ad
1330 995 1610 1050 meliorem
1652 995 1763 1050 fru-

142 1092 276 1145 gem
324 1079 739 1146 reducebantur,
772 1092 827 1137 et
879 1085 1051 1154 major
1101 1086 1203 1140 illis
1254 1087 1594 1142 titnor‘erat.
1626 1086 1762 1144 Vide

144 1170 290 1224 mihi
328 1188 511 1241 porro,
554 1177 828 1245 quomodo
865 1181 1102 1234 creverit
1129 1181 1436 1236 multitudo.
1475 1182 1605 1237 Post
1640 1192 1760 1238 ten-

145 1265 395 1320 tationes
418 1267 607 1333 crevit,
632 1286 737 1323 non
766 1280 911 1325 ante.
936 1271 1261 1329 Consideres
1287 1289 1436 1340 vero,
1468 1286 1666 1343 quanta
1691 1276 1761 1329 sit

146 1361 249 1415 Dei
276 1361 604 1430 benignitas.
633 1364 714 1420 Ex
730 1366 843 1421 illis
862 1368 1005 1421 enim
1038 1368 1369 1438 principibus
1390 1369 1755 1434 sacerdotum,

142 1455 243 1521 qui
277 1455 353 1507 ad
382 1456 581 1509 aedem
618 1458 804 1513 turbas
831 1460 1216 1526 concitabant,
1265 1460 1355 1532 qui
1386 1461 1508 1515 talia
1556 1463 1757 1515 clama-

146 1544 287 1599 bant
342 1556 399 1600 et
439 1546 729 1614 dicebant,
786 1550 926 1603 Alios
975 1550 1145 1605 salvos
1192 1554 1348 1623 fecit,
1382 1552 1605 1622 seipsum
1656 1569 1757 1606 non

146 1648 322 1705 potest
352 1639 544 1691 salvum
574 1643 743 1709 facere
765 1642 979 1709 (.llntth.
1011 1642 1103 1696 27.
1136 1643 1264 1713 42);
1306 1658 1373 1699 ex
1403 1644 1528 1708 illis,
1562 1645 1753 1715 inquit,

149 1730 317 1783 ,Ἆλιιεὶ
350 1731 642 1785 obediebant
670 1735 807 1799 ﬁdei.

222 1821 280 1875 4.
307 1818 511 1876 Caritas
526 1840 645 1893 erga
683 1825 914 1880 inimicus
947 1835 996 1878 et
1027 1827 1372 1881 misericordia
1394 1828 1759 1881 commendan-

144 1915 507 1983 tarn—Ejus
558 1916 739 1985 itaque
791 1926 844 1969 et
898 1932 996 1971 nos
1049 1918 1349 1974 imitatores
1394 1920 1583 1974 simus.
1631 1918 1756 1974 lllos

146 2008 417 2075 suscepit.
446 2022 544 2063 nec
567 2011 778 2079 repulit.
804 2009 892 2065 Sic
912 2012 1163 2078 inimicis,
1183 2015 1270 2083 qui
1294 2015 1450 2067 nobis
1476 2016 1754 2068 innumera

144 2100 386 2155 intulere
412 2105 573 2169 mala,
603 2104 863 2159 beneficia
894 2108 1273 2176 rependatnus.
1307 2108 1360 2163 Si
1392 2108 1517 2178 quid
1550 2111 1750 2164 bonum

145 2190 441 2258 habemus,
474 2193 577 2247 illis
605 2196 923 2262 tribuamus,
950 2197 1427 2253 nebenefacieudo
1467 2210 1755 2268 prmterea-

154 2300 277 2337 mus
328 2286 471 2340 illos.
510 2287 566 2340 Si
614 2293 757 2341 enim
792 2291 927 2342 mala
980 2290 1235 2359 patiendo
1284 2292 1509 2361 implere
1540 2300 1756 2360 Oportet

148 2376 369 2431 illorum
386 2376 645 2444 furorem,
670 2383 836 2434 multo
852 2383 1019 2452 magis
1034 2382 1419 2438 benefacieudo
1444 2402 1454 2437 :
1481 2384 1587 2439 hoc
1608 2386 1755 2449 enim

149 2473 334 2524 minus
364 2481 447 2524 est
476 2472 586 2526 illo.
630 2472 745 2526 Non
768 2474 909 2527 enim
941 2489 1036 2543 par
1061 2491 1147 2530 res
1173 2488 1275 2539 est,
1301 2475 1621 2533 benefacere
1650 2478 1754 2532 ini-

146 2579 317 2628 mico,
353 2575 406 2618 et
434 2565 639 2634 majora
666 2568 803 2620 velle
846 2568 978 2636 pati;
1015 2569 1080 2622 ab
1113 2569 1213 2632 hoc
1242 2569 1308 2624 ad
1337 2570 1425 2624 illa
1454 2570 1748 2625 veniemus.

152 2654 279 2707 llam
309 2655 541 2726 dignitas
573 2668 652 2711 est
682 2659 1067 2729 discipulorum
1100 2661 1318 2715 Christi.
1364 2661 1757 2726 Crucifixerant

151 2746 326 2806 illum,
355 2750 442 2816 qui
472 2750 536 2801 ad
561 2749 1002 2806 benefaciendum
1028 2753 1134 2807 illis
1163 2765 1415 2819 venerat;
1460 2754 1753 2825 discipulos

151 2839 299 2891 illius
327 2838 757 2909 ﬂagellaveraut;
790 2855 845 2897 et
884 2856 1067 2914 postea
1101 2848 1223 2901 illos
1261 2848 1328 2903 ad
1359 2849 1611 2903 eumdem
1650 2865 1754 2920 quo

151 2932 448 3000 discipulos
477 2936 732 2990 honorem
764 2935 1295 3010 ducit,similiterque
1340 2956 1435 2996 sua
1467 2942 1572 2997 illis
1607 2932 1750 2997 com-

152 3025 462 3079 municavit.
498 3026 820 3094 ltuitatores,
851 3045 1053 3099 qumSo,
1086 3032 1282 3088 Christi
1330 3038 1534 3089 simus:
1571 3037 1623 3091 in
1650 3037 1754 3093 hoc

152 3127 369 3184 oportet
399 3119 546 3172 illum
584 3120 819 3186 imitari;
856 3122 957 3176 hoc
980 3125 1120 3176 enim
1148 3128 1407 3194 aequalem
1437 3128 1545 3182 Deo
1586 3129 1749 3195 facit;

155 3214 255 3263 hoc
302 3210 582 3281 plusquam
622 3214 916 3269 humanum
966 3226 1068 3271 est.
1116 3218 1492 3292 Eleemosynm
1530 3239 1751 3289 operam

152 3304 384 3358 demus:
416 3304 531 3359 haec
562 3307 884 3378 paedagogus
909 3317 962 3363 et
984 3309 1173 3365 doctor
1198 3321 1282 3367 est
1330 3314 1472 3388 illius
1515 3315 1753 3383 philoso-

154 3396 291 3463 phia:
343 3398 440 3463 Qut
470 3399 655 3454 didicit
682 3402 921 3456 misereri
954 3404 1090 3472 ejus,
1115 3406 1205 3474 qui
1239 3406 1289 3460 iu
1314 3408 1619 3462 Calamitate
1646 3422 1750 3476 est,

151 3490 324 3545 discet
350 3494 513 3547 etiam
563 3494 876 3562 injuriarutn
908 3497 1151 3554 oblivisci
1192 3518 1205 3552 :
1241 3502 1331 3570 qui
1378 3502 1482 3558 hoc
1528 3504 1749 3569 didicit,

152 3585 384 3640 inimicis
423 3589 587 3643 etiam
616 3590 941 3648 benefacere
982 3596 1197 3663 poterit.
1252 3596 1532 3653 Discamus
1566 3602 1749 3669 proxi—

151 3696 361 3734 morum
382 3682 538 3737 malis
560 3684 727 3754 frangi
754 3726 771 3751 ,
795 3697 851 3739 et
873 3688 1145 3744 discemus
1172 3690 1386 3745 illorum
1418 3694 1578 3747 etiam
1612 3697 1750 3749 mala

147 3771 312 3828 ferre.
342 3775 495 3829 Illum
524 3778 935 3847 interrogemus,
967 3781 1059 3851 qui
1085 3783 1223 3836 male
1244 3798 1367 3853 erga
1411 3799 1509 3839 nos
1529 3786 1752 3842 allectus

147 3877 245 3927 est.
264 3881 447 3919 annon
475 3868 801 3925 condemnet
830 3873 1064 3940 seipsutn
1089 3912 1105 3936 ,
1138 3890 1317 3928 annon
1351 3877 1480 3931 velit
1512 3879 1749 3945 philoso—

150 3955 323 4022 pltari,
350 3973 532 4013 annon
564 3969 729 4015 totum
766 3962 892 4016 oriri
936 3963 1082 4018 dicat
1110 3965 1178 4019 ab
1199 3965 1276 4019 ira
1307 3976 1361 4021 et
1398 3968 1671 4025 simultate
1697 3981 1752 4027 et

148 4048 394 4113 miseria;
426 4066 553 4104 num
584 4052 711 4105 velit
737 4068 803 4106 ex
838 4070 1062 4109 numero
1089 4056 1298 4111 illorum
1321 4072 1463 4122 esse,
1511 4062 1599 4130 qui
1621 4077 1749 4116 con.

148 4142 426 4195 tumeliam
461 4141 642 4197 ferunt
672 4156 727 4198 et
763 4146 957 4211 silent,
993 4163 1099 4201 non
1130 4160 1312 4203 autem
1343 4151 1559 4207 illorum
1584 4196 1599 4221 ,
1654 4157 1745 4225 qui

144 4236 527 4289 coutumeliam
559 4236 759 4291 faciunt
792 4250 845 4295 et
881 4240 1098 4307 furunt;
1134 4258 1313 4299 annon
1340 4260 1461 4300 eum
1493 4250 1581 4317 qui
1617 4250 1751 4317 patio

146 4336 227 4382 tur
255 4328 585 4384 admiretur.
613 4328 691 4386 Ne
718 4340 871 4401 putes
904 4334 1007 4389 hoc
1036 4338 1472 4406 contemptibiles
1500 4342 1746 4398 reddere.

144 4419 280 4474 Nihil
332 4422 401 4475 ita
452 4406 885 4494 contemptibiles
928 4429 1103 4482 reddit
1150 4442 1208 4483 ut
1238 4435 1618 4488 contumeliam
1664 4438 1747 4490 in-

147 4513 318 4578 ferre;
372 4517 504 4570 nihil
554 4523 625 4571 ita
675 4521 1047 4588 venerabiles,
1084 4531 1140 4578 ut
1167 4527 1549 4582 contumeliam
1581 4528 1745 4585 ferre.

148 4607 231 4661 ille
274 4624 512 4678 namque
562 4622 643 4665 est
694 4615 1139 4682 contumeliosus,
1192 4617 1280 4672 hic
1341 4619 1744 4691 philosophus:

147 4700 231 4754 ilie
300 4700 456 4770 pejor
522 4702 773 4770 homine,
842 4704 930 4770 hic
979 4708 1180 4778 angelis
1238 4726 1352 4779 par.
1399 4711 1552 4768 Licet
1599 4716 1741 4770 enim

146 4792 319 4843 minor
370 4802 516 4846 esset
582 4796 1011 4859 contumelioso;
1080 4809 1355 4866 attamen,
1426 4803 1470 4857 si
1543 4806 1740 4873 vellet,

145 4894 322 4949 posset
357 4899 485 4938 eum
527 4886 728 4943 ulcisci.
764 4890 1015 4959 Alioquin
1046 4908 1171 4946 vero
1210 4895 1294 4948 hic
1319 4896 1741 4954 misericordiam

148 4978 383 5033 amnium
406 4979 508 5034 sibi
536 4983 784 5048 attrahet,
822 4986 912 5040 ille
936 5001 1063 5040 vero
1093 5002 1290 5043 exosus
1313 4992 1433 5044 erit.
1464 4992 1599 5059 Quid
1640 4994 1740 5065 igi-

146 5071 266 5121 tur?
300 5087 479 5125 nonne
527 5073 648 5128 inde
694 5075 779 5130 hic
828 5078 994 5133 multo
1027 5084 1364 5147 prmstautior
1404 5084 1545 5137 erit?
1586 5087 1739 5141 Illum

148 5174 372 5234 namque
398 5174 458 5218 ut
499 5165 764 5222 furentem
794 5212 806 5233 ,
836 5168 977 5225 hunc
1005 5183 1059 5225 nt
1108 5173 1421 5241 prudentem
1470 5176 1740 5233 habebunt

151 5270 352 5311 omnes.
383 5256 515 5312 Cum
545 5276 677 5331 ergo
703 5271 756 5317 te
777 5266 921 5333 cogit
947 5266 1235 5335 quispiam,
1270 5278 1325 5321 ut
1355 5269 1587 5339 aliquem
1630 5274 1737 5327 cri-

148 5352 382 5417 mineris,
408 5353 496 5407 dic
526 5354 598 5409 illi
626 5373 640 5409 :
672 5356 790 5411 Non
821 5374 1035 5428 possum
1061 5361 1160 5429 ipsi
1193 5362 1549 5429 maledicere;
1578 5368 1739 5423 timeo

148 5444 279 5496 enim
308 5462 375 5500 ne
422 5446 562 5502 forte
588 5465 692 5502 non
726 5450 797 5504 sit
823 5452 960 5506 talis.
990 5451 1134 5508 Cave
1159 5464 1338 5509 autem
1369 5458 1602 5513 maxime
1622 5500 1638 5525 ,
1673 5478 1739 5515 ne

147 5532 193 5583 in
238 5547 416 5591 mente
483 5538 726 5603 dixeris,
785 5558 917 5596 neve
988 5545 1142 5599 alteri
1200 5550 1277 5601 sic
1338 5548 1593 5618 loquaris.
1661 5552 1737 5607 Nc

147 5628 369 5691 preceris
407 5630 575 5684 Deum
625 5642 809 5686 contra
854 5635 1001 5688 illum
1038 5655 1049 5689 :
1084 5638 1127 5691 si
1166 5640 1363 5694 videris
1405 5642 1551 5696 illum
1598 5647 1736 5701 male

148 5722 341 5785 a‘tdire,
371 5722 631 5779 defende:
660 5726 768 5789 dic,
796 5728 1104 5795 Iracundize,
1128 5747 1232 5786 non
1252 5735 1373 5799 viri,
1398 5737 1553 5789 verba
1577 5750 1730 5805 sunt;

148 5810 245 5875 ine.
272 5831 380 5869 non
400 5817 596 5881 amici;
630 5817 827 5875 furoris
851 5862 866 5887 ,
901 5838 1005 5877 non
1034 5826 1245 5881 animai.
1281 5829 1404 5883 llaec
1443 5831 1581 5885 circa
1625 5834 1734 5887 sin-

146 5908 251 5973 gula
278 5918 493 5979 [*teecata
519 5912 834 5983 cogitemus.
858 5915 935 5973 Ne
960 5928 1239 5990 exspectes
1264 5922 1437 5980 donec
1471 5925 1606 5996 ignis
1636 5942 1729 5981 ac-

1178 394 1243 450 lN
1282 396 1461 453 ACTA
1504 396 2025 459 APOSTOLORUM.
2068 402 2299 460 llOMlL.
2342 404 2483 461 XIV.

3371 423 3475 481 “8

1871 518 2152 585 condatur,
2182 521 2275 575 sed
2302 530 2429 577 ante
2457 524 2756 595 comprime
2788 546 2801 582 :
2845 544 2913 585 ne
2957 532 3126 587 feram
3158 539 3466 602 exacerbes,

1873 626 1974 665 nec
2016 614 2327 669 exacerbari
2377 617 2563 671 sinas:
2618 635 2724 675 non
2780 626 2982 692 poteris
3029 642 3377 695 compescere
3428 635 3471 689 si

1871 702 2085 760 ﬂamma
2129 708 2474 764 accendatur.
2506 710 2643 778 Quid
2675 714 2820 769 enim
2843 715 3013 775 dixit?
3054 718 3227 778 Stulte
3260 732 3315 776 et
3347 724 3477 778 insi—

1872 794 2065 864 piens?
2120 798 2253 853 Uter
2308 802 2474 855 verbo
2525 803 2793 860 obnoxius
2844 818 2964 874 est,
3022 814 3110 880 qui
3168 814 3356 879 audit,
3404 831 3472 870 an

1870 890 1959 958 qui
1989 888 2157 944 dicit?
2186 892 2286 947 Hic
2312 910 2563 964 namque,
2591 908 2645 952 et
2666 899 2711 953 si
2744 901 2899 957 valde
2922 904 3137 973 sapiens
3165 907 3253 971 sit,
3280 909 3477 965 stultus
3517 926 3520 929 '

1870 985 2237 1052 reputabitur;
2288 986 2379 1042 ille
2430 1003 2593 1054 vero,
2650 994 2750 1047 etsi
2794 995 3085 1051 admodum
3139 1000 3335 1056 stultus
3367 1004 3472 1068 sit,

1869 1077 2084 1144 sapiens
2114 1087 2167 1131 et
2196 1079 2547 1151 philosophus
2580 1082 2885 1139 habebitur.
2910 1088 3063 1153 Uter,
3097 1106 3304 1159 qumso,
3337 1095 3475 1148 stul-

1872 1174 1957 1220 tus
1982 1208 1995 1230 ,
2028 1168 2118 1237 qui
2147 1168 2301 1224 alteri
2331 1170 2535 1240 profert
2561 1189 2623 1228 ea
2650 1190 2771 1245 quae
2810 1193 2917 1231 non
2967 1189 3093 1234 sunt
3116 1223 3131 1248 ,
3179 1198 3247 1236 an
3291 1184 3337 1238 is
3383 1186 3475 1255 qui

1868 1273 2044 1327 neque
2070 1259 2149 1315 sic
2175 1264 2466 1317 movetur?
2495 1265 2628 1320 Nam
2661 1267 2707 1321 si
2735 1268 3041 1340 philosoiihi
3093 1284 3177 1327 est
3196 1317 3210 1337 ,
3256 1277 3469 1331 etiamsi

1867 1352 2131 1422 inciteris,
2162 1372 2270 1410 non
2301 1360 2542 1427 moveri;
2590 1364 2809 1418 nomine
2847 1376 3098 1422 movente
3126 1373 3469 1441 exasperari,

1866 1455 2081 1515 quanta:
2109 1447 2427 1516 insipientia:
2456 1450 2654 1507 fuerit?
2680 1453 2927 1510 Nondum
2959 1457 3080 1514 dico
3099 1502 3112 1525 ,
3146 1479 3267 1532 qua:
3314 1480 3472 1534 ptena

1866 1540 2099 1607 reposita
2166 1540 2237 1594 sit
2287 1541 2385 1611 iis,
2440 1545 2529 1614 qui
2587 1545 2638 1599 in
2698 1549 3001 1616 proximum
3060 1557 3353 1623 opprobria
3418 1566 3474 1611 et

1866 1631 2179 1701 blasphema
2207 1635 2348 1691 dicta
2368 1638 2670 1707 proferunt.
2692 1641 2799 1697 Sed
2828 1645 2992 1713 quid?
3014 1647 3377 1717 ignobilemne
3405 1669 3470 1707 ex

1866 1722 2189 1792 ignobilibus
2212 1726 2367 1794 dixit,
2390 1738 2447 1785 et
2467 1730 2628 1787 vilem
2656 1749 2721 1788 ex
2747 1736 2939 1791 vilibus
2962 1741 3180 1794 ortum?
3203 1742 3399 1797 lterum
3422 1746 3473 1800 in

1863 1818 2099 1884 seipsum
2133 1822 2295 1875 vertit
2323 1826 2693 1893 opprobrium.
2727 1828 2861 1884 Nam
2909 1832 3000 1887 ille
3038 1836 3257 1905 quidem
3304 1840 3474 1894 hono-

1865 1908 2048 1963 rabilis
2073 1927 2136 1965 ac
2160 1916 2492 1971 reverendus
2524 1922 2824 1988 apparebit,
2852 1923 2936 1978 hic
2958 1941 3088 1981 vero
3131 1929 3256 1984 vilis
3286 1948 3298 1981 :
3351 1933 3475 1987 talia

1863 2002 2008 2056 enim
2041 2005 2092 2057 in
2124 2010 2475 2075 opprobrium
2505 2012 2774 2081 proferre,
2803 2020 3021 2086 generis
3069 2038 3263 2094 nempe
3292 2025 3471 2079 vilita-

1866 2103 1995 2157 tem,
2023 2097 2197 2164 pusilli
2227 2109 2310 2153 est
2349 2103 2536 2179 animi.
2578 2103 2674 2159 llle
2704 2122 2836 2161 vero
2867 2126 3091 2180 magnus
3130 2123 3183 2168 et
3215 2118 3476 2172 mirabilis

1862 2197 1981 2253 est,
2014 2189 2105 2257 qui
2131 2190 2261 2244 nihil
2294 2194 2400 2247 tale
2438 2197 2636 2250 sentiat
2661 2240 2676 2263 ,
2727 2200 2821 2254 sed
2857 2203 2927 2257 ita
2956 2204 3183 2260 affectus
3214 2208 3287 2261 sit
3321 2225 3384 2263 ac
3428 2213 3473 2265 si

1863 2281 2176 2345 audivisset,
2203 2298 2261 2338 se
2288 2287 2488 2356 aliquid
2518 2292 2800 2347 excellens
2824 2309 2935 2363 prae
2966 2297 3088 2352 aliis
3121 2299 3341 2355 habere.
3367 2302 3473 2357 Sed

1863 2374 2135 2429 mtechum
2158 2386 2213 2430 et
2241 2378 2437 2433 similia
2459 2380 2648 2436 dicet?
2678 2385 2771 2438 Hic
2799 2386 3079 2442 ridendum
3108 2401 3226 2446 est:
3259 2394 3476 2463 quando

1863 2465 2005 2519 enim
2036 2468 2365 2524 conscientia
2398 2488 2505 2527 non
2543 2477 2765 2545 pungit,
2817 2479 2996 2534 nulltts
3026 2493 3110 2536 eSt
3154 2484 3248 2538 irae
3299 2486 3469 2543 locus.

1864 2554 1919 2611 Si
1947 2558 2152 2629 cogites
2182 2578 2343 2626 vero,
2375 2581 2533 2634 quam
2567 2567 2706 2623 foeda
2738 2579 2793 2623 et
2823 2572 2963 2626 mala
2996 2576 3157 2629 verba
3191 2578 3471 2648 proferat,

1864 2663 2038 2719 neque
2069 2654 2148 2707 sic
2188 2664 2273 2709 est
2321 2656 2643 2713 dolendum.
2675 2660 2807 2716 Nam
2860 2666 3005 2734 quod
3042 2669 3238 2739 cuique
3290 2685 3471 2741 postea

1865 2755 2050 2798 notum
2080 2744 2318 2803 futurum
2341 2760 2479 2817 erat,
2502 2753 2605 2808 hoc
2628 2754 2739 2823 jam
2771 2756 2886 2826 ipse
2910 2760 3207 2815 revelavit:
3243 2765 3475 2836 indeque

1864 2839 2115 2894 omnibus
2135 2856 2195 2896 se
2213 2842 2317 2898 fide
2340 2845 2615 2914 indignum
2635 2852 2935 2919 constituit,
2957 2863 3145 2924 utpote
3162 2859 3251 2927 qui
3275 2859 3475 2915 nescie-

1863 2930 1931 2983 rit
1962 2934 2191 2999 proximi
2237 2948 2460 3004 peccata
2505 2952 2724 3011 tegere;
2759 2959 2925 3015 seque
2954 2950 3123 3020 magis
3154 2951 3360 3020 pudore
3388 2953 3471 3009 af-

1865 3019 1990 3075 fecit
2013 3065 2027 3089 ,
2057 3040 2214 3093 quam
2267 3030 2469 3096 alium;
2502 3048 2721 3089 omnem
2747 3038 3014 3095 obstruxit
3053 3019 3277 3113 portum
3298 3088 3313 3111 ,
3353 3064 3470 3116 pa:-

1864 3129 2067 3185 nasque
2091 3118 2189 3171 sibi
2216 3136 2408 3190 graves
2430 3125 2482 3178 in
2511 3125 2691 3181 futuro
2711 3129 2917 3199 judicio
2939 3140 3168 3203 paravit.
3188 3139 3304 3194 Non
3328 3145 3471 3197 cnim

1863 3207 2027 3272 hunc,
2058 3221 2115 3264 ut
2168 3212 2315 3266 illum
2368 3221 2764 3276 aversabuntur
2816 3240 3043 3293 omnes,
3091 3233 3181 3300 qui
3242 3236 3469 3303 tegenda

1862 3303 2205 3359 revelaverit.
2232 3306 2310 3360 Tu
2351 3325 2569 3366 verone
2599 3317 2809 3370 reveles
2832 3334 2895 3372 ea
2919 3360 2933 3383 ,
2962 3336 3193 3391 quorum
3222 3330 3474 3383 conscius

1861 3412 1961 3463 es;
1991 3398 2084 3452 sed
2112 3410 2249 3467 tace,
2282 3402 2325 3455 si
2356 3404 2436 3458 vis
2460 3405 2657 3460 bonam
2687 3408 2887 3466 habere
2917 3411 3133 3470 famam.
3162 3417 3281 3472 Non
3311 3421 3474 3476 modo

1860 3495 2005 3547 enim
2036 3495 2353 3563 subvertes,
2387 3507 2444 3552 et
2474 3509 2623 3571 teges
2650 3519 2711 3558 ea
2731 3546 2746 3570 ,
2777 3521 2898 3575 qua:
2928 3508 3070 3564 dicta
3101 3522 3263 3579 sunt,
3294 3516 3389 3570 sed
3418 3525 3475 3571 et

1861 3585 2002 3640 aliud
2030 3587 2230 3643 bonum
2279 3594 2633 3661 operaberis:
2670 3613 2776 3651 non
2816 3601 2927 3668 jam
2957 3601 3120 3657 facies
3149 3616 3337 3661 contra
3389 3619 3471 3663 tc-

1862 3678 2035 3747 ipsum
2066 3681 2192 3736 ferri
2214 3686 2560 3741 sententiam.
2584 3689 2703 3745 Tibi
2731 3692 2999 3763 quispiam
3032 3700 3346 3757 maledicit?
3379 3705 3474 3760 Dic

1863 3779 1918 3825 tu
1948 3788 1961 3824 :
1991 3774 2047 3827 Si
2074 3777 2255 3830 omnia
2287 3789 2491 3844 nosset,
2516 3797 2626 3836 non
2656 3782 2773 3839 haec
2800 3788 2975 3841 solum
3005 3790 3249 3848 dixisset.
3285 3798 3476 3851 Admi-

1859 3864 1963 3917 rati
2006 3866 2137 3920 estis
2191 3883 2313 3922 cum
2362 3880 2583 3941 stupore
2637 3876 2688 3929 id
2728 3878 2870 3947 quod
2923 3881 3074 3936 dixi?
3118 3885 3225 3940 Sed
3276 3890 3472 3945 imitari

1859 3966 2093 4024 oportet.
2127 3959 2254 4013 ideo
2286 3962 2430 4017 enim
2460 3964 2577 4021 lucc
2606 3970 2809 4035 omnia,
2840 3988 2960 4042 qua:
2999 3976 3069 4029 ab
3116 3983 3316 4035 exteris
3343 3999 3469 4053 pro~

1861 4048 1966 4102 lata
1997 4059 2163 4117 sunt,
2205 4052 2475 4120 diximus,
2528 4074 2639 4113 non
2664 4062 2809 4132 quod
2841 4066 3135 4137 Scriptura:
3187 4048 3505 4131 innumera—

1861 4142 1984 4197 talia
2021 4160 2128 4199 non
2162 4145 2431 4215 habeant;
2462 4152 2555 4205 sed
2583 4155 2728 4223 quod
2761 4155 2879 4212 lucc
2919 4163 3091 4230 magis
3122 4168 3329 4233 possint
3376 4185 3473 4238 pu-

1857 4233 1989 4290 dore
2016 4237 2348 4297 suffundere.
2380 4241 2513 4297 Nam
2544 4244 2825 4315 Scriptura
2854 4266 3067 4322 quoque
3096 4256 3164 4309 ad
3208 4233 3469 4327 pudor-cm

1860 4331 2117 4389 inducere
2145 4338 2313 4401 solet,
2363 4348 2421 4391 ut
2449 4353 2570 4393 cum
2602 4341 2732 4396 dicit
2764 4364 2777 4399 :
2830 4344 3021 4402 Nonne
3048 4363 3097 4403 et
3140 4356 3326 4407 ethnici
3375 4358 3471 4412 hoc

1859 4426 2052 4495 faciunt
2084 4427 2296 4499 (Matth.
2329 4433 2382 4486 5.
2413 4435 2543 4505 4'7)?
2566 4436 2836 4508 Propheta
2867 4458 2998 4499 vero
3037 4445 3302 4506 Jcremias
3333 4453 3470 4508 filios

1856 4516 2076 4573 Rechab
2104 4523 2156 4575 in
2180 4525 2413 4578 medium
2438 4527 2660 4583 adduxit
2683 4530 2817 4600 (Jer.
2849 4535 2939 4589 55.
2965 4536 3043 4609 5),
3072 4541 3161 4609 qui
3186 4554 3467 4611 paternum

1858 4622 2185 4682 prmceptum
2242 4619 2545 4689 transgredi
2601 4624 2911 4680 noluerunt.
2980 4630 3258 4689 Maledixit
3304 4638 3468 4694 Maria

1856 4704 2023 4777 Moysi
2052 4705 2237 4778 (Num.
2269 4710 2357 4781 12)
2390 4730 2402 4764 :
2436 4721 2491 4767 at
2522 4714 2611 4768 ille
2635 4718 2816 4772 statim
2848 4736 3064 4789 ptenam
3098 4726 3165 4779 ab
3194 4727 3306 4796 ipsa
3342 4747 3465 4799 pre-

1854 4800 2006 4855 cibus
2030 4805 2243 4871 avertit,
2270 4821 2446 4876 neque
2476 4813 2748 4866 concessit
2776 4826 2833 4868 ut
2859 4817 3109 4883 sciretur,
3142 4836 3201 4875 se
3231 4824 3466 4879 vindica?

1855 4902 1965 4947 tum
1998 4894 2181 4951 fuisse.
2234 4901 2428 4954 Atnos
2461 4916 2564 4955 noo
2625 4905 2743 4965 sic;
2796 4909 2889 4962 sed
2938 4911 3038 4964 hoc
3091 4917 3323 4971 maxime
3377 4936 3467 4971 vo-

1854 4984 2077 5053 lumus,
2146 4998 2201 5041 ut
2240 4991 2439 5046 sciatur
2498 4995 2748 5064 injuriam
2812 5015 2914 5053 non
2982 5004 3203 5059 inultam
3277 5008 3461 5065 fuisse.

1852 5078 2141 5148 Quousque
2168 5081 2234 5135 de
2265 5094 2403 5137 terra
2428 5088 2796 5154 spirabimus?
2825 5092 2942 5146 Non
2977 5106 3151 5161 potest
3183 5115 3355 5166 pugna
3398 5121 3461 5155 ex

1853 5187 1955 5224 una
2008 5174 2181 5227 solum
2233 5188 2381 5243 parte
2430 5192 2698 5233 constare.
2745 5182 3006 5239 Furentes
3057 5190 3099 5240 si
3142 5207 3205 5242 ex
3240 5203 3461 5262 utraqm

1851 5275 2002 5334 parte
2054 5269 2233 5321 trahas
2262 5311 2274 5331 ,
2312 5273 2479 5340 magis
2509 5278 2892 5341 cxasperabis;
2927 5280 2969 5331 si
3012 5296 3040 5332 a
3069 5282 3289 5338 dextera
3321 5290 3402 5341 vel
3433 5308 3461 5343 a

1849 5359 2065 5413 sinistra
2089 5402 2101 5423 ,
2139 5360 2372 5415 furorem
2404 5368 2727 5436 exsanguis.
2749 5372 2847 5435 Qui
2882 5389 2985 5426 non
3013 5379 3300 5444 patientem
3336 5398 3460 5435 vcr-

1849 5451 2020 5515 berat,
2052 5454 2220 5523 magis
2246 5457 2556 5524 extollitur;
2587 5462 2673 5529 qui
2708 5462 2988 5518 cedentem
3018 5508 3030 5529 ,
3068 5474 3237 5539 magis
3264 5473 3462 5527 dissol-

1848 5545 2009 5608 vitur,
2041 5548 2167 5599 etin
2215 5549 2388 5616 ipsum
2421 5551 2571 5620 plaga
2602 5560 2953 5610 convertitur.
2982 5560 3098 5615 Non
3134 5564 3202 5615 ita
3228 5579 3454 5637 autago-

1849 5639 2002 5693 nistze
2038 5641 2140 5692 vim
2167 5652 2384 5709 superat
2410 5645 2491 5697 vir
2520 5648 2569 5699 in
2604 5650 2749 5702 omni
2785 5667 2972 5721 pugna.-
2998 5672 3194 5723 genere
3225 5662 3448 5726 peritus,

1847 5750 1903 5792 ut
1933 5742 2022 5807 qui
2076 5742 2267 5811 injuria
2306 5743 2581 5812 afficitur,
2626 5744 2723 5801 nec
2776 5753 3041 5819 rependit.
3096 5754 3453 5812 Adversarius

1845 5833 1988 5886 enim
2018 5850 2138 5888 cum
2172 5836 2375 5905 pudore
2406 5837 2633 5893 discedit
2661 5842 3011 5911 improbatus,
3069 5849 3241 5916 primo
3265 5866 3292 5902 a
3326 5866 3453 5918 pro-

1842 5928 1956 5997 pn'a
1985 5931 2333 6003 conscientia,
2384 5934 2621 5991 secundo
2670 5952 2698 5991 a
2730 5943 3123 6008 Spectatoribus
3168 5946 3439 6000 omnibus.
