4078 6318
663 506 862 575 Estque
881 502 933 558 in
964 500 1247 572 proverbio
1266 498 1533 569 vulgatum
1566 495 1702 564 :Qui
1726 495 2046 559 honorat,se
2067 491 2240 562 ipsum

666 597 914 652 honorat.
943 595 1081 662 Ergo
1107 602 1160 647 et
1183 589 1605 646 contumeliosus
1629 587 1728 642 sibi
1759 585 1858 656 ipsi
1890 584 2008 638 talis
2036 592 2139 638 est.

731 683 896 738 Nemo
913 686 1112 739 traditur
1135 684 1232 738 ηιεί
1259 699 1290 735 ιι
1316 683 1576 750 seipso.—-
1596 679 1764 733 Nemo
1790 692 1888 731 nos
1921 675 2115 730 laedere
2141 688 2238 743 po-

658 775 802 839 terit,
824 775 1015 829 iterum
1032 773 1172 839 dico,
1194 774 1294 828 nisi
1313 788 1409 828 nos
1431 771 1565 841 ipsi;
1588 785 1685 825 nec
1703 770 1819 840 quis
1843 782 1927 822 me
1951 781 2239 836 pauperem

658 867 838 931 faciet,
870 867 968 921 nisi
984 866 1232 937 egoipse.
1256 866 1370 935 Age
1393 878 1544 934 ergo,
1577 863 1653 917 sic
1672 877 1782 916 rem
1806 858 2198 932 perpendamus
2222 877 2235 914 :

655 959 721 1012 sit
737 956 864 1012 mihi
877 957 1054 1012 anima
1071 971 1287 1026 pauper,
1302 963 1354 1010 et
1372 969 1559 1008 omnes
1575 945 1702 1007 milii
1723 951 1970 1020 pecunias
1989 958 2232 1020 erogent;

653 1049 779 1118 quid
801 1048 924 1104 inde
940 1049 963 1103 τ
981 1049 1157 1104 Donec
1173 1047 1261 1102 illa
1288 1055 1546 1107 mutetur,
1569 1044 1747 1100 omnia
1776 1043 1968 1098 frustra
1994 1051 2136 1096 sunt.
2160 1041 2240 1095 Sit

655 1142 834 1196 anima
851 1141 979 1195 mihi
1003 1155 1210 1211 magna,
1231 1147 1286 1194 ct
1303 1138 1481 1194 cuncti
1510 1135 1763 1209 pecunias
1783 1150 1930 1189 meas
1951 1134 2234 1203 accipiant;

653 1236 780 1305 quid
814 1234 970 1290 inde?
1001 1236 1178 1289 Donec
1205 1233 1348 1287 illam
1376 1247 1479 1286 non
1512 1244 1797 1300 pauperem
1829 1227 2018 1282 reddas
2039 1269 2054 1292 ,
2105 1225 2236 1279 nihil

656 1325 783 1382 hinc
803 1326 1002 1380 damni.
1032 1325 1114 1380 Sit
1134 1325 1260 1379 mihi
1283 1324 1488 1394 impura
1519 1323 1624 1376 vita
1648 1360 1665 1387 ,
1690 1329 1744 1375 et
1763 1334 1950 1374 omnes
1971 1317 2237 1372 contraria

656 1418 724 1472 de
743 1431 827 1472 me
843 1416 1039 1482 dicant;
1063 1417 1190 1489 quid
1220 1415 1375 1470 inde?
1400 1414 1548 1469 Licet
1568 1413 1768 1475 dicant,
1791 1419 1845 1464 at
1863 1424 1966 1464 non
1992 1409 2043 1464 in
2062 1417 2237 1463 mente

652 1507 970 1577 approbant.
992 1508 1217 1561 ltursum
1237 1508 1304 1560 sit
1322 1505 1451 1559 mihi
1470 1504 1572 1557 vita
1585 1517 1738 1572 pura,
1757 1510 1810 1553 et
1825 1513 2012 1553 omnes
2030 1506 2240 1550 contra-

652 1598 940 1662 riadicant;
965 1599 1158 1668 etquid
1184 1597 1306 1652 inde
1327 1597 1498 1652 ?Nam
1531 1597 1581 1648 in
1612 1593 1937 1649 conscientia
1969 1606 2062 1646 sua
2082 1591 2131 1644 id
2154 1593 2238 1644 da-

653 1701 869 1745 mnant:
895 1705 1000 1744 non
1023 1691 1164 1744 enim
1195 1691 1433 1759 persuasi
1456 1688 1657 1742 dicunt.
1675 1685 1743 1742 Ut
1760 1687 1900 1741 enim
1925 1684 2106 1738 laudes
2131 1698 2236 1736 non

653 1789 863 1849 oportet
891 1780 1193 1846 admittere,
1223 1781 1300 1834 sic
1330 1795 1428 1834 nec
1457 1781 1840 1834 accusationes.
1875 1775 1938 1830 Et
1983 1790 2090 1856 cur.
2123 1774 2238 1829 haec

654 1871 815 1927 dico?
853 1872 1020 1928 Nemo
1063 1875 1216 1928 nobis
1253 1889 1502 1942 umquam
1536 1870 1773 1925 insidiari
1804 1868 2032 1938 poterit,
2067 1881 2237 1937 neque

653 1964 992 2018 accusatione
1031 1962 1452 2025 circumvenire,
1509 1961 1553 2015 si
1606 1961 1954 2014 voluerimus.
2006 1957 2118 2011 Hoc
2165 1958 2233 2010 ita

656 2053 1058 2109 consideremus
1093 2075 1106 2109 :
1139 2055 1310 2109 trahat
1339 2070 1436 2109 nos
1465 2054 1586 2124 quis
1609 2052 1674 2107 ad
1703 2051 1878 2106 forum
1900 2090 1915 2115 ,
1945 2049 2239 2113 calumnie-

657 2153 744 2198 tur
768 2160 783 2210 ;
816 2145 859 2199 si
885 2147 964 2200 vis
990 2187 1004 2210 ,
1031 2154 1086 2200 et
1107 2145 1344 2200 animum
1373 2145 1562 2200 efferat
1587 2160 1602 2208 ;
1636 2153 1688 2198 et
1715 2142 1842 2213 quid
1869 2142 1970 2196 hoc
1992 2181 2009 2206 ,
2033 2141 2076 2195 si
2103 2156 2238 2209 pau-

655 2234 820 2304 lisper
865 2235 979 2289 haec
1028 2237 1292 2291 immerito
1340 2234 1518 2290 feras?
1546 2234 1657 2289 Hoc
1682 2235 1854 2304 ipsum
1886 2232 2082 2286 malum
2117 2240 2234 2298 est,

652 2326 880 2396 inquies.
932 2327 1045 2384 Hoc
1087 2329 1261 2398 ipsum
1299 2315 1495 2383 bonum
1535 2336 1616 2383 est
1643 2329 1660 2358 ¹
1687 2368 1701 2392 ,
1758 2325 1899 2396 quod
1942 2326 2239 2379 immeritus

653 2418 889 2486 patiaris.
937 2419 1039 2474 Sed
1103 2419 1274 2489 quid?
1326 2436 1391 2473 an
1441 2419 1687 2474 meritum
1737 2418 1842 2487 pati
1914 2415 2236 2486 oportebat?

651 2509 862 2580 Aliquid
877 2511 1066 2565 iterum
1078 2513 1249 2566 dicam
1271 2529 1282 2563 :
1307 2510 1664 2580 Philosophus
1677 2509 1890 2580 quidam
1905 2518 2233 2573 exterorum,

660 2608 719 2654 ut
742 2601 944 2655 audivit
982 2604 1284 2671 quempiam
1329 2602 1527 2656 obiisse
1549 2643 1563 2665 ,
1597 2616 1718 2656 cum
1747 2601 1960 2670 quidam
1985 2616 2048 2654 ex
2072 2600 2235 2653 disci-

656 2693 795 2760 pulis
823 2693 1023 2748 diceret
1065 2695 1199 2762 ipsi,
1235 2693 1325 2746 V:e
1353 2692 1513 2758 mihi,
1545 2691 1672 2762 quia
1721 2692 1917 2759 injuste
1944 2707 1958 2755 ;
1994 2691 2082 2745 ille
2110 2706 2239 2744 con-

652 2799 871 2850 versus,
918 2785 1023 2841 Sed
1069 2785 1225 2854 quid,
1268 2786 1373 2851 ait,
1428 2800 1495 2838 an
1538 2784 1684 2853 justc
1727 2782 1989 2838 voluisses
2028 2779 2141 2852 (a)?
2169 2781 2237 2835 Et

715 2942 732 2971 ί
758 2939 922 3012 Morel.
950 2939 1090 3002 legit,
1117 2940 1298 3012 rnatum
1330 2947 1403 3012 est
1423 2954 1451 3012 ;_
1479 2953 1591 3005 quae
1625 2939 1773 2990 lectio
1803 2939 2063 3012 guadrabit
2082 2940 2124 2988 si
2156 2939 2233 3012 i_n-

655 3004 954 3071 terrogantis
976 3016 1112 3051 more
1137 3002 1214 3051 hic
1251 3002 1521 3071 proferatur
1545 3013 1702 3071 :_lu_nc
1735 3002 1864 3071 enim
1896 3003 1968 3051 sic
1995 3009 2131 3071 totus
2147 3002 2235 3071 nlo-

663 3076 749 3125 cus
773 3061 972 3113 habebit
998 3078 1009 3112 :
1039 3073 1136 3113 Hoc
1163 3061 1345 3113 niuium
1369 3072 1437 3114 est
1460 3066 1585 3125 quod
1621 3064 1887 3114 immeritus
1919 3062 2122 3125 patiaris
2145 3061 2168 3112 ?

718 3124 790 3187 (a)
818 3125 872 3174 in
906 3126 1033 3174 hunc
1065 3125 1222 3174 locum
1255 3127 1361 3174 haec
1392 3123 1542 3176 habet
1565 3135 1802 3175 Dounazus
1824 3126 1872 3173 in
1904 3123 2030 3174 Edit.
2057 3123 2232 3174 savil.:

1379 383 1435 441 S.
1475 381 1748 441 JOANNIS
1789 376 2261 436 CllllYSOSTOMl
2301 375 2620 438 ARCHIEP.
2659 377 3192 436 CONSTANTINOP.

3825 385 3930 441 120

2351 491 2584 547 Joannes
2604 508 2783 549 nonne
2805 494 2999 564 injuste
3022 504 3265 549 mortuus
3286 497 3402 550 est?
3423 494 3590 562 Quem
3610 513 3737 569 ergo
3759 502 3927 570 magis

2345 586 2656 655 miseraris,
2703 602 2899 641 eumne
2945 588 3034 657 qui
3084 587 3250 658 jnste,
3300 604 3366 641 an
3406 604 3527 644 eum
3573 591 3661 660 qui
3691 592 3930 660 injuste’

2345 692 2523 732 nonne
2565 675 2710 732 hunc
2750 678 3004 732 miserum
3039 678 3177 734 dicis
3199 721 3214 746 ,
3244 680 3391 734 illum
3421 695 3549 734 vero
3585 683 3793 736 beatum
3818 689 3844 736 τ
3874 683 3928 737 ιιι

2345 784 2450 838 quo
2474 783 2601 841 ergo
2623 769 2833 824 lzeditur
2856 772 3015 825 homo
3036 786 3065 825 a
3083 784 3277 838 morte,
3308 775 3395 842 qui
3420 775 3642 828 multum
3669 775 3927 840 lucratur,

2345 862 2538 918 nedum
2561 863 2685 933 quid
2708 863 2886 918 damni
2913 865 3143 920 referat?
3167 866 3298 920 Nam
3321 869 3366 922 si
3395 883 3458 922 ex
3488 869 3768 923 immortali
3794 885 3923 923 mor-

2346 956 2503 1010 talem
2534 955 2770 1025 fecisset,
2787 957 2922 1013 forte
2939 959 3190 1015 damnum
3208 971 3379 1025 esset;
3405 963 3448 1016 si
3473 978 3600 1017 vero
3622 965 3926 1027 mortalem,

2344 1061 2397 1104 et
2420 1064 2484 1105 ex
2510 1059 2697 1105 natura
2717 1067 2811 1104 sua
2839 1052 2996 1122 paulo
3024 1055 3473 1122 postmoriturum
3508 1054 3781 1111 festinavit
3802 1074 3927 1112 cum

2343 1139 2509 1210 gloria
2539 1140 2806 1196 abducere
2831 1183 2847 1208 ,
2881 1142 3008 1212 quid
3039 1143 3163 1199 hinc
3190 1145 3403 1200 damni?
3426 1145 3504 1201 Sit
3536 1148 3687 1202 nobis
3716 1150 3934 1203 animus

2346 1244 2492 1289 recte
2538 1237 2886 1304 compositus,
2933 1246 2988 1291 et
3039 1239 3237 1292 nullum
3293 1241 3624 1294 extrinsecus
3673 1242 3929 1298 damnum

2344 1325 2613 1381 adveniet.
2668 1327 2773 1381 Sed
2825 1343 2930 1382 non
2956 1345 3015 1384 es
3063 1330 3113 1384 in
3139 1332 3308 1400 gloria
3332 1331 3356 1384 ?
3385 1331 3450 1385 Et
3479 1333 3604 1402 quid
3629 1336 3768 1390 hoc?
3791 1337 3929 1390 Nam

2346 1418 2487 1487 quod
2540 1418 2591 1471 in
2638 1419 2827 1488 opibus
2851 1463 2866 1486 ,
2901 1422 3129 1491 idipsum
3163 1425 3211 1478 in
3240 1426 3404 1494 gloria
3437 1436 3537 1481 est.
3567 1427 3622 1482 Si
3648 1430 3787 1483 enim
3818 1447 3935 1486 nia-

2342 1507 2568 1578 gnificus
2609 1509 2761 1565 fuero
2783 1553 2797 1574 ,
2843 1513 2990 1566 nullo
3028 1530 3163 1586 opus
3190 1515 3427 1581 habebo;
3457 1520 3539 1572 sin
3569 1535 3716 1574 vanae
3743 1523 3933 1592 glori-.0

2345 1600 2571 1670 cupidus
2607 1643 2622 1665 ,
2679 1614 2880 1672 quanto
2932 1606 3079 1674 plura
3128 1621 3444 1677 consequar,
3497 1620 3643 1665 tanto
3687 1613 3934 1681 pluribus

2346 1694 2537 1762 egebo.
2586 1694 2735 1751 Tunc
2784 1713 2911 1752 vero
2953 1700 3287 1768 splendidior
3335 1720 3428 1758 ero
3472 1717 3524 1759 et
3565 1709 3752 1776 majori
3783 1710 3934 1763 fruar

2344 1789 2508 1857 gloria
2537 1832 2554 1856 ,
2585 1791 2628 1844 si
2657 1791 2883 1861 gloriam
2911 1807 3307 1865 contempsero.
3356 1798 3480 1854 H330
3509 1816 3628 1855 cum
3659 1805 3897 1860 sciamus
3915 1847 3930 1867 ,

2344 1883 2569 1950 gratiam
2605 1884 2897 1942 habeamus
2926 1885 3139 1944 Christo
3170 1891 3280 1946 Deo
3309 1904 3515 1960 nostro,
3549 1897 3635 1963 qui
3665 1899 3822 1952 talem
3856 1902 3934 1951 v-i-

2347 1984 2454 2028 tam
2497 1975 2649 2031 nobis
2680 1978 2902 2048 largitus
2929 1990 3010 2034 est
3031 2021 3045 2043 ,
3079 1992 3132 2036 et
3164 1983 3306 2038 illam
3333 1985 3589 2042 adeamus
3614 1989 3678 2042 ad
3703 1991 3930 2060 gloriam

2346 2068 2550 2136 ipsius:
2597 2071 2718 2139 quia
2764 2071 2934 2141 ipsum
2963 2072 3121 2129 decet
3155 2075 3326 2145 gloria
3375 2094 3495 2132 cum
3540 2079 3699 2138 Patre
3732 2085 3935 2150 princi-

2347 2160 2435 2228 pio
2465 2172 2681 2215 carente
2707 2204 2722 2229 ,
2754 2172 2809 2218 et
2833 2175 3020 2220 sancto
3047 2166 3246 2237 Spiritu
3273 2169 3388 2238 ejus
3412 2212 3428 2237 ,
3458 2171 3511 2226 in
3535 2175 3729 2228 sarcula
3760 2192 3934 2231 sarcu-

2347 2252 2538 2306 lorum.
2569 2256 2759 2309 Amen.

2353 2463 2374 2491 ι
2396 2447 2490 2497 Sed
2529 2446 2700 2520 quid}
2733 2463 2797 2500 an
2828 2452 2962 2520 juste
3000 2455 3224 2509 voluisses
3247 2457 3273 2507 .’
3293 2475 3316 2504 ι
3351 2470 3467 2512 mea
3506 2466 3711 2517 socratis
3735 2478 3844 2518 sunt
3867 2471 3939 2520 ad

2343 2511 2709 2582 amarent‘perba
2727 2552 2738 2568 .
2764 2511 3005 2582 utlrefert
3035 2520 3249 2570 Laertius
3268 2561 3281 2580 ,
3306 2522 3355 2572 in
3399 2511 3937 2581 roa'sb‘cia'a".3"cfzi.}i

2344 2571 2809 2653 ειεξρςΔῘΙέὶιᾳῇιξςζςι.
2836 2571 3020 2653 Injilste
3053 2571 3293 2653 morgris';
3331 2571 3934 2653 Τυηὲξιᾶᾇᾶἰιῖὶἶιὲιιῗῖξζ

2577 2635 2828 2717 ﬂectentis
2869 2631 3129 2717 Uouqaeus.
3159 2631 3672 2717 Χεὴόριῇὁέίξὶιῖἕηῖῖᾴ

2345 2698 2810 2778 essetessent.
2866 2701 3084 2778 eadem
3107 2714 3267 2778 τειερεηι
3287 2698 3518 2778 causam;
3532 2698 3936 2778 sese

2347 2758 2513 2838 glorias,
2525 2760 2608 2838 id:
2619 2762 2838 2838 profane
2861 2758 3053 2838 Socrati.
3065 2768 3291 2838 addictus
3309 2808 3322 2831 ,
3349 2758 3393 2822 et
3428 2758 3938 2838 exg‘tiiiiE-E'Lrirﬁiiiiis

2343 2821 2862 2902 ῨΞῼᾟἜΕΞΑἯΕ
2882 2844 2909 2902 ί·
2931 2829 3183 2902 {eadem
3201 2845 3245 2902 .0
3283 2821 3631 2902 δὸςταὶεεῗιιρἱ
3652 2821 3790 2889 ὶνίίὶιῖί
3803 2821 3939 2902 ire:

2344 2883 2510 2959 scium
2533 2883 2723 2959 erigetur
2744 2883 3060 2959 intoleraaife,
3084 2883 3211 2952 quod
3234 2901 3280 2944 te
3311 2883 3939 2959 namni'iajisié";i{oi~iéii-

2344 2948 2514 3024 13E:
2526 2948 2720 3024 Anii-intr
2754 2955 2917 3024 alitem
2948 2948 3191 3024 Socrates,
3211 2955 3485 3024 Apollodori
3507 2948 3658 3022 ca'piti
3673 2948 3940 3017 blandiens

2722 3026 2747 3084 ει
2775 3019 2998 3084 Tune,__o
3019 3009 3284 3084 carissime,
3307 3031 3385 3084 me
3415 3021 3549 3082 fuste
3568 3009 3943 3084 maerebat;

2344 3070 3010 3150 gmzientent‘ci‘derer‘q‘altes
3040 3075 3106 3125 .9:
3147 3087 3200 3129 et
3224 3070 3352 3130 hunc
3373 3070 3540 3133 locum
3559 3070 3720 3150 nia-gis
3740 3070 3940 3140 {ideo}?

2348 3122 2713 3190 Chrysostomus
2736 3122 3028 3195 signiﬁcare.

2029 3323 2380 3386 HOMILIA
2424 3326 2565 3386 XV.

654 3469 781 3526 CAP.
823 3473 872 3526 6.
915 3487 970 3527 ν.
1015 3472 1066 3526 8.
1111 3471 1400 3542 Stephanus
1431 3481 1596 3526 autem
1625 3473 1799 3541 plenus
1831 3472 1931 3539 ﬁde
1973 3480 2019 3524 et
2051 3470 2233 3523 virtute

723 3563 937 3632 faciebat
959 3563 1190 3631 prodigia
1214 3572 1260 3615 et
1289 3563 1434 3631 signa
1465 3579 1647 3632 magna
1681 3563 1731 3615 in
1761 3562 1970 3633 populo.

725 3657 776 3711 1.
809 3655 874 3709 In
899 3656 1216 3710 ordinatione
1246 3657 1470 3725 Spiritus
1500 3667 1704 3710 sanctus
1734 3657 1949 3709 accedit.
1977 3685 2047 3695 —
2075 3655 2230 3720 Vide,

653 3748 920 3817 quomodo
950 3750 1088 3802 inter
1114 3760 1320 3817 septem
1349 3749 1468 3803 illos
1492 3765 1627 3802 unus
1654 3748 1964 3817 praecellens
1981 3758 2142 3812 esset,
2172 3764 2234 3803 ac

658 3839 857 3908 primas
889 3848 1113 3895 teneret.
1142 3841 1254 3895 Etsi
1281 3841 1421 3894 enim
1452 3840 1719 3894 ordinatio
1741 3842 2042 3896 communis
2068 3851 2231 3907 esset,

655 3941 708 3984 at
742 3930 828 3984 hic
871 3931 1125 3999 majorem
1170 3932 1394 3999 gratiam
1431 3933 1667 3985 attraxit.
1717 3933 1885 3986 Antea
1931 3947 2059 3986 vero
2085 3932 2233 4002 signa

654 4038 760 4077 non
806 4023 1067 4083 faciebat.
1098 4023 1192 4078 sed
1241 4025 1327 4080 ubi
1372 4023 1686 4078 manifestus
1734 4023 2233 4088 fuit;utostende-

656 4124 802 4170 retur
828 4132 932 4170 non
956 4116 1122 4170 solam
1154 4119 1376 4186 gratiam
1400 4115 1649 4170 sufficere
1669 4159 1683 4180 ,
1723 4116 1815 4170 sed
1846 4118 2232 4171 ordinationem

663 4209 894 4275 requiri,
928 4219 981 4262 ut
1011 4209 1242 4275 Spiritus
1266 4210 1508 4264 accessio
1538 4209 1643 4263 fiat.
1676 4209 1827 4278 Quod
1856 4211 1898 4263 si
1927 4221 2080 4263 antea
2111 4210 2233 4279 Spi-

659 4298 761 4351 ritu
807 4301 942 4368 pleni
993 4311 1177 4365 erant,
1220 4310 1273 4354 at
1324 4302 1374 4354 id
1429 4318 1457 4354 a
1503 4302 1733 4356 lavacro.
1788 4301 1840 4356 9.
1894 4302 2235 4356 Surrexerunt

657 4399 821 4442 autem
859 4392 1062 4458 quidam
1096 4392 1158 4445 de
1192 4410 1470 4464 synagoga.
1527 4391 2028 4449 Consurrectiouem
2080 4404 2235 4449 vocat

656 4483 1122 4538 cxacerbationem
1163 4496 1216 4539 et
1256 4487 1388 4539 iram
1433 4502 1638 4541 corum.
1683 4487 1778 4541 llic
1820 4488 1939 4542 vide
1988 4504 2233 4558 magnam

657 4575 1083 4639 multitudinem;
1121 4578 1229 4630 imo
1258 4578 1415 4632 aliam
1443 4581 1795 4633 accusationis
1820 4579 2067 4636 formam.
2101 4581 2232 4635 Nam

657 4676 935 4736 postquam
979 4666 1236 4722 Gamaliel
1280 4669 1393 4722 illos
1439 4670 1790 4733 cohibuerat,
1836 4687 1901 4725 ne
1949 4673 2044 4724 hac
2081 4673 2147 4725 de
2179 4689 2234 4726 re

655 4758 980 4823 incusarent,
1010 4760 1165 4812 aliam
1197 4759 1457 4814 inducunt
1484 4763 1901 4816 accusationem.
1931 4782 1948 4813 ς
1975 4762 2235 4817 διιιιεχευ

655 4859 781 4904 runt
794 4862 990 4914 autem,
1017 4853 1204 4920 inquit,
1229 4853 1440 4921 quidam
1461 4854 1526 4908 de
1551 4869 1838 4924 synagoga,
1867 4871 1982 4923 qum
2001 4857 2233 4923 appella-

659 4953 743 4996 tur
766 4941 1156 4996 Libertinorum
1176 4952 1229 4997 et
1246 4943 1624 5013 Cyrenensium
1647 4956 1699 5000 et
1719 4947 2228 5014 Alexandrinorum,

655 5045 709 5088 ct
738 5051 918 5088 eorum
938 5035 1024 5104 qui
1045 5044 1195 5089 erant
1216 5051 1281 5089 ex
1302 5035 1482 5090 Cilicia
1507 5045 1560 5089 et
1584 5039 1722 5099 Asia,
1749 5038 2081 5105 diSputantcs
2110 5057 2230 5093 cum

654 5127 962 5194 Stephano;
1000 5126 1083 5180 10.
1119 5135 1170 5178 ιιι
1192 5142 1295 5180 non
1331 5138 1578 5194 poterant
1605 5130 1857 5181 resistere
1879 5132 2151 5197 sapientia:
2183 5141 2234 5185 et

657 5217 895 5286 Spiritui,
919 5217 1009 5286 qui
1037 5218 1365 5285 loquebatur.
1387 5222 1407 5270 1
1427 5218 1470 5271 i.
1495 5218 1641 5272 Tunc
1661 5221 2040 5273 summiserant
2067 5222 2226 5286 viros,

657 5321 727 5376 qut
783 5309 1023 5363 dicerent
1072 5324 1130 5362 se
1170 5308 1434 5364 audivisse
1464 5326 1583 5365 eum
1622 5311 1889 5367 dicentem
1925 5313 2082 5366 verba
2116 5315 2232 5366 bla-

659 5400 909 5470 sphemia:
941 5401 989 5455 in
1021 5400 1256 5472 Moysem
1283 5409 1336 5454 et
1375 5402 1425 5455 in
1472 5403 1657 5458 Deum.
1692 5423 1711 5455 ι
1745 5403 1812 5459 Ut
1837 5406 2230 5460 accusationem

659 5494 955 5558 instituant,
983 5493 1177 5549 Contra
1210 5495 1395 5560 Deum,
1422 5497 1683 5564 inquiunt,
1707 5508 1761 5552 et
1786 5511 1968 5554 contra
1997 5500 2229 5571 Moyscm

659 5585 910 5652 loquitur.
951 5585 1072 5639 ideo
1112 5596 1287 5640 autem
1329 5587 1692 5656 disputabant,
1723 5601 1778 5643 ut
1816 5602 2067 5660 cogerent
2107 5609 2230 5646 eum

664 5675 858 5742 aliquid
906 5674 1166 5744 proferre.
1215 5677 1304 5731 Ille
1349 5693 1474 5732 vero
1519 5680 1715 5733 clarius
1773 5682 2126 5751 loquebatur,
2179 5696 2232 5738 et

659 5762 792 5818 forte
820 5767 946 5836 legis
974 5769 1323 5823 cessationem
1348 5779 1549 5824 tantum
1574 5771 1816 5836 diccbat;
1852 5775 1932 5827 vel
1962 5791 2063 5828 non
2088 5776 2231 5831 dicc-

662 5856 748 5909 bat
779 5859 989 5927 quidem
1060 5861 1151 5914 sed
1184 5861 1500 5917 insinuabat.
1537 5863 1665 5916 Nam
1695 5866 1736 5918 si
1769 5865 1937 5936 palam
1967 5868 2187 5922 dixisset
2211 5909 2226 5931 ,

2356 3492 2460 3530 non
2488 3493 2621 3548 opus
2663 3480 2851 3537 fuisset
2880 3485 3183 3541 subornatis
3213 3491 3340 3544 viris
3378 3507 3475 3546 nec
3498 3492 3642 3548 falsis
3680 3497 3934 3550 testibus.

2347 3569 2582 3625 Diversa:
2609 3584 2784 3628 autem
2809 3591 3091 3648 synagoga:
3113 3591 3287 3646 erant,
3316 3581 3708 3638 Libertinorum
3739 3600 3792 3641 et
3825 3590 3938 3659 (Zy-

2344 3664 2675 3718 renensium.
2750 3666 2856 3720 Sed
2931 3672 3270 3740 Cyrenenses
3342 3679 3477 3730 ultra
3542 3679 3936 3736 Alexandriam

2342 3765 2521 3819 sunt;
2549 3758 2636 3825 qui
2666 3768 2719 3812 et
2762 3760 2870 3815 illic
2908 3777 3003 3832 per
3043 3778 3229 3834 gentes
3275 3783 3570 3838 synagogas
3616 3755 3935 3840 habebant;

2342 3859 2403 3898 ac
2444 3848 2578 3901 forte
2627 3848 2735 3903 illic
2778 3854 3107 3917 manebant,
3160 3872 3224 3910 ne
3250 3872 3391 3926 sa-pe
3415 3864 3646 3931 migrare
3673 3878 3941 3933 cogeren-

2346 3949 2474 3992 tur:
2526 3940 2782 3996 Libertini
2835 3957 3050 4006 autem.
3104 3950 3464 4007 Romanorum
3513 3955 3686 4010 liberti
3734 3973 3936 4022 erant,

2342 4039 2394 4082 et
2426 4031 2502 4084 sic
2527 4034 3044 4108 appellabantur(a).
3073 4038 3138 4094 Ut
3170 4051 3344 4095 autem
3378 4044 3446 4096 ibi
3481 4047 3629 4099 multi
3661 4052 3937 4118 peregrini

2343 4125 2684 4191 habitabant,
2735 4131 2805 4185 ita
2849 4143 2903 4186 et
2950 4149 3244 4204 synagogas
3290 4138 3589 4203 habebant,
3645 4142 3697 4194 in
3735 4147 3940 4211 quibus

2341 4221 2621 4288 oportebat
2641 4231 2694 4275 et
2720 4223 2978 4279 lectiones
3005 4236 3058 4279 et
3084 4229 3354 4284 orationes
3387 4233 3522 4286 fieri.
3554 4233 3630 4286 'I‘u
3653 4252 3780 4290 vero
3803 4241 3939 4292 mihi

2343 4314 2642 4382 perpendas
2672 4317 2851 4382 velim,
2889 4320 3157 4386 quomodo
3184 4331 3237 4375 et
3264 4322 3349 4376 hic
3371 4335 3585 4379 coactus
3614 4328 3816 4384 docere
3845 4348 3942 4386 co-

2344 4417 2516 4472 netur,
2546 4416 2600 4462 et
2631 4408 2705 4462 illi
2736 4424 2948 4465 rursum
2977 4412 3046 4466 ob
3074 4413 3219 4482 signa
3250 4431 3354 4468 non
3388 4418 3547 4472 modo
3573 4420 3638 4473 ad
3668 4423 3938 4478 invidiam

2341 4501 2694 4568 concitentur,
2725 4502 2816 4557 sed
2842 4504 3023 4570 etiam,
3055 4506 3174 4573 quia
3204 4509 3365 4562 verbo
3386 4512 3689 4578 superabat,
3711 4524 3765 4567 et
3791 4516 3942 4569 into-

2344 4593 2577 4646 lerabilis
2605 4596 2730 4662 ipsis
2759 4606 2892 4660 erat,
2914 4595 3075 4651 falsos
3102 4608 3260 4654 testes
3287 4603 3630 4657 Constituant.
3664 4605 3940 4663 Nolebant

2341 4685 2480 4737 enim
2512 4687 2655 4740 illum
2685 4689 2800 4741 sine
2823 4704 2979 4742 causa
3005 4690 3271 4753 occidere,
3305 4694 3396 4745 sed
3423 4710 3545 4747 cum
3578 4696 3858 4766 suffragio,
3883 4713 3942 4754 ut

2342 4788 2392 4831 et
2419 4778 2612 4833 famam
2644 4780 2852 4834 illorum
2878 4781 3132 4838 lxederent
3156 4802 3169 4845 ;
3196 4794 3247 4838 et
3276 4786 3379 4839 illis
3407 4788 3603 4842 reliCtis
3627 4789 3692 4842 ad
3717 4793 3824 4846 ilus
3846 4811 3928 4849 vc-

2339 4874 2510 4939 niunt,
2539 4885 2591 4926 ut
2625 4876 2701 4928 sic
2732 4875 2849 4930 illos
2871 4878 3029 4930 etiam
3059 4880 3552 4945 perlerrefacerent.
3583 4883 3689 4938 Nec
3717 4888 3940 4957 dicunt,

2340 4967 2629 5036 Loquitur;
2654 4970 2769 5033 sed,
2805 4969 2923 5024 Non
2945 4983 3104 5024 cessat
3133 4974 3284 5042 loqui,
3320 4985 3375 5028 ut
3401 4982 3800 5036 accusationem
3839 5002 3940 5038 au-

2341 5072 2517 5130 geant.
2555 5062 2639 5114 12.
2675 5083 2692 5114 ι
2718 5063 3136 5118 Commovet-unt
3163 5077 3336 5122 autem
3366 5072 3604 5125 seniores
3625 5083 3677 5125 et
3698 5078 3939 5143 scribas,

2341 5164 2393 5207 et
2434 5167 2813 5210 concurrentes
2856 5168 3143 5226 rapuerunt
3194 5160 3363 5227 illum,
3407 5172 3459 5215 et
3505 5164 3851 5223 adduxerunt
3888 5174 3940 5225 in

2341 5249 2643 5310 Concilium,
2680 5249 2765 5301 l5.
2796 5261 2847 5302 et
2878 5259 3175 5304 statuerunt
3224 5252 3380 5305 falsos
3431 5264 3591 5309 testes
3613 5298 3627 5321 ,
3659 5261 3747 5326 qui
3780 5260 3939 5315 dice-

2342 5348 2494 5392 rent:
2529 5340 2699 5393 llomo
2731 5340 2830 5394 iste
2855 5357 2956 5395 non
2989 5354 3162 5397 cessat
3193 5344 3333 5414 loqui
3367 5346 3524 5400 verba
3560 5349 3829 5406 adversus
3859 5355 3942 5408 lno

2340 5449 2457 5486 cum
2481 5446 2720 5487 sanctum
2743 5444 2797 5488 et
2815 5435 3004 5505 legem.
3021 5458 3039 5488 ι
3063 5438 3176 5491 Non
3192 5449 3384 5501 cessat.
3407 5441 3669 5510 inquiunt,
3693 5457 3747 5500 ut
3779 5449 3940 5502 illum

2343 5525 2392 5578 id
2419 5538 2703 5580 conantem
2740 5527 2993 5583 indicent.
3038 5532 3125 5585 Μ.
3161 5549 3178 5580 ι
3203 5532 3516 5586 Audivimus
3542 5537 3682 5590 enim
3717 5545 3950 5594 cumdi—

2338 5630 2563 5680 cenlem,
2585 5620 2842 5686 Quoniam
2865 5623 3018 5676 Jesns
3046 5621 3346 5677 Nazarcnus
3373 5626 3455 5680 hic
3479 5627 3720 5682 destruet
3749 5633 3938 5688 locum

2340 5714 2496 5766 istum
2519 5756 2534 5779 ,
2560 5725 2612 5767 et
2637 5715 2859 5769 mutabit
2883 5717 3323 5783 consuetudines,
3357 5735 3487 5788 quas
3521 5721 3740 5777 tradidit
3777 5729 3942 5785 nobis

2401 5877 2472 5936 (a)
2498 5877 2727 5926 Libertini
2755 5879 3050 5926 vocnhantur
3087 5879 3113 5925 ii
3151 5879 3231 5941 qui
3269 5877 3552 5928 libertorum
3589 5879 3674 5929 filii
3702 5895 3872 5935 erant.
