4078 6318
717 416 814 469 εει

712 527 1136 599 κατηγοροῦντες
1170 527 1374 597 ἔλεγον⁸
1420 531 1485 585 '0
1508 534 1822 587 καταλύων
1843 534 1951 587 τὸν
1977 532 2129 587 ναὸν
2168 530 2275 587 τοῦ

711 608 878 664 Θεοῦ.
905 609 1077 679 Πολλὴ
1105 613 1214 683 γὰρ
1240 608 1310 683 ἦν
1355 614 1538 677 αὐτοῖς
1564 616 1593 684 ή
1621 614 1877 669 εὐλάϐεια
1902 614 2031 686 περί
2078 630 2139 667 τε
2175 611 2273 666 τὸν

716 694 860 757 ναὸν,
888 692 983 746 iu
1018 695 1113 747 καὶ
1146 698 1414 765 μετοικεῖν
1447 695 1808 767 βουλομένοις,
1843 698 1968 769 περί
1996 713 2056 749 τε
2088 695 2151 749 τὸ
2170 692 2276 748 ὅνο-

711 791 787 844 μα
817 774 1113 839 Μωῦσέως.
1140 776 1251 830 Καὶ
1303 777 1425 847 δρα,
1483 777 1601 842 πῶς
1654 779 1818 849 διπλῆ
1862 781 1896 849 ἡ
1951 776 2270 848 κατηγορία.

706 860 1060 922 Καταλύσει,
1090 861 1241 927 φασὶ,
1267 861 1373 914 τὸν
1402 861 1607 925 τόπον,
1650 862 1749 916 καὶ
1780 861 2028 926 ἀλλάξει
2057 861 2250 919 τάεθη

707 942 782 994 Οὐ
811 942 972 1012 μόνον
1023 941 1079 994 δὲ
1112 941 1292 1013 διπλῆ,
1324 942 1460 996 ἀλλά
1496 945 1591 998 καὶ
1629 944 1823 1014 πικρά,
1879 944 1974 997 καὶ
2014 942 2272 995 κινδύνων

701 1024 971 1094 γέμουσα.
1000 1026 1112 1079 Καὶ
1152 1025 1546 1091 ἀτενίσαντες
1587 1029 1673 1094 είς
1696 1026 1883 1081 αὐτὸν
1927 1026 2189 1089 ἅπαντες
2217 1024 2272 1076 οι

704 1106 1076 1175 καθεζόμενοι
1099 1107 1173 1161 ἐν
1195 1106 1275 1173 τῷ
1310 1109 1626 1177 συνεδρίῳ,
1663 1109 1827 1163 εῖδον
1848 1108 1917 1163 τὸ
1949 1108 2273 1174 πρόσωπον

697 1188 891 1242 αὐτοῦ
909 1189 1051 1243 ὡσεί
1075 1191 1399 1260 πρόσωπον
1419 1191 1697 1261 ἀπέλου.
1732 1191 1917 1254 Οῦτως
1941 1190 2057 1243 ἐστι
2087 1190 2181 1242 καὶ
2213 1192 2269 1242 ἐν

700 1272 943 1327 ἐλάττονι
974 1272 1136 1337 ὄντας
1168 1274 1361 1346 βαθμῷ
1400 1274 1657 1345 λάμπειν.
1688 1274 1754 1328 Τί
1799 1274 1927 1345 γὰρ,
1984 1274 2103 1326 εἰπέ
2155 1289 2265 1343 μοι,

698 1352 808 1406 τῶν
829 1354 1141 1409 ἀποστόλων
1191 1352 1345 1419 οὗτος
1388 1356 1610 1409 ἔλαττον
1650 1356 1841 1425 ἐσχενς
1897 1355 2021 1424 οὐχὶ
2067 1357 2267 1423 σημεῖα

694 1436 1028 1504 είργάσατο;
1054 1436 1116 1489 οὐ
1142 1437 1348 1508 πολλὴν
1384 1438 1697 1503 ἐπεδείξατο
1723 1449 1750 1478 ι
1776 1438 1877 1508 τὴν
1916 1436 2264 1506 παρῤησίανξ

694 1518 883 1571 Εἶδον
910 1520 977 1571 τὸ
1001 1521 1327 1587 πρόσωπον
1354 1520 1539 1574 αὑτοῦ
1564 1520 1705 1573 ὡσεί
1746 1521 2070 1587 πρόσωπον
2090 1518 2262 1587 ἀγγέ-

698 1605 829 1663 λου,
856 1602 1008 1670 φησί.
1041 1601 1213 1656 Τοῦτο
1246 1603 1353 1673 ἄρα
1384 1605 1416 1674 ή
1472 1604 1629 1673 χάρις
1651 1598 1741 1673 ἦν,
1769 1602 1926 1655 τοῦτο
1956 1602 2049 1655 καὶ
2080 1603 2111 1671 ή
2141 1600 2266 1663 δόξα

699 1682 975 1747 Μωῡσέως
997 1679 1084 1755 ἧν.
1134 1681 1416 1755 Ἐπίχαριν
1440 1687 1495 1738 δέ
1523 1685 1687 1739 αὑτὸν
1714 1684 1861 1738 δοκεῖ
1903 1701 1991 1755 μοι
2044 1684 2265 1753 ποιῆσαι

695 1767 789 1820 τὸν
808 1768 959 1831 Θεὸν,
986 1773 1128 1840 τάχα
1166 1772 1287 1823 ἐπεὶ
1320 1770 1512 1841 ἔμελλέ
1549 1786 1672 1825 τινα
1704 1770 1871 1840 ἐρεῖν,
1922 1768 2016 1821 καὶ
2059 1768 2146 1820 ἵνα
2175 1768 2265 1819 εὐ-

688 1850 832 1912 θέως
857 1852 921 1920 τῇ
962 1852 1219 1922 προσόψει
1284 1852 1611 1925 καταπλήξη
1666 1852 1880 1914 αὐτούς.
1922 1852 2077 1903 Ἐστι
2131 1848 2260 1918 γὰρ,

692 1933 807 1985 ἐστι
856 1932 953 1985 καὶ
1007 1935 1274 2004 πρόσωπα
1322 1936 1543 2005 χάριτος
1575 1935 1811 2005 γέμοντα
1866 1932 2261 2002 πνευματικῆς,

694 2013 974 2084 ἐπέραπα
1005 2018 1117 2077 τοῖς
1151 2017 1405 2070 ποθοῦσιν
1432 2013 1589 2081 εἶναι,
1615 2017 1709 2070 καὶ
1742 2014 1997 2083 αίδέσιμα
2033 2014 2143 2075 τοῖς
2176 2028 2264 2081 μι-

688 2093 848 2148 σοῦσι
884 2097 979 2149 καὶ
1008 2098 1235 2169 φοϐερά.
1267 2100 1335 2151 Ἢ
1362 2101 1456 2151 καὶ
1497 2100 1571 2163 ὠς
1607 2099 1784 2152 αἰτίαν
1831 2096 1991 2151 τοῦτο
2020 2091 2160 2159 εἷπε,
2195 2092 2261 2146 δι’

692 2183 758 2250 ἣν
780 2181 1068 2249 ἠνέσχοντο
1095 2182 1190 2252 τῆς
1216 2183 1559 2254 δημηγορίας
1592 2181 1777 2236 αὐτοῦ.
1806 2183 1870 2235 Τί
1901 2180 1988 2233 δαὶ
2019 2181 2046 2231 ὁ
2072 2179 2262 2248 ἀρχιε-

696 2262 851 2329 ρεύς;
894 2266 954 2316 El
986 2264 1120 2332 ἄρα,
1150 2266 1303 2334 φησὶ,
1332 2265 1518 2321 ταῦτα
1545 2266 1731 2331 οὕτως
1761 2262 2119 2332 ἕχει;⁹ορᾷς,
2146 2260 2261 2326 πῶς

695 2343 832 2413 μετὰ
857 2345 1158 2409 ἐπιεικείας
1185 2349 1215 2417 ὴ
1245 2346 1533 2418 ἐρώτησις,
1559 2349 1651 2400 καὶ
1672 2348 1825 2400 οὐδὲν
1840 2345 1984 2407 τέως
2004 2344 2261 2413 φορτικὸν

689 2429 885 2498 ἔχουσα
906 2447 920 2495 ;
944 2430 1038 2481 Διά
1062 2430 1216 2482 τοῦτο
1239 2432 1344 2483 Καὶ
1366 2431 1525 2494 αὐτὸς
1550 2430 1656 2482 ἀπὸ
1683 2428 2010 2500 προσηνείας
2036 2431 2259 2499 ἄρχεται

687 2511 794 2564 τῶν
827 2512 1224 2581 ρημάτωνωιαί
1257 2528 1441 2582 φησιν·
1471 2512 1720 2580 Ἀνδρες
1740 2512 1991 2579 αδελφοί
2018 2514 2114 2566 καί
2155 2526 2259 2565 πα·

688 2594 871 2661 τέρες,
896 2595 1218 2648 ἀκούσατε·
1235 2598 1266 2648 ό
1294 2595 1436 2661 Θεὸς
1458 2594 1567 2662 τῆς
1582 2594 1773 2663 δόξης
1794 2596 1959 2663 ὤφθη
1985 2595 2061 2660 τῷ
2073 2594 2257 2662 πατρί

691 2677 855 2745 ἡμῶν
894 2677 1136 2746 Ἀϐραὰμ
1166 2678 1292 2731 δντι
1334 2676 1404 2731 ἂν
1443 2675 1517 2744 τῇ
1562 2678 2005 2745 Μεσοποταμίᾳ,
2037 2678 2180 2744 πρὶν
2215 2677 2254 2745 ἦ

687 2758 1046 2821 κατοικῆσαι
1102 2759 1291 2812 αὐτὸν
1340 2759 1411 2811 ὲν
1449 2759 1705 2826 Χαρῤάν.
1766 2758 1983 2821 Εὐθέως
2044 2759 2108 2810 ἐκ
2160 2758 2256 2811 τοῦ

685 2841 972 2911 προοιμίου
1002 2843 1099 2910 τὴν
1119 2840 1274 2903 δόξαν
1290 2841 1473 2893 αὐτῶν
1493 2841 1725 2910 ἀναιρεῖ,
1751 2840 1843 2893 καὶ
1860 2839 2256 2902 κατασκευάζει

683 2925 749 2977 δι’
781 2919 855 2977 ὦν
886 2941 1050 2994 φησιν
1080 2924 1427 2988 ἀνυπόπτως,
1473 2924 1554 2976 δτι
1609 2939 1669 2975 τε
1707 2923 1859 2975 οὐδέν
1888 2924 2037 2976 ἐστιν
2070 2924 2097 2975 ὁ
2130 2923 2255 2985 ναὸς

680 3006 857 3077 δήπου
884 3006 1061 3068 αὐτὸς,
1095 3005 1215 3058 οὐδὲ
1242 3005 1307 3057 τά
1333 3004 1451 3075 ἐθη,
1479 3006 1571 3058 καὶ
1603 3006 1766 3058 ὅτιού
1798 3005 2137 3075 περιέσονται
2159 3004 2253 3057 τοῦ

684 3089 1060 3159 κηρύγματος,
1098 3090 1191 3140 καὶ
1219 3088 1302 3139 ὅτι
1335 3086 1394 3151 ἐξ
1428 3086 1725 3157 ἀμηχάνων
1754 3087 1839 3139 ἀεὶ
1872 3088 1901 3138 ὁ
1924 3087 2053 3147 Θεὸς
2079 3088 2253 3139 πάντα

684 3174 830 3224 ποιεῖ
854 3172 947 3223 καὶ
986 3168 1405 3231 κατασκευάζει.
1437 3170 1578 3238 Ὅρα
1606 3169 1735 3237 γοῦν
1762 3169 1849 3221 διὰ
1869 3168 2070 3222 τούτων
2092 3170 2254 3237 ὑφαι-

682 3254 913 3323 νομένην
950 3254 1049 3321 τὴν
1098 3251 1436 3320 δημηγορίαν
1485 3252 1577 3302 καὶ
1629 3250 2107 3319 ἀποδεικνύουσαν,
2173 3255 2253 3308 ὅτι

682 3337 880 3405 πολλῆς
904 3334 1307 3395 ἀπολαύσαντες
1356 3333 1443 3385 ἀεὶ
1474 3331 1901 3402 φιλανθρωπίας,
1930 3337 2048 3397 τοῖς
2099 3337 2252 3388 ἐναν-

682 3418 819 3481 τίοις
851 3416 939 3469 τὸν
968 3416 1262 3485 εὐεργέτην
1315 3413 1636 3483 ἠμείψαντο,
1697 3417 1790 3467 καὶ
1844 3417 1925 3467 ὃτι
1974 3416 2252 3481 ἀδυνάτοις

684 3496 1071 3569 ἐπιχειροῦσιν.
1117 3498 1171 3549 '0
1196 3494 1339 3561 Θεὸς
1367 3495 1476 3561 τῆς
1528 3495 1710 3563 δόξης
1734 3497 1899 3565 ὤφθη
1948 3497 2028 3563 τῷ
2078 3501 2252 3565 πατρὶ

682 3582 852 3652 ἡμῶν
895 3581 1169 3650 Ἀϐραὰμ,
1197 3580 1293 3632 καὶ
1316 3575 1447 3633 εἷπε
1476 3581 1623 3647 πρὸς
1649 3582 1853 3633 αὐτόν·
1887 3583 2130 3644 Ἔξελθε
2182 3584 2251 3637 ἐκ

681 3666 790 3735 τῆς
809 3664 921 3734 γῆς
941 3680 1078 3727 σου,
1106 3662 1203 3719 καί
1226 3662 1400 3730 δεῦρο
1421 3665 1505 3727 είς
1534 3661 1665 3731 γῆν,
1690 3662 1769 3731 ῆν
1797 3663 1874 3718 ἄν
1898 3680 1993 3718 σοι
2023 3664 2215 3729 δείξω.

754 3750 817 3819 β’.
851 3749 959 3801 Καὶ
987 3747 1113 3809 ναὸς
1134 3747 1233 3798 οὐκ
1260 3741 1348 3816 ἦν,
1378 3746 1473 3798 καὶ
1507 3745 1667 3800 Θυσία
1700 3748 1799 3799 οὐκ
1819 3743 1907 3818 ἦν,
1960 3751 2051 3803 καὶ
2102 3752 2252 3815 θείας

680 3834 854 3902 ὕψεως
880 3830 1077 3900 ήξίωτο
1122 3828 1389 3903 Ἁϐραάμ,
1424 3830 1518 3881 καὶ
1554 3830 1852 3901 προγόνους
1880 3832 2093 3902 Πέρσας
2115 3829 2248 3905 εἶχε,

681 3919 776 3971 καὶ
808 3920 864 3969 ἐν
892 3913 1145 3984 ἀλλοτρίᾳ
1169 3915 1239 3983 γῇ
1270 3909 1357 3982 ἦν.
1394 3915 1503 3969 Καὶ
1533 3914 1585 3967 τί
1617 3916 1812 3984 δήποτε
1835 3916 2137 3987 ἀρχόμενος
2159 3919 2251 3971 τὸν

680 4000 833 4063 Θεὸν,
860 3998 957 4069 τῆς
978 3997 1134 4065 δόξης
1153 3994 1285 4049 Θεὸν
1308 3995 1593 4061 ἐκάλεσεν;
1636 3996 1851 4070 Ἐπειδὴ
1870 4002 1995 4061 τοὺς
2016 4000 2247 4071 ἀτίμους

679 4082 921 4146 ἐνδόξους
978 4079 1261 4149 πεποίηκε·
1300 4079 1394 4131 καὶ
1442 4080 1529 4133 ἵνα
1571 4079 1777 4152 διδάξῃ,
1815 4084 1895 4135 ὅτι
1930 4086 1977 4137 εί
2009 4086 2249 4149 ἐκείνους

680 4165 914 4231 ἐδόξασε,
936 4162 1113 4233 πολλῷ
1133 4160 1329 4232 μᾶλλον
1340 4161 1556 4225 αὐτούς.
1575 4163 1755 4233 Ὁρᾷς.
1789 4166 1904 4228 πῶς
1935 4167 2127 4229 αὐτοὺς
2152 4168 2250 4221 ἀπ.

680 4251 804 4315 ἀγει
827 4245 1094 4317 [ΙὲιῙτῶν
1112 4244 1457 4312 σωματικῶν,
1478 4245 1571 4297 καὶ
1586 4246 1694 4297 ἀπὸ
1714 4246 1807 4299 τοῦ
1829 4248 1991 4301 τόπου
2011 4250 2247 4319 πρῶτον,

679 4334 866 4402 ἐπειδὴ
901 4332 1029 4401 περὶ
1061 4330 1224 4383 τόπου
1262 4330 1290 4379 ὁ
1310 4329 1465 4396 λόγος
1489 4324 1588 4398 ἦν;
1624 4330 1685 4383 '0
1710 4331 1851 4396 Θεὸς
1902 4332 2013 4400 τῆς
2036 4334 2243 4401 δόξης.

678 4420 739 4469 Εἰ
763 4416 919 4485 δόξης
945 4414 1096 4476 Θεὸς,
1130 4411 1370 4482 εῦδηλον,
1424 4412 1505 4463 ὅτι
1531 4412 1590 4463 οὐ
1624 4413 1793 4466 δεῖται
1818 4415 1916 4483 τῆς
1938 4419 2068 4487 παρ’
2090 4419 2247 4487 ἡμῶν

678 4500 852 4567 δόξης,
874 4498 992 4549 οὐδὲ
1013 4498 1111 4565 τῆς
1137 4495 1222 4547 διὰ
1254 4494 1348 4546 τοῦ
1376 4492 1528 4545 ναοῦ·
1578 4495 1739 4557 αὐτὸς
1770 4495 1876 4566 γάρ
1920 4499 2117 4567 ἐστινὴ
2145 4501 2242 4570 τῆς

676 4580 833 4649 δόξης
868 4581 1037 4647 πηγή.
1066 4578 1157 4647 Μὴ
1186 4577 1363 4629 τοίνυν
1417 4576 1670 4647 νομίσητε
1709 4578 1734 4616 b
1774 4578 1943 4649 ταύτῃ
2001 4581 2245 4647 δοξάζειν

677 4666 858 4716 αὐτόν,
906 4663 1008 4714 Καί
1052 4661 1182 4722 πῶς,
1226 4660 1409 4727 φησὶν,
1446 4661 1480 4728 ἡ
1512 4660 1699 4729 Γραφὴ
1733 4662 1889 4713 τοῦτο
1941 4663 2089 4730 λέγει
2117 4668 2243 4733 περὶ

676 4746 767 4799 τοῦ
806 4746 1008 4815 πατρὸς
1071 4742 1355 4812 ’Δὸραάμς
1408 4742 1527 4794 ’Ὁτι
1568 4741 1667 4794 οὐκ
1717 4742 1829 4795 ἐστι
1891 4745 2122 4813 πρὸςτά
2169 4750 2243 4820 μὴ

678 4829 883 4897 σφόδρα
908 4828 1175 4893 ἀναγκαῖα
1208 4824 1458 4892 περιττή.
1494 4825 1558 4875 '0
1599 4825 1694 4891 μὲν
1726 4827 1833 4895 γὰρ
1879 4823 1945 4895 ἦν
1978 4831 2245 4899 χρήσιμον

680 4912 892 4982 μαθεῖν,
943 4908 1097 4961 τοῦτο
1132 4908 1287 4976 μόνον
1317 4910 1461 4976 ἡμᾶς
1518 4910 1773 4976 ἐδίδαξεν,
1809 4922 1832 4950 ο
1870 4913 1949 4963 ὅτι
1990 4913 2097 4965 ἀπὸ
2144 4914 2244 4982 τῆς

677 4998 849 5063 ὂψεως
876 4991 968 5046 τσῦ
1001 4992 1113 5043 υἱοῦ
1141 4992 1458 5059 συνεξῆλθεν
1489 4994 1654 5062 αὐτῷ·
1695 4995 1754 5047 τὸ
1781 4995 1836 5047 δὲ
1868 4996 2029 5048 πλέον
2052 4995 2241 5049 τούτου

680 5078 974 5147 παρέλιπεν
1004 5076 1311 5145 ἀδιήγητον,
1353 5075 1438 5127 διὰ
1468 5075 1527 5127 τὸ
1568 5075 1755 5128 θάττον
1791 5078 2079 5129 ἀποθανεῖν
2104 5079 2241 5147 μετά

676 5160 735 5211 τὸ
774 5148 1091 5227 κατοικῆσαι
1120 5158 1280 5209 αὑτὸν
1333 5159 1390 5209 ἒν
1434 5158 1678 5228 Χαρράν·
1720 5157 1965 5221 Ἔξελθε
2007 5160 2077 5211 ἐκ
2130 5161 2241 5229 τῆς

677 5241 1028 5308 συγγενείας
1052 5255 1185 5292 σου.
1230 5238 1492 5292 Ἐνταῦθα
1534 5240 1823 5301 δείκνυσιν,
1858 5242 1938 5293 ὅτι
1970 5242 2070 5294 οὐκ
2104 5245 2240 5301 εἰσὶν

675 5317 817 5375 οῦτοι
850 5322 1014 5373 τέκνα
1038 5320 1130 5372 τοῦ
1172 5320 1438 5391 Ἀϐραάμ.
1473 5322 1629 5383 Πῶς;
1658 5322 1778 5375 Ὅτι
1819 5324 2022 5385 ἐκεῖνος
2058 5326 2240 5395 πειθή-

684 5423 790 5467 νιος
814 5400 899 5475 ἦν,
961 5396 1106 5455 οῦτοι
1156 5403 1212 5455 δὲ
1243 5406 1507 5466 ἀπειθεῖς·
1562 5405 1758 5473 μᾶλλον
1805 5406 1858 5458 δὲ
1888 5406 1947 5472 ἐξ
1995 5402 2069 5460 ὧν
2099 5412 2243 5461 πο.εῖ

679 5487 1030 5555 κελευόμενος
1068 5486 1428 5555 μανθάνομεν,
1462 5488 1542 5539 ὅτι
1595 5489 1797 5549 ἐκεῖνος
1838 5490 1934 5557 μὲν
1974 5491 2098 5553 τοὺς
2147 5492 2240 5544 πόα

677 5586 799 5629 γους
830 5568 1141 5637 ὑπέμεινεν,
1200 5560 1345 5620 οῦτοι
1374 5569 1428 5620 δὲ
1460 5569 1583 5631 τοὺς
1642 5571 1884 5639 καρποὺς
1930 5573 2237 5641 δρέπονται,

677 5652 771 5703 καὶ
802 5653 881 5704 ὅτι
919 5651 1113 5715 πάντες
1144 5651 1193 5703 οἱ
1238 5651 1489 5720 πρόγονοι
1520 5654 1577 5705 ἐν
1610 5653 1895 5723 κακουχίᾳ.
1924 5656 2031 5709 Καὶ
2075 5657 2242 5721 ἐξελ-

738 5805 951 5875 '__l',odex
990 5822 1124 5875 pug;
1166 5812 1269 5872 οὐχὶ
1314 5812 1522 5873 σημείων
1564 5814 1755 5872 ἐδεήθη,
1802 5818 1881 5864 καὶ
1937 5822 2113 5875 πολλὴν
2157 5824 2240 5871 ἐπ-

678 5867 902 5933 εδείξατο.
990 5870 1017 5913 ι)
1057 5872 1146 5920 Hic
1209 5867 1428 5921 ήδηηυὶιὶ
1482 5875 1621 5922 codd.
1661 5867 1959 5928 Vin-riumeras
2026 5867 2241 5933 εσρτῦιιι

677 5932 955 6049 Emtae“?
999 5933 1087 5982 sed
1137 5934 1243 5983 sine
1288 5934 1388 5985 ullo
1430 5947 1602 5987 sensus
1649 5935 1948 5990 discrimine.
2020 5944 2038 5973 '-‘
2082 5932 2239 5996 Locus

1441 416 1498 471 S.
1538 414 1818 473 JOANNIS
1854 410 2335 474 CIIRYSOSTOMI
2375 411 2690 471 ARCIHEP.
2726 415 3270 475 CONSTANTINOP.

3836 420 3931 474 ΗΞ

2380 530 2503 587 θὼν
2560 535 2628 589 ἐκ
2669 533 2783 604 τῆς
2811 535 3141 603 Χαλδαίων,
3192 534 3543 603 κατῴκησεν
3580 536 3649 589 ἐν
3691 537 3933 606 Χαρράν·

2380 616 2653 669 κὰκεῒθεν
2682 618 2834 685 μετὰ
2863 620 2929 673 τὸ
2970 618 3295 673 ἀποθανεῖν
3343 618 3451 671 τὸν
3477 618 3700 686 πατέρα
3739 621 3936 682 αὐτοῦ,

2376 696 2705 765 μετῴκισεν
2725 700 2913 752 αὐτόν
2934 701 3021 765 είς
3048 700 3163 767 τὴν
3182 700 3298 769 γῆν
3313 701 3556 767 ταύτην,
3575 705 3661 765 είς
3677 700 3765 768 ’ἢν
3781 702 3937 769 ὑμεῖς

2379 778 2496 831 νῦν
2548 780 2892 833 κατοικεῖτε·
2933 781 3030 834 καὶ
3061 784 3172 834 οὐκ
3208 781 3433 834 ἔδωκεν
3476 780 3634 847 αὐτῷ
3666 786 3938 850 κληρονο-

2372 862 2522 929 μίαν
2548 860 2617 914 ἐν
2640 860 2817 930 αὐτῇ,
2851 862 2995 916 οὐδὲ
3013 861 3187 931 βῆμα
3225 862 3433 928 ποδός.
3484 863 3643 933 Ὅρα,
3675 866 3797 929 πῶς
3847 866 3938 918 αύ-

2375 942 2500 1005 τοὺς
2534 942 2643 995 ἀπὸ
2665 944 2766 1013 τῆς
2794 945 2899 1014 γῆς
2925 945 3135 1012 ἀνάγει.
3159 944 3235 997 Οὐ
3258 944 3367 1014 γὰρ
3388 939 3561 1008 εἶπεν,
3592 945 3781 1012 Δὼσει,
3806 946 3936 1010 ἀλλ’,

2380 1024 2502 1077 οὐκ
2525 1022 2731 1089 ἔδωκε,
2750 1025 2947 1094 δηλῶν,
2969 1027 3051 1081 ὅτι
3081 1028 3258 1080 πάντα
3288 1026 3419 1097 παρ’
3445 1028 3654 1080 ἐκείνου
3683 1028 3777 1082 καὶ
3793 1028 3940 1082 οὐδὲν

2374 1104 2505 1175 παρ’
2541 1106 2739 1161 αὐτῶν.
2773 1103 2944 1161 Ἦλθε
2985 1108 3095 1180 γὰρ
3143 1108 3237 1161 καὶ
3286 1109 3607 1176 συγγένειαν
3654 1111 3815 1178 ἀφεὶς
3852 1112 3940 1165 καὶ

2375 1187 2626 1256 πατρίδα.
2660 1188 2760 1242 Διά
2792 1189 2845 1242 τί
2868 1184 2963 1244 οὖν
2981 1191 3080 1244 οὐκ
3105 1189 3335 1256 usuer
3354 1191 3477 1245 Ὀτι
3502 1190 3671 1253 τύπος
3687 1191 3715 1229 ά
3743 1187 3809 1262 ἦν
3832 1193 3940 1246 ἐτί-

2377 1287 2474 1340 ρας
2496 1272 2619 1341 γῆς,
2641 1274 2735 1327 καὶ
2762 1274 3122 1345 ἐπηγγείλατο
3148 1274 3329 1329 δοῦναι
3359 1274 3529 1345 αὐτὴν
3557 1274 3718 1345 αὐτῷ.
3760 1277 3937 1347 Ὁρᾷς.

2373 1354 2453 1406 ὅτι
2484 1354 2581 1424 οὐχ
2621 1355 2805 1420 ἁπλῶς
2831 1357 2993 1411 πάλιν
3028 1356 3119 1411 τὸν
3148 1357 3306 1425 λόγον
3358 1356 3766 1427 ἀναλαμϐάνεις
3824 1360 3941 1411 οὐκ

2373 1434 2597 1489 ἔδωκεν
2616 1436 2797 1502 αὐτῷ,
2813 1438 2967 1508 φησί.
2996 1439 3108 1493 Καὶ
3128 1439 3523 1508 ἐπηγγείλατο
3541 1439 3638 1492 καί
3671 1437 3748 1503 τῷ
3773 1439 3942 1506 σειέίρ⁸

2368 1535 2507 1587 ματι
2520 1520 2705 1573 αὐτοῦ
2715 1522 2843 1589 μετ’
2857 1520 3181 1583 αυτὸν,οὐκ
3209 1520 3382 1587 ὄντος
3402 1519 3563 1585 αὐτῷ
3578 1522 3817 1574 τέκνου.
3830 1522 3942 1573 Πά-

2371 1600 2453 1654 λιν
2470 1601 2528 1654 τὸ
2552 1602 2773 1656 δυνατὸν
2798 1604 3046 1658 ἐντεῦθεν
3069 1604 3341 1657 δείκνυται
3353 1604 3446 1656 τοῦ
3476 1602 3609 1656 Θεοῦ
3640 1616 3663 1643 ε
3688 1605 3781 1658 καὶ
3810 1606 3872 1657 τὸ
3885 1606 3943 1669 ἐξ

2371 1684 2670 1754 ἀμηχάνων
2724 1686 2903 1739 πάντα
2952 1688 3147 1739 ποιεῖν.
3183 1686 3287 1739 Τὸν
3341 1686 3448 1756 γὰρ
3487 1687 3545 1740 ἐν
3598 1688 3696 1757 [ler
3728 1688 3823 1739 ῖίδι
3852 1688 3941 1740 καὶ

2371 1766 2624 1821 τοσοῦτον
2649 1768 2943 1838 ἀπέχοντα,
2971 1768 3158 1821 τοῦτον
3183 1768 3350 1838 ἔφησε
3382 1767 3571 1838 κύριον
3610 1772 3708 1839 τῆς
3740 1769 3941 1823 Παλαι-

2373 1849 2558 1919 στίνης
2596 1852 2865 1921 ποιήσειν.
2908 1851 3046 1904 Ἀλλ’
3074 1852 3271 1920 ἴδωμεν
3314 1850 3521 1904 ἀνωθεν
3542 1850 3611 1903 τά
3652 1852 3937 1922 εἰρημένα.

2385 1930 2783 1998 Ἇτενίσαντες
2806 1935 2895 1997 είς
2917 1935 3122 1993 αὐτὸν.
3147 1933 3331 2002 φησὶν,
3355 1928 3518 1985 εἶδον
3532 1932 3596 1985 τὸ
3621 1934 3943 2000 πρόσωπον

2368 2015 2557 2069 αὑτοῦ
2584 2016 2725 2069 ὡσεὶ
2756 2017 3085 2083 πρόσωπον
3105 2016 3385 2084 ἀγγέλου.
3421 2016 3589 2069 Πόθεν
3610 2018 3643 2086 ή
3673 2016 3837 2086 χάρις
3869 2016 3943 2083 τῷ

2370 2096 2626 2168 Στεφάνῳ
2645 2098 2900 2166 ἐπήνθει.;
2926 2093 3013 2168 ἄρ’
3038 2098 3134 2149 οὐκ
3158 2098 3266 2150 ἀπὸ
3287 2098 3386 2167 τῆς
3410 2098 3645 2160 πίστεως
3666 2115 3680 2164 ;
3712 2098 3943 2169 Εὔδηλον

2369 2181 2471 2233 ὅτι·
2506 2181 2853 2252 ἐμαρτύρησε
2878 2180 2987 2251 γὰρ
3016 2180 3165 2251 αὐτῷ
3192 2182 3324 2244 ἄνω,
3352 2180 3432 2233 ὅτι
3458 2180 3942 2252 πλήρης·πίστεως

2368 2257 2436 2332 ἦν
2494 2263 2724 2315 Ἐστιδὲ
2756 2264 2915 2334 χάριν
2949 2263 3091 2333 ἔχειν
3129 2263 3222 2316 καὶ
3253 2262 3351 2315 οὐκ
3375 2265 3432 2316 ἐν
3456 2264 3649 2316 ίάσεσι·
3685 2264 3767 2316 διὸ
3789 2264 3885 2317 καὶ
3915 2266 3942 2317 ό

2382 2340 2799 2415 ’Δπόστολος,⁷ῼ
2817 2345 2934 2414 μὲν
2966 2347 3135 2415 χάρις
3167 2345 3414 2411 δίδοται,
3446 2347 3631 2417 φησὶν,
3660 2347 3940 2415 ίαμάτων,

2367 2427 2535 2493 ἄλλῳ
2557 2426 2624 2480 δὲ
2644 2430 2827 2496 λόγος
2848 2430 3087 2496 σοφίας.
3151 2428 3415 2482 Ἐνταῦθα
3448 2428 3504 2481 δέ
3534 2446 3623 2499 μοι
3661 2430 3809 2482 δοκεῖ
3852 2432 3943 2482 καὶ

2366 2510 2619 2580 ἐπίχαριν
2651 2510 2813 2563 αὑτὸν
2844 2506 2981 2564 εἶναι
3007 2510 3333 2565 αίνίττεσθαι
3355 2512 3431 2580 τῷ
3452 2512 3648 2579 λέγειν·
3680 2509 3864 2566 Εἶδον
3879 2514 3943 2564 τὸ

2365 2596 2692 2661 πρόσωπον
2718 2593 2909 2647 αὑτοῦ
2935 2593 3077 2647 ὡσεί
3106 2596 3433 2660 πρόσωπον
3480 2594 3762 2663 ἀγγέλου·
3794 2594 3823 2645 ὃ
3853 2593 3946 2646 καὶ

2366 2678 2653 2749 Βαρνάϐας
2690 2681 3067 2748 μαρτυρεῖται.
3096 2677 3258 2730 Ὅθεν
3281 2678 3408 2739 τοὺς
3436 2677 3746 2738 ἀπλάστους
3768 2694 3829 2730 τε
3852 2677 3944 2729 καὶ

2366 2762 2673 2831 ἀπονήρους
2704 2760 2941 2831 μάλιστα
2996 2760 3153 2829 ίσμεν
3181 2757 3647 2828 θαυμαζομένους,
3677 2760 3773 2811 καὶ
3819 2757 3945 2810 τού.»

2364 2862 2491 2907 τους
2528 2844 2545 2882 ί
2591 2845 2799 2915 μᾶλλον
2834 2843 3161 2912 ἐπιχάριτας
3213 2842 3391 2904 ὄντας.
3452 2843 3589 2895 Τότε
3637 2840 3946 2896 ὑπέϐαλον

2362 2927 2584 2995 ἄνδρας
2610 2926 2923 2995 λέγοντας.
2950 2925 3039 2977 ὅτι
3080 2925 3446 2993 Ἀκηκόαμεν
3467 2923 3652 2977 αὑτοῦ
3679 2922 3942 2977 λαλοῦν-

2362 3028 2463 3075 τος
2484 3008 2724 3078 ῥήματα
2772 3006 3135 3075 βλάσφημα.
3184 3008 3307 3059 Ἐπὶ
3348 3008 3445 3076 μὲν
3479 3006 3588 3060 τῶν
3619 3007 3946 3059 ἀποστόλων

2362 3092 2567 3159 ἔλεγον,
2596 3093 2677 3144 ὅτι
2697 3092 2795 3159 τὴν
2821 3090 3116 3143 ἀνάστασιν
3138 3088 3529 3157 κατήγγελλον,
3553 3091 3647 3141 καὶ
3665 3089 3747 3141 ὅτι
3772 3089 3945 3151 πολὺς

2361 3174 2515 3244 δχλος
2545 3174 2788 3243 ἐπέρρει·
2823 3170 3058 3225 ἐνταῦθα
3075 3173 3151 3233 δὲ,
3183 3171 3263 3223 ὅτι
3296 3169 3704 3240 ἐθεραπεύοντο.
3739 3171 3803 3222 Ὢ
3842 3171 3945 3239 τῆς

2361 3256 2573 3319 ἀνοίαςί
2597 3256 2737 3325 ὑπὲρ
2757 3247 2831 3307 ὧν
2855 3254 3193 3323 εὐχαριστεῖν
3220 3253 3346 3315 ἔδει,
3369 3253 3509 3322 ὑπὲρ
3530 3251 3733 3305 τούτων
3763 3254 3943 3321 ἐμέμ-

2362 3354 2547 3406 φοντο,
2584 3338 2679 3390 καὶ
2707 3339 2833 3399 τοὺς
2862 3336 2950 3389 διὰ
2976 3336 3083 3389 τῶν
3119 3335 3294 3406 ἔργων
3327 3334 3660 3404 κρατοῦντας
3684 3335 3945 3402 προσεδό-

2361 3437 2473 3473 κων
2502 3422 2798 3491 κρατήσειν
2820 3419 2907 3473 διά
2928 3419 3034 3471 τῶν
3059 3419 3229 3485 λόγων
3251 3419 3409 3487 (ὅπερ
3438 3418 3533 3471 καὶ¹
3566 3420 3658 3470 ἐπὶ
3682 3418 3776 3470 τοῦ
3806 3419 3945 3487 Χρι-

2362 3501 2489 3555 στοῦ
2519 3503 2780 3571 ἐποίουν),
2815 3502 2910 3555 καὶ
2941 3502 3040 3570 ἀεὶ,
3061 3503 3141 3564 είς
3165 3501 3356 3567 λόγους
3390 3501 3587 3564 αὐτοὺς
3622 3500 3941 3553 ἐνέϐαλλιν.

2371 3585 2642 3653 Ἀρπάσαι
2664 3586 2774 3657 γὰρ
2804 3586 3000 3648 αὐτοὺς
3028 3584 3213 3647 ἀπλῶς
3255 3583 3567 3653 ᾐσχύνοντο,
3607 3582 3759 3634 οὐδὲν
3790 3583 3943 3652 έχον-

2359 3689 2451 3733 τες
2479 3669 2751 3740 ἐγκαλεῖν.
2789 3668 2899 3720 Καὶ
2925 3668 3044 3737 ὅρα,
3072 3665 3187 3729 πῶς
3214 3665 3333 3718 οὐδὲ
3359 3665 3511 3719 αὐτοὶ
3544 3667 3593 3718 οί
3622 3664 3943 3729 δικάζοντες

2362 3752 2733 3826 μαρτυροῦσιν
2764 3750 2938 3823 [12Ξ]·
2973 3749 3313 3820 ἠλέγχθησάν
3340 3748 3449 3819 γὰρ
3472 3747 3557 3801 άν·
3601 3748 3716 3801 ἀλλ’
3744 3749 3944 3813 ἁπλῶς

2360 3839 2576 3907 ἐτέρους
2626 3834 2966 3906 μισθοῦνται,
3006 3833 3092 3885 ἴνα
3149 3832 3223 3901 μὴ
3251 3830 3378 3902 δόξῃ
3399 3831 3665 3901 ἐπηρείας
3701 3827 3847 3884 εῖναι
3880 3832 3944 3885 τὸ

2359 3921 2613 3990 πρᾶγμα.
2637 3919 2710 3971 Τὸ
2738 3916 2869 3971 αὐτὸ
2890 3914 3109 3983 γεγονὸς
3132 3914 3231 3967 ῐδοι
3260 3929 3343 3975 τις
3360 3912 3533 3965 ἄνκαὶ
3562 3913 3654 3965 ἐπὶ
3673 3912 3769 3965 τοῦ
3800 3915 3844 3966 Χ
3854 3932 3941 3985 ρι-

2361 4001 2509 4055 στοῦ.
2567 3997 2720 4062 Εἶδες
2760 3998 2853 4052 τοῦ
2888 3996 3241 4067 κηρύγματος
3271 3993 3370 4065 τὴν
3400 3994 3649 4065 δύναμιν,
3689 3995 3784 4048 καὶ
3821 3997 3942 4059 πῶς

2356 4083 2477 4153 οὐχὶ
2533 4081 2945 4152 μαστιζομένων
2998 4078 3177 4148 μόνον,
3236 4076 3371 4130 ἀλλά
3419 4079 3512 4129 καὶ
3562 4076 3942 4147 λιθαζομένων

2357 4168 2569 4237 κρατεῖ,
2630 4164 2748 4216 οὐδὲ
2783 4164 2862 4225 είς
2907 4161 3255 4230 δικαστήριον
3306 4159 3612 4227 ἀγομένων,
3664 4160 3804 4213 ἀλλὰ
3843 4160 3942 4213 καὶ

2355 4246 2731 4316 ἐλαυνομένων
2764 4242 3060 4308 πάντοθεν;
3097 4240 3374 4295 Ἐντεῦθεν
3392 4282 3407 4306 ,
3435 4243 3530 4294 καὶ
3554 4241 3943 4312 ψευδομαρτυ-

2350 4331 2596 4401 ρούντων
2628 4328 2827 4390 αὐτῶν,
2856 4326 2917 4379 οὺ
2958 4326 3117 4395 μόνον
3164 4326 3262 4377 οὐκ
3295 4325 3582 4393 ἐκράτουν,
3612 4325 3725 4377 ἀλλ’
3752 4327 3881 4379 οὐδὲ
3916 4330 3939 4365 ε

2356 4412 2669 4482 ἀντιστῆναι
2705 4411 2908 4479 ίσχυον,
2934 4407 3110 4461 καίτοι
3154 4407 3357 4475 σφόδρα
3388 4406 3727 4476 ἀναίσχυντοι
3748 4408 3937 4471 ὅντες·

2354 4496 2528 4557 οὕτως
2558 4495 2753 4555 αὐτοὺς
2801 4491 2941 4545 κατὰ
2975 4490 3173 4560 κράτος
3212 4483 3346 4553 εἷλε,
3402 4490 3495 4541 καὶ
3528 4488 3703 4541 ταῦτα
3758 4491 3942 4543 πολλὰ

2355 4580 2693 4647 πράττοντας
2734 4575 2975 4628 ἀπίθανα
3015 4572 3109 4641 (ὡς
3136 4573 3233 4625 καὶ
3276 4572 3367 4625 ἐπὶ⁵
3414 4570 3506 4624 τοῦ
3540 4571 3830 4643 Χριστοῦ),
3886 4574 3939 4627 οἶ

2355 4661 2449 4712 καὶ
2480 4662 2655 4712 πάντα
2684 4659 2819 4728 πρὸς
2844 4657 3071 4710 θάνατον
3098 4657 3363 4727 ἔπραττον
3385 4653 3475 4707 τὸν
3501 4654 3689 4716 αὑτοῦ,
3722 4656 3803 4719 ὡς
3827 4659 3942 4713 λοι-

2354 4744 2455 4795 πὸν
2487 4742 2643 4811 δῆλον
2672 4739 2924 4808 γενέσθαι
2980 4740 3163 4800 πᾶσιν,
3215 4738 3295 4790 ὅτι
3329 4738 3430 4790 οὐκ
3454 4733 3522 4807 ἦν
3544 4740 3871 4811 ἀνθρωπίνη
3904 4745 3937 4811 ἡ

2356 4826 2525 4896 μάχη,
2548 4824 2683 4877 ἀλλά
2716 4822 2849 4875 Θεοῦ
2891 4822 3029 4891 πρὸς
3058 4820 3396 4889 ἀνθρώπους.
3431 4821 3629 4873 Σκόπει
3662 4822 3718 4874 δὲ
3752 4824 3853 4877 καὶ
3888 4826 3942 4877 τί

2354 4926 2514 4979 φασιν
2540 4909 2588 4959 οἱ
2623 4906 2913 4968 συστάντες
2957 4904 3403 4973 ψευδομάρτυρες
3430 4904 3533 4956 ὑπὸ
3558 4904 3664 4957 τῶν
3687 4909 3941 4974 (powch

2354 4992 2809 5062 συναρπασάντων
2838 4988 3000 5041 αὑτὸν
3032 4989 3109 5049 είς
3136 4988 3195 5038 τὸ
3221 4986 3516 5056 συνέδριον.
3564 4990 3943 5059 Ἀκηκόαμεν

2351 5075 2537 5130 αὐτοῦ
2562 5074 2898 5134 λαλοῦντος
2933 5070 3173 5137 ῥήματα
3195 5070 3537 5138 βλάσφημα
3576 5074 3661 5136 είς
3691 5075 3942 5141 Μωσῆν

2350 5162 2447 5215 καὶ
2500 5160 2605 5212 τόν
2653 5157 2821 5210 Θεόν.
2851 5151 2921 5206 Ὦ
2964 5154 3327 5224 ἀναίσχυντοι·
3366 5155 3665 5225 πράγματα
3717 5161 3939 5211 ποιεῖτε

2351 5245 2643 5315 βλάσφημα
2670 5242 2748 5301 εἰς
2773 5238 2865 5291 τὸν
2891 5237 3045 5301 Θεὸν,
3075 5238 3169 5290 καὶ
3202 5238 3261 5289 οὐ
3302 5238 3639 5306 φροντίζετε·
3672 5241 3770 5292 καὶ
3802 5243 3942 5295 Μω-

2351 5328 2485 5387 σέως
2508 5319 2811 5393 φροντίζειν
2832 5320 3217 5390 προσποιεῖσθε
3238 5337 3251 5383 ;
3287 5320 3386 5372 Διά
3410 5321 3567 5373 τοῦτο
3600 5325 3941 5389 πρόσκειται

2348 5411 2572 5477 Μωσῆς,
2605 5405 2793 5474 ἐπειδὴ
2814 5403 2880 5456 τά
2912 5403 3003 5455 τοῦ
3026 5403 3162 5455 Θεοῦ
3197 5403 3256 5455 οὐ
3290 5403 3493 5471 σφόδρα
3523 5404 3708 5466 αὐτοῖς
3739 5405 3938 5474 ἔμελεν

2349 5492 2439 5544 καὶ
2470 5492 2579 5545 ἄνω
2619 5488 2719 5540 καὶ.
2743 5488 2891 5539 κάτω
2934 5485 3177 5548 Μωσέως
3206 5484 3531 5555 μέμνηνται,
3570 5486 3632 5539 '0
3672 5488 3939 5555 Μωσῆς,

2347 5576 2612 5642 λέγοντες,
2642 5567 2839 5635 οὗτος,
2874 5568 2939 5635 ὃς
2963 5568 3260 5636 ἐξήγαγεν
3287 5567 3463 5636 ἡμᾶς,
3495 5569 3557 5621 τὸ
3603 5569 3943 5641 εὑρίπιστον

2346 5660 2439 5713 τοῦ
2470 5656 2623 5727 ὄχλου
2645 5652 3065 5723 ἀνερεθίζοντες.
3096 5649 3289 5703 Καίτοι
3311 5652 3427 5715 πῶς
3448 5651 3733 5723 ἄνθρωπος
3765 5654 3942 5723 βλάσ-

2409 5824 2436 5862 ά
2466 5823 2560 5872 Alii
2597 5822 2795 5882 ἐδωγκενς
2830 5819 2953 5882 ’ᾼρα
2972 5818 3133 5881 τύπος.
3223 5830 3246 5858 ι’
3268 5818 3409 5869 Alius
3434 5817 3641 5868 ἐντεῦθεν
3696 5820 3943 5882 ἐμφαίνε-

2345 5903 2422 5933 ται
2460 5882 2547 5931 τοῦ
2582 5881 2724 5929 Θεοῦ.
2800 5882 2820 5919 ί
2852 5880 2981 5928 Idem
3037 5880 3178 5941 ίσμεν
3233 5882 3528 5941 σωζομένους
3576 5882 3657 5928 καὶ
3705 5880 3939 5939 τοῦτοιις.

2353 5949 2377 5986 ε
2434 5946 2567 6008 [ﬁnus
2603 5943 3107 6008 ndvfroeevgfgljcpv
3159 5942 3335 6004 ἐχθρῶν
3359 5943 3717 6005 μαρτυρούντων
3746 5943 3944 6008 αὐτῶν,

2350 6009 2402 6058 οῦ
2429 6007 2565 6069 μόνον
2587 6006 2810 6064 ἡττῶντο,
2838 6003 2937 6050 ἀλλ’
2957 6003 3080 6052 οὐδέ.
