4088 6326
141 463 228 517 ﬁl

139 581 365 647 Moyses.
402 578 591 643 Iesus,
650 579 941 649 inquiunt,
974 575 1279 631 Nazarenus
1307 618 1323 640 ,
1366 574 1520 646 quasi
1565 584 1755 631 contu-

137 671 361 724 meliose
388 712 405 735 ,
439 670 665 725 destruet
700 672 865 723 locum
893 669 1067 731 istum,
1096 678 1143 721 et
1178 667 1393 720 mutabit
1429 666 1757 720 consuetudi-

133 777 235 814 nes.
266 760 387 816 Hoc
430 762 593 816 etiam
637 759 910 815 Christum
949 767 1289 822 accusantes.
1329 758 1621 813 dicebam:
1655 757 1756 824 Qui

132 854 351 907 destruis
388 854 637 921 teinplum
661 852 757 907 Dei
791 851 1006 923 (Matth.
1024 851 1117 906 27.
1141 850 1258 921 40).
1283 850 1445 905 Multa
1463 849 1662 920 quippe
1686 849 1752 903 il-

132 944 190 999 lis
217 946 531 999 reverentia
553 956 668 999 erat
691 959 817 1015 erga
843 944 1125 1014 templum,
1149 952 1334 1013 utpote
1353 943 1444 1013 qui
1465 942 1572 996 illic
1590 940 1753 996 sedes

132 1049 335 1103 ponere
362 1036 589 1100 vellent,
625 1036 858 1105 itemque
876 1050 1003 1103 erga
1035 1032 1233 1104 Moysis
1266 1046 1483 1087 nomen.
1512 1029 1579 1085 Et
1605 1029 1745 1096 vide,

129 1127 412 1197 quomodo
434 1126 634 1196 duplex
661 1127 731 1181 sit
751 1125 1023 1180 accusatio
1053 1142 1065 1177 :
1094 1123 1349 1189 Destruet,
1378 1122 1641 1191 inquiunt,
1666 1122 1745 1175 1ος

130 1235 241 1271 runt
269 1228 321 1272 et
350 1220 565 1272 mutabit
589 1216 999 1272 consuetudines.
1047 1214 1163 1269 Non
1206 1214 1368 1269 modo
1393 1213 1590 1282 duplex
1612 1254 1627 1277 ,
1651 1212 1745 1267 sed

128 1311 287 1365 etiam
312 1313 538 1374 acerba,
571 1319 624 1365 et
651 1310 809 1379 plena
840 1307 1113 1379 periculis.
1142 1307 1230 1362 l5.
1263 1306 1326 1361 Et
1352 1308 1601 1361 intuentes
1626 1321 1745 1360 eum

126 1418 319 1465 omnes,
334 1403 426 1469 qui
441 1402 675 1456 sedebant
697 1402 749 1454 in
770 1398 1007 1463 concilio,
1024 1398 1255 1452 viderunt
1277 1397 1461 1469 faciem
1482 1397 1592 1467 ejus
1614 1406 1739 1449 tam-

124 1508 273 1560 quam
304 1494 496 1563 [aciem
521 1490 709 1564 angeli.
740 1489 831 1547 Sic
858 1489 972 1545 ﬁeri
996 1496 1207 1557 potest,
1238 1498 1298 1543 ut
1324 1488 1415 1559 qui
1458 1486 1509 1541 in
1547 1486 1740 1543 minori

125 1586 289 1655 giadu
320 1596 450 1640 sunt
472 1586 793 1639 clarescant.
837 1583 977 1657 Quid
999 1580 1143 1637 enim
1165 1623 1179 1646 ,
1203 1595 1421 1652 quasso,
1448 1579 1536 1635 hic
1561 1580 1741 1634 minus

126 1679 379 1746 habebat,
428 1693 587 1748 quam
614 1676 879 1747 apostoli?
934 1689 1114 1731 nonne
1148 1674 1301 1744 signa
1330 1682 1585 1743 operatus
1607 1670 1738 1727 est?

126 1786 300 1826 nonne
326 1771 551 1825 multam
578 1768 819 1825 exhibuit
843 1765 1095 1837 loquendi
1115 1764 1459 1821 libertatem?
1484 1761 1737 1818 Viderunt

124 1867 306 1934 facient
336 1867 470 1936 ejus,
490 1874 747 1933 tamquam
768 1862 954 1931 faciem
978 1860 1169 1929 angeli,
1191 1859 1384 1929 inquit.
1415 1857 1543 1912 llam
1563 1856 1734 1927 gratia

121 1964 250 2021 erat,
282 1955 404 2010 haec
424 1954 593 2027 gloria
615 1953 813 2024 Moysis
838 1962 975 2008 erat.
1017 1950 1330 2008 Gratiosum
1353 1958 1535 2006 autem
1559 1949 1731 2016 illum,

124 2062 174 2103 ut
203 2048 423 2104 videtur
442 2047 598 2115 mihi,
623 2046 751 2104 fecit
776 2046 937 2111 Deus,
972 2044 1109 2100 forte
1129 2044 1254 2114 quia
1280 2043 1525 2113 quasdam
1557 2041 1733 2097 dictu-

125 2153 208 2195 rus
229 2148 376 2207 erat,
397 2148 457 2194 ut
476 2139 660 2193 statim
682 2136 765 2193 vel
787 2153 851 2193 ex
875 2145 1095 2205 aSpectu
1124 2135 1245 2190 illos
1268 2131 1730 2205 perterrefaceret.

124 2230 349 2286 Possunt
376 2232 526 2287 enim
544 2271 560 2297 ,
598 2237 823 2299 possunt
850 2229 1036 2298 utique
1064 2227 1243 2281 vultus
1269 2226 1437 2297 gratia
1466 2224 1729 2295 spirituali

123 2324 279 2391 pleni,
305 2323 574 2378 amabiles
594 2321 1047 2385 desiderantibus,
1071 2317 1363 2372 venerandi
1385 2327 1441 2372 et
1462 2316 1730 2372 terribiles

120 2413 422 2469 odientibus
444 2428 588 2468 use.
615 2411 712 2467 Vel
735 2410 985 2465 fortassis
1007 2410 1112 2463 hoc
1132 2407 1286 2473 dixit,
1313 2407 1465 2478 quasi
1486 2421 1725 2470 causam,

121 2516 335 2577 propter
363 2521 530 2578 quam
572 2505 715 2574 passi
741 2512 867 2559 sunt
897 2503 1045 2556 illum
1077 2501 1410 2556 concionari.
1433 2499 1571 2567 Quid
1597 2514 1728 2555 vero

120 2600 360 2670 princeps
386 2596 770 2653 sacerdotum?
798 2593 953 2664 (Cap.
987 2594 1068 2663 7.)
1100 2594 1151 2648 i.
1183 2591 1245 2647 Si
1272 2592 1401 2657 litae,
1434 2590 1623 2661 inquit,
1654 2591 1726 2644 ita

118 2707 164 2744 se
183 2691 364 2744 habent
382 2690 410 2743 ?
438 2688 649 2753 Viden‘,
678 2702 838 2757 quam
865 2693 1147 2740 mansueta
1171 2693 1224 2739 et
1247 2684 1379 2738 nihil
1408 2682 1630 2738 molesta
1654 2684 1727 2738 sit

119 2779 502 2852 interrogatio?
529 2777 655 2833 Ideo
679 2777 769 2833 ille
799 2775 1011 2847 placide
1038 2774 1270 2841 orditur,
1296 2783 1353 2830 et
1374 2777 1452 2828 ait
1482 2774 1574 2829 τε.
1615 2771 1724 2829 Viri

118 2877 287 2939 fratres
316 2886 364 2928 et
396 2882 567 2943 patres
591 2912 606 2937 ,
638 2871 814 2924 audite
842 2885 861 2924 :
890 2867 1029 2923 Deus
1070 2868 1249 2939 gloria:
1296 2867 1540 2938 apparuit
1588 2866 1722 2937 patri

117 2976 275 3019 nostro
302 2965 551 3029 Abraha',
583 2978 700 3016 cum
736 2971 863 3016 esset
899 2961 955 3013 in
1002 2957 1397 3029 MesOpotamia,
1424 2959 1721 3028 priusquam

117 3066 388 3109 moraretur
417 3056 472 3108 in
495 3052 755 3109 Charran.
806 3051 1000 3107 Statim
1032 3066 1060 3102 a
1095 3050 1362 3121 principio
1408 3050 1717 3119 Opinionem

116 3146 312 3199 illorum
342 3145 527 3209 tollit,
555 3152 611 3200 et
633 3144 750 3199 sine
792 3142 899 3197 ulla
942 3141 1250 3211 suspicione
1293 3140 1557 3206 adstruit,
1585 3140 1717 3195 nihil

114 3250 222 3290 esse
250 3236 539 3305 templum,
571 3234 704 3289 nihil
733 3232 1176 3319 consuetudines,
1205 3244 1381 3299 neque
1404 3232 1548 3300 ipsos
1572 3247 1716 3301 prie-

114 3328 431 3384 dicationem
473 3342 597 3383 esse
626 3326 960 3382 cohibituros
985 3340 999 3390 ;
1025 3324 1304 3393 Deumque
1348 3337 1565 3392 semper
1615 3336 1712 3389 ea,

112 3436 219 3489 qua:
235 3420 492 3476 videntur
512 3418 888 3491 impossibilia,
913 3418 1092 3473 facere
1112 3424 1168 3471 et
1190 3429 1399 3485 parare.
1431 3413 1565 3470 Vide
1584 3427 1714 3483 ergo

113 3515 187 3570 his
232 3515 451 3571 contexi
502 3513 822 3569 concionem
844 3554 860 3577 ,
892 3526 996 3582 qua
1033 3508 1367 3572 ostenditur,
1393 3507 1515 3562 illos
1549 3507 1711 3562 multa

110 3623 310 3679 semper
328 3608 426 3664 Dei
446 3607 774 3678 benignitate
802 3603 1063 3669 fruentes,
1085 3602 1355 3659 contraria
1382 3599 1710 3655 benefaCtori

110 3702 439 3769 rependisse,
463 3709 521 3754 et
549 3697 901 3768 impossibilia
937 3704 1164 3750 tentare.
1215 3693 1354 3749 Deus
1392 3693 1572 3764 gloria:
1610 3708 1709 3760 ap-

110 3791 267 3858 paruit
291 3792 426 3861 patri
452 3799 628 3843 nostro
655 3787 905 3852 Abrahar,
941 3788 993 3842 ‘5.
1026 3796 1073 3839 et
1101 3786 1230 3839 dixit
1271 3785 1340 3839 ad
1378 3784 1524 3837 illam
1550 3798 1571 3837 :
1603 3781 1707 3838 Emi

108 3884 165 3935 de
204 3895 336 3937 terra
364 3895 472 3941 tua.
499 3893 547 3936 et
574 3882 683 3937 verti
712 3882 763 3936 in
792 3890 981 3935 terram
1002 3921 1018 3948 ,
1040 3894 1195 3951 quam
1222 3885 1566 3932 monstravero
1593 3877 1703 3931 tibi.

109 3974 259 4044 (Gen.
298 3975 389 4030 ta.
444 3975 532 4044 t).

170 4066 221 4121 2.
250 4066 540 4135 Templum
567 4062 804 4119 nondum
833 4072 969 4127 erat,
1001 4057 1326 4116 sacrificium
1353 4073 1461 4113 non
1489 4066 1627 4121 erat,
1650 4066 1705 4113 et

107 4154 269 4210 divina
318 4157 529 4211 visione
572 4155 819 4224 dignatus
868 4161 951 4207 est
992 4150 1282 4216 Abraham,
1308 4150 1395 4219 qui
1426 4147 1701 4219 Persas(a)

107 4248 473 4317 progenitores
504 4245 707 4310 habuit,
731 4254 787 4300 et
815 4244 869 4298 in
893 4243 1067 4298 aliena
1098 4251 1241 4297 terra
1268 4249 1403 4296 erat.
1432 4239 1499 4295 Et
1524 4255 1622 4295 cur
1647 4241 1698 4295 in

104 4341 312 4394 exordio
340 4340 530 4404 Deum,
559 4339 746 4409 gloria:
774 4336 1062 4407 appellavit
1092 4333 1298 4389 Deum?
1336 4332 1470 4400 Quia
1497 4332 1585 4387 ille
1615 4333 1697 4387 inv

105 4430 291 4499 glorios
311 4431 436 4486 fecit
455 4430 757 4500 gloriosos;
780 4436 835 4482 et
852 4438 905 4481 ut
928 4425 1258 4489 ostenderet,
1286 4424 1331 4478 si
1352 4424 1475 4479 illos
1496 4422 1697 4493 gloriﬁ-

105 4522 229 4575 cai-it
252 4564 268 4587 ,
291 4521 464 4575 multo
500 4519 670 4589 magis
706 4519 838 4573 istos
876 4515 1304 4587 glurilicaturum
1330 4529 1474 4570 esse.
1506 4513 1695 4569 Viden’

104 4616 360 4685 quomodo
385 4616 507 4669 illos
534 4629 565 4669 a
593 4615 870 4683 corporeis
892 4611 1141 4675 abducat,
1167 4618 1222 4663 et
1242 4624 1271 4662 a
1295 4608 1415 4662 loco
1440 4608 1692 4676 primum,

102 4710 214 4774 quia
229 4707 297 4763 de
314 4707 434 4760 loco
451 4705 743 4775 agebatur?
760 4702 897 4757 Deus
913 4702 1110 4773 gloriae.
1141 4700 1199 4755 Si
1223 4700 1363 4754 Deus
1384 4708 1466 4754 est
1482 4699 1690 4769 glorim,

103 4799 263 4864 palam
293 4807 376 4851 est
398 4797 548 4851 illum
573 4812 681 4851 non
710 4810 870 4866 egere
898 4794 1065 4864 gloria
1095 4802 1298 4856 nostra,
1329 4807 1499 4863 neque
1522 4792 1691 4862 gloria

102 4890 270 4957 templi
290 4906 305 4952 ;
325 4889 443 4957 ipse
478 4901 711 4958 namque
742 4896 821 4941 est
857 4885 1043 4956 gloriae
1075 4886 1215 4938 lous.
1246 4882 1322 4938 Ne
1349 4897 1476 4953 ergo
1495 4882 1690 4952 putetis

100 4994 187 5033 vos
212 4981 288 5034 sic
315 4979 467 5033 illum
494 4978 891 5048 gloriﬁcaturos
916 4990 1057 5032 esse.
1100 4975 1167 5029 Et
1188 4990 1304 5039 cur,
1334 4974 1561 5043 inquies,
1587 4972 1690 5028 hoc

98 5070 356 5141 Scriptum
385 5071 454 5125 de
484 5070 793 5125 Abrahamo
816 5068 990 5125 dicit?
1016 5067 1149 5134 Quia
1179 5068 1357 5121 minus
1382 5064 1687 5120 necessaria

100 5178 193 5215 non
222 5164 405 5216 relert.
446 5160 600 5229 Quod
628 5161 773 5214 enim
803 5160 943 5215 scire
972 5173 1073 5213 nos
1097 5156 1436 5231 expediebat,
1472 5156 1574 5210 hoc
1598 5170 1688 5210 so-

100 5252 194 5304 lum
224 5268 318 5307 nos
345 5252 551 5316 docuit,
602 5250 744 5321 quod
789 5250 981 5306 videns
1010 5249 1173 5302 lilium
1213 5265 1334 5303 cum
1373 5247 1463 5302 illo
1488 5248 1685 5317 migra-

100 5346 190 5405 vit;
221 5353 415 5398 czctera
448 5359 575 5398 vero
606 5345 791 5407 tacuit,
846 5356 912 5396 eo
959 5342 1103 5412 quod
1160 5340 1269 5394 cito
1316 5348 1559 5393 mortuus
1613 5339 1684 5394 sit

98 5445 360 5502 postquam
408 5434 738 5488 habitaverat
768 5432 819 5487 in
845 5432 1108 5486 Charran.
1165 5430 1263 5484 Emi
1293 5431 1356 5483 de
1382 5432 1683 5500 cognatione

98 5535 192 5577 tua.
226 5525 318 5581 llic
344 5525 583 5580 ostendit
612 5524 710 5579 hos
748 5540 856 5579 non
899 5539 1020 5578 esse
1066 5523 1203 5577 ﬁlios
1229 5522 1481 5577 Abralne.
1530 5522 1678 5589 Quo-

99 5616 280 5668 modo?
322 5615 455 5682 Quia
484 5615 573 5670 ille
601 5616 908 5686 obsequens
951 5625 1087 5681 erat,
1122 5614 1171 5668 hi
1205 5624 1385 5668 autem
1436 5616 1681 5683 pervica-

97 5719 203 5769 ces;
221 5706 323 5760 imo
336 5722 399 5761 ex
426 5706 492 5759 iis
511 5721 629 5776 qua!
644 5706 829 5775 jussus
852 5704 971 5760 iacit
988 5704 1266 5774 disi-imus,
1292 5705 1441 5758 illum
1461 5704 1676 5775 quidem

152 5842 218 5903 (α)
248 5842 507 5894 Familiam
546 5839 995 5907 esthrysostomo
1008 5841 1291 5899 Orientales
1328 5854 1460 5909 pene
1502 5855 1676 5896 omnes

98 5914 249 5956 vocare
270 5914 454 5957 rasas.

1148 461 1213 517 IN
1257 460 1438 517 ACTA
1482 459 2014 518 APOSTOLORUM.
2056 458 2292 518 HOMIL.
2335 460 2452 519 XV.

3380 468 3484 525 1ἳὲ

1867 574 2079 631 labores
2122 577 2468 643 sustinuisse,
2494 575 2595 632 bos
2642 592 2773 635 vero
2819 578 3025 635 [metus
3072 578 3403 652 decerpere,
3429 598 3484 641 ct

1864 667 2239 737 progenitores
2259 682 2452 725 omnes
2482 668 2534 722 in
2563 670 2820 725 arrumnis
2850 668 3039 726 fuisse.
3064 671 3121 725 4.
3155 690 3175 724 ι
3204 671 3271 727 Et
3290 688 3482 745 egres-

1862 772 1954 812 sus
1975 757 2044 813 de
2066 767 2206 814 terra
2229 758 2628 827 Chaldaeorum,
2650 760 2914 816 habitavit
2929 761 2983 816 in
3000 760 3264 819 Cbarran:
3283 774 3339 821 et
3355 766 3484 823 inde

1861 860 2143 925 postquam
2186 864 2436 911 mortuus
2456 864 2543 911 est
2567 865 2721 928 pater
2740 857 2858 926 ejus
2882 896 2900 925 ,
2944 859 3220 915 transtulit
3246 859 3395 916 illum
3426 861 3479 915 in

1859 954 2055 999 terram
2084 945 2240 1000 istam
2264 965 2278 1002 :
2302 946 2480 1017 inqua
2506 961 2649 1003 nunc
2675 962 2771 1003 vos
2794 948 3083 1004 habitatis:
3104 949 3158 1005 5.
3175 956 3234 1004 et
3258 965 3366 1006 non
3382 950 3482 1006 de.

1854 1036 1931 1091 dit
1954 1037 2029 1092 illi
2058 1037 2430 1094 hcereditatem
2456 1040 2508 1095 in
2528 1055 2611 1104 ea,
2630 1056 2806 1111 neque
2830 1055 3048 1111 passum
3067 1040 3238 1112 pedis.
3268 1059 3289 1095 ι
3318 1042 3476 1110 Vide,

1855 1128 2130 1197 quomodo
2152 1130 2274 1185 illos
2296 1144 2328 1185 a
2357 1140 2499 1186 terra
2520 1131 2777 1187 abducat.
2801 1131 2919 1187 Non
2940 1132 3077 1187 dixit
3096 1134 3264 1200 enim,
3284 1132 3473 1207 Dabit;

1852 1218 1971 1285 sed,
2004 1219 2127 1275 Non
2154 1213 2315 1289 dedit,
2337 1222 2622 1278 declarans
2640 1224 2825 1279 munia
2850 1224 2921 1279 ab
2946 1224 3061 1290 illo,
3096 1224 3230 1280 niltil
3253 1226 3321 1281 ab
3343 1225 3475 1296 ipsis

1853 1310 2041 1368 fuisse.
2089 1312 2252 1369 Venit
2288 1315 2434 1369 enim
2476 1316 2663 1371 relicta
2706 1316 3033 1388 cognatione
3056 1326 3112 1372 et
3139 1318 3329 1387 patria.
3362 1318 3474 1373 Cur

1849 1416 1981 1471 ergo
2004 1417 2111 1458 non
2136 1402 2321 1460 dedit?
2345 1406 2482 1472 Quia
2517 1404 2685 1477 ﬁgura
2714 1417 2834 1463 erat
2859 1408 3083 1465 alterius
3124 1418 3285 1465 terra:
3303 1425 3467 1481 quam

1850 1495 2097 1562 promisit
2124 1510 2184 1552 se
2215 1496 2290 1552 illi
2322 1497 2595 1553 daturum.
2633 1499 2796 1556 Vides
2819 1542 2835 1567 ,
2867 1516 2993 1557 eum
3022 1516 3128 1556 non
3157 1503 3275 1557 sine
3301 1518 3466 1559 causa

1844 1598 2152 1643 sermonem
2190 1591 2512 1645 resumere?
2543 1590 2663 1645 Non
2694 1592 2833 1646 dedit
2871 1592 2978 1657 illi,
3015 1593 3204 1662 inquit.
3244 1592 3313 1648 Et
3344 1613 3466 1666 pro-

1844 1678 1981 1731 misit
2023 1679 2207 1733 semini
2246 1681 2357 1746 eius
2387 1691 2500 1751 post
2537 1682 2683 1737 illum
2706 1724 2721 1750 ,
2752 1700 2870 1737 cum
2905 1701 3008 1739 non
3038 1685 3243 1739 haberet
3271 1688 3462 1754 lilium.

1845 1768 1979 1825 llinc
2010 1787 2225 1827 rursum
2263 1774 2569 1830 ostenditur
2602 1775 2693 1831 Dei
2725 1778 2966 1846 potentia
2988 1819 3003 1845 ,
3036 1778 3182 1848 quod
3208 1793 3273 1832 ea
3302 1778 3461 1834 faciat

1841 1877 1962 1932 qua:
1989 1864 2342 1935 impossibilia
2373 1866 2645 1924 videntur.
2681 1869 2817 1924 Eum
2846 1871 3013 1937 enim,
3044 1871 3135 1940 qui
3162 1871 3214 1926 in
3238 1870 3461 1927 Perside

1839 1965 1976 2021 erat,
2013 1966 2164 2013 tanto
2193 1959 2369 2028 spatio
2396 1972 2691 2026 remotum,
2721 1962 2857 2018 dixit
2887 1980 2946 2018 se
2974 1964 3254 2019 dominum
3285 1964 3459 2020 Palic-

1838 2048 1995 2102 stina:
2025 2047 2319 2106 facturum.
2362 2051 2469 2109 Sed
2508 2051 2647 2108 dicta
2693 2055 2943 2124 superius
2982 2066 3313 2127 repetamus.
3361 2056 3457 2112 In-

1838 2149 2034 2197 tuentes
2070 2143 2123 2197 in
2161 2160 2277 2197 eum
2301 2186 2316 2210 ,
2348 2145 2553 2215 inquit,
2582 2147 2819 2201 uiderunt
2842 2147 3028 2218 [ariam
3057 2150 3168 2219 ejus
3193 2158 3455 2218 tamquam

1835 2235 2019 2304 faciem
2045 2234 2237 2304 angeli.
2267 2234 2417 2291 Unde
2446 2238 2497 2291 in
2525 2236 2801 2307 Stephano
2824 2240 2993 2309 gratia
3025 2239 3289 2295 lloreluit?
3316 2257 3455 2296 non.

1834 2340 1902 2379 ne
1928 2341 1994 2381 ex
2028 2326 2178 2381 fide?
2204 2326 2258 2382 Id
2283 2336 2435 2383 certe
2464 2329 2637 2398 palam
2664 2339 2779 2395 est;
2810 2347 2931 2385 nam
2959 2346 3121 2402 supra
3150 2332 3219 2386 de
3245 2331 3340 2387 illo
3363 2334 3451 2389 di-

1832 2417 1944 2485 xit,
1978 2419 2196 2490 plenum
2226 2419 2333 2477 ﬁde
2372 2421 2557 2478 fuisse.
2587 2422 2775 2480 Potest
2799 2434 2981 2480 autem
3022 2423 3207 2481 haberi
3239 2428 3407 2497 gratia
3428 2470 3446 2493 ,

1830 2524 1953 2579 qua:
2000 2526 2107 2566 non
2149 2512 2222 2567 sit
2262 2514 2599 2569 curationum
2643 2533 2657 2570 :
2701 2514 2825 2572 ideo
2865 2516 2941 2571 ait
2972 2517 3262 2588 Apostolus
3294 2535 3309 2571 :
3342 2520 3450 2574 Alii

1829 2602 2004 2669 datur,
2039 2604 2244 2674 inquit,
2280 2608 2449 2677 gratia
2472 2608 2799 2663 curationum
2819 2650 2833 2673 ,
2863 2609 2955 2664 alii
2983 2626 3151 2665 sermo
3179 2613 3447 2680 sapientiae

1828 2694 1918 2766 (ι.
1949 2693 2068 2750 Cor.
2100 2695 2188 2751 12.
2221 2697 2317 2765 9).
2351 2699 2451 2755 Hic
2479 2710 2659 2756 autem
2688 2700 2903 2757 videtur
2928 2702 3058 2756 milii
3102 2702 3251 2758 illum
3288 2704 3445 2758 valde

1825 2785 2121 2855 gratiosum
2164 2789 2329 2845 fuisse
2367 2789 2693 2847 subiudicari
2717 2833 2733 2859 ,
2764 2806 2889 2847 cum
2919 2792 3149 2860 dicitur,
3190 2792 3444 2849 Viderunt

1826 2879 2008 2947 faciem
2051 2881 2162 2946 eius
2207 2891 2469 2953 tamquam
2510 2885 2695 2955 faciem
2739 2885 2947 2956 angeli;
2982 2886 3125 2955 quod
3170 2888 3333 2942 etiam
3372 2888 3442 2943 de

1822 2968 2064 3026 Barnaba
2092 2968 2295 3027 dictum
2325 2972 2443 3028 fuit.
2474 2973 2631 3031 Unde
2668 2976 2869 3031 scimus
2897 2976 3171 3047 simplices
3200 2988 3253 3032 et
3284 2978 3442 3033 inno-

1822 3069 2007 3116 centes
2047 3061 2098 3116 in
2140 3064 2331 3132 primis
2373 3065 2426 3119 in
2468 3065 2828 3122 admiratione
2864 3082 2987 3123 esse
3010 3067 3051 3133 ',
3096 3068 3439 3140 maximeque

1820 3154 2108 3223 gratiosos.
2142 3155 2285 3211 Tunc
2320 3158 2680 3213 summiserant
2706 3160 2841 3214 viros
2866 3160 2953 3230 qui
2976 3159 3233 3225 dicerent,
3263 3178 3317 3217 se
3341 3180 3439 3215 au-

1819 3244 2007 3299 divisse
2047 3245 2195 3300 illum
2231 3248 2479 3304 dicentem
2521 3249 2671 3304 verba
2713 3250 3035 3320 blasphema.
3065 3250 3143 3308 De
3175 3255 3437 3322 apostolis

1817 3338 2036 3407 quidem
2067 3337 2340 3408 dicebant,
2371 3342 2514 3411 quod
2544 3344 2996 3398 resurrectionem
3025 3346 3431 3414 annuntiarent,

1817 3428 2039 3498 etquod
2082 3428 2246 3483 multa
2284 3431 2437 3486 turba
2469 3432 2803 3499 conﬂueret;
2839 3434 2924 3488 hic
2955 3443 3133 3490 autem
3166 3435 3310 3505 quod
3339 3453 3432 3491 sa-

1816 3529 2097 3577 narentur.
2126 3520 2171 3578 Ο
2202 3522 2599 3593 insipientiam!
2648 3525 2723 3580 De
2762 3526 2958 3597 quibus
2997 3528 3281 3598 oportebat
3308 3545 3427 3600 gra-

1816 3613 1917 3667 tias
1941 3627 2102 3683 agere
2121 3655 2136 3680 ,
2166 3613 2236 3669 de
2279 3614 2346 3669 iis
2383 3614 2816 3686 redarguebant;
2846 3624 2901 3671 et
2929 3632 3025 3675 eos
3051 3619 3141 3690 qui
3172 3621 3431 3689 operibus

1812 3706 2159 3774 superabant,
2206 3721 2266 3761 se
2313 3706 2494 3763 verbis
2542 3719 2893 3778 superaturos
2943 3723 3065 3765 esse
3112 3711 3426 3781 sperabant,

1811 3795 1953 3866 quod
1999 3797 2161 3852 etiam
2214 3812 2341 3868 erga
2397 3797 2674 3854 Christum
2712 3799 3009 3867 iaciebant;
3041 3810 3094 3856 et
3126 3815 3343 3873 semper
3374 3804 3427 3859 iu

1810 3885 1974 3941 verba
2015 3901 2140 3942 sese
2184 3888 2591 3944 convertebant.
2628 3888 2754 3944 lllos
2795 3890 2941 3945 enim
2985 3900 3194 3948 temere
3232 3909 3426 3965 rapere

1809 3977 2230 4041 erubescebant,
2274 3978 2404 4034 nihil
2446 3979 2704 4036 habentes
2735 3996 2843 4052 quo
2870 3981 3311 4039 criminarentur.
3358 3986 3419 4042 Et

1807 4067 1966 4131 vide,
2000 4068 2273 4137 quomodo
2313 4085 2418 4124 non
2464 4070 2673 4139 iudices
2717 4071 2817 4141 ipsi
2857 4072 3254 4140 testiﬁcentur;
3296 4091 3421 4133 nam

1807 4160 2068 4215 conlutati
2102 4159 2362 4227 fuissent;
2397 4161 2492 4217 sed
2519 4163 2657 4218 alios
2700 4162 2898 4219 frustra
2938 4165 3189 4221 mercede
3216 4168 3423 4222 condu-

1804 4260 1967 4319 cunt,
2000 4258 2055 4305 ut
2088 4266 2154 4305 ne
2183 4250 2458 4306 videretur
2487 4267 2573 4308 res
2612 4268 2733 4309 esse
2772 4254 3033 4309 violenta.
3080 4255 3193 4311 Hoc
3241 4257 3420 4327 ipsum

1804 4344 1965 4399 etiam
1994 4340 2213 4398 Christo
2242 4342 2536 4413 contigisse
2566 4343 2770 4399 videas.
2805 4343 3057 4399 Vidistin’
3083 4346 3191 4400 vim
3225 4348 3421 4415 praedi-

1803 4437 2047 4501 cationis,
2078 4444 2134 4490 et
2152 4435 2424 4506 quomodo
2450 4435 2628 4506 vigeat
2654 4451 2761 4490 non
2794 4436 2956 4491 modo
2981 4453 3103 4493 cum
3137 4454 3417 4509 prmcones

1803 4528 2170 4600 ﬂagellantur,
2204 4528 2299 4583 sed
2335 4529 2496 4583 etiam
2536 4544 2659 4583 cum
2702 4528 3039 4599 lapiduntur,
3068 4545 3191 4585 cum
3220 4530 3285 4585 ad
3320 4533 3418 4586 tri-

1802 4621 1966 4677 bunal
2006 4630 2271 4691 aguntur,
2314 4631 2439 4675 eum
2488 4620 2727 4690 undique
2783 4620 3098 4690 pelluntur?
3128 4622 3263 4676 llinc
3302 4621 3410 4679 illis

1798 4714 1930 4770 falsa
1965 4714 2402 4778 testiﬁcantibns,
2441 4728 2546 4767 non
2587 4712 2750 4768 modo
2781 4729 2887 4767 non
2921 4714 3279 4783 superabant,
3312 4717 3411 4770 sed

1798 4822 1899 4861 nec
1915 4806 2179 4861 obsistere
2196 4804 2446 4860 valebant
2463 4806 2504 4869 ',
2522 4803 2622 4859 etsi
2647 4804 2800 4859 valde
2818 4805 3159 4874 impudentes
3184 4815 3365 4861 essent
3390 4824 3405 4863 :

1796 4899 1876 4953 sic
1904 4898 2025 4952 illos
2056 4895 2265 4950 fortiter
2288 4895 2517 4960 devicit,
2550 4894 2649 4949 etsi
2692 4894 2858 4948 multa
2890 4895 3295 4966 incongruentia
3330 4896 3411 4951 fa-

1794 4997 1998 5052 cerent,
2033 4997 2083 5041 ut
2116 4996 2169 5042 ct
2200 5001 2325 5057 erga
2352 4985 2659 5052 Christum,
2692 5002 2819 5042 cum
2862 4988 3041 5041 omnia
3073 4989 3311 5043 facerent
3347 4998 3409 5044 ut

1794 5080 1945 5135 illum
1991 5089 2166 5133 morte
2208 5079 2522 5143 aiticcrent,
2562 5077 2633 5131 ita
2682 5086 2738 5131 ut
2782 5076 3000 5132 demum
3044 5078 3218 5147 palam
3259 5089 3407 5134 esset

1790 5172 2062 5237 omnibus,
2088 5186 2194 5225 non
2223 5170 2511 5223 humanam
2538 5182 2658 5223 esse
2684 5182 2937 5238 pugnam,
2967 5168 3063 5224 sed
3092 5168 3184 5224 Dei
3212 5180 3403 5225 contra

1790 5263 2057 5319 homines.
2101 5261 2380 5330 Perpende
2422 5271 2603 5317 autem
2644 5261 2772 5330 quid
2812 5260 3008 5315 faciant
3052 5260 3125 5315 illi
3170 5264 3404 5331 appositi

1792 5357 1907 5411 falsi
1933 5366 2095 5412 testes
2119 5356 2185 5411 ah
2208 5356 2293 5422 iis,
2320 5356 2409 5427 qui
2436 5354 2779 5425 sanguinario
2802 5356 2985 5410 animo
3016 5355 3163 5411 illutn
3194 5358 3246 5411 in
3269 5373 3402 5411 eon-

1789 5450 1969 5504 cilium
1998 5457 2307 5518 rapuerant.
2336 5448 2637 5501 Audiuimus
2667 5447 2813 5500 illunt
2843 5448 3090 5502 dicentem
3117 5452 3266 5503 verba
3287 5450 3401 5520 bla-

1785 5541 1996 5612 sphema
2023 5550 2200 5595 contra
2226 5538 2456 5611 Moysen:
2480 5556 2538 5594 ac
2564 5537 2753 5595 Deum.
2778 5538 2823 5594 Ο
2846 5539 3187 5612 impudentes
3212 5543 3225 5595 l
3256 5544 3403 5606 Ope-

1851 5723 1867 5754 ι
1909 5720 2034 5770 Alius
2064 5720 2217 5771 habet
2244 5756 2259 5780 ,
2294 5717 2448 5771 salvos
2496 5734 2618 5779 esse,
2661 5734 2751 5780 pro
2778 5756 2793 5780 ,
2825 5718 2877 5770 in
2926 5719 3251 5771 admiratione
3277 5731 3399 5773 esse.

1848 5786 1869 5815 ι
1892 5786 2117 5852 pnus-sic
2140 5784 2291 5833 habet
2318 5799 2330 5832 :
2354 5819 2367 5831 .
2487 5782 2724 5852 '(indique
2754 5781 2999 5852 pelluntur
3025 5781 3049 5831 ?
3085 5790 3130 5851 et
3153 5782 3253 5852 illis
3276 5784 3400 5852 ipsis

1786 5843 2144 5957 amrﬁtlen‘gltmls‘,
2168 5858 2263 5896 non
2287 5846 2431 5897 modo
2454 5843 2787 5909 vincebantur,
2812 5848 2901 5897 scd
2931 5857 2992 5895 ne
3025 5843 3252 5900 resistere
3286 5843 3397 5911 aui-

1823 5920 1900 5957 em
1939 5920 1979 5956 ·(ι
2058 5920 2119 5956 αι
2146 5943 2159 5956 .
