4078 6318
663 419 769 474 425

666 545 722 582 ra
751 534 930 581 contra
958 521 1121 577 Deum
1146 517 1456 587 biaSphoma
1488 514 1676 583 facitis,
1708 518 1759 563 et
1790 526 1894 563 non
1923 508 2153 566 curatis;
2185 514 2240 557 et

663 620 731 671 de
776 616 953 687 Moyse
999 610 1210 666 solliciti
1259 623 1379 663 esse
1426 604 1718 660 sitnuL'nis?
1765 602 1889 656 Ideo
1930 597 2240 667 preponitur

662 712 890 779 lloises,
916 704 1177 773 quisqua:
1206 700 1295 753 Dei
1316 708 1485 762 erant,
1510 712 1614 750 non
1644 694 1866 747 multum
1890 691 2164 752 curabant,
2187 697 2242 740 et

664 778 857 867 ubique
886 796 1117 866 Moysem
1140 797 1557 847 commemorant
1587 807 1598 841 :
1625 785 1845 853 Moyses,
1874 780 2133 850 inquiunt,
2162 778 2243 830 hic

659 892 744 958 qui
774 886 946 942 admit
977 903 1066 939 nos
1101 884 1246 954 (Act.
1278 882 1330 935 7.
1370 880 1436 933 40
1458 880 1496 947 ),
1529 877 1681 931 facile
1709 872 1956 927 mobilem
1991 868 2241 939 p0pulunt

664 981 952 1035 irritantes.
986 976 1141 1045 Atqui
1173 971 1439 1044 quomodo
1480 970 1561 1023 vir
1601 965 1941 1035 blasphemus
1966 962 2035 1015 ita
2067 959 2243 1012 vince-

665 1082 744 1125 iret
767 1071 789 1123 ?
812 1068 1082 1139 quomcdo
1112 1066 1189 1117 vir
1230 1063 1576 1131 blaSpItemus
1622 1058 1741 1111 talia
1787 1055 1933 1123 signa
1966 1052 2017 1104 in
2046 1047 2244 1119 populo

666 1161 901 1217 faceret?
926 1158 1027 1214 Sed
1059 1157 1176 1210 talis
1207 1170 1292 1208 res
1318 1162 1399 1208 est
1427 1150 1639 1211 invidia,
1672 1146 1861 1199 stultos
1886 1142 2123 1199 efficiens
2152 1153 2253 1193 eos

663 1268 798 1323 quos
828 1249 1054 1313 invasit,
1090 1259 1143 1302 ut
1183 1261 1353 1315 neque
1386 1244 1446 1296 iis
1474 1239 1750 1293 attendant
1779 1250 1895 1305 qua:
1938 1235 2240 1302 loquuntur.

665 1320 961 1399 Audiuimus
986 1343 1146 1404 illum,
1179 1337 1441 1406 inquiunt,
1474 1334 1753 1402 loquentem
1781 1326 2071 1395 blaspheme
2101 1320 2245 1374 verba

663 1449 841 1493 contra
883 1436 1112 1505 .iloysem
1150 1444 1192 1486 et
1225 1430 1425 1490 Deum;
1466 1441 1528 1479 ac
1570 1437 1800 1483 rursum,
1834 1417 1933 1471 Hic
1961 1417 2109 1469 homo
2144 1428 2245 1465 non

666 1529 999 1584 crssatmerlm
1040 1524 1175 1593 loqui
1214 1530 1385 1574 contra
1424 1519 1585 1570 locum
1624 1522 1851 1566 sanctum
1889 1519 1935 1561 et
1973 1507 2161 1576 legem,
2194 1510 2246 1555 et

665 1621 941 1691 adjiciunt,
970 1619 1095 1685 Qua:
1121 1612 1329 1667 tradidit
1352 1608 1490 1662 nobis
1521 1604 1759 1673 Moyses;
1785 1614 1891 1654 non
1918 1598 2053 1651 ultra
2082 1594 2242 1648 Deus.

739 1714 791 1769 5.
829 1710 1009 1766 Viden‘
1040 1703 1305 1776 quomodo
1338 1701 1482 1754 illum
1518 1696 1587 1751 ob
1629 1707 1871 1748 eversam
1913 1702 2025 1743 rem
2067 1683 2244 1753 publi-

669 1820 783 1858 cam
832 1773 1121 1870 impietatis
1161 1786 1634 1854 accusant?de
1666 1793 1841 1838 autem
1871 1795 1977 1833 non
2018 1773 2249 1847 potuerit

669 1899 757 1951 iIIe
788 1896 907 1949 talia
933 1891 1183 1945 audacter
1215 1884 1356 1955 loqui
1384 1924 1398 1947 ,
1428 1882 1617 1948 cuique
1645 1874 1984 1930 manifestum
2015 1876 2096 1922 est
2131 1865 2245 1919 :ita

669 1991 813 2045 mitis
837 1987 919 2040 vel
942 1986 994 2039 in
1019 1982 1153 2037 facie
1171 1989 1298 2035 erat.
1333 1978 1492 2045 Igitur
1516 1971 1604 2026 ubi
1628 1986 1732 2024 non
1760 1961 2243 2022 calumniabantur,

672 2080 801 2135 nihil
838 2079 943 2131 tale
981 2074 1110 2129 dicit
1150 2069 1422 2137 Scriptura
1457 2084 1469 2118 :
1500 2064 1621 2133 quia
1652 2074 1779 2113 vero
1809 2065 1977 2111 totum
2006 2053 2105 2106 hoc
2133 2050 2249 2102 loco

669 2170 931 2228 calumnia
962 2177 1062 2231 eSt,
1095 2165 1212 2233 jure
1245 2161 1388 2214 illam
1414 2156 1634 2225 corrigit
1664 2153 1826 2214 Deus,
1852 2147 1933 2203 vel
1961 2160 2055 2217 per
2080 2144 2251 2212 ipsum

670 2266 896 2319 vultum.
931 2256 1171 2327 Apostoli
1209 2262 1354 2307 certe
1387 2265 1491 2304 non
1523 2243 1801 2303 calumniis
1831 2236 2247 2308 impetebantur,

671 2355 765 2411 sed
811 2349 1267 2423 prohibebantur;
1312 2342 1399 2397 hic
1440 2355 1570 2394 vero
1611 2332 1891 2391 calumniis
1934 2326 2249 2397 impetitur:

673 2414 913 2514 ideoque.
935 2450 1058 2495 ante
1095 2437 1272 2492 omnia
1314 2434 1489 2488 vultus
1519 2431 1687 2499 ipsum
1722 2430 1928 2495 purgat.
1962 2420 2122 2473 Forte
2150 2414 2251 2469 hoc

672 2508 1001 2594 sacerdotem
1045 2531 1247 2604 pudore
1288 2525 1483 2583 aﬂeeit.
1513 2521 1614 2578 Ubi
1642 2532 1767 2575 vero
1792 2516 1965 2577 dixit,
1998 2508 2257 2565 Promiseb

675 2640 752 2684 rut
777 2672 795 2696 ,
826 2624 1059 2681 ostendit
1101 2618 1507 2691 promissionem
1550 2612 1713 2666 fuisse
1754 2608 1944 2661 factam
1973 2611 2254 2671 antequam

678 2724 827 2775 locus
856 2719 1141 2786 deputatus
1170 2720 1352 2773 esset,
1382 2716 1664 2775 antequam
1694 2694 2032 2755 circumcisio
2055 2733 2070 2757 ,
2103 2698 2257 2745 ante-

676 2827 834 2881 quam
872 2806 1190 2863 sacrilicium
1220 2809 1276 2856 et
1307 2797 1562 2867 templum
1598 2801 1743 2848 esset
1779 2807 1792 2843 :
1824 2796 1879 2843 et
1913 2786 2029 2840 illos
2056 2795 2163 2836 non
2194 2794 2259 2833 ex

678 2903 872 2958 merito
902 2896 1173 2966 accepisse
1212 2886 1674 2945 circumcisionem
1714 2892 1888 2949 neque
1926 2876 2095 2945 legem
2119 2910 2134 2936 ,
2164 2867 2258 2923 sed

679 2990 1227 3049 obedientizetantum
1264 2979 1564 3036 mercedem
1595 2975 1757 3029 fuisse
1786 2980 2004 3025 terram.
2034 2966 2103 3019 At
2130 2976 2262 3015 non-

684 3090 809 3142 dum
840 3080 1249 3138 circumcisione
1275 3074 1418 3133 data,
1445 3067 1730 3141 promissio
1756 3062 2005 3132 impletur
2035 3075 2051 3111 :
2084 3070 2147 3109 ae
2168 3067 2264 3122 per

684 3178 905 3246 figuram
938 3172 1087 3235 illos,
1125 3169 1232 3222 Deo
1253 3165 1496 3233 jubente,
1528 3158 1814 3229 probatur,
1859 3149 2139 3221 reliquisse
2166 3159 2262 3215 pa-

697 3268 850 3323 triam
871 3276 923 3320 et
942 3262 1310 3332 cognationem
1334 3256 1447 3325 (illa
1478 3245 1883 3319 namque‘patria
1902 3251 2002 3306 est,
2024 3238 2089 3293 ad
2106 3251 2263 3308 quam

687 3357 900 3414 duxerit
937 3355 1121 3422 Deus),
1163 3360 1214 3405 et
1243 3348 1331 3403 hic
1370 3343 1718 3400 hereditatem
1738 3354 1843 3393 non
1877 3335 2111 3389 habere:
2138 3344 2263 3385 nam

687 3449 731 3503 si
758 3447 874 3517 quis
901 3459 1011 3499 rem
1044 3448 1289 3497 accurate
1316 3436 1604 3497 examinet,
1633 3431 1809 3489 Persae
1826 3433 1949 3481 sunt
1977 3420 2144 3479 Judaei
2169 3436 2183 3485 ;
2212 3427 2266 3474 et

690 3511 879 3603 innuit,
912 3535 1051 3607 quod
1080 3535 1237 3590 etiam
1265 3532 1466 3599 absque
1502 3524 1667 3596 signis
1694 3514 2169 3587 obtemperandum
2200 3511 2271 3565 sit

692 3634 805 3687 Deo
831 3604 1087 3699 loquenti,
1111 3624 1316 3680 etiamsi
1344 3619 1520 3691 gravia
1545 3613 1787 3687 qua-dam
1807 3608 2066 3665 accidant.
2091 3604 2271 3672 Quan-

694 3694 977 3795 doquidem
1019 3715 1313 3791 patriarcha
1340 3722 1394 3768 et
1422 3719 1644 3781 materno
1674 3702 1919 3774 sepulcro
1944 3705 1999 3753 et
2024 3694 2271 3751 omnibus

692 3788 928 3879 relictis,
968 3788 1076 3866 Deo
1121 3803 1530 3873 obtemperavit.
1592 3795 1745 3865 Quod
1806 3793 1850 3848 si
1882 3788 2070 3857 *hujus
2123 3795 2273 3856 pater

656 3923 804 3986 Inoa
874 3903 1050 3958 socius
1090 3899 1231 3953 illius
1294 3896 1391 3949 fuit
1441 3890 1714 3960 migrantis
1778 3886 1833 3939 in
1893 3878 2271 3941 Palaestinam,

698 3999 865 4053 multo
904 3996 1078 4048 minus
1109 3991 1197 4044 lilii
1224 3993 1388 4043 erunt
1434 3988 1711 4038 consortes
1735 4017 1747 4041 ,
1790 3972 1998 4029 etiamsi
2030 3980 2274 4037 magnam

704 4090 803 4143 vim
835 4094 1036 4157 partem
1081 4081 1434 4139 emetiantur,
1490 4072 1612 4142 quia
1656 4068 1900 4121 virtutem
1956 4059 2121 4131 patris
2165 4070 2275 4111 non

708 4180 1002 4235 imitantur.
1039 4173 1107 4226 Et
1135 4168 1419 4240 repromisit
1456 4165 1581 4216 dare
1615 4160 1756 4213 illam
1797 4156 1841 4209 ei
1868 4164 1913 4208 et
1940 4150 2114 4206 semini
2147 4152 2276 4217 ejus,

707 4270 895 4339 inquit,
933 4275 1042 4337 post
1081 4239 1242 4317 illum.
1291 4258 1450 4313 Multa
1508 4255 1595 4307 hic
1639 4251 1731 4304 Dei
1785 4244 2084 4315 benignitas
2127 4239 2281 4295 exhi-

709 4334 893 4425 beinr,
934 4334 1103 4411 multa
1151 4352 1377 4407 Abralne
1426 4347 1575 4401 ﬁdes.
1624 4342 1753 4399 Nam
1802 4338 1943 4409 quod
2002 4334 2278 4395 crederet,

710 4456 835 4507 Cum
866 4448 1085 4503 nondum
1111 4452 1235 4498 esset
1264 4442 1306 4495 ei
1337 4440 1492 4508 ﬁlius,
1527 4436 1627 4489 hoc
1674 4432 1787 4501 ejus
1829 4442 1882 4484 et
1927 4423 2282 4481 obedientiam

712 4555 767 4599 et
819 4542 975 4595 ﬁdem
1010 4535 1239 4590 ostendit
1285 4550 1297 4585 :
1342 4528 1582 4600 quamvis
1620 4540 1679 4577 ea
1706 4564 1720 4586 ,
1757 4536 1876 4590 qua:
1919 4518 2053 4573 facta
2101 4523 2281 4577 erant,

713 4632 1037 4690 contrarium
1086 4628 1487 4679 monstrarent:
1521 4630 1709 4684 nempe
1753 4610 1892 4681 quod
1936 4623 2056 4662 cum
2106 4604 2287 4659 venis-

720 4737 835 4789 set,
894 4738 959 4775 ue
1010 4716 1289 4786 vestigium
1357 4711 1566 4781 quidem
1624 4706 1774 4775 pedis
1819 4716 1972 4757 suum
2034 4698 2286 4760 haberet,

718 4831 885 4883 neque
915 4813 1099 4874 filium,
1126 4822 1241 4878 quae
1268 4804 1386 4858 fidei
1412 4798 1676 4855 contraria
1703 4802 1871 4850 erant.
1904 4792 2027 4845 Haec
2050 4803 2143 4842 nos
2164 4801 2294 4856 quo-

720 4927 821 4980 quo
849 4904 1259 4963 considerantes,
1287 4912 1405 4966 qua:
1427 4895 1563 4948 Deus
1586 4887 1906 4960 promiserit,
1932 4882 2291 4945 admittatnus,

722 5002 928 5058 etiamsi
960 4994 1224 5052 contraria
1265 4990 1541 5045 evenerint
1569 5006 1581 5040 :
1611 4984 1851 5056 quamvis
1877 4978 2014 5050 apud
2047 4991 2144 5030 nos
2169 4988 2297 5028 eon-

725 5095 883 5151 traria
924 5106 1030 5145 non
1073 5089 1215 5149 sint,
1255 5082 1348 5139 sed
1396 5081 1550 5135 valde
1589 5069 2117 5144 consequentiavUbi
2155 5066 2295 5121 enim

726 5185 1104 5261 promissiones
1144 5188 1299 5242 sunt,
1337 5176 1379 5229 si
1422 5172 1686 5229 contraria
1727 5167 2012 5228 eveniant,
2052 5162 2136 5215 illa
2176 5171 2300 5211 vere

730 5275 993 5333 cootraria
1024 5279 1184 5333 sunt;
1216 5266 1353 5337 apud
1381 5279 1477 5319 nos
1502 5272 1674 5316 autem
1703 5271 1857 5313 secus
1886 5273 1899 5309 :
1929 5267 2048 5307 nam
2078 5250 2163 5303 hic
2187 5248 2301 5316 qui-

732 5372 852 5426 dem
876 5369 1213 5422 aIIlietionem
1234 5359 1383 5421 dixit,
1403 5356 1506 5409 illic
1525 5353 1782 5422 requiem.
1805 5347 1912 5402 Cur
1932 5340 2303 5399 confundimus

736 5458 1015 5528 tempora?
1053 5470 1147 5509 cur
1182 5450 1356 5505 omnia
1384 5462 1477 5500 sus
1506 5443 1675 5511 deque
1716 5433 2009 5493 vertimus?
2040 5431 2263 5501 Angeris
2284 5468 2301 5491 ,

737 5554 824 5607 dic
848 5520 979 5604 inihi
1000 5588 1017 5614 ,
1046 5547 1164 5617 quia
1192 5545 1243 5598 in
1277 5546 1583 5613 paupertate
1612 5533 1743 5586 vivis
1763 5571 1777 5593 ,
1809 5537 1863 5583 et
1890 5526 2009 5581 ideo
2038 5520 2306 5577 turbaris?

738 5645 816 5700 Ne
848 5613 1107 5696 turberis:
1143 5640 1262 5707 jure
1289 5629 1599 5692 turbareris,
1632 5626 1674 5679 si
1703 5624 1809 5676 illic
1840 5616 2107 5674 tribulatio
2137 5613 2308 5667 futura

742 5746 881 5792 esset
912 5752 925 5786 :
958 5734 1070 5802 ipsa
1109 5705 1248 5783 enim
1292 5722 1558 5779 tribulatio
1601 5716 1793 5787 quietis
1822 5720 1903 5767 est
1940 5723 2117 5764 causa.
2149 5705 2312 5759 luﬁr-

746 5830 891 5883 tuitus
917 5868 930 5894 ,
962 5798 1160 5893 inquit,
1194 5818 1298 5872 Ita’c
1330 5833 1436 5871 non
1468 5822 1535 5868 cst
1569 5812 1635 5864 ad
1676 5815 1879 5861 mortem
1908 5800 2082 5875 (Joau.
2120 5798 2202 5851 Il.
2236 5798 2307 5865 ι).

1397 402 1451 459 S.
1492 397 1766 457 JOANNIS
1802 391 2275 453 CHRY‘SOS'I‘OMI
2316 388 2631 445 ARCIIIEP.
2672 382 3199 441 CONSTANTINOP.

3813 377 3920 436 ΨΜ

2344 501 2436 555 Illa
2470 500 2736 553 tribulatio
2771 509 2853 554 est
2893 501 3095 569 punitio
3118 541 3133 562 ,
3177 500 3289 553 hmo
3329 510 3502 555 autem
3529 540 3543 563 ,
3581 499 3923 553 ittBIitttlin-et

2346 593 2667 647 emendatio.
2696 592 2979 646 Certamen
3010 603 3091 647 est
3129 608 3363 662 prmsrns
3394 602 3601 660 tempus
3632 609 3643 642 :
3672 605 3901 658 ergo-pit

2346 689 2506 757 gilatu
2538 696 2619 741 est
2648 702 2780 753 opus
2810 704 2823 739 :
2855 686 3052 740 bellum
3085 698 3138 741 et
3168 702 3339 755 pugna
3371 693 3469 739 est.
3504 683 3671 739 Nemo
3706 683 3769 735 in;
3791 682 3925 734 bello

2348 779 2583 848 requiem
2615 776 2828 845 qurerit,
2864 793 3021 831 nemo
3064 778 3114 829 in
3162 777 3302 830 belfo
3339 777 3528 845 qumrit
3566 774 3925 839 voluptatem.

2350 882 2446 921 nec
2470 866 2755 921 dedivitiis
2780 866 3037 919 Sollicitus
3062 874 3158 925 est,
3191 881 3290 919 nec
3318 865 3385 918 de
3412 880 3575 917 uxore
3600 880 3614 924 ;
3646 862 3738 917 sed
3765 877 3927 914 annm

2351 965 2554 1010 tantum
2596 964 2837 1024 spei-tat,
2868 956 3136 1025 quomodo
3179 956 3422 1009 inimicos
3460 964 3692 1022 superet.
3732 953 3930 1006 Hoc-ot

2350 1064 2449 1103 nos
2480 1048 2763 1112 faciamus;
2788 1064 2848 1103 ea
2879 1050 2922 1103 si
2951 1051 3243 1112 vincamus,
3272 1058 3325 1103 ct
3353 1063 3474 1100 eum
3506 1046 3716 1115 tropaeis
3746 1060 3926 1099 rever-

2352 1141 2745 1204 tamur,onntia
2779 1141 2931 1194 nobis
2955 1141 3100 1194 dabit
3132 1140 3291 1193 Dens.
3325 1140 3434 1193 lIoc
3460 1138 3632 1191 solum
3658 1150 3931 1199 curemus,

2350 1231 2618 1299 quomodo
2658 1230 2925 1286 diabolum
2972 1231 3249 1285 vincamus
3280 1248 3292 1283 :
3327 1230 3434 1283 imo
3480 1243 3606 1282 vero
3654 1229 3754 1282 hoc
3799 1244 3934 1296 opus

2352 1335 2457 1374 non
2503 1322 2667 1375 nostri
2714 1323 2873 1376 studii
2912 1332 3026 1386 est,
3056 1323 3149 1377 sed
3193 1324 3376 1393 gratia:
3408 1321 3498 1375 Dei
3534 1330 3719 1374 totmn.
3756 1320 3933 1376 Unum

2353 1414 2508 1469 nobis
2527 1416 2765 1469 carm‘sit
2783 1456 2798 1479 ,
2822 1424 2888 1469 ut
2919 1415 3071 1469 nobis
3097 1415 3211 1484 ejus
3237 1417 3456 1483 gratiam
3483 1414 3816 1469 attrahamus
3838 1454 3852 1476 ,
3877 1424 3935 1464 nt

2346 1506 2482 1561 illud
2515 1508 2666 1561 nobis
2692 1508 3345 1562 auxilium~coneiliemus.
3380 1508 3441 1561 Si
3473 1505 3609 1559 Deus
3637 1522 3729 1575 pro
3756 1506 3934 1566 nobis,

2352 1598 2464 1668 qr’s
2493 1609 2668 1651 contra
2697 1614 2788 1651 nos
2815 1599 2990 1668 (Rom.
3023 1598 3074 1653 8.
3108 1598 3196 1669 51)
3222 1599 3244 1650 ?
3279 1598 3467 1665 inquit.
3506 1597 3615 1651 IIoc
3645 1613 3808 1649 untun
3841 1611 3937 1649 eu-

2353 1704 2531 1743 remus
2554 1730 2568 1753 ,
2601 1702 2656 1744 ut
2688 1690 2774 1744 hic
2816 1690 2968 1744 nobis
3004 1704 3110 1744 non
3148 1689 3409 1744 efﬁciatur
3437 1689 3715 1755 inimicus,
3745 1698 3794 1740 ut
3833 1703 3936 1741 non

2353 1791 2625 1836 avertatur
2653 1797 2680 1835 τι
2712 1782 2883 1836 nobis.

2410 1876 2477 1928 4.
2519 1874 2642 1926 Non-
2665 1875 2903 1927 tribulari
2925 1874 3063 1938 ,sed
3102 1889 3320 1943 peccare
3352 1873 3547 1927 malum
3580 1879 3679 1927 est.
3715 1869 3783 1925 Et
3812 1872 3928 1923 Iure

2354 1965 2531 2035 gravis
2560 1964 2833 2020 tribulatio
2854 1973 2956 2029 est,
2991 1966 3199 2019 etiamsi
3228 1966 3281 2018 in
3312 1964 3519 2019 deliciis
3544 1976 3762 2032 agamus
3788 1978 3803 2023 ;
3837 1977 3939 2013 non

2356 2055 2476 2110 dico
2502 2056 2565 2109 in
2585 2055 2761 2110 futuro
2782 2098 2797 2122 ,
2834 2055 2927 2110 sed
2948 2057 3108 2110 etiam
3137 2058 3187 2110 in
3221 2055 3491 2125 praesenti.
3532 2051 3815 2121 Quomodo
3846 2067 3941 2118 pu-

2359 2158 2438 2202 tas
2467 2146 2701 2201 morderi
2733 2148 3114 2201 conscientiam
3140 2145 3422 2200 nostram?
3456 2160 3563 2214 quo
3592 2151 3862 2196 tormento
3895 2141 3944 2193 id

2358 2238 2595 2295 deterius
2642 2256 2745 2293 non
2788 2238 2987 2293 fuerit?
3031 2240 3233 2294 Vellem
3274 2235 3947 2307 diligenterinterrngare

2362 2346 2492 2393 eos.
2525 2331 2617 2400 qui
2650 2335 2700 2384 in
2722 2332 2887 2385 malis
2920 2332 3121 2394 vivunt,
3155 2346 3220 2383 an
3246 2345 3498 2398 umquam
3544 2328 3595 2381 in
3628 2326 3943 2380 memoriam

2362 2434 2697 2495 peccatorum
2730 2438 2950 2477 suorum
2979 2412 3221 2487 veniant,
3254 2438 3431 2476 annon
3464 2430 3731 2482 tremant,
3765 2433 3945 2471 annon

2360 2516 2644 2571 formident
2671 2558 2686 2583 ,
2719 2531 2894 2569 annon
2930 2514 3187 2569 doleant?
3217 2528 3395 2567 annon
3433 2512 3616 2567 beatos
3649 2509 3950 2580 praedicent

2359 2622 2490 2670 eos,
2522 2608 2608 2676 qui
2640 2608 2691 2660 in
2718 2605 2956 2675 jejunio,
2992 2606 3043 2658 in
3076 2605 3382 2667 montibus,
3414 2604 3465 2656 in
3500 2600 3836 2671 philosophia
3868 2601 3949 2652 vi-

2364 2708 2510 2755 vunt.
2537 2699 2628 2753 Vis
2654 2698 2761 2753 iIIic
2779 2699 3015 2767 quietem
3038 2696 3277 2751 habere?
3307 2695 3401 2749 llic
3429 2693 3830 2747 tribulationem
3858 2706 3952 2761 pa-

2368 2802 2479 2846 tere
2518 2800 2736 2861 propter
2781 2789 3091 2852 Christum;
3139 2788 3272 2841 nihil
3317 2786 3441 2841 huic
3483 2786 3686 2855 requiei
3717 2799 3814 2853 par
3844 2792 3949 2836 est.

2365 2884 2679 2940 Gaudebant
2723 2882 2949 2951 apostoli
2999 2880 3125 2935 dum
3170 2879 3583 2949 ﬂagellarentur.
3634 2877 3834 2930 Paulus
3876 2876 3955 2929 sic

2366 2982 2619 3036 admonet
2647 3020 2661 3045 ,
2712 2976 2937 3031 Gaudete
2977 2976 3029 3028 in
3079 2974 3297 3027 Domino
3326 2970 3602 3041 (Philipp.
3648 2971 3702 3023 4.
3736 2968 3827 3035 4).
3890 2968 3957 3020 Ει

2368 3070 2638 3143 quomodo
2664 3076 2838 3141 potest
2866 3069 2985 3137 quis
3012 3064 3282 3135 gaudere,
3313 3062 3523 3131 inquies
3547 3102 3561 3125 ,
3596 3058 3684 3115 ubi
3714 3056 3952 3118 vincula,

2373 3172 2636 3220 tormenta
2659 3202 2674 3227 ,
2709 3159 3029 3214 tribunalia?
3079 3157 3198 3210 Istic
3226 3155 3455 3209 maxime
3495 3151 3719 3221 gauderi
3756 3156 3957 3218 potest.

2370 3240 2649 3325 Quomodo
2675 3259 2851 3306 autem
2875 3250 3039 3319 possit
3067 3245 3284 3317 gauderi
3306 3286 3321 3311 ,
3350 3243 3436 3297 ubi
3461 3244 3575 3297 haec
3601 3249 3747 3304 sunt,
3781 3240 3959 3293 disce.

2374 3347 2472 3415 Qui
2514 3343 2708 3399 nullius
2743 3341 2845 3395 sibi
2888 3339 3135 3403 conscius
3163 3345 3277 3401 est,
3330 3335 3613 3403 plurimum
3644 3330 3958 3392 laetabitur;

2373 3438 2445 3491 ita
2475 3445 2529 3490 ut
2554 3477 2568 3501 ,
2611 3449 2722 3503 quo
2753 3432 3011 3501 majorem
3042 3427 3241 3484 dixeris
3270 3424 3667 3479 tribulationem
3693 3462 3708 3487 ,
3738 3436 3805 3475 eo
3840 3435 3957 3474 ma—

2370 3528 2541 3599 jorem
2586 3525 2732 3580 dicas
2762 3524 3111 3590 voluptatem.
3165 3520 3258 3573 Dic
3287 3517 3428 3572 enim
3466 3515 3634 3579 mihi,
3677 3512 3838 3566 miles
3869 3510 3965 3581 qui

2376 3620 2522 3675 mille
2549 3618 2767 3671 vulnera
2799 3613 3039 3682 accepit,
3074 3625 3250 3665 nonne
3280 3607 3473 3662 redibit
3498 3620 3618 3660 cum
3646 3617 3841 3672 magna
3875 3616 3967 3653 vo-

2376 3714 2610 3782 luptate,
2655 3706 3018 3777 ipsavulnera
3050 3703 3100 3756 in
3132 3708 3516 3771 argumentum
3560 3696 3761 3749 habens
3790 3694 3965 3748 auda-

2378 3804 2475 3859 cia:
2499 3844 2514 3867 ,
2547 3798 2847 3869 splendoris
2873 3806 2926 3851 et
2954 3792 3253 3849 claritatis?
3295 3791 3359 3843 Et
3399 3799 3455 3843 tu
3486 3789 3529 3842 si
3559 3801 3749 3857 posses
3775 3800 3967 3839 erum-

2380 3908 2508 3965 pere
2538 3893 2589 3946 in
2636 3890 2782 3943 illam
2822 3902 3026 3951 vocem,
3076 3899 3233 3953 quam
3276 3881 3493 3950 protulit
3539 3878 3754 3936 Paulus.
3812 3876 3971 3945 Stig-

2382 3994 2516 4039 mata
2545 3983 2669 4036 Jesu
2700 3991 2843 4052 porto
2877 3979 2895 4049 (
2928 3977 3046 4032 Gal.
3080 3977 3133 4030 6.
3161 3976 3223 4029 I7
3252 3973 3293 4043 ),
3328 3986 3513 4042 posses
3541 3977 3685 4025 certe
3714 3982 3969 4037 magnus,

2383 4079 2561 4133 clarus
2587 4085 2638 4130 et
2669 4074 2891 4128 illustris
2915 4085 3055 4125 esse.
3085 4067 3190 4122 Sed
3221 4080 3323 4119 non
3356 4072 3437 4118 est
3464 4060 3807 4132 persequutio
3829 4060 3855 4112 ?
3878 4059 3975 4113 Sta

2385 4180 2568 4227 contra
2603 4167 2846 4238 gloriam;
2866 4173 2927 4219 et
2948 4163 2990 4217 si
3014 4162 3133 4230 quis
3158 4159 3485 4213 contrarium
3515 4153 3787 4222 quidpiam
3818 4151 3979 4204 dixe-

2386 4263 2491 4327 rit,
2540 4276 2608 4314 ne
2639 4256 2878 4311 timueris
2907 4254 3043 4306 male
3074 4250 3258 4304 audire
3291 4257 3507 4317 prepter
3531 4245 3806 4299 Christum
3845 4260 3859 4294 :
3896 4252 3977 4295 sta

2388 4361 2572 4407 contra
2607 4349 2776 4403 fastus
2805 4343 3137 4416 tyrannidem
3163 4382 3176 4406 ,
3228 4348 3310 4393 sta
3350 4349 3534 4392 contra
3566 4337 3657 4390 ira:
3698 4349 3937 4404 pugnam
3960 4373 3977 4397 ,

2391 4455 2473 4502 sta
2512 4453 2697 4499 contra
2724 4420 3171 4506 concupiscentiae
3208 4441 3558 4487 tormentum.
3606 4428 3674 4482 Et
3724 4427 3847 4481 h:ec
3878 4428 3981 4481 sti-

2390 4548 2589 4609 gmata,
2621 4536 2735 4589 haec
2762 4542 3022 4587 tormenta
3051 4535 3193 4585 sunt.
3223 4525 3317 4580 Dic
3340 4525 3482 4578 enim
3514 4520 3665 4584 mihi,
3699 4518 3827 4587 quid
3861 4533 3987 4587 gra-

2394 4632 2511 4683 vius
2540 4629 2591 4683 in
2625 4626 2903 4682 tormentis
2930 4630 3013 4677 est
3035 4621 3093 4674 ‘?
3123 4632 3297 4673 ann0n
3327 4615 3467 4685 quod
3508 4614 3685 4667 anima
3714 4610 3906 4665 doleat
3932 4619 3987 4663 et

2394 4722 2621 4777 uratur?
2655 4720 2761 4773 Illic
2788 4717 2929 4771 enim
2953 4727 3146 4781 corpus
3173 4709 3456 4770 dividitur;
3487 4706 3575 4759 hic
3600 4711 3777 4755 autem
3812 4711 3988 4755 totum

2398 4818 2538 4872 illius
2581 4824 2681 4868 est.
2723 4811 2876 4865 Circa
2910 4808 3053 4862 illam
3097 4804 3253 4859 doIor
3299 4811 3382 4856 est
3425 4797 3636 4868 quando
3685 4794 3988 4859 irascitur,

2399 4906 2610 4979 quando
2639 4902 2837 4959 invidet
2862 4943 2876 4965 ,
2923 4896 3135 4969 quando
3162 4893 3285 4964 quid
3315 4892 3489 4946 simile
3518 4890 3680 4951 facit;
3712 4887 3830 4940 imo
3861 4901 3992 4940 vero

2399 4976 2612 5070 quando
2640 4994 2855 5065 patitur.
2904 4990 3015 5045 Hoc
3042 4988 3185 5042 enim
3218 5000 3321 5039 non
3354 4992 3435 5037 est
3466 4983 3639 5034 facere
3661 5019 3675 5043 ,
3707 4976 3805 5030 sed
3844 4978 3993 5045 pati,

2402 5104 2593 5157 nempe
2637 5086 2793 5143 irasci
2841 5093 2896 5137 et
2943 5079 3177 5136 invidere
3224 5091 3242 5130 :
3286 5075 3511 5141 ideoque
3564 5070 3677 5122 hzec
3722 5075 3998 5119 vocantur

2402 5182 2593 5235 animze
2621 5176 2810 5237 morbi,
2846 5174 3060 5225 vulnera
3083 5210 3099 5236 ,
3131 5169 3318 5238 plagae.
3345 5165 3483 5218 Vere
3511 5172 3737 5228 namque
3763 5156 3998 5211 morbus

2406 5283 2488 5329 est
2514 5282 2570 5327 et
2599 5269 2787 5325 morbo
2812 5266 3047 5337 gravius.

2478 5365 2570 5419 Ira
2605 5360 2855 5428 quomodo
2884 5354 3127 5411 sedanda.
3160 5349 3510 5417 -—Cogitate,
3542 5341 3822 5409 iracundi,
3853 5340 4002 5412 quod

2411 5473 2531 5513 cum
2562 5454 2750 5509 morbo
2777 5450 2827 5505 id
2857 5449 3079 5503 faciatis.
3126 5444 3271 5513 Ergo
3298 5440 3388 5510 qui
3430 5453 3532 5492 non
3568 5435 3823 5490 irascitur
3848 5474 3865 5499 ,
3902 5450 4006 5487 nec

2412 5550 2631 5621 patitur.
2664 5542 2851 5598 Viden‘
2882 5555 3040 5603 eum,
3091 5536 3177 5591 cui
3218 5530 3539 5589 contumelia
3573 5527 3840 5591 infertur,
3899 5540 4005 5577 non

2417 5615 2562 5711 pati.
2593 5634 2701 5710 sed.
2716 5648 2839 5689 eum
2870 5631 2957 5701 qui
2988 5624 3365 5683 contumeliam
3401 5620 3596 5685 infert,
3643 5627 3702 5671 ut
3740 5616 3863 5685 jam
3897 5615 4008 5669 dixi

2487 5798 2501 5830 ι
2538 5793 2595 5845 in
2622 5805 2719 5844 uno
2743 5792 2858 5845 Cod.
2890 5788 3085 5852 legitur,
3108 5780 3223 5848 quid
3247 5778 3377 5833 hisce
3398 5774 3647 5834 tormentis
3667 5774 3875 5840 σναινίιιε
3896 5779 3967 5824 est
3990 5769 4016 5825 Ι
