4088 6326
668 303 770 362 ιπς

665 421 884 474 ποιεῖτε.
918 416 1128 473 Οὑκοῦν
1148 417 1179 471 6
1215 418 1292 490 μὴ
1313 418 1664 491 ἀργιζόμενος
1698 419 1762 472 οὑ
1792 418 2014 487 πάσχει.
2049 415 2236 487 Ὁρᾷς.

663 503 744 558 δτι
766 503 796 555 6
825 499 1179 572 ὑϐριζόμενος
1216 499 1278 554 οὑ
1327 501 1546 572 πάσχει,
1576 499 1693 556 ἀλλ’
1741 502 1771 554 6
1805 498 2060 572 ὑϐρίζων,
2099 499 2237 568 ὅπερ

661 584 799 656 ιφην
832 584 927 638 καὶ
955 584 1090 655 ἡδης
1125 583 1248 637 ὀτι
1275 582 1384 654 γὰρ
1409 583 1631 652 πάσχει,
1665 580 1825 652 δῆλον
1861 582 1960 654 μὲν
2005 582 2100 634 καὶ
2123 579 2231 634 ἀπὸ

659 666 756 722 τοῦ
791 665 965 728 πάθος
1009 664 1294 718 καλεῖσθαι
1341 665 1405 718 τὸ
1449 663 1713 729 τοιοῦτον,
1745 663 1906 730 δῆλον
1953 663 2009 716 δέ
2043 663 2138 716 καὶ
2167 664 2232 715 έκ

659 747 757 802 τοῦ
805 751 1074 818 σώματος·
1130 745 1304 801 ταῦτα
1357 745 1471 818 γὰρ
1511 746 1621 801 ἀπὸ
1665 746 1838 816 ὀργῆς
1884 745 2126 798 τίκτεται
2165 743 2232 796 τά

658 831 835 902 πάθη,
887 829 1234 901 ἀμϐλυωπία,
1280 828 1655 900 παραπληξία,
1703 829 1799 881 καὶ
1849 827 2020 898 μυρία
2047 825 2230 896 ἔτερα.

673 911 835 965 Ἀλλά
855 911 949 964 τὸν
1007 911 1170 964 παῖδα
1216 909 1426 980 ὕϐρισε,
1460 912 1647 981 φησὶν,
1691 907 1828 962 ἀλλά
1872 906 1964 960 τὸν
1993 907 2230 973 οἰκέτην.

660 991 754 1063 Μὴ
774 991 1002 1062 νομίσῃς
1031 988 1172 1045 εἶναι
1219 991 1506 1046 ἀσθένειαν
1528 992 1589 1044 τὸ
1610 991 1684 1062 μὴ
1719 992 1814 1044 καὶ
1863 989 2027 1053 αὐτὸς
2076 988 2236 1042 τοῦτο

660 1076 908 1144 ποιῆσαι.
938 1075 1072 1128 Elui
1097 1076 1208 1146 γάρ
1258 1093 1370 1146 μοι,
1416 1073 1596 1139 καλῶς
1643 1074 1868 1143 γέγονεν
1893 1090 1906 1139 ;
1937 1073 2050 1127 Οὐκ
2079 1067 2233 1142 οἶμαι

659 1157 854 1209 εἰπεῖν·
891 1154 1088 1210 οὑκοῦν
1134 1159 1212 1228 μὴ
1240 1158 1472 1230 ποιήσῃς
1503 1155 1566 1209 τὸ
1599 1156 1676 1228 μὴ
1720 1155 1899 1219 καλῶς
1925 1154 2229 1224 γινόμενον.

659 1235 792 1292 Οἶδα
813 1233 922 1294 οἷαι
942 1240 1000 1292 έν
1018 1243 1134 1304 τοῖς
1152 1239 1414 1303 τοιούτοις
1438 1239 1492 1292 al
1513 1239 1675 1310 δργαί
1702 1238 1998 1292 τίκτονται.
2031 1237 2096 1289 Τί
2115 1231 2230 1302 οὖν,

661 1322 730 1376 ἀν
761 1324 1096 1394 καταφρονῇ,
1125 1324 1310 1393 φησὶν,
1340 1322 1407 1378 ἀν
1429 1323 1591 1377 πάλιν
1619 1321 1777 1395 εἴπῃς
1814 1319 2093 1389 Ἐλεγξον,
2113 1320 2234 1373 tm-

659 1403 911 1474 τίμησον,
943 1404 1343 1474 παρακάλεσον·
1374 1405 1640 1477 πραότητι
1663 1402 1802 1475 όργὴ
1827 1402 2032 1458 λύεται·
2061 1417 2231 1473 προσ-

661 1487 832 1542 ελθὼν
861 1487 1174 1556 έγκάλεσον.
1208 1487 1379 1560 ’Υπὲρ
1414 1487 1510 1557 μὲν
1535 1487 1644 1556 γάρ
1671 1487 1781 1539 τῶν
1813 1487 1893 1549 εἰς
1938 1485 2085 1556 ἡμᾶς
2113 1482 2234 1536 οὑδὲ

660 1566 820 1622 τοῦτο
867 1571 1044 1624 ποιεῖν
1073 1569 1200 1643 χρὴ,
1246 1569 1388 1641 ὑπὲρ
1415 1569 1471 1623 δδ
1515 1569 1626 1623 τῶν
1651 1566 1846 1632 ἄλλων,
1881 1567 1978 1621 καὶ
2019 1565 2233 1635 ἀνάγκη

660 1649 820 1706 τοῦτο
845 1652 911 1725 δὴ
943 1655 1136 1707 ποιεῖν.
1163 1653 1256 1722 Μὴ
1284 1654 1420 1707 ἰδίαν
1447 1651 1604 1723 ὕϐριν
1625 1650 1853 1722 νομίσῃς
1875 1649 1939 1704 16
1960 1649 2051 1703 τὸν
2072 1647 2235 1701 παῖδα

660 1733 1004 1805 ὑϐρισθῆναι·
1034 1734 1138 1789 κᾶν
1172 1734 1344 1807 ἀλγῇς
1393 1735 1532 1804 ὑπὲρ
1567 1732 1798 1797 ὲκείνου,
1839 1732 1915 1805 μὴ
1969 1731 2043 1794 ὡς
2071 1729 2234 1792 αὐτὸς

662 1816 960 1888 ὑϐρισθείς·
983 1817 1045 1870 οὑ
1074 1817 1183 1888 γάρ
1206 1817 1394 1888 έπειδὴ
1411 1818 1441 1871 6
1465 1819 1591 1880 παῖς
1622 1814 1809 1879 κακῶς
1831 1813 2052 1879 ῐπαθεν,
2075 1811 2227 1884 ὑϐρί-

661 1899 797 1970 σθης
827 1901 914 1964 σὺ,
937 1899 1050 1954 ἀλλ’
1077 1902 1107 1954 6
1133 1900 1368 1970 ποιήσας
1390 1897 1598 1962 κακῶς.
1621 1899 1820 1953 Σδέσον
1841 1897 1939 1968 τὴν
1961 1897 2234 1968 μάχαιραν

659 1981 760 2054 τὴν
793 1981 992 2047 ὀξεῖαν,
1031 1983 1088 2035 ἰν
1113 1985 1180 2054 τῇ
1232 1982 1374 2056 θήκῃ
1401 1983 1624 2037 κείσθω.
1660 1984 1757 2036 “Av
1803 1981 2014 2052 έχωμεν
2066 1979 2235 2050 αὐτὴν

661 2064 898 2135 γυμνὴν,
928 2064 1187 2128 πολλάκις
1215 2066 1307 2119 καὶ
1333 2067 1434 2118 οὑκ
1468 2064 1620 2128 δντος
1650 2061 1846 2135 καιροῦ
1895 2059 2231 2133 χρησόμεθα,

659 2147 1014 2217 ἐφελκόμενοι
1069 2149 1162 2201 ὑπ’
1207 2149 1396 2218 αὑτῆς·
1429 2147 1495 2201 ἀν
1545 2147 1601 2200 δὲ
1724 2143 2102 2216 κεκρυμμένη,
2133 2145 2234 2200 κάν

659 2229 820 2300 χρεία
849 2231 1093 2301 γένηται,
1125 2228 1480 2301 σϐεσθίμεεται
1519 2230 1553 2297 ἡ
1588 2229 1750 2301 όργὴ.
1789 2229 1958 2298 ’Υπὲρ
1984 2226 2150 2281 αὑτοῦ
2172 2227 2233 2280 οὑ

661 2312 908 2382 βούλεται
933 2314 1080 2382 ἡμᾶς
1100 2312 1414 2382 ὀργίζεσθαι
1435 2313 1465 2364 6
1494 2311 1729 2381 Χριστὸς
1755 2311 2009 2382 (ἄκουσον
2039 2309 2149 2380 γάρ
2180 2309 2234 2362 τί

659 2410 792 2464 φησι
831 2393 966 2463 πρὸς
991 2393 1082 2447 τὸν
1108 2394 1334 2464 Πέτρον·
1369 2393 1776 2461 Ἀπόστρεψον
1791 2391 1909 2460 τὴν
1926 2390 2234 2460 μάχαιράν

659 2475 940 2549 ίιὶ5]σου
962 2474 1173 2544 εἰςτὴν
1187 2474 1424 2547 θήκην)·
1446 2476 1541 2530 καὶ
1556 2476 1620 2530 σὺ
1645 2475 1785 2546 ὑπὲρ
1807 2473 1992 2539 παιδὸς
2009 2474 2226 2546 όργίζῃ;

658 2557 878 2622 Δωαξον
906 2559 1110 2613 καὶτὸν
1139 2557 1304 2611 παῖδα
1354 2558 1681 2627 φιλοσοφεῖν·
1709 2557 1830 2611 εἰπὲ
1854 2556 2001 2626 αὑτῷ
2032 2556 2102 2610 τά
2135 2555 2231 2610 τοῦ

658 2639 925 2694 Δεσπότου
960 2638 1280 2710 παθήματα·
1319 2639 1555 2709 μίμησαί
1616 2655 1710 2692 σου
1742 2638 1833 2692 τὸν
1881 2637 2229 2692 Διδάσκαλον.

659 2722 787 2775 Ὅτε
825 2722 1050 2793 ἔμελλον
1073 2723 1169 2775 καὶ
1188 2721 1342 2777 αὑτοί
1387 2721 1766 2790 ἀτιμάζεσθαι,
1797 2723 1898 2775 οὑκ
1950 2715 2124 2784 εἶπεν,
2149 2721 2231 2774 δτι

669 2803 988 2876 Ἑκδικὴσω·
1019 2804 1154 2857 ἀλλά
1182 2803 1272 2871 τίς
1311 2803 1450 2873 Ἐμὲ
1466 2803 1742 2871 ἐδίωξαν,
1773 2805 1873 2858 καί
1920 2803 2076 2874 ὑμᾶς
2102 2804 2232 2858 διώ-

657 2887 892 2950 ξουσιν.
925 2886 1136 2941 Οὐκοῦν
1169 2886 1365 2956 φέρετε
1385 2886 1672 2953 γενναίως·
1706 2886 1768 2939 οὑ
1807 2886 1915 2955 γὰρ
1937 2885 2072 2955 ἐμοῦ
2109 2886 2231 2956 βελ-

655 2966 802 3031 τίους
825 2968 1001 3037 ὑμεῖς.
1028 2967 1213 3022 Ταῦτα
1236 2968 1330 3021 καί
1347 2969 1410 3021 σὺ
1440 2967 1576 3038 πρὸς
1593 2967 1686 3021 τὸν
1705 2968 1821 3021 υἰὸν
1841 2969 2048 3022 καὶτὸν
2070 2968 2234 3022 παῖδα

658 3051 799 3104 εἰπέ·
833 3053 946 3105 Οὐκ
971 3048 1022 3105 εῐ
1038 3051 1131 3105 τοῦ
1153 3052 1424 3106 Δεσπότου
1461 3068 1552 3105 σου
1577 3049 1820 3122 βελτίων.
1866 3050 2030 3104 Ἀλλά
2056 3052 2234 3122 χήρας

657 3129 970 3188 εἶναιδοκεῖ
994 3134 1065 3188 τά
1119 3135 1341 3205 ῥήματα
1397 3133 1499 3204 τῆς
1532 3132 1872 3203 φιλοσοφίας.
1929 3130 2109 3201 Οῖμοι,
2149 3133 2231 3200 δτι

656 3218 802 3288 λόγῳ
833 3217 1181 3288 παραστῆσαι
1211 3216 1311 3272 οὑκ
1333 3213 1434 3281 ένι,
1471 3216 1548 3280 ὡς
1581 3214 1689 3270 ὑπὸ
1711 3214 1813 3285 τῆς
1839 3213 2032 3286 στείρας
2063 3213 2232 3283 αὐτῆς

657 3299 968 3370 διδαχθῆναι
990 3301 1185 3353 ἔνεστι.
1207 3297 1317 3352 Καὶ
1337 3299 1428 3352 ἶνα
1457 3297 1658 3369 μάθῃς,
1681 3299 1738 3351 έν
1769 3296 1918 3368 μέσῳ
1940 3296 2032 3349 δύο
2061 3295 2233 3359 ἑστὼς

657 3381 1095 3453 διαμαχομένων,
1136 3380 1296 3450 γενοῦ
1321 3381 1422 3451 τῆς
1453 3380 1669 3452 μερίδος
1708 3379 1817 3433 τῶν
1840 3379 2230 3449 ἀδικουμένων,

662 3465 755 3518 καί
779 3463 853 3534 μὴ
876 3463 982 3518 τῶν
1011 3463 1358 3530 ἀδικούντων,
1391 3463 1458 3518 ἀν
1487 3463 1561 3534 μὴ
1600 3461 1750 3534 παρά
1773 3461 1954 3532 σαυτῷ
1984 3460 2052 3514 τὰ
2076 3478 2231 3530 νικηο

657 3547 822 3618 τὴρια
841 3547 976 3617 ίδῃς,
1009 3545 1076 3600 ἂν
1101 3545 1176 3616 μὴ
1207 3545 1492 3616 λαμπροὺς
1513 3545 1686 3617 λάϐῃς
1716 3545 2031 3613 στεφάνους.
2067 3545 2230 3614 Ὅρα,

661 3629 780 3693 πῶς
812 3627 1095 3699 ὑϐρίζεται
1123 3631 1152 3681 6
1176 3628 1330 3692 Θεὸς,
1367 3628 1462 3682 καὶ
1491 3627 1606 3691 πῶς
1661 3627 2016 3696 ἀποκρίνεται
2046 3627 2233 3698 πράως

661 3713 756 3768 καὶ
785 3711 1028 3781 ἡμέρως.
1078 3711 1202 3766 Ποῦ
1249 3711 1404 3772 ἐστι,
1444 3712 1631 3781 φησὶν,
1685 3711 1866 3765 ’Ἅϐελ
1911 3713 1944 3764 ό
1971 3710 2233 3777 ἀδελφός

663 3807 780 3846 σου
802 3807 821 3855 ;
854 3793 962 3846 Καὶ
986 3793 1039 3846 τί
1068 3794 1304 3859 έκεῖνος;
1333 3792 1429 3860 Μὴ
1450 3792 1652 3860 φύλαξ
1671 3792 1785 3861 ἐγὼ
1803 3793 1919 3860 ειμι
1936 3791 2040 3846 τοῦ
2055 3792 2233 3846 ἁδελ-

663 3875 782 3943 φοῦ
800 3890 957 3943 μου;
989 3874 1054 3927 Τί
1083 3873 1478 3945 αὐθαδέστερον
1497 3873 1718 3938 τούτου;
1749 3872 1852 3928 κᾶν
1868 3874 2016 3943 παρά
2032 3889 2094 3940 γε
2115 3872 2233 3926 υἰοῦ

663 3956 978 4025 ἤκουσενάν
1005 3972 1118 4020 τις;
1152 3957 1198 4008 εί
1225 3955 1332 4026 γὰρ
1364 3956 1514 4027 παρὰ
1559 3954 1813 4025 ἀδελφοῦ,
1848 3957 1948 4026 οὑχ
1985 3955 2140 4026 ὕϐριν
2167 3956 2235 4009 ἀν

664 4038 906 4109 ἡγήσατο
954 4035 1014 4091 τὸ
1051 4039 1320 4109 πρᾶγμας
1386 4037 1527 4091 Ἀλλ’
1557 4039 1587 4092 6
1614 4038 1746 4102 Θεὸς
1800 4036 1963 4091 πάλιν
2016 4037 2236 4108 ἡμέρως

668 4121 1040 4190 ἀποκρίνεται·
1093 4121 1264 4187 Φωνὴ
1319 4120 1567 4188 αἵματος
1611 4119 1717 4174 τοῦ
1765 4118 2032 4187 ἀδελφοῦ
2084 4134 2234 4183 σου,

667 4203 821 4272 φησί,
846 4201 968 4269 ,Βοᾷ
1003 4203 1146 4268 πρός
1170 4217 1264 4270 με.
1307 4201 1444 4255 Ἀλλ’
1465 4205 1493 4256 6
1519 4201 1649 4264 Θεὸς
1677 4199 1946 4271 ἀνώτερός
1974 4202 2122 4252 ἔστιν
2143 4200 2237 4270 69-

666 4285 792 4352 γῆς,
821 4286 1003 4356 φησίν.
1045 4284 1206 4338 Ἀλλά
1239 4285 1328 4339 διά
1353 4284 1512 4338 τοῦτο
1569 4282 1840 4353 κατῆλθεν
1871 4284 1900 4334 6
1958 4282 2053 4335 τοῦ
2101 4282 2238 4335 Θεοῦ

668 4366 818 4430 Υἰὸς.
849 4368 936 4420 ἴνα
962 4367 1021 4420 σε
1041 4366 1162 4419 θεὸν
1192 4370 1393 4438 ποιήσῃ
1421 4366 1564 4420 κατά
1584 4365 1814 4435 δύναμιν
1833 4363 1932 4434 τὴν
1961 4364 2238 4434 ἀνθρωπί-

666 4465 786 4517 νην.
821 4447 959 4501 Ἀλλ’
991 4448 1051 4500 οὑ
1086 4448 1337 4518 δύναμαι,
1385 4449 1572 4518 φησὶν,
1603 4447 1888 4518 ἄνθρωπος
1913 4445 2006 4498 ὢν.
2030 4444 2240 4499 Οὐκοῦν

671 4531 801 4604 φέρε
823 4531 1141 4600 ἀνθρώπους
1176 4548 1257 4585 σοι
1282 4532 1708 4601 παραγάγωμεν.
1736 4530 1846 4582 Καὶ
1881 4531 1954 4600 μή
1991 4547 2058 4596 με
2083 4529 2236 4598 νομίο

701 4627 769 4685 ῃς
808 4613 1015 4668 Παῦλον
1043 4615 1185 4684 ἐρεῖν
1210 4614 1343 4684 μηδὲ
1368 4615 1592 4684 Πέτρον,
1619 4611 1758 4665 ἀλλά
1778 4626 1930 4674 τινας
1953 4609 2063 4664 τῶν
2084 4611 2237 4664 ἐλατ-

668 4696 837 4748 τόνων
860 4697 952 4748 καὶ
984 4697 1185 4766 σφόδρα
1209 4696 1520 4767 κατωτέρω.
1547 4696 1620 4750 Τὸ
1646 4694 1934 4765 παιδάριον
1967 4694 2114 4747 Ἦλεί
2139 4695 2238 4763 τὴν

675 4778 871 4830 Ἀνναν
899 4777 1088 4847 ὕϐρισε
1139 4778 1316 4845 λέγον·
1353 4778 1636 4847 Περωλοῦ
1684 4777 1790 4830 τὸν
1812 4771 1982 4830 οτνόν
2009 4789 2145 4831 σου.
2175 4775 2246 4827 Τί

668 4857 860 4914 τούτου
917 4861 1412 4932 ὑϐριστικώτερον;
1466 4862 1530 4914 Τί
1562 4857 1654 4914 οὖν
1689 4859 1906 4930 έκείνη;
1950 4857 2118 4925 Γυνὴ
2171 4859 2242 4912 ἐν

670 4941 907 5010 σκληρᾷ
937 4943 1124 5012 ἡμέρᾳ
1149 4943 1261 5013 ἐγώ
1297 4947 1432 5012 εἰμι.
1465 4943 1628 4996 Οὑδὲν
1656 4943 1823 5004 ὅντως
1854 4941 2082 5011 θλίψεως
2103 4941 2237 4995 ἴσον·

673 5026 985 5095 φιλοσοφίας
1041 5029 1223 5097 μήτηρ
1253 5028 1423 5080 ἐστίν.
1462 5027 1529 5079 Ἦ
1591 5025 1729 5094 αὑτὴ
1759 5023 1815 5076 δὲ
1848 5022 1988 5089 αὕτη
2019 5024 2112 5076 καὶ
2143 5023 2242 5092 τὴν

672 5107 955 5177 ἀντίζηλον
1013 5110 1181 5178 αὐτῆς
1214 5109 1431 5180 ἔχουσα,
1485 5109 1582 5178 οὐχ
1610 5107 1833 5178 ὕϐρισεν
1885 5106 2075 5175 αὑτήν·
2107 5104 2243 5158 ἀλλά

672 5189 760 5254 τίς
791 5191 935 5260 Πρὸς
969 5191 1060 5243 τὸν
1115 5192 1244 5244 Θεὸν
1303 5192 1657 5259 καταφεύγει,
1691 5190 1786 5242 καί
1819 5187 2086 5258 εὐχομένη
2123 5187 2257 5240 οὑδὲ

679 5273 944 5344 μέμνηται
971 5274 1162 5344 αὑτῆς,
1204 5275 1324 5327 οὑδὲ
1353 5275 1520 5343 λέγει,
1567 5273 1783 5342 Ἐπειδὴ
1820 5270 2069 5332 ὀνειδίζει
2103 5285 2170 5339 με
2205 5271 2263 5339 ἡ,

675 5356 838 5420 δεῖνα,
870 5356 1145 5426 ὲπάμυνόν
1175 5373 1286 5425 μοι·
1320 5356 1462 5409 οὕτω
1486 5356 1772 5423 φιλόσοφος
1803 5349 1868 5420 ἦν
1897 5355 1930 5422 ἡ
1966 5351 2102 5420 γυνὴ
2129 5352 2240 5416 (αίο

678 5437 990 5509 σχυνθῶμεν
1019 5441 1066 5493 οἰ
1093 5439 1327 5509 ἄνδρες)·
1379 5439 1553 5491 καίτοι
1590 5437 1701 5490 ῐστε
1729 5478 1744 5503 ,
1805 5437 1884 5489 ὅτι
1934 5435 2093 5506 ζήλου
2129 5434 2242 5489 ἴσον

675 5520 846 5574 οὐδέν.

748 5690 808 5734 ε’.
850 5683 912 5735 '0
947 5682 1182 5750 τελώνης
1205 5682 1478 5754 ὑϐρισθεὶς
1505 5684 1654 5753 παρά
1684 5683 1774 5735 τοῦ
1799 5683 2114 5753 Φαρισαίου.
2146 5683 2244 5734 οὑκ

680 5764 999 5836 ἀνθύϐρισε,
1031 5767 1205 5819 καίτοι
1259 5783 1342 5832 γε,
1393 5767 1440 5817 εἰ
1491 5766 1760 5829 ἐϐούλετο,
1805 5767 2066 5834 ἠδύνατο·
2111 5764 2245 5818 ἀλλὰ

685 5847 982 5918 φιλοσόφως
1031 5851 1224 5921 ἤνεγκε
1259 5847 1448 5917 λέγων·
1492 5847 1784 5917 ἰλάσθνιτί
1817 5867 1914 5918 μοι
1951 5847 2024 5913 τῷ
2059 5848 2242 5918 ἁμαρ-

1295 303 1358 360 S.
1393 296 1680 363 JOANNIS
1715 300 2210 360 εηιιῑδοετοδιι
2249 298 2578 360 ARCHIEP.
2617 301 3163 363 CONSTANTINOP.

2333 413 2519 482 τωλῷ.
2559 417 2618 471 '0
2658 418 2994 489 Μεμφιϐάαλ
3028 418 3134 475 ὑπὸ
3167 418 3262 474 τοῦ
3299 415 3487 472 δούλου
3521 417 3923 488 κατηγορηθεὶς

2334 498 2430 551 καὶ
2459 500 2922 570 συκοφαντηθείς,
2953 503 3102 556 οὐδὲ.
3143 500 3267 555 οὕτε
3303 495 3490 565 εἶπεν,
3529 498 3655 555 οὕτε
3685 499 3922 571 [πρᾶξιν

2339 580 2417 642 εἰς
2447 579 2608 634 αὐτόν
2629 597 2684 635 τι
2714 585 2950 655 πονηρὸν
2969 597 3019 650 ι,
3046 584 3168 638 οὑδὲ
3198 584 3293 638 έπὶ
3314 583 3409 638 τοῦ
3440 581 3706 654 βασιλέως
3727 581 3918 634 αὑτοῦ.

2337 661 2524 715 Βούλει
2578 663 2675 716 καὶ
2724 665 2931 735 πόρνης
2969 665 3200 720 ἀκοῦσαι
3259 664 3613 735 φιλοσοφίανς
3650 663 3922 716 Ἄκουσον

2333 743 2429 796 τοῦ
2462 744 2698 814 Χριστοῦ
2736 746 2988 814 λέγοντος
3005 789 3022 812 ,
3061 747 3227 817 ἡνίκα
3254 751 3373 811 ταῖς
3399 747 3573 819 θριξὶν
3595 745 3767 815 αὐτῆς
3795 747 3924 809 τοὺς

2335 825 2500 890 πόδας
2524 827 2814 896 ἀπέμασσε
2833 845 2848 859 ·
2901 825 3152 884 Τελῶγαι
3177 829 3276 882 καί
3303 829 3518 897 πόρναι
3543 828 3922 896 προάγουσιν

2333 905 2490 975 ὑμᾶς
2511 911 2599 975 είς
2622 913 2737 977 τὴν
2770 910 3115 974 βασιλείαν.
3146 905 3301 974 Εἶδες
3337 911 3508 981 αὐτὴν
3537 910 3787 964 ἑστῶσαν
3827 912 3923 964 καὶ

2332 989 2674 1060 δακρύουσαν
2698 1030 2714 1056 ,
2747 992 2842 1046 καὶ
2868 991 2937 1045 τά
2962 994 3138 1045 οἰκεῖα
3180 993 3555 1064 ἁμαρτήματα
3581 991 3923 1062 ἀπολουομέ-

2332 1087 2465 1141 νην;
2501 1072 2660 1143 Ὅρα,
2685 1073 2804 1136 πῶς
2831 1074 2926 1127 καί
2951 1075 3086 1146 πρὸς
3111 1074 3202 1128 τὸν
3219 1077 3512 1145 ⁶ιναρισαῖον
3535 1077 3636 1128 οὑκ
3666 1073 3919 1145 ὠργίσθη

2333 1151 2696 1225 ὀνειδιζομένη
2716 1171 2730 1185 ·
2763 1157 2812 1209 εἰ
2843 1156 2957 1227 ᾔδει
2979 1157 3108 1228 γάρ,
3140 1159 3325 1228 φησὶν,
3358 1157 3442 1210 δτι
3471 1157 3797 1228 ἁμαρτωλός
3830 1157 3922 1209 €0-

2335 1253 2418 1290 τιν
2443 1235 2578 1308 αὕτη
2620 1239 2654 1308 ἡ
2676 1238 2834 1308 γυνὴ,
2857 1240 2959 1292 οὐκ
2981 1240 3052 1294 ἀν
3080 1242 3262 1294 εῖασεν
3296 1241 3488 1310 αὑτήν.
3521 1240 3631 1293 Καὶ
3661 1240 3767 1292 οὑκ
3797 1234 3922 1293 εἰπε

2335 1318 2472 1389 πρὸς
2491 1319 2650 1373 αὑτόν
2669 1337 2682 1351 ·
2709 1320 2776 1373 Τί
2800 1322 2941 1391 γάρ;
2967 1322 3088 1374 εἰπέ
3113 1339 3233 1392 μοι·
3258 1324 3323 1377 σὺ
3347 1323 3583 1391 καθαρὸς
3605 1321 3717 1376 ἀπὸ
3737 1323 3924 1392 ἀμαρ-

2334 1400 2592 1470 τημάτων
2629 1395 2714 1466 εἰς
2749 1401 2903 1474 [126}
2933 1403 3070 1457 ἀλλά
3116 1401 3281 1456 πλέον
3312 1403 3540 1473 ἔπασχε,
3583 1403 3748 1456 πλέον
3779 1403 3922 1456 ὠδύ-

2339 1499 2462 1554 ρετο
2493 1484 2587 1537 καὶ
2617 1483 2924 1555 θερμότερα
2945 1484 3014 1538 τά
3043 1484 3254 1556 δάκρυα
3279 1485 3449 1555 ἡφίει.
3487 1487 3549 1539 Εἰ
3569 1485 3628 1539 δὲ
3656 1488 3923 1554 γυναῖκες

2334 1565 2430 1619 καὶ
2461 1565 2686 1620 τελῶναι
2720 1566 2815 1620 καί
2846 1567 3044 1639 πόρναι
3073 1568 3445 1637 φιλοσοφοῦσι,
3483 1569 3576 1621 καί
3607 1567 3790 1625 ταῦτα
3817 1568 3925 1638 πρὸ

2333 1647 2435 1719 τῆς
2455 1648 2698 1720 χάριτος,
2727 1649 2874 1713 τίνος
2903 1649 3140 1719 ἐσόμεθα
3158 1651 3318 1720 ἡμεῖς
3334 1650 3362 1692 δ
3393 1649 3535 1716 άξιοι
3557 1651 3921 1720 συγγνώμης,

2339 1731 2478 1799 μετὰ
2509 1731 2608 1800 τὴν
2659 1731 2930 1802 τοσαύτην
2981 1732 3146 1802 χάριν
3173 1731 3379 1802 θηρίων
3432 1733 3636 1804 μᾶλλον
3685 1733 3921 1788 ζκπολε-

2341 1810 2617 1885 μεύμενοι,
2637 1811 2923 1877 δάκνοντες
2949 1814 3043 1867 καὶ
3068 1813 3450 1882 λακτίζοντεςς
3568 1883 3570 1885 _

2406 2011 2574 2066 Οὐδὲν
2598 2012 2948 2084 αἰσχρότερον
2977 2012 3173 2085 θυμοῦ,
3201 2013 3356 2068 οὐδὲν
3386 2015 3733 2084 ἀτιμότερον,
3764 2015 3925 2068 οὐδὲν

2332 2093 2666 2166 δεινότερον,
2705 2095 2857 2148 οὐδὲν
2888 2094 3245 2166 ἀηδέστερον,
3279 2096 3430 2149 οὐδὲν
3479 2095 3922 2167 βλαϐερώτερον.

2333 2175 2518 2230 Ταῦτα
2541 2176 2706 2244 λέγω,
2737 2178 2835 2246 οὐχ
2873 2177 2960 2230 ἰνα
2994 2177 3129 2248 πρὸς
3165 2178 3365 2250 ἀνδρας
3396 2171 3546 2248 ὦμεν
3570 2179 3773 2249 ἥμεροι
3824 2179 3928 2248 μό-

2335 2275 2456 2324 νον,
2502 2258 2639 2312 ἀλλά
2674 2257 2777 2312 κᾶν
2807 2259 2944 2329 γυνὴ
2976 2259 3137 2321 λάλος
3173 2255 3230 2331 ᾖ,
3261 2261 3348 2314 ῖνα
3398 2261 3601 2334 φέρῃς·
3651 2260 3799 2313 εστω
3838 2277 3929 2314 σοι

2335 2339 2644 2411 παλαίστρα
2675 2341 2770 2393 καὶ
2809 2341 3104 2411 γυμνάσιον
3127 2343 3162 2410 ἡ
3192 2343 3352 2412 γυνή.
3379 2341 3500 2405 Πῶς
3524 2341 3633 2411 γάρ
3663 2344 3767 2394 οὐκ
3795 2342 3926 2395 ἀτο-

2333 2439 2453 2486 πον,
2480 2423 2758 2492 γυμνάσια
2790 2425 2890 2493 μὲν
2920 2423 3272 2494 ἀναδέχεσθαι
3295 2424 3448 2478 οὐδὲν
3475 2425 3664 2494 κέρδος
3697 2425 3922 2494 ἔχοντα,

2332 2504 2460 2557 ἔνθα
2487 2504 2743 2575 θλίϐομεν
2770 2506 2830 2557 τὸ
2873 2505 3053 2576 σῶμα·
3082 2507 3360 2576 γυμνάσια
3393 2506 3452 2559 δὲ
3504 2508 3578 2578 μὴ
3631 2509 3813 2559 ποιεῖν
3845 2506 3929 2559 οῖ-

2333 2587 2487 2653 καδε,
2542 2589 2636 2642 καί
2675 2587 2780 2660 πρὸ
2833 2589 2944 2643 τῶν
2993 2588 3224 2657 ἀγώνων
3271 2589 3535 2658 στέφανον
3582 2591 3715 2659 ἡμῖν
3769 2605 3924 2658 παρα

2332 2669 2553 2738 έχοντα;
2578 2670 2820 2742 ’Υϐρίζει
2837 2673 2871 2741 ἡ
2890 2673 3026 2742 γυνὴ
3050 2689 3066 2737 ;
3097 2672 3191 2742 Μὴ
3211 2672 3345 2744 γένῃ
3369 2673 3433 2725 σὺ
3455 2672 3627 2742 γυνή·
3651 2674 3930 2740 γυναικῶ-

2331 2751 2418 2815 δες
2447 2756 2554 2825 γὰρ
2591 2754 2652 2807 τὸ
2698 2755 2972 2825 ὑϐρίζειν·
3021 2756 3176 2820 νόσος
3221 2757 3338 2810 έστί
3380 2756 3582 2827 ψυχῆς,
3623 2756 3930 2827 έλάττωμά

2331 2834 2466 2889 ἐστι.
2516 2835 2606 2906 Μὴ
2633 2837 2862 2910 νομίσῃς
2909 2835 3129 2902 ἀνάξιόν
3167 2853 3260 2890 σου
3307 2834 3487 2902 εἶναι,
3529 2839 3656 2892 ὅταν
3690 2841 3724 2910 ἡ
3777 2840 3929 2911 γυνὴ

2333 2916 2550 2986 ὑϐρίσῃ.
2592 2918 2855 2984 ’Δνάξιον,
2911 2920 3042 2973 ὅταν
3101 2920 3166 2972 σὺ
3219 2920 3317 2990 μὲν
3355 2919 3610 2990 ὑϐρίζῃς,
3641 2919 3835 2991 ἐκείνη
3866 2923 3928 2974 δὲ

2334 2997 2630 3069 φιλοσοφῇ·
2684 3001 2806 3053 τότε
2856 3000 3207 3070 ἀσχημονεῖς,
3231 3001 3354 3054 τότε
3411 3003 3710 3073 ὑϐρίσθης·
3744 3002 3817 3056 ἀν
3867 3003 3929 3057 δὲ

2334 3078 2609 3149 ὑϐρισθεὶς
2638 3082 2888 3155 ἐνέγκῃς,
2922 3086 3020 3152 τῆς
3045 3083 3224 3154 ἰσχύος
3255 3085 3356 3155 τῆς
3386 3085 3485 3155 σῆς
3519 3084 3690 3155 πολλὴ
3719 3087 3750 3154 ἡ
3793 3087 3926 3139 ὲπί-

2331 3160 2516 3228 δειξις.
2555 3164 2630 3216 O6
2677 3163 2776 3228 τὰς
2806 3170 3072 3232 γυναῖκας
3103 3167 3314 3237 ὲνάγων
3363 3169 3444 3232 εἰς
3483 3167 3700 3238 ὕϐρεις,
3741 3171 3930 3224 ταῦτα

2331 3242 2506 3311 λέγω·
2552 3245 2630 3316 μὴ
2677 3247 2916 3314 γένοιτο·
2955 3247 3071 3301 ἀλλ’
3113 3249 3167 3303 εί
3188 3267 3289 3303 που
3339 3251 3434 3303 κιιί⁵
3489 3250 3730 3318 συμϐαίη
3775 3254 3932 3304 κατὰ

2333 3329 2627 3398 σατανικὴν
2663 3328 3008 3400 περίστασιν,
3048 3331 3136 3385 ἶνα
3175 3332 3679 3401 φέρητευἋνδρῶν
3715 3334 3838 3385 ἔστι
3866 3335 3932 3386 τὸ

2331 3407 2517 3478 φέρειν
2543 3408 2650 3461 τῶν
2683 3410 2920 3482 ἰσχυρῶν
2947 3412 3072 3476 τοὺς
3093 3411 3358 3474 ἀσθενεῖς.
3391 3413 3510 3466 Κᾶν
3541 3413 3760 3482 οἰκέτης
3792 3416 3926 3468 ἀντ-

2331 3489 2499 3560 είπῃ,
2531 3489 2896 3562 φιλοσόφησον
2932 3492 2996 3546 σύ
3020 3512 3035 3527 ·
3077 3493 3174 3565 μὴ,
3237 3494 3292 3546 τί
3337 3496 3545 3558 ἐκεῖνος
3585 3494 3736 3558 ἀξιός
3767 3497 3933 3549 ἔστιν

2331 3571 2584 3636 ἀκοῦσαι,
2612 3571 2773 3646 εῖπῃς
2805 3575 2837 3644 ἡ
2863 3573 3097 3647 πράξῃς,
3126 3574 3262 3628 ἀλλά
3288 3576 3340 3630 τί
3369 3577 3451 3629 δεῖ
3471 3593 3530 3629 σε
3564 3577 3658 3629 καὶ
3693 3581 3933 3647 ποιῆσαι

2333 3653 2428 3704 καὶ
2456 3655 2647 3707 εἰπεῖν.
2690 3655 2977 3723 Μηδέποτε
3014 3657 3182 3726 κόρην
3221 3657 3478 3728 ὑϐρίζων,
3513 3659 3742 3729 αἰσχρὸν
3768 3661 3939 3730 ῥῆμα

2335 3733 2569 3806 έκϐάλῃς
2593 3751 2607 3765 ·
2650 3734 2923 3804 μηδέποτε
2970 3737 3190 3806 οἰκέτην
3224 3739 3420 3810 μιαρὸν
3446 3741 3626 3810 εῐπῃς.
3681 3741 3937 3804 Ἐκεῖνος

2335 3813 2434 3884 οὑχ
2460 3813 2714 3886 ὑϐρίσθη,
2738 3816 2873 3869 ἀλλά
2899 3816 2984 3870 σύ.
3022 3819 3137 3871 Οὑκ
3176 3819 3322 3873 ἔστιν
3362 3822 3420 3874 έν
3445 3821 3624 3890 ἑαυτῷ
3657 3818 3801 3874 εἰναι
3835 3824 3938 3876 τὸν

2335 3895 2709 3966 ὀργιζόμενον,
2743 3898 2933 3969 ὥσπερ
2978 3899 3099 3960 οὐδὲ
3132 3901 3372 3970 πέλαγος
3419 3905 3853 3974 κυμαινόμενον,
3900 3907 3934 3974 ἡ

2337 3977 2520 4047 πηγὴν
2561 3978 2745 4047 μένειν
2781 3979 3051 4051 καθαρὰν,
3087 3980 3347 4055 βορϐόρου
3382 3984 3546 4038 ποθέν
3587 3986 3936 4055 ἐμπεσόντος

2338 4061 2512 4130 αὑτῇ·
2554 4059 2698 4114 οὕτω
2745 4063 2924 4116 πάντα
2963 4064 3201 4134 ἀναμὶξ,
3235 4066 3437 4135 μᾶλλον
3463 4067 3524 4120 δὲ
3555 4067 3701 4121 οὕτω
3745 4071 3938 4126 πάντα

2332 4142 2450 4194 ’ἀνω
2479 4143 2573 4193 καὶ
2616 4142 2770 4195 κάτω
2797 4146 3028 4210 γίνεται.
3063 4145 3182 4198 Κάν
3210 4151 3513 4220 τυπτὴσῃς,
3564 4149 3667 4202 κᾶν
3695 4149 3908 4222 διαρρ.,

2343 4223 2438 4293 ξῃς
2477 4223 2570 4276 τὸν
2595 4224 2934 4292 χιτωνίσκον,
2983 4228 3047 4280 σὺ
3075 4227 3298 4296 μείζονα
3329 4228 3428 4300 τὴν
3465 4230 3666 4301 βλάσην
3695 4231 3942 4302 ὑπέμει-

2341 4321 2438 4366 νας
2461 4321 2473 4332 ·
2518 4305 2712 4376 ἐκείνῳ
2747 4306 2847 4375 μὲν
2891 4307 3002 4378 γάρ
3035 4309 3164 4379 περὶ
3218 4310 3279 4364 τὸ
3323 4311 3482 4382 σῶμα
3515 4313 3609 4366 καὶ
3645 4314 3776 4383 περί
3831 4315 3940 4385 τὴν

2340 4386 2542 4457 ἐσθῆτα
2574 4388 2608 4457 ἡ
2637 4387 2839 4460 πληγὴ,
2877 4389 2962 4443 σοὶ
3005 4389 3063 4444 δὲ
3095 4392 3226 4461 περὶ
3267 4394 3369 4466 τὴν
3411 4395 3615 4466 ψυχήν.
3673 4396 3952 4467 Ἐκείνην

2339 4470 2604 4541 διέτεμες,
2647 4471 2864 4542 έκείνην
2897 4472 3176 4544 έτρωσας,
3212 4475 3306 4530 τὸν
3342 4479 3556 4549 ἡνίοχον
3595 4479 3788 4542 ἔϐαλες
3821 4481 3943 4534 ἀπὸ

2339 4554 2450 4606 τῶν
2481 4555 2663 4608 ἵππων
2687 4555 2858 4618 κάτω,
2895 4556 3086 4610 ὕπτιον
3114 4557 3377 4628 σύρεσθαι
3409 4561 3838 4630 παρεσκεύασας
3869 4564 3897 4591 ⁸
3921 4579 3938 4594 ·

2343 4638 2435 4690 καὶ
2471 4638 2672 4692 ταυτὸν
2703 4639 2935 4705 γίνεται,
2977 4634 3089 4693 οἷον
3126 4640 3221 4694 ἑάν
3257 4641 3472 4711 ἡνίοχος
3505 4643 3676 4714 ἑτέρῳ
3707 4644 3946 4715 ὀργιζόο

2347 4735 2504 4786 μενος
2529 4718 2691 4772 ἕλοιτ’
2721 4721 2788 4772 ἂν
2820 4720 3098 4791 σύρεσθαι.
3128 4723 3246 4776 Κᾶν
3277 4723 3632 4796 έπιπλήττῃς,
3669 4725 3774 4780 κᾶν
3805 4744 3943 4780 νου-

2345 4799 2522 4870 θετῇς,
2557 4801 2662 4854 κᾶν
2687 4801 2867 4855 ὁτιοῦν
2897 4807 3087 4874 ποιῇς,
3107 4805 3277 4875 ὀργῆς
3313 4808 3482 4877 χωρὶς
3510 4809 3605 4860 καί
3634 4807 3838 4877 θυμοῦ.
3872 4811 3946 4867 Εἰ

2343 4883 2449 4953 γάρ
2495 4886 2522 4936 6
2570 4883 2915 4956 ὲπιπλὴττων
2968 4888 3150 4958 ἰατρός
3197 4889 3311 4942 ἐστι
3346 4890 3442 4944 τοῦ
3495 4891 3945 4960 ἁμαρτάνοντος,

2345 4967 2457 5029 πῶς
2487 4967 2550 5021 ἂν
2585 4968 2801 5022 δύναιτο
2826 4969 3160 5039 θεραπεῦσαι
3189 4973 3396 5042 ἕτερον,
3436 4975 3628 5028 ἑαυτὸν
3657 4977 3948 5047 πρότερον

2344 5051 2618 5117 κακώσας,
2666 5051 2855 5109 ἑαυτὸν
2903 5053 2978 5122 μὴ
3014 5053 3364 5125 θεραπεύων;
3403 5057 3470 5112 Ε(
3489 5073 3610 5120 τις,
3651 5059 3776 5112 εἰπέ
3816 5078 3945 5131 μοι,

2349 5134 2528 5204 ἰατρὸς
2581 5137 2871 5206 πορεύοιτο
2909 5138 3096 5208 ἕτερον
3141 5137 3497 5209 θεραπεύειν,
3529 5138 3793 5211 πρότερον
3837 5144 3949 5214 τὴν

2345 5218 2502 5286 χεῖρα
2532 5219 2910 5288 τραυματίσας
2929 5218 3026 5289 τὴν
3049 5219 3262 5284 ἑαυτοῦ,
3291 5219 3556 5290 πρότερον
3580 5222 3706 5282 τοὺς
3730 5223 3950 5289 6:900}-

2347 5300 2479 5364 μοὺς
2507 5301 2788 5370 πηρώσας,
2823 5300 2963 5356 οὕτω
2993 5304 3228 5354 ποιεῖται
3258 5301 3466 5356 έκείνου
3494 5302 3592 5376 τὴν
3639 5305 3901 5372 ίατρείαν
3931 5325 3945 5369 ς

2345 5381 2500 5447 Ούχί,
2533 5383 2718 5450 φησίν.
2743 5383 2899 5436 υῦτω
2924 5383 3019 5438 καὶ
3052 5385 3117 5437 σὺ
3140 5385 3246 5436 κᾶν
3273 5383 3629 5456 έπιπλὴττῃς,
3663 5387 3770 5439 κᾶν
3812 5407 3950 5441 vou-

2347 5461 2524 5532 θετῇς,
2560 5463 2776 5534 καθαρά
2805 5464 3151 5535 βλεπέτωσάν
3180 5483 3272 5518 σου
3301 5468 3350 5518 οἱ
3377 5467 3666 5536 ὀφθαλμοί.
3700 5470 3797 5540 Μὴ
3851 5473 3949 5525 θο-

2345 5544 2523 5617 λώσῃς
2565 5550 2653 5600 τδιν
2683 5548 2828 5613 νοῦν,
2876 5549 3001 5601 ἐπεὶ
3031 5550 3151 5612 πῶς
3204 5552 3236 5620 ἡ
3287 5550 3550 5623 θεραπεία
3592 5554 3944 5622 γενὴσεται;

2414 5794 2442 5862 ᾗ
2485 5795 2618 5862 UTIng
2639 5796 2830 5862 ἔπραξέν
2865 5797 3149 5862 τιτιονηρόν.
3214 5793 3245 5862 ,ὃ
3276 5797 3400 5844 Hom
3435 5795 3554 5852 "v0:
3593 5801 3739 5862 ἐσμὲν
3776 5803 3944 5862 ἡμεῖς,

2355 5857 2376 5887 ⁸
2409 5856 2721 5907 ιζηιιδύπτιον
2756 5859 2970 5920 φέρεσθαι
2993 5856 3362 5922 παρεσκεύαζε-ις.
