4088 6326
135 372 232 432 ηε
1113 362 1179 421 IN
1218 360 1397 420 ACTA
1440 353 1746 415 APOSTOL

1860 351 1963 410 ωλι.
2004 347 2237 406 unum.
2277 324 2394 405 κγ.

134 481 419 555 superius?
448 480 589 537 Nam
622 479 767 551 quod
809 476 1037 550 patiatur
1059 515 1074 540 ,
1116 474 1199 529 vel
1233 473 1358 527 hinc
1402 469 1576 542 palam
1615 477 1699 522 est
1723 506 1740 533 ,

133 573 272 644 quod
307 573 629 643 boepassio
643 575 891 633 Vocetur;
924 568 1095 638 palam
1120 567 1249 622 item
1275 573 1360 621 est
1382 577 1447 620 ex
1476 575 1704 630 corpore
1728 575 1742 613 :

136 681 217 718 nae
260 679 503 733 namque
533 661 814 732 passiones
850 659 917 713 ab
948 657 1364 716 iranascuntur,
1393 652 1584 707 obtusa
1614 664 1747 703 ocu-

136 755 317 809 lorum
361 754 533 815 acies,
579 761 790 820 stupor,
835 758 886 805 et
928 747 1207 802 innumera
1248 745 1373 798 alia.
1426 741 1535 797 Sed
1580 738 1747 793 lilium

130 844 471 900 contumelia
499 842 679 898 atfccit
699 883 716 909 ,
740 840 992 912 inquies;
1024 837 1120 893 sed
1141 836 1432 892 .famulum.
1478 832 1559 888 Ne
1588 837 1745 902 putes

133 938 519 993 inﬁrmitatem
547 950 691 1001 esse,
722 932 947 1005 quodid
975 933 1090 1001 ipse
1115 945 1220 984 non
1252 928 1438 983 facias.
1477 926 1572 981 Dic
1596 924 1744 980 enim

133 1030 294 1096 mihi,
326 1046 398 1083 an
434 1027 777 1084 benefactum
802 1025 926 1082 est?
956 1024 1072 1080 Non
1106 1032 1235 1093 puto
1268 1021 1318 1076 id
1350 1029 1403 1076 te
1432 1018 1703 1075 dicturum
1730 1036 1744 1073 :

131 1139 265 1193 ergo
288 1138 364 1178 ne
393 1121 563 1177 facias
584 1120 729 1191 quod
756 1134 860 1174 non
888 1124 971 1171 est
995 1116 1133 1170 bene
1159 1114 1380 1169 facttnn.
1406 1112 1532 1167 Scio
1558 1109 1750 1181 quales

133 1216 185 1268 in
217 1216 429 1270 talibus
468 1214 562 1269 ira:
603 1220 910 1266 nascantur.
960 1207 1100 1277 Quid
1140 1222 1270 1277 ergo
1312 1206 1366 1260 si.
1402 1211 1747 1267 contemnat,

134 1303 357 1373 inquies
376 1304 402 1357 ?
430 1305 474 1358 si
507 1316 724 1358 rursum
748 1296 937 1355 dicat?
957 1299 1140 1371 Argue
1169 1314 1183 1351 :
1215 1299 1454 1364 increpa,
1486 1296 1743 1349 obsecra:

132 1395 562 1450 mansuetudine
603 1394 682 1449 ira
724 1392 999 1447 solvitur:
1037 1387 1306 1445 accedens
1344 1400 1529 1457 argue.
1581 1384 1639 1439 In
1683 1385 1749 1439 iis

133 1494 288 1540 certe
315 1526 333 1549 ,
365 1500 491 1556 qua:
521 1499 620 1539 nos
646 1484 985 1553 respiciunt,
1014 1479 1119 1536 hoc
1148 1477 1455 1533 faciendum
1487 1491 1594 1532 non
1625 1485 1746 1542 est;

134 1581 185 1635 iu
219 1579 479 1644 iis~vero,
511 1593 633 1647 qua:
657 1576 795 1630 alios
820 1581 1084 1645 spectant,
1119 1571 1174 1628 id
1204 1584 1427 1626 necesse
1454 1580 1539 1625 est
1560 1584 1746 1639 agere.

132 1671 207 1725 Ne
241 1670 523 1739 propriam
551 1666 931 1724 contumeliam
961 1676 1154 1737 putes,
1201 1662 1347 1733 quod
1379 1662 1518 1716 filius
1555 1670 1749 1716 contu-

132 1761 301 1814 melia
327 1760 596 1814 afﬁciatur
620 1776 635 1813 :
658 1766 716 1811 ut
739 1755 787 1811 si
812 1755 999 1812 doleas
1022 1755 1092 1812 de
1116 1755 1229 1817 illo.
1258 1761 1314 1808 at
1339 1768 1447 1808 non
1476 1760 1748 1821 tamquam

131 1849 477 1904 contumelia
498 1848 723 1903 allectus
736 1864 759 1903 ιι
781 1860 888 1901 non
908 1846 1053 1903 enim
1070 1847 1200 1917 quia
1231 1860 1367 1914 puer
1391 1845 1533 1900 male
1562 1843 1746 1910 habet,

134 1949 188 1995 tu
234 1939 572 1995 contumelia
601 1937 827 1992 aﬂ'ectus
850 1951 945 2000 es;
972 1935 1068 1991 sed
1114 1936 1161 1991 is
1184 1935 1274 2005 qui
1304 1935 1445 1989 male
1467 1932 1613 1988 fecit.
1642 1932 1751 1988 Re-

132 2035 354 2103 stingue
378 2031 615 2103 gladium
642 2038 879 2095 acutum,
905 2029 958 2083 in
980 2028 1167 2099 vagina
1184 2026 1470 2083 condatur.
1494 2025 1551 2082 Si
1574 2026 1750 2081 nudus

132 2131 396 2188 maneat,
426 2138 570 2192 stupe
597 2121 691 2176 illo
722 2121 1354 2191 inopportunottempore
1398 2124 1635 2183 utemur,
1682 2115 1752 2171 ab

132 2218 210 2271 ira
238 2216 509 2271 concitati
534 2231 549 2279 ;
582 2214 627 2268 si
660 2227 787 2267 vero
812 2211 1061 2267 conditus
1088 2218 1341 2276 maneat,
1370 2208 1581 2266 etiamsi
1610 2222 1751 2278 opus

130 2308 323 2369 fuerit.
353 2305 728 2375 exstinguetur
750 2304 848 2357 ira.
878 2302 995 2358 Non
1018 2302 1126 2356 vult
1150 2299 1401 2355 Christus
1428 2308 1485 2354 ut
1506 2314 1604 2369 pro
1630 2299 1750 2369 ipso

131 2399 442 2453 irascantur
463 2416 478 2452 :
500 2396 625 2451 audi
654 2396 796 2451 enim
834 2393 963 2465 quid
993 2394 1152 2449 Petro
1171 2392 1316 2449 dicat
1338 2409 1351 2445 :
1373 2388 1619 2447 Converte
1636 2392 1749 2460 ρισ-

131 2490 275 2543 diem
323 2498 469 2541 tuum
509 2489 563 2542 in
605 2488 843 2558 vaginam
880 2485 1115 2557 (Matth.
1158 2484 1251 2540 26.
1281 2482 1392 2555 52)
1416 2525 1431 2550 ,
1482 2493 1537 2540 et
1569 2494 1624 2539 tu
1652 2499 1749 2553 pro

132 2582 241 2636 ﬁlio
288 2580 589 2635 irasceris?
638 2580 777 2634 Doce
808 2577 977 2633 illium
1006 2576 1418 2648 philosophari;
1465 2589 1627 2631 narra
1663 2574 1741 2629 illi

131 2672 427 2739 passiones
456 2669 700 2736 Domini;
732 2669 941 2725 imitare
972 2668 1286 2739 magistrum
1314 2677 1486 2721 tuum.
1520 2663 1746 2733 Quando

132 2762 205 2815 illi
266 2759 637 2815 inhonorandi
692 2768 883 2825 erant,
935 2772 1041 2812 non
1092 2757 1251 2823 dixit,
1304 2756 1599 2817 Ulciscar;
1650 2752 1747 2810 sed

129 2850 261 2921 (prid
280 2851 312 2903 ἲ
356 2849 445 2903 ille
465 2849 749 2919 persequuti
787 2856 927 2915 sunt,
972 2858 1018 2902 et
1045 2863 1131 2901 vos
1160 2857 1526 2919 persequentur
1559 2845 1743 2917 (lacn.

133 2942 219 2995 15.
247 2940 395 3009 20).
454 2938 617 2995 Ferte
671 2940 851 3010 itaque
907 2938 1151 3003 fortiter;
1197 2953 1304 2993 non
1361 2939 1505 2992 enim
1558 2936 1748 2991 melio-

133 3044 219 3085 res
245 3046 337 3086 me
365 3028 520 3086 estis.
570 3028 697 3085 llaec
722 3039 775 3085 et
802 3038 857 3084 tu
881 3029 991 3083 filio
1012 3038 1067 3083 et
1091 3043 1251 3084 servo
1295 3027 1462 3084 dicito
1486 3046 1500 3082 :
1524 3027 1640 3083 Non
1685 3041 1751 3083 es

134 3124 368 3179 Domino
400 3132 495 3177 tuo
532 3121 743 3176 melior.
792 3121 901 3185 Sed
933 3120 1051 3176 hmo
1088 3120 1446 3192 philosophia:
1472 3118 1635 3175 verba
1667 3118 1747 3173 vi-

132 3214 330 3268 dentur
356 3228 390 3268 a
419 3213 574 3268 vidua
606 3212 892 3283 proﬁcisci.
924 3212 1021 3268 l'lei
1053 3213 1185 3268 mihi
1211 3253 1229 3279 ,
1259 3211 1405 3282 quod
1438 3226 1531 3268 res
1561 3209 1747 3267 verbis

131 3306 407 3362 declarari
438 3316 689 3374 nequeat,
722 3314 779 3361 ut
804 3314 982 3374 potest
1006 3306 1337 3377 experientia
1368 3304 1561 3359 edisci.
1593 3304 1661 3359 Et
1688 3309 1766 3360 ut'

132 3402 336 3463 aisais,
370 3401 430 3453 in
457 3398 634 3453 medie
660 3397 892 3453 duorum
917 3397 1346 3453 concertantium
1375 3403 1545 3464 stans,
1575 3397 1651 3450 sis
1678 3412 1744 3451 ex

134 3501 285 3559 parte
306 3491 589 3557 lautorum,
616 3505 724 3545 non
748 3489 1080 3555 lmdentium,
1109 3490 1155 3545 si
1179 3504 1285 3544 non
1310 3488 1452 3559 apud
1481 3501 1532 3543 te
1557 3490 1748 3543 trium—

134 3581 269 3649 phos
292 3579 531 3648 videbis,
554 3580 598 3635 si
621 3595 730 3634 non
746 3579 1055 3651 splendidas
1066 3580 1298 3651 accipies
1316 3595 1567 3635 coronas.
1588 3579 1744 3646 Vide,

131 3674 415 3744 quomodo
440 3674 766 3728 contumelia
797 3672 1031 3728 afﬁcitur
1059 3675 1199 3728 Deus
1224 3713 1240 3738 ,
1272 3687 1434 3742 quam
1465 3682 1748 3728 mansuete

134 3778 188 3820 et
215 3766 458 3833 benigne
485 3763 810 3832 respoxtdeat
842 3781 855 3817 :
890 3762 990 3818 Ubi
1016 3774 1129 3830 est,
1166 3764 1374 3833 inquit,
1416 3763 1543 3819 Abel
1585 3769 1746 3836 frater

131 3867 249 3908 tuus
278 3854 444 3924 (Gen.
474 3854 530 3909 4.
556 3853 728 3923 9)?Et
742 3852 869 3924 qttid
896 3854 1031 3908 ille?
1076 3852 1344 3924 Numquid
1371 3865 1541 3909 custos
1568 3855 1750 3924 fratris

133 3948 229 3998 mei
248 3962 370 3999 sum
385 3961 481 4015 ego
497 3945 523 3997 ?
549 3944 686 4011 Quid
705 3943 808 3998 hoc
834 3944 1198 4014 arrogantius?
1221 3944 1324 3999 hoc
1346 3955 1494 4001 certe
1513 3946 1652 4001 vela
1684 3946 1749 4000 li-

130 4037 349 4106 lieqnis
362 4036 595 4091 libenter
614 4036 958 4091 audivisset?
975 4052 1096 4089 nam
1121 4037 1165 4091 si
1185 4052 1214 4090 a
1231 4036 1416 4101 fratre,
1429 4053 1607 4093 nonne
1626 4039 1749 4109 quis

130 4128 352 4182 duxerit
388 4142 513 4182 esse
538 4127 928 4197 ignominiam?
953 4128 1024 4182 At
1046 4127 1187 4181 Deus
1232 4128 1430 4182 iterum
1464 4141 1746 4186 mansuete

132 4216 469 4289 respondet:
498 4215 610 4271 Vox
627 4217 910 4287 sanguinis,
935 4217 1127 4285 inquit,
1147 4218 1326 4288 fratris
1360 4218 1435 4271 tui
1465 4219 1653 4273 clamat
1677 4219 1747 4272 ad

131 4309 309 4363 me.At
330 4306 496 4370 Dens,
524 4307 850 4376 inquies,.ira
870 4307 1121 4377 superior
1135 4317 1240 4363 est.
1256 4308 1362 4363 Sed
1382 4308 1504 4364 ideo
1522 4310 1747 4365 descen-

130 4400 207 4454 dit
234 4399 414 4455 Pilius
447 4399 583 4468 Dei,
616 4410 673 4453 ut
702 4410 753 4455 te
779 4398 940 4455 deum
984 4400 1186 4457 faceret
1216 4401 1511 4457 sctuudum
1551 4403 1745 4460 huma-

133 4506 226 4547 nas
257 4493 432 4547 vires.
475 4493 543 4546 At
572 4508 679 4546 non
711 4507 926 4562 possum
949 4533 964 4558 ,
998 4492 1208 4564 inquies
1229 4535 1247 4561 ,
1277 4495 1441 4550 homo
1469 4511 1592 4550 cum
1618 4498 1743 4552 sim.

134 4583 275 4653 Ergo
305 4593 499 4654 patere
522 4592 581 4637 ut
606 4583 853 4639 homines
880 4584 972 4639 tibi
993 4585 1346 4641 adducamus.
1375 4586 1453 4642 Ne
1478 4597 1634 4657 putes
1660 4605 1748 4646 me

134 4674 363 4729 Paulum
395 4673 578 4729 dicere
603 4684 697 4730 aut
725 4675 937 4730 Petrum
960 4716 976 4739 ,
1006 4677 1100 4732 sed
1131 4678 1391 4747 quosdam
1421 4679 1553 4749 ipsis
1582 4679 1749 4751 longe

135 4765 451 4821 infen‘ores.
481 4766 599 4821 lleli
629 4782 817 4822 servus
842 4768 1054 4822 Annam
1089 4770 1420 4826 contumelia
1450 4772 1744 4841 aﬂ'ecerat,

131 4857 322 4912 dicens
360 4875 372 4909 :
406 4856 594 4928 Digere
639 4861 807 4913 viuum
846 4870 990 4913 tuum
1036 4862 1131 4931 (l.
1182 4860 1312 4933 Reg.
1346 4864 1396 4917 1.
1429 4865 1560 4935 14).
1607 4864 1749 4932 Quid

136 4948 235 5002 hoc
263 4949 762 5004 contumeliosius?
788 4950 925 5018 Quid
952 4966 1081 5022 ergo
1108 4952 1240 5007 illa?
1267 4953 1460 5009 Mulier
1486 4957 1540 5011 in
1570 4974 1746 5013 amaro

133 5040 212 5092 die
236 5055 334 5109 ego
362 5055 496 5093 sunt.
527 5039 669 5095 Nihil
696 5056 883 5097 revera
912 5041 1192 5097 afflictioni
1222 5060 1318 5113 par
1346 5062 1359 5097 :
1391 5044 1747 5117 philosophia:

134 5140 305 5185 mater
336 5139 444 5184 est.
491 5130 619 5185 liagc
654 5147 784 5187 vero
826 5134 956 5201 ipsa
979 5134 1176 5189 mulier
1203 5135 1453 5190 aemulam
1490 5137 1695 5191 habens
1718 5179 1735 5205 ,

137 5237 239 5275 non
266 5206 803 5278 contumeliaxat'feeit
828 5240 969 5289 eam;
996 5224 1092 5280 sed
1116 5225 1281 5294 quid?
1309 5227 1388 5281 Ad
1418 5227 1584 5281 Deum
1610 5243 1742 5282 con-

136 5313 286 5383 fugit,
314 5322 376 5367 et
402 5329 565 5370 orans
589 5316 733 5370 illius
758 5331 826 5371 ne
846 5317 1060 5388 quidem
1084 5319 1351 5383 meminit,
1381 5335 1553 5388 neque
1575 5320 1743 5375 dicit:

134 5406 408 5471 Quoniam
440 5405 557 5461 haec
582 5423 669 5462 me
696 5408 906 5479 probris
934 5409 1132 5471 affecit.
1153 5426 1239 5466 me
1269 5412 1535 5467 ulciscere
1565 5431 1577 5468 :
1608 5415 1745 5469 adeo

137 5494 503 5565 philosophiae
531 5509 744 5553 assueta
774 5500 970 5555 mulier
996 5511 1133 5556 erat.
1158 5501 1580 5573 Erubeseamus,
1608 5506 1742 5561 viri:

136 5584 286 5639 scitis
314 5586 467 5641 enim
497 5587 633 5641 nihil
654 5588 775 5643 zelo
806 5604 902 5658 par
926 5605 1066 5647 esse.

204 5676 261 5730 5.
292 5676 623 5733 Publieanus
649 5695 679 5733 a
704 5679 979 5736 Pharisaeo
1003 5684 1327 5739 contumelia
1359 5686 1604 5752 allectus,
1636 5704 1744 5744 non

138 5770 327 5826 manu
372 5773 756 5829 contumeliam
779 5814 794 5840 ,
825 5775 1068 5844 quamvis
1108 5785 1323 5848 posset,
1369 5779 1414 5835 si
1448 5780 1739 5847 voluisset;

3363 351 3466 408 196

1854 461 1953 519 sed
2000 460 2052 516 id
2092 460 2470 532 philosophica
2514 459 2700 516 animo
2745 461 2888 525 tulit.
2934 461 3144 529 dicens,
3199 464 3468 537 Propitius

1850 562 1958 608 esto
1998 553 2126 607 ini/ti
2169 554 2425 622 peccatori
2452 550 2618 623 (Luc.
2653 552 2740 607 18.
2778 550 2913 625 15).
2939 553 3293 625 \lemphihaal
3329 557 3411 627 (a)
3438 575 3469 613 a

1855 658 2015 699 servo
2040 653 2329 699 accusatus
2349 652 2406 700 et
2424 644 2694 699 calumnia
2718 643 2996 715 impetitus
3016 646 3095 717 (2.
3118 648 3249 722 Reg.
3278 651 3363 705 16.
3385 653 3467 721 3),

1857 753 2037 808 neque
2060 737 2198 792 dixit
2223 752 2400 807 neque
2428 737 2553 793 fecit
2576 736 2657 792 illi
2678 738 2952 807 quidpiam
2980 741 3130 806 mali,
3161 757 3229 797 ne
3249 744 3470 813 quidem

1856 829 1997 898 apud
2041 843 2248 899 regem.
2292 827 2390 884 Vis
2438 829 2603 884 etiam
2650 830 2952 885 meretricis
3003 832 3193 888 audire
3233 834 3475 905 philoso-

1858 920 2075 991 phiam?
2099 920 2237 976 Audi
2266 920 2542 977 Christum
2569 921 2837 979 dicentem
2860 964 2875 987 ,
2903 925 3125 995 quando
3152 926 3239 981 illa
3262 929 3475 998 capillis

1854 1013 1972 1069 suis
1998 1012 2164 1083 pedes
2190 1013 2362 1084 ipsius
2393 1014 2639 1086 tergebat
2662 1032 2676 1070 :
2700 1012 2979 1070 Publiceni
2998 1025 3047 1070 et
3077 1020 3363 1074 meretrices
3384 1037 3474 1076 vos

1856 1104 2142 1176 precedent
2188 1104 2243 1158 in
2284 1120 2441 1176 regno
2490 1103 2708 1173 (Matth.
2766 1104 2864 1161 21.
2916 1107 3036 1178 3|).
3084 1107 3275 1165 Vidisti
3322 1111 3471 1167 illam

1856 1201 2089 1251 stantem
2119 1204 2175 1249 et
2204 1194 2619 1267 lacrymantem,
2651 1211 2717 1251 ac
2745 1198 2965 1269 propria
2992 1211 3210 1269 peccata
3240 1201 3475 1267 abluen-

1857 1290 2012 1344 tem?
2050 1284 2206 1349 Vide,
2264 1285 2541 1356 quomodo
2581 1302 2613 1342 a
2666 1287 2943 1346 Pbarisme
2996 1292 3211 1361 probris
3254 1294 3472 1364 allecto,

1858 1391 1965 1431 non
2012 1375 2295 1432 irascatur.
2346 1378 2401 1433 Si
2450 1379 2636 1446 sciret,
2685 1381 2887 1451 aiebat,
2930 1384 3072 1450 quod
3121 1385 3238 1442 haec
3279 1388 3476 1443 mulier

1857 1468 2129 1536 peccatrix
2173 1470 2287 1534 sit,
2336 1484 2444 1525 non
2486 1470 2692 1527 sineret
2767 1487 2911 1528 eam.
2979 1474 3099 1531 Non
3150 1476 3288 1533 dixit
3341 1480 3471 1535 illi:

1856 1557 2032 1626 Quid?
2054 1574 2268 1629 qttazso;
2317 1569 2445 1616 tune
2476 1577 2644 1632 purus
2682 1578 2712 1617 a
2758 1566 2995 1635 peccatis
3030 1568 3133 1622 es?
3166 1570 3261 1625 sed
3303 1574 3476 1642 magis

1858 1649 2186 1719 patiebatur,
2222 1652 2393 1722 magis
2435 1654 2709 1724 gemebat,
2762 1665 2818 1711 et
2858 1658 3147 1715 calidiores
3205 1661 3477 1735 lacrymas

1857 1738 2164 1795 emittebat.
2192 1741 2353 1808 Quod
2378 1744 2422 1797 si
2457 1744 2738 1811 mulieres,
2773 1748 3045 1816 publicani
3070 1761 3127 1808 et
3154 1757 3475 1812 meretrices

1858 1831 2331 1902 philosophentur,
2366 1834 2529 1907 idque
2558 1847 2686 1893 ante
2714 1840 2943 1910 gratiam
2976 1860 2989 1896 :
3019 1859 3124 1914 qua
3147 1848 3301 1902 venia
3323 1847 3469 1918 digni

1859 1937 1959 1978 nos
2001 1924 2230 1992 erimus,
2278 1926 2372 1996 qui
2410 1938 2532 1996 post
2582 1936 2787 1985 tantam
2832 1934 3063 2003 gratiam
3110 1940 3281 2009 magis
3308 1956 3471 2011 quam

1857 2012 1986 2070 forte
2016 2014 2286 2083 rixamur,
2304 2019 2639 2086 mordentes,
2673 2022 3062 2079 calcitrantes'!

1930 2104 2024 2160 Ira
2052 2109 2399 2181 redarguitur.
2430 2110 2674 2167 —'Nihil
2708 2116 2915 2185 turpius
2946 2117 3023 2171 ira
3045 2159 3062 2184 ,
3092 2118 3225 2174 nihil
3269 2122 3431 2179 vilius
3453 2165 3471 2190 ,

1856 2195 1991 2251 nihil
2017 2202 2236 2268 gravius
2256 2240 2273 2265 ,
2307 2200 2444 2255 nihil
2476 2202 2781 2273 ingratius,
2813 2205 2951 2261 nihil
2974 2206 3311 2266 datnnoslus.
3345 2212 3472 2269 ΙΙωο

1856 2285 2009 2353 dico,
2053 2303 2161 2344 non
2214 2296 2424 2346 tantum
2477 2301 2536 2347 ut
2583 2307 2705 2349 eum
2740 2296 2871 2352 viris
2913 2300 3074 2355 mites
3114 2302 3285 2357 simus
3312 2346 3329 2371 ,
3372 2308 3470 2362 sed

1856 2378 2019 2433 etiam
2048 2389 2106 2436 ut
2130 2381 2177 2436 si
2210 2397 2347 2437 uxor
2376 2383 2572 2455 loquax
2596 2385 2686 2453 sit,
2717 2386 2858 2443 feras
2884 2389 3030 2446 illam
3063 2410 3079 2448 :
3108 2394 3296 2452 sittibi
3321 2400 3475 2467 palae-

1855 2480 1968 2527 stra
2008 2483 2063 2529 et
2099 2476 2441 2545 gymnasium
2490 2493 2647 2533 uxor.
2690 2480 2975 2548 Quomodo
3000 2486 3146 2540 enim
3176 2488 3470 2548 absurdum

1856 2582 1965 2621 non
1985 2567 2152 2623 fuerit
2179 2572 2462 2642 gymnasia
2490 2572 2782 2630 admittere
2802 2617 2818 2644 ,
2846 2593 2967 2647 qua:
2994 2579 3130 2635 nihil
3163 2580 3301 2638 lucri
3333 2584 3470 2640 alle-

1854 2665 2000 2723 rant,
2052 2660 2144 2713 ubi
2188 2675 2389 2730 corpus
2418 2665 2740 2731 atterimus;
2783 2675 2841 2722 et
2874 2672 3158 2739 gymnasia
3187 2674 3334 2729 domi
3364 2692 3473 2732 non

1858 2764 2071 2820 parare,
2116 2766 2237 2822 qua:
2286 2753 2451 2809 etiam
2482 2765 2612 2812 ante
2659 2760 2957 2815 Certamina
3006 2776 3267 2820 coronam
3317 2769 3477 2823 nobis

1855 2843 2194 2900 concilient?
2238 2846 2581 2904 Contumelia
2622 2849 2794 2905 allicit
2823 2853 3059 2910 mulier?
3087 2856 3164 2911 Ne
3197 2867 3249 2914 tu
3280 2862 3476 2917 mulier

1854 2933 2114 2990 efﬁciaris
2144 2954 2159 2990 :
2189 2937 2457 2995 muliebre
2504 2941 2653 2995 enim
2702 2952 2786 2998 est
2833 2947 3164 3003 contumelia
3214 2949 3470 3019 afﬁcere;

1854 3026 2078 3082 morbus
2106 3035 2192 3082 est
2230 3028 2428 3097 animi,
2457 3030 2647 3086 vitium
2674 3043 2780 3088 est.
2812 3030 2892 3091 Ne
2918 3047 3081 3106 putes
3104 3037 3157 3095 t'e
3188 3040 3472 3113 indignum

1856 3133 2001 3183 esse,
2026 3119 2172 3191 quod
2208 3136 2240 3175 a
2270 3123 2503 3179 muliere
2524 3127 2859 3183 contumelia
2884 3128 3159 3187 afﬁciaris.
3189 3131 3472 3205 Indignum

1856 3218 1910 3266 te
1938 3220 2041 3276 est,
2082 3226 2206 3267 cum
2256 3221 2310 3268 tu
2348 3218 2682 3275 contumelia
2717 3220 2911 3288 afflcis,
2946 3222 3033 3277 illa
3065 3239 3196 3281 vero
3222 3226 3471 3297 philoso-

1855 3300 2085 3371 phatur;
2112 3312 2242 3359 tunc
2271 3306 2502 3375 turpiter
2527 3309 2667 3379 agis,
2694 3319 2823 3366 tunc
2842 3316 3172 3372 contumelia
3201 3318 3471 3378 afﬁceris:

1855 3392 1899 3447 si
1928 3406 2060 3448 vero
2088 3397 2479 3451 contumeliam
2512 3400 2693 3466 feras,
2724 3417 2978 3473 magnum
3008 3408 3114 3462 erit
3141 3407 3474 3470 fortitudinis

1857 3490 1963 3537 tua:
1994 3495 2395 3555 argumentum.
2437 3489 2558 3545 Non
2590 3491 2694 3547 hoc
2724 3493 2885 3561 dico,
2928 3506 2987 3551 ut
3028 3501 3288 3559 mulieres
3318 3505 3477 3561 indu-

1855 3588 1976 3631 Cam
2022 3576 2091 3630 ad
2142 3580 2499 3636 contumelias
2552 3581 2913 3653 inferendas;
2957 3588 3138 3658 absit;
3171 3594 3266 3649 sed
3297 3606 3396 3665 ut,
3428 3602 3477 3654 si

1856 3673 2047 3721 satana
2066 3665 2357 3738 instigante
2384 3671 2435 3725 id
2458 3675 2696 3742 eveniat,
2722 3690 2820 3731 vos
2851 3677 3056 3735 feratis.
3088 3682 3338 3741 Virorum
3363 3687 3478 3745 for.

1858 3756 1991 3812 tium
2022 3769 2107 3813 est
2136 3760 2384 3819 infirmos
2406 3764 2572 3822 ferre.
2605 3765 2663 3821 Si
2692 3767 2928 3826 famulus
2952 3777 3349 3837 contradixerit
3370 3826 3385 3850 ,
3417 3794 3473 3840 tu

1855 3848 2233 3920 philosophice
2253 3867 2353 3924 age
2377 3872 2390 3908 :
2414 3872 2520 3911 non
2538 3859 2683 3929 quod
2710 3860 2799 3918 ille
2820 3874 3062 3922 meretur
3086 3869 3300 3939 audire,
3324 3848 3476 3929 dicas

1856 3941 1942 3997 vel
1972 3941 2160 4009 iacias,
2184 3946 2280 4001 sed
2302 3948 2447 4017 quod
2474 3960 2692 4019 oportet
2714 3962 2767 4009 te
2790 3953 2979 4014 dicere
2998 3967 3056 4014 et
3082 3959 3283 4018 facere.
3308 3963 3477 4020 Num-

1854 4048 2017 4104 quam
2046 4036 2279 4105 puellam
2310 4041 2641 4097 contumelia
2673 4043 2903 4111 aflicias,
2933 4049 3160 4105 verbum
3188 4062 3344 4123 turpe
3388 4058 3479 4112 cf-

1854 4126 2071 4194 ferens;
2100 4144 2394 4200 numquam
2424 4130 2685 4190 famulum
2718 4139 3009 4196 scelestum
3040 4143 3212 4201 dicas.
3243 4145 3339 4202 Ille
3364 4165 3473 4206 non

1856 4220 2182 4275 contumelia
2213 4220 2441 4281 atfectus
2467 4234 2572 4294 est,
2600 4228 2695 4284 sed
2742 4238 2816 4284 tu.
2850 4231 2971 4288 Non
3001 4246 3177 4304 potest
3207 4240 3259 4293 in
3290 4243 3476 4312 seipse

1860 4321 2086 4365 manere
2134 4310 2182 4367 is
2223 4314 2316 4383 qui
2349 4315 2603 4373 irascitur
2625 4358 2646 4387 ,
2671 4321 2812 4378 sicut
2840 4339 2942 4380 nec
2971 4329 3196 4399 pelagus
3221 4310 3475 4391 ﬂuctibus

1855 4401 2149 4470 agitatum;
2203 4419 2306 4460 nec
2362 4406 2487 4491 fons
2531 4425 2755 4469 manere
2804 4430 2973 4485 purus
3026 4430 3227 4491 potest,
3262 4424 3376 4480 luto
3415 4427 3470 4483 in

1856 4488 2009 4545 illum
2042 4491 2314 4550 incidente
2341 4490 2465 4553 {sic
2494 4501 2675 4557 omnia
2704 4504 2999 4563 miscentur
3012 4488 3045 4576 ;⁷
3060 4511 3169 4567 imo
3189 4516 3268 4588 sic
3291 4518 3477 4574 omnia

1857 4593 1953 4636 sus
1978 4581 2157 4654 deque
2185 4596 2494 4645 vertuntur.
2528 4592 2587 4647 Si
2620 4596 2902 4665 verberes,
2931 4601 2977 4655 ei
3012 4581 3247 4659 tunicam
3269 4607 3475 4664 discin-

1858 4670 1978 4739 das,
2034 4683 2089 4729 tu
2142 4676 2318 4747 majus
2360 4680 2617 4740 damnum
2667 4691 2962 4761 accepisti;
3012 4696 3087 4755 illi
3138 4713 3379 4769 namque
3419 4704 3475 4759 in

1858 4777 2091 4834 corpore
2135 4777 2191 4823 et
2239 4770 2293 4824 in
2345 4782 2495 4829 veste
2538 4776 2693 4848 plaga
2730 4789 2848 4850 est,
2899 4785 2994 4839 tibi
3030 4803 3159 4843 vero
3187 4790 3238 4844 in
3266 4792 3471 4850 anima.

1858 4856 2009 4913 illam
2054 4862 2285 4929 scidisti,
2318 4864 2466 4921 illam
2506 4869 2841 4939 vulnerasti;
2871 4880 3113 4951 aurigam
3142 4885 3298 4954 equis
3337 4887 3475 4941 sub-

1852 4947 2034 5016 jecisti
2055 4992 2071 5016 ,
2117 4955 2372 5021 supinum
2406 4960 2545 5014 trahi
2576 4966 2775 5020 curasti
2810 4983 2824 5021 :
2862 4947 3028 5039 atque
3058 4947 3295 5043 idips-um
3324 4976 3382 5030 fit
3409 4992 3476 5034 ac

1857 5042 1902 5097 si
1946 5045 2130 5115 auriga
2172 5047 2330 5103 alteri
2356 5065 2725 5125 succensens,
2760 5059 2897 5114 trahi
2939 5076 2999 5118 se
3046 5042 3302 5135 patiatur.
3349 5068 3478 5127 Sive

1860 5133 2109 5205 increpes
2129 5177 2146 5203 ,
2196 5138 2317 5194 sive
2357 5157 2617 5212 moneas,
2651 5148 2766 5203 sive
2796 5152 2922 5221 quid
2952 5133 3098 5210 aliud
3130 5155 3317 5226 facias,
3346 5162 3476 5218 abs-

1858 5239 1964 5294 que
2002 5226 2081 5282 ira
2121 5237 2178 5284 et
2214 5228 2401 5288 furore
2440 5233 2622 5291 facito.
2665 5238 2798 5295 Nam
2838 5244 2883 5297 si
2923 5244 2968 5299 is
2995 5286 3010 5313 ,
3059 5247 3151 5318 qui
3191 5248 3476 5321 increpat,

1921 5361 2590 5451 i“.?-1‘.‘3.?‘i.'332.99§ﬂ‘."l§
2614 5383 2752 5451 ιεξεεειι
2788 5380 3134 5451 ριεηςριιίοααι,
3160 5384 3203 5435 ιε
3234 5388 3345 5449 ipse
3370 5398 3473 5451 est.

1928 5426 2165 5511 intesta:
2191 5426 2511 5511 “Aestimat:
2546 5434 2597 5483 in
2630 5426 2935 5511 ivisse?
2948 5426 3344 5511 unum
3365 5426 3478 5501 ἴΞέ

1884 5471 2185 5574 magis.
2213 5471 2599 5574 nummis};
2644 5471 2926 5571 λπζξᾷῖιῑῖεζῑ,
2949 5471 3330 5572 ῗψῖξῖΞῖ-ἒιῖεὲῗῗ
3354 5471 3479 5574 éf‘é‘,

1857 5559 1908 5632 χι
1930 5548 2325 5632 [duobus
2362 5565 2541 5632 aut‘em.
2562 5548 3022 5632 nominibusunuin
3040 5548 3479 5632 ἰἀὲίιῖιὲὶνὲεέιῖίἵᾶ

1856 5608 2541 5694 ἓξῇιξκειζξωιξᾼῖξιιωοῖιδααι
2566 5632 2632 5668 ex
2658 5608 3031 5694 altero—nomine
3054 5608 3372 5694 ὸέἓῐίιῖιιὶἱῖιῖἶ

1857 5677 2004 5763 εοι-ἆο
2130 5679 2687 5763 vacaturgttiamnshupra
2700 5685 2993 5763 HiAnASynopsi
3015 5677 3477 5763 'scrl’iptii’rgéfsh'ﬁ‘,

1857 5731 2115 5821 ξξνεέᾦοιζιῖ
2144 5731 2663 5821 εξιςξὶ-Ϊιιᾌθιξιριῖςιιιξ
2693 5731 3283 5815 ηιῖοζιῖέέᾞὲιῖᾦιὲἑιὶὠὶὶ”

1860 5802 2033 5857 (Ιιὶωει.
2060 5797 2117 5847 31
2143 5797 2191 5846 in
2227 5798 2407 5851 lihrtun
2431 5803 2461 5851 2
2487 5812 2688 5868 Regum.
2710 5797 2725 5809 -
2811 5797 2825 5812 .
2874 5797 2888 5800 -
2930 5797 3126 5847 ---ηγηί
