4088 6326
631 393 735 449 127

631 505 873 563 medicus
894 509 975 558 est
1002 496 1298 571 peccantis,
1325 498 1594 569 quomodo
1622 496 1789 565 possit
1817 496 1977 548 alium
2004 508 2215 557 curare,

629 612 751 651 eum
782 594 879 649 sibi
912 593 1009 662 ipsi
1041 592 1187 663 prius
1211 591 1405 645 malum
1435 587 1693 652 intulerit,
1724 600 1823 641 nec
1850 584 2086 653 seipsum
2124 598 2218 638 cu.

629 688 745 742 ret?
773 687 829 742 Si
854 688 1009 755 quis,
1042 698 1258 755 qurcso,
1289 681 1528 737 medicus
1552 680 1715 734 alium
1758 688 2040 733 curaturus
2078 676 2215 739 iret,

629 790 905 851 postquam
937 778 1085 849 prius
1126 791 1341 831 manum
1374 789 1522 829 suam
1563 772 1859 828 sauciassct
1885 810 1897 834 ,
1931 779 2214 839 postquam

635 874 784 942 prius
816 873 1005 926 ocu'os
1032 876 1378 931 excarcassct,
1409 880 1534 919 num
1560 866 1638 919 sic
1669 864 1816 918 illum
1842 861 2093 917 curaret?
2122 861 2219 915 Mi-

629 965 795 1029 nime,
828 960 1055 1032 inquies.
1086 960 1177 1015 Sic
1204 966 1255 1013 et
1285 966 1337 1011 tu
1369 956 1495 1012 licet
1524 956 1787 1024 increpes,
1822 952 1947 1006 licet
1973 964 2214 1015 moneas,

627 1069 763 1126 pura
790 1053 1005 1107 videant
1037 1049 1175 1104 oculi
1217 1049 1315 1103 tui.
1358 1047 1435 1102 Ne
1477 1047 1659 1101 turbes
1691 1058 1945 1109 mentem,
1979 1042 2215 1112 alioquin

626 1142 897 1214 quomodo
944 1140 1151 1196 medela
1196 1139 1336 1194 erit?
1379 1138 1493 1192 Non
1535 1144 1755 1205 possunt
1794 1134 1848 1188 in
1880 1134 2068 1189 eadem
2095 1148 2217 1189 esse

631 1233 1018 1305 tranquillitate
1057 1232 1147 1303 qui
1179 1244 1285 1285 non
1318 1230 1564 1283 irascitur
1589 1237 1645 1282 et
1673 1226 1763 1296 qui
1793 1226 2059 1279 irascitur.
2105 1224 2215 1278 Cur

624 1327 848 1380 doctore
876 1325 1107 1379 decusso
1136 1321 1205 1379 de
1236 1321 1453 1385 throno,
1486 1318 1632 1372 humi
1657 1317 1925 1387 jacentem
1968 1315 2213 1384 alloque-

623 1415 737 1472 risi
776 1415 893 1469 Non
939 1413 1091 1469 vides
1111 1412 1339 1483 iudices,
1372 1412 1611 1481 quicum
1646 1406 1935 1478 judicaturi
1969 1414 2128 1469 sunt,
2160 1404 2212 1460 in

1358 384 1417 441 3.
1457 381 1733 441 JOANNIS
1770 379 1947 438 CIIRY
1962 376 2249 435 SOSTOMI
2289 377 2607 443 ARCHIEP.
2642 379 3177 439 CONSTANTINOP.

3818 379 3925 441 128

2332 492 2525 546 throno
2568 494 2791 562 sedent,
2828 497 2879 552 in
2912 497 3092 553 habitu
3134 500 3385 555 decenti?
3423 499 3513 567 Sic
3552 510 3606 557 et
3635 512 3688 557 tu
3722 502 3887 561 facito
3912 543 3926 565 ,

2323 600 2456 639 orna
2508 584 2742 640 animam
2793 599 2933 643 tuam
2987 596 3179 646 vestitu
3218 591 3496 661 iudiciali;
3540 594 3656 649 haec
3686 610 3810 649 vera
3842 605 3929 650 est

2323 678 2546 745 aequitas
2600 694 2613 729 :
2654 687 2709 732 et
2736 690 2859 735 tunc
2888 681 2940 735 in
2974 682 3168 737 throno
3211 683 3373 753 judex
3403 684 3549 740 sede.
3579 685 3683 740 Sed
3714 703 3821 740 nun
3860 690 3933 740 ti-

2330 768 2515 833 mebit,
2552 771 2782 840 inquies.
2808 772 2919 827 lmo
2942 776 3109 843 magis
3133 776 3358 831 timebit.
3388 776 3540 832 Tunc
3561 793 3689 833 vero
3710 780 3932 833 etiamsi

2321 860 2463 927 justo
2494 859 2715 928 dixeris,
2750 863 2800 917 id
2834 864 2995 919 furori
3021 882 3209 921 srrvus
3238 868 3548 938 impntabit;
3576 875 3619 923 si
3650 886 3775 925 vero
3800 886 3930 924 cum

2325 956 2773 1023 mansuetudine,
2805 958 3041 1029 seipsum
3089 959 3363 1015 damnabit
3394 978 3408 1012 :
3441 962 3691 1031 quodque
3722 962 3924 1031 praci-

2322 1057 2485 1111 puum
2517 1053 2633 1108 est,
2670 1054 2721 1101 te
2750 1047 2888 1103 Deus
2929 1060 3207 1119 acceptum
3248 1050 3502 1117 habebit,
3532 1061 3585 1107 et
3613 1053 3691 1106 sic
3722 1052 3932 1122 pateris

2322 1143 2524 1187 reterua
2547 1136 2683 1190 bona
2700 1140 2977 1210 consequi,
2997 1142 3187 1211 gratia,
3219 1142 3563 1199 miseratione
3592 1153 3646 1199 et
3674 1144 3894 1213 benigni
3911 1175 3933 1187 ς

2323 1236 2429 1280 tate
2462 1228 2671 1284 Domini
2696 1234 2863 1286 nostri
2892 1234 3020 1289 Jesu
3041 1234 3265 1302 Christi,
3292 1239 3507 1307 quicmn
3539 1238 3684 1293 Patri
3711 1254 3931 1306 unaque

2322 1315 2548 1386 Spiritui
2591 1332 2778 1377 sancto
2819 1325 2991 1393 gloria
3016 1366 3031 1391 ,
3079 1328 3361 1396 imperium
3388 1369 3402 1391 ,
3449 1330 3621 1384 honor
3646 1370 3662 1397 ,
3699 1344 3841 1383 nunc
3873 1338 3933 1383 et

2322 1422 2572 1480 semper,
2604 1422 2659 1467 et
2686 1416 2740 1467 in
2768 1418 2962 1470 swcula
2994 1419 3337 1475 sax'ulorum.
3364 1426 3556 1478 Amen.

652 1540 3913 1570 MM

2000 1612 2350 1677 HOMILIA
2397 1618 2567 1681 XVI.

626 1779 754 1834 Car.
784 1779 836 1833 7.
868 1794 917 1829 ν.
950 1775 1002 1830 6.
1031 1774 1288 1844 Loqttulns
1309 1780 1379 1824 est
1397 1776 1563 1821 autem
1582 1771 1657 1823 sic
1686 1763 1825 1818 Deus
1854 1758 2212 1822 dicens:Qnia

695 1870 787 1922 erit
816 1883 983 1922 semen
1014 1868 1125 1935 ejus
1153 1864 1327 1916 accola
1363 1863 1413 1913 in
1460 1870 1593 1912 terra
1641 1858 1809 1908 aliena
1842 1895 1857 1920 ,
1899 1864 1945 1907 et
1986 1848 2212 1906 servituti

692 1978 777 2015 eos
807 1959 1095 2028 subjicient,
1128 1964 1176 2010 et
1206 1955 1338 2008 male
1358 1952 1644 2007 tractabant
1671 1964 1756 2003 eos
1783 1946 1933 2000 annis
1962 1942 2207 2013 quadrin-

692 2056 888 2124 gentis;
920 2052 971 2104 7.
1004 2061 1049 2103 et
1086 2058 1285 2119 gentem
1322 2046 1406 2100 cui
1448 2043 1709 2100 servierint
1740 2082 1755 2107 ,
1795 2037 2044 2110 judicabo
2074 2050 2165 2102 ego
2190 2073 2206 2099 ,

694 2148 819 2201 dicit
846 2145 1022 2209 Deus;
1053 2153 1099 2198 et
1127 2152 1237 2213 post
1268 2142 1375 2194 luet:
1397 2140 1623 2202 exibunt,
1656 2144 1701 2189 et
1725 2134 1939 2189 servient
1988 2130 2113 2183 mihi
2157 2129 2212 2181 in

696 2240 808 2292 loco
833 2238 949 2290 isto.

697 2335 747 2385 1.
786 2328 916 2382 Vide
940 2336 1065 2381 ante
1094 2333 1224 2394 quot
1245 2336 1418 2378 annos
1447 2319 1731 2391 promissio
1757 2325 1811 2372 et
1837 2312 2213 2385 promissionis

624 2422 850 2485 modus;
879 2429 934 2475 et
964 2432 1224 2487 nusquam
1255 2413 1605 2479 sacrificium,
1636 2423 1899 2479 nusquam
1926 2405 2213 2460 circumci-

624 2516 727 2568 sio.
755 2512 852 2566 llic
877 2510 1111 2565 ostendit
1133 2548 1150 2575 ,
1182 2508 1347 2561 Deum
1381 2504 1694 2574 permisisse
1718 2510 1773 2555 ut
1800 2500 1872 2554 illi
1903 2497 2211 2568 affligeren-

627 2618 734 2670 tur,
768 2618 868 2658 nec
912 2603 1129 2671 impune
1172 2600 1286 2653 fore
1333 2612 1428 2652 eus
1461 2636 1476 2661 ,
1526 2596 1615 2665 qui
1649 2594 1969 2647 afﬂixerant.
2004 2588 2214 2659 Gentem

625 2707 817 2763 autem,
846 2696 929 2749 cui
956 2692 1214 2749 servierint
1238 2733 1253 2758 ,
1268 2689 1513 2762 judicabo
1543 2704 1662 2759 ego,
1692 2688 1814 2741 dicit
1838 2684 2004 2739 Deus:
2030 2683 2215 2738 Vidcn‘

624 2789 715 2860 qui
736 2789 1001 2860 promisit,
1028 2786 1116 2856 qui
1146 2784 1291 2839 dedit
1322 2793 1542 2849 terram,
1578 2779 1726 2850 prius
1750 2778 1885 2833 mala
1914 2777 2171 2848 permittit
2197 2792 2210 2825 :

625 2884 705 2936 sic
747 2888 801 2934 et
839 2895 979 2933 nunc
1012 2879 1139 2933 licet
1183 2891 1403 2946 regnum
1447 2872 1747 2944 promiserit
1781 2912 1798 2939 ,
1830 2869 2215 2926 teutationibus

626 2972 864 3029 exerceri
907 2970 1053 3025 sinit.
1103 2970 1159 3025 Si
1201 2967 1289 3023 hic
1329 2976 1451 3036 post
1488 2965 1909 3036 quadringentos
1936 2976 2107 3016 annos
2144 2962 2211 3017 li-

626 3066 825 3129 bertas,
858 3061 987 3132 quid
1014 3060 1209 3115 mirum
1233 3101 1248 3125 ,
1277 3059 1323 3113 si
1352 3058 1581 3129 idipsum
1613 3056 1666 3111 in
1698 3070 1865 3125 regno
1892 3052 2029 3108 flat?
2059 3055 2211 3107 Atta-

628 3172 751 3211 sueu
784 3155 886 3209 hoc
914 3153 1041 3209 fecit
1070 3192 1087 3217 ,
1135 3166 1235 3207 nec
1266 3161 1475 3221 tempus
1513 3149 1688 3220 potuit
1729 3148 1922 3203 falsum
1951 3161 2071 3202 esse
2101 3160 2217 3201 ser-

632 3261 847 3301 monem
878 3243 1229 3313 comprobare
1256 3284 1270 3307 ,
1301 3243 1402 3297 etsi
1440 3257 1548 3297 non
1596 3240 1800 3295 modica
1828 3238 2072 3309 oppressi
2107 3237 2216 3292 sint

627 3338 902 3393 servitute.
934 3336 1121 3405 Neque
1148 3334 1283 3388 satis
1310 3334 1407 3403 ipsi
1438 3332 1539 3387 fuit
1566 3332 1684 3387 illos
1716 3330 2007 3401 puuivisse,
2037 3330 2129 3385 sed
2159 3341 2213 3384 et

630 3430 716 3484 his
768 3428 907 3483 bona
949 3426 1235 3497 promittit.
1271 3425 1493 3481 Videtur
1537 3434 1717 3479 autem
1759 3424 1891 3478 mihi
1945 3422 2031 3477 hic
2076 3422 2215 3477 velle

629 3523 759 3592 ipsis
780 3521 1037 3576 beneficia
1068 3520 1124 3575 in
1150 3519 1463 3574 memoriam
1494 3532 1769 3573 revocare.
1796 3515 1850 3571 8.
1883 3514 1949 3569 Et
1978 3516 2114 3569 dedit
2139 3516 2215 3569 illi

630 3621 983 3665 testamentum
1011 3609 1412 3665 circuntcisionis
1445 3650 1461 3675 ,
1503 3619 1551 3663 et
1593 3610 1666 3663 sic
1709 3608 1881 3679 genuit
1911 3605 2083 3661 Isaac.
2119 3606 2217 3662 llic

623 3706 732 3775 jam
760 3703 1043 3759 demissius
1070 3701 1321 3773 loquitur.
1350 3700 1415 3755 Et
1435 3700 1745 3755 circumcidit
1766 3715 1876 3754 eum
1896 3699 1979 3755 die
2001 3710 2177 3753 octavo
2195 3712 2217 3753 :

627 3807 674 3850 et
701 3795 852 3850 Isaac
878 3794 1039 3849 Iacob
1063 3835 1078 3861 ,
1105 3804 1151 3848 et
1180 3793 1341 3847 Jacob
1366 3794 1631 3847 duodecim
1656 3794 1993 3864 patriarchas.
2026 3792 2094 3846 Et
2123 3809 2218 3861 pa-

629 3887 865 3941 triarcha
902 3885 1217 3952 tantulantes,
1244 3884 1436 3957 Joseplt
1463 3885 1791 3939 vendiderunt
1821 3885 1873 3938 in
1900 3882 2211 3954 Egyptum.

631 3979 745 4034 Hoc
767 3988 821 4034 et
848 3978 899 4032 in
928 3977 1143 4033 Christo
1187 3978 1383 4031 factum
1410 3986 1528 4031 est:
1561 3992 1685 4030 nam
1724 3976 1867 4031 illius
1900 3976 2066 4046 figura
2095 3981 2215 4029 erat

628 4071 854 4143 Joseph;
885 4070 1115 4141 idecque
1143 4069 1485 4125 subindicans
1512 4069 1663 4133 illud,
1694 4078 1858 4124 totam
1886 4069 2015 4123 texit
2044 4068 2216 4124 histo-

630 4165 788 4218 riam.
826 4162 957 4218 Cum
999 4164 1142 4220 enim
1190 4164 1323 4219 nihil
1367 4173 1553 4219 contra
1594 4162 1741 4217 illum
1794 4162 2057 4217 baberent
2084 4163 2216 4230 ,sed

633 4257 839 4310 veniret
871 4256 959 4311 ille
987 4267 1041 4311 ut
1059 4257 1234 4312 cibum
1253 4256 1489 4322 aﬂ‘erret,
1507 4256 1643 4311 male
1666 4256 1840 4325 ipsum
1867 4263 2215 4326 exceperunt.

634 4350 703 4403 Et
743 4348 861 4402 vide
892 4347 979 4403 hic
1008 4348 1199 4402 iterum
1224 4348 1629 4417 promissionem
1658 4347 1745 4400 diu
1774 4346 2214 4416 exspectandam,

634 4456 753 4511 quas
796 4452 970 4495 tamen
1020 4439 1179 4493 finem
1211 4440 1426 4509 accipit.
1468 4439 1535 4492 Et
1573 4448 1678 4494 erat
1724 4438 1861 4494 Deus
1888 4456 2000 4493 cum
2031 4456 2089 4493 eo
2120 4455 2138 4493 :
2164 4450 2218 4495 ct

636 4535 737 4588 huc
767 4533 977 4587 illorum
999 4533 1190 4603 gratia.
1220 4532 1307 4588 10.
1332 4530 1399 4585 Et
1425 4532 1612 4600 eripuit
1641 4548 1756 4586 eum
1784 4549 1846 4587 ex
1872 4534 2105 4587 omnibus
2128 4535 2218 4587 tri-

635 4624 969 4681 bulationibus
990 4627 1119 4695 ejus.
1144 4626 1241 4680 llic
1269 4626 1502 4680 ostendit
1524 4626 1643 4681 illos
1674 4626 1871 4680 inscios
1894 4626 1959 4680 ad
1981 4627 2219 4696 prophe-

637 4724 723 4774 tia:
751 4728 999 4774 eventum
1030 4719 1358 4782 contulisse;
1390 4719 1638 4787 ipsosque
1664 4728 1913 4773 auctores
1942 4718 2105 4773 fuisse
2128 4759 2144 4779 .
2168 4728 2223 4774 et

637 4813 773 4865 mala
807 4812 858 4864 in
886 4812 1029 4879 ipsos
1057 4810 1332 4865 recidisse.
1380 4808 1446 4863 Et
1474 4810 1613 4863 dedit
1638 4810 1682 4862 ei
1707 4811 1927 4880 gratiam
1955 4820 2001 4863 et
2021 4810 2224 4881 sapien-

636 4904 760 4955 tiam
802 4903 854 4955 in
893 4910 1158 4969 conspectu
1203 4900 1490 4953 Pharaonis
1523 4901 1654 4971 regis
1699 4898 1937 4971 sEgypli.
1982 4900 2218 4964 Gratiam

636 4994 802 5053 dedit,
832 4992 990 5063 idque
1019 4991 1158 5062 apud
1188 4991 1469 5044 barbarum
1494 5006 1674 5059 regem
1697 5034 1711 5057 ,
1739 5006 1895 5046 servo
1916 5033 1930 5057 ,
1964 4994 2174 5061 captivo
2205 5010 2219 5049 :

636 5101 793 5155 quem
823 5083 1014 5139 fratres
1034 5081 1247 5153 quidem
1273 5080 1643 5148 vendiderant,
1658 5082 1745 5137 ille
1770 5099 1897 5137 vero
1920 5082 2220 5137 honoravit.

638 5180 724 5233 11.
764 5177 910 5231 Venit
932 5185 1098 5229 autent
1121 5182 1279 5246 fames
1307 5175 1360 5227 in
1398 5175 1680 5228 universam
1709 5184 1891 5228 terram
1922 5173 2143 5245 Egypti
2178 5186 2224 5229 et

640 5270 905 5335 Chanaan,
931 5277 978 5321 et
998 5267 1257 5321 tribulatio
1284 5282 1468 5335 magna
1495 5283 1515 5331 ;
1542 5276 1589 5319 et
1617 5281 1719 5319 non
1747 5266 2062 5320 inveniebant
2090 5267 2225 5320 cibos

645 5370 812 5426 patres
847 5360 1024 5414 nostri.
1058 5358 1144 5412 12.
1176 5357 1302 5411 Cum
1346 5357 1565 5410 audisset
1594 5368 1761 5411 autem
1786 5358 1946 5412 Jacob
1976 5376 2083 5413 esse
2108 5362 2223 5428 [ru—

641 5463 810 5508 mcnla
846 5454 897 5506 in
945 5450 1179 5522 Egypto
1202 5492 1215 5513 ,
1251 5449 1383 5502 misit
1423 5458 1590 5515 patres
1622 5459 1817 5502 nostros
1862 5452 2100 5519 primum.
2136 5452 2223 5504 15.

645 5543 711 5601 Et
743 5546 797 5599 in
824 5544 1043 5597 secundo
1082 5543 1309 5613 cognitus
1334 5550 1404 5594 est
1424 5539 1615 5606 Joseph
1643 5556 1674 5591 a
1701 5541 1940 5609 fratribus
1963 5541 2084 5595 suis.
2121 5542 2223 5597 De-

643 5635 968 5693 scendernnt
994 5633 1247 5702 empturi,
1277 5639 1331 5686 et
1358 5632 1446 5685 illo
1468 5645 1601 5699 opus
1625 5628 1879 5684 habuere.
1901 5630 2037 5697 Quid
2069 5632 2226 5700 igitur

645 5732 774 5787 ille?
803 5729 918 5785 Non
949 5742 1010 5782 ea
1034 5726 1088 5780 in
1110 5740 1167 5779 re
1187 5724 1359 5779 solum
1388 5724 1768 5794 benignitatem
1796 5737 1945 5777 suam
1968 5724 2223 5791 ostendit;

645 5828 740 5883 sed
767 5824 927 5881 etiam
950 5818 1216 5879 Pharaoni
1246 5817 1298 5875 id
1329 5815 1582 5877 indicavit
1630 5817 1859 5888 illosque
1884 5816 2122 5873 deduxit.
2158 5817 2225 5872 Et

2316 1761 2532 1819 innotuit
2563 1765 2831 1823 Pharaoni
2857 1788 3015 1839 genus
3036 1772 3252 1844 Ioseph.
3276 1775 3360 1830 M.
3397 1775 3602 1829 Mittens
3630 1786 3801 1831 autem
3830 1776 3929 1833 Jo-

2314 1858 2460 1925 seph,
2485 1862 2744 1913 accersivit
2788 1862 2949 1917 Jacob
2994 1876 3191 1935 patrem
3234 1885 3401 1932 suum,
3432 1881 3475 1922 et
3508 1886 3708 1923 onmem
3736 1888 3929 1941 cogna-

2318 1950 2504 2004 tionem
2544 1969 2691 2006 suant
2734 1955 2785 2007 in
2803 1956 3071 2010 animabus
3109 1964 3430 2029 septuaginta
3459 1962 3699 2031 quinque.
3729 1963 3817 2017 15.
3854 1962 3926 2015 Et

2318 2040 2571 2094 descendit
2591 2042 2623 2095 J
2631 2044 2753 2097 acob
2769 2047 2818 2097 in
2837 2045 2911 2098 1E
2916 2058 3071 2117 gyptu
3082 2066 3148 2113 nt,
3170 2050 3260 2118 def
3260 2060 3534 2120 unctusque
3550 2063 3620 2106 est
3638 2054 3747 2121 ipse
3766 2063 3813 2106 et
3834 2071 3928 2123 pa-

2319 2144 2417 2187 tres
2431 2136 2605 2188 nostri.
2632 2138 2719 2193 l6.
2738 2138 2799 2191 Et
2817 2143 3176 2196 trmtslatisunt
3191 2144 3240 2196 in
3262 2143 3489 2210 Sic/tem,
3511 2156 3555 2198 el
3573 2148 3855 2216 positisunt
3873 2152 3927 2202 in

2319 2229 2569 2297 sepulcro,
2587 2231 2724 2299 quod
2741 2234 2858 2285 emit
2878 2234 3131 2286 Abraham
3151 2236 3311 2304 pretio
3325 2238 3519 2307 argenti
3535 2254 3565 2289 a
3582 2240 3707 2305 ﬁliis
3732 2239 3926 2294 [lentor

2319 2319 2413 2387 ﬁlii
2436 2318 2662 2373 Sic/tem.
2688 2323 2772 2376 17.
2794 2321 2921 2377 Cum
2943 2334 3110 2378 autent
3130 2329 3565 2396 appropinquaret
3583 2338 3786 2398 tempus
3801 2349 3926 2400 pro-

2322 2412 2611 2480 missionis,
2644 2417 2707 2467 de
2735 2430 2836 2481 qua
2860 2414 3119 2477 iuraverat
3141 2415 3282 2470 Deus
3305 2418 3541 2483 Abruhw,
3571 2421 3726 2474 crevit
3757 2439 3929 2491 papu-

2318 2503 2398 2556 lus
2424 2545 2439 2569 ,
2483 2514 2529 2556 et
2572 2505 2941 2573 multiplicatus
2971 2516 3043 2561 est
3075 2508 3127 2560 in
3154 2506 3227 2560 12'
3232 2519 3389 2579 gypto
3420 2551 3435 2575 ,
3466 2510 3551 2565 18.
3577 2513 3920 2582 quoadusque

2317 2602 2539 2650 surrexit
2566 2613 2657 2650 rex
2684 2598 2817 2651 alius
2844 2638 2859 2664 ,
2901 2599 2987 2669 qui
3033 2601 3285 2654 nesciebat
3315 2601 3528 2673 Joseph.
3558 2603 3770 2660 Rur'sus
3819 2608 3924 2661 alia

2318 2686 2636 2755 desperandi
2668 2704 2829 2743 causa
2863 2708 2875 2743 :
2909 2691 3078 2760 prima
3114 2692 3209 2745 fuit
3234 2691 3402 2747 fames
3430 2711 3445 2758 ;
3478 2695 3741 2761 secunda,
3770 2698 3925 2764 quod

2320 2778 2606 2834 inciderint
2638 2781 2690 2835 in
2714 2796 2903 2836 manus
2935 2782 3115 2836 fratris
3144 2800 3158 2848 ;
3184 2784 3336 2839 tertia
3364 2827 3378 2851 ,
3411 2799 3532 2840 cum
3556 2787 3760 2841 datura
3794 2803 3925 2858 rege

2318 2873 2583 2926 sententia
2620 2880 2677 2927 ut
2710 2874 3100 2930 interficiuntur
3133 2892 3146 2927 :
3174 2886 3409 2932 attamen
3450 2878 3502 2932 in
3551 2878 3634 2934 his
3664 2882 3927 2935 omnibus

2317 2965 2513 3017 servati
2545 2974 2691 3019 sunt.
2723 2966 2928 3022 Deinde
2959 2970 3275 3038 sapientiam
3302 2969 3396 3025 Dei
3426 2973 3718 3027 ostendens
3744 3016 3762 3039 ,
3795 2976 3875 3029 ait
3908 2995 3922 3027 :

2315 3054 2408 3109 20.
2441 3053 2508 3108 In
2546 3073 2644 3126 quo
2686 3067 2911 3129 tempore
2938 3068 3085 3113 natus
3111 3072 3183 3114 est
3215 3060 3420 3132 Moyses
3442 3102 3457 3127 ,
3507 3064 3594 3133 qui
3620 3065 3719 3132 fuit
3742 3076 3928 3135 gratus

2324 3147 2451 3202 Deo.
2481 3149 2534 3204 Si
2566 3150 2694 3206 illud
2722 3151 2969 3208 mirabile
2991 3152 3128 3221 fuit,
3151 3154 3291 3224 quod
3315 3169 3345 3207 a
3378 3154 3630 3210 fratribus
3666 3158 3927 3214 venditus

2317 3243 2388 3297 sit
2422 3260 2435 3297 :
2473 3241 2607 3297 illud
2634 3244 2955 3310 mirabilius,
2984 3244 3126 3315 quod
3153 3260 3244 3301 rex
3269 3261 3393 3302 eum
3430 3247 3738 3303 educaverit
3770 3289 3787 3316 ,
3830 3250 3928 3321 qui

2323 3334 2474 3388 illum
2506 3334 2574 3389 ab
2605 3335 2830 3406 imperio
2859 3336 3170 3403 dejecturus
3200 3347 3337 3393 erat.

2390 3423 2712 3480 Resurrectio
2751 3427 2803 3480 in
2832 3428 2984 3481 veteri
3035 3429 3143 3499 lege
3167 3430 3409 3500 ﬁgurata.
3438 3460 3511 3472 —
3535 3430 3697 3489 Vides
3724 3433 3927 3502 ubique

2319 3517 2430 3573 fere
2471 3519 2747 3589 figuratam
2794 3522 3283 3576 resurrectionem?
3333 3522 3493 3591 Atqui
3527 3538 3633 3577 non
3664 3533 3748 3579 est
3777 3525 3924 3579 idem

2320 3609 2485 3663 Deum
2518 3610 2690 3679 ipsum
2730 3609 2929 3679 aliquid
2958 3609 3164 3678 facere,
3188 3623 3241 3666 et
3273 3613 3509 3667 humano
3535 3613 3760 3668 arbitrio
3786 3615 3921 3681 quid

2320 3702 2457 3756 fieri.
2490 3701 2616 3756 llaec
2658 3700 2836 3771 itaque
2872 3716 2978 3756 non
3008 3716 3074 3757 ex
3119 3700 3355 3757 humano
3386 3703 3662 3773 proposito
3696 3703 3921 3761 ﬁebant.

2325 3794 2388 3847 Et
2416 3802 2520 3849 erat
2548 3804 2720 3863 potens
2737 3794 2789 3847 in
2811 3793 2957 3847 verbo
2978 3804 3023 3847 et
3049 3810 3216 3863 apere.
3243 3794 3356 3848 lloc
3376 3795 3529 3861 dixit,
3554 3804 3607 3849 et
3631 3794 3779 3849 illum
3805 3811 3926 3851 ser-

2320 3897 2558 3941 vatorem
2580 3925 2596 3951 ,
2640 3894 2696 3940 et
2740 3885 2836 3939 hos
2866 3900 2990 3955 erga
3037 3886 3438 3942 benefactorem
3469 3887 3707 3957 ingratos
3732 3899 3926 3944 osten-

2320 3979 2471 4034 dens.
2507 3978 2575 4033 Ut
2612 3992 2741 4048 ergo
2770 3986 2894 4033 tunc
2941 3992 2969 4032 a
3012 3977 3210 4047 Josepb
3255 3979 3393 4033 mala
3434 3980 3673 4049 patiente
3716 3981 3925 4036 servati

2319 4082 2445 4127 sunt
2477 4090 2490 4126 :
2524 4072 2593 4125 ita
2622 4081 2676 4127 et
2703 4086 2842 4127 nunc
2870 4085 2899 4125 a
2928 4070 3113 4142 Moyse
3137 4071 3277 4125 male
3304 4080 3550 4141 excepto.
3578 4071 3718 4139 Quid
3746 4073 3923 4141 enim,

2322 4163 2365 4217 si
2395 4162 2543 4217 illum
2575 4178 2632 4217 re
2674 4178 2780 4216 non
2808 4160 3165 4216 occiderunt?
3206 4160 3471 4217 Sermone
3512 4172 3663 4216 certe
3707 4162 3925 4216 occide-

2323 4266 2481 4319 runt,
2513 4256 2651 4310 sicut
2677 4263 2734 4309 et
2760 4254 2856 4308 illi.
2897 4254 2965 4308 Et
3010 4253 3083 4311 illi
3114 4253 3329 4323 quidem
3360 4268 3424 4307 es
3475 4267 3569 4307 sua
3602 4253 3655 4307 in
3686 4253 3925 4309 alienant

2324 4358 2520 4402 terram
2553 4345 2842 4415 Josephum
2877 4344 3255 4409 vendiderunt;
3302 4343 3353 4397 hi
3383 4358 3513 4397 vero
3539 4358 3603 4398 es
3645 4343 3823 4399 aliena
3870 4346 3925 4401 in

2325 4442 2554 4496 alienam
2585 4438 2819 4508 Moysem
2844 4437 3132 4507 fugarunt:
3166 4435 3239 4489 illi
3267 4434 3581 4491 afi‘erentem
3607 4436 3830 4500 cibum,
3871 4437 3925 4491 hi

2324 4531 2606 4587 consilium
2647 4530 2865 4584 dantem
2897 4527 3168 4598 quomodo
3217 4541 3339 4582 cum
3390 4528 3498 4582 Deo
3526 4540 3647 4582 esse
3676 4540 3925 4595 possent.

2324 4624 2412 4679 Sic
2436 4637 2620 4678 verum
2664 4621 2921 4691 probatur
2951 4635 3015 4674 ex
3055 4620 3150 4683 iis,
3182 4634 3299 4688 qua:
3333 4633 3473 4672 nunc
3502 4618 3890 4686 diSpensautur
3910 4660 3925 4684 ,

2326 4716 2522 4770 dictum
2552 4714 2680 4770 illud
2706 4712 3053 4770 Gamalielis:
3092 4710 3155 4765 Si
3193 4726 3256 4764 ea:
3282 4709 3388 4763 Deo
3423 4712 3528 4775 sit,
3570 4727 3670 4763 non
3714 4712 3931 4779 potestis

2327 4808 2597 4861 dissolvere
2638 4806 2792 4860 illud.
2823 4804 2900 4858 Tu
2930 4817 3055 4858 vero
3085 4817 3207 4857 cum
3238 4801 3403 4856 discis
3429 4816 3555 4867 eos,
3588 4800 3676 4871 qui
3712 4802 3930 4857 insidiis

2327 4908 2682 4970 appetuntur,
2715 4880 3114 4951 insidiatoribus
3160 4895 3350 4950 salutis
3380 4910 3595 4949 causam
3647 4894 3796 4957 fieri,
3830 4896 3932 4949 ob-

2328 5003 2574 5062 stupesce
2594 4992 2660 5045 de
2701 4990 2793 5045 Dei
2824 4990 3087 5057 sapientia
3114 4998 3168 5042 et
3198 4988 3441 5044 solertia.
3471 4987 3602 5042 Nam
3634 4988 3677 5041 si
3711 4988 3788 5042 illi
3818 5006 3928 5044 nun

2330 5085 2537 5138 insidiis
2569 5082 2792 5152 impetiti
2816 5082 3061 5144 fuissent,
3088 5080 3139 5133 hi
3169 5094 3277 5133 non
3312 5079 3537 5133 fuissent
3568 5080 3789 5133 servati.
3826 5079 3932 5133 Fa-

2331 5190 2444 5229 mes
2471 5183 2607 5237 erat,
2624 5188 2721 5227 nec
2742 5171 3077 5238 consumpsit
3094 5169 3233 5223 illos.
3254 5169 3435 5237 Neque
3452 5169 3554 5222 hoc
3577 5178 3805 5233 tantum;
3831 5170 3929 5225 sed

2329 5272 2489 5327 etiam
2518 5267 2586 5321 ab
2615 5268 2706 5321 illo
2732 5264 2927 5319 servati
2956 5273 3099 5327 sunt,
3125 5279 3282 5333 quem
3318 5262 3581 5331 perditum
3612 5262 3927 5330 sperabant.

2330 5362 2543 5417 Jussum
2568 5357 2771 5426 regium
2793 5357 2908 5419 fuit,
2935 5370 3031 5409 nec
3049 5354 3282 5423 perdidit
3305 5368 3432 5416 eos;
3468 5352 3575 5406 imo
3606 5359 3733 5405 tunc
3760 5354 3933 5422 magis

2331 5461 2485 5505 aucta
2515 5460 2597 5503 est
2629 5445 2935 5511 multitudo,
2966 5461 3085 5498 cum
3111 5445 3221 5509 ille,
3252 5444 3339 5513 qui
3374 5451 3597 5496 noverat
3627 5457 3747 5509 eos,
3769 5458 3932 5496 mar—

2334 5554 2454 5598 tuus
2482 5551 2584 5597 est.
2609 5540 2948 5596 Servatorem
2975 5552 3130 5592 suum
3160 5536 3409 5591 volebant
3436 5533 3710 5601 occidere,
3744 5550 3923 5605 neque

2333 5636 2410 5688 sic
2438 5638 2746 5702 potuerunt.

2402 5723 2457 5775 2.
2501 5720 2689 5776 Viden’
2711 5759 2729 5785 ,
2756 5718 3024 5788 quomodo
3057 5733 3151 5787 per
3177 5732 3297 5785 qua:
3335 5715 3580 5771 diabolus
3606 5713 3930 5792 promissip—

2333 5829 2457 5872 nem
2490 5811 2585 5870 Dei
2612 5811 2820 5868 irritam
2849 5808 3027 5868 iacere
3058 5808 3389 5878 conabatur,
3422 5821 3514 5877 per
3544 5806 3635 5861 illa
3662 5805 3926 5863 creverit?
