4088 6326
172 359 270 414 137

168 472 281 526 Οὐκ
315 467 466 524 ἔστιν
500 469 563 524 ἐν
605 471 672 542 τῇ
708 470 846 542 αὐτῇ
877 469 1089 542 γαλήνῃ
1116 465 1291 535 εῖναι,
1325 470 1599 541 ἀόργητον
1642 469 1774 523 ὄντα

169 554 262 607 καὶ
301 552 684 626 ὀργιζόμενον.
718 554 784 607 Τί
826 554 919 606 τὸν
954 552 1276 606 διδάσκαλον
1315 553 1425 606 ἀπὸ
1451 552 1547 605 τοῦ
1580 553 1773 624 θρόνου

169 637 583 706 καταστρέψας,
618 636 762 690 οὕτω
784 635 1008 708 διαλέγῃ
1040 634 1119 705 τῷ
1148 636 1325 705 χαμαὶ
1354 635 1628 706 κειμένῳ;
1661 635 1775 705 Οὐχ

166 720 298 790 ὁρᾷς
326 721 456 783 τούς
486 719 834 784 δικάζοντας,
869 720 918 772 οῖ
946 719 1075 772 ὅταν
1101 719 1337 790 μέλλωσι
1363 716 1571 789 κρίνειν
1591 759 1607 784 ,
1641 716 1775 770 καθ-

172 801 425 864 έζονται·
473 802 570 854 ἐπὶ
607 800 704 854 τοῦ
739 800 956 872 θρόνου,
994 803 1091 855 καὶ
1137 803 1196 854 ἐν
1231 799 1573 872 σχήματιτῷ
1604 816 1770 870 προσ-

173 883 365 950 ήκοντι
391 899 408 942 ;
472 881 627 955 [127]
655 881 815 936 Οὕτω
849 884 944 936 καὶ
979 886 1044 937 σὺ
1074 883 1331 955 ποίησον·
1356 883 1635 952 κόσμησον
1672 882 1774 953 τὴν

169 965 351 1034 ψυχὴν
380 965 575 1035 ἐσθῆτι
598 966 892 1036 δικαστικῇ
923 965 1086 1038 (αῦτη
1116 966 1174 1020 δέ
1208 967 1357 1019 ἐστιν
1387 967 1420 1036 ἡ
1455 965 1768 1033 ἐπιείκεια),

169 1047 264 1099 καὶ
288 1048 416 1101 τότε
457 1049 553 1100 ἐπὶ
600 1047 695 1102 τοῦ
728 1048 918 1119 θρόνου
953 1049 1216 1120 δικαστὴς
1247 1047 1494 1103 κάθισον.
1542 1047 1682 1102 Ἀλλ’
1711 1046 1772 1100 οὐ

234 1143 261 1170 ⁸
288 1138 430 1189 Idem
472 1140 647 1204 κρίνειν
664 1142 768 1197 πῶς
789 1142 1086 1196 καθέζονται.

1166 355 1235 412 ΙΝ
1275 355 1459 412 ACTA
1498 354 2046 413 APOSTOLORUM.
2089 353 2326 410 HOMIL.
2367 352 2510 408 XW.

3377 348 3480 404 128

1877 470 2274 543 φοϐηθήσεται,
2321 469 2478 539 φησί.
2528 464 2750 521 Μᾶλλον
2781 462 3153 535 φοόηθήσεται
3212 461 3348 515 Τότε
3374 462 3483 515 κᾶν

1874 556 2061 608 δίκαια
2102 553 2302 624 λέγῃς,
2336 551 2415 622 τῷ
2446 547 2607 620 θυμῷ
2657 548 2925 616 λογιεῖται
2970 547 2999 599 6
3039 544 3296 617 οἰκέτης·
3329 544 3395 598 ἂν
3423 543 3482 597 δέ

1878 635 2022 709 μετὰ
2048 635 2372 697 ἐπιεικείας,
2420 630 2617 686 ἐαυτοῦ
2651 628 3097 698 καταγνώσεται,
3128 628 3190 680 τδ
3230 627 3287 681 δὲ
3349 643 3484 697 προ-

1875 718 2204 791 ηγούμενον,
2241 714 2562 779 ἀποδέξεται
2606 731 2666 767 σε
2696 717 2724 768 6
2749 713 2906 776 Θεὸς,
2959 712 3056 765 καὶ
3083 709 3227 765 οὕτω
3275 710 3483 784 δυνήσῃ

1875 803 1988 856 τῶν
2023 801 2258 855 αίωνίων
2298 798 2523 868 ἀγαθῶν
2566 797 2869 866 ἐπιτυχεῖν,
2905 794 3093 865 χάριτι
3138 795 3233 847 καὶ
3275 793 3483 860 οἰκτιρ-

1880 889 2002 960 μοῖς
2027 885 2123 939 καὶ
2156 881 2547 953 φιλανθρωπίᾳ
2573 878 2668 934 τοῦ
2706 879 2915 950 Κυρίου
2951 879 3111 948 ἡμῶν
3140 876 3320 947 Ἰησοῦ
3336 876 3485 960 ξρι-

1877 958 2028 1034 στοῦ,
2062 968 2182 1039 μεθ’
2207 961 2269 1021 o6
2299 965 2378 1035 τῷ
2401 964 2579 1033 Πατρὶ
2608 963 2724 1033 ἅμα
2745 960 2824 1032 τῷ
2853 962 2996 1030 ἀγίῳ
3025 960 3305 1029 Πνεύματι
3329 958 3480 1039 δόξα,

1876 1038 2100 1123 κράτος,
2143 1051 2304 1121 τιμὴ,
2335 1049 2431 1103 νῦν
2465 1049 2561 1102 καὶ
2591 1046 2702 1113 ἀεὶ,
2737 1047 2833 1100 καὶ
2856 1047 2938 1108 είς
2965 1045 3094 1107 τοὺς
3128 1045 3334 1107 αἰῶνας
3373 1038 3484 1094 τῶν

1878 1131 2114 1187 αἰώνων.
2152 1129 2354 1200 Ἀμήν.

202 1247 3447 1282 WW—

1637 1361 1886 1416 υΜιΑῐΑ
1918 1358 2037 1428 ις’.

183 1479 494 1547 Ἔλὰλησε
523 1480 592 1535 δὲ
619 1482 809 1549 οὕτως
842 1483 876 1537 ὁ
912 1482 1057 1548 Θεὸς
1085 1482 1300 1550 λέγων,
1334 1480 1426 1534 ὅτι
1465 1481 1674 1534 Ἔσται
1706 1477 1772 1550 τό

240 1551 488 1619 σπέρμα
517 1553 705 1606 αὐτοῦ
756 1547 1050 1620 πάροικον
1096 1547 1177 1604 ἐν’
1205 1550 1282 1620 τῇ
1329 1551 1641 1618 ἀλλοτρίᾳ,
1674 1547 1774 1602 καί

242 1621 676 1675 δουλώσουσιν
700 1621 849 1674 αὐτὸ
885 1622 985 1686 καί
1012 1620 1407 1675 κακώσουσιν
1433 1620 1544 1682 ἐτη
1572 1635 1773 1686 τετρα-

240 1692 425 1745 κόσια
447 1706 474 1758 °_
499 1691 598 1744 καὶ
626 1691 692 1743 τὸ
722 1690 923 1758 ἔθνος,
945 1684 994 1756 ᾧ
1021 1692 1130 1744 ἐὰν
1153 1690 1559 1751 δουλεύσωσι,
1591 1684 1775 1755 κρινῶ

241 1761 378 1828 ἐγὼ,
418 1755 593 1813 εἶπεν
621 1763 654 1814 ό
684 1761 830 1825 Θεός
850 1755 996 1815 (καὶ
1016 1760 1169 1829 μετὰ
1208 1760 1396 1829 ταῦτα
1420 1760 1778 1822 ἐξελεύσον-

241 1827 355 1894 ται,
397 1830 500 1883 καὶ
529 1831 945 1897 λατρεύσουσί
965 1827 1068 1900 μοι
1092 1829 1163 1882 έν
1190 1827 1272 1895 τῷ
1309 1831 1469 1897 τόπῳ
1491 1829 1700 1895 τούτῳ.

239 1958 310 2006 α’.
333 1952 477 2022 Ὅρα
502 1951 610 2023 πρὸ
639 1953 823 2006 πόσων
856 1951 994 2006 ἐτῶν
1020 1953 1052 2022 ή
1107 1952 1416 2021 ἐπαγγελία
1469 1952 1565 2006 καὶ
1612 1953 1642 2005 6
1673 1951 1774 2021 τῆς

171 2035 508 2103 ἐπαγγελίας
552 2035 779 2106 τρόπος,
837 2036 933 2088 καὶ
988 2035 1228 2106 οὐδαμοῦ
1287 2034 1481 2101 θυσία,
1533 2033 1772 2104 οὐδαμοῦ

175 2120 471 2188 περιτομή.
524 2117 792 2172 Ἐνταῦθα
841 2118 1144 2183 δείκνυσιν,
1184 2119 1267 2171 ὅτι
1307 2117 1472 2181 αὐτὸς
1522 2117 1769 2178 αὐτοὺςα

175 2200 325 2267 ἠφίει
351 2199 552 2264 κακῶς,
578 2201 830 2270 πάσχειν,
865 2201 960 2255 καὶ
993 2202 1076 2255 ὃτι
1117 2202 1219 2254 οὐκ
1249 2200 1561 2271 ἀτιμωρητὶ
1597 2199 1772 2252 ταῦτα

172 2283 346 2335 ἔσται.
387 2283 457 2338 Τὸ
481 2282 548 2336 δὲ
571 2283 768 2349 ἔθνος,
797 2277 844 2350 ᾧ
865 2284 975 2337 ἐὰν
998 2283 1404 2349 δουλεύσωσι,
1432 2282 1613 2352 κρινῶ
1632 2281 1768 2352 ἐγὼ,

170 2363 342 2421 εἶπεν
379 2371 415 2422 ὁ
447 2370 610 2434 Θεὸς.
653 2368 850 2440 Ὀρᾷςς
881 2372 910 2423 6
941 2369 1434 2439 ἐπαγγειλάμενος,
1464 2371 1493 2422 6
1523 2368 1648 2431 δοὺς
1673 2369 1773 2438 τὴν

173 2458 300 2524 γῆν,
341 2455 612 2526 πρότερον
657 2456 728 2508 τὰ
759 2459 906 2511 κακὰ
938 2457 1240 2526 συγχωρεῖο
1270 2456 1412 2509 οὕτω
1448 2456 1543 2508 καὶ
1563 2453 1690 2526 -νῦν,
1724 2454 1773 2507 εί

173 2523 268 2595 καὶ
291 2523 572 2611 βασιλείαν
604 2543 995 2612 ἐπηγγείλατο,
1026 2523 1142 2595 ἀλλδ
1173 2543 1400 2612 ἀφίησιν
1422 2523 1769 2610 ἐγγυμνάζε-

173 2623 296 2676 σθαι
327 2625 442 2687 τοῖς
475 2627 824 2694 πειρασμοῖς.
874 2625 937 2676 El
996 2624 1236 2677 ἐνταῦθα
1270 2623 1410 2694 μετά
1439 2623 1771 2696 τετρακόσια

171 2704 267 2776 ἐτη
301 2706 335 2775 ή
360 2703 670 2776 ἐλευθερία,
699 2708 751 2758 τί
781 2705 1120 2777 θαυμαστὸν,
1151 2706 1244 2759 ἐπὶ
1272 2706 1376 2776 τῆς
1418 2705 1696 2774 βασιλείας
1723 2705 1773 2758 εί

171 2787 233 2840 τδ
263 2788 400 2841 αὐτὸ
425 2788 671 2856 γίνεται;
702 2788 894 2859 Ὅμως
929 2790 1064 2858 γοῦν
1097 2789 1346 2859 ἐποίησε,
1379 2789 1473 2842 καὶ
1499 2788 1600 2843 οὐκ
1620 2789 1774 2858 ίσχυ-

175 2889 267 2925 σεν
299 2873 329 2924 6
356 2870 550 2941 χρόνος
591 2870 668 2934 ώς
693 2871 864 2944 ψευδῆ
897 2872 1116 2940 ἐλέγξαι
1156 2873 1248 2927 τὸν
1280 2872 1459 2941 λόγον,
1496 2872 1675 2925 καίτοι
1708 2871 1771 2924 οὐ

172 2955 272 3024 τὴν
307 2952 578 3024 τυχοῦσαν
607 2952 854 3008 δουλείαν
877 2954 1199 3025 ὑπέμειναν.
1233 2955 1309 3008 Οὐ
1339 2955 1446 3024 μὴν
1465 2954 1590 3008 οὐδὲ
1609 2954 1773 3024 μέχρι

172 3037 270 3106 τῆς
299 3037 577 3107 τιμωρίας
599 3040 700 3107 τῆς
723 3035 949 3090 ἐκείνων
970 3037 1127 3108 ἔστη,
1151 3037 1289 3090 ἀλλά
1320 3037 1417 3091 καὶ⁵
1437 3037 1621 3099 αὐτοῖς
1642 3054 1775 3108 χρη·
1821 3052 1833 3065 ·

175 3120 274 3174 στά
294 3119 714 3188 ἐπαγγέλλεται.
741 3119 900 3187 Ἐμοὶ
929 3119 986 3172 δὲ
1015 3119 1163 3172 δοκεῖ
1193 3119 1284 3172 διά
1323 3117 1528 3173 τούτων
1575 3119 1774 3182 αὐτοὺς

174 3203 267 3258 καὶ
303 3203 749 3274 ἀναμιμνήσκειν
782 3205 882 3274 τῆς
903 3203 1248 3274 εὐεργεσίας,
1283 3198 1353 3275 ἦς
1405 3201 1617 3272 ἔτυχον.
1660 3199 1774 3255 Kal

171 3285 398 3340 ἔδωκεν
415 3283 577 3351 αύτῷ
595 3285 896 3354 διαθήκην
921 3285 1268 3359 περιτομῆς,
1289 3285 1388 3339 καί
1407 3285 1599 3353 οὕτως
1613 3285 1774 3355 ἑγένο

172 3384 323 3435 νησε
336 3367 447 3421 τόν
473 3368 694 3424 Ἰσαάκ.
713 3368 979 3422 Ἐνταῦθα
999 3367 1185 3422 λοιπὸν
1203 3367 1524 3440 καθυφίησι.
1543 3370 1652 3423 Kal
1671 3385 1774 3422 πε-

169 3450 442 3519 ριέτεμεν
465 3449 656 3505 αὑτὸν
673 3450 748 3518 τῇ
777 3451 967 3519 ἡμέρᾳ
994 3449 1071 3520 τῇ
1100 3449 1286 3521 ὀγδόῃ
1308 3467 1322 3481 ο
1359 3452 1460 3504 καὶ
1482 3453 1518 3505 ὀ
1563 3450 1772 3506 Ἰσαὰκ

173 3533 277 3585 τίν
301 3530 531 3594 Ἰακὼϐ.
556 3533 652 3588 καί
675 3536 708 3585 ὁ
724 3533 938 3587 Ἰακὼὸ
960 3534 1105 3601 τοὺς
1121 3532 1352 3588 δώδεκα
1376 3534 1770 3603 πατριάρχας.

173 3615 279 3670 Kal
294 3619 350 3670 οι
366 3613 728 3686 πατριάρχαι
742 3615 1123 3684 ζηλώσαντες
1137 3618 1496 3689 τὸνῚῳσὴφ,
1514 3619 1772 3674 ἀπέδον-

173 3715 238 3751 το
252 3697 681 3766 εις-Αιγυπτον.
697 3698 872 3752 Τοῦτο
912 3701 1008 3754 καὶ
1033 3701 1129 3754 ἐπὶ
1155 3699 1252 3754 τοῦ
1273 3699 1514 3770 Χριστοῦ
1539 3702 1735 3769 γέγονε
1753 3717 1769 3733 ⁸

173 3781 265 3832 καὶ
293 3779 405 3851 γὰρ
432 3779 601 3833 αὐτοῦ
627 3779 798 3844 τύπος
825 3783 856 3835 6
891 3781 1093 3853 Ἰωσήφ
1116 3798 1129 3813 ·
1153 3782 1236 3836 διὸ
1258 3783 1354 3836 καὶ
1377 3782 1769 3854 αἰνιττόμενος,

171 3865 267 3934 τὴν
284 3862 532 3934 ἱστορίαν
554 3863 623 3917 δι’
641 3863 765 3917 ὅλου
789 3864 1081 3932 ἐπέξεισιν.
1104 3865 1274 3920 Οὐδὲν
1295 3867 1406 3937 γὰρ
1426 3865 1643 3937 ἔχοντες
1677 3869 1773 3936 ἐγ-

174 3944 377 4010 καλεῖν,
409 3945 528 3998 ἀλλ’
551 3945 775 3999 ἐλθόντα
802 3947 897 4000 ἐπὶ
915 3950 1123 4020 τροφὴν
1137 3948 1239 4018 τὴν
1254 3949 1456 4014 αὐτῶν,
1482 3951 1670 4014 κακῶς
1693 3951 1772 4004 δι-

179 4028 402 4098 έθηκαν.
455 4028 568 4080 Kal
592 4029 716 4099 δρα,
744 4029 825 4082 ὅτι
865 4029 960 4081 καὶ
987 4028 1224 4082 ἐνταῦθα
1257 4027 1421 4085 πάλιν
1465 4032 1771 4101 ἐπαγγελία

180 4109 402 4181 μακρὰ,
443 4110 542 4164 καὶ
583 4110 734 4180 ὅμως
777 4111 932 4175 τέλος
971 4111 1263 4182 λαμϐάνει.
1290 4113 1403 4168 Kal
1436 4109 1516 4183 ἧν
1562 4118 1596 4170 ὀ
1627 4115 1771 4183 Θεὸς

173 4194 295 4260 μετ’
325 4192 548 4247 αὐτοῦ·
602 4191 762 4246 τοῦτο
803 4194 900 4247 καὶ
939 4192 1082 4264 ὑπὲρ
1112 4195 1315 4249 αὐτῶν.
1359 4196 1470 4250 Kal
1497 4197 1771 4262 ἐξείλετο

176 4274 362 4329 αὐτὸν
392 4275 464 4329 ἐκ
519 4274 739 4329 πασῶν
787 4273 909 4329 τῶν
941 4276 1210 4345 θλίψεων
1246 4279 1458 4333 αὐτοῦ.
1503 4280 1770 4336 Ἐνταῦθα

174 4358 465 4422 δείκνυσιν,
510 4358 640 4411 ὅτιδ
670 4357 772 4411 οὐκ
809 4358 1012 4422 εἰδότες
1058 4359 1429 4431 συνέπραττον
1457 4366 1524 4434 τῇ
1556 4380 1771 4437 προφη·

173 4440 312 4510 τείᾳ,
341 4441 439 4494 καὶ
469 4439 553 4492 ὅτι
576 4441 736 4494 αὐτοὶ
769 4441 933 4493 αῖτιοι
966 4440 1229 4508 ἐγίνοντο,
1279 4443 1375 4496 καὶ
1400 4444 1470 4498 τά
1512 4448 1659 4500 κακὰ
1688 4450 1770 4511 εἰς

173 4522 368 4586 αὐτοὺς
414 4522 831 4594 περιετρέπετο.
872 4522 986 4575 Kal
1013 4521 1239 4577 ἔδωκεν
1263 4525 1426 4592 αὐτῷ
1457 4526 1641 4596 χάριν
1667 4530 1767 4584 καί

173 4607 393 4673 σοφίαν
428 4602 581 4676 [128]
611 4605 815 4659 ἔναντι
857 4605 1072 4674 Φαραὼ
1102 4607 1414 4676 ,βασιλέως
1437 4612 1764 4681 Αἰγύπτου.

173 4689 342 4758 Χάριν
372 4687 578 4752 ἔδωκε,
613 4687 711 4741 καὶ
743 4685 919 4741 ταῦτα
963 4688 1058 4740 ἐπὶ
1110 4691 1389 4762 βαρϐάρου
1426 4693 1622 4765 ἀνδρὸς
1644 4734 1660 4759 ,
1689 4695 1768 4766 τῷ

173 4772 337 4844 δούλῳ
369 4772 466 4825 καὶ
494 4770 860 4841 αίχμαλάντιρ’
903 4770 961 4824 ὃν
1000 4773 1049 4824 ol
1083 4774 1181 4843 μὲν
1221 4774 1441 4845 ἀδελφοὶ
1469 4778 1727 4832 ἀπέδοντο
1748 4818 1766 4847 ,

176 4857 375 4920 ἐκεῖνος
418 4853 476 4907 δέ
518 4854 802 4924 ἐτίμησεν.
851 4854 1117 4923 Ἐγένετο
1155 4856 1225 4910 δὲ
1272 4859 1452 4926 λιμὸς
1485 4861 1578 4930 ἐφ’
1612 4863 1767 4930 ὅλην

175 4939 284 5004 τὴν
327 4937 447 5008 γῆν
490 4936 798 5006 Αἰγύπτου
830 4935 930 4989 καί
959 4936 1226 5002 Χαναὰν,
1262 4941 1361 4993 καί
1399 4943 1606 5011 θλῖψις
1657 4962 1766 5014 με-

173 5022 348 5088 γάλη.
393 5021 494 5074 καί
523 5021 639 5089 οὐχ
670 5020 957 5087 εὕρισκον
988 5022 1376 5091 χορτάσματα
1423 5029 1479 5079 οί
1512 5028 1766 5096 πατέρες

176 5101 355 5168 ἡμῶν.
384 5102 684 5166 Ἀκούσας
711 5101 779 5153 δέ
812 5103 1022 5156 Ἰακὼϐ
1046 5103 1190 5156 ὄντα
1210 5105 1350 5161 σῖτα
1373 5107 1444 5160 ἐν
1462 5111 1760 5178 Αἰγύπτῳ,

173 5184 564 5246 ἐξαπέστειλε
590 5183 734 5247 τοὺς
758 5183 1020 5254 πατέρας
1049 5185 1222 5255 ἡμῶν
1264 5188 1520 5257 πρῶτον.
1550 5194 1659 5247 Kal
1694 5195 1765 5247 ἐν

174 5266 248 5332 τῷ
291 5269 553 5335 δευτέρῳ
581 5267 993 5337 ἀνεγνωρίσθη
1048 5270 1272 5340 Ἰωσὴφ
1322 5273 1445 5340 τοῖς
1473 5275 1765 5346 ἀδελφοῖς

173 5353 374 5436 αὑτοῦ.
404 5353 690 5436 Κατῆλθον
716 5353 1050 5436 ώνησόμενοι
1071 5395 1088 5421 ,
1131 5356 1225 5409 καὶ
1265 5359 1476 5413 ἐκείνου
1517 5363 1574 5414 ἐν
1605 5364 1766 5436 χρείᾳ

175 5435 532 5506 κατέστησαν.
586 5435 652 5488 Τί
700 5431 794 5488 οὖν
839 5436 1032 5499 αὐτόςς
1089 5439 1164 5491 Οὐ
1222 5441 1387 5510 μέχρι
1429 5431 1765 5516 τούτουτὴν

176 5518 580 5590 φιλανθρωπίαν
605 5518 914 5582 ἐπεδείξατο
934 5531 983 5585 ε,
1001 5520 1136 5574 ἀλλά
1163 5523 1258 5577 καὶ
1280 5524 1355 5595 τῷ
1376 5527 1575 5598 Φαραὼ
1603 5529 1768 5598 ἐγνώ-

179 5618 322 5670 ρισε,
367 5603 460 5655 καὶ
515 5601 715 5662 αὐτοὺς
744 5604 1049 5671 κατήγαγε.
1087 5605 1199 5658 Kal
1229 5610 1500 5675 φανερὸν
1524 5611 1767 5680 ἐγένετο

177 5683 251 5747 τῷ
281 5683 493 5753 Φαραὼ
530 5684 599 5738 τὸ
619 5681 797 5753 γένος
836 5683 944 5739 τοῦ
986 5685 1230 5757 Ἰωσήφ.
1271 5690 1658 5762 Ἀποστείλας
1696 5696 1765 5750 δὲ

237 5853 390 5927 ἣλιῖὶ
414 5854 625 5931 δείπεκξντη
649 5855 752 5929 τῑῶς
773 5853 1124 5931 οεπξτὸςμῦῖούς.
1193 5860 1220 5901 h
1246 5862 1562 5928 Ᾱιὶὶθλίψεων
1595 5868 1760 5931 αὐτοῦ,

183 5918 258 5962 ui
277 5918 362 5966 ὁτι.
436 5919 459 5947 ο
487 5918 591 5970 Alii
627 5918 712 5974 τήν
735 5918 889 5980 ,φιλίαν
913 5918 1042 5969 ἐπιδ.

1890 1488 2135 1559 Ἰωσὴφ,
2155 1487 2612 1559 μετεκαλέσατο
2639 1486 2750 1540 τὸν
2776 1481 3007 1552 πατέρα
3034 1480 3225 1537 αὐτοῦ
3254 1480 3484 1544 Ἰακὼϐ,

1876 1574 1977 1628 καί
2017 1573 2226 1629 πᾶσαν
2259 1573 2375 1641 τὴν
2414 1569 2782 1649 συτπένειαν
2819 1567 2890 1621 έν
2925 1564 3338 1635 ἐϐδομήκοντα
3387 1563 3487 1617 και

1876 1658 2059 1713 πέντε
2098 1655 2352 1726 ψυχαῖς.
2395 1655 2627 1721 Κιιτέὸη
2672 1653 2741 1706 δὲ
2773 1652 2992 1708 Ἰακὼϐ
3027 1651 3118 1715 εις
3139 1649 3484 1717 Αἴγυπτον,

1875 1742 1975 1796 καὶ
2011 1741 2418 1804 ἐτελεύτησεν
2446 1737 2632 1802 αὐτὸς
2655 1736 2755 1789 καὶ
2782 1737 2837 1788 οί
2871 1730 3126 1799 πατέρες
3155 1729 3346 1800 ἡμῶν.
3375 1728 3489 1783 Kal

1869 1823 2285 1894 μετετέθησαν
2307 1823 2396 1886 είς
2429 1820 2652 1888 Συχὲμ,
2686 1817 2787 1872 καὶ
2814 1815 3212 1883 ἐτέθησαν-ὲν
3231 1812 3311 1879 τῷ
3335 1809 3490 1894 prﬁ—

1869 1892 2032 1976 ματι,
2069 1904 2101 1958 6
2151 1902 2433 1968 ὠνήσατο
2474 1901 2733 1968 Ἀϐραὰμ
2774 1897 2953 1968 τιμῆς
2984 1897 3274 1967 ἀργυρίου
3321 1892 3488 1961 παρὰ

1876 1988 1997 2042 τῶν
2042 1985 2191 2042 υἱῶν
2233 1983 2467 2053 Ἐιιμὼρ
2499 1984 2604 2038 τοῦ
2637 1982 2876 2055 Συζέμζ
2897 1979 3108 2045 Καθὼς
3140 1978 3209 2055 δὲ
3227 1976 3490 2055 ⁸ἤγγιζεζ

1875 2058 2096 2127 χρόνος
2135 2055 2246 2123 τῆς
2291 2048 2689 2124 ἐπαγγελίας,
2734 2048 2811 2125 ἧς
2843 2051 3084 2121 ὤμοσεν
3130 2053 3162 2102 ό
3213 2048 3360 2112 Θειις
3408 2048 3490 2111 τῷ

1889 2139 2158 2208 Ἀϐραὰμ,
2189 2138 2468 2206 ηὔξησεν
2498 2140 2532 2192 ὁ
2554 2138 2726 2203 λαός,
2760 2135 2862 2190 καί
2889 2135 3246 2201 ἐπληθύνθη
3287 2131 3359 2184 ἐν
3385 2132 3488 2185 Αί-

1875 2223 2101 2292 γύπτῳ,
2134 2221 2309 2291 ἄχρις
2337 2216 2410 2276 οὗ
2442 2217 2673 2286 ἀνέστη
2692 2218 3002 2283 ,βασιλεὺς
3026 2217 3254 2285 ἕτερος,
3286 2214 3356 2279 ὃς
3375 2215 3489 2268 οὐκ

1875 2304 2007 2372 ᾔδει
2041 2303 2151 2357 τὸν
2213 2302 2449 2370 Ἰωσήφ.
2488 2301 2658 2355 Πάλιν
2713 2301 2847 2370 άλλη
2899 2298 3257 2352 ἀνελπιστίαο
3292 2295 3486 2368 πρώτη

1879 2388 1978 2458 μὲν
2019 2388 2048 2439 6
2095 2385 2277 2457 λιμὸς,
2335 2384 2569 2455 δευτέρα
2622 2383 2684 2437 τὸ
2726 2385 2992 2453 ἐμπεσεῖν
3026 2383 3108 2445 είς
3149 2383 3339 2451 χεῖρας
3389 2377 3489 2432 τοῦ

1874 2469 2130 2540 ἀδελφοῦ,
2184 2468 2278 2522 καὶ
2334 2467 2494 2538 τρίτη
2545 2465 2606 2519 τὸ
2653 2464 2996 2536 ἀναιρεῖσθαι
3049 2464 3234 2534 ψῆφον
3267 2463 3490 2532 δοθῆναι

1875 2553 1981 2606 ὐπὸ
2012 2553 2108 2605 τοῦ
2158 2550 2458 2622 βασιλέως*
2518 2550 2616 2602 καὶ
2667 2549 2818 2619 ὅμως
2875 2546 3219 2617 διεσώθησαν
3279 2545 3491 2600 τούτων

1874 2636 2153 2690 ἀπάντων.
2220 2631 2355 2688 Εἶτα
2415 2633 2479 2686 τὸ
2531 2633 2846 2702 εὐμήχανον
2898 2632 3118 2696 δεικνὺς
3174 2630 3270 2685 τοῦ
3326 2631 3489 2696 Θεοῦ,

1877 2718 2073 2789 φησίν·
2117 2717 2221 2771 Ἐν
2265 2716 2312 2781 ᾧ
2349 2713 2535 2783 καιρῷ
2576 2715 2875 2785 ἐγεννήθη
2927 2714 3230 2783 Μωυσῆς,
3282 2714 3380 2768 καὶ
3411 2710 3492 2784 ἦν

1872 2800 2116 2867 ἀστεῖος
2148 2797 2230 2866 τῷ
2255 2798 2398 2864 Θεῷ.
2433 2799 2497 2851 El
2523 2800 2702 2852 ἐκεῖνο
2723 2796 3064 2867 θαυμαστὸν,
3083 2798 3165 2850 ὅτι
3198 2796 3305 2850 ὑπὸ
3337 2796 3493 2849 ὀδελ-

1873 2884 1990 2953 φῶν
2025 2882 2266 2955 ἐπράθη,
2297 2881 2434 2935 ἀλλά
2469 2880 2632 2936 τοῦτο
2655 2881 3107 2953 θαυμαστότερον
3130 2877 3184 2944 δ,
3218 2881 3300 2933 ὅτι
3337 2879 3492 2950 βασι-

1873 2966 1999 3030 λεὺς
2024 2965 2253 3037 ἔτρεφεν
2277 2964 2440 3019 αὐτὸν
2469 2965 2561 3020 τὸν
2597 2965 2863 3036 μέλλοντα
2883 2963 3172 3036 καθαιρεῖν
3194 2963 3364 3018 αὐτοῦ
3389 2962 3492 3036 τὴν

1873 3049 2071 3121 ἀρχὴν,
2109 3047 2272 3113 αὐτὸς
2303 3050 2331 3102 6
2365 3048 2577 3120 μέλλων
2612 3049 2972 3103 ἀπόλλυσθαι.

1960 3133 2125 3205 Ὁρᾷς
2164 3132 2444 3203 πανταχοῦ
2490 3133 2601 3186 τῶν
2631 3132 2845 3203 νεκρῶν
2879 3130 3068 3201 σχεδὸν
3115 3130 3492 3202 διατυπουμὲ-

1874 3237 1974 3290 νην
2003 3219 2102 3290 τὴν
2149 3219 2486 3285 ἀνάστασιν;
2521 3219 2717 3272 Καίτοι
2743 3219 2844 3272 οὐκ
2887 3218 3039 3271 ἐστιν
3071 3215 3187 3270 ῐσον
3227 3216 3393 3270 αὐτόν
3436 3233 3491 3270 τι

1873 3303 1966 3358 τὸν
1998 3302 2132 3357 Θεὸν
2182 3305 2360 3356 ποιεῖν
2385 3344 2400 3365 ,
2431 3304 2528 3357 καὶ
2566 3303 2676 3357 ἀπὺ
2707 3301 3087 3373 προαιρέσεως
3134 3299 3492 3371 ἀνθρωπίνης

1873 3407 1926 3443 τι
1951 3389 2229 3458 γενέσθαι.
2250 3387 2442 3441 Ταῦτα
2469 3387 2602 3457 γοῦν
2624 3389 2724 3440 οὐκ
2748 3386 2857 3440 ἀπὸ
2879 3383 3258 3457 προαιρέσεως
3279 3383 3493 3454 ἀνθρω-

1874 3471 2040 3544 πίνης
2065 3467 2155 3543 ἧν.
2189 3470 2298 3533 Kal
2334 3466 2415 3541 ἦν
2440 3470 2703 3537 δυνατὸς
2721 3470 2780 3524 έν
2812 3471 2974 3539 λόγῳ
2996 3467 3097 3523 καὶ
3126 3467 3299 3537 ἔργῳ.
3321 3465 3492 3522 Τοῦτο

1874 3548 2019 3614 εἶπε,
2053 3554 2305 3608 κάκεῖνον
2338 3553 2566 3625 σωτῆρα
2591 3554 2686 3607 καὶ
2711 3551 2937 3615 τούτους
2963 3551 3094 3621 περὶ
3131 3549 3223 3603 τδν
3259 3549 3492 3621 εὐεργέ-

1871 3655 1974 3707 την
2001 3637 2330 3707 ἀγνώμονας
2369 3635 2608 3700 δεικνύς.
2644 3634 2919 3705 Καθάπερ
2948 3629 3044 3688 οὖν
3081 3633 3204 3687 τότε
3244 3633 3350 3686 ὑπὸ
3391 3632 3490 3687 τοῦ

1873 3718 2063 3782 κακῶς
2093 3718 2362 3781 παθόντος
2389 3716 2484 3771 τοῦ
2519 3717 2720 3789 Ἰωσὴφ
2748 3716 3036 3787 ἐσώθησαν
3057 3732 3071 3745 ’
3103 3715 3248 3770 οὕτω
3273 3715 3369 3769 καὶ
3391 3713 3490 3768 νῦν

1874 3802 1982 3855 ὐπὸ
2029 3800 2126 3855 τοῦ
2171 3801 2361 3863 κακῶς
2401 3800 2671 3864 παθόντος
2714 3799 3027 3868 ἐσώθησαν,
3067 3797 3163 3853 τοῦ
3205 3799 3490 3864 Μωῦσίως

1873 3884 2036 3953 λέγω.
2069 3884 2135 3936 Τί
2183 3883 2317 3953 γὰρ,
2355 3883 2404 3935 εί
2455 3883 2532 3954 μὴ
2567 3882 2781 3937 ἀνεῖλον
2825 3882 2990 3936 αὐτὸν
3042 3881 3122 3953 τῷ
3161 3882 3485 3954 πράγματι;

1874 3969 1967 4039 Τῷ
1995 3967 2139 4038 λόγῳ
2167 3967 2378 4022 ἀνεῖλον
2407 3966 2599 4039 ῶσπερ
2631 3968 2896 4021 κάκεῖνοι.
2939 3967 3051 4021 Kal
3072 3969 3271 4020 ἐκεῖνοι
3301 3967 3401 4038 μὲν
3421 3968 3488 4021 ἐκ

1872 4051 1972 4120 τῆς
1997 4050 2179 4104 αὐτῶν
2214 4052 2294 4114 είς
2335 4048 2645 4120 ἀλλοδαπὴν
2671 4049 2768 4103 καὶ
2807 4048 2967 4120 ξένην
3002 4049 3292 4103 ἀπέδοντο’
3338 4043 3487 4103 οὗτοι

1870 4136 1928 4190 δὲ
1959 4137 2024 4190 ἐκ
2052 4136 2156 4207 τῆς
2181 4134 2472 4206 ἀλλοτρίας
2501 4135 2579 4198 είς
2615 4133 2909 4206 ἀλλοτρίαν
2945 4133 3350 4203 φυγαδεύουσι·
3391 4135 3487 4188 καὶ

1871 4221 1988 4273 ἐκεῖ
2014 4219 2113 4290 μὲν
2166 4218 2374 4291 τροφὴν
2426 4217 2799 4287 ἀποφέροντα,
2840 4217 3080 4271 ἐνταῦθα
3133 4217 3191 4269 δέ
3244 4216 3484 4285 συμϐουο

1871 4301 2096 4357 λεύοντα
2123 4301 2192 4355 δι’
2226 4295 2302 4355 ὧν
2323 4301 2539 4355 ἐσονται
2567 4301 2707 4371 μετά
2733 4301 2891 4356 Θεοῦ.
2925 4300 3116 4364 Οὕτως
3156 4300 3358 4370 ἀληθὲς
3387 4301 3486 4355 καὶ

1870 4388 1937 4441 ἐκ
1959 4387 2069 4440 τῶν
2099 4386 2193 4440 νῦν
2229 4386 2705 4458 οἰκονομουμένων
2732 4387 2910 4440 ἐκεῖνο
2937 4386 2999 4440 τὺ
3024 4385 3130 4438 ὐπὸ
3159 4384 3254 4438 τοῦ
3293 4385 3486 4454 Γαμα-

1868 4468 1991 4541 λιήλ
2035 4468 2354 4542 είρημένον,
2409 4467 2493 4522 δτι
2543 4470 2681 4523 Ἐὰν
2730 4463 2773 4539 ᾖ
2806 4469 2875 4522 ἐκ
2927 4469 3035 4522 τοῦ
3065 4468 3237 4529 Θεοῦ,
3281 4469 3353 4520 οὐ
3380 4467 3486 4520 δύ-

1868 4555 2059 4606 νασθε
2085 4549 2431 4605 καταλῦσαι
2469 4553 2639 4605 αὐτό.
2679 4553 2754 4604 Σὺ
2787 4550 2844 4603 δέ
2875 4552 3005 4615 τοὺς
3047 4550 3482 4619 ἐπιϐουλευομέ-

1868 4651 1997 4697 νους
2042 4633 2154 4687 τῶν
2183 4632 2664 4706 ἐπιϐουλευόντων,
2698 4636 2910 4696 αἰτίους
2955 4633 3233 4705 σωτηρίας
3266 4636 3483 4703 γινομέ-

1869 4735 1994 4781 νους
2037 4716 2362 4788 μανθάνων,
2396 4717 2708 4787 ἐκπλάγηθι
2752 4716 2848 4770 τοῦ
2888 4717 3026 4770 Θεοῦ
3061 4719 3124 4770 τὸ
3169 4718 3481 4787 εὐμήχανον

1868 4803 1963 4854 καὶ
1998 4800 2096 4873 τήν
2131 4801 2377 4854 σύνεσινο
2408 4803 2457 4854 εἰ
2493 4801 2569 4870 μὴ
2603 4801 2715 4871 γὰρ
2745 4801 2946 4853 ἐκεῖνοι
2981 4800 3478 4872 ἐπεϐουλεύθησαν,

1866 4886 1966 4939 οὐκ
1991 4885 2057 4939 ἂν
2082 4878 2229 4939 οὗτοι
2272 4881 2561 4946 ἐσώζοντο.
2600 4884 2771 4954 Λιμὸς
2804 4879 2895 4954 ἦν,
2931 4884 3027 4936 καὶ
3056 4883 3158 4936 οὐκ
3200 4885 3480 4936 ἀνάλωσεν

1867 4968 2084 5030 αὐτούς;
2121 4967 2232 5021 Καὶ
2261 4968 2322 5020 οὐ
2351 4965 2511 5019 τοῦτο
2547 4967 2732 5035 μόνον,
2759 4967 2895 5020 ἀλλὰ
2928 4969 3022 5020 καὶ
3054 4965 3209 5038 [[29]
3233 4966 3308 5019 δι’
3333 4965 3480 5018 ὲκεί-

1865 5069 1956 5105 νου
1989 5049 2275 5121 ἐσώθησαν
2297 5049 2393 5103 τοῦ
2426 5049 2894 5120 προσδοκηθέντος
2915 5049 3278 5102 ἀπολωλέναι.
3301 5050 3479 5118 Πρόσ-

1865 5151 2055 5205 ταγμα
2111 5133 2413 5203 βασιλικὸν,
2455 5135 2549 5186 καὶ
2580 5134 2680 5185 οὐκ
2715 5134 2981 5203 ἠφάνισεν
3023 5133 3297 5194 αὐτούςυ·
3339 5132 3478 5184 ἀλλὰ

1863 5218 1985 5270 τότε
2026 5217 2226 5287 μᾶλλον
2252 5216 2449 5286 ηὔξετο
2477 5217 2538 5268 τὸ
2583 5216 2810 5286 πλῆθος,
2843 5218 2932 5268 ὅτε
2964 5218 3170 5279 ἐκεῖνος
3202 5216 3477 5269 ἀπέθανεν

1861 5302 1890 5353 6
1930 5299 2085 5363 εἰδὼς
2135 5298 2357 5363 αὐτούς.
2410 5300 2514 5351 Τὸν
2573 5299 2798 5369 σωτῆρα
2849 5299 3034 5352 αὐτῶν
3089 5298 3476 5371 ἠϐουλήθησαν

1862 5382 2089 5446 ἀνελεῖν,
2130 5384 2225 5435 καὶ
2257 5383 2378 5435 οὐδὲ
2408 5381 2582 5446 οὕτως
2614 5381 2864 5450 ίσχυσαν.

1940 5465 2005 5535 β’.
2034 5465 2219 5536 Ὁρᾷς,
2253 5467 2337 5517 ὃτι
2370 5465 2438 5517 δι’
2471 5458 2546 5517 ὧν
2572 5467 2600 5517 6
2621 5465 2866 5527 διάϐολος
2884 5464 3160 5535 ἐπεχείρει
3182 5466 3475 5518 καταλύειν

1864 5549 1965 5620 τὴν
1990 5548 2324 5617 ἐπαγγελίαν
2349 5547 2445 5601 τοῦ
2481 5547 2639 5612 Θεοῦ,
2683 5548 2773 5600 διὰ
2807 5547 3016 5600 τούτων
3043 5547 3270 5617 ηὐξετο;
3302 5548 3476 5602 Τοῦτο

1868 5633 1962 5684 καὶ
1990 5631 2190 5693 αὐτοὺς
2233 5631 2477 5700 ἥρμοττε
2505 5631 2627 5683 τότε
2659 5632 2853 5694 εἰπεῖν,
2878 5631 2959 5682 ὅτι
2988 5631 3297 5700 εὐμήχανός
3325 5634 3475 5684 ἐστιν

1873 5716 1900 5767 ό
1926 5715 2058 5778 Θεὸς
2079 5715 2173 5768 καὶ
2208 5715 2506 5784 ἀναγαγεῖν
2545 5716 2692 5785 ἡμᾶς
2712 5713 2937 5777 δυνατὸς
2965 5714 3239 5768 ἐντεῦθεν.
3273 5715 3346 5766 T6
3367 5717 3474 5786 γὰρ

1936 5807 1962 5846 ά
1992 5808 2128 5858 Unus
2175 5810 2352 5872 ἐπράθη
2408 5811 2609 5860 ἐνταῦθα
2657 5811 2825 5872 πάλινς
2876 5811 3000 5858 ἀλλὰ
3067 5809 3471 5872 θαυμαστότερον.

1871 5867 2063 5944 [Paulo
2082 5878 2198 5921 ante
2221 5867 2384 5923 1).καὶ
2427 5873 2580 5923 ἐκεῖνο
2619 5870 2698 5940 0.]
2786 5867 2937 5923 εἈιιι
2977 5872 3058 5920 καὶ
3094 5867 3184 5920 οὐκ
3226 5867 3474 5921 ἀνάλωσεν

1875 5949 2059 5991 αυτούς.
