4078 6318
168 340 258 397 139
1130 332 1192 389 IN
1231 333 1412 389 ACTA
1452 326 1982 387 APOSTOLORUM.
2024 327 2251 387 llOMiL.
2296 328 2440 389 XVI.

166 456 304 510 'l‘uuc
327 465 425 520 par
452 457 575 505 erat
592 449 775 506 dicere
797 449 918 505 illos
945 465 960 504 :
988 446 1215 517 Sapiens
1243 455 1328 502 est
1345 446 1521 511 Deus,
1552 458 1757 516 nosque

170 554 333 614 potest
356 544 488 599 hinc
509 543 788 598 reducere.
812 538 1085 610 Sapientia
1109 554 1338 607 namque
1369 538 1461 592 Dei
1483 537 1535 591 in
1559 551 1625 592 eo
1652 550 1759 591 ma-

168 637 297 690 xims
326 645 483 700 erat,
511 633 655 705 quod
683 634 735 686 in
762 632 1002 687 adversis
1027 644 1161 701 gens
1190 631 1277 684 illa
1308 637 1600 695 cresceret,
1630 644 1749 683 ser-

170 729 362 791 vitate,
395 726 657 780 aerumnis
682 732 740 780 et
766 722 1002 779 caedibus
1027 730 1239 777 vexata.
1288 720 1413 776 Haec
1444 719 1755 791 magnitudo

170 819 538 893 promissionis
563 825 697 872 erat.
726 815 860 871 Nam
885 816 931 870 si
963 814 1017 869 in
1047 824 1189 870 terra
1218 828 1314 870 sua
1342 814 1625 877 crevisset,
1652 826 1759 866 non

170 916 232 969 its
262 912 511 968 mirabile
555 909 763 966 luisset.
789 907 974 978 Neque
1014 922 1181 977 parvo
1222 916 1466 976 tempore
1496 906 1550 959 in
1584 906 1757 960 aliena

170 1014 303 1062 terra
353 1004 560 1058 luennt
585 1044 602 1069 ,
649 1001 744 1057 sed
770 999 1174 1071 quadringentis
1201 999 1378 1053 annis.
1412 997 1547 1053 llinc
1580 997 1744 1052 disci-

170 1113 304 1159 mus,
339 1095 466 1150 illos
486 1107 732 1166 magnam
756 1091 1144 1165 philosophiam
1172 1106 1291 1161 prae
1308 1106 1368 1147 se
1397 1090 1585 1146 tulisse
1610 1107 1624 1143 :
1649 1106 1755 1144 non

166 1190 305 1243 enim
361 1186 503 1241 sicut
542 1185 745 1241 domini
791 1184 962 1240 servis
990 1183 1095 1237 illis
1121 1183 1441 1246 utebantur,
1480 1180 1576 1237 sed
1622 1180 1762 1235 sicut

168 1280 370 1334 inimici
391 1289 443 1334 et
469 1277 700 1350 tyranni.
730 1274 856 1331 ideo
879 1275 1127 1345 praedixit
1152 1274 1273 1329 illos
1296 1273 1348 1327 in
1374 1272 1620 1328 libertate
1647 1286 1762 1325 ma-

167 1385 262 1439 gna
310 1372 522 1425 futuros
558 1382 680 1423 esse
708 1385 722 1423 :
751 1366 805 1422 id
846 1367 989 1422 enim
1030 1365 1131 1421 sibi
1159 1365 1274 1419 vult
1316 1361 1445 1418 illud
1470 1402 1486 1428 ,
1526 1361 1761 1417 Servient

169 1463 321 1528 mihi,
371 1470 417 1515 et
456 1461 554 1514 huc
590 1468 935 1524 reuertentur,
968 1472 1069 1513 nec
1112 1457 1231 1511 sine
1256 1454 1480 1510 ultione.
1530 1454 1598 1509 Et
1636 1452 1759 1507 ani-

169 1553 480 1618 madverte,
507 1550 781 1619 quomodo
828 1548 1073 1604 videatur
1114 1546 1316 1618 aliquid
1359 1543 1758 1601 circnmcisioni

168 1644 487 1710 concedere,
517 1658 639 1699 cum
681 1641 811 1698 nihil
836 1641 887 1697 ei
915 1639 1151 1706 tribuat;
1178 1636 1441 1708 siquidem
1472 1634 1759 1706 promissio

170 1735 442 1806 ιιι-ευθεδῇ
489 1736 632 1790 illam
657 1776 673 1800 ,
704 1749 823 1805 quae
851 1731 1119 1802 posterior
1160 1731 1275 1785 fuit.
1311 1728 1378 1783 Et
1415 1727 1757 1800 patriarcha,

168 1828 371 1897 inquit,
394 1827 712 1881 emulantes.
742 1824 841 1879 llic
865 1837 973 1878 non
995 1821 1141 1877 laedit
1158 1836 1275 1887 eos,
1306 1820 1400 1875 sed
1427 1818 1761 1890 gratiﬁcatur

167 1919 312 1987 ipsis.
365 1917 708 1973 Patriarchas
749 1926 928 1971 autem
968 1922 1128 1971 vocat
1169 1914 1577 1985 progenitores;
1624 1927 1761 1983 quo-

166 2011 305 2065 niam
333 2009 403 2065 de
434 2010 522 2065 his
548 2008 714 2063 altum
740 2007 1038 2077 sepiebant.
1062 2005 1316 2077 Alioquin
1342 2020 1472 2061 vero
1498 2004 1755 2072 ostendit,

164 2110 379 2157 sanctos
405 2116 515 2155 non
543 2097 711 2155 fuisse
730 2113 1092 2155 aerumnarum
1122 2108 1393 2168 expertes,
1422 2097 1519 2153 sed
1544 2097 1598 2151 in
1626 2096 1759 2166 ipsis

163 2192 421 2247 arumnis
432 2204 593 2258 opem
610 2199 927 2260 assequutos
939 2203 1079 2244 esse.
1105 2188 1183 2244 ltli
1200 2204 1331 2244 vero
1344 2202 1449 2243 non
1468 2188 1631 2245 modo
1647 2202 1755 2243 non

161 2283 447 2337 solvebant
468 2281 633 2351 ipsas,
666 2280 763 2336 sed
790 2282 955 2337 etiam
970 2295 1094 2336 cum
1107 2279 1469 2351 amigentibus
1491 2295 1553 2336 se
1567 2294 1759 2352 coope-

158 2374 566 2440 rabantur,cum
580 2372 890 2427 debuissent
904 2372 1082 2442 potius
1094 2371 1211 2426 illas
1221 2370 1759 2441 exscindere.Quem-

160 2464 448 2519 admodum
487 2478 617 2532 ergo
648 2462 724 2517 illi
770 2461 1066 2533 Joscphum
1118 2461 1436 2527 vendentes,
1468 2462 1753 2518 clariorem

159 2556 304 2609 illum
329 2555 703 2621 reddiderunt,
731 2554 809 2609 sic
835 2570 931 2610 rex
961 2554 1221 2626 Moysem,
1250 2568 1371 2609 cum
1392 2554 1555 2623 jussit
1582 2554 1753 2611 occidi

159 2661 351 2716 pueros
376 2663 391 2700 :
419 2645 520 2699 nisi
542 2646 687 2699 enim
715 2645 984 2716 iussisset,
1016 2660 1122 2699 non
1153 2643 1584 2701 hoceventurum
1612 2655 1751 2701 erat.

227 2737 325 2791 Dei
390 2737 822 2806 providentia.—
851 2736 982 2793 Vide
1039 2737 1428 2807 providentiam
1490 2736 1607 2792 Dei.
1658 2736 1753 2793 llle

161 2830 295 2899 fugat
337 2826 619 2899 loysem;
668 2842 767 2883 nec
810 2828 949 2883 Deus
994 2826 1280 2897 prohibet,
1325 2828 1470 2898 quod
1512 2829 1750 2883 futurum

159 2931 267 2977 erat
297 2920 652 2988 dispensans,
676 2928 735 2974 ut
756 2919 864 2975 illic
890 2919 990 2975 Dei
1034 2919 1241 2973 visione
1288 2918 1623 2989 dignaretur.
1661 2919 1753 2975 Sic

162 3024 210 3065 et
239 3026 462 3066 servum
502 3010 775 3064 venditum
809 3009 879 3065 ibi
912 3025 1090 3079 regem
1112 3010 1414 3076 constituit,
1444 3010 1534 3065 ubi
1558 3027 1753 3067 servus

161 3100 766 3171 esseputabatur.6icut
798 3108 974 3155 autem
999 3099 1088 3155 hic
1116 3100 1189 3156 ibi
1220 3110 1427 3170 regnat,
1459 3102 1547 3156 ubi
1576 3102 1751 3172 ipsum

160 3192 511 3247 vendiderunt
525 3209 543 3246 :
560 3191 637 3246 sic
655 3201 711 3246 et
729 3188 977 3246 Christus
998 3191 1051 3245 in
1074 3201 1248 3246 morte
1265 3202 1581 3261 potestatein
1598 3192 1752 3247 exhi-

163 3281 290 3337 buit.
323 3282 437 3336 Hoc
470 3296 577 3335 non
615 3280 834 3336 honoris
868 3290 1071 3336 tantum
1090 3292 1225 3345 erat.
1246 3282 1497 3353 sedquod
1515 3284 1750 3338 etiamin

162 3389 244 3428 sua
264 3383 530 3443 potestate
558 3372 765 3429 llderet.
786 3372 894 3428 Sed
917 3374 1027 3443 jam
1058 3388 1178 3444 quae
1198 3374 1337 3429 dicta
1369 3385 1514 3441 sunt,
1534 3385 1752 3445 repeta-

161 3479 294 3518 mus.
335 3464 403 3518 Et
430 3466 691 3518 constituit
729 3480 846 3519 eum
878 3466 1212 3535 praepositum
1238 3483 1392 3537 super
1416 3465 1707 3539 digyptum
1730 3510 1746 3535 ,

161 3566 203 3608 et
226 3572 381 3624 super
403 3571 605 3609 omnem
630 3555 839 3609 domum
860 3572 1027 3610 suam.
1053 3556 1186 3613 Vide
1207 3568 1405 3627 quanta
1436 3574 1532 3628 per
1552 3559 1748 3614 laniem

160 3657 440 3719 praparet.
478 3646 542 3701 In
572 3649 894 3719 septuaginta
930 3650 1153 3721 quinque
1196 3652 1495 3718 animabus,
1546 3652 1747 3723 inquit,

159 3740 410 3793 descendit
428 3738 594 3792 Jacob
624 3741 676 3792 in
703 3737 1015 3810 Egyptian,
1064 3751 1111 3794 et
1158 3741 1429 3812 defunctus
1457 3752 1532 3797 est
1560 3742 1670 3813 ipse
1703 3753 1750 3798 et

160 3845 320 3902 patres
335 3832 531 3885 nostri.
559 3829 627 3885 Et
652 3831 887 3886 translati
907 3842 1023 3885 sunt
1045 3832 1099 3885 in
1131 3832 1365 3899 Sichem,
1391 3843 1437 3887 et
1462 3834 1615 3903 positi
1632 3844 1752 3890 sunt

158 3925 206 3975 in
232 3924 468 3993 sepulcro
494 3963 510 3987 ,
535 3923 672 3992 quod
698 3922 817 3976 emit
859 3921 1119 3975 Abraham
1154 3924 1315 3993 pretio
1335 3925 1537 3994 argenti
1570 3941 1602 3978 a
1626 3926 1750 3993 filiis

161 4012 347 4067 Hester
374 4012 472 4080 ﬁlii
506 4012 733 4066 Sichem.
763 4011 1011 4067 Ostendit
1041 4013 1165 4068 illos
1195 4029 1367 4084 neque
1393 4016 1627 4085 sepulcri
1654 4018 1753 4073 do-

158 4107 326 4161 minos
354 4106 543 4161 fuisse.
576 4103 644 4159 Ut
663 4114 834 4158 autem
855 4106 1280 4176 apprOpinquavit
1308 4115 1503 4177 tempus
1532 4113 1753 4178 promis-

157 4201 328 4262 sionis,
357 4215 517 4267 quam
530 4199 800 4270 juraoerat
828 4197 965 4253 Deus
991 4199 1229 4264 Abrahte,
1256 4201 1410 4254 crevit
1434 4203 1675 4272 populus,
1705 4214 1751 4258 et

3372 331 3477 388 {30

1871 441 2039 511 plum,
2068 457 2331 514 nusquam
2352 441 2698 511 sacriﬁcium,
2722 443 2850 501 licet
2867 452 2947 501 tot
2974 454 3230 517 tantaque
3255 446 3468 517 dispen-

1868 544 2076 588 sentur.
2106 534 2175 589 Et
2202 535 2463 591 educatus
2492 545 2577 592 est
2600 537 2654 591 in
2679 538 2902 594 barbara
2932 539 3115 595 domo.
3143 539 3235 596 22.
3267 541 3330 596 Et
3352 560 3467 597 eru-

1868 625 2005 681 ditus
2028 638 2104 682 est
2130 626 2338 698 Moyses
2356 630 2411 683 in
2436 629 2577 683 omni
2600 629 2852 699 sapientia
2879 630 3274 702 Egyptiorum,
3302 644 3350 687 et
3366 641 3473 688 erat

1870 726 2047 787 potens
2074 718 2125 771 in
2152 720 2315 775 verbis
2343 729 2390 775 et
2417 720 2471 774 in
2497 720 2755 789 operibus.
2787 722 2965 778 Mirari
2996 725 3170 790 subit,
3201 728 3472 796 quomodo

1867 810 2220 879 quadraginta
2248 813 2406 866 annis
2434 811 2543 867 illic
2569 812 2751 878 fuerit,
2784 829 2885 870 nec
2913 815 3287 885 deprehensus
3313 819 3384 873 sit
3403 834 3472 874 ex

1868 900 2310 964 circumcisione;
2352 901 2463 956 imo
2505 903 2685 973 potius
2710 904 2984 974 quomodo
3021 921 3214 961 secure
3251 919 3475 978 agentes

1869 1003 1963 1042 sua
1993 988 2298 1059 despiciunt
2323 999 2379 1046 et
2410 990 2495 1047 hic
2518 1000 2575 1047 et
2596 991 2824 1064 Joseph,
2853 1005 2912 1049 ut
2936 996 3074 1051 alios
3100 1008 3355 1055 servent:
3378 999 3474 1056 25.

1870 1075 1940 1132 Ut
1956 1090 2126 1133 autem
2149 1081 2414 1150 impletum
2430 1092 2505 1136 est
2523 1083 2603 1138 illi
2621 1085 2963 1155 quadraginta
2982 1104 3233 1143 annorum
3249 1099 3471 1159 tempus,

1865 1171 2092 1224 ascendit
2112 1172 2165 1224 in
2185 1188 2276 1228 cor
2300 1174 2431 1241 eius,
2457 1183 2513 1229 ut
2533 1175 2759 1232 uisitaret
2778 1182 2963 1249 fratres
2984 1197 3104 1237 suos
3128 1183 3264 1250 ﬁlios
3282 1182 3472 1241 Israel.

1864 1260 1956 1316 24.
1990 1260 2196 1317 Etcum
2222 1265 2431 1321 uidisset
2455 1270 2727 1335 quandam
2752 1272 2998 1340 injuriam
3024 1275 3299 1345 patientem
3325 1317 3339 1340 ,
3364 1278 3476 1333 uin-

1865 1351 2054 1408 dicauit
2081 1355 2249 1422 illum,
2280 1366 2328 1412 et
2353 1359 2472 1428 fecit
2490 1360 2734 1416 ultionem
2761 1362 2825 1429 ei,
2859 1364 2949 1435 qui
2971 1365 3217 1436 injuriam
3250 1372 3472 1425 sustine-

1864 1442 1977 1509 bat,
2012 1460 2247 1515 percusso
2272 1446 2545 1521 £gyptio.
2573 1450 2667 1507 25.
2711 1452 3055 1509 Existimabat
3078 1467 3249 1511 autem
3280 1460 3472 1517 intelli-

1864 1549 1983 1603 gere
2011 1534 2196 1603 fratres
2216 1553 2353 1603 suos,
2377 1541 2621 1610 quoniam
2645 1540 2784 1597 Deus
2809 1560 2900 1614 per
2918 1561 3128 1600 manum
3148 1548 3308 1617 ipsius
3330 1552 3474 1606 daret

1865 1626 2079 1680 salutem
2108 1627 2213 1682 illis
2242 1644 2262 1683 :
2289 1638 2343 1683 at
2366 1629 2451 1685 illi
2470 1648 2573 1686 non
2601 1633 2983 1692 intellexerunt.
3011 1636 3171 1707 Vide,
3198 1643 3501 1711 quomodo.

1865 1718 2105 1774 nondum
2140 1721 2399 1777 molestus
2424 1723 2690 1789 videatur,
2723 1727 2820 1782 sed
2846 1742 2968 1783 cum
2998 1738 3144 1786 tanta
3180 1734 3472 1791 concione-

1866 1818 1973 1876 tur,
2009 1811 2160 1867 illum
2187 1813 2374 1870 audire
2396 1816 2734 1885 sustineant;
2766 1819 2835 1873 ita
2853 1820 2979 1877 illos
3000 1822 3179 1879 vultus
3198 1826 3279 1881 sui
3300 1828 3471 1897 gratia

1863 1914 2102 1973 ceperat.
2138 1903 2503 1975 Existimabat,
2534 1910 2742 1982 inquit,
2771 1912 3056 1985 intelligere
3076 1916 3281 1986 fratres.
3309 1922 3472 1993 Atqui

1863 1996 2118 2064 operibus
2144 2001 2499 2068 patrocinium
2522 2002 3023 2074 demonstrabatur,
3053 2026 3228 2079 neque
3248 2023 3365 2068 erat
3387 2032 3474 2070 ra-

1865 2084 2085 2141 tiocinio
2105 2101 2244 2158 opus
2267 2106 2287 2143 :-
2310 2104 2487 2161 neque
2512 2102 2692 2150 tamen
2714 2096 2796 2153 sic
2822 2096 3225 2158 intellexerunt.
3256 2103 3469 2175 Viden',

1862 2180 2136 2248 quomodo
2162 2197 2288 2238 cum
2320 2188 2735 2244 mansuetudine
2764 2192 3137 2260 concionetur,
3174 2209 3223 2252 et
3266 2213 3389 2254 cum
3418 2201 3471 2255 iu

1862 2271 1956 2327 illo
1986 2273 2123 2329 iram
2161 2284 2539 2345 monstrasset,
2572 2281 2623 2334 in
2652 2280 2755 2337 hoc
2785 2286 3256 2343 mansuetudinem
3284 2301 3471 2345 osten-

1859 2363 1992 2419 dat?
2017 2365 2107 2420 26.
2135 2366 2383 2435 Sequenti
2401 2384 2518 2424 vero
2543 2371 2631 2425 die
2645 2376 2889 2444 apparuit
2916 2376 3023 2429 illis
3046 2378 3361 2449 litigantibus
3384 2398 3403 2435 :
3425 2394 3472 2435 et

1860 2457 2253 2512 reconcialiabat
2276 2460 2393 2514 illos
2414 2461 2466 2515 in
2494 2479 2620 2532 pace
2638 2505 2655 2528 ,
2688 2464 2862 2519 dicens
2889 2481 2909 2520 :
2946 2465 3079 2535 Viri,
3109 2473 3295 2539 fratres
3320 2473 3468 2539 estis,

1859 2557 1917 2603 ut
1943 2550 2069 2618 quid
2088 2552 2279 2607 nocetis
2302 2553 2607 2609 alterutrum
2623 2557 2649 2610 ?
2674 2556 2766 2610 27.
2797 2558 2901 2624 Qui
2921 2571 3091 2615 autem
3120 2562 3365 2633 iujuriam
3391 2570 3473 2638 fa-

1858 2640 2022 2694 ciebat
2058 2643 2323 2711 proan'mo,
2364 2646 2555 2715 repulit
2584 2663 2700 2700 eum
2734 2648 2943 2705 dicens:
2976 2651 3103 2717 Quis
3131 2662 3178 2706 te
3212 2656 3472 2710 constituit

1859 2730 2143 2802 principem
2171 2742 2217 2785 et
2237 2733 2467 2803 judicent
2498 2751 2655 2807 super
2681 2739 2818 2793 nos?
2852 2740 2943 2795 28.
2977 2739 3244 2813 Numquid
3271 2746 3468 2816 inter/i-

1856 2836 1969 2876 cere
1988 2838 2067 2875 nte
2091 2832 2146 2876 tu
2165 2825 2263 2889 vis,
2283 2825 2413 2879 sicut
2439 2826 2549 2881 heri
2574 2829 2873 2899 interfecisti
2895 2829 3202 2904 digyptium
3217 2837 3243 2889 7
3267 2835 3471 2892 Eodem

1856 2913 2040 2969 animo
2072 2926 2260 2971 contra
2288 2916 2565 2974 Christum
2602 2920 2856 2976 videntur
2885 2922 3069 2979 dicere
3099 2942 3113 2978 :
3152 2922 3273 2981 Non
3311 2929 3469 2985 habe-

1856 3021 1971 3059 mus
2008 3023 2178 3079 regem
2200 3049 2217 3076 ,
2254 3008 2354 3062 nisi
2380 3008 2631 3064 Ctesarem
2659 3010 2843 3081 (Joan.
2870 3013 2958 3068 19.
2993 3014 3105 3085 15).
3139 3016 3229 3073 Sic
3256 3026 3473 3090 setnpcr

1855 3097 2038 3155 facere
2060 3102 2307 3156 solebant
2332 3102 2505 3156 Judaei
2527 3143 2542 3166 ,
2571 3118 2697 3157 cum
2726 3103 2989 3160 beneﬁcia
3016 3110 3345 3179 acciperent.
3380 3112 3472 3169 γί-

1855 3191 2035 3244 distin'
2060 3192 2424 3258 insipientiam
2446 3194 2469 3244 ‘t
2488 3192 2650 3259 Eum,
2668 3194 2761 3264 qui
2790 3209 2850 3250 se
2874 3207 3189 3253 servaturus
3210 3211 3348 3264 erat,
3378 3218 3471 3259 sco

1854 3291 2047 3334 cusant
2083 3296 2206 3335 cum
2242 3281 2458 3347 dicunt,
2494 3282 2645 3338 Sicut
2668 3286 2777 3339 heri
2807 3287 3105 3359 interfecisti
3132 3289 3467 3361 Egyptium.

1853 3374 1946 3430 29.
1980 3373 2139 3447 Fugit
2160 3386 2330 3429 autem
2354 3376 2559 3450 Moyses
2587 3380 2641 3432 in
2670 3381 2819 3435 uerbo
2849 3383 2988 3438 isto:
3019 3395 3064 3438 et
3086 3390 3253 3457 factus
3277 3401 3349 3443 est
3376 3392 3474 3444 ad-

1856 3481 1980 3521 vena
2004 3469 2058 3521 in
2088 3479 2225 3522 terra
2258 3468 2495 3537 Madian,
2526 3472 2613 3525 ubi
2646 3478 2905 3544 generavit
2929 3478 3067 3545 filios
3092 3480 3239 3535 duos.
3272 3480 3469 3554 Fugit,

1856 3576 2032 3630 neque
2059 3561 2181 3631 fuga
2203 3564 2565 3619 oeconomiam
2594 3566 2874 3633 exstinxit,
2903 3579 2961 3623 ut
2988 3587 3164 3641 neque
3186 3590 3357 3631 mors.
3375 3577 3467 3633 50.

1856 3650 1924 3705 Et
1952 3654 2169 3721 expletis
2199 3656 2347 3710 annis
2385 3656 2760 3727 quadraginta,
2788 3665 3033 3731 apparuit
3072 3664 3150 3719 illi
3188 3669 3238 3721 in
3272 3669 3470 3726 deserto

1856 3745 2043 3799 montis
2070 3744 2205 3800 Sina
2225 3748 2439 3817 angelus
2464 3748 2679 3805 Domini
2702 3753 2755 3807 in
2786 3754 2903 3825 igne
2923 3757 3151 3825 [iuuante
3175 3761 3308 3816 rubi.

1927 3838 1981 3891 5.
2018 3837 2228 3905 Viden’,
2255 3842 2529 3910 quomodo
2566 3846 2874 3901 meonomia
2902 3863 3009 3903 non
3052 3861 3295 3919 tempore
3320 3856 3469 3910 scin-

1855 3929 2042 3986 ditur?
2068 3931 2203 3987 Cum
2245 3934 2504 4005 profugus
2548 3949 2724 4007 esset,
2776 3954 2899 3995 cum
2944 3946 3296 4013 peregrinus,
3343 3964 3468 4005 cum

1857 4023 2027 4078 inulto
2054 4032 2296 4094 tempore
2315 4026 2366 4080 in
2392 4027 2567 4083 aliena
2593 4037 2732 4084 terra
2758 4032 3067 4097 mansisset,
3091 4047 3145 4089 et
3171 4036 3307 4090 lilios
3333 4038 3470 4095 duos

1855 4118 2216 4188 suscepisset,
2245 4136 2369 4176 cum
2397 4137 2503 4177 non
2530 4124 2670 4178 ultra
2694 4124 2923 4180 reditum
2946 4138 3310 4197 exspectaret,
3338 4141 3468 4187 tunc

1857 4210 2085 4278 angelus
2117 4210 2217 4280 ipsi
2248 4223 2490 4281 apparet.
2538 4212 2736 4270 Filium
2779 4215 2874 4271 Dei
2902 4228 3058 4272 vocat
3088 4222 3335 4290 angelum
3358 4264 3373 4288 ,
3412 4234 3470 4279 ut

157 4292 523 4360 multiplicatus
544 4298 616 4344 est
640 4290 696 4342 in
716 4288 950 4361 AEgypto
967 4332 982 4356 ,
1006 4291 1333 4361 quoadusque
1368 4295 1587 4349 surrexit
1938 4302 2236 4358 hominem.
2272 4305 2341 4359 Et
2366 4304 2455 4360 ubi
2481 4307 2745 4377 apparet?
2774 4308 2830 4363 lu
2854 4310 3095 4376 deserto,
3124 4288 3230 4368 non
3255 4316 3305 4368 in
3334 4324 3471 4370 tem-

158 4398 274 4443 ηε,
305 4380 399 4450 qui
426 4382 676 4435 nesciebat
698 4378 913 4451 Ioseph.
947 4381 1114 4449 Vide,
1142 4384 1413 4453 quomodo
1439 4400 1547 4440 non
1590 4386 1643 4441 in
1672 4395 1752 4442 tot

159 4474 305 4529 anuis
332 4473 491 4529 auxit
520 4486 615 4527 eos
635 4474 662 4535 ,’
681 4472 776 4528 sed
803 4488 927 4529 cum
969 4472 1091 4530 linis
1122 4476 1571 4547 apprOpinquavit
1600 4494 1614 4530 :
1648 4482 1749 4537 etsi

156 4562 257 4631 iam
290 4563 672 4634 quadringenti
698 4563 821 4618 anni
842 4604 858 4629 ,
888 4564 997 4620 imo
1023 4566 1205 4637 plures
1229 4608 1245 4633 ,
1276 4569 1667 4637 praeteriissent
1695 4571 1749 4627 in

162 4651 413 4724 Egypto.
440 4654 506 4707 Et
532 4653 635 4711 hoc
655 4653 901 4711 mirabile
920 4664 1023 4711 est.
1055 4655 1143 4711 19.
1171 4656 1290 4723 Hic,
1315 4659 1508 4729 inquit,
1532 4663 1751 4718 circum-

161 4747 354 4801 veniens
386 4762 547 4815 genus
570 4756 798 4800 nostrum
818 4787 836 4813 ,
864 4747 1039 4817 afflixit
1070 4757 1237 4819 patres
1266 4760 1485 4817 nostros,
1512 4763 1565 4807 ut
1589 4771 1752 4825 expo-

163 4847 329 4890 nerent
358 4838 586 4907 infantes
606 4854 722 4893 suos
744 4879 761 4906 ,
790 4855 854 4893 ne
874 4840 1267 4908 uivificarentur.
1301 4842 1711 4901 Circumveniens
1730 4889 1746 4915 ,

162 4927 360 4998 inquit,
413 4929 759 4985 subindicans
809 4931 1199 4989 clandestinam
1247 4935 1450 4991 caulem
1485 4954 1497 4989 :
1533 4939 1753 4994 nolebat

162 5021 295 5073 enim
318 5030 509 5089 aperte
531 5020 651 5076 illos
666 5020 943 5087 occidere;
979 5024 1098 5079 ideo
1123 5025 1274 5080 addit
1301 5044 1313 5080 :
1343 5026 1411 5081 Ut
1439 5041 1751 5097 oatponerent

161 5107 378 5180 infantes
412 5127 549 5165 suos.
573 5110 663 5167 20.
698 5109 763 5166 In
791 5129 891 5185 quo
910 5123 1135 5185 tempore
1172 5126 1321 5170 natus
1342 5128 1415 5172 est
1447 5117 1675 5189 Moyses,
1705 5130 1753 5174 et

166 5204 252 5272 fit
278 5214 455 5273 gratus
483 5202 615 5261 Deo.
649 5204 761 5261 lloc
790 5206 1033 5262 mirabile
1058 5219 1139 5263 est
1163 5249 1179 5273 ,
1207 5211 1350 5280 quod
1381 5211 1425 5267 is
1444 5252 1459 5277 ,
1490 5213 1580 5282 qui
1610 5229 1751 5284 prte-

164 5294 322 5351 lectus
362 5296 571 5351 iuturus
597 5309 753 5362 erat,
806 5314 913 5354 non
940 5311 1067 5355 ante
1096 5302 1180 5356 vel
1206 5312 1366 5371 post,
1400 5306 1497 5359 sed
1528 5305 1581 5361 in
1631 5322 1750 5362 me-

161 5388 242 5442 dio
275 5387 457 5445 furore
488 5400 759 5447 nascatur.
795 5389 860 5444 Et
887 5394 1108 5447 nutritus
1136 5404 1207 5449 est
1233 5397 1394 5451 tribus
1418 5399 1670 5455 mensibus
1696 5402 1750 5455 in

164 5482 304 5535 domo
339 5486 521 5551 patris.
556 5483 779 5549 Quando
809 5484 967 5552 igitur
988 5485 1219 5540 humana
1250 5488 1449 5543 nullam
1482 5504 1633 5559 spem
1664 5492 1754 5546 ol-

164 5574 432 5637 larebaut,
477 5584 531 5629 et
570 5576 715 5628 illum
760 5576 1096 5645 abjecerant,
1143 5587 1269 5633 tunc
1312 5579 1401 5634 Dei
1448 5584 1749 5638 oeconomia

164 5663 320 5719 (ὠνὴ.
349 5662 441 5721 ιι.
475 5666 779 5739 Expositum
817 5677 985 5722 autem
1026 5669 1169 5722 illum
1202 5672 1404 5725 sustulit
1444 5674 1556 5740 ﬁlia
1599 5674 1747 5729 Pha-

165 5767 358 5827 raonic,
402 5769 446 5815 et
474 5762 679 5816 nutrivit
713 5777 829 5817 eum
872 5760 966 5816 sibi
1010 5763 1061 5818 in
1092 5763 1272 5834 filium.
1302 5763 1573 5837 Nusquam
1609 5779 1745 5828 tem-

1860 4392 1970 4461 plo.
2012 4392 2225 4459 Viden‘,
2254 4406 2385 4463 quot
2414 4396 2544 4451 liam
2587 4398 2880 4467 miracula,
2926 4409 2981 4456 et
3022 4418 3285 4472 nusquam
3329 4416 3469 4459 tem-

1857 4488 2036 4554 plum,
2072 4502 2339 4557 nusquam
2380 4490 2679 4545 sacrilicia?
2710 4490 2896 4561 Neque
2939 4494 3027 4549 hic
3066 4495 3385 4564 simpliciter
3416 4501 3467 4554 in

1855 4575 2094 4642 deserto,
2128 4577 2224 4633 sed
2254 4577 2309 4635 in
2342 4579 2495 4634 rubo.
2532 4581 2623 4635 3i.
2657 4580 2862 4653 Moyses
2886 4596 3055 4638 autem
3078 4587 3271 4653 videns,
3296 4591 3467 4644 admi-

1857 4677 2000 4723 ratus
2026 4679 2099 4723 est
2130 4670 2325 4734 visum;
2355 4681 2401 4724 et
2427 4672 2694 4728 accedente
2726 4675 2815 4728 illo
2844 4685 2899 4729 ut
2930 4679 3297 4744 consideraret,
3332 4685 3473 4753 facta

1857 4771 1930 4815 est
1956 4778 2053 4815 vos:
2077 4761 2313 4817 Domini.
2362 4763 2505 4819 Ecce
2552 4780 2684 4821 voce
2714 4781 2928 4835 quoque
2958 4768 3211 4838 dignatus
3246 4783 3347 4827 est.
3378 4775 3469 4829 32.

1858 4854 1971 4927 Ego
2000 4875 2112 4911 sum
2139 4858 2281 4913 Deus
2311 4868 2517 4929 patrum
2548 4870 2781 4927 tuorum,
2828 4861 2970 4917 Deus
3010 4865 3301 4932 Abraham,
3336 4867 3474 4925 Deus

1859 4946 2033 5011 Isaac,
2068 4958 2114 5001 et
2142 4949 2279 5003 Deus
2306 4948 2491 5004 Iacob.
2517 4950 2635 5005 Non
2656 4951 2818 5006 modo
2848 4952 2935 5007 hic
2959 4956 3199 5009 ostendit
3223 4961 3472 5027 angelum

1856 5040 1947 5108 qui
1997 5042 2247 5109 apparuit
2274 5042 2361 5108 ei,
2402 5057 2523 5097 esse
2570 5044 2747 5113 magni
2794 5046 3005 5099 consilii
3037 5048 3325 5116 angelum;
3374 5053 3471 5107 sed

1858 5130 2021 5184 etiam
2052 5134 2325 5198 ostendit,
2370 5142 2627 5202 quautam
2658 5134 3044 5205 benignitatem
3081 5138 3222 5193 Deus
3266 5156 3361 5209 per
3391 5143 3474 5197 vi-

1859 5236 1976 5275 sum
2001 5221 2273 5277 exhibeat.
2307 5223 2656 5296 Tremefactus
2688 5235 2859 5279 autem
2888 5226 3095 5299 Moyses
3124 5246 3226 5283 non
3253 5234 3474 5288 audebat

1858 5314 2199 5370 considerare.
2232 5316 2323 5371 55.
2362 5315 2507 5370 Dixit
2537 5326 2708 5370 autem
2737 5318 2818 5371 illi
2852 5317 3109 5375 Dominus
3132 5337 3151 5375 .'
3180 5320 3335 5378 Solve
3361 5328 3472 5379 cal-

1858 5418 2171 5461 ceamentum
2222 5409 2407 5478 pedum
2447 5419 2689 5473 tuorum;
2734 5410 2877 5464 locus
2924 5413 3058 5465 enim
3098 5417 3151 5467 in
3190 5432 3289 5484 quo
3337 5428 3472 5477 stas.

1858 5509 1993 5553 terra
2019 5510 2198 5553 sancta
2239 5510 2332 5553 est.
2360 5499 2632 5569 Nusquam
2662 5502 2919 5571 templum
2944 5546 2958 5570 ,
2991 5514 3045 5558 et
3076 5504 3227 5559 locus
3254 5518 3475 5562 sanctus

1857 5598 1941 5644 est
1983 5606 2079 5660 per
2120 5591 2511 5659 apparitionem
2564 5600 2618 5645 et
2666 5594 3040 5661 operationem
3086 5594 3307 5650 Christi.
3365 5598 3475 5651 lluc

1860 5674 2029 5736 multo
2058 5682 2471 5743 mirabiliuscst.
2497 5697 2655 5751 quam
2676 5683 2824 5737 locus
2850 5683 2938 5737 ille
2965 5685 3015 5737 in
3042 5687 3242 5741 sanctis
3262 5698 3475 5743 sancto—

1863 5790 2019 5830 rum:
2056 5775 2162 5831 illic
2192 5776 2335 5831 enim
2369 5791 2659 5846 numquam
2689 5777 2766 5833 sic
2805 5779 3053 5848 apparuit
3095 5780 3270 5851 Deus,
3313 5798 3470 5838 num-
