4088 6326
614 353 718 411 131

610 478 771 537 quam
798 475 875 517 sic
901 457 1247 517 tremefactus
1260 467 1343 513 est
1368 454 1592 527 Moyses.
1619 452 1866 508 Vidistin‘
1891 452 2195 505 misericor-

611 554 793 611 diam?
828 552 957 606 Vide
1000 548 1209 604 tandem
1245 546 1678 603 sollicitudinem.
1710 544 1797 597 34.
1839 539 2022 595 Videris
2056 541 2194 605 t'idi,

612 647 813 716 inquit,
845 644 1157 715 amictionem
1186 638 1518 710 populi'mei,
1550 636 1637 705 qui
1661 644 1731 688 est
1770 635 1820 686 in
1853 631 2119 701 ﬁgypto,
2151 641 2198 684 et

609 740 847 810 gemitum
874 750 1055 787 eorum
1071 732 1260 789 audiui,
1289 740 1335 783 et
1354 725 1823 781 desoendiliberare
1847 739 1947 776 eos.
1975 719 2042 773 Et
2064 738 2199 774 nunc

609 828 741 892 veni,
771 837 815 879 et
841 826 1034 879 mittam
1063 833 1116 876 te
1140 824 1189 874 in
1212 819 1520 889 .Egyptum.
1548 816 1699 880 Vide,
1730 814 1997 884 quomodo
2018 824 2200 867 osten-

610 918 700 970 dat
731 932 797 971 se
830 931 924 983 per
953 913 1208 967 beneficia
1231 952 1245 973 ,
1279 926 1375 979 per
1420 907 1678 977 supplicia
1724 914 1779 960 et
1816 919 1913 974 per
1943 902 2196 956 miracula

609 1010 807 1061 ducere
834 1006 971 1065 illos,
1001 1003 1072 1055 illi
1104 1017 1239 1055 vero
1254 1016 1468 1069 semper
1495 996 1653 1052 iidem
1682 1006 1855 1050 erant:
1885 993 2199 1048 Hine-disci»

612 1112 763 1161 mus,
796 1098 958 1149 Deum
991 1095 1188 1162 ubique
1216 1102 1533 1161 prazscntem
1560 1103 1702 1142 esse.
1732 1087 1855 1141 Ilaec
1893 1095 1948 1141 et
1978 1100 2075 1139 nos
2101 1100 2198 1138 au-

610 1188 841 1252 dientes,
869 1186 921 1238 In
950 1182 1325 1237 afﬂictionibus
1350 1179 1417 1233 ad
1448 1194 1571 1233 eum
1600 1176 1990 1245 confugiamus.
2017 1174 2085 1228 Et
2113 1190 2199 1244 ge-

610 1279 824 1340 mitum,
858 1276 1059 1345 inquit,
1100 1289 1269 1327 eorum
1314 1271 1505 1323 audivi.
1544 1268 1659 1324 Non
1688 1268 2002 1336 simpliciter
2029 1264 2193 1329 dixit,

610 1368 961 1432 Audiri;ssed,
982 1368 1200 1432 l‘r0pter
1224 1362 1574 1416 calamitates.
1604 1357 1755 1425 Quod
1786 1359 1829 1410 si
1859 1357 1979 1426 quis
2007 1354 2151 1408 dicat
2178 1370 2194 1408 :

614 1459 677 1512 l-It
705 1474 801 1512 cur
822 1459 937 1510 illos
963 1462 1043 1510 sic
1064 1455 1223 1523 affligi
1250 1450 1531 1521 permisit?
1557 1450 1755 1509 audiat,
1781 1448 1935 1503 etnn'r
1953 1448 2098 1516 justo
2119 1444 2212 1500 af--

609 1550 871 1604 nietiones
900 1562 1115 1607 causam
1148 1560 1268 1600 esse
1296 1543 1634 1613 prtemiorum
1668 1557 1681 1593 :
1712 1539 1795 1593 ve!
1826 1539 1946 1593 ideo
1972 1539 2093 1593 illos
2120 1537 2198 1590 af-

610 1642 715 1709 fligi
758 1639 1033 1708 permisit,
1085 1646 1144 1691 ut
1172 1638 1419 1691 virtutem
1462 1650 1611 1687 suum
1658 1632 1783 1686 hinc
1826 1631 2194 1701 splendentem

609 1730 923 1797 exhiberet,
969 1728 1193 1796 illosque
1229 1741 1323 1792 per
1353 1738 1618 1779 a'rumnas
1660 1724 1995 1786 institueret,
2044 1732 2099 1774 ut
2144 1722 2194 1774 in

607 1821 855 1873 omnibus
887 1817 1411 1888 philosopharentur.
1446 1814 1580 1869 Vide
1623 1828 1751 1883 ergo
1778 1829 1898 1867 cum
1931 1822 2114 1867 essent
2143 1814 2207 1866 in'

608 1912 852 1972 deserto,
897 1923 1004 1961 non
1046 1906 1203 1959 modo
1236 1905 1581 1975 impinguati,
1631 1903 1945 1967 incrasxati,
1991 1903 2193 1956 dilatati

608 2009 765 2064 sunt,
799 1998 891 2052 sed
938 1999 1097 2052 etiam
1130 1998 1529 2065 dertliquerunt
1577 1995 1755 2048 Deum.
1808 1992 2013 2062 Ubique
2055 1993 2195 2047 cnim

609 2091 769 2143 animi
800 2089 1043 2143 remissio
1066 2088 1260 2141 malum
1288 2098 1393 2153 est,
1420 2087 1632 2139 dilecte.
1661 2085 1783 2138 Ideo
1809 2086 1877 2138 ab
1899 2085 2049 2137 initio
2065 2085 2201 2137 dixit

612 2183 862 2235 Adamn:
912 2179 975 2232 In
1021 2180 1207 2233 sudore
1251 2179 1415 2231 vultus
1454 2178 1526 2228 tui
1564 2176 1791 2229 comedes
1831 2191 2010 2244 ponent
2058 2185 2198 2226 tuum

610 2270 763 2341 (Gen.
794 2271 846 2324 5.
869 2270 980 2340 I9).
1010 2270 1086 2324 Ne
1114 2270 1270 2339 igitur
1290 2284 1355 2322 cx
1380 2267 1669 2321 affliCtione
1691 2265 1852 2318 multa
1876 2266 1927 2316 in
1951 2278 2195 2333 magnam

611 2363 1046 2431 tranquillitatem
1077 2361 1383 2424 venientes,
1415 2359 1786 2413 contumeliosi
1828 2365 2043 2422 essent,
2077 2356 2199 2411 illos

608 2456 767 2523 allIigi
802 2452 1059 2523 permittit
1088 2470 1101 2507 :
1148 2468 1394 2522 magnum
1430 2452 1571 2505 enim
1602 2451 1797 2504 bonum
1838 2460 1921 2504 est
1955 2450 2195 2503 afﬂictio.

687 2548 976 2617 Amictionis
1006 2544 1429 2599 bouum.—Aud't
1470 2542 1719 2596 Duvidetn
1744 2543 2009 2596 dicentem
2044 2561 2057 2593 :
2091 2541 2195 2595 Bo-

613 2655 733 2692 num
762 2638 885 2690 mihi
926 2637 1046 2705 quia
1084 2634 1359 2689 Itumilia‘sti
1390 2650 1467 2687 me
1510 2632 1692 2705 (Psal.
1727 2632 1847 2687 118.
1881 2631 2005 2699 71).
2046 2630 2202 2697 ρυοό

614 2731 657 2783 si
690 2729 897 2797 magnis
921 2736 977 2781 et
1001 2726 1326 2780 admirandis
1352 2725 1487 2778 viris
1506 2740 1693 2792 magna
1724 2737 1813 2777 res
1839 2734 1921 2777 est
1945 2722 2196 2789 afﬂictio,

614 2822 781 2875 multo
808 2817 1178 2887 magisnobis.
1205 2814 1260 2869 Si
1293 2814 1487 2879 vultis,
1537 2815 1706 2883 ipsam
1751 2812 2092 2867 aﬂlictionem
2144 2812 2200 2868 in

618 2911 790 2980 seipsa
818 2907 1207 2961 examinenms.
1242 2905 1325 2958 Sit
1348 2904 1470 2973 quis
1500 2904 1739 2973 gaudens
1761 2944 1774 2967 ,
1806 2904 1960 2957 laetus
1985 2912 2039 2957 et
2065 2902 2199 2957 effu-

616 3018 708 3056 sus
732 3018 746 3065 ;
778 3001 902 3071 quid
931 2999 1139 3066 turpius
1164 3036 1179 3061 ,
1206 2997 1331 3065 quid
1362 2995 1696 3064 iusipientius
1723 2996 1848 3050 Illo?
1868 2996 1945 3051 Sit
1965 2997 2085 3067 quis
2106 2996 2212 3051 do-

613 3094 729 3149 lens
785 3098 841 3144 et
887 3102 1159 3151 atterens;
1204 3085 1329 3155 quid
1372 3084 1465 3139 illo
1511 3086 1679 3155 magis
1729 3086 2205 3156 pliilosophicum?

613 3182 815 3238 Idcirco
842 3178 1074 3249 Sapiens
1098 3176 1353 3231 admonet
1376 3216 1391 3240 ,
1423 3176 1609 3229 dicens
1642 3192 1655 3228 :
1690 3174 1879 3229 Melius
1903 3186 1975 3229 est
1996 3177 2199 3248 ingredi

611 3274 663 3327 in
690 3274 891 3326 domum
918 3270 1081 3323 luctus
1100 3308 1115 3331 ,
1146 3283 1294 3337 etiam
1322 3267 1375 3319 in
1401 3267 1607 3319 domum
1632 3266 1764 3320 risus
1793 3264 1995 3339 (Eccli.
2025 3270 2078 3323 7.
2107 3268 2199 3341 5).

614 3362 775 3417 Forte
816 3360 957 3415 dicta
1004 3356 1257 3412 irridetis.
1306 3356 1410 3412 Sed
1458 3356 1770 3422 videamus,
1819 3358 1994 3428 qualis
2041 3358 2208 3415 fuerit

614 3452 784 3507 Adam
835 3451 885 3504 in
932 3449 1215 3520 paradiso,
1262 3456 1316 3502 et
1359 3446 1532 3517 qualis
1578 3457 1761 3516 postea
1794 3462 1809 3501 :
1838 3450 2011 3517 qualis
2042 3449 2205 3508 fuerit

614 3543 743 3598 Cain
780 3550 939 3607 ante,
972 3540 1147 3611 qualis
1179 3546 1385 3609 postea.
1428 3537 1544 3592 Non
1572 3548 1677 3593 stat
1708 3540 1758 3592 in
1784 3554 1880 3594 sua
1910 3541 2039 3597 sede
2080 3544 2201 3597 ani-

614 3648 734 3689 mus
755 3672 773 3699 ,
813 3632 907 3686 sed
952 3630 1101 3700 quasi
1130 3645 1159 3682 a
1190 3628 1421 3699 quodam
1448 3640 1608 3683 vento
1637 3630 1897 3685 tollitur.a
1928 3633 2201 3703 voluptate

613 3723 826 3780 etIcvis
868 3722 1126 3788 efficitur,
1166 3721 1297 3776 nihil
1346 3720 1548 3775 habens
1591 3719 1826 3776 ﬁrmum.
1874 3722 2085 3778 Etenim
2132 3725 2201 3779 ad

616 3814 997 3887 promis-siones
1020 3822 1102 3867 est
1124 3811 1311 3878 facilis,
1338 3821 1393 3866 et
1424 3812 1493 3866 ad
1515 3812 1870 3881 pollicendum
1898 3826 2197 3885 promptus,

620 3919 675 3963 et
705 3922 892 3975 magna
916 3914 1000 3959 est
1024 3904 1425 3959 ratiociniorum
1458 3903 1748 3961 fluctuatio.
1780 3906 1915 3962 Hine
1940 3909 2079 3963 risus
2118 3911 2202 3964 in-

620 3997 1014 4065 tempestivus,
1070 3994 1250 4050 laetitia
1299 3995 1507 4049 ratione
1563 3995 1857 4061 destituta,
1913 3998 2197 4053 verborum

618 4103 807 4158 magna
835 4096 889 4141 et
917 4086 1179 4156 superﬂua
1201 4089 1495 4156 nugacitas.
1522 4086 1722 4154 Ecquid
1748 4086 1815 4140 de
1836 4086 1954 4141 aliis
1975 4086 2198 4157 loquor?

618 4183 693 4237 De
734 4192 1037 4237 sanctorum
1083 4178 1265 4248 aliquo
1309 4192 1559 4247 agamus,
1607 4178 2200 4250 videamusque..qualts

615 4276 686 4328 sit
714 4276 764 4328 in
790 4273 1063 4341 voluptate
1086 4312 1101 4336 ,
1128 4281 1183 4325 et
1208 4270 1381 4340 qualis
1421 4271 1471 4324 in
1505 4286 1762 4327 mcerore.
1815 4271 1988 4328 Vultis
2036 4273 2196 4327 Davi-

615 4365 737 4419 detn
764 4360 1199 4419 consideremus?
1230 4359 1361 4413 Cum
1409 4376 1537 4431 ergo
1584 4363 1676 4417 ille
1720 4363 1772 4416 in
1824 4354 2099 4432 voluptate
2142 4373 2198 4418 et

618 4456 797 4511 laetitia
827 4461 1133 4507 versaretur
1161 4465 1191 4502 a
1223 4450 1403 4505 multis
1434 4452 1650 4520 tropaeis
1671 4494 1685 4517 ,
1714 4467 1743 4505 a
1772 4453 2015 4518 victoria,
2047 4468 2075 4505 a
2099 4468 2195 4507 co-

616 4546 783 4611 ronis,
806 4558 835 4597 a
864 4543 1100 4607 deliciis,
1132 4556 1160 4593 a
1192 4539 1385 4595 ﬁducia
1413 4581 1426 4603 ,
1456 4540 1578 4595 vide
1603 4558 1720 4610 qua:
1747 4542 1945 4596 dixerit
1974 4552 2028 4597 et
2054 4542 2198 4598 fece-

614 4642 683 4697 rit
710 4656 725 4694 :
756 4637 863 4708 Ego
887 4646 1056 4689 autem
1075 4634 1182 4687 diti
1206 4634 1256 4686 in
1283 4632 1598 4686 abundantia
1630 4649 1759 4696 mea,
1802 4631 1924 4687 Non
1966 4633 2198 4687 movebar

614 4734 665 4783 in
698 4740 935 4785 (etei-num
966 4725 1144 4797 (Psal.
1173 4724 1265 4779 29.
1298 4725 1328 4778 7
1355 4724 1394 4794 ).
1427 4723 1561 4777 Cum
1594 4734 1771 4777 autem
1806 4726 1856 4777 in
1905 4723 2196 4779 afflictione

616 4821 741 4883 fuit,
772 4818 893 4873 audi
920 4818 1041 4885 quid
1069 4816 1211 4869 dicat
1239 4833 1252 4868 :
1286 4814 1349 4867 Et
1374 4816 1418 4868 si
1445 4816 1628 4868 dixerit
1655 4816 1799 4875 milii,
1829 4815 1990 4869 Nolui
2004 4827 2069 4881 te,
2084 4832 2197 4869 ecce

610 4925 740 4982 ego;
770 4909 923 4978 faciat
952 4907 1075 4960 mihi
1101 4906 1235 4972 quod
1263 4906 1503 4974 placitum
1527 4916 1599 4958 est
1620 4922 1791 4959 coram
1812 4907 1921 4973 ipso
1947 4906 2035 4977 (2.
2062 4908 2190 4977 Reg.

613 5004 700 5058 I5.
720 5001 793 5055 ‘26
814 5002 853 5069 ).
875 4998 1010 5065 Quid
1035 4996 1116 5050 his
1144 4996 1323 5051 verbis
1344 4997 1509 5064 magis
1543 4996 1965 5063 pbilosophicum
1984 4998 2006 5047 Ἰ
2028 4998 2194 5064 Quid-

612 5093 739 5161 qmd
768 5090 875 5145 Deo
904 5090 1066 5156 magis
1114 5094 1322 5155 gratum
1375 5084 1567 5148 fuerit,
1616 5086 1824 5154 inquit,
1875 5086 1925 5140 id
1972 5088 2081 5140 fiat.
2111 5090 2225 5142 .Et

613 5196 822 5239 rursum
865 5179 1009 5234 Sauli
1053 5176 1262 5231 dicebat
1289 5193 1302 5229 :
1333 5176 1392 5231 Si
1441 5188 1608 5230 autem
1649 5176 1789 5230 Deus
1830 5189 2104 5230 commovet
2147 5188 2194 5233 te

610 5284 785 5328 contra
816 5289 923 5335 me,
967 5268 1235 5323 odoratum
1277 5270 1340 5321 sit
1384 5270 1687 5336 sacriﬁcium
1727 5280 1867 5321 tuum
1915 5269 2007 5339 (1.
2057 5267 2185 5339 Reg.

614 5363 703 5417 26.
738 5362 863 5429 I9).
898 5360 965 5413 Et
994 5369 1118 5411 tunc
1143 5399 1157 5423 ,
1188 5372 1311 5411 cum
1347 5368 1491 5411 esset
1544 5358 1593 5411 in
1643 5358 1933 5413 afflictione
1959 5399 1973 5423 ,
2028 5360 2189 5414 etiam

617 5453 844 5509 inimicis
869 5450 1149 5519 parcebat;
1181 5459 1362 5520 postea
1389 5464 1515 5503 vero
1545 5464 1713 5519 neque
1753 5452 1936 5505 amicis
1961 5492 1977 5517 ,
2016 5466 2190 5520 neque

614 5545 679 5599 iis
698 5545 857 5613 quise
882 5540 1012 5595 nihil
1031 5542 1297 5594 Iazserant.
1320 5539 1525 5593 Rursus
1547 5538 1710 5595 Iacob
1731 5556 1850 5593 cum
1877 5543 1927 5595 in
1951 5556 2188 5595 azrumna

610 5642 751 5691 esset
776 5674 789 5696 ,
820 5631 1035 5686 dicebat
1062 5648 1074 5682 :
1108 5629 1168 5684 Si
1206 5630 1394 5683 dederit
1426 5629 1549 5682 mihi
1575 5628 1709 5683 Deus
1738 5648 1916 5697 panem
1943 5631 2011 5683 nd
2042 5648 2188 5684 man-

610 5730 895 5789 ducandum
951 5737 998 5787 ei
1025 5726 1365 5783 vestimentum
1386 5745 1483 5798 quo
1510 5726 1711 5798 operiar
1735 5728 1756 5799 (
1779 5727 1904 5782 Gen.
1932 5727 2021 5782 ‘28.
2046 5726 2115 5781 20
2143 5728 2183 5799 ).

1343 342 1398 400 8.
1431 290 1711 403 JO'iNNlIS
1744 334 2215 405 CIIRiSOSTOMI
2252 333 2569 393 ARCIHEP.
2611 336 3143 395 CONSTANI‘INOP.

3795 331 3901 386 13‘]

2304 450 2370 505 Et
2398 449 2538 503 illius
2566 448 2678 505 Noe
2703 460 2859 506 antea
2889 451 3018 505 nihil
3053 451 3159 507 tale
3188 449 3423 515 fecerat;
3465 449 3553 503 ιιιιί
3597 459 3779 504 autem
3829 456 3904 505 de

2303 539 2738 595 salute-conﬁsus
2767 551 2849 595 est
2867 583 2882 608 ,
2912 542 3063 596 audis
3088 558 3247 613 quam
3273 542 3691 597 contumeliosus
3724 542 3904 595 factus

2302 632 2393 685 sit.
2437 631 2503 685 Et
2548 631 2805 686 Ezechias
2841 648 2961 686 cmn
2990 635 3043 686 In
3068 634 3333 687 terumnis
3352 641 3527 694 esset,
3562 631 3685 686 vide
3714 634 3903 701 qualia

2303 736 2400 790 pro
2434 721 2607 775 salute
2635 722 2820 775 fecerit
2848 739 2860 772 :
2889 738 3102 777 sacenm
3132 724 3276 777 enim
3309 722 3508 789 induit,
3552 732 3607 777 et
3650 724 3701 776 in
3753 732 3903 778 terra

2302 811 2481 876 sedit;
2509 811 2596 865 ubi
2618 800 2799 867 autem
2830 813 2882 865 in
2907 812 3181 882 voluptate
3207 812 3335 876 fuit,
3369 815 3564 869 cecidit
3612 830 3721 884 prae
3772 814 3903 869 alti-

2302 903 2490 959 tudine
2536 904 2716 958 cordis
2761 904 2865 959 sui.
2921 904 3046 958 Ideo
3098 904 3311 974 Moyses
3334 905 3627 971 admonet,
3661 905 3849 960 dicens
3884 922 3903 959 :

2302 994 2427 1048 Cum
2452 996 2729 1049 eoinederis
2749 1005 2795 1049 et
2826 997 3007 1049 biberis
3030 1004 3079 1051 et
3108 1006 3363 1050 saturatas
3392 998 3584 1067 [uer-is,
3629 996 3908 1051 recordare

2302 1083 2513 1139 Domini
2540 1084 2637 1139 Dei
2665 1089 2740 1137 tui
2768 1086 2786 1155 (
2812 1084 2961 1139 Deut.
2983 1086 3036 1140 6.
3070 1086 3193 1153 12).
3214 1085 3459 1155 Pra'ceps
3481 1096 3565 1139 est
3583 1088 3726 1140 cnim
3746 1086 3907 1141 locus

2302 1175 2617 1230 deliciarum
2637 1218 2665 1243 ,λ
2704 1185 2759 1231 et
2788 1177 3113 1232 oblivionem
3141 1177 3233 1232 Dei
3266 1178 3487 1231 inducit.
3524 1177 3658 1231 Cum
3687 1178 3906 1247 afﬂige-

2302 1277 2491 1320 rentur
2525 1266 2826 1333 lsraeliue',
2876 1268 3046 1322 multo
3090 1269 3271 1337 plures
3314 1277 3504 1331 erant;
3552 1283 3674 1322 cum
3716 1279 3903 1321 autem

2303 1358 2426 1412 iltos
2452 1356 2775 1421 dimitteret,
2810 1365 2937 1411 tunc
2965 1374 3154 1413 omnes
3184 1359 3458 1425 peribant-
3478 1358 3544 1412 Et
3578 1374 3693 1412 cnr-
3716 1370 3903 1413 vetera

2302 1447 2546 1516 exempla
2574 1446 2777 1501 τίσει-οἳ
2802 1446 2881 1501 Ex
2909 1448 3063 1502 nobis
3094 1447 3224 1516 ipsis
3252 1448 3557 1512 videamus,
3604 1449 3647 1501 si
3701 1448 3901 1517 placet.

2304 1538 2387 1592 Ex
2411 1538 2608 1593 nostris
2642 1538 2854 1606 plurimi
2883 1538 2934 1591 in
2960 1538 3120 1592 rebus
3149 1539 3425 1609 prosperis
3453 1538 3740 1599 inflantur,
3773 1554 3903 1590 om-

2305 1629 2460 1682 nibus
2491 1629 2727 1693 inimici,
2757 1627 3033 1695 iracundi,
3063 1629 3186 1683 dum
3232 1638 3493 1698 potestate
3542 1629 3763 1693 valent;
3802 1645 3903 1682 su—

2302 1719 2443 1772 blata
2473 1734 2607 1773 vero
2635 1728 2899 1789 potestate
2919 1759 2936 1785 ,
2969 1720 3231 1774 mansueti
3259 1733 3405 1785 sunt,
3437 1720 3686 1781 humiles,
3717 1722 3901 1782 mites,

2304 1812 2358 1863 in
2382 1821 2586 1864 natura:
2615 1826 2723 1865 aute
2750 1813 3127 1881 cogitationem
3154 1814 3393 1867 veniunt.
3424 1813 3575 1880 Quod
3615 1828 3701 1867 res
3732 1813 3806 1867 ita
3842 1830 3906 1868 se

2302 1901 2499 1956 habeat
2522 1942 2537 1966 ,
2564 1904 2799 1958 ostendit
2831 1904 2992 1959 David
3016 1944 3029 1970 ,
3062 1904 3251 1959 dicens
3279 1923 3291 1958 :
3330 1905 3512 1958 Tenuit
3537 1922 3622 1959 eos
3661 1907 3905 1973 superbia

2302 1987 2354 2039 in
2409 1987 2560 2054 ﬁnem
2602 2002 2619 2039 :
2669 1988 2897 2056 prodibit.
2935 1992 3082 2057 (prosi
3126 2004 3189 2042 ex
3234 1989 3392 2056 adipe
3437 1989 3674 2055 iniquitas
3723 2007 3905 2042 eorum

2305 2076 2491 2145 (Psal.
2522 2077 2608 2130 7‘2.
2643 2078 2695 2131 6.
2730 2077 2821 2148 7).
2857 2077 2980 2131 [hoc
3004 2094 3034 2131 a
3065 2094 3151 2133 me
3180 2079 3321 2133 dicta
3349 2089 3474 2133 sunt
3497 2119 3513 2145 ,
3545 2087 3603 2132 nt
3632 2094 3699 2133 ne
3719 2080 3903 2133 omni-

2304 2168 2405 2221 bus
2428 2168 2599 2221 modis
2618 2170 3219 2238 gaudiumquzeramus.
3252 2171 3316 2223 Et
3339 2171 3628 2239 quomodo,
3661 2172 3901 2240 inquies,

2303 2260 2379 2313 ait
2415 2260 2613 2313 Paulus
2645 2279 2672 2313 ι
2705 2260 2935 2314 Gaudete
2976 2278 3173 2331 semper
3213 2260 3487 2333 (Philipp.
3520 2262 3574 2316 ι.
3608 2264 3641 2316 4
3669 2262 3726 2328 )?
3779 2262 3902 2317 Non

2303 2350 2619 2418 simpliciter
2644 2351 2817 2417 dixit,
2849 2352 3094 2407 Gaudete
3114 2392 3128 2417 ,
3163 2352 3260 2407 sed
3286 2353 3523 2419 addidit,
3552 2352 3620 2408 In
3650 2354 3898 2411 Domino.

2375 2443 2427 2497 4.
2454 2440 2708 2496 Gaudium
2725 2444 2979 2513 quodnam
2997 2446 3061 2498 sit
3084 2444 3483 2500 bonum.-lloc
3500 2447 3790 2500 maximum
3817 2459 3905 2502 est

2303 2533 2592 2603 gaudium;
2626 2536 2717 2588 tali
2758 2535 3058 2604 gaudebant
3104 2540 3367 2606 apostoli;
3400 2537 3655 2606 gaudium
3691 2540 3901 2593 lucrum

2305 2625 2535 2679 aﬂ‘erens
2572 2642 2585 2679 :
2616 2625 2756 2695 quod
2783 2640 2815 2679 a
2835 2627 3171 2692 carceribus,
3201 2642 3230 2679 a
3260 2626 3437 2697 ﬂagris
3458 2668 3473 2693 ,
3517 2643 3546 2682 a
3594 2644 3899 2699 persequu-

2306 2716 2575 2781 tionibus,
2610 2731 2649 2770 at
2672 2718 2809 2770 mala
2847 2716 2997 2770 fama
3013 2728 3069 2773 et
3097 2734 3124 2771 a
3155 2719 3397 2773 tristibus
3428 2721 3648 2774 omnino
3693 2722 3900 2790 princi-

2306 2807 2449 2874 ptum
2472 2814 2535 2875 \et
2576 2807 2819 2868 radicem
2849 2807 3010 2862 habet
3053 2818 3105 2863 et
3152 2810 3488 2864 occasionem
3522 2829 3535 2864 :
3568 2811 3709 2866 unde
3746 2823 3801 2867 et
3847 2814 3902 2868 in

2306 2884 2507 2951 bonum
2536 2896 2697 2953 [litem
2725 2900 2990 2968 pervenit.
3021 2898 3285 2954 Gaudium
3315 2916 3442 2956 vero
3468 2902 3652 2957 mundi
3696 2918 3854 2958 secus
3886 2923 3902 2959 :

2307 2991 2496 3061 incipit
2543 2995 2689 3047 enim
2736 3008 2766 3046 a
2816 2993 3105 3059 suavibus,
3149 2993 3455 3064 desinitque
3504 2996 3556 3049 in
3606 2996 3901 3051 tristitiam.

2306 3079 2491 3149 Neque
2535 3096 2636 3149 ego
2686 3082 2944 3150 prohibeo
2991 3082 3225 3153 gaudere
3270 3085 3321 3138 in
3371 3084 3633 3151 Domino,
3689 3086 3800 3140 imo
3842 3088 3901 3142 id

2306 3168 2463 3225 valde
2491 3169 2779 3224 admoneo.
2813 3169 3247 3240 Flagellabantur
3283 3175 3545 3241 apostoli,
3593 3183 3649 3229 et
3693 3177 3903 3246 gaude-

2307 3259 2472 3324 bant;
2505 3260 2893 3325 vinciebantur,
2912 3273 2965 3317 et
2990 3262 3189 3333 gratias
3213 3264 3468 3339 agebant;
3501 3264 3901 3335 lapidabantur,

2305 3362 2359 3407 et
2384 3353 2767 3422 praedicabant.
2797 3353 2909 3409 Iloc
2934 3362 2991 3409 et
3019 3370 3120 3424 ego
3156 3355 3317 3411 velim
3362 3356 3616 3426 gaudium
3646 3375 3660 3409 :
3694 3359 3839 3427 quod
3872 3375 3906 3415 ι

2308 3445 2456 3500 nullo
2484 3445 2756 3514 corporali
2802 3446 3008 3500 initium
3053 3446 3282 3513 haheat,
3319 3447 3485 3503 seda
3533 3448 3907 3519 spiritualibus

2306 3542 2490 3596 rebus.
2520 3540 2638 3595 Non
2680 3550 2851 3611 potest
2897 3540 2997 3610 qui-
3028 3542 3320 3595 secundum
3367 3540 3627 3596 mundum
3669 3544 3903 3613 gaudet,

2306 3632 2466 3686 simul
2490 3642 2545 3687 et
2572 3632 2867 3687 secundum
2902 3632 3067 3687 Deum
3094 3633 3327 3702 gaudere
3360 3649 3374 3685 :
3407 3634 3583 3688 omnis
3607 3636 3751 3688 enim
3772 3677 3788 3700 ,
3812 3637 3902 3703 qui

2304 3723 2596 3778 secundum
2621 3724 2874 3778 mundum
2904 3723 3137 3792 gaudet,
3182 3722 3250 3777 de
3290 3723 3491 3777 divitiis
3536 3724 3779 3793 gaudet,
3834 3726 3903 3782 de

2309 3816 2621 3884 voluptate,
2653 3815 2721 3870 de
2766 3814 2967 3885 gloria,
3011 3816 3079 3870 de
3127 3817 3396 3885 potentia,
3443 3816 3512 3871 de
3556 3820 3901 3887 arrogantia;

2304 3906 2392 3975 qui
2443 3921 2573 3960 vero
2602 3906 2906 3959 secundum
2956 3905 3160 3971 Deum,
3217 3905 3286 3961 de
3340 3907 3626 3977 ignominia
3680 3919 3905 3978 propter

2305 3996 2491 4059 illtnn,
2544 3996 2611 4049 de
2656 4004 3008 4065 paupertate,
3054 3995 3121 4050 de
3172 3996 3381 4065 inopia,
3433 3995 3503 4051 de
3541 3996 3786 4066 jejunio,
3835 4001 3903 4057 de

2305 4088 2623 4143 humilitate.
2651 4087 2839 4143 Vidbn’
2864 4104 3020 4159 quam
3048 4092 3315 4143 contraria
3345 4093 3703 4161 argumenta?
3732 4093 3903 4159 Quot-

2302 4190 2432 4250 quot
2466 4180 2552 4233 hic
2581 4188 2730 4233 extra
2758 4180 3009 4249 gaudium
3034 4188 3195 4244 sunt,
3222 4191 3370 4233 extra
3404 4195 3699 4235 tnmrorent
3731 4193 3897 4247 sum;

2303 4281 2357 4326 et
2385 4279 2646 4341 quotquot
2676 4278 2823 4324 extra
2852 4285 3161 4336 mmrorem,
3189 4280 3315 4325 sunt
3338 4272 3501 4326 etiam
3549 4281 3699 4327 extra
3743 4273 3897 4328 volu-

2305 4376 2526 4435 ptatcm.
2558 4363 2624 4417 Et
2649 4377 2835 4417 revera
2863 4362 2976 4416 hzec
3006 4370 3151 4427 sunt,
3180 4378 3300 4431 qua:
3327 4378 3513 4417 verum
3540 4363 3796 4433 gaudium
3818 4364 3894 4417 fa-

2302 4456 2490 4520 ciunt,
2522 4453 2771 4523 quoniam
2805 4452 2894 4505 illa
2925 4467 3118 4506 nomen
3171 4460 3377 4505 tantum
3426 4452 3603 4522 gaudii
3649 4451 3895 4519 habent,

2306 4556 2473 4599 totum
2495 4552 2669 4598 autem
2698 4543 3006 4597 inmterore
3030 4543 3189 4596 situm
3217 4552 3317 4596 est.
3349 4543 3617 4609 Quantum
3645 4545 3895 4599 maeroris

2305 4636 2465 4693 habet
2491 4635 2791 4706 arrogans?
2821 4642 3077 4704 quantum
3108 4634 3432 4703 pnepeditur
3459 4635 3585 4689 dum
3630 4652 3893 4707 arrogan-

2305 4742 2384 4784 ter
2430 4729 2583 4800 agit?
2633 4727 2774 4781 Mille
2824 4726 2925 4781 sibi
2979 4734 3133 4794 parat
3182 4726 3576 4791 contumelias,
3634 4742 3890 4797 magnum

2301 4822 2525 4885 odium,
2568 4834 2813 4889 magnam
2863 4816 3233 4881 inimicitiam,
3285 4816 3543 4871 invidiam
3589 4816 3888 4887 ingentem.

2301 4912 2433 4966 Nam
2464 4913 2508 4965 si
2540 4926 2567 4963 a
2598 4910 2889 4979 majoribus
2920 4908 3236 4962 contumelia
3270 4907 3565 4973 afficiatur,
3607 4907 3791 4966 dolet:
3844 4910 3887 4965 si

2302 5018 2407 5056 non
2436 5011 2619 5057 contra
2650 5014 2841 5054 omnes
2870 5000 3144 5068 insurgat,
3173 4999 3467 5055 mordetur.
3499 4999 3728 5055 Humilis
3758 5017 3892 5058 vero

2302 5094 2351 5145 in
2382 5094 2544 5147 multa
2575 5103 2659 5146 est
2684 5090 2977 5159 voluptate,
3001 5105 3031 5143 a
3065 5090 3210 5145 nullo
3239 5091 3498 5145 honorem
3526 5103 3885 5159 exspectans:

2299 5184 2343 5237 si
2372 5184 2687 5247 utmoretur,
2718 5180 2946 5249 gaudet;
2974 5180 3017 5234 si
3047 5195 3151 5235 ItOn
3184 5182 3510 5245 honoretur,
3541 5195 3649 5235 non
3700 5182 3880 5249 dolet,

2300 5276 2404 5328 imo
2430 5274 2625 5345 gaudet
2662 5272 2803 5343 quod
2835 5288 2937 5327 non
2970 5273 3259 5328 honoratus
3305 5272 3375 5326 sit
3404 5273 3444 5325 ⁸.
3480 5273 3661 5342 Itaque
3709 5274 3881 5329 Itono-

2298 5380 2410 5419 rem
2458 5380 2561 5419 non
2603 5380 2843 5435 qnzcrerc
2877 5374 2929 5419 et
2959 5364 3247 5429 honorari,
3279 5364 3329 5417 id
3362 5379 3607 5434 magnam
3639 5365 3883 5435 volupta-

2300 5464 2402 5509 tem
2435 5456 2591 5525 parit.
2622 5455 2732 5510 Illic
2764 5470 2891 5510 vero
2917 5456 3245 5509 contrarium
3272 5456 3499 5521 accidit;
3544 5457 3740 5527 qua-rit
3783 5456 3879 5511 ho-

2360 5613 2379 5679 *_
2415 5610 2635 5679 Dounaeo
2658 5611 3050 5679 inversionem
3071 5608 3395 5679 Graecamhtc
3417 5618 3675 5679 immutare
3702 5609 3878 5679 placet,

2293 5674 2846 5786 :Il‘lg‘iltgfyl‘eullone
2871 5672 3141 5737 tegendum
3161 5674 3261 5735 sit,
3286 5672 3381 5723 imo
3405 5672 3521 5725 satis
3544 5674 3691 5725 Ιυευεε
3708 5672 3770 5722 si
3792 5683 3885 5721 nm

2313 5749 2374 5785 λιιι
2452 5750 2489 5783 II'
2553 5750 2569 5781 ι
2601 5773 2616 5786 .
