4088 6326
227 379 324 434 131

229 493 355 560 ruta
375 486 468 542 τοῦ
498 487 767 560 Χριστοῦ.
815 489 1003 561 Πολλῷ
1045 490 1495 561 θαυμασιώτερον
1533 489 1696 542 τοῦτο
1732 488 1832 542 τοῦ

219 583 389 636 τόπου
447 581 504 633 6v
535 584 651 644 τοίς
691 581 896 648 Ἀγίοις
920 582 1030 635 τῶν
1061 580 1235 642 ἁγίων
1259 599 1272 612 ·
1301 582 1418 634 ἐκεῖ
1461 581 1572 651 γάρ
1597 577 1835 648 οὐδαμοῦ

221 666 402 733 ἐφάνη
431 662 607 726 οὕτως
633 667 662 717 6
689 664 846 728 Θεὸς,
876 663 1118 734 οὐδαμοῦ
1145 664 1319 727 οὕτως
1349 665 1612 735 ἔντρομος
1641 664 1834 732 γέγονε

220 751 491 821 Μωὺσῆς.
519 746 675 813 Εἶδες
702 751 801 821 τὴν
847 750 1296 821 φιλανθρωπίανς
1334 753 1480 821 Ὀρα
1515 750 1703 803 λοιπὸν
1738 749 1834 802 καὶ

217 837 328 907 τὴν
381 834 736 905 κηδεμονίαν.
795 832 954 886 Ἰδὼν
982 829 1196 886 εἶδον-α
1250 833 1365 899 τὴν
1407 833 1680 885 κάκωσιν
1725 830 1833 885 τοῦ

217 920 382 974 ,λαοῦ
407 937 549 987 μου,
574 917 728 986 φησὶ,
762 916 868 969 τοῦ
891 917 963 970 ἐν
981 917 1284 985 Αἰγύπτῳ,
1308 914 1407 968 καὶ
1441 915 1546 968 τοῦ
1580 929 1834 981 στενατο

213 1009 343 1075 μοῦ
361 1004 562 1061 αὐτῶν
581 1003 842 1072 ἥκουσα,
894 1002 994 1055 καὶ
1039 1003 1303 1068 κατέϐην
1352 1001 1672 1065 ἐξελέσθαι
1724 1001 1832 1054 αὺο

217 1091 390 1154 τούς.
423 1087 527 1140 Καὶ
555 1086 672 1139 νῦν
692 1084 893 1152 δεῦρο,
919 1084 1263 1138 ἀποστείλω
1292 1101 1367 1136 σε
1393 1085 1482 1148 εἰς
1501 1084 1827 1150 Αἴγυπτον.

220 1171 397 1240 Ὅρα,
431 1169 549 1231 πῶς
574 1168 866 1233 δείκνυσιν,
896 1169 977 1219 ὅτι
1009 1166 1104 1219 καὶ
1149 1166 1214 1218 δι’
1238 1165 1597 1234 εὐεργεσιῶν,
1626 1164 1832 1240 καὶλδιὰ

219 1236 504 1304 κολάσεων
555 1251 648 1302 καὶ
670 1249 758 1302 διά
795 1249 1090 1318 θαυμάτων
1138 1249 1373 1316 ἐπήγετο
1421 1247 1650 1305 αὑτούς·
1694 1236 1756 1299 οΡ
1774 1247 1829 1298 δὲ

215 1335 275 1388 οἱ
301 1334 459 1386 αὑτοὶ
491 1330 655 1403 ἦσαν.
695 1331 884 1394 Οὕτως
912 1331 1162 1384 ἐντεῦθεν
1188 1332 1554 1400 μανθάνομεν,
1577 1331 1658 1382 ὃτι
1693 1347 1829 1381 παν-

214 1420 395 1491 ταχοῦ
433 1422 688 1491 πάρεστιν
715 1421 744 1471 ὁ
772 1419 922 1480 Θεός.
951 1417 1140 1470 Ταῦτα
1177 1417 1466 1480 ἀκούοντες
1487 1460 1502 1482 ,
1549 1417 1645 1469 καὶ
1667 1419 1829 1487 ἡμεῖς

216 1506 282 1557 ἐν
321 1507 443 1566 ταῖς
470 1503 683 1572 θλίψεσι
711 1502 848 1574 πρὸς
875 1501 1037 1555 αὑτὸν
1087 1502 1547 1570 καταφεύγωμεν.
1577 1503 1686 1554 Καὶ
1721 1500 1828 1554 τοῦ

218 1590 571 1658 στεναγμοῦ
591 1590 701 1659 γὰρ
729 1587 947 1650 αὐτῶν,
993 1590 1180 1657 φησὶν,
1209 1589 1470 1656 ἤκουσα.
1495 1589 1607 1657 Οὑχ
1639 1587 1829 1652 ἁπλῶς

217 1669 709 1737 εἶπεν,’ῙΙιιουσα,
734 1671 889 1736 ἀλλά,
923 1671 1011 1722 διά
1039 1671 1140 1732 τὰς
1174 1670 1465 1741 συμφοράς
1499 1670 1550 1724 δ.
1583 1671 1644 1721 El
1665 1669 1720 1721 δέ
1743 1686 1827 1733 τις

216 1756 407 1824 λέγοι,
445 1757 555 1809 Καὶ
586 1756 731 1816 τίνος
782 1753 965 1806 ἕνεκεν
990 1763 1012 1792 ο
1066 1754 1264 1816 αὑτοὺς
1297 1753 1450 1806 εῐασε
1506 1751 1828 1821 κακωθῆναι

215 1841 435 1904 οὓτωςς
468 1841 734 1901 ἀκουέτω,
769 1839 851 1892 δτι
893 1838 1129 1907 μάλιστα
1167 1838 1268 1908 μὲν
1301 1833 1396 1891 οῦν
1436 1839 1601 1891 παντὶ
1629 1837 1827 1907 δικαίῳ

215 1926 279 1977 αῖ
314 1924 586 1986 κακώσεις
619 1925 786 1976 arma:
821 1922 1031 1991 μισθῶν
1051 1923 1297 1988 γίνονται
1325 1936 1339 1950 ·
1367 1921 1400 1991 ἢ
1435 1921 1528 1974 καὶ
1551 1921 1638 1973 διά
1666 1919 1827 1972 τοῦτο

216 2009 424 2070 αὐτοὺς
451 2006 632 2075 ἀφῆκε
668 2003 994 2066 κακοῦσθαι,
1034 2005 1122 2057 ἵνα
1155 2004 1255 2074 τὴν
1278 2002 1446 2056 αὑτοῦ
1469 2002 1702 2070 δύναμιν
1730 2003 1826 2055 καὶ

216 2089 477 2142 ἐντεῦθεν
505 2088 652 2159 δείξῃ
683 2087 1120 2156 διαλάμπουσαν,
1163 2084 1452 2147 κάκείνους
1484 2084 1552 2136 δι’
1585 2077 1661 2137 ὧν
1695 2087 1826 2137 ἐκα-

215 2171 417 2224 κοῦντο
448 2175 528 2234 είς
569 2171 748 2223 πάντα
798 2167 1067 2240 παιδεύσῃ
1109 2167 1446 2234 φιλοσοφεῖν.
1477 2167 1622 2237 Ὅρα
1667 2166 1822 2232 γοῦν,

213 2256 310 2310 ὅτε
342 2251 484 2327 ἦσαν
525 2257 583 2307 ἐν
607 2256 673 2323 τῇ
719 2254 934 2324 ἐρήμῳ,
970 2253 1033 2305 οὑ
1071 2251 1231 2321 μόνον
1267 2250 1655 2319 ἐλιπάνθησαν,
1685 2250 1822 2302 ἐπα-

216 2341 516 2412 χύνοησαν,
548 2335 986 2405 ἐπλατύνθησαν,
1033 2335 1169 2388 ἀλλά
1204 2334 1301 2388 καὶ
1338 2335 1703 2402 ἐγκατέλιπον
1731 2334 1824 2388 16v

215 2423 374 2475 Θεόν.
415 2419 699 2490 Πανταχοῦ
731 2419 840 2490 γὰρ
865 2420 898 2490 ἡ
937 2418 1143 2481 ἀνεσις,
1181 2418 1436 2486 ἀγαπητέ
1460 2459 1474 2483 ,
1504 2418 1697 2472 κακόν.
1724 2417 1825 2471 Διά

216 2505 382 2560 τοῦτο
407 2505 499 2557 καὶ
527 2503 589 2568 ἐξ
608 2506 784 2574 ἀρχῆς
805 2502 884 2573 τῷ
909 2501 1080 2572 Ἀδὰμ
1101 2501 1286 2570 ἔλεγεν
1314 2518 1326 2531 ·
1367 2503 1472 2555 Ἐν
1492 2499 1688 2570 ἱδρῶτι
1714 2501 1824 2555 τοῦ

215 2590 551 2658 προσώπου
572 2608 690 2643 σου
717 2590 880 2658 φάγῃ
909 2589 1017 2642 τεν
1037 2589 1222 2657 ἄρτον
1244 2605 1382 2642 σου.
1410 2589 1530 2642 ’Ὶνα
1554 2589 1734 2642 τοίνυν
1758 2589 1824 2642 ἐκ

214 2671 321 2743 τῆς
338 2673 541 2742 πολλῆς
563 2673 860 2733 κακώσεως
883 2675 963 2735 είς
978 2671 1161 2726 ἀνεσιν
1177 2671 1421 2734 ἐλθόντες
1439 2672 1514 2742 μὴ
1533 2671 1820 2743 ὑϐρίσωσι,

217 2755 499 2810 θλίϐεσθαι
528 2755 722 2817 αὑτοὺς
737 2757 1030 2825 συγχωρεῖ·
1058 2754 1199 2824 μέγα
1226 2755 1334 2824 γὰρ
1354 2757 1387 2824 ἡ
1405 2755 1582 2824 θλῖψις
1595 2755 1820 2823 ἀγαθόν.

292 2850 405 2902 Kal
437 2848 763 2916 ὅτιάγαθὸν,
797 2850 965 2902 ἀκουε
1004 2847 1100 2901 τοῦ
1134 2847 1298 2902 Δαυῒδ
1331 2847 1581 2917 λέγοντος
1603 2865 1615 2878 ·
1653 2851 1823 2918 Ἀγα-

215 2932 329 2987 θόν
362 2949 468 3001 μοι
520 2933 609 2984 ὅτι
655 2931 1068 2995 ἐταπείνωσάς
1083 2949 1180 3000 με.
1222 2933 1284 2985 El
1311 2931 1367 2984 66
1409 2933 1520 2994 τοῖς
1564 2933 1823 3001 μεγάλοις

215 3015 316 3068 καὶ
337 3014 678 3086 θαυμαστοῖς
716 3015 942 3086 ἀνδράσι
974 3016 1118 3086 μέγα
1153 3015 1410 3085 ἡθλῖψις,
1455 3014 1636 3084 πολλῷ
1687 3016 1822 3086 μᾶλ-

213 3096 308 3150 λον
344 3099 497 3168 ἡμῖν.
543 3097 606 3150 Εῑ
643 3095 899 3166 βούλεσθε
925 3097 1004 3160 δὲ,
1035 3098 1128 3150 xal
1163 3096 1334 3168 αὑτὴν
1371 3097 1456 3164 ἐφ’
1496 3097 1699 3166 ἐαυτῆς
1722 3095 1821 3166 τὴν

219 3178 408 3248 θλῖψιν
445 3177 601 3250 [152]
631 3179 1002 3249 ἐξετάσωμεν.
1047 3179 1229 3232 Ἔστω
1262 3196 1348 3242 τις
1378 3179 1586 3250 χαίρων
1613 3179 1820 3250 σφόδρα

215 3261 312 3314 καὶ
344 3260 594 3330 γεγηθὼς
621 3262 715 3314 καὶ
741 3261 1091 3332 διαχεόμενος
1109 3275 1124 3290 ⁸
1160 3261 1212 3313 τί
1246 3262 1742 3332 ἀσχημονέστερον,
1765 3262 1819 3314 τί

215 3345 575 3414 ἀνοητότερον
612 3343 837 3409 τούτους
875 3342 1059 3396 Ἔστω
1089 3361 1172 3406 τις
1202 3345 1384 3410 ἀλγῶν
1430 3345 1522 3398 καὶ
1552 3344 1777 3415 ἀθυμῶν
1801 3363 1816 3378 ο

211 3421 274 3476 τί
303 3419 496 3474 τούτου
545 3419 1010 3492 φιλοσοφώτερον;
1064 3423 1162 3474 Διά
1211 3422 1372 3475 τοῦτο
1418 3423 1602 3476 καὶ·δ
1656 3423 1817 3492 σοφὸς

214 3507 479 3574 ¹νοιιραινεῖ
518 3502 730 3572 λέγων·
784 3502 1065 3570 Κρεῖττον
1106 3505 1194 3569 είς
1242 3504 1439 3557 οὶκίαν
1481 3503 1509 3544 ἀ
1554 3505 1818 3573 πένθους

212 3587 536 3651 εισελθεῖν,
562 3587 600 3654 ἢ
629 3589 716 3652 είς
749 3587 950 3640 οὶκίαν
974 3587 1251 3656 γέλωτος.
1297 3587 1451 3657 Τάχα
1489 3589 1581 3640 καὶ
1609 3589 1818 3658 διαμω·

218 3669 391 3722 κεῖσθε
428 3669 499 3721 τά
537 3669 827 3738 λεγόμενα.
889 3667 1036 3738 Πλὴν
1078 3668 1298 3736 ἴδωμεν,
1335 3665 1446 3732 οἶος
1491 3665 1559 3738 ἦν
1586 3671 1614 3721 6
1647 3672 1818 3741 Ἀδὰμ

213 3754 276 3804 ἐν
310 3751 646 3823 παραδείσῳ,
682 3750 773 3803 καὶ
815 3745 928 3808 οἷος
987 3753 1126 3822 μετά
1156 3749 1328 3802 ταῦτα
1359 3746 1426 3821 ἦν
1452 3767 1464 3780 ·
1515 3746 1624 3815 οἷος
1671 3748 1739 3822 ἦν
1791 3757 1819 3807 6

216 3835 361 3888 Κάῖν
424 3835 531 3901 πρὸ
579 3834 794 3897 τούτου,
848 3833 946 3886 καὶ
989 3828 1097 3896 οἷος
1136 3828 1204 3902 ἦν
1255 3833 1394 3902 μετά
1445 3830 1637 3887 ταῦτα.
1704 3835 1817 3905 Οὑχ

211 3925 450 3994 Ξστηκεν
479 3925 573 3977 ἐπὶ
622 3924 723 3994 τῆς
776 3923 980 3984 οἰκείας
1024 3923 1186 3992 ἕδρας
1227 3924 1260 3992 ἡ
1287 3922 1452 3992 ψυχὴ,
1483 3922 1598 3976 ἀλλ’
1624 3922 1815 3996 ὥσπερ

211 4017 323 4070 ὑπό
359 4032 502 4078 τινος
544 4015 856 4084 πνεύματος
885 4015 1098 4084 αἴρεται
1132 4011 1234 4082 τῆς
1279 4013 1474 4084 ἡδονῆς
1498 4014 1592 4068 καὶ
1619 4016 1816 4082 κουφί-

211 4109 391 4173 ζεται,
413 4107 565 4158 οὐδὲν
600 4105 796 4174 ἔχουσα
832 4104 1066 4173 βέϐαιον.
1100 4104 1208 4156 Kal
1239 4104 1346 4173 γάρ
1391 4105 1485 4157 καὶ
1532 4105 1670 4174 πρὸς
1719 4107 1817 4178 61:;-

211 4189 477 4258 αγγελίας
533 4189 684 4240 ἐστὶν
729 4186 970 4249 εῦκολος,
1011 4186 1273 4255 καὶπρὸς
1300 4187 1623 4255 ὑποσχέσεις
1680 4187 1817 4258 πρό-

210 4288 423 4344 χειρος,
454 4272 551 4324 καὶ
579 4269 746 4332 πολὺς
773 4269 802 4322 6
850 4269 1009 4331 σάλος
1036 4267 1146 4320 τῶν
1192 4268 1488 4337 λογισμῶν.
1534 4270 1816 4323 Ἐντεῦθεν

210 4357 447 4424 ἄκαιρος
471 4353 666 4421 γέλως,
701 4351 992 4422 φαιδρότης
1027 4351 1128 4404 οὑκ
1180 4351 1378 4419 ἔχουσα
1424 4349 1601 4419 λόγον,
1641 4353 1816 4422 ῥημά-

209 4455 321 4491 των
365 4436 522 4497 ὕθλος
557 4434 723 4497 πολὺς
774 4436 865 4488 καὶ
905 4433 1179 4496 περιττός.
1232 4433 1341 4485 Kal.
1385 4432 1438 4484 τί
1498 4433 1644 4500 λέγω
1688 4436 1815 4498 τοὺς

209 4520 446 4582 ἄλλουςς
477 4518 600 4570 Τῶν
639 4517 810 4584 ἀγίων
835 4517 931 4569 ἕνα
960 4514 1461 4584 προχειρισώμεθα,
1494 4516 1588 4566 καὶ
1617 4515 1814 4583 ἴδωμεν

209 4602 297 4664 τίς
339 4601 442 4672 μὲν
474 4595 541 4668 ἦν
569 4603 626 4654 6v
661 4600 820 4670 ἡδονῇ
856 4596 987 4664 ζῶν,
1030 4598 1114 4660 τίς
1164 4597 1221 4650 δὲ
1273 4596 1434 4649 πάλιν
1478 4600 1537 4649 ἐν
1582 4597 1810 4670 ἀθυμίᾳ.

210 4682 485 4737 Βούλεσθε
503 4679 597 4735 οὑν
623 4682 714 4734 τὸν
743 4679 907 4735 Δαυῒδ
935 4680 1135 4749 ῐδωμεν
1158 4696 1176 4746 ;
1216 4679 1344 4731 Ὅτε
1367 4678 1546 4732 τοίνυν
1574 4675 1725 4743 οὗτος
1755 4683 1814 4734 ἐν

209 4767 380 4838 ἡδονῇ
408 4761 477 4837 ἦν
524 4766 619 4817 καὶ
670 4767 728 4819 ἐν
778 4763 926 4834 χαρᾷ
972 4762 1082 4816 61:6
1109 4761 1220 4814 τῶν
1270 4760 1480 4814 πολλῶν
1513 4763 1810 4831 τροπαίων,

208 4850 323 4903 ἀπὸ
349 4848 448 4916 τῆς
481 4847 660 4917 νίκης,
687 4846 798 4900 ἀπὸ
835 4847 942 4899 τῶν
977 4845 1276 4913 στεφάνων,
1303 4843 1411 4896 ἀπὸ
1447 4845 1546 4914 τῆς
1575 4846 1810 4915 τρυφῆς,

207 4932 323 4986 61:6
354 4930 451 4983 τοῦ
503 4931 749 5001 θαρρεῖν,
779 4929 901 5000 δρα,
950 4923 1038 4980 οἷα
1092 4926 1187 4980 καὶ
1227 4920 1348 4978 εἷπε
1395 4927 1492 4978 καὶ
1537 4927 1807 4999 ἔπραξεν·

222 5014 374 5083 Ἐγὼ
393 5012 462 5066 δὲ
490 5009 629 5066 εἶπα
653 5013 724 5066 ἐν
749 5010 824 5079 τῇ
854 5009 1104 5076 εὑθηγία
1133 5025 1276 5077 μου,
1315 5010 1396 5061 Οὐ
1417 5007 1504 5076 μὴ
1535 5010 1812 5066 σαλευθῶ

209 5101 300 5165 είς
329 5097 437 5150 τὸν
462 5095 669 5150 αίῶνα.
714 5094 934 5165 Ἐπειδὴ
973 5093 1030 5146 δὲ
1077 5093 1135 5146 ὲν
1163 5091 1343 5160 θλίψει
1375 5091 1618 5159 γέγονεν,
1647 5093 1812 5147 ἀκου-

210 5197 309 5234 σον
332 5179 387 5231 τί
413 5178 563 5248 λέγει
581 5195 596 5209 ·
661 5177 768 5232 Καὶ
803 5177 913 5230 ἐὰν
939 5176 1078 5242 sum
1103 5189 1225 5243 μοι·
1283 5175 1365 5226 Οὐ
1395 5173 1684 5241 τεθέληκά
1712 5191 1805 5242 σε,

210 5261 355 5317 ιδοὺ
385 5261 519 5331 ιγὼ,
550 5262 790 5315 ποιείτω
813 5278 912 5329 μοι
930 5259 998 5312 τὸ
1024 5256 1285 5326 ἀρεστὸν
1313 5257 1570 5311 ἐνώπιον
1597 5259 1805 5314 αὑτοῦ.

210 5343 281 5398 Τί
316 5344 523 5399 τούτων
557 5343 990 5414 φιλοσοφώτερον
1017 5340 1125 5395 τῶν
1167 5339 1463 5412 ρημάτωνς
1521 5340 1590 5392 Ὅ
1639 5358 1690 5394 τι
1741 5344 1808 5395 ἀν

213 5423 249 5498 ᾗ
277 5426 361 5496 τῷ
383 5427 530 5497 Θεῷ,
561 5427 713 5497 φησὶ,
741 5425 915 5496 φίλον,
949 5424 1122 5496 ταύτῃ
1163 5423 1322 5474 ἔστω.
1373 5422 1482 5475 Kal
1520 5424 1681 5476 πάλιν
1729 5425 1808 5494 τῷ

211 5510 414 5574 Σαοὺλ,
451 5511 637 5578 ἔλεγεν
657 5524 674 5541 ο
699 5509 770 5563 El
804 5509 872 5561 δὲ
903 5509 1120 5576 Κύριος
1160 5505 1411 5558 ὲπισείει
1440 5521 1516 5558 σε
1558 5507 1652 5559 ἐπ’
1678 5508 1806 5575 ἐμὲ,

211 5594 589 5663 ὀσφρανθείη
628 5593 668 5660 ἡ
702 5592 886 5646 θυσία
911 5608 1050 5647 σου.
1102 5591 1212 5643 Kal
1240 5589 1362 5642 τότε
1415 5590 1516 5656 μὲν
1539 5593 1598 5644 ἐν
1630 5592 1807 5660 θλίψει

209 5679 314 5739 ῶν,
359 5677 454 5728 καὶ
484 5674 695 5747 ἐχθρῶν
726 5675 1002 5744 ἐφείδετο·
1041 5673 1179 5744 μετά
1206 5673 1262 5725 δὲ
1289 5670 1462 5726 ταῦτα
1490 5674 1614 5726 οὑδέ
1653 5685 1676 5714 ο
1720 5674 1808 5743 φί-

274 5784 302 5811 ⁸
338 5781 435 5830 Alii
463 5783 691 5838 Μωῡσῆς.
712 5781 832 5830 Εἶτα
868 5783 899 5838 ἡ
941 5778 1202 5841 κηδεμονία
1243 5775 1414 5832 πολλή.
1441 5840 1445 5841 ν
1476 5779 1608 5826 Ἰδὼν
1663 5778 1804 5826 εἶδον.

213 5851 248 5887 ι
274 5842 415 5892 Unus
433 5843 522 5904 οὐχ
541 5845 706 5899 ἁπλῶς
747 5843 826 5891 διὰ
870 5845 953 5896 τὰς
983 5840 1245 5902 συμφοράς,
1283 5840 1477 5888 caneris
1505 5841 1808 5902 praetermis-

218 5899 307 5951 sis.
380 5906 403 5934 ε
452 5909 590 5952 Allus
615 5904 763 5964 λέγοι,
791 5904 928 5958 Τίνος
946 5903 1029 5952 οὖν
1056 5903 1231 5950 ἕνεκεν.
1315 5895 1491 5950 dldem
1533 5903 1806 5964 φιλοσοφώ-

213 5980 388 6032 τερον..
416 5965 642 6032 Κρεῖττον
662 5963 769 6032 γάρ,
794 5966 953 6028 φησὶν,
986 5965 1052 6021 είς
1089 5964 1240 6014 οὶκίαν
1331 5977 1354 6007 α
1375 5964 1548 6016 Morel.
1576 5963 1799 6029 ἐφείδετο·

213 6022 313 6090 πρὸ
345 6022 397 6073 δὲ
431 6022 600 6076 τούτου
627 6022 756 6076 οὑδὲ.

1222 374 1299 430 1Ν
1337 373 1520 431 ACTA
1563 370 2110 430 APOSTOLORUM.
2157 373 2396 430 HOMIL.
2437 375 2562 432 Χῐι.

3443 378 3552 434 I32

1944 489 2073 554 λων,
2103 491 2224 544 οὐδὲ
2257 492 2367 545 τῶν
2406 491 2746 563 ἠδικηκότων
2794 488 2966 548 οὑίέν.
3019 493 3192 548 Πάλιν
3242 495 3272 549 6
3329 495 3547 551 Ἰακὼϐ.

1942 573 2031 625 ὅτε
2065 574 2123 626 ἐν
2148 574 2325 642 θλίψει
2349 575 2592 642 γέγονεν,
2654 574 2862 642 ἔλεγεν·
2901 576 3044 630 Ἐὰν
3078 576 3164 642 δῷ
3193 594 3295 646 μοι
3330 579 3546 646 Κύριος

1941 656 2127 724 ἄρτον
2160 657 2395 726 φαγεῖν,
2432 657 2528 709 καί
2580 656 2815 725 ἱμάτιον
2844 660 3292 725 περιϐαλέσθαι.
3353 661 3465 715 Kal
3516 664 3546 715 6

1939 738 2035 791 τοῦ
2075 740 2200 792 Νῶε
2232 739 2348 801 υἱὸς
2390 740 2497 806 πρὸ
2531 740 2628 808 μὲν
2657 740 2848 793 τούτου
2880 743 3033 795 οὐδὲν
3075 742 3319 796 τοιοῦτον
3349 744 3544 814 ἐποίη-

1938 837 2050 874 σεν·
2082 821 2268 892 ἐπειδὴ
2297 821 2353 874 δὲ
2383 821 2688 892 ἐθάρρησεν
2724 823 2866 894 ὑπὲρ
2890 824 2989 892 τῆς
3010 825 3547 896 σωτηρίας,ἀκούεις

1934 898 2047 967 οἷος
2069 903 2292 972 γέγονεν
2319 904 2603 975 ὑϐριστής.
2651 906 2760 958 Kal
2804 908 2832 958 6
2874 905 3124 970 Ἐζεκίας
3147 909 3234 959 ὅτε
3265 909 3364 978 μὲν
3389 904 3457 976 ἦν
3487 909 3546 961 ἐν

1934 987 2135 1057 θλίψει,
2186 989 2288 1058 ὅρα
2318 985 2408 1040 οἷα
2460 988 2635 1043 ἐποίει
2668 990 2808 1060 ὑπὲρ
2836 991 2934 1060 τῆς
2966 993 3244 1062 σωτηρίας
3267 1007 3279 1019 ·
3338 992 3545 1044 σάκκον

1932 1071 2041 1142 γὰρ
2068 1070 2442 1141 περιεϐάλετο,
2499 1071 2592 1124 καὶ
2649 1074 2727 1134 είς
2789 1075 2893 1142 γῆν
2939 1073 3222 1127 ἐκάθισεν·
3266 1074 3452 1143 ἐπειδὴ
3483 1074 3538 1127 δὲ

1933 1154 2154 1222 γέγονεν
2176 1155 2232 1205 ὲν
2259 1155 2443 1224 ἡδονῇ,
2480 1154 2674 1206 ἔπεσεν
2705 1156 2812 1208 61:6
2851 1155 2945 1208 τοῦ
2983 1154 3153 1224 ὕψους
3188 1157 3285 1226 τῆς
3310 1156 3541 1228 καρδίας

1934 1236 2122 1289 αὑτοῦ.
2175 1236 2273 1289 Διά
2333 1235 2490 1289 τοῦτο
2553 1238 2648 1290 καὶ
2710 1239 2952 1307 Μωῦσῆς
3016 1242 3274 1308 παραινεῖ
3325 1240 3536 1309 λέγων·

1933 1318 2147 1386 Φανὼν
2179 1319 2276 1372 καὶ
2303 1319 2458 1371 πιὼν
2483 1319 2584 1373 καὶ
2622 1320 3022 1388 ἐμπλησθεὶς,
3058 1323 3363 1390 μνήσθητι
3415 1327 3534 1378 Kv-

1923 1404 2065 1470 ρίου
2100 1403 2206 1456 τοῦ
2237 1403 2383 1457 Θεοῦ
2405 1419 2542 1457 σου.
2583 1405 2968 1477 Ἀπόκρημνος
2999 1406 3107 1474 γάρ
3133 1409 3280 1459 ἐστιν
3309 1408 3337 1458 6
3373 1408 3536 1469 τόπος

1929 1487 1958 1538 6
2005 1488 2104 1553 τῆς
2135 1485 2371 1556 τρυφῆς,
2428 1486 2522 1540 καὶ
2571 1486 2743 1556 λήθην
2794 1488 2888 1540 τοῦ
2941 1487 3078 1540 Θεοῦ
3127 1490 3362 1559 ἐμποιεῖ.
3403 1491 3536 1542 Ὅτε

1929 1567 2204 1621 ἐθλίϐοντο
2250 1572 2299 1622 ol
2344 1569 2695 1638 Ἰσραηλῖται,
2753 1568 2934 1638 πολλῷ
2987 1570 3209 1633 πλείους
3261 1571 3534 1639 ἐγίνοντο·

1928 1650 2118 1721 ἐπειδὴ
2147 1651 2203 1703 δὲ
2231 1651 2430 1713 αὐτοὺς
2458 1651 2631 1712 εἴασε,
2666 1651 2790 1703 τότε
2847 1651 3050 1715 πάντες
3085 1653 3384 1706 ἀπώλοντο.
3429 1657 3540 1708 Kal

1929 1733 1980 1785 τί
2011 1733 2155 1800 λέγω
2183 1733 2290 1785 61:6
2311 1732 2420 1784 τῶν
2449 1732 2696 1785 παλαιῶν
2721 1734 2790 1785 τά
2814 1735 3268 1804 παραδείγματα;
3307 1737 3540 1806 Ἰδωμεν

1927 1817 2023 1885 ἀφ’
2056 1816 2235 1886 ἡμῶν,
2269 1818 2317 1868 ει
2356 1816 2524 1870 δοκεῖ.
2567 1815 2757 1885 Ἥμῶν
2781 1817 2909 1869 ὅταν
2940 1820 2998 1872 ἐν
3027 1819 3308 1890 εὐπραγία
3339 1813 3473 1872 ῶσιν
3515 1818 3534 1858 ί

1927 1901 1975 1950 οἱ
2027 1898 2269 1962 πλείους,
2343 1899 2724 1968 τετυφωμένοι
2778 1901 3044 1968 γίνονται,
3097 1904 3266 1956 πᾶσιν
3327 1902 3536 1974 ἐχθροὶ,

1927 1980 2135 2050 ὀργίλοι
2188 1984 2287 2050 τῆς
2337 1979 2589 2045 ἐξουσίας
2630 1983 2957 2054 παρούσης·
3011 1986 3410 2058 ἀφαιρεθείσης
3456 1986 3536 2048 66,

1926 2064 2147 2134 ἣμεροι,
2196 2064 2466 2130 ταπεινοὶ,
2529 2067 2718 2135 πρᾶοι,
2780 2068 2882 2137 τῆς
2928 2070 3138 2132 οἰκείας
3187 2068 3404 2139 φύσεως
3457 2070 3539 2132 είς

1927 2145 2134 2198 ἔννοιαν
2169 2145 2442 2216 ἔρχονται.
2496 2148 2608 2201 Kal
2646 2150 2727 2202 ὅτι
2781 2149 2955 2214 οὕτως
2998 2152 3131 2220 εχει,
3167 2152 3408 2205 δείκνυσι
3440 2152 3537 2204 καὶ

1925 2229 1954 2280 6
1979 2227 2143 2281 Δαυῒδ
2168 2228 2372 2296 λέγων·
2421 2230 2795 2298 Ἐκράτησεν
2818 2231 3045 2299 αὐτοὺς
3069 2235 3107 2301 ἠ
3147 2236 3538 2304 ὑπερηφανία

1923 2313 2008 2378 είς
2034 2311 2245 2377 τέλος·
2288 2312 2675 2376 ἐξελεύσεται
2714 2315 2795 2380 ὡς
2842 2314 2912 2368 ἐκ
2946 2315 3201 2383 στέατος
3246 2319 3284 2386 ἠ
3330 2318 3537 2373 ἀδικία

1925 2393 2146 2447 αὐτῶν.
2181 2393 2368 2448 Ταῦτα
2418 2395 2483 2465 δή
2523 2413 2614 2466 μοι
2656 2396 2895 2467 είρηται,
2948 2397 3035 2451 ἵνα
3099 2400 3175 2470 μὴ
3211 2402 3277 2453 ἐκ
3329 2399 3534 2464 παντὸς

1925 2476 2128 2546 τρόπου
2173 2475 2275 2546 τὴν
2325 2478 2503 2547 χαράν
2561 2478 2854 2548 ζητῶμεν..
2909 2482 3020 2534 Kal
3092 2482 3230 2546 πῶς,
3285 2485 3471 2554 φησὶν,
3503 2485 3536 2538 6

1926 2560 2140 2622 Παῦλος
2165 2560 2337 2627 λέγει,
2371 2561 2618 2628 Χαίρετε
2655 2561 2951 2629 minore;
2999 2566 3112 2634 Οὑχ
3148 2565 3336 2632 ἀπλῶς
3385 2562 3531 2631 εἷπε,

1924 2644 2190 2710 Χαίρετε,
2225 2643 2362 2697 ἀλλά
2393 2644 2759 2715 προσέθηκεν,
2817 2647 2919 2701 Ἐν
2952 2651 3170 2716 Κυρίῳ.

2000 2726 2154 2799 [135]
2178 2727 2238 2781 δ’.
2255 2727 2403 2798 Αὕτη
2426 2729 2657 2798 μεγίστη
2673 2731 2837 2801 χαριίι⁹
2850 2731 3107 2803 τοιαύτην
3123 2733 3220 2786 καὶ
3235 2735 3284 2785 οί
3297 2733 3533 2787 ἀπόστο-

1924 2809 2005 2865 λοι
2018 2816 2042 2854 3
2058 2812 2298 2882 ἔχαιρον·
2316 2813 2462 2884 χαρά
2473 2813 2664 2882 κέρδος
2683 2815 2984 2884 φέρουσα,ἡ
2997 2815 3107 2870 61:6
3118 2816 3532 2887 δεσμωτηρίων,

1924 2897 1958 2966 ἡ
1989 2894 2100 2948 61:6
2143 2895 2445 2964 μαστίγων,
2473 2898 2506 2966 ἡ
2533 2897 2643 2950 61:6
2675 2897 2957 2967 διωγμῶν,
2989 2901 3020 2969 ἡ
3064 2899 3172 2953 ἀπὸ
3203 2900 3298 2952 τοῦ
3344 2901 3535 2965 κακῶς

1923 2977 2165 3043 ἀκούειν,
2217 2979 2250 3047 ἡ
2297 2977 2406 3030 ἀπὸ
2450 2978 2564 3031 τῶν
2613 2977 2879 3050 λυπηρῶν
2934 2983 3154 3044 πάντως
3186 2982 3387 3052 ἔχουσα
3433 2983 3534 3052 τὴν

1922 3061 2100 3131 ἀρχὴν
2131 3061 2226 3114 καὶ
2253 3061 2352 3132 τὴν
2379 3061 2537 3130 ῥίζαν
2585 3063 2680 3116 καὶ
2704 3061 2802 3132 τὴν
2826 3063 3086 3117 ὑπόθεσιν
3108 3081 3123 3096 ·
3173 3064 3296 3118 ὅθεν
3323 3066 3418 3118 καὶ
3450 3068 3534 3130 είς

1923 3143 2159 3216 χρηστὸν
2201 3145 2420 3214 ἀπαντᾷ
2466 3143 2642 3209 τέλος.
2700 3144 2764 3197 Ἦ
2807 3145 2863 3199 δὲ
2917 3145 3011 3198 τοῦ
3062 3147 3269 3214 κόσμου
3302 3150 3530 3202 τοὺναν-

1920 3244 2056 3288 τιον,
2091 3226 2318 3298 ἄρχεται
2351 3227 2447 3296 μὲν
2478 3228 2586 3281 ἀπὸ
2611 3227 2722 3282 τῶν
2753 3229 2950 3299 ἡδέων,
2996 3229 3224 3302 τελευτᾷ
3252 3232 3309 3285 δὲ
3355 3235 3436 3296 είς
3461 3233 3532 3287 16

1920 3310 2162 3379 λυπηρά.
2218 3309 2351 3361 Οὑδὲ
2405 3309 2519 3376 ἐγὼ
2585 3311 2780 3364 κωλύω
2829 3312 3039 3384 χαίρειν
3100 3314 3242 3368 κατὰ
3301 3315 3530 3386 Κύριον,

1920 3393 2057 3446 ἀλλά
2091 3392 2184 3445 καὶ
2212 3391 2418 3462 σφόδρα
2457 3393 2733 3462 παραινῶ.
2777 3395 3171 3464 Ἐμαστίζοντο
3198 3398 3249 3450 οἱ
3297 3399 3529 3453 ἀπόστοο

1919 3475 2024 3535 λοι,
2051 3476 2144 3528 καὶ
2170 3473 2390 3544 ἔχαιρον
2412 3490 2425 3502 ·
2464 3475 2725 3537 ἐδέδεντο,
2774 3479 2870 3530 καὶ
2904 3479 3265 3549 εὑχαρίστουν
3287 3499 3300 3512 ·
3347 3480 3533 3536 ἐλιθά-

1920 3556 2098 3622 ζοντο,
2149 3559 2244 3610 καὶ
2295 3558 2619 3627 ἐκήρυττον.
2696 3559 2920 3630 Ταύτην
2970 3562 3065 3614 καὶ
3115 3561 3228 3629 ἐγὼ
3267 3563 3533 3634 βούλομαι

1919 3642 2019 3710 τὴν
2043 3639 2251 3710 χαράν·
2304 3641 2399 3694 ἀπ’
2436 3641 2652 3704 οὐδενὸς
2705 3642 3026 3712 σωματικοῦ
3076 3643 3174 3715 τὴν
3198 3645 3373 3717 ἀρχὴν
3393 3648 3528 3718 ἔχει,

1919 3724 2033 3776 ἀλλ’
2076 3723 2184 3776 61:6
2242 3724 2588 3792 πραγμάτων
2622 3726 3034 3794 πνευματικῶν.
3097 3727 3212 3780 Οὑκ
3269 3729 3386 3782 ἔστι
3435 3731 3531 3785 τὸν

1920 3805 2064 3859 κατὰ
2093 3807 2296 3875 κόσμον
2327 3807 2589 3876 χαίροντα
2619 3806 2755 3876 ὁμοῦ
2787 3808 2883 3860 καὶ
2918 3810 3060 3862 κατά
3092 3809 3225 3862 Θεὸν
3272 3813 3488 3883 χαίρειν
3519 3829 3529 3843 ³

1920 3892 2028 3952 πᾶς
2051 3890 2160 3959 γὰρ
2189 3892 2218 3941 6
2248 3889 2388 3941 κατὰ
2439 3889 2646 3959 κόσμον
2673 3891 2900 3961 χαίρων,
2932 3891 3026 3944 ἐπὶ
3057 3893 3274 3964 πλούτῳ
3325 3897 3528 3967 χαίρει,

1919 3973 2012 4025 ἐπὶ
2049 3976 2252 4042 τρυφῇ,
2285 3973 2379 4025 61:".
2413 3969 2540 4043 δόξῃ
2573 3973 2668 4025 καὶ
2719 3972 3029 4044 δυναστείᾳ,
3083 3975 3174 4028 ἐπὶ
3205 3976 3526 4049 ἀλαζονείᾳ·

1917 4056 1946 4106 6
1975 4055 2031 4106 66
2067 4056 2210 4109 κατά
2251 4055 2405 4117 Θεὸν,
2440 4055 2534 4107 ἐπὶ
2574 4057 2770 4126 ἀτιμίᾳ
2809 4059 2875 4126 τῇ
2909 4057 3180 4122 διἀὑτὺν,
3206 4061 3298 4112 ἐπὶ
3342 4063 3524 4135 πενίᾳ,

1918 4141 2012 4192 ἐπ1¹
2054 4139 2432 4210 ἀκτημοσύνῃ,
2465 4141 2558 4192 ἐπὶ
2587 4141 2838 4210 νηστεία,
2885 4143 2979 4195 ἐπὶ
3027 4147 3522 4220 ταπεινοφροσύνῃ.

1929 4221 2114 4292 Ὁρᾷς,
2145 4223 2226 4276 ὅτι
2259 4224 2498 4276 ἐναντίαι
2525 4224 2580 4274 al
2610 4223 2895 4286 ὑποθέσεις
2921 4241 2935 4287 ;
2993 4225 3148 4278 Ὅσοι
3201 4227 3306 4290 ἔξω
3351 4233 3528 4300 χαρᾶς

1917 4306 2056 4357 εἰσιν
2099 4305 2355 4365 ἐνταῦθα,
2402 4306 2496 4358 καὶ
2534 4305 2743 4374 λύπης·
2797 4309 2894 4359 καὶ
2923 4307 3038 4360 ὅσοι
3069 4307 3174 4372 ἔξω
3221 4309 3400 4381 λύπης
3439 4315 3527 4366 ὲν-

1916 4387 2112 4450 ταῦθα,
2163 4389 2260 4440 καὶ
2293 4387 2513 4458 ἡδονῆς.
2568 4389 2679 4440 Kal
2709 4389 2883 4451 ὄντως
2914 4389 3086 4443 ταῦτά
3133 4392 3252 4444 ἐστι
3303 4395 3372 4446 16
3404 4411 3526 4448 ποι-

1916 4471 2080 4523 οῦντα
2118 4471 2295 4541 ἀληθῆ
2345 4471 2542 4540 χαρὰν,
2585 4471 2706 4523 ἐπε1⁵
2758 4473 2942 4523 ἐκεῖνα
2981 4473 3154 4542 δνομα
3203 4475 3362 4544 μόνον
3409 4477 3522 4546 ἔχει

1916 4555 2112 4625 χαρᾶς,
2146 4553 2206 4606 16
2257 4553 2313 4606 66
2373 4555 2482 4606 πᾶν
2531 4554 2590 4605 ἐν
2641 4553 2784 4624 λύπῃ
2839 4557 3038 4606 κεῖται.
3076 4555 3259 4626 Πόσην
3301 4557 3456 4611 ἀνίαν
3494 4562 3524 4613 ό

1917 4634 2135 4699 ἀλαζὼν
2175 4635 2327 4704 ἔχειι
2392 4635 2510 4698 πῶς
2559 4634 2913 4688 διακόπτεται
2949 4638 3006 4689 ἐν
3033 4637 3185 4707 αὑτῷ
3222 4639 3300 4708 τῷ
3324 4641 3522 4706 ἀλαζο-

1915 4717 2190 4783 νεύεσθαι,
2247 4719 2448 4789 μυρίας
2519 4718 2700 4788 ἑαυτῴ
2777 4720 3172 4790 μηχανώμενος
3225 4721 3412 4794 ὕϐρεις
3447 4726 3472 4764 h
3505 4765 3521 4790 ,

1915 4800 2050 4853 πολὺ
2103 4800 2165 4852 16
2200 4803 2378 4870 μῖσος,
2423 4801 2667 4871 μεγάλην
2700 4802 2800 4870 τὴν
2839 4802 3158 4871 ἀπέχθειαν,
3211 4805 3380 4859 πολὺν
3429 4808 3522 4861 16v

1914 4882 2128 4951 φθόνον,
2167 4883 2368 4951 πολλὴν
2403 4884 2502 4952 τὴν
2544 4883 2876 4952 βασκανίανί
2928 4885 3031 4938 κᾶν
3077 4887 3187 4956 γὰρ
3224 4889 3374 4958 παρὰ
3412 4891 3522 4943 τῶν

1917 4964 2181 5035 μειζόνων
2209 4965 2464 5034 ὑδρισθῇ,
2499 4965 2685 5033 ἀλγεῖ·
2729 4967 2833 5019 κᾶν
2882 4968 2957 5037 μὴ
2994 4967 3214 5020 πάντων
3258 4961 3521 5036 κατεξαν-

1913 5050 2075 5117 αστῇ,
2115 5047 2392 5101 δάκνεται.
2456 5048 2514 5098 ’0
2557 5050 2612 5101 δέ
2663 5051 2918 5113 ταπεινὸς
2952 5053 3012 5103 ἐν
3042 5052 3212 5122 πολλῇ
3277 5055 3396 5113 ἐστι
3450 5057 3517 5124 τῇ

1912 5127 2096 5196 ἡδονῇ,
2143 5127 2274 5196 παρ’
2297 5125 2514 5188 οὐδενὸς
2548 5129 2868 5197 προσδοκῶν
2890 5131 3060 5199 τιμήν
3085 5147 3098 5162 ·
3147 5131 3215 5183 ἀν
3269 5132 3368 5200 μὲν
3425 5127 3519 5184 οὑν

1911 5209 2138 5278 τιμηθῇ,
2172 5208 2337 5278 ἥσθη,
2370 5209 2436 5262 ἂν
2475 5210 2533 5262 δὲ
2575 5212 2651 5282 μὴ
2684 5211 2916 5281 τιμηθῇ,
2972 5213 3076 5266 οὑκ
3110 5214 3370 5284 ἡλγησεν,
3401 5215 3516 5268 ἀλλ’

1910 5291 2122 5360 ἀγαπᾷ,
2146 5291 2228 5344 ὅτι
2261 5293 2361 5344 οὑκ
2401 5293 2636 5364 ἐτιμήθη
2671 5295 2713 5346 ί.
2749 5295 2870 5364 'A9‘
2895 5290 2984 5346 οὖν
3013 5297 3077 5348 ἐκ
3104 5297 3199 5348 τοῦ
3233 5297 3308 5368 μὴ
3337 5298 3522 5369 ζητεῖν

1911 5373 2076 5444 τιμὴν
2121 5375 2217 5426 καὶ
2254 5376 2541 5442 τιμᾶσθαι,
2578 5375 2748 5447 πολλὴ
2785 5377 2817 5446 ἡ
2871 5378 3053 5447 ἡδονή.
3104 5380 3250 5431 Ἐκεῖ
3282 5379 3338 5432 ὁέ
3392 5381 3520 5434 106-

1911 5458 2143 5524 ναντίον,
2207 5459 2300 5511 καὶ
2361 5460 2514 5529 ζητεῖ
2574 5461 2763 5529 τιμὴν,
2827 5462 2922 5512 καὶ
2982 5463 3043 5514 οὑ
3095 5464 3343 5532 τιμᾶται.
3403 5465 3515 5534 Οὐχ

1908 5543 2110 5612 ὁμοίως
2144 5542 2200 5595 δὲ
2234 5542 2424 5612 ἥδεται
2475 5542 2641 5614 τιμὴν
2687 5545 2715 5595 6
2770 5543 2972 5613 ζητῶν,
3005 5546 3100 5597 καὶ
3149 5547 3178 5597 6
3209 5546 3282 5615 μὴ
3314 5545 3516 5614 ζητῶν.

1983 5661 2000 5698 ί
2029 5663 2431 5724 Παραδείγματα.
2477 5661 2576 5712 Νῦν
2604 5665 2805 5721 ῖδωμεν,
2846 5666 2886 5712 εἰ
2921 5664 3070 5720 δοκεῖ,
3097 5665 3185 5723 οὐχ
3209 5665 3320 5710 ὅταν
3363 5665 3411 5711 ἐν
3439 5665 3518 5712 εῦ-

1907 5726 2086 5788 πραγίᾳ
2114 5725 2250 5776 ὦσιν.
2292 5728 2364 5772 sic
2391 5739 2534 5774 unus.
2603 5728 2626 5764 8
2655 5725 2792 5772 Idem
2819 5727 2972 5787 χαρά·
3022 5726 3120 5772 οἷον
3148 5729 3190 5771 οἱ
3232 5725 3513 5775 ἀπόστολοι.

1911 5786 1938 5822 δ
1965 5786 2059 5833 Alii
2102 5788 2256 5836 ἑαυτῶ
2301 5790 2540 5836 προξενῶν
2578 5789 2662 5836 τὰς
2707 5789 2862 5836 ὕϐρεις
2978 5789 2991 5823 ί
3027 5786 3274 5833 Βουηεριιε
3306 5805 3315 5832 :
3350 5788 3513 5834 Mum-

1911 5804 1938 5822 ”
1965 5804 2059 5833 AIII
2102 5804 2256 5833 εαυτω
2301 5804 2540 5848 προςενων
2578 5804 2662 5841 τας
2707 5804 2862 5847 υνιρεις
2980 5804 2991 5823 ι
3027 5804 3274 5833 υυυιιωυδ
3306 5805 3315 5832 .'
3350 5804 3512 5834 Μωυ-

1907 5846 2030 5910 [esm
2070 5833 2344 5910 legendum,
2391 5849 2494 5896 ἀλλ’
2529 5851 2692 5910 ἀγαπᾷ
2716 5849 2788 5894 ὅτι
2817 5849 2905 5894 οὐκ
2934 5849 3194 5910 ᾗτιμάσθη.
3245 5845 3331 5910 Sic
3367 5849 3512 5910 plane

1908 5907 2164 5982 legendum
2189 5922 2292 5958 esse
2314 5907 2613 5959 demonstrat
2655 5907 2782 5970 q'uod
2807 5907 3040 6018 selgﬁlur,
3072 5909 3278 5980 μάλιστα
3304 5909 3343 5955 δ’
3368 5907 3510 5955 αὐτὸν

1911 5972 2064 6018 ουδεὶς
2094 5971 2329 6018 ἀτιμάζει.
2368 5974 2517 6018 Alaui
2548 5971 2692 6018 illud.
2714 5973 2843 6018 (mod
2906 5983 2947 6018 lC
2970 5976 3216 6018 secuntur.
3245 5983 3337 6017 nec
3381 5969 3510 6018 anud

1911 5969 2064 6033 ούδεὶς
2094 5971 2329 6031 ἀτιμάζει.
2368 5974 2517 6033 Atqui
2548 5969 2692 6029 illud,
2714 5973 2843 6032 quod
2871 5969 2947 6018 hic
2970 5969 3216 6031 εριιιιὶιιιτ,
3245 5983 3337 6033 [ιρο
3381 5969 3514 6029 ενιιύ

1914 6031 2280 6095 Πυτυι.,ηοι;ίιι
2305 6046 2420 6083 mss.
2446 6031 2633 6096 aliquot
2657 6031 2887 6095 habmur,
2913 6038 2964 6084 el
2989 6033 3066 6084 hic
3087 6031 3397 6094 superﬂuum
3410 6034 3508 6084 est.
