4088 6326
197 436 296 493 135

195 560 380 603 norem
405 584 423 611 ,
454 549 511 599 et
539 556 651 597 non
685 540 999 595 honoratur.
1046 536 1165 594 Non
1209 537 1461 593 similiter
1502 543 1683 591 autem
1730 533 1801 589 de

198 640 403 695 honore
431 636 635 707 gaudet
663 633 755 705 qui
786 632 977 702 qumrit
1002 645 1125 686 eum
1147 670 1164 696 ,
1210 639 1262 683 ct
1300 628 1392 698 qui
1432 643 1539 681 non
1588 625 1801 696 quaerit.

198 730 298 785 llic
327 737 822 799 quantumcumque
850 723 1161 793 acceperit,
1196 720 1329 775 nihil
1360 735 1420 775 se
1444 718 1600 790 putat
1648 732 1807 772 acce-

194 822 341 891 pisse
366 839 380 873 :
410 820 503 875 ille
528 833 659 874 vero
688 817 733 872 si
762 816 848 872 vel
876 816 1144 871 tantillum
1186 814 1402 869 dederis
1421 854 1437 879 ,
1485 813 1561 867 ita
1604 811 1802 880 accipit

197 928 265 967 ac
288 914 333 967 si
365 922 537 967 totum
566 919 767 966 teneat.
802 909 1008 965 Rursus
1031 908 1122 976 qui
1169 907 1222 962 in
1267 907 1477 962 deliciis
1524 913 1804 970 versatur,

199 1004 349 1058 mille
379 1003 595 1072 negotia
625 1000 788 1055 habet
815 1016 829 1053 :
859 998 1075 1055 etiamsi
1101 998 1283 1054 faciles
1307 1009 1359 1053 et
1389 997 1542 1068 quasi
1572 1010 1637 1051 ex
1690 993 1809 1049 fon-

200 1097 345 1150 tibus
376 1094 586 1148 reditus
614 1093 714 1163 ipsi
741 1091 1006 1157 afﬂuant,
1055 1102 1295 1145 attamen
1339 1090 1518 1153 mala,
1568 1102 1689 1157 quae
1738 1101 1807 1141 ex

199 1184 415 1240 deliciis
443 1184 745 1246 accedunt,
780 1182 1033 1237 formidat
1056 1222 1068 1245 ,
1098 1196 1309 1236 necnon
1340 1179 1505 1235 futuri
1548 1179 1807 1234 incertam

200 1278 575 1333 conditionem
606 1291 622 1329 :
654 1274 742 1329 hic
766 1288 893 1329 vero
918 1288 1138 1343 semper
1166 1273 1218 1327 in
1248 1282 1364 1328 tuto
1392 1282 1476 1328 est
1523 1280 1580 1327 et
1613 1272 1667 1325 in
1709 1285 1810 1326 vo-

200 1366 410 1435 luptate
428 1407 444 1431 ,
473 1364 619 1434 quod
654 1363 898 1419 tenuitati
926 1364 1101 1418 victus
1129 1364 1200 1418 sit
1226 1374 1495 1418 assuetus.
1523 1362 1640 1418 Non
1662 1361 1809 1416 enim

198 1458 270 1510 ita
295 1471 356 1511 se
386 1458 643 1511 miserum
672 1463 839 1526 putat,
872 1454 1015 1525 quod
1045 1454 1184 1510 lauta
1214 1470 1399 1511 mensa
1433 1470 1538 1510 non
1577 1454 1806 1518 fruatur,

199 1554 259 1599 ut
287 1546 610 1612 deiiciatur,
640 1545 767 1599 dum
797 1543 956 1599 futuri
988 1546 1249 1600 incertam
1281 1546 1645 1602 conditionem
1702 1560 1809 1600 non

200 1638 377 1690 timet.
418 1636 549 1702 Qua:
575 1651 707 1691 vero
732 1651 798 1692 ex
843 1634 1053 1691 deliciis
1095 1636 1234 1691 mala
1276 1636 1560 1699 oriantur.
1603 1636 1815 1705 ignorat

202 1743 368 1781 nemo
400 1744 413 1781 :
445 1742 670 1783 necesse
699 1736 783 1782 est
806 1736 986 1783 autem
1021 1727 1147 1783 illud
1189 1728 1304 1799 jam
1352 1728 1556 1785 dicere.
1608 1728 1813 1799 Duplex

202 1828 289 1874 est
338 1819 540 1874 bellum
560 1860 575 1881 ,
622 1818 869 1888 corporis
889 1860 905 1885 ,
957 1819 1175 1889 inquam
1202 1860 1219 1886 ,
1268 1829 1323 1874 ct
1346 1821 1542 1874 animae
1572 1838 1586 1875 :
1616 1818 1814 1890 duplex

205 1908 418 1972 hiems,
452 1908 701 1979 duplices
744 1910 918 1964 morbi
954 1927 968 1963 :
999 1925 1176 1981 neque
1222 1910 1274 1965 id
1324 1919 1566 1979 tantum,
1614 1911 1710 1967 sed
1759 1920 1815 1966 et

206 2000 538 2055 insanabiles
558 2042 573 2065 ,
602 2001 692 2068 qui
725 2015 947 2070 magnas
972 2000 1200 2056 afferant
1224 2002 1588 2057 calamitates.
1614 2004 1685 2057 At
1706 2018 1813 2057 non

208 2093 331 2145 talis
356 2101 442 2146 est
468 2089 782 2163 frugalitas;
810 2092 905 2147 sed
936 2092 1135 2162 duplex
1165 2102 1250 2147 est
1291 2094 1526 2157 sanitas,
1577 2093 1814 2163 duplicia

207 2183 371 2240 bona.
404 2183 631 2238 Somnus
659 2185 916 2250 sanitatis,
947 2185 1212 2254 inquil,in
1242 2195 1427 2241 ventre
1450 2203 1603 2255 parco
1624 2184 1815 2256 (Eccli.

209 2274 301 2328 3i.
332 2272 405 2327 24
427 2276 469 2342 ).
504 2272 710 2343 Ubique
741 2275 885 2328 enim
917 2274 1265 2330 mediocritas
1287 2275 1665 2331 desiderabilis
1694 2285 1817 2340 est,

209 2366 351 2436 quod
404 2381 534 2421 vero
581 2366 801 2420 modum
842 2382 949 2421 non
995 2378 1217 2431 servat,
1263 2366 1635 2436 injucnndum.
1684 2365 1822 2422 Vide

211 2458 357 2512 enim
387 2475 403 2511 :
437 2457 685 2512 scintilla:
720 2472 898 2526 parvae
931 2471 1176 2527 magnam
1207 2458 1472 2527 lignorum
1508 2456 1819 2527 congeriem

215 2551 432 2619 impone
457 2590 471 2614 ,
504 2559 691 2603 etnon
722 2549 861 2603 ultra
909 2548 1089 2619 ignem
1134 2548 1543 2619 splendentem,
1591 2549 1689 2605 sed
1734 2549 1822 2607 fu-

215 2657 359 2694 mum
390 2640 601 2694 videbis
629 2638 786 2694 valde
812 2640 1115 2695 insuavem.

284 2733 500 2789 Deliciw
521 2750 648 2788 onus
669 2742 789 2788 sunt
808 2733 1221 2789 animm—Viro
1249 2733 1370 2789 forti
1396 2740 1451 2791 et
1471 2749 1669 2806 magno
1687 2750 1826 2792 onus

218 2827 435 2895 impone
478 2825 615 2879 vires
650 2839 950 2893 superans,
995 2835 1050 2880 et
1080 2825 1288 2880 videbis
1327 2842 1452 2881 eum
1482 2841 1649 2883 onere
1679 2828 1826 2883 humi

216 2917 509 2985 iacentem.
540 2915 786 2985 Magnum
818 2930 956 2970 onus
977 2915 1138 2982 iniice
1164 2917 1216 2970 in
1246 2917 1420 2971 navim
1441 2959 1457 2985 ,
1486 2927 1540 2973 et
1567 2933 1729 2988 grave
1751 2918 1831 2973 fa-

219 3010 327 3064 cies
356 3008 719 3078 naufragium.
760 3008 921 3063 Tales
957 3016 1086 3063 sunt
1123 3009 1353 3063 deliciae.
1395 3010 1547 3066 Sicut
1588 3012 1732 3065 enim
1774 3012 1827 3067 in

222 3104 443 3157 navibus
471 3116 630 3171 supra
663 3101 881 3156 moduni
910 3101 1152 3155 oneratis
1183 3117 1406 3172 magnus
1434 3114 1520 3157 est
1547 3112 1829 3158 nautarum

223 3194 503 3252 tumultus.
537 3193 901 3262 gubernatore
919 3206 1007 3257 eo,
1033 3192 1125 3262 qui
1170 3192 1223 3246 in
1268 3208 1426 3263 prora
1454 3195 1626 3263 sedet,
1658 3210 1721 3250 ac
1744 3211 1835 3252 ve-

221 3285 462 3339 ctoribus
487 3286 764 3352 superiora
778 3292 833 3337 et
856 3283 1111 3338 inferiora
1134 3284 1184 3338 in
1207 3300 1359 3340 mare
1388 3286 1831 3356 proﬁcientibus:

222 3378 301 3431 sic
328 3385 385 3430 et
414 3374 515 3428 hoc
542 3374 689 3440 loco,
714 3375 991 3444 superiora
1022 3384 1335 3431 evomentes
1372 3386 1426 3431 et
1465 3376 1740 3445 inferiora,
1770 3393 1835 3433 ac

224 3467 433 3539 seipsos
489 3476 924 3537 corrumpentes,
978 3478 1227 3537 pereunt.
1281 3469 1541 3539 Quodque
1592 3472 1833 3527 omnium

225 3559 593 3630 turpissimum
617 3568 729 3621 est,
760 3578 822 3615 os
851 3561 1207 3629 posteriorum
1240 3562 1469 3631 partium
1500 3578 1653 3617 usum
1686 3578 1839 3620 assu-

226 3652 344 3715 mit,
377 3652 543 3719 fitque
572 3650 678 3704 illis
707 3650 1137 3720 ignominiosius.
1161 3651 1312 3719 Quod
1336 3653 1381 3707 si
1414 3654 1465 3708 in
1487 3668 1581 3709 ore
1602 3654 1671 3711 sit
1694 3664 1835 3711 tanta

228 3740 522 3809 turpitudo,
556 3742 732 3810 Cogita
762 3748 959 3811 quanta
991 3740 1062 3795 sit
1087 3742 1138 3795 in
1170 3742 1368 3796 anima.
1394 3742 1527 3798 Nam
1556 3746 1627 3799 ibi
1656 3747 1837 3802 omnia

229 3835 421 3906 Caligo,
455 3835 635 3891 omnia
668 3833 953 3904 proceilze,
995 3834 1175 3889 omnia
1202 3835 1474 3903 tenebrae,
1505 3837 1672 3892 multa
1706 3852 1839 3892 con-

228 3931 366 3987 fusio
413 3929 799 4001 cogitationum
852 3930 907 3984 in
948 3931 1193 4000 angustia
1242 3932 1611 3997 versantium,
1659 3932 1838 3986 anima

230 4022 341 4089 ipsa
362 4021 620 4075 damnum
642 4019 997 4075 exclamante.
1024 4020 1159 4076 Hinc
1182 4022 1280 4091 ipsi
1302 4023 1475 4077 ventri
1502 4021 1691 4089 dediti,
1717 4038 1839 4080 sese

232 4121 417 4165 mutuo
446 4110 794 4180 redarguunt,
818 4126 959 4181 aegre
986 4112 1197 4179 ferunt,
1221 4122 1430 4168 stercus
1450 4113 1720 4168 internum
1743 4115 1840 4170 de-

230 4201 392 4270 jicere
410 4199 686 4255 festinant.
706 4202 956 4257 Attamen
977 4211 1255 4273 postquam
1276 4203 1638 4272 projecerunt,
1666 4186 1840 4275 neque

232 4291 309 4347 sic
351 4291 574 4362 agitatio
614 4292 865 4356 sedatur;
915 4291 1009 4346 sed
1050 4302 1106 4348 et
1144 4292 1324 4349 febres
1370 4294 1493 4349 hinc
1539 4305 1593 4351 et
1641 4298 1837 4353 morbi.

233 4381 449 4446 Etiam,
478 4381 684 4451 inquit,
718 4380 913 4437 infirmi
953 4393 1078 4437 sunt
1116 4394 1173 4439 et
1212 4387 1437 4456 turpiter
1465 4397 1628 4457 agunt
1669 4406 1682 4441 :
1725 4388 1842 4445 hare

233 4474 430 4528 frustra
464 4474 618 4529 nobis
640 4483 948 4541 narrantur,
974 4474 1170 4530 frustra
1202 4476 1377 4531 morbi
1407 4490 1838 4538 enumerantur:

233 4564 477 4621 infirmor
503 4580 624 4634 ego,
662 4564 869 4619 laceror
898 4574 954 4620 et
985 4566 1211 4635 turpiter
1239 4582 1359 4638 ago,
1388 4570 1475 4638 qui
1516 4587 1621 4624 non
1668 4571 1840 4628 habeo

234 4655 373 4723 quod
404 4655 562 4709 edam
593 4673 605 4709 :
641 4655 741 4710 hos
770 4664 949 4711 autem
984 4655 1035 4710 in
1063 4657 1271 4713 deliciis
1298 4673 1521 4729 agentes
1548 4663 1733 4720 videre
1759 4676 1842 4721 est

236 4747 370 4804 bene
400 4748 626 4803 affectos
646 4789 662 4815 ,
693 4749 915 4819 pingues
934 4790 950 4816 ,
990 4751 1301 4820 gaudentes,
1334 4756 1487 4824 equis
1516 4767 1717 4812 vectos.
1752 4759 1841 4814 Vm

238 4838 399 4892 mibi!
436 4838 693 4910 lacrymis
719 4841 862 4894 enim
894 4840 1051 4910 digna
1085 4841 1196 4897 hmc
1231 4844 1389 4897 verba
1421 4856 1565 4901 sunt.
1608 4850 1711 4902 Eos
1738 4864 1837 4904 au-

236 4937 342 4985 tem
370 4932 462 5001 qui
493 4930 725 5002 podagra
755 4931 1029 4997 laborant,
1062 4934 1212 4989 sellis
1229 4924 1510 5005 igestatos,
1552 4939 1799 5009 alligatos
1819 4982 1834 5010 ,

1202 422 1269 479 IN
1310 419 1493 477 ACTA
1531 414 2061 507 APOSTOLURW.
2102 413 2339 472 HOMIL.
2379 412 2548 471 χγιι.

3410 419 3518 479 ιδι

1909 546 2015 602 qua
2053 547 2118 587 ex
2161 541 2334 603 parte,
2371 546 2579 603 quaeso,
2608 529 3005 601 respiciemus?
3044 528 3110 586 Et
3147 529 3251 585 nisi
3290 545 3405 588 rem
3445 530 3522 586 illi

1918 632 2168 694 putarent
2195 623 2643 679 contumeliosam
2670 636 2735 676 ac
2764 621 3105 692 probrosam,
3138 622 3259 677 illos
3275 607 3393 693 liam
3425 636 3525 677 no.

1915 716 2063 771 mine
2090 729 2192 771 suo
2216 715 2651 785 compellassem.
2685 712 2793 769 Sed
2820 723 2951 771 sunt
2976 712 3194 784 quidam
3220 755 3237 779 ,
3281 713 3492 783 inquies
3512 755 3528 779 ,

1918 808 2008 877 qui
2050 807 2189 861 bene
2218 807 2435 873 valent,
2481 806 2606 876 quia
2646 821 2752 860 non
2785 805 2962 860 solum
2994 804 3201 861 deliciis
3230 805 3361 860 dant
3396 820 3533 876 cpe-

1916 916 2054 964 ram,
2095 899 2191 954 sed
2232 901 2393 953 etiam
2439 898 2703 954 laborant.
2736 898 2934 953 Verum
2975 897 3043 953 da
3082 897 3213 952 mihi
3255 898 3533 953 hominem

1917 1007 2135 1062 semper
2166 990 2640 1062 pinguescentem,
2672 991 2939 1054 Otiosum,
2973 989 3204 1044 inertem
3225 1031 3240 1055 ,
3273 991 3362 1059 qui
3398 991 3536 1045 bene

1918 1083 2113 1137 valeat.
2136 1082 2243 1138 Sed
2268 1098 2376 1137 non
2408 1083 2670 1138 invenies.
2703 1082 2925 1137 Etiamsi
2949 1083 3093 1137 enim
3118 1082 3398 1137 innumera
3423 1097 3538 1136 tne-

1920 1173 2165 1229 dicorum
2210 1173 2365 1229 turba
2410 1174 2589 1241 adsit,
2642 1174 2790 1228 illum
2842 1175 3014 1228 ventri
3055 1188 3273 1244 semper
3315 1188 3536 1243 Operam

1921 1266 2141 1321 dantem
2164 1280 2194 1321 a
2226 1266 2427 1321 morbis
2456 1281 2649 1322 eruere
2679 1281 2787 1321 non
2818 1276 3071 1337 poterunt
3120 1288 3132 1322 :
3178 1281 3355 1336 neque
3393 1268 3541 1322 enim

1923 1356 1976 1411 id
2008 1366 2196 1412 natura
2226 1357 2305 1412 rei
2340 1357 2619 1427 permittit.
2654 1357 2770 1427 Ego
2811 1374 2939 1412 vero
2969 1358 3301 1413 medicorum
3334 1357 3538 1413 dictum

1923 1449 2076 1505 vobis
2102 1448 2350 1504 afferam.
2384 1448 2466 1504 Ex
2492 1450 2577 1512 iis,
2606 1464 2728 1521 qua:
2757 1448 2810 1505 in
2834 1460 3076 1504 ventrem
3104 1453 3408 1515 mittuntur,
3434 1466 3541 1505 non

1924 1542 2105 1596 omnia
2137 1541 2274 1597 fiunt
2302 1543 2621 1598 alimentum
2658 1560 2671 1596 :
2702 1559 2825 1600 nam
2848 1544 2900 1598 in
2932 1546 3045 1614 ipsa
3074 1545 3318 1599 ciborum
3351 1556 3541 1599 natura

1925 1649 2033 1689 non
2063 1644 2232 1689 totum
2262 1634 2439 1690 alendi
2478 1638 2586 1689 vim
2620 1634 2822 1701 habet,
2869 1636 2962 1690 sed
3006 1651 3129 1705 pars
3170 1637 3223 1689 in
3263 1650 3542 1690 secessum

1924 1728 2249 1790 secernitur,
2281 1743 2408 1799 pars
2449 1730 2502 1783 in
2533 1729 2849 1785 alimentum
2889 1729 3052 1785 cedit.
3096 1729 3151 1785 Si
3191 1746 3323 1801 ergo
3352 1730 3542 1784 mode-

1929 1828 2044 1875 rate
2075 1821 2254 1875 cilmm
2284 1835 2507 1876 sumens
2538 1829 2708 1876 totum
2741 1822 3010 1892 perlicias,
3045 1821 3251 1889 singula
3282 1822 3335 1875 iu
3364 1822 3543 1876 locum

1925 1924 2085 1965 suum
2114 1918 2371 1981 pergunt,
2404 1920 2460 1966 et
2488 1910 2632 1981 quod
2674 1926 2865 1966 sanum
2905 1911 3145 1979 utileque
3164 1922 3270 1975 est,
3301 1913 3356 1967 in
3388 1926 3547 1966 suum

1927 2015 1987 2055 se
2019 2001 2192 2056 locum
2219 2002 2465 2068 confert;
2494 2002 2637 2070 quod
2669 2012 2850 2058 autem
2884 2003 3217 2072 superﬂuum
3242 2015 3396 2057 estet
3422 2005 3545 2058 inu-

1930 2092 2042 2154 tile.
2073 2094 2279 2148 secedit
2307 2104 2362 2148 et
2391 2094 2665 2163 egeritur:
2697 2096 2780 2149 sin
2824 2111 2956 2149 vero
2992 2096 3156 2150 nimia
3194 2096 3265 2151 sit
3304 2097 3548 2151 ciborum

1928 2185 2085 2254 copia
2106 2226 2122 2250 ,
2154 2186 2317 2240 etiam
2349 2186 2400 2240 id
2420 2227 2435 2251 ,
2466 2186 2609 2255 quod
2639 2187 2819 2241 alendi
2848 2188 2957 2241 vim
2986 2188 3168 2255 habet,
3200 2189 3418 2243 noxium
3440 2200 3548 2257 est,

1932 2276 2093 2346 idque
2135 2277 2537 2345 pers'ticnitatis
2564 2294 2726 2334 causa
2756 2282 3008 2352 exemplo
3041 2282 3335 2352 proferam.
3359 2285 3547 2341 infru-

1933 2375 2116 2420 mento
2144 2366 2288 2421 aliud
2319 2378 2403 2422 est
2430 2369 2605 2423 simila
2628 2412 2643 2436 ,
2674 2370 2817 2424 aliud
2849 2372 3015 2425 farina
3038 2413 3054 2437 ,
3098 2372 3240 2427 aliud
3276 2374 3465 2428 furfur.
3494 2374 3549 2430 Si

1934 2471 2065 2527 ergo
2102 2457 2243 2511 mola
2275 2458 2503 2529 accipiet
2532 2475 2595 2515 ea
2616 2501 2632 2526 ,
2663 2475 2783 2530 qua:
2816 2470 2993 2530 potest
3022 2462 3249 2530 moi-re,
3286 2464 3399 2518 lucc
3430 2479 3552 2519 om-

1935 2548 2021 2601 nia
2051 2548 2343 2614 discernit;
2381 2550 2464 2604 sin
2496 2551 2649 2619 plura
2681 2551 2967 2621 conjicias,
2999 2554 3178 2608 omnia
3208 2555 3554 2610 confundun-

1939 2647 2041 2691 tur.
2078 2638 2288 2693 Rursus
2314 2639 2521 2707 vinum,
2552 2640 2597 2695 si
2629 2655 3015 2712 congruentem
3052 2646 3281 2715 accipiat
3307 2661 3552 2716 operam,

1936 2729 1981 2783 si
2021 2743 2120 2783 suo
2158 2738 2405 2799 tempore
2442 2730 2780 2796 conficiatur,
2825 2734 2999 2802 primo
3030 2734 3211 2791 omnia
3252 2736 3410 2792 simul
3448 2740 3553 2792 mi-

1938 2829 2177 2884 scentur,
2212 2830 2396 2890 postea
2443 2836 2571 2876 vero
2614 2822 2759 2877 aliud
2806 2824 2858 2877 in
2904 2824 3090 2881 faecem
3124 2828 3270 2894 ahit,
3315 2828 3458 2883 aliud
3502 2831 3555 2886 in

1938 2927 2219 2982 spumam,
2270 2912 2415 2968 aliud
2460 2924 2642 2971 manet
2670 2914 2737 2970 ad
2781 2930 2936 2971 usum
2982 2917 3271 2974 fruentinm
3308 2939 3320 2974 :
3355 2931 3408 2975 et
3441 2923 3556 2977 haze

1940 3004 2080 3059 bOna
2111 3019 2233 3074 pars
2261 3014 2379 3071 est,
2415 3020 2516 3060 nec
2546 3006 2699 3061 facile
2740 3017 2995 3063 mutatur.
3040 3009 3173 3064 Nam
3215 3019 3341 3067 ante
3382 3028 3560 3081 neque

1941 3097 2123 3149 vinum
2154 3112 2332 3167 neque
2361 3098 2457 3151 faex
2485 3106 2602 3163 est,
2634 3115 2755 3153 cum
2787 3100 2994 3156 scilicet
3026 3103 3203 3156 omnia
3238 3104 3557 3160 miscentur.

1942 3184 2057 3240 lloe
2082 3185 2135 3240 in
2167 3188 2301 3240 mari
2332 3202 2547 3256 quoque
2574 3187 2758 3245 videre
2785 3200 2868 3245 cst
2896 3190 2948 3244 in
2980 3207 3170 3263 magna
3217 3204 3558 3263 tempestate.

1943 3277 2013 3334 Ut
2042 3293 2173 3350 ergo
2206 3288 2331 3333 tunc
2362 3280 2535 3348 pisces
2574 3281 2818 3336 videmus
2864 3292 3108 3339 mortuos
3146 3288 3558 3357 superfluitare,

1942 3371 2032 3441 qui
2066 3386 2174 3440 prro
2202 3369 2400 3441 frigore
2429 3388 2534 3427 non
2564 3384 2785 3443 possunt
2821 3374 2871 3428 itt
2904 3375 3126 3431 fundum
3160 3378 3400 3451 demergi
3432 3400 3445 3435 :
3489 3383 3560 3438 ita

1943 3474 2000 3518 et
2030 3466 2184 3520 nobis
2213 3466 2426 3521 accidit.
2457 3465 2685 3534 Quando
2716 3470 2859 3523 enim
2891 3485 3125 3539 superne
3148 3474 3338 3543 ingens
3364 3476 3564 3545 ingruit

1944 3557 2255 3611 voracitatis
2302 3558 2495 3625 imber,
2549 3560 2731 3613 omnia
2785 3576 3158 3629 commovens,
3209 3568 3566 3636 cogitationes

1944 3658 2100 3703 antea
2130 3663 2311 3715 sanas,
2342 3659 2391 3703 et
2423 3650 2654 3719 quietas,
2682 3666 2782 3705 CCI]
2813 3661 3053 3709 mortuas
3080 3667 3435 3724 superuatare
3461 3673 3553 3713 CO-

1945 3744 2040 3814 git.
2072 3742 2207 3797 Cum
2241 3743 2403 3811 igitur
2424 3759 2487 3797 ex
2518 3742 2825 3812 hujusmodi
2848 3747 3110 3816 exemplis
3132 3749 3565 3807 demonstratum

1947 3834 2101 3889 nobis
2134 3833 2294 3887 fuerit
2333 3844 2593 3903 quantmn
2640 3837 2711 3889 sit
2747 3836 3027 3906 damnum,
3059 3853 3337 3895 cessemus
3377 3842 3568 3897 beatos

1946 3926 2127 3980 dicere
2152 3924 2295 3990 illos,
2315 3940 2448 3994 quos
2471 3926 2701 3980 miseros
2718 3926 3013 3996 pra-dicare
3036 3940 3332 3997 oporteret,
3360 3946 3566 4001 nosque

1948 4017 2233 4085 deplorare
2262 4032 2329 4070 ex
2360 4016 2446 4081 iis,
2481 4017 2552 4069 ob
2582 4032 2701 4087 qua:
2728 4020 2916 4073 beatos
2944 4018 3128 4075 dicere
3168 4030 3479 4090 Oporteret,
3512 4033 3566 4079 ct

1948 4106 2309 4177 frugalitatem
2359 4108 2669 4177 diligamus.
2718 4114 2911 4165 Annon
2959 4113 3158 4168 auditis
3208 4116 3446 4171 mcdicos
3484 4116 3561 4171 di-

1948 4207 2163 4258 centes.
2195 4196 2491 4267 lndigenlia
2518 4208 2601 4253 est
2633 4209 2803 4255 mater
2832 4202 3117 4257 sanitatis?
3148 4205 3257 4276 ligo
3299 4222 3427 4263 veao
3456 4225 3563 4264 non

1949 4290 2248 4359 corporalis
2286 4290 2447 4343 modo
2487 4291 2736 4345 sanitatis
2781 4291 3126 4363 indigentiam
3172 4306 3397 4352 matrem
3444 4315 3567 4355 esse

1950 4382 2093 4447 dico,
2128 4384 2221 4438 sed
2252 4385 2413 4439 etiam
2446 4384 2762 4453 spiritualis.
2797 4386 2911 4441 lloc
2952 4398 3006 4441 et
3037 4388 3233 4443 Paulus
3262 4406 3423 4445 verus
3454 4409 3569 4449 me-

1949 4476 2102 4531 dicus
2123 4477 2340 4542 clamat,
2367 4477 2553 4531 dicens
2585 4496 2597 4531 :
2630 4477 2887 4533 [labentes
2909 4480 3153 4533 alimenta
3183 4494 3230 4535 et
3256 4494 3565 4554 tegmnenta,

1952 4570 2029 4623 his
2058 4570 2278 4622 contenti
2306 4571 2462 4623 simus
2497 4570 2581 4637 (l.
2615 4569 2747 4623 Tim.
2771 4570 2823 4625 6.
2850 4571 2935 4641 8).
2963 4572 3410 4642 Obzemport-mus
3438 4591 3570 4647 ergo

1952 4663 2023 4717 illi
2048 4704 2062 4727 ,
2095 4674 2151 4716 ut
2180 4664 2295 4716 sani
2324 4678 2384 4716 ea
2408 4706 2422 4729 ,
2456 4679 2576 4731 qua:
2606 4664 2811 4732 agenda
2844 4675 2988 4727 sunt,
3010 4681 3299 4734 operemur
3331 4670 3381 4724 in
3408 4668 3570 4725 Citri-

1950 4764 2035 4810 sto
2076 4755 2203 4810 Jesu
2256 4757 2481 4809 llomino
2519 4766 2743 4820 nostro,
2790 4758 3004 4825 quicum
3058 4760 3200 4813 Patri
3248 4770 3303 4815 et
3345 4762 3568 4833 Spiritui

1951 4856 2139 4903 sant-to
2167 4849 2335 4919 gloria
2360 4891 2375 4914 ,
2408 4851 2689 4918 imperium
2714 4893 2726 4914 ,
2760 4851 2957 4918 honor,
2992 4868 3133 4909 nunc
3158 4865 3211 4908 et
3244 4872 3481 4928 semper,
3515 4867 3571 4909 et

1955 4944 2006 4997 in
2036 4944 2231 5017 saecula
2263 4944 2609 4997 saeculorum.
2642 4947 2838 4999 Amen.

241 5068 3549 5102 Mm.“

1574 5152 1923 5217 HOMlLlA
1967 5155 2172 5217 XVII.

238 5292 361 5350 Car.
397 5295 452 5348 ’7.
495 5308 549 5348 v.
594 5294 685 5350 35.
730 5293 882 5349 Hunc
924 5295 1175 5367 Moysem,
1225 5315 1371 5366 quem
1411 5312 1734 5371 negaverunt,
1760 5302 1841 5355 di-

308 5396 477 5441 centes
506 5402 526 5439 :
556 5386 680 5451 Quis
715 5395 762 5441 te
787 5389 1042 5441 constituit
1067 5391 1350 5460 principem
1374 5401 1418 5447 et
1440 5394 1665 5462 judicent
1687 5410 1841 5464 super

308 5480 441 5534 nos?
469 5479 603 5532 hunc
628 5476 768 5534 Deus
789 5481 1069 5551 principem
1091 5491 1137 5535 et
1156 5484 1524 5553 redemptorem
1553 5486 1687 5541 misit
1723 5504 1840 5541 cum

309 5586 468 5624 manu
490 5570 682 5640 angeli,
709 5572 796 5638 qui
820 5573 1061 5641 apparuit
1088 5573 1171 5627 illi
1196 5576 1250 5628 in
1277 5576 1425 5631 rubo.

310 5660 363 5715 1.
394 5659 622 5714 Multum
642 5674 945 5732 congruens
972 5661 1075 5718 hoc
1094 5674 1176 5720 est
1202 5677 1518 5737 argumento
1542 5670 1837 5739 proposito.

246 5750 397 5805 Hunc
444 5749 696 5821 Magum,
748 5753 942 5823 inquit.
986 5753 1209 5823 Qualem
1256 5757 1440 5813 hunc?
1486 5760 1619 5814 Eum
1655 5763 1743 5832 qui
1784 5763 1837 5817 in

247 5842 540 5912 periculum
562 5842 709 5901 exitii
735 5848 902 5914 venit,
920 5860 1042 5903 eum
1065 5862 1228 5919 quem
1256 5848 1357 5921 ipsi
1375 5859 1837 5923 contempserant,

1950 5318 2109 5373 quem
2156 5310 2486 5373 negaverant
2520 5302 2781 5365 dicentes,
2816 5304 2943 5371 Quis
2987 5316 3033 5359 te
3070 5310 3335 5363 constituit
3369 5313 3563 5381 princi.

1948 5392 2279 5462 pem(E:cod.
2310 5394 2365 5447 ‘1.
2392 5394 2481 5463 li)
2507 5394 2530 5445 ?
2554 5394 3011 5464 quemadmodum
3059 5410 3114 5451 et
3157 5400 3377 5457 Christo
3407 5402 3561 5459 dice-

1948 5487 2098 5550 lvaut,
2131 5484 2251 5540 Non
2299 5485 2541 5539 habemus
2572 5504 2774 5557 regem,
2823 5490 2923 5541 nisi
2962 5488 3215 5543 Caesarem
3249 5492 3427 5563 (Joan.
3466 5498 3555 5551 l9.

1953 5578 2063 5643 15).
2104 5577 2252 5632 Hunc
2282 5577 2420 5633 Dens
2460 5579 2737 5650 principem
2783 5588 2829 5634 et
2868 5580 3237 5649 redemptorem
3278 5584 3414 5639 misit
3446 5604 3565 5641 cum

1949 5688 2106 5725 manu
2138 5672 2339 5742 angeli;
2368 5670 2458 5741 qui
2484 5670 2695 5725 dixerat
2725 5672 2796 5737 ei,
2838 5670 2953 5743 Ego
2983 5689 3093 5725 sum
3140 5672 3277 5729 Deus
3305 5676 3564 5732 Abraham

1951 5764 2147 5833 (Exod.
2179 5765 2231 5819 3.
2259 5765 2337 5834 6).
2369 5764 2466 5818 llic
2500 5772 2555 5818 et
2595 5765 2875 5827 miracula,
2920 5781 3041 5836 quae
3090 5764 3228 5821 facta
3272 5779 3418 5834 sunt,
3463 5788 3562 5842 per

1949 5855 2225 5911 Christum
2252 5854 2389 5912 facta
2418 5868 2539 5910 esse
2567 5854 2827 5923 ostendit,
2856 5856 2945 5913 56.
2981 5856 3103 5925 llic,
3136 5856 3185 5912 id
3215 5870 3318 5929 est.
3352 5859 3560 5928 Moyses
