4088 6326
666 374 765 430 £35

662 494 742 557 (ct
770 485 907 547 vide,
942 480 1212 552 quomodo
1242 481 1388 535 illurn
1417 478 1751 548 splendidum
1791 475 2061 543 exhibeat)
2116 476 2242 528 edu-

660 584 732 635 xit
759 580 893 638 illos,
933 578 1121 647 faciens
1148 575 1378 646 prodigia
1414 585 1458 625 et
1485 572 1629 640 signa
1668 570 1719 622 in
1757 578 1889 621 terra
1925 566 2167 635 Afyypti,
2200 575 2244 619 et

660 674 709 725 in
738 671 867 723 nutri
888 668 1073 727 Rubro,
1101 675 1148 720 et
1172 664 1221 718 in
1248 666 1441 716 deserto
1462 662 1609 714 annis
1634 659 1994 729 quadraginta.
2022 658 2111 711 57.
2144 655 2244 709 llic

658 774 730 819 est
764 762 983 832 Moyses,
1009 760 1095 827 qui
1120 759 1246 811 dixit
1274 757 1393 823 ﬁliis
1425 753 1588 806 Israel
1611 769 1629 804 :
1653 751 1965 819 Propltetant
1987 748 2122 800 vobis
2154 764 2242 799 m-

658 856 854 909 scitabit
884 853 1127 906 Dominus
1154 849 1285 899 Deus
1311 862 1373 899 ea:
1401 844 1638 913 fratribus
1677 842 1847 895 vestris
1882 851 2133 906 tamquam
2163 854 2245 889 me

658 947 834 1019 (Deut.
868 944 953 997 18.
997 942 1122 1012 t8);
1159 939 1207 991 id
1251 946 1353 999 est,
1378 942 1763 1001 contemptum,
1800 930 2005 983 insidiis
2035 928 2240 997 appeti—

660 1053 789 1093 tum.
825 1037 1029 1091 Etenim
1061 1032 1300 1085 voluerat
1333 1030 1503 1097 ipsmn
1543 1024 1790 1080 occidere
1815 1021 2075 1085 lict-odos,
2105 1030 2156 1072 et
2188 1020 2237 1071 in

662 1132 888 1199 ἀξυμιο
917 1136 1158 1181 servatus
1179 1132 1279 1178 est.
1305 1122 1439 1173 sicut
1467 1128 1519 1171 ct
1547 1118 1631 1171 ille
1663 1130 1793 1185 puer
1816 1129 1936 1167 cum
1964 1120 2126 1176 esset,
2156 1111 2206 1163 in
2224 1137 2239 1147 -

653 1224 805 1278 sidiis
830 1232 909 1273 est
935 1218 1219 1286 appetitus.
1251 1213 1340 1269 '58.
1380 1211 1476 1264 Hic
1506 1218 1597 1271 est,
1627 1209 1712 1278 qui
1732 1206 1829 1276 [ait
1868 1206 1921 1257 in
1954 1204 2161 1256 ecclesia
2186 1203 2238 1255 in

656 1312 944 1373 solitudine,
969 1326 1080 1362 cum
1106 1306 1304 1375 angelo.
1334 1302 1418 1373 qui
1437 1302 1735 1371 loquebatur
1755 1299 1799 1350 ei
1821 1297 1871 1349 in
1895 1304 2061 1347 monte
2083 1294 2233 1358 Sina,

651 1418 696 1459 et
727 1421 837 1457 cum
872 1404 1097 1469 patribus
1129 1397 1308 1451 nostris
1324 1411 1342 1457 ;
1370 1394 1454 1463 qui
1481 1392 1671 1461 accepit
1692 1389 1836 1442 verba
1858 1388 1968 1439 vita:
1992 1385 2115 1436 dare
2140 1400 2236 1435 no-

653 1498 745 1550 bis.
775 1496 977 1547 Rursus
1005 1505 1262 1559 nusquam
1294 1485 1568 1554 templum,
1604 1494 1864 1547 nusquam
1894 1474 2231 1531 sacriﬁcium.

651 1587 776 1641 Cum
822 1586 1019 1652 angelo,
1077 1579 1264 1647 inquit,
1320 1586 1371 1629 ut
1417 1576 1557 1627 daret
1603 1571 1745 1623 nobis
1789 1568 1935 1621 verba
1963 1567 2093 1619 vitm.
2141 1564 2236 1618 Hic

651 1676 902 1733 ostendit,
940 1674 1108 1741 ipsum
1142 1684 1246 1721 non
1283 1674 1484 1719 tantum
1530 1663 1679 1731 signa
1712 1660 1919 1721 fecisse,
1953 1656 2043 1710 sed
2074 1656 2234 1710 etiam

650 1769 822 1837 legem
848 1765 1078 1824 dedisse,
1111 1768 1167 1814 ut
1194 1758 1435 1812 Christus
1459 1756 1597 1809 fecit.
1624 1748 2082 1817 Quemadmodum
2108 1760 2235 1814 ergo

655 1859 737 1911 hic
768 1858 937 1925 primo
966 1854 1111 1921 signa
1140 1850 1282 1913 facit,
1311 1858 1365 1901 et
1392 1858 1513 1898 tunc
1541 1844 1709 1912 legem
1739 1842 1830 1894 dat
1860 1857 1871 1891 :
1900 1840 1975 1893 sic
2002 1848 2055 1891 ct
2082 1837 2235 1891 Chri-

651 1962 784 2004 stus.
830 1946 932 2001 Sed
981 1959 1085 1998 non
1136 1941 1420 1994 audierunt
1460 1936 1642 1999 illum,
1682 1947 1894 2000 semper
1937 1942 2233 1997 repugnare

645 2041 811 2104 docti,
843 2046 963 2107 post
1007 2036 1154 2103 signa
1204 2032 1311 2094 illa,
1348 2038 1466 2099 post
1494 2027 1728 2097 prodigia
1765 2038 1857 2092 per
1883 2020 2231 2090 quadraginta

645 2146 812 2188 οιιιιος
843 2128 1005 2181 edita.
1045 2124 1226 2191 Neque
1267 2122 1367 2174 hoc
1411 2128 1649 2176 tantum,
1689 2114 1781 2168 sed
1822 2124 1874 2165 et
1902 2109 2230 2166 contrarium

646 2222 1007 2277 exhibuerunt
1031 2230 1045 2277 ;
1073 2214 1211 2282 quod
1236 2209 1535 2270 declarans,
1561 2204 1754 2271 adjecit
1777 2221 1789 2255 :
1812 2202 1904 2254 59.
1936 2200 2027 2252 Cui
2057 2200 2233 2250 uolue-

644 2322 762 2366 runt
784 2308 984 2363 obedire
1005 2314 1170 2371 patres
1192 2300 1382 2359 nostri;
1408 2298 1497 2351 sed
1520 2295 1832 2363 repulerunt,
1857 2301 1902 2343 et
1924 2288 2085 2341 aversi
2117 2296 2233 2339 sunt

642 2404 877 2458 cordibus
905 2398 1010 2451 suis
1037 2397 1087 2447 in
1114 2392 1421 2462 ngyptttm,
1450 2388 1538 2442 40.
1559 2387 1777 2438 dicentes
1795 2383 1862 2434 ad
1886 2380 2055 2433 Aaron
2082 2392 2101 2430 .'
2124 2376 2233 2429 Fac

644 2494 783 2547 nobis
824 2492 961 2549 deos,
998 2486 1082 2555 qui
1126 2484 1408 2552 prwcedant
1437 2495 1527 2531 nos
1562 2492 1579 2529 :
1613 2474 1814 2544 Moyses
1841 2476 1971 2524 enim
2002 2470 2102 2530 ltic,
2132 2468 2222 2536 qui

644 2585 815 2641 eduait
853 2598 942 2634 nos
966 2579 1027 2631 de
1060 2589 1192 2629 terra
1227 2571 1466 2641 Egypti,
1500 2568 1747 2621 nescimus
1783 2563 1904 2630 quid
1942 2565 2132 2631 factum
2167 2558 2230 2611 sit

644 2674 898 2745 ei(E.tod.
926 2671 1014 2726 52.
1048 2670 1122 2735 1).
1149 2667 1238 2719 41.
1264 2663 1327 2717 Et
1356 2660 1563 2714 vitulum
1586 2660 1807 2727 fecerunt
1834 2654 1884 2706 in
1909 2651 2081 2705 diebus
2106 2650 2227 2713 illis,

644 2780 689 2822 et
715 2741 999 2821 obtulerunt
1026 2759 1240 2812 hostiam
1263 2754 1556 2814 sintulacro,
1588 2759 1632 2801 et
1653 2746 1956 2801 lwtabantur
1981 2744 2034 2795 in
2057 2741 2228 2810 operi-

642 2861 735 2912 bus
766 2869 1007 2907 manuum
1027 2864 1253 2903 suarum.
1280 2844 1367 2899 42.
1399 2841 1651 2895 Convertit
1677 2848 1845 2890 autem
1868 2835 2024 2897 Deus,
2051 2842 2095 2885 et
2119 2842 2229 2884 tra-

643 2949 767 3003 didit
799 2947 914 2998 illos
943 2942 1125 2996 servire
1155 2937 1347 2990 militia:
1377 2933 1507 2995 cadi,
1543 2932 1671 2983 sicut
1696 2928 1939 2996 scriptum
1980 2935 2053 2977 est
2083 2927 2133 2974 in
2166 2922 2230 2974 li-

643 3043 732 3093 bro
759 3040 1115 3109 pmphetarum
1139 3049 1155 3083 :
1190 3026 1452 3093 Numquid
1477 3022 1700 3076 victimas
1727 3030 1772 3072 et
1800 3016 2051 3083 sacriﬁcia
2078 3016 2227 3067 obtu-

645 3102 770 3184 listis
799 3102 918 3178 mihi
944 3124 1090 3175 annis
1128 3118 1464 3187 quadraginta
1501 3113 1551 3164 in
1588 3111 1806 3171 deserto,
1852 3106 2029 3159 domus
2064 3102 2230 3156 Israel

652 3226 826 3289 (Amos
873 3218 924 3272 5.
960 3213 1095 3281 25)?
1136 3211 1221 3264 45.
1272 3207 1333 3261 Et
1372 3206 1657 3269 suscepistis
1699 3199 2072 3251 tabernaculum
2117 3192 2231 3246 Mo-

645 3287 777 3373 locli,
808 3322 853 3365 et
876 3310 1015 3362 sidus
1035 3305 1114 3357 dei
1136 3301 1283 3356 vestri
1310 3297 1595 3365 Rempltan,
1630 3293 1841 3361 ﬁguras,
1864 3305 1989 3357 quas
2016 3287 2225 3355 fecistis,

642 3418 699 3460 ut
725 3400 1001 3457 adoraretis
1029 3412 1133 3449 eas.
1172 3392 1234 3445 Et
1265 3388 1569 3455 transferant
1609 3400 1695 3437 vos
1722 3392 1861 3433 trans
1894 3378 2224 3448 Babylonem.

648 3494 905 3554 Tradidit;
929 3490 1028 3539 hoc
1054 3486 1190 3537 idem
1213 3490 1295 3535 est
1323 3492 1405 3544 ac,
1424 3474 1681 3545 permisit.
1713 3472 1800 3525 44.
1824 3468 2227 3523 Tabernaculum

646 3581 912 3639 testimonii
938 3586 1044 3631 erat
1072 3572 1298 3643 patribus
1326 3568 1509 3622 nostris
1549 3566 1603 3617 in
1641 3564 1855 3624 deserto,
1888 3560 2014 3613 sicut
2040 3568 2230 3612 statuo-

642 3688 720 3732 rat
751 3676 850 3729 illis
884 3674 1088 3741 loquens
1114 3667 1180 3718 ad
1218 3664 1466 3733 Moysem,
1503 3664 1555 3713 ut
1582 3661 1766 3730 faceret
1794 3654 1925 3708 illud
1954 3652 2229 3707 secundum

642 3774 879 3840 formam,
908 3778 1056 3833 quant
1088 3759 1276 3811 viderat
1308 3753 1501 3825 (Exod.
1532 3750 1621 3805 25.
1654 3748 1767 3819 40).
1799 3748 1945 3802 Licet
1972 3746 2225 3801 taberna-

643 3860 820 3914 culum
852 3863 1016 3917 esset,
1045 3849 1303 3903 sacriﬁcia
1337 3860 1440 3900 non
1473 3852 1643 3898 erant.
1676 3840 1828 3907 Quod
1858 3853 1985 3892 vero
2013 3853 2118 3890 non
2143 3851 2228 3889 es-

644 3962 786 4016 sent,
821 3948 1077 4018 propheta
1106 3944 1343 3996 drclarat
1372 3938 1453 3991 his
1475 3936 1653 3990 verbis
1678 3952 1690 3987 :
1718 3930 1980 4000 Numquid
2005 3931 2227 3983 victimas

645 4056 689 4098 et
718 4040 967 4109 sacriﬁcia
990 4033 1240 4089 obtulistis
1272 4031 1396 4082 milii
1415 4029 1440 4079 ?
1477 4026 1902 4080 Tabernaculunt
1938 4021 2225 4076 testimonii

642 4145 776 4198 erat,
800 4143 853 4185 et
887 4128 1014 4183 nihil
1048 4127 1173 4194 ipsis
1202 4123 1470 4193 proderat,
1506 4118 1598 4172 sed
1621 4116 2092 4171 consumebantur.
2121 4112 2227 4166 Ne-

641 4241 747 4294 que
777 4220 1000 4275 antehac
1023 4219 1124 4271 illis
1150 4229 1321 4283 Signa,
1353 4225 1524 4279 neque
1554 4219 1731 4277 postea
1761 4205 2074 4276 profuerunt
2097 4204 2221 4257 illis.

643 4318 729 4370 45.
765 4313 911 4379 Quod
936 4321 982 4363 et
1014 4308 1340 4368 induxerunt,
1370 4302 1699 4371 suscipientes
1728 4308 1895 4369 patres
1925 4298 2103 4349 nostri.
2139 4295 2227 4349 Vi-

644 4408 761 4461 den'
793 4406 860 4457 ihi
890 4403 1061 4455 locum
1090 4409 1331 4453 sanctum
1368 4410 1509 4457 esse,
1538 4386 1625 4447 tibi
1652 4402 1735 4444 est
1767 4388 1947 4444 Deus?
1980 4388 2123 4450 Ideo,
2160 4386 2225 4440 In

642 4502 859 4558 deserto,
889 4494 1040 4555 dixit,
1066 4500 1120 4543 ut
1148 4489 1317 4541 locum
1352 4486 1466 4539 loco
1497 4483 1758 4538 coal’erat.
1791 4480 1991 4533 Deinde
2019 4478 2225 4533 beneﬁ—

642 4589 781 4641 cium
812 4584 1069 4653 sequitur.
1107 4580 1168 4632 Et
1193 4578 1519 4637 induxerunt,
1563 4573 1751 4643 inquit,
1786 4573 2113 4640 suscipientes
2134 4587 2224 4640 ραι

642 4693 741 4735 tres
767 4679 923 4731 nostri
954 4692 1068 4728 cum
1096 4672 1126 4726 Ι
1135 4689 1219 4726 esu
1245 4672 1296 4724 in
1325 4670 1686 4738 possessionem
1710 4667 1952 4735 gentium,
1981 4681 2105 4733 quas
2131 4680 2223 4717 es;-

644 4774 769 4842 pulit
816 4772 948 4822 Deus
988 4785 1019 4819 a
1059 4766 1188 4835 facie
1234 4774 1438 4833 patrum
1483 4770 1769 4813 nostrorum
1815 4774 1973 4827 usque
2010 4758 2077 4809 ad
2119 4758 2225 4811 dies

646 4864 827 4923 David,
861 4863 947 4914 46.
981 4860 1063 4928 qui
1093 4858 1276 4910 invenit
1304 4855 1521 4925 gratiam
1560 4864 1677 4905 ante
1705 4850 1891 4916 Deum,
1930 4862 1978 4904 et
2006 4852 2144 4920 petiit
2169 4860 2223 4903 ut

643 4956 882 5011 mveniret
904 4950 1280 5005 tabernaculum
1308 4947 1399 5000 Dei
1427 4946 1586 4999 Jacob
1618 4944 1789 5015 (Psal.
1824 4946 1945 4999 131.
1966 4944 2047 5011 5).
2069 4944 2225 4997 Petiit

643 5046 909 5103 aediﬁcare
934 5042 1118 5107 David,
1145 5050 1198 5094 et
1229 5055 1333 5092 non
1364 5051 1677 5090 concessum
1709 5044 1793 5089 est
1823 5050 1895 5099 et,
1935 5050 2126 5103 magno
2157 5034 2223 5087 li-

641 5149 727 5196 cet
748 5148 803 5193 et
831 5135 1095 5198 mirabili;
1135 5131 1230 5187 sed
1277 5129 1501 5183 aediﬁcat
1542 5127 1785 5194 abjecnus
1819 5127 1906 5179 ille
1944 5125 2220 5179 Salomon.

644 5233 769 5287 Ideo
792 5235 866 5285 ait
890 5247 903 5282 :
927 5228 1017 5283 47.
1068 5226 1315 5279 Salomon
1353 5232 1519 5275 autem
1566 5220 1835 5287 wdiﬁcavit
1872 5218 1950 5271 illi
1993 5219 2220 5271 domum.

642 5327 727 5380 48.
760 5323 865 5379 Sed
894 5337 994 5374 non
1021 5319 1305 5372 Altissimus
1347 5317 1400 5369 in
1437 5313 1741 5381 manufactis
1769 5312 1968 5381 templis
2007 5312 2220 5364 habitat.

642 5415 756 5469 Jatn
786 5415 886 5467 hoc
917 5428 1008 5481 per
1029 5426 1111 5473 ea,
1136 5426 1252 5479 qute
1279 5423 1436 5476 supra
1461 5408 1601 5461 dicta
1629 5416 1773 5470 sunt,
1806 5415 2080 5460 ostensum
2105 5412 2220 5469 est;

641 5505 937 5559 declaratur
958 5504 1114 5556 etiam
1132 5517 1195 5555 ex
1216 5500 1522 5569 prophetica
1539 5513 1668 5551 voce
1690 5516 1702 5548 :
1727 5496 1994 5567 quomodo
2018 5506 2217 5557 autem,

638 5598 760 5651 audi
791 5595 1085 5663 sequentia.
1124 5593 1269 5647 Sicut
1291 5591 1537 5661 preplteta
1567 5590 1727 5643 dicit:
1755 5590 1840 5644 49.
1875 5588 2065 5644 Citium
2095 5588 2218 5640 nu‘tci

636 5690 775 5743 sedes
804 5697 895 5750 est,
943 5696 1075 5738 terra
1121 5694 1286 5737 autent
1326 5682 1595 5736 scabellum
1640 5682 1823 5752 pedum
1864 5697 2111 5734 meorum.
2153 5678 2221 5731 Et

636 5796 783 5849 quant
809 5778 1014 5833 domum
1040 5775 1353 5847 wdiﬁcubitis
1379 5774 1522 5843 mihi,
1546 5774 1665 5827 dicit
1688 5771 1979 5827 Dominus?
2000 5769 2221 5841 autquis

1410 366 1469 423 S.
1507 364 1782 423 JOANNIS
1818 362 2290 420 CIIRYSOSTOMI
2329 362 2649 420 ARCIIIEP.
2689 363 3223 420 CONSTANTINOP.

3831 370 3935 427 I38

2353 474 2491 528 locus
2514 475 2835 543 requietionis
2866 492 2989 529 mete
3013 487 3083 529 est
3102 476 3127 528 .9
3156 474 3245 530 50.
3275 490 3445 527 nonne
3470 490 3650 527 manus
3686 490 3799 529 mea
3816 478 3947 545 fecit

2348 566 2455 619 lucc
2476 567 2646 619 omnia
2663 564 2814 635 (lsai.
2840 566 2926 620 66.
2954 567 3048 633 1)?
3077 566 3155 620 Ne
3184 565 3469 628 miremini,
3501 565 3692 634 inquit,
3722 566 3765 619 si
3787 564 3951 619 Chri-

2346 668 2460 710 stus
2490 658 2573 719 iis,
2604 658 2693 725 qui
2718 673 2937 731 regnum
2965 658 3129 728 ipsius
3149 658 3411 726 rcjiciunt,
3440 658 3576 712 bene
3603 657 3747 717 facit,
3769 672 3948 727 quan-

2346 745 2632 815 doquident
2659 758 2711 801 et
2740 747 2791 801 in
2832 747 3012 817 Moyse
3050 748 3154 801 hoc
3196 749 3390 801 factum
3420 759 3522 801 est.
3564 748 3630 800 Et
3669 763 3776 801 non
3805 748 3945 801 sim-

2347 836 2556 904 plicitcr
2585 836 2706 889 illos
2752 838 2911 901 eruit,
2959 836 3051 891 sed
3098 837 3149 889 in
3195 838 3408 891 deserto
3455 847 3695 906 agentes.
3731 836 3945 903 Viden‘,

2344 925 2483 993 quod
2516 934 2733 994 propter
2776 927 2896 980 illos
2938 928 3086 995 signa
3140 927 3227 979 illa
3266 927 3408 980 edita
3451 926 3591 980 sint?
3633 925 3817 995 Itaque
3852 928 3945 995 qui

2344 1030 2464 1070 cum
2495 1016 2607 1071 Deo
2643 1017 2894 1086 loquutus
2922 1029 3025 1080 est,
3059 1018 3147 1085 qui
3180 1017 3315 1070 mire
3346 1026 3627 1081 servatus,
3670 1018 3760 1085 qui
3796 1026 3945 1069 tanta

2345 1106 2469 1161 fecit
2498 1110 2769 1180 etpotuit;
2805 1110 3035 1163 ostendit
3062 1110 3281 1163 omnino
3301 1116 3554 1177 Oportere
3581 1108 3789 1175 impleri
3815 1124 3947 1175 pro-

2346 1200 2602 1268 phetiant,
2634 1216 2735 1256 nec
2764 1212 3042 1256 aversatur
3068 1202 3169 1255 sibi
3215 1202 3337 1270 ipsi.
3377 1200 3482 1255 Sed
3518 1199 3768 1268 superius
3796 1198 3945 1252 dicta

2343 1301 2666 1359 repetamus.
2702 1292 2800 1345 Hic
2820 1303 2910 1355 est,
2945 1294 3131 1362 inquit,
3169 1292 3371 1362 Moyses
3394 1293 3480 1359 qui
3507 1292 3635 1343 dixit
3667 1306 3685 1344 :
3715 1289 3947 1356 Prophe-

2341 1392 2444 1435 tam
2484 1384 2619 1438 vobis
2655 1385 2916 1437 suscitabit
2959 1383 3209 1437 Dominus
3240 1395 3495 1453 tamquam
3526 1399 3625 1435 me.
3669 1382 3779 1435 lloc
3809 1394 3946 1451 pnzo

2341 1475 2609 1529 Christum
2641 1477 2941 1544 resltcxisse
2970 1492 3090 1529 cum
3117 1476 3253 1529 dixit
3290 1493 3303 1527 :
3333 1474 3419 1528 Ea:
3440 1473 3641 1527 Iudicis
3683 1474 3825 1526 salus
3869 1484 3943 1526 est

2342 1565 2517 1634 (Joan.
2547 1567 2597 1618 4.
2628 1565 2743 1635 2‘2),
2770 1567 3006 1634 seipsnm
3030 1564 3395 1619 suhiudicans.
3423 1562 3523 1615 Hic
3544 1575 3636 1628 est,
3659 1564 3742 1631 qui
3767 1564 3867 1631 fuit
3890 1564 3941 1614 in

2341 1655 2535 1708 deserto
2565 1671 2679 1707 cum
2712 1656 2913 1724 angelo,
2953 1656 3039 1724 qui
3069 1655 3366 1725 loquebatur
3404 1654 3521 1721 ipsi.
3564 1653 3702 1707 Ecce
3745 1654 3941 1705 iterum

2340 1742 2575 1800 ostendit
2603 1746 2773 1814 ipsum
2797 1746 3009 1799 dedisse
3032 1745 3224 1815 legem,
3252 1744 3516 1814 siquidem
3540 1758 3660 1798 cum
3682 1745 3798 1813 ipso
3821 1753 3939 1795 erat

2342 1839 2392 1893 in
2423 1850 2563 1893 etetu
2602 1840 2652 1893 in
2697 1840 2930 1893 deserto.
2986 1838 3083 1893 llic
3128 1854 3259 1892 vero
3309 1837 3626 1891 miraculum
3683 1852 3939 1906 magnum

2337 1933 2497 1985 etiam
2524 1940 2909 1984 commemorat
2940 1932 2989 1984 in
3019 1940 3201 1985 monte
3230 1930 3445 1984 factum.
3474 1929 3574 1996 Qui
3608 1929 3797 1996 accepit
3826 1946 3943 1982 ver-

2336 2027 2400 2076 ba
2428 2025 2559 2087 vitae,
2589 2032 2645 2075 ut
2678 2023 2823 2076 daret
2859 2022 3021 2075 nobis.
3051 2022 3259 2091 Ubique
3301 2022 3562 2076 mirabilis
3586 2034 3669 2077 est
3697 2020 3936 2096 Moyses,

2338 2117 2568 2169 maxime
2595 2131 2724 2169 vero
2752 2116 2965 2184 quando
3006 2115 3089 2169 lex
3118 2114 3291 2169 danda
3320 2123 3455 2169 erat.
3502 2114 3639 2181 Quid
3680 2115 3781 2169 sibi
3824 2115 3939 2166 vult

2340 2206 2491 2270 illud,
2533 2205 2694 2259 Verba
2723 2207 2877 2260 vita?
2904 2206 2995 2260 Vel
3024 2222 3108 2273 ea,
3138 2221 3364 2275 quorum
3394 2205 3514 2259 ﬁnis
3539 2220 3634 2275 per
3652 2219 3938 2260 sermones

2339 2298 2757 2363 monstrabatur,
2789 2298 2868 2351 vel
2897 2298 3204 2367 prophetias
3231 2297 3378 2352 dicit.
3410 2297 3543 2351 llinc
3568 2298 3812 2367 sequitur
3833 2298 3935 2351 cri-

2338 2388 2559 2442 minatio
2585 2390 2636 2442 in
2687 2389 3039 2457 patriarchas.
3072 2390 3159 2459 qui
3203 2399 3320 2458 post
3361 2391 3510 2459 signa
3555 2399 3608 2443 et
3647 2390 3931 2453 miracula,

2337 2490 2614 2547 pOStquam
2646 2488 2965 2546 acoeperant
2986 2480 3144 2533 verba
3165 2481 3306 2545 vitae,
3330 2479 3393 2533 Ei
3419 2480 3709 2543 noluerunt,
3735 2481 3931 2549 inquit,

2335 2569 2616 2625 obedientes
2640 2586 2766 2625 esse.
2785 2571 2949 2625 Recte
2971 2580 3146 2626 autem
3167 2571 3317 2637 dixit,
3335 2570 3495 2625 Verba
3515 2573 3649 2637 vitm,
3667 2580 3724 2626 ut
3743 2582 3902 2627 osten
3917 2603 3935 2615 -

2334 2663 2485 2717 deret
2510 2677 2629 2716 esse
2655 2677 2866 2731 quoque
2895 2661 3057 2717 verba
3082 2677 3186 2716 non
3214 2661 3467 2727 viventia,
3490 2662 3559 2716 de
3581 2663 3775 2732 quibus
3797 2662 3937 2717 Exe-

2336 2754 2476 2809 chiel
2506 2755 2614 2807 ait:
2644 2753 2709 2806 Et
2733 2754 2849 2807 dedi
2877 2754 3014 2807 vobis
3043 2761 3297 2823 prarcepta
3318 2770 3417 2806 non
3438 2751 3570 2807 bona
3590 2752 3807 2823 (Eseclt.
3837 2753 3935 2808 20.

2335 2846 2448 2917 25).
2478 2846 2622 2901 Talia
2645 2862 2773 2915 ergo
2805 2846 3097 2915 respiciens
3125 2845 3278 2911 dixit,
3312 2842 3475 2898 Verba
3495 2845 3628 2897 vitae.
3652 2845 3760 2899 Sed
3778 2862 3935 2915 repu-

2334 2938 2522 3001 lerunt,
2543 2948 2589 2991 et
2609 2939 2770 2991 aversi
2790 2947 2905 2991 sunt
2922 2938 3157 2991 cordibus
3177 2941 3283 2991 suis
3300 2938 3351 2991 in
3366 2936 3657 3008 zEgyptum
3677 2953 3697 3002 ;
3730 2938 3817 2992 ubi
3852 2940 3934 2992 itt-

2334 3030 2699 3100 gemisccbant
2717 3030 2753 3095 ',
2778 3031 2863 3085 ubi
2881 3030 3201 3095 clamabant,
3234 3029 3374 3085 unde
3394 3030 3560 3084 Deum
3581 3030 3927 3085 invocabant.

2337 3120 2404 3175 Et
2427 3122 2656 3175 dicebant
2693 3123 2880 3174 Aaroni
2900 3137 2920 3173 :
2951 3120 3057 3174 Fac
3074 3121 3216 3175 nobis
3237 3122 3375 3186 deos,
3394 3123 3480 3192 qui
3502 3122 3791 3192 prtecedant
3812 3139 3929 3176 nos.

2405 3215 2461 3267 2.
2502 3214 2805 3267 Iudaeorum
2844 3212 3300 3282 iasipientia.—0
3344 3213 3741 3283 insipientiam!
3794 3211 3931 3275 Fac,

2336 3307 2599 3376 inquiunt,
2648 3315 2702 3358 ut
2742 3307 3028 3373 praecedant
3064 3320 3175 3357 nos.
3214 3304 3367 3371 Quo?
3394 3304 3448 3357 In
3482 3303 3793 3373 Egyptum.
3840 3303 3934 3357 Vi-

2335 3399 2477 3463 den‘,
2507 3414 2664 3467 quam
2691 3412 2832 3468 mgre
2858 3396 3217 3450 avellerentur
3240 3410 3269 3449 a
3302 3396 3541 3450 moribus
3563 3395 3933 3466 Egyptiacis?

2333 3490 2469 3557 Quid
2503 3489 2680 3543 dicis?
2716 3504 2821 3542 non
2867 3496 3146 3557 exspectas
3186 3502 3307 3540 eum
3347 3488 3436 3557 qni
3478 3495 3530 3541 te
3568 3486 3790 3553 eduxit;
3835 3487 3931 3541 sed

2337 3595 2499 3649 negas
2538 3580 2878 3641 beneﬁcium,
2910 3588 2963 3633 et
3006 3592 3036 3631 a
3086 3575 3427 3631 benefactore
3467 3576 3643 3646 fugis?
3680 3578 3743 3630 Et
3786 3578 3930 3643 vide,

2334 3672 2605 3743 quomodo
2647 3672 2968 3726 contumelia
3000 3670 3258 3725 afﬁciunt.
3306 3668 3508 3739 Moyses
3536 3669 3670 3721 enim
3706 3669 3809 3735 hic,
3846 3670 3931 3721 itt-

2333 3763 2539 3833 quiuut,
2572 3764 2660 3833 qui
2688 3764 2862 3817 eduxit
2890 3778 2979 3815 nos
3008 3763 3070 3815 de
3095 3771 3229 3815 terra
3257 3759 3496 3830 Egypti.
3524 3758 3798 3827 Nusquam
3837 3760 3931 3814 Dei

2334 3872 2550 3919 nomen,
2584 3854 2677 3909 sed
2705 3853 2883 3907 omnia
2923 3853 3090 3924 Moysi
3122 3851 3449 3905 adscribunt.
3485 3852 3549 3904 Et
3578 3866 3700 3905 cum
3729 3854 3932 3921 gratias

2334 3963 2491 4016 agere
2516 3956 2809 4015 Oporteret,
2842 3945 3078 4015 Moysem
3107 3943 3159 3997 in
3193 3943 3427 3997 medium
3460 3943 3731 3997 adducunt
3760 3959 3774 3996 :
3809 3960 3930 3997 cunt

2333 4048 2511 4091 autem
2542 4036 2642 4105 legi
2662 4035 3019 4089 obedientium
3046 4043 3177 4093 erat,
3205 4048 3308 4086 non
3328 4034 3437 4101 jam
3465 4033 3700 4103 Moysent
3724 4048 3931 4087 memo-

2333 4139 2474 4185 rant.
2508 4129 2665 4195 Atqui
2702 4127 2930 4190 dixerat,
2976 4140 3035 4180 se
3071 4124 3384 4190 ascendere,
3418 4133 3475 4177 ut
3503 4123 3675 4193 legem
3713 4125 3930 4193 accipe-

2333 4231 2413 4275 ret
2439 4236 2453 4285 ;
2486 4221 2560 4275 illi
2595 4235 2721 4273 vero
2744 4235 2811 4273 ne
2840 4234 2935 4288 per
2964 4216 3311 4287 quadraginta
3344 4215 3558 4286 quidem
3586 4217 3704 4270 dies
3730 4232 3930 4286 exspe-

2332 4321 2565 4365 ctarunt.
2615 4309 2722 4361 Fac
2758 4309 2899 4362 nobis
2930 4309 3068 4360 deos.
3105 4306 3222 4360 Non
3266 4308 3534 4375 dixerunt,
3577 4307 3767 4370 Deum,
3812 4308 3926 4373 sed,

2334 4400 2468 4455 Deos
2495 4418 2512 4455 :
2536 4401 2613 4454 sie
2637 4397 3123 4462 debacchabantur,
3148 4407 3204 4451 ιιι
3225 4398 3493 4451 nescirent
3512 4397 3635 4468 quid
3659 4398 3925 4454 dicen-nt.

2334 4492 2401 4547 Et
2424 4499 2646 4565 fecerunt
2668 4492 2880 4545 vitulum
2902 4491 2951 4543 in
2968 4490 3142 4543 diebus
3163 4490 3284 4556 illis,
3308 4499 3355 4543 et
3370 4490 3652 4543 obtulerunt
3673 4490 3930 4558 sacriﬁcia

2333 4586 2490 4640 idolo.
2526 4584 2768 4639 Vidlstin‘
2796 4583 3153 4653 insipientiam
3200 4582 3512 4653 ingentem?
3543 4576 3639 4637 Ubi
3679 4587 3930 4652 apparuit

2337 4679 2476 4733 Deus
2500 4678 2683 4749 Moysi,
2718 4680 2769 4730 ht
2799 4677 3021 4730 vitulum
3052 4675 3328 4733 faciunt,ct
3359 4675 3657 4729 immolant.
3688 4674 3753 4727 Et
3777 4674 3928 4729 icta-

2334 4772 2534 4837 bantur,
2561 4771 2751 4840 inquit,
2776 4770 2828 4822 in
2853 4768 3085 4837 Oper-ibus
3108 4782 3348 4819 manuum
3375 4781 3605 4818 suarum.
3636 4765 3712 4819 De
3730 4767 3931 4835 quibus

2331 4863 2652 4917 erubescere
2676 4860 2978 4929 oportebat,
3007 4857 3344 4913 laetabantur.
3380 4856 3445 4909 Et
3471 4856 3596 4927 quid
3630 4858 3849 4923 mirum,
3883 4861 3927 4913 si

2334 4955 2591 5024 ignoratis
2627 4953 2922 5015 Christum,
2964 4950 3179 5020 quando
3214 4959 3265 5004 et
3305 4950 3541 5019 Moysem
3588 4950 3849 5018 ignoratis
3875 4967 3930 5008 et

2334 5046 2521 5112 Deum,
2540 5054 2632 5100 tot
2656 5046 2823 5113 signis
2846 5043 3137 5097 exhibitum
3160 5043 3183 5095 ?
3210 5041 3287 5095 Illi
3316 5056 3446 5097 vero
3476 5058 3581 5095 non
3611 5044 3928 5109 ignorarunt

2332 5139 2512 5203 modo,
2544 5138 2637 5192 sed
2664 5146 2718 5192 et
2743 5137 2847 5189 alio
2875 5134 3035 5189 modo
3071 5137 3393 5188 contumelia
3437 5134 3751 5195 aﬁ‘ecerunt,
3798 5135 3926 5187 dmn

2332 5232 2469 5286 idola
2501 5232 2757 5286 facerent.
2789 5228 3042 5282 Convertit
3069 5238 3235 5280 autem
3275 5226 3437 5291 Deus,
3482 5237 3528 5280 et
3557 5228 3768 5282 tradidit
3808 5230 3926 5283 illos

2329 5326 2513 5377 servire
2541 5322 2735 5375 militiae
2762 5321 2891 5373 cwli.
2935 5320 3067 5373 llinc
3102 5335 3281 5373 mores
3312 5318 3405 5382 illi,
3450 5316 3575 5373 hinc
3612 5318 3876 5374 sacriﬁcia
3903 5356 3916 5375 .

2330 5419 2424 5486 ipsi
2457 5417 2683 5485 primum
2715 5414 2869 5467 idolis
2885 5412 3271 5467 sacriﬁcarunt.
3298 5410 3409 5463 [loc
3425 5408 3731 5479 signiﬁcans
3756 5409 3923 5465 David

2328 5510 2452 5562 dicit
2487 5529 2499 5561 :
2536 5508 2601 5559 Et
2644 5511 2868 5576 fecerunt
2911 5505 3121 5557 vitulum
3160 5505 3212 5556 in
3251 5503 3466 5567 Clioreb,
3495 5515 3541 5556 et
3580 5504 3925 5558 adoraverunt

2328 5600 2559 5670 sculptile
2592 5596 2761 5669 (Psal.
2795 5596 2914 5652 105.
2948 5595 3059 5667 19).
3098 5594 3233 5651 Nam
3266 5596 3494 5649 antehac
3534 5610 3799 5665 nusquam
3839 5610 3924 5649 sa-

2393 5779 2409 5810 ⁸
2437 5778 2572 5839 Haec,
2600 5774 2678 5827 ubi
2700 5770 3089 5837 injentisrebant,
3114 5771 3294 5825 desunt
3316 5772 3366 5821 in
3390 5784 3488 5820 uno
3510 5769 3631 5823 Cod.
