4088 6326
164 467 257 523 137

163 581 335 635 criticii
379 595 605 645 nomen,
652 581 748 636 sed
783 588 1048 649 przireepta
1083 581 1219 642 viva,
1254 585 1307 632 et
1344 578 1552 645 eloquia
1597 575 1714 628 vita
1750 592 1760 622 τ

163 688 413 742 nusquam
447 673 807 732 initiationes,
835 672 927 726 sed
954 672 1210 724 miracula
1245 682 1296 724 et
1324 669 1474 738 signa
1503 668 1761 722 exhibita.

163 765 298 818 Sicut
327 768 576 834 scriptum
608 776 681 818 est
717 767 768 818 iu
814 764 942 817 libro
975 767 1359 832 prophetarum.
1397 763 1492 816 lIic
1527 762 1760 815 testiino-

161 857 294 908 niu;n
329 873 433 909 non
472 858 595 910 sine
638 870 797 910 causa
837 856 1073 920 adducit,
1121 854 1217 909 sed
1261 864 1317 908 ut
1356 840 1606 908 ostendat
1657 868 1763 906 non

158 965 268 1005 esse
300 950 583 1004 Sacriﬁciis
621 964 777 1019 opus.
809 950 874 1003 Et
907 949 1044 1012 vide,
1079 950 1203 1016 quid
1235 947 1399 1002 dicat.
1442 947 1581 1000 Nam
1623 947 1764 999 victi.

160 1060 256 1097 nias
282 1054 326 1096 et
355 1044 618 1111 sacriﬁcia
648 1043 899 1097 obtulistis
931 1042 1056 1095 milii
1095 1043 1148 1094 iu
1180 1041 1377 1094 deserto
1421 1040 1762 1109 quadraginta

157 1136 335 1189 anuis?
363 1134 428 1187 Et
455 1136 727 1202 accepistis
757 1136 1146 1189 tabernaculum
1172 1134 1397 1197 .Ilolocli,
1427 1144 1471 1186 et
1496 1133 1637 1186 sidus
1666 1132 1763 1186 Dei

156 1231 292 1284 vestri
337 1228 650 1298 Remphau,
696 1228 889 1297 figuras
933 1243 1059 1296 quas
1102 1226 1330 1297 fecistis,
1376 1235 1431 1277 ut
1479 1224 1762 1280 adorta-etis

157 1343 250 1379 eas.
279 1324 410 1379 Cum
437 1325 686 1394 emphasi
722 1326 990 1394 loquitur;
1021 1325 1122 1378 hoc
1150 1339 1277 1378 vero
1307 1322 1574 1392 signiﬁcat
1605 1339 1617 1373 :
1642 1321 1757 1374 Non

158 1419 368 1485 potestis
417 1417 630 1482 dicere,
683 1432 776 1471 vos
832 1416 973 1486 quod
1021 1417 1148 1470 mihi
1202 1413 1600 1476 sacriﬁcareiis,
1653 1413 1760 1467 illis

155 1512 301 1564 etiam
332 1511 759 1574 sacriﬁcavisse;
807 1518 862 1564 et
904 1510 1084 1563 hocin
1130 1509 1366 1574 deserto,
1410 1508 1497 1561 ubi
1527 1507 1759 1560 maxime

156 1606 248 1658 illis
287 1605 633 1673 prmsidehat.
680 1602 746 1656 Et
791 1604 1057 1672 accepistis
1094 1602 1478 1656 tabernaculum
1527 1599 1753 1653 Molor/i.

155 1697 214 1751 Et
255 1697 364 1751 haec
408 1697 511 1750 fuit
557 1711 718 1751 causa
763 1695 1174 1750 sacriﬁciorum.
1218 1693 1282 1747 Et
1328 1697 1632 1764 transferam
1673 1708 1757 1744 vus

154 1790 276 1840 ultra
303 1787 638 1859 Babylonem.
675 1789 763 1843 Sic
805 1797 858 1841 et
896 1787 1179 1858 captivitas
1223 1786 1495 1840 accusatio
1538 1784 1756 1837 malitia:

153 1889 244 1933 est.
276 1879 333 1934 Et
379 1880 678 1949 quomodo,
722 1880 962 1948 inquies,
1007 1887 1123 1933 erat
1167 1877 1576 1930 Tutin-naculum
1618 1875 1758 1927 testi-

153 1974 482 2028 uiunii?lileo
515 1983 654 2034 erat,
678 1983 732 2026 ut
766 1982 955 2027 testem
990 1972 1247 2027 haberent
1280 1973 1472 2026 Deum.
1508 1969 1753 2040 Igiturail

154 2066 244 2120 hoc
269 2067 441 2120 solum
475 2076 616 2120 erat.
656 2066 954 2120 Secundum
996 2069 1236 2135 formum,
1287 2066 1472 2132 inquit,
1518 2079 1631 2133 qua:
1667 2063 1754 2116 tibi

151 2170 412 2213 monstrata
461 2161 562 2229 fuit
605 2161 656 2213 in
697 2169 884 2212 monte.
937 2158 1118 2228 Itaque
1151 2161 1200 2212 in
1244 2169 1425 2212 monte
1463 2156 1753 2226 dcscriptio

153 2253 274 2309 facta
302 2264 383 2309 est
412 2273 425 2306 :
459 2264 516 2308 et
548 2253 654 2309 hoc
684 2255 734 2308 in
765 2254 980 2308 deserto
1024 2252 1529 2313 circuiuferebatur,
1571 2267 1668 2305 nec
1699 2251 1748 2303 in

151 2347 384 2415 quopiam
421 2347 543 2400 loco
573 2346 844 2400 manebat.
879 2345 1306 2399 Tabernaculum
1338 2360 1467 2396 vero
1500 2343 1747 2396 testimo-

153 2439 215 2491 nii
244 2448 416 2504 vocat,
468 2455 578 2492 non
622 2438 722 2492 alia
765 2439 832 2492 de
871 2453 1054 2501 causa,
1100 2452 1261 2507 quam
1297 2437 1367 2490 ob
1409 2434 1664 2489 miracula
1697 2443 1751 2488 et

153 2542 424 2601 prmcepta.
461 2533 717 2586 Attamen
748 2546 848 2586 nec
880 2532 1031 2596 illud,
1066 2546 1163 2585 uec
1191 2531 1264 2584 illi
1292 2529 1549 2598 templum
1580 2527 1749 2580 liabe-

151 2625 281 2690 haiit.
314 2625 455 2694 Ergo
488 2624 713 2695 ligurum
757 2625 902 2678 illam
933 2625 1152 2694 angelus
1196 2623 1438 2678 dederat.
1485 2620 1657 2691 Usque
1684 2620 1750 2671 ad

151 2717 243 2770 dies
271 2716 450 2783 David,
478 2719 672 2786 inquit.
705 2716 888 2786 Itaque
920 2731 1090 2786 usque
1113 2715 1176 2768 ad
1214 2724 1426 2782 tempus
1457 2713 1583 2768 illud
1616 2724 1750 2766 tein-

152 2809 282 2877 pluin
311 2824 413 2862 non
460 2820 600 2871 erat,
646 2808 855 2863 etiamsi
885 2815 1072 2878 gentes
1108 2808 1355 2876 expulsae
1404 2807 1646 2868 fuissent,
1683 2805 1749 2859 de

150 2903 324 2970 quibus
354 2902 427 2955 ait
457 2920 469 2955 :
511 2907 655 2968 Quas
684 2901 874 2968 expulit
916 2899 1052 2954 Deus
1079 2917 1110 2953 a
1147 2901 1280 2971 [acie
1309 2909 1512 2968 patrum
1551 2907 1749 2950 nostro-

150 3009 269 3045 rum.
293 2993 403 3047 Hoc
431 3008 564 3047 vero
581 2993 734 3057 dixit,
761 2992 954 3047 iterum
974 2991 1289 3057 ostendens,
1321 2991 1558 3046 nonduin
1585 2989 1749 3043 fuisse

153 3081 411 3152 templum.
442 3085 583 3150 Quid
611 3084 768 3139 dico?
796 3093 870 3139 tot
902 3084 1180 3149 miracula,
1215 3093 1271 3138 et
1310 3097 1572 3153 nusquam
1608 3091 1747 3136 tein-

151 3176 321 3242 plum?
360 3175 450 3229 Sic
503 3187 560 3231 et
607 3179 836 3244 primum
891 3175 1317 3239 tabernaculum,
1373 3185 1426 3230 et
1479 3188 1744 3242 niiSquam

151 3269 410 3337 templum.
451 3269 515 3323 Et
544 3269 717 3338 petiit,
752 3280 805 3322 iit
839 3268 1104 3324 inveniiet
1141 3270 1368 3339 gratiam
1398 3283 1578 3322 coram
1614 3267 1742 3320 Deo.

152 3357 309 3423 Pctiit,
341 3369 394 3414 et
422 3376 530 3414 non
560 3361 844 3416 aediﬁcavit
873 3380 885 3415 :
923 3362 990 3414 ita
1024 3377 1127 3415 iiou
1173 3377 1424 3431 magnum
1473 3359 1743 3430 quidpiam

150 3461 250 3505 erat
290 3455 585 3523 templum,
629 3455 839 3509 etiamsi
884 3455 1102 3526 quidam
1148 3471 1399 3526 magniun
1441 3455 1748 3525 putaverint

150 3560 254 3598 esse
274 3531 641 3606 Salomonem.
666 3547 806 3616 quod
835 3548 1091 3616 templum
1116 3547 1479 3610 aediﬁcaverit,
1508 3547 1595 3615 qni
1623 3546 1744 3599 ideo

151 3634 282 3690 illum
314 3640 448 3706 patri
477 3639 849 3707 praetulerunt.
881 3638 1033 3706 Quod
1066 3648 1243 3694 autem
1279 3654 1382 3692 non
1415 3639 1571 3692 fuerit
1593 3649 1746 3707 patre

151 3730 341 3797 melior,
372 3732 480 3784 inm
504 3747 679 3800 neque
703 3747 798 3800 par
831 3733 923 3795 illi,
951 3731 1043 3786 sed
1074 3742 1276 3786 tantum
1298 3749 1360 3785 ex
1388 3731 1742 3801 quorumdam

151 3821 404 3889 opinione,
438 3822 488 3876 id
531 3823 770 3877 declarat
800 3825 877 3877 sic
903 3841 1129 3895 pergens
1161 3842 1172 3877 :
1207 3824 1313 3878 Sed
1357 3825 1646 3878 Altissimus
1693 3826 1744 3876 iu

149 3917 437 3984 mauufactis
481 3934 582 3970 non
623 3917 838 3982 habitat,
889 3919 1016 3971 sicut
1063 3920 1312 3988 praplieta
1352 3920 1472 3972 dicit
1505 3935 1522 3971 :
1553 3919 1744 3972 Cie/um

149 4006 259 4057 milii
283 4006 422 4060 sedc:
455 4017 566 4068 est;
600 4017 735 4060 terra
762 4017 928 4060 autent
956 4009 1232 4062 scabellum
1275 4009 1463 4078 pedum
1493 4026 1738 4063 meorum.

147 4095 312 4164 Neque
340 4100 486 4152 enim
522 4098 637 4153 haec
672 4099 781 4153 Deo
799 4099 954 4168 digna
985 4112 1129 4165 sunt,
1163 4110 1346 4168 utpote
1375 4102 1532 4167 facta,
1561 4111 1744 4170 utpote

150 4203 319 4244 manus
347 4192 464 4259 ejus
484 4207 670 4260 opera.
707 4192 859 4258 Vide,
893 4194 1166 4263 quomodo
1199 4195 1320 4248 illos
1349 4196 1604 4264 paulatim
1631 4198 1741 4249 eri-

147 4291 241 4349 gat.
259 4280 664 4338 Ostenditenim
685 4300 783 4354 per
804 4284 1143 4354 prophetam,
1176 4285 1452 4356 indignum
1480 4302 1598 4342 esse
1629 4291 1743 4343 lucc

151 4371 333 4427 debeo
361 4375 569 4429 dicere.
601 4375 669 4429 Et
692 4391 795 4445 qua
823 4377 890 4430 de
931 4391 1113 4440 causa,
1159 4377 1390 4447 inquies,
1429 4379 1514 4434 hic
1543 4381 1744 4435 acriter

149 4463 399 4529 loquitur?
447 4467 609 4521 Multa
651 4468 825 4522 inerat
871 4469 1123 4538 loquendi
1179 4470 1370 4524 liducia
1418 4473 1683 4526 morituro
1724 4492 1739 4530 :

150 4568 256 4608 nam
275 4568 396 4627 puto
413 4559 563 4613 illum
585 4559 687 4614 hoc
710 4576 924 4630 quoque
949 4577 1015 4616 ex
1036 4563 1364 4618 revelatioue
1384 4565 1623 4619 scivisse.
1648 4566 1737 4620 51.

150 4647 276 4701 Dura
304 4654 514 4714 cervice,
553 4664 598 4706 et
629 4654 995 4709 iucircumcisis
1026 4657 1263 4710 cordibus
1294 4667 1338 4709 et
1364 4659 1593 4711 auribus.
1630 4660 1742 4715 lloc

149 4755 338 4812 quoque
357 4747 734 4816 propheticum
755 4759 858 4814 est,
882 4764 1054 4820 neque
1078 4751 1148 4803 illi
1168 4753 1467 4819 proprium.
1494 4751 1592 4808 Vos
1609 4772 1740 4810 sem-

148 4851 224 4901 per
253 4837 466 4905 Spiritui
497 4851 677 4892 δωροῖο
713 4841 967 4906 resistitis,
1008 4844 1137 4895 sicut
1181 4855 1349 4912 puties
1379 4849 1549 4912 vestri,
1583 4849 1654 4900 ita
1694 4859 1741 4902 et

149 4941 239 4980 vos.
265 4928 485 4997 Quando
534 4932 751 4986 nolebat
786 4947 908 4989 esse
943 4937 1227 4998 sacriﬁcia,
1265 4954 1356 4992 vos
1390 4940 1736 4996 sacriﬁcaba-

149 5029 256 5080 “5:
309 5024 527 5092 quando
583 5027 824 5091 volebat,
857 5043 1070 5084 rursum
1140 5048 1245 5083 non
1309 5032 1735 5101 sacriIii-ahatis;

149 5114 342 5177 quando
385 5117 606 5172 nolebat
647 5119 777 5174 dare
824 5120 974 5174 vobis
1007 5133 1297 5190 praecepta,
1351 5124 1734 5193 requirebatis;

149 5206 338 5269 quando
383 5210 710 5279 accepistis,
758 5214 1090 5283 neglexistis.
1138 5217 1346 5272 Rursus
1393 5233 1514 5274 cum
1571 5232 1738 5279 staret

151 5300 407 5368 templum,
454 5304 595 5357 idola
638 5305 930 5368 colebatis;
965 5309 1179 5376 quando
1222 5311 1332 5364 vult
1377 5312 1494 5366 siue
1535 5316 1738 5383 templo

147 5388 254 5454 coli,
288 5397 618 5449 contrarium
667 5395 860 5450 facitis.
909 5398 1188 5470 Perpende
1223 5421 1234 5456 :
1272 5419 1377 5456 non
1421 5403 1590 5470 dixit,
1626 5406 1737 5462 Deo

147 5484 394 5552 resistitis,
424 5490 542 5550 sed,
572 5488 795 5559 Spiritui
825 5507 844 5543 :
872 5493 949 5546 sic
976 5495 1176 5548 nullam
1212 5507 1437 5553 noverat
1478 5499 1735 5556 diII'ercu—

149 5573 275 5630 tiam.
306 5577 568 5650 Quodque
604 5585 779 5650 majus
820 5593 919 5650 est,
965 5586 1114 5641 Sicut
1149 5600 1319 5658 patres
1365 5594 1534 5656 vestri,
1567 5595 1639 5647 ita
1689 5605 1735 5648 et

147 5682 237 5731 ros,
265 5671 450 5743 inquit.
483 5674 560 5729 Ita
584 5684 638 5730 et
666 5676 915 5732 Christus
939 5680 1320 5750 exprobrabat,
1354 5684 1476 5753 quia
1507 5686 1731 5739 multum

148 5773 339 5831 semper
366 5765 434 5821 de
465 5768 708 5836 patrihus
751 5770 1139 5839 gloriabantur.
1175 5774 1263 5828 52.
1302 5775 1465 5839 Quem
1505 5779 1721 5845 praphe-

149 5860 293 5906 larunt
321 5873 422 5911 non
446 5869 563 5914 sunt
595 5867 886 5931 persequuti
913 5875 1080 5933 patres
1107 5869 1304 5921 vestri?
1335 5869 1400 5920 Et
1438 5870 1733 5924 occiderunt

149 5956 233 6009 eos,
263 5949 341 6019 qui
369 5956 782 6022 praenuntiabant
818 5959 878 6010 de
907 5959 1124 6013 adventu
1167 5959 1324 6014 Justi.
1361 5960 1552 6017 Adhuc
1589 5963 1729 6017 Justi

1130 465 1189 520 IN
1234 463 1410 518 ACTA
1459 458 1986 518 APOSTOLOIIUM.
2033 461 2261 516 IIUMIL.
2308 461 2469 517 XVII.

3391 474 3494 532 158

1882 574 2030 640 dicit,
2063 576 2248 630 volens
2281 577 2400 632 illos
2431 581 2811 648 comprimere.
2841 582 3010 656 Cujus
3039 605 3126 643 vos
3156 607 3293 646 nunc
3319 599 3468 663 prodi
3480 625 3495 635 -

1876 676 2009 719 tores
2030 676 2078 719 et
2099 667 2372 722 homicida:
2394 669 2563 738 fuistis
2616 673 2726 726 Ι)υο
2750 675 2855 729 illis
2887 678 3236 750 improperat,
3271 695 3325 740 et
3350 690 3493 756 quod

1874 758 2191 827 ignorarint,
2246 770 2300 815 et
2349 762 2492 830 quod
2547 765 2867 822 occiderint.
2921 770 3011 826 55.
3075 773 3179 841 Qui
3224 783 3493 848 accepistis

1875 851 2034 921 legem
2077 870 2168 921 per
2207 853 2566 924 dispositiones
2594 862 2912 930 angelorum,
2955 877 3002 920 et
3041 883 3146 923 nou
3177 873 3486 932 custodis-tis.

1947 944 2001 997 5.
2044 944 2182 1011 Quid
2208 959 2292 1001 est
2341 949 2521 1003 lioc‘?
2575 953 2803 1019 Quidam
2851 969 3043 1026 putant
3092 963 3266 1033 ipsum
3310 966 3491 1024 dicere

1876 1033 2046 1103 legem
2076 1037 2144 1090 ab
2173 1040 2380 1106 angelis
2411 1039 2579 1099 fuisse
2602 1045 2944 1115 dispositam.
2975 1053 3044 1107 At
3080 1071 3167 1110 res
3196 1071 3302 1113 non
3339 1062 3409 1116 ita
3431 1077 3492 1117 se

1875 1125 2032 1182 habet
2067 1148 2080 1183 :
2115 1131 2201 1184 ubi
2233 1124 2465 1204 namqud
2491 1137 2668 1207 angrli
2702 1140 2797 1195 visi
2831 1155 2959 1198 sunt
2991 1147 3162 1217 legem
3194 1153 3491 1210 ordinare?

1873 1219 1966 1273 sed
1994 1219 2309 1291 dispositam
2344 1227 2518 1296 legem
2548 1230 2714 1298 dicit;
2769 1234 2821 1289 id
2853 1245 2955 1301 est,
2991 1241 3238 1296 traditam
3287 1245 3363 1300 illi
3396 1264 3492 1316 per

1869 1314 2143 1383 angelum,
2171 1319 2259 1387 qui
2287 1323 2537 1389 apparuit
2570 1325 2642 1379 illi
2669 1329 2719 1379 in
2751 1330 2908 1386 rubo.
2935 1332 3124 1392 Nonne
3153 1335 3314 1396 homo
3339 1346 3488 1399 erat?

1870 1404 2010 1461 Nihil
2039 1425 2168 1479 ergo
2216 1413 2409 1467 iniruni
2440 1428 2544 1478 οδε,
2573 1435 2668 1473 eos
2714 1424 2803 1491 qui
2859 1425 2945 1479 illa
2996 1427 3257 1497 fet-erant,
3290 1447 3338 1490 et
3374 1437 3490 1494 hare

1873 1500 2084 1557 fecisse.
2113 1505 2168 1559 Si
2197 1510 2581 1567 aniuintiaiztes
2613 1515 2759 1568 illum
2792 1520 3088 1589 occidistis,
3124 1529 3292 1582 multo
3319 1536 3490 1603 magis

1872 1592 2069 1659 ipsum.
2106 1595 2200 1650 llic
2250 1598 2373 1652 illos
2407 1613 2459 1654 et
2495 1605 2624 1669 Ili-0,
2658 1618 2707 1660 et
2760 1613 2988 1679 angi-lis,
3018 1627 3070 1668 et
3105 1592 3490 1691 prophetisict

1868 1684 2122 1754 Spiritui,
2177 1699 2230 1744 ct
2277 1696 2529 1750 ouantibus
2583 1700 2959 1761 iuohcdieiites
3004 1684 3287 1769 osteitdit:
3336 1684 3488 1776 utet

1868 1780 1990 1833 alibi
2025 1782 2099 1832 ait
2145 1781 2465 1853 Scriptura:
2511 1790 2752 1858 Domiue,
2799 1801 3078 1867 praplietus
3127 1814 3241 1861 tuos
3283 1813 3486 1866 occide-

1866 1883 2005 1936 ruut,
2039 1882 2084 1925 et
2115 1873 2303 1928 altario
2331 1889 2419 1931 tua
2448 1883 2801 1940 subrerterunt
2846 1891 2920 1960 (5.
2972 1893 3096 1965 Ilcg.
3132 1897 3217 1953 i9.
3264 1903 3375 1972 10).
3406 1907 3482 1959 Illi

1867 1964 2028 2031 igitur
2057 1969 2238 2035 specie
2293 1980 2498 2028 tantum
2554 1977 2724 2048 legem
2770 1964 3368 2052 curantes,dicebant’:
3422 1999 3484 2054 lu

1866 2054 2098 2127 Moysem
2149 2061 2484 2132 blusp/ieuiat.
2523 2069 2614 2124 Ille
2661 2088 2790 2127 vero
2831 2081 3069 2134 ostendit
3119 2084 3265 2153 ipsos
3316 2094 3483 2161 magis

1865 2149 2261 2220 blaspheiuare,
2297 2173 2400 2212 non
2457 2162 2631 2217 solum
2687 2167 2736 2218 in
2771 2167 3029 2240 Moysem,
3066 2178 3160 2230 sed
3214 2149 3480 2239 οιίτιιηυὶη

1866 2242 2059 2310 Deum,
2091 2256 2142 2300 et
2166 2247 2275 2315 jam
2309 2252 2434 2305 olim
2466 2253 2586 2308 illos
2613 2259 2736 2312 talia
2767 2260 2980 2329 fecisse,
3015 2277 3071 2322 et
3097 2270 3338 2328 instituta
3372 2281 3481 2330 Sol-

1865 2338 2041 2402 visse;
2090 2357 2265 2410 neque
2294 2344 2398 2398 illis
2426 2347 2560 2402 ultra
2595 2366 2732 2420 opus
2774 2369 2935 2412 esse:
2977 2359 3123 2428 ipsiis
3165 2365 3313 2429 item,
3351 2370 3478 2426 dum

1861 2444 1920 2483 se
1946 2443 2289 2497 accnsarent,
2321 2439 2464 2505 quod
2497 2440 2664 2513 Moysi
2695 2459 2839 2500 esset
2891 2456 3222 2521 eautrarius,
3256 2459 3477 2530 Spiritui

1861 2534 2049 2576 sancto
2093 2525 2396 2595 obsistere;
2461 2537 2730 2602 ueque.id
2779 2540 3118 2614 simpliciter,
3172 2552 3266 2605 sed
3297 2525 3476 2611 -Cli.llt

1860 2630 1980 2668 cum
2001 2617 2180 2684 erile;
2209 2629 2260 2673 et
2285 2620 2385 2675 diir
2405 2634 2562 2678 antea
2592 2627 2901 2689 inimicitias
2923 2653 3238 2699 exercuere.
3269 2648 3476 2718 \’ii|eii‘,

1858 2712 2132 2778 quomodo
2165 2714 2283 2769 illis
2312 2720 2560 2773 ostendat
2593 2732 2647 2777 et
2678 2724 2848 2797 Moysi
2893 2741 2948 2784 et
2998 2738 3252 2792 omnibus
3279 2712 3476 2796 adi-er:-

1858 2814 2061 2867 santes,
2092 2807 2374 2878 legemque
2408 2829 2511 2868 non
2542 2822 2860 2875 servantes?
2894 2826 3053 2896 Atqui
3081 2829 3297 2904 Moyses
3325 2835 3476 2891 dixe-

1858 2903 1983 2947 rat:
2037 2897 2349 2968 I’roplielam
2391 2906 2529 2959 vobis
2573 2912 2835 2966 suscitabit
2871 2915 3121 2974 Dominus
3171 2897 3348 2994 lDeut.
3387 2931 3473 2985 i8.

1860 2987 1986 3056 18):
2020 3001 2070 3044 et
2103 2994 2190 3045 alii
2227 2999 2367 3050 huac
2395 3011 2680 3055 venturum
2713 3007 3100 3076 priedixei'mit,
3131 2987 3186 3069 et
3215 3023 3474 3089 propin-ta

1857 3095 2071 3149 quoque
2101 3085 2190 3151 qui
2225 3086 2355 3140 dicit
2393 3107 2403 3142 :
2455 3091 2672 3156 Qualem
2701 3097 2909 3151 domum
2951 3104 3271 3171 ardiﬁcubitis
3311 3114 3479 3166 milii?

1859 3170 1923 3223 Et
1972 3174 2187 3239 iterum,
2246 3176 2515 3249 Numquid
2556 3185 2785 3243 victimas
2827 3201 2873 3244 et
2920 3197 3178 3264 sacrificia
3226 3202 3479 3260 obtulistis

1857 3266 1982 3316 milii
2008 3270 2354 3340 quadragiqu
2384 3278 2575 3330 uuuis?
2605 3278 2731 3335 Hzrc
2759 3293 2874 3337 erat
2906 3285 3095 3342 fiducia
3131 3292 3230 3347 viri
3259 3309 3475 3352 crucem

1859 3358 2128 3415 habentis.
2158 3363 2308 3419 Hauc
2337 3377 2390 3420 et
2420 3384 2518 3422 nos
2546 3386 2764 3442 quoque
2796 3376 3090 3447 imitemur,
3125 3385 3338 3443 etiamsi
3372 3407 3477 3445 non

1856 3453 1924 3506 sit
1951 3454 2075 3507 belli
2107 3463 2341 3526 tempus,
2371 3463 2465 3515 sed
2497 3464 2704 3520 ﬁdllClll)
2732 3484 2952 3540 semper
2995 3484 3204 3546 tempus
3241 3493 3343 3536 est.
3375 3483 3477 3538 Lo-

1854 3545 2061 3614 quebar,
2096 3548 2288 3617 inquit,
2321 3551 2383 3604 de
2408 3556 2711 3611 testimoniis
2749 3561 2848 3614 tuis
2881 3564 2930 3615 iu
2962 3581 3234 3636 conspectu
3275 3591 3474 3644 regum,

1855 3647 1900 3689 et
1939 3655 2038 3691 non
2063 3642 2416 3711 confiiiidebar
2453 3644 2624 3714 (Psal.
2661 3652 2783 3707 H8.
2809 3654 2925 3722 46),
2954 3656 3006 3710 Si
3038 3675 3167 3730 ergo
3198 3678 3319 3717 cum
3340 3642 3476 3737 ge"-

1857 3730 2037 3784 tilibiis
2083 3736 2523 3804 congredianuir,
2572 3742 2649 3795 sic
2694 3744 2817 3800 illos
2863 3751 3225 3819 repriinainus
3272 3730 3479 3830 absque

1855 3821 1952 3882 ira.
1989 3823 2191 3893 absque
2215 3829 2526 3897 asperitate.
2563 3831 2694 3887 Nam
2729 3838 2770 3890 si
2803 3853 2925 3893 cuiu
2963 3842 3035 3895 ira
3064 3845 3164 3901 hoc
3194 3847 3474 3921 faciamus,

1856 3931 1961 3970 non
1992 3918 2101 3984 jain
2137 3921 2352 3988 fiducia,
2382 3925 2476 3979 sed
2514 3931 2694 3996 paSsio
2742 3948 2863 3988 esse
2909 3938 3153 4007 videtur;
3189 3946 3270 3999 sin
3325 3965 3480 4004 inan-

1853 4021 2025 4075 sucte,
2049 4026 2173 4067 vere
2201 4014 2392 4070 liducia
2421 4031 2525 4072 ρει.
2543 4021 2728 4092 Neque
2751 4029 2893 4082 enim
2926 4034 3187 4099 possibile
3210 4050 3293 4093 est
3317 4044 3476 4099 simul

1854 4102 2149 4157 secundum
2206 4108 2452 4162 eamdem
2503 4114 2770 4170 rationem
2823 4119 3054 4190 idipsuni
3102 4141 3225 4183 esse
3273 4131 3474 4189 bonum

1853 4207 1988 4261 opus
2011 4202 2063 4247 et
2089 4193 2368 4253 delictum.
2405 4200 2626 4257 Fiducia
2664 4208 2864 4263 bonum
2915 4229 3052 4283 opus
3080 4227 3183 4285 est,
3214 4220 3290 4276 ira
3340 4225 3475 4279 deli-

1851 4292 2020 4338 ctum.
2054 4291 2278 4357 Oportet
2315 4309 2444 4363 ergo
2477 4311 2599 4349 cum
2635 4297 2830 4355 ﬁducia
2863 4304 3203 4377 quuuturos,
3234 4329 3261 4367 a
3294 4317 3476 4374 lurore

1854 4375 2054 4430 liberos
2087 4395 2228 4447 esse,
2262 4393 2316 4435 ut
2360 4400 2427 4438 ne
2456 4387 2578 4456 quis
2613 4389 2737 4444 hinc
2773 4397 2932 4450 verba
2991 4401 3259 4468 proficisci
3298 4421 3468 4475 putet.

1853 4469 2076 4525 Etiamsi
2108 4474 2248 4542 ξιιμιςι
2278 4476 2487 4533 dixeris
2527 4497 2648 4536 cum
2701 4486 2905 4556 lurore,
2942 4502 3111 4548 totum
3166 4501 3467 4567 perdidisti,

1853 4562 1977 4616 licet
2005 4563 2172 4619 libere
2207 4567 2465 4638 loquaris,
2498 4575 2625 4628 licet
2655 4592 2897 4647 mem-as,
2931 4586 3050 4640 licet
3076 4562 3290 4656 quidvis
3322 4596 3467 4652 aliud

1851 4655 2036 4710 facias.
2073 4658 2226 4715 Hunc
2259 4665 2469 4732 respice
2502 4667 2673 4723 virum
2707 4687 2813 4725 non
2846 4692 2969 4730 cum
3013 4679 3197 4739 furore
3241 4686 3466 4757 loquen-

1852 4759 1960 4804 tem
1998 4770 2008 4804 :
2043 4769 2216 4823 neque
2259 4758 2404 4812 enim
2450 4765 2781 4819 contumelia
2814 4769 3013 4837 allecit,
3046 4776 3139 4828 sed
3192 4779 3298 4832 illis
3349 4799 3473 4851 pro-

1850 4843 2121 4912 pheticum
2172 4861 2479 4906 sermonem
2537 4861 2878 4914 memoravit.
2913 4864 3066 4930 Quod
3117 4872 3259 4924 enim
3315 4843 3471 4930 nullo

1851 4933 2030 4988 lurore
2088 4951 2424 5006 IIIOVCI‘CIUI‘,
2494 4949 2733 5002 ostendit
2783 4955 3001 5020 quando
3074 4975 3171 5027 pro
3238 4964 3340 5018 illis
3409 4983 3469 5024 se

1851 5030 1990 5083 male
2023 5030 2409 5099 iinpetentibus
2460 5051 2730 5109 precatus,
2763 5045 2902 5100 dixit
2947 5067 2958 5101 :
3010 5050 3093 5106 Ne
3132 5065 3329 5113 statuas
3363 5062 3468 5116 illis

1851 5123 1945 5175 lioc
1983 5137 2264 5193 peccatum.
2309 5130 2398 5185 Sic
2428 5148 2533 5186 non
2568 5136 2753 5201 iratus,
2786 5142 2879 5195 sed
2925 5159 3022 5213 pro
3052 5148 3171 5204 illis
3189 5151 3380 5210 dolens
3407 5174 3469 5211 ai:

1848 5231 2087 5271 maerens
2132 5220 2456 5290 loquebatur
2485 5226 2594 5281 ille.
2642 5231 2771 5284 Ideo
2813 5250 3046 5307 namque
3078 5240 3146 5296 de
3172 5241 3310 5300 facie
3349 5249 3468 5317 ejus

1847 5307 2024 5362 dixit:
2068 5309 2317 5367 Viderunt
2364 5318 2547 5385 faciem
2577 5321 2690 5390 ejus
2725 5333 2984 5396 tamquam
3037 5335 3220 5403 [aciem
3268 5342 3463 5410 angeli,

1845 5410 1906 5454 ut
1936 5402 2056 5455 illos
2087 5405 2438 5462 attraheret'.
2496 5410 2620 5464 Puri
2677 5414 2841 5485 igitur
2871 5419 2939 5473 ah
2974 5402 3052 5477 ira
3100 5425 3289 5482 simus.
3339 5402 3462 5488 i‘ioii

1845 5492 2052 5547 habitat
2079 5495 2309 5566 Spiritus
2339 5511 2560 5556 sanctus
2605 5504 2691 5559 ubi
2723 5507 2797 5560 ira
2826 5519 2911 5564 est
2942 5530 2953 5566 :
2985 5515 3306 5575 maledictus
3331 5523 3464 5578 luri—

1843 5582 2079 5640 bundus.
2129 5586 2246 5642 Non
2276 5600 2453 5659 potest
2480 5609 2674 5649 sanum
2701 5599 2830 5668 quid
2879 5606 3120 5672 prodire,
3152 5626 3275 5666 cum
3311 5613 3461 5670 furor

1843 5680 2140 5751 egreditur.
2166 5682 2300 5739 Nam
2331 5687 2471 5741 sicut
2515 5691 2566 5742 in
2602 5694 2808 5748 nzarina
2858 5705 3180 5766 tempestate
3232 5722 3462 5778 magnus

1842 5785 1924 5828 est
1966 5777 2250 5845 tumultus,
2285 5797 2511 5852 magnus
2551 5785 2781 5856 clamor,
2815 5807 2913 5846 nec
2953 5797 3075 5865 quis
3121 5777 3338 5866 tempus
3367 5803 3462 5860 ha-

1908 5917 1920 5946 ¹
1959 5915 2078 5964 Περί)
2101 5919 2424 5981 interrogatio
2459 5922 2604 5972 deest
2630 5924 2678 5972 in
2714 5940 2812 5976 uno
2835 5929 2952 5980 Cod.

1910 5981 1928 6007 ²
1965 5986 2093 6028 Unus
2117 5982 2230 6029 (ἰωὰ.
2262 5984 2431 6046 habet,
2454 5985 2526 6035 illi
2551 5991 2837 6053 Crederem,
2873 5993 3008 6056 loco,
3035 5994 3146 6048 illos
3168 6001 3436 6058 attrit/teret
