4078 6318
690 430 791 487 139

685 544 856 599 hnerit
881 542 944 596 ad
986 530 1469 611 philosophandum
1496 553 1509 591 :
1542 537 1609 590 ita
1638 548 1809 604 neque
1838 535 1887 587 in
1919 532 2115 587 furore.
2145 530 2248 585 Scd

683 639 728 692 si
754 636 930 690 anima
972 631 1099 703 quid
1146 628 1567 702 pltilosoplticum
1600 626 1681 681 vel
1726 625 1869 694 loqui
1916 624 1998 680 vel
2045 623 2252 678 discere

682 728 825 791 velit,
851 726 999 797 quasi
1024 724 1074 777 in
1105 730 1257 793 portu
1284 722 1352 776 sit
1380 729 1608 790 Oportet.
1638 717 1753 773 Non
1786 716 1953 781 vides,
1984 714 2250 786 quomodo

680 818 748 874 de
781 816 1099 873 necessariis
1144 812 1304 871 rebus
1354 809 1647 882 loquuturi,
1677 810 1790 864 loca
1820 807 2045 861 tumultu
2084 819 2247 860 vacua

676 909 997 979 quzeritnus,
1029 906 1115 961 ubi
1156 906 1306 975 quies
1352 907 1458 967 sit,
1503 900 1591 955 ubi
1640 898 2026 970 tranquillitas,
2076 904 2134 950 ut
2181 910 2246 949 ne

678 1002 817 1071 repel
828 1000 1031 1054 lantur?
1045 998 1194 1066 Quod
1218 997 1259 1050 si
1278 1002 1529 1049 externus
1548 992 1802 1047 tumultus
1823 988 2063 1059 repellat,
2079 988 2246 1042 multo

678 1094 844 1162 magis
874 1092 1077 1146 interna
1131 1088 1379 1143 turbatio.
1414 1085 1524 1140 Etsi
1575 1091 1821 1155 precetur
1863 1080 2002 1152 quis,
2052 1078 2245 1135 frustra

676 1192 944 1251 precatur,
969 1182 1012 1235 si
1043 1196 1163 1235 cum
1198 1181 1273 1233 ira
1305 1188 1357 1233 et
1389 1176 1570 1231 furore
1599 1174 1652 1231 id
1680 1174 1834 1230 faciat
1861 1194 1873 1227 :
1905 1172 1949 1227 si
1976 1172 2242 1241 loquatur,

674 1272 926 1328 ridiculus
956 1272 1088 1334 erit;
1121 1271 1164 1325 si
1196 1277 1385 1332 taceat,
1420 1266 1699 1330 similiter;
1732 1265 1775 1319 si
1803 1261 2065 1325 comedat,
2084 1263 2242 1316 etiam

671 1368 746 1418 sic
770 1362 1013 1428 heditnr;
1043 1363 1274 1431 itemque
1302 1360 1343 1414 si
1380 1360 1542 1421 hih.-t,
1566 1359 1609 1413 si
1638 1372 1741 1413 non
1766 1356 1928 1417 bibat.
1953 1354 1996 1408 si
2036 1353 2239 1418 sedeat,

673 1459 715 1506 si
761 1462 883 1516 stet,
926 1456 969 1508 si
1017 1453 1279 1520 ambulet,
1336 1453 1377 1504 si
1427 1451 1689 1510 dormiat;
1740 1461 1859 1501 nam
1907 1454 1963 1500 et
2007 1445 2057 1499 in
2101 1460 2244 1499 Sum-

671 1546 771 1598 niis
804 1544 922 1597 talia
954 1544 1328 1611 imaginantur.
1361 1542 1495 1609 Quid
1529 1543 1579 1594 in
1624 1537 1892 1593 iracundis
1915 1552 2019 1591 non
2050 1535 2240 1604 turpe?

668 1634 817 1688 Oculi
878 1634 1185 1703 injucuntli,
1242 1648 1301 1687 os
1351 1633 1671 1694 distortum,
1719 1629 1954 1683 membra
2014 1626 2236 1681 tremula

664 1735 722 1780 et
766 1725 968 1789 inï¬‚ata,
1009 1725 1183 1793 lingua
1214 1722 1432 1777 infrenis
1471 1732 1524 1777 et
1574 1720 1772 1775 nemini
1814 1733 2053 1789 parcens,
2090 1732 2239 1771 mens

668 1818 722 1870 in
752 1830 992 1880 excessu,
1028 1814 1237 1869 habitus
1268 1813 1538 1879 indecens,
1564 1812 1723 1867 multa
1772 1810 2077 1864 insuavitas.
2108 1809 2239 1864 Vide

662 1907 793 1961 mihi
824 1906 1275 1961 diemoniacorum
1326 1899 1531 1967 oculos,
1576 1912 1630 1957 et
1672 1901 1962 1963 ebriorum,
1991 1910 2045 1955 et
2090 1899 2235 1952 insa~

666 2000 942 2064 nientium,
967 1996 1091 2067 quid
1122 2000 1259 2053 inter
1286 2010 1343 2052 se
1374 1994 1666 2049 differunt?
1703 2008 1880 2048 nonne
1903 2002 2065 2046 totum
2092 1991 2237 2045 furor

660 2093 783 2149 est?
810 2090 949 2160 Quid
979 2092 1119 2147 enim
1147 2090 1247 2146 etsi
1276 2089 1342 2145 ad
1375 2099 1583 2159 tempus
1630 2087 1729 2141 hoc
1756 2086 1879 2140 fiat?
1907 2086 2035 2139 Nam
2066 2096 2119 2140 et
2147 2086 2231 2139 in-

657 2185 878 2239 saniens
904 2184 968 2238 ad
995 2193 1202 2253 tempus
1230 2182 1536 2238 detinetur:
1570 2181 1671 2235 hoc
1707 2189 1883 2234 autem
1911 2179 2040 2249 quid
2081 2178 2232 2234 dete-

658 2274 809 2328 rius?
836 2273 1019 2343 Neque
1047 2273 1211 2344 pudet
1242 2273 1360 2329 illos
1390 2272 1455 2328 ad
1500 2271 1865 2328 defensionem
1887 2270 2097 2328 dicere:
2128 2270 2232 2326 Ne-

655 2366 887 2421 sciebam
931 2367 1059 2435 quid
1107 2366 1371 2433 dicebam,
1400 2365 1626 2421 aientes.
1680 2364 1748 2419 Et
1790 2379 1885 2420 cur
1933 2363 2230 2429 nesciebas,

653 2457 928 2512 rationalis
971 2467 1024 2513 et
1054 2458 1264 2513 ratione
1311 2456 1569 2528 praeditus
1617 2456 1817 2511 homo?
1844 2471 1940 2512 cur
1984 2470 2081 2521 ea,
2114 2471 2233 2525 qua:

658 2550 933 2605 brutorum
964 2559 1107 2617 sunt,
1142 2550 1291 2615 facis,
1324 2553 1459 2606 sicut
1489 2565 1656 2620 equus
1686 2549 1833 2605 ferox
1866 2550 1940 2605 ira
1973 2558 2025 2604 et
2054 2549 2231 2604 furore

651 2641 973 2709 correptus?
1015 2642 1136 2696 "me
1164 2651 1309 2696 certe
1330 2642 1571 2698 defensio
1598 2642 1753 2711 culpa
1784 2658 1887 2695 non
1910 2650 2078 2696 vacat.
2114 2641 2225 2697 Uti-

653 2749 773 2786 nam
807 2733 1076 2798 scivisscs,
1097 2748 1214 2803 qum
1235 2733 1479 2790 dicebas!
1501 2732 1618 2797 lraa,
1652 2733 1879 2803 inquies,
1899 2733 2057 2787 verba
2082 2742 2226 2800 sunt,

653 2840 756 2879 non
788 2839 927 2879 mea.
973 2824 1252 2891 Quomodo
1294 2825 1387 2878 ira:
1434 2834 1578 2891 sunt,
1620 2838 1739 2878 cum
1771 2824 1847 2878 ira
1881 2823 2074 2878 nullam
2121 2824 2226 2877 vim

655 2916 864 2981 habeat,
897 2917 998 2971 nisi
1028 2931 1057 2971 a
1090 2925 1142 2973 te
1168 2917 1435 2986 accipiat?
1479 2917 1555 2971 Ac
1593 2917 1640 2971 si
1678 2916 1796 2986 quis
1824 2914 2064 2970 diceret:
2098 2914 2221 2969 Vul-

650 3023 777 3061 nera
810 3022 914 3061 uon
948 3022 1085 3073 mea,
1114 3007 1207 3061 sed
1252 3021 1440 3060 manus
1470 3022 1601 3060 mea:
1629 3017 1772 3060 sunt.
1801 3006 1895 3062 Cui
1944 3007 2018 3061 rei
2069 3016 2224 3076 putas

644 3099 882 3151 maxime
919 3112 1055 3167 Opus
1102 3112 1221 3152 esse
1248 3097 1363 3151 ira?
1406 3112 1581 3152 nonne
1622 3098 1759 3152 bello
1800 3107 1855 3151 et
1884 3100 2109 3167 pugme?
2157 3100 2225 3153 At

649 3190 716 3242 ibi
743 3192 923 3253 etiam,
946 3190 988 3242 si
1010 3189 1135 3259 quid
1164 3204 1284 3243 cum
1313 3190 1387 3243 ira
1416 3189 1527 3255 flat,
1558 3198 1723 3242 totum
1749 3188 1904 3257 periit
1929 3198 1982 3243 et
2010 3203 2221 3258 pessum

637 3280 795 3333 abiit.
827 3280 958 3334 Nam
988 3280 1343 3349 pugnantibus
1374 3284 1602 3334 maxime
1628 3282 1877 3335 convenit
1905 3278 2010 3335 non
2040 3281 2218 3350 irasci,

646 3373 753 3425 imo
775 3388 873 3427 nec
900 3373 982 3437 iis,
1003 3374 1089 3441 qui
1112 3371 1487 3427 contumeliam
1514 3371 1749 3426 inferunt
1768 3373 2018 3427 convenit
2039 3372 2214 3427 irasci.

643 3464 715 3517 Et
767 3465 1033 3531 quomodo
1080 3462 1424 3533 pugnandum
1487 3473 1609 3526 est,
1670 3463 1920 3533 inquies?
1968 3464 2214 3532 Ratione,

645 3552 1052 3607 mansuetudine
1084 3571 1097 3605 :
1126 3560 1396 3606 certamen
1424 3552 1567 3607 enim
1596 3562 1679 3606 est
1706 3569 1771 3607 ex
1800 3552 2025 3608 adverso
2052 3565 2211 3609 stare.

642 3644 831 3697 Annon
877 3644 1025 3698 vides
1052 3643 1167 3698 haec
1210 3644 1345 3697 bella
1396 3643 1540 3713 lege,
1569 3643 1756 3699 ordine
1784 3652 1841 3699 et
1889 3645 2217 3714 temporibus

634 3735 896 3789 definita?
941 3735 1020 3790 lra
1064 3736 1203 3791 enim
1248 3736 1376 3790 nihil
1408 3734 1551 3789 aliud
1577 3744 1662 3789 est
1701 3751 1859 3806 quam
1893 3737 2215 3793 irrationalis

638 3826 903 3895 impetus;
954 3827 1276 3882 irrationalis
1332 3836 1508 3883 autem
1556 3824 1686 3882 nihil
1737 3836 1914 3897 potest
1956 3829 2213 3886 rationale

635 3920 833 3975 facere.

708 4016 759 4068 4.
800 4016 955 4069 Certe
986 4014 1068 4069 hic
1101 4015 1220 4067 talia
1250 4014 1579 4085 loquebatur,
1614 4028 1709 4068 nec
1733 4014 2077 4069 irascebatur.
2107 4014 2209 4068 lle-

639 4110 734 4163 lias
760 4123 886 4171 vero
913 4108 1153 4161 dicebat:
1183 4107 1453 4175 Quousque
1477 4105 1773 4158 claudicatis
1794 4114 2000 4174 utroque
2022 4105 2211 4175 poplite

635 4208 794 4252 rastro
813 4199 888 4269 (5.
918 4198 1044 4267 Reg.
1066 4197 1151 4253 18.
1182 4197 1308 4268 2t)?
1332 4213 1428 4252 nec
1453 4196 1798 4252 irascebatur.
1829 4197 2055 4253 Phinees
2084 4198 2208 4252 item

633 4290 909 4344 occidebat
942 4290 1127 4361 (Num.
1160 4289 1272 4359 25),
1317 4300 1368 4343 et
1416 4304 1521 4343 non
1566 4289 1911 4344 irascebatur.
1956 4289 2034 4343 Ira
2066 4290 2207 4345 enim

634 4400 738 4437 non
771 4384 898 4438 sinit
928 4384 1129 4448 videre,
1160 4383 1252 4437 sed
1285 4383 1531 4436 omnibus
1559 4383 1705 4451 quasi
1736 4383 1787 4435 in
1816 4390 2073 4437 nocturna
2105 4398 2205 4451 pn-

635 4490 735 4547 gna
766 4476 960 4547 ligatis,
994 4474 1173 4529 oculos
1202 4484 1256 4529 et
1283 4489 1440 4528 aures
1483 4457 1642 4528 trahit
1685 4488 1791 4542 quo
1833 4474 2081 4528 voluerit.
2123 4474 2206 4528 Ab

635 4566 735 4620 hoc
766 4580 894 4635 ergo
920 4566 1161 4619 daemone
1192 4565 1504 4630 liberemur;
1530 4564 1872 4633 incipientem
1895 4564 2040 4618 illum
2057 4577 2204 4618 com-

632 4673 939 4727 poscamus;
966 4657 1196 4727 sigillum
1221 4658 1417 4725 pectori
1448 4670 1771 4724 apponamus
1795 4657 1941 4725 quasi
1971 4656 2201 4710 frenum.

631 4750 788 4805 Canis
821 4743 1099 4819 impudens
1129 4760 1209 4803 est
1248 4750 1362 4802 ira:
1397 4748 1487 4802 sed
1512 4748 1687 4801 discat
1713 4747 1895 4802 audire
1928 4747 2119 4817 legem.
2147 4748 2202 4802 Si

630 4846 699 4897 sit
724 4844 869 4896 canis
898 4844 948 4896 in
977 4850 1219 4897 armento
1251 4843 1323 4894 ira
1372 4841 1539 4905 ferox,
1576 4849 1631 4893 ut
1661 4839 1891 4894 bubulco
1921 4839 2200 4907 imperanti

630 4952 733 4988 non
767 4944 969 5003 pareat,
990 4949 1085 4988 nec
1114 4935 1229 5002 ejus
1253 4949 1434 4988 vocem
1457 4942 1729 5003 agnoscat,
1748 4933 1924 4987 omnia
1955 4943 2199 5002 pereunt.

629 5026 760 5081 Cum
792 5026 921 5095 ipsis
949 5026 1134 5079 ovibus
1167 5023 1423 5093 pascitur;
1473 5024 1565 5079 sed
1619 5023 1659 5077 si
1711 5024 1850 5092 ipsas
1890 5038 2017 5079 oves
2055 5023 2195 5088 edat,

628 5120 833 5174 inutilis
861 5127 940 5173 est
969 5126 1022 5173 et
1048 5115 1325 5171 occiditur.
1355 5115 1411 5170 Si
1431 5114 1673 5170 didicerit
1703 5123 1754 5168 te
1774 5114 1977 5178 audire,
2009 5115 2091 5167 ale
2113 5130 2199 5169 ra-

629 5225 783 5263 nem:
810 5208 954 5261 utilis
983 5217 1065 5262 est
1090 5216 1274 5261 contra
1302 5207 1475 5276 lupos,
1507 5216 1691 5261 contra
1725 5203 1980 5273 latrones,
2010 5215 2195 5261 contra

628 5301 797 5353 furum
828 5300 1119 5368 principem
1142 5298 1358 5357 latrans,
1388 5312 1491 5350 non
1519 5304 1703 5350 contra
1727 5311 1852 5350 oves
1874 5311 2048 5365 neque
2072 5311 2197 5351 con-

626 5403 703 5445 tra
734 5392 1036 5447 familiares.
1063 5391 1117 5446 Si
1152 5406 1254 5445 non
1289 5389 1486 5453 audiat,
1518 5390 1691 5441 omnia
1726 5388 1930 5456 perdit:
1975 5389 2017 5441 si
2064 5403 2191 5443 con-

625 5491 865 5537 temnere
893 5482 1083 5548 discat,
1114 5481 1288 5535 omnia
1318 5477 1644 5549 pessutndat.
1692 5478 2039 5532 Mansuetudo
2068 5493 2195 5547 ergo

624 5578 676 5630 in
701 5585 751 5630 te
772 5590 875 5630 non
899 5585 1257 5641 consumatur,
1286 5572 1379 5628 sed
1400 5587 1516 5627 eam
1540 5571 1798 5624 custodiat
1820 5571 1894 5624 ira
1922 5580 1974 5625 et
1995 5570 2195 5631 foveat;

621 5670 885 5724 custodiet
908 5679 1103 5733 autem,
1128 5680 1179 5721 et
1208 5668 1259 5719 in
1288 5657 1572 5719 securitate
1603 5663 1763 5716 multa
1792 5676 2009 5731 pascere
2031 5661 2189 5727 sinet,

623 5767 665 5814 si
700 5761 861 5814 malas
908 5774 1198 5829 pravasqne
1226 5756 1573 5825 cogitationes
1598 5762 1895 5819 consumat,
1930 5754 1975 5808 si
2006 5752 2191 5806 diabo-

621 5852 727 5906 lum
763 5853 990 5921 undique
1022 5859 1388 5920 persequatur.
1430 5849 1515 5905 Sic
1545 5846 1891 5902 mansuetudo
1929 5854 2189 5913 servatur,

1428 422 1487 479 S.
1527 419 1800 477 JOANNIS
1837 417 2298 475 ÎµÎ¹Î¹Î¹Î¹Î¹á½³Î¿Î´Ï„Ï‰Î¹Î¹Î¹
2339 414 2651 473 ARCIIIEP.
2695 417 3223 477 CONS'l'ANTlNOP.

2824 296 2847 351 á½·

3838 422 3934 478 Î¹Î¹Î¹

2355 544 2478 582 cum
2516 530 2641 583 nihil
2677 532 2873 586 malum
2901 538 2967 588 de
2995 534 3237 604 proximo
3258 534 3585 603 cogitamus:
3613 533 3691 590 sic
3718 550 3941 591 venerato

2359 617 2489 673 biles
2519 621 2803 688 efficimur,
2833 626 3047 689 quando
3082 624 3422 694 impudenter
3447 640 3607 695 agerc
3638 642 3743 680 non
3776 627 3943 681 diser

2358 728 2493 768 mus.
2520 713 2658 768 Nihil
2690 717 2832 769 enim
2860 718 2929 771 ita
2955 720 3315 787 impudentem
3346 718 3524 775 reddit
3558 729 3615 773 ut
3646 721 3783 773 mala
3810 735 3944 773 con-

2354 806 2594 860 scientia.
2615 808 2719 861 cur
2738 811 3047 864 meretrices
3067 812 3398 881 impudentes
3417 810 3575 867 sunt?
3589 828 3685 867 cur
3701 812 3942 883 virgines

2356 897 2710 966 pudibunda)?
2753 916 2930 955 nonne
2972 902 3074 956 illa:
3116 918 3145 955 a
3193 916 3429 972 peccato,
3476 904 3557 957 ha:
3584 919 3613 957 a
3643 906 3940 960 castitate?

2355 991 2494 1045 Nihil
2524 993 2664 1047 enim
2700 996 2766 1045 ita
2798 995 3157 1062 impudentem
3189 996 3387 1063 reddit,
3417 1006 3472 1050 Î¹Î¹Î¹
3503 1005 3803 1067 peccatum.
3826 996 3940 1051 Imo

2351 1093 2557 1146 contra,
2593 1086 2817 1154 inquies,
2852 1086 2902 1139 in
2937 1087 3191 1155 pudorem
3223 1088 3409 1156 injicit.
3441 1090 3610 1143 Etiam
3635 1098 3783 1143 certe
3814 1102 3939 1145 sese

2352 1176 2723 1242 damnantem;
2748 1179 2911 1232 alium
2947 1194 3073 1233 vero
3101 1179 3545 1247 itnpudentiorem
3580 1178 3751 1235 reddit
3779 1188 3941 1249 petu-

2351 1268 2628 1324 lantiorem
2672 1292 2686 1327 :
2735 1285 2855 1325 nam
2884 1270 2970 1338 qtti
2998 1270 3065 1324 de
3092 1285 3149 1325 se
3178 1270 3447 1341 dc5perat,
3481 1272 3653 1327 audax
3680 1272 3937 1327 efficitur.

2351 1357 2547 1430 Impius
2576 1361 2737 1426 enim,
2768 1362 2958 1431 inquit,
3006 1379 3119 1415 cum
3159 1364 3209 1415 in
3257 1363 3566 1433 profundum
3612 1373 3938 1431 peccatorum

2347 1454 2550 1518 venerit,
2576 1454 2846 1508 contemnit
2867 1453 3051 1525 (Prov.
3081 1456 3165 1511 l8.
3196 1456 3270 1526 5).
3310 1446 3595 1525 lmpndens
3624 1472 3753 1512 vero
3780 1466 3940 1527 petu-

2346 1544 2461 1599 lans
2505 1545 2697 1611 fuerit;
2743 1545 2985 1615 petulans
3011 1556 3189 1602 autem
3215 1548 3385 1603 audax
3418 1559 3518 1603 est.
3556 1546 3649 1603 Vis
3692 1549 3937 1615 discere,

2344 1636 2683 1705 quandonam
2715 1637 3069 1693 mansuetudo
3094 1640 3475 1694 consumatur?
3499 1640 3629 1695 Cum
3661 1640 3817 1695 mala:
3841 1656 3938 1696 co-

2344 1726 2624 1795 gitationes
2644 1728 2784 1781 illam
2804 1730 3134 1796 pertrahunt.
3157 1730 3260 1785 Sed
3280 1731 3488 1786 etiamsi
3509 1732 3609 1787 hoc
3632 1735 3935 1804 contingat,

2342 1816 2465 1885 quia
2498 1818 2730 1873 nondum
2775 1821 2924 1873 canis
2954 1830 3060 1875 stat
3099 1822 3321 1875 multum
3353 1821 3575 1885 latrans,
3627 1838 3807 1892 neque
3849 1824 3934 1879 sic

2342 1906 2728 1975 desperandum
2767 1921 2871 1963 est.
2910 1910 3004 1965 Est
3034 1912 3229 1980 quippe
3272 1912 3424 1965 nobis
3476 1911 3635 1966 funda
3688 1921 3744 1966 et
3795 1912 3937 1982 lapis

2343 1997 2513 2065 (scitis
2541 2000 2680 2068 quod
2702 2000 2870 2068 dico),
2902 2012 2983 2056 est
3007 2002 3157 2055 nobis
3184 2002 3356 2068 hasta,
3378 2004 3530 2056 caula
3553 2013 3607 2058 et
3628 2003 3932 2071 stabulum,

2344 2090 2393 2143 in
2424 2106 2530 2159 quo
2555 2092 2905 2161 cogitationes
2940 2093 3133 2147 ilhesas
3164 2108 3456 2147 servemus.
3491 2095 3544 2149 Si
3576 2094 3723 2149 canis
3752 2095 3937 2149 adule-

2343 2190 2427 2233 tnr
2453 2180 2660 2244 ovibus,
2692 2181 2940 2252 iuratque
2966 2192 3021 2237 et
3046 2183 3227 2253 vigilet
3264 2192 3450 2238 contra
3494 2194 3778 2250 externos;
3812 2183 3936 2240 hac

2341 2271 2507 2326 virtus
2534 2282 2616 2327 est
2636 2274 2782 2327 canis
2804 2288 2816 2325 :
2842 2274 2964 2328 licet
2989 2276 3208 2341 esuriat,
3243 2290 3311 2330 ne
3338 2275 3582 2330 comedat
3604 2291 3769 2342 oves;
3806 2276 3937 2331 licet

2338 2373 2486 2419 satur
2510 2365 2599 2432 sit,
2630 2381 2696 2420 ne
2724 2376 2907 2435 parcat
2934 2366 3093 2437 lupis.
3127 2366 3273 2422 Talis
3302 2376 3356 2421 et
3382 2368 3458 2422 ira
3500 2368 3603 2423 sit:
3629 2368 3756 2423 licet
3783 2384 3936 2423 mor-

2336 2457 2546 2523 deatur,
2577 2473 2605 2511 a
2642 2458 3051 2513 mansuetudine
3094 2475 3159 2513 ne
3187 2459 3456 2524 discedat;
3492 2460 3616 2515 licet
3654 2460 3931 2529 quiescat,

2335 2553 2588 2607 advenas
2619 2552 2785 2607 malas
2815 2554 3166 2623 cogitationes
3192 2554 3486 2608 excitetur:
3509 2566 3574 2607 ac
3594 2553 3732 2622 quod
3767 2568 3933 2608 suum

2332 2653 2437 2705 est,
2473 2644 2590 2699 licet
2641 2654 2859 2714 pungat,
2905 2660 2973 2699 ne
3017 2644 3251 2710 deserat,
3296 2644 3391 2699 sed
3443 2655 3728 2713 agnoscat;
3781 2645 3933 2714 quod

2333 2747 2509 2790 autem
2539 2736 2769 2789 ahenum
2812 2746 2914 2800 est,
2948 2736 3069 2790 licet
3096 2735 3368 2801 aduletur,
3399 2734 3729 2804 pessumdet.
3763 2734 3935 2805 Saepe

2332 2826 2575 2881 diabolus
2627 2826 2777 2896 quasi
2828 2826 2979 2881 canis
3029 2826 3310 2892 adulatur,
3365 2826 3461 2881 sed
3513 2827 3686 2881 sciant
3731 2840 3934 2883 omnes

2331 2918 2559 2970 alienum
2591 2931 2729 2971 esse.
2780 2917 2870 2972 Sic
2911 2926 2966 2972 et
3016 2932 3113 2971 nos
3161 2917 3364 2983 virtuti,
3413 2917 3513 2971 etsi
3564 2916 3789 2972 molesta
3826 2918 3926 2984 sit,

2328 3009 2634 3075 adnlemur;
2682 3017 2736 3063 et
2782 3009 3062 3073 malitiam,
3117 3008 3220 3063 etsi
3275 3007 3529 3071 laetiï¬cet,
3580 3023 3928 3064 aversemur.

2328 3097 2405 3153 Ne
2432 3101 2597 3153 simus
2624 3098 2845 3153 canibus
2877 3098 3197 3166 deteriores,
3246 3098 3334 3169 qui
3384 3096 3633 3169 flagellati
3683 3106 3741 3154 et
3787 3112 3931 3153 cou-

2328 3189 2520 3255 stricti,
2561 3195 2663 3243 non
2693 3189 2977 3243 absistunt.
3008 3187 3063 3244 Si
3106 3190 3226 3244 illos
3253 3173 3431 3244 autem
3462 3198 3648 3258 pascat
3675 3189 3927 3259 alienus,

2326 3282 2597 3351 quomodo
2645 3298 2749 3335 non
2795 3287 2963 3353 magis
2995 3283 3299 3337 nocebunt?
3330 3283 3422 3337 Est
3448 3282 3735 3353 aliquando
3767 3284 3926 3337 utilis

2326 3372 2425 3439 ira,
2444 3373 2536 3428 sed
2558 3388 2677 3428 cum
2701 3374 2857 3427 latrat
2881 3382 3069 3427 contra
3102 3374 3326 3427 alienos.
3355 3372 3490 3439 Quid
3514 3384 3597 3427 est
3621 3372 3774 3439 illud,
3810 3373 3925 3441 Qui

2323 3466 2554 3519 irascitur
2573 3466 2719 3535 fratri
2735 3481 2829 3520 sua
2846 3476 3026 3521 temere
3043 3466 3257 3536 (Matth.
3279 3466 3330 3521 5.
3349 3465 3477 3536 22)?
3494 3464 3549 3520 Id
3568 3474 3669 3531 est,
3690 3464 3766 3520 Ne
3784 3466 3927 3521 ulci-

2322 3572 2474 3612 scere
2496 3572 2593 3613 nec
2613 3557 2817 3612 vindica
2837 3558 3065 3627 teipsum
3087 3575 3100 3611 :
3120 3558 3162 3613 si
3184 3557 3344 3611 alium
3370 3566 3684 3627 pereuntem
3703 3556 3921 3626 videas,

2321 3650 2531 3720 porrige
2563 3656 2797 3704 manum.
2832 3650 2947 3705 Non
2982 3650 3088 3706 erit
3140 3649 3277 3704 ultra
3309 3650 3409 3715 ira,
3462 3664 3583 3705 cum
3615 3665 3644 3703 a
3694 3650 3924 3718 proprio

2319 3753 2465 3796 motu
2491 3751 2545 3796 et
2572 3740 2759 3797 allâ€˜ectn
2810 3742 2945 3799 liber
2986 3743 3115 3797 eris.
3154 3741 3522 3811 Apprehendit
3552 3739 3716 3794 David
3764 3740 3921 3796 Saft-

2320 3831 2420 3887 lem
2454 3832 2527 3903 (l.
2554 3832 2680 3903 Reg.
2708 3832 2795 3887 26.
2831 3832 2886 3903 7)
2912 3873 2927 3896 ,
2962 3847 3063 3887 nec
3092 3834 3167 3887 ira
3198 3840 3499 3887 commotus
3527 3840 3643 3897 est,
3673 3845 3775 3885 nec
3817 3846 3922 3886 ca-

2318 3934 2465 3996 ptum
2489 3925 2755 3979 inimicum
2776 3924 2922 3978 hasta
2940 3923 3209 3986 confodit;
3227 3922 3321 3977 sed
3341 3924 3486 3979 ultus
3505 3932 3582 3978 est
3610 3922 3917 3979 diabolum.

2320 4017 2527 4081 Moyses
2557 4031 2676 4070 cum
2705 4016 2936 4070 alienum
2972 4014 3256 4069 Iatdentem
3294 4014 3446 4077 vidit,
3474 4014 3669 4069 occidit
3697 4014 3916 4086 (Exod.

2313 4107 2366 4161 2.
2394 4107 2483 4174 12)
2505 4125 2519 4172 ;
2545 4123 2664 4161 cum
2689 4120 3069 4175 eongenerem,
3104 4120 3210 4159 non
3239 4106 3363 4159 item
3393 4120 3408 4169 ;
3442 4105 3534 4159 sed
3567 4105 3755 4160 fratres
3780 4107 3917 4177 qui-

2314 4198 2433 4253 dem
2464 4197 2840 4252 reeonciliabat
2866 4239 2881 4263 ,
2915 4196 3119 4252 alienos
3147 4210 3277 4251 vero
3308 4188 3561 4267 pellebat.
3592 4196 3741 4253 Licet
3776 4214 3912 4251 Clit"

2315 4290 2653 4343 mitissimum
2702 4289 2867 4343 fuisse
2916 4287 3191 4357 Scriptura
3237 4288 3913 4362 testificetur(Num.12.

2315 4380 2380 4451 3)
2415 4396 2428 4443 ;
2462 4388 2692 4433 attamen
2736 4379 2957 4448 pervigil
2985 4388 3121 4433 erat.
3163 4378 3272 4432 Nos
3301 4388 3478 4435 autem
3513 4396 3617 4435 non
3663 4382 3730 4435 ita
3764 4386 3913 4439 :sed

2312 4471 2401 4526 ubi
2434 4470 2894 4525 mansuetudinem
2921 4470 3178 4525 exhibere
3201 4481 3452 4539 Oportet,
3493 4470 3620 4526 feris
3648 4474 3914 4531 omnibus

2310 4563 2598 4619 ferociores
2625 4578 2809 4618 sumus
2834 4578 2847 4626 ;
2896 4563 2981 4616 ubi
3010 4571 3189 4616 autem
3216 4563 3437 4618 excitari
3470 4579 3567 4634 par
3590 4574 3769 4633 esset,
3801 4569 3914 4621 ad-

2310 4654 2525 4708 modum
2554 4656 2725 4725 ignavi
2749 4664 2803 4707 et
2831 4654 3026 4723 supini.
3056 4654 3187 4720 Quia
3217 4654 3377 4725 igitur
3405 4656 3489 4722 iis,
3520 4673 3637 4725 qua:
3660 4660 3709 4712 iu
3738 4659 3910 4716 nobis

2310 4756 2469 4813 sunt,
2500 4762 2602 4801 non
2635 4756 2691 4801 ut
2729 4762 2820 4815 par
2848 4758 2990 4801 esset
3018 4748 3219 4801 utimur
3245 4789 3259 4811 ,
3288 4748 3409 4802 ideo
3439 4750 3488 4801 in
3533 4750 3756 4805 nihilum
3789 4757 3908 4809 vita

2309 4850 2489 4893 nostra
2518 4839 2869 4893 consumitur.
2900 4837 2972 4893 lta
3003 4846 3058 4892 et
3084 4838 3135 4892 in
3167 4839 3304 4893 vasis
3330 4841 3506 4893 evenit
3533 4860 3544 4893 Îµ
3576 4842 3616 4894 si
3647 4842 3793 4895 aliud
3824 4848 3905 4901 ad

2308 4922 2469 4975 alium
2503 4937 2652 4975 usum
2685 4921 3034 4977 adhibeamus
3060 4963 3074 4984 ,
3106 4922 3283 4976 omnia
3319 4924 3609 4993 perdimus.
3642 4924 3907 4996 Exempli

2305 5029 2461 5068 causa
2529 5014 2672 5086 iquis
2694 5014 2927 5084 gladium
2951 5024 3142 5080 sumat,
3172 5030 3268 5071 nec
3295 5016 3440 5071 illum
3466 5018 3532 5071 ad
3554 5032 3708 5073 suum
3733 5036 3904 5079 usum

2304 5106 2549 5161 adhibeat
2578 5148 2593 5173 ,
2629 5108 2723 5161 sed
2769 5122 2926 5161 manu
2961 5106 3013 5161 id
3057 5105 3230 5162 facere
3261 5119 3465 5175 tentet,
3496 5110 3626 5164 nihil
3653 5114 3897 5182 amplius

2304 5199 2459 5253 efficit
2492 5216 2504 5262 ;
2535 5200 2670 5253 sicut
2689 5206 2744 5252 et
2767 5198 2856 5267 qui
2882 5240 2895 5263 ,
2931 5198 3017 5253 ubi
3047 5213 3203 5252 manu
3234 5200 3342 5269 ipsa
3387 5201 3713 5270 operandam
3753 5212 3843 5259 est
3882 5250 3901 5273 ,

2302 5290 2476 5360 gladio
2508 5292 2696 5354 utitur,
2728 5289 2907 5343 omnia
2942 5290 3145 5359 perdet.
3181 5290 3269 5344 Sic
3298 5300 3351 5345 et
3377 5292 3634 5358 medicus,
3669 5294 3759 5365 qui
3792 5298 3899 5353 ubi

2300 5396 2485 5436 secare
2512 5389 2721 5449 oportet
2748 5395 2852 5433 non
2884 5390 3068 5447 secat,
3097 5391 3151 5436 et
3182 5382 3268 5435 ubi
3304 5396 3409 5435 non
3441 5392 3650 5451 oportet
3688 5397 3846 5441 secat
3878 5428 3903 5457 ,

2299 5474 2477 5527 omnia
2508 5472 2833 5541 pessumdat.
2858 5471 3213 5538 Quamobrem
3258 5488 3386 5542 rogo
3409 5515 3423 5535 ,
3453 5488 3551 5529 nos
3578 5488 3902 5543 Opportune

2301 5564 2402 5619 hac
2433 5581 2488 5617 re
2522 5572 2748 5617 utanur.
2796 5562 2890 5618 ira:
2937 5572 3145 5633 tempus
3191 5578 3295 5616 non
3326 5572 3407 5617 est
3432 5605 3445 5628 ,
3480 5564 3567 5618 ubi
3612 5579 3709 5618 nos
3737 5565 3905 5637 ipsos

2297 5672 2538 5726 iuvamus
2684 5671 2805 5710 :Â«ro
2826 5654 2959 5711 alios
2983 5656 3249 5725 corrigere
3272 5662 3536 5724 oporteat,
3563 5667 3687 5713 tunc
3711 5663 3901 5715 maxi-

2300 5764 2385 5803 me
2413 5749 2499 5803 illa
2523 5748 2775 5803 utendum
2807 5756 2888 5803 est
2914 5789 2927 5814 ,
2968 5756 3028 5802 ut
3054 5748 3187 5801 alios
3231 5762 3503 5804 eruamus.
3554 5750 3624 5805 Ita
3668 5762 3727 5807 et
3774 5753 3905 5809 DeÂ»

2302 5842 2527 5910 aequales
2552 5844 2751 5896 erimus
2780 5882 2793 5907 ,
2841 5841 2883 5893 si
2932 5853 3030 5895 nos
3075 5842 3141 5894 ab
3172 5840 3243 5893 ira
3273 5856 3487 5909 Semper
3516 5851 3761 5898 tueamur
3784 5885 3801 5903 .
3834 5860 3903 5904 Î¿Î¹
