4088 6326
171 359 270 417 159

156 472 324 545 ψυχὴ,
339 469 554 542 ὀφείλει
575 471 842 544 πρότερον
858 471 916 524 ἰν
929 467 1108 541 λιμένι
1121 466 1281 524 εἶναι.
1299 468 1412 539 Οὐχ
1425 469 1558 540 δρᾷς
1575 466 1711 530 πῶς,
1725 466 1855 519 ὅταν

164 558 486 630 βουλώμεθα
520 560 650 631 περί
695 577 856 613 τινων
894 557 1208 624 ἀναγκαίων
1249 555 1630 626 διαλεχθῆναι,
1659 554 1856 614 τόπους

163 645 398 715 θορύϐου
434 646 715 717 καθαροὺς
765 642 1218 715 παρατηροῦμεν,
1255 643 1383 696 ἔνθα
1441 641 1664 714 ἡσυχία,
1720 639 1850 693 ἔνθα

160 734 398 806 γαλήνη,
431 735 522 788 ῖνα
555 734 630 805 μὴ
666 731 1064 804 ἐκκρουώμεθα
1089 748 1103 795 ;
1138 731 1202 784 Εί
1231 732 1287 784 δέ
1318 734 1346 785 6
1373 730 1573 796 ἔξωθεν
1595 728 1851 800 ἐκκρούει

162 820 417 891 θόρυϐος,
445 821 626 890 πολλῷ
653 819 856 890 μᾶλλον
907 820 939 889 ή
976 818 1123 871 ένδον
1158 831 1184 860 ι
1210 819 1447 889 ταραχή.
1480 815 1597 871 Κᾶν
1626 815 1852 886 εῦχηταί

159 909 411 979 τις,είκῆ
432 906 673 978 εὔχεται,
697 907 835 976 μετὰ
852 905 1022 976 ὀργῆς
1045 906 1140 960 καὶ⁸
1157 905 1330 974 θυμοῦ
1353 903 1512 956 τοῦτο
1538 901 1725 955 ποιῶν·
1749 899 1852 953 κᾶν

164 996 502 1066 φθέγγηται,
521 995 928 1062 καταγέλαστος
951 993 1125 1046 ἔσται·
1149 992 1255 1046 κᾶν
1282 993 1430 1062 σιγᾷ,
1450 989 1611 1044 πάλιν
1627 988 1850 1058 ὁμοίως·

160 1084 266 1138 κᾶν
291 1083 473 1155 ἐσθίῃ,
492 1082 586 1135 καὶ
609 1081 785 1146 οὕτως
813 1081 1042 1151 ἐϐλάϐη·
1057 1079 1160 1134 κάν
1182 1080 1334 1150 πίνῃ,
1358 1078 1461 1132 κᾶν
1480 1078 1554 1148 μὴ
1578 1077 1729 1147 πίνῃ,
1751 1075 1853 1129 κᾶν

159 1170 490 1238 καθέζηται,
519 1169 626 1222 κᾶν
648 1170 847 1242 στήκῃ.
871 1169 976 1223 κάν
997 1167 1211 1238 βαδίζῃ,
1241 1167 1346 1220 κᾶν
1365 1164 1620 1236 καθεύδῃ·
1638 1165 1733 1218 καὶ
1745 1161 1854 1234 γὰρ

159 1259 217 1308 6v
239 1259 360 1318 τοῖς
382 1256 616 1326 ὀνείροις
628 1256 851 1310 τοιαῦτα
867 1253 1253 1324 φαντάζονται.
1273 1252 1338 1306 Τί
1357 1252 1466 1320 γάρ
1477 1251 1585 1304 τῶν
1599 1251 1854 1304 τοιούτων

157 1343 261 1395 οὐκ
296 1341 542 1410 ἀτοπονς
608 1342 912 1413 Ὀφθαλμοὶ
964 1340 1174 1410 ἀηδεῖς,
1201 1340 1377 1410 στόμα
1403 1339 1852 1410 διεστραμμένον,

162 1429 308 1500 μέλη
359 1430 702 1502 κεκινημένα
759 1429 855 1483 καὶ
892 1427 1220 1492 οίδαίνοντα,
1270 1427 1495 1496 γλῶσσα
1546 1427 1857 1497 ἀκράτητος

159 1517 260 1570 καὶ
313 1517 532 1583 οὐδενὸς
589 1516 920 1587 φειδομένῃ,
984 1515 1200 1569 διάνοια
1255 1515 1605 1585 ἐξεστηκυῖα,
1669 1512 1856 1582 σχῆμα

157 1605 437 1675 ἀπρεπὲς,
491 1604 662 1674 πολλὴ
714 1604 747 1674 ἡ
802 1603 987 1673 ἀηδία.
1028 1603 1136 1656 Ἴδε
1190 1620 1280 1675 μοι
1316 1601 1425 1654 τῶν
1476 1599 1856 1671 δαιμονῶντων

156 1693 288 1753 τοὺς
310 1691 627 1760 ὀφθαλμοὺς
667 1689 764 1743 καὶ
791 1688 903 1742 τῶν
936 1687 1248 1760 μεθυόντων
1275 1688 1372 1741 καὶ
1411 1685 1778 1758 μαινομένων,
1805 1686 1857 1737 τί

156 1778 514 1848 διεστήκασιν
542 1776 828 1847 ἀλλήλων;
859 1777 980 1846 ούχὶ
1015 1777 1181 1847 μανία
1208 1775 1271 1828 τὺ
1296 1776 1406 1828 πᾶν
1445 1775 1596 1839 ἐστι;
1628 1773 1697 1826 Τί
1725 1771 1855 1844 γάρ,

156 1865 209 1915 εί
237 1864 381 1933 πρὸς
407 1863 599 1931 καιρὸν
651 1863 813 1917 τοῦτο
865 1863 1116 1932 γίνεται;
1157 1864 1271 1917 Καὶ
1323 1862 1433 1934 γὰρ
1474 1865 1501 1916 6
1533 1862 1859 1933 μαινόμενος

158 1949 304 2020 πρὸς
332 1950 524 2022 καιρὸν
557 1951 868 2022 κατέχεται·
919 1951 1113 2005 τούτου
1172 1951 1230 2005 δέ
1260 1951 1315 2005 τί
1346 1953 1564 2023 χεῖρον;
1621 1951 1732 2004 Καὶ
1759 1950 1859 2004 οὐκ

156 2039 515 2108 αἰσχύνονται
544 2040 637 2093 ἐπὶ
667 2043 732 2110 τῇ
764 2039 1053 2112 ἀπολογίᾳ·
1083 2041 1198 2094 Ούκ
1220 2039 1391 2112 ⁴ᾔδειν,
1423 2039 1579 2109 φησὶ,
1603 2039 1656 2092 τί
1683 2033 1856 2091 εἷπον.

157 2127 276 2180 Καὶ
294 2127 384 2181 διά
408 2128 464 2180 τί
508 2127 585 2200 μὴ
608 2128 757 2200 ᾔδεις
779 2127 941 2182 τοῦτο
973 2130 1003 2182 6
1046 2127 1266 2195 λογικὸς
1287 2126 1598 2197 ἄνθρωπος,
1643 2127 1672 2176 6
1718 2124 1861 2192 λογι-

159 2215 307 2284 σμὸν
339 2216 516 2285 έχων;
541 2216 630 2269 διὰ
651 2216 705 2267 τί
734 2215 803 2267 τά
828 2215 937 2267 τῶν
959 2215 1172 2282 ἀλόγων
1201 2211 1350 2285 [Ml]
1376 2213 1572 2276 ποιεῖς,
1605 2210 1861 2282 καθάπερ

161 2301 337 2364 ῖππος
367 2301 560 2371 ἄγριος
588 2300 698 2354 ἀπὸ
725 2299 899 2369 θυμοῦ
935 2300 1029 2353 καὶ
1083 2299 1256 2371 ὀργῆς
1291 2299 1701 2370 συναρπαγείςς
1752 2299 1862 2352 Καὶ

163 2389 278 2458 μὴν
315 2390 350 2459 ἠ
403 2387 695 2455 ἀπολογία,
725 2386 1076 2459 ἐγκλήματος
1120 2387 1268 2454 ἀξία.
1301 2387 1428 2440 Είθε
1460 2387 1570 2458 γάρ
1623 2387 1794 2458 ᾔδεις,
1827 2387 1862 2440 ἃ

157 2476 380 2543 ἔλεγες.
413 2475 525 2528 Τοῦ
572 2474 771 2545 θυμοῦ,
806 2475 995 2545 φησὶν,
1032 2475 1152 2527 ἐστὶ
1183 2474 1250 2528 τὰ
1301 2475 1545 2545 ῥήματα,
1578 2475 1679 2527 οὐκ
1728 2475 1858 2544 ἐμά.

162 2565 296 2629 Πῶς
330 2564 582 2630 ἐκείνου;
618 2562 731 2617 Καὶ
764 2563 872 2634 μὴν
918 2564 947 2615 6
980 2562 1153 2630 θυμὸς
1177 2563 1279 2613 οὐκ
1313 2561 1428 2630 ἔχει
1458 2563 1634 2630 ίσχὺν,
1676 2561 1742 2613 ἂν
1789 2561 1863 2630 μὴ

162 2653 324 2722 παρά
339 2645 435 2704 ἆοῦ
454 2650 617 2721 λάϐῃ.
635 2650 724 2713 Ὠς
743 2651 838 2702 καὶ
858 2649 924 2702 ἀν
942 2648 1088 2702 εἴποι
1107 2663 1213 2712 τις·
1238 2648 1350 2717 Τῆς
1368 2648 1550 2718 χειρός
1566 2649 1738 2709 ἐστιν,
1763 2649 1864 2700 ούκ

161 2740 279 2811 ἐμά
305 2739 372 2792 τὰ
397 2738 712 2810 τραύματα.
745 2739 812 2792 Τί
841 2739 944 2791 οῖει
976 2737 1211 2807 μάλιστα
1241 2736 1449 2790 δεῖσθαι
1492 2737 1702 2806 θυμοῦς
1743 2737 1864 2806 ούχὶ

166 2826 415 2896 πόλεμον
443 2826 542 2879 καὶ
569 2827 784 2897 μάχην;
833 2825 998 2879 Ἀλλά
1030 2824 1125 2878 καὶ
1154 2827 1272 2878 ἐκεῖ
1324 2824 1390 2878 ἂν
1424 2824 1562 2893 μετὰ.
1595 2823 1772 2895 θυμοῦ
1814 2843 1864 2877 τι

162 2914 415 2984 γίνηται,
450 2913 513 2966 τὸ
541 2913 650 2967 πᾶν
679 2912 1001 2985 διέφθαρται
1034 2912 1130 2967 καὶ
1158 2912 1427 2966 ἀπόλωλε.
1477 2912 1728 2966 Μάλιστα
1758 2911 1867 2980 γάρ

163 3004 302 3065 τοὺς
326 3001 668 3072 μαχομένους
706 3000 1014 3072 θυμοῦσθαι
1040 3001 1102 3054 οὐ
1133 3001 1261 3071 χρή·
1290 3000 1530 3070 μάλιστα
1561 3001 1690 3063 τοὺς
1716 3000 1868 3071 ὑϐρί-

166 3090 368 3154 ζοντας
390 3088 698 3160 θυμοῦσθαι
750 3089 811 3142 ού
851 3089 981 3159 χρή.
1017 3089 1130 3144 Καὶ
1183 3087 1302 3151 πῶς
1333 3087 1413 3140 ένι
1443 3088 1733 3158 μάχεσθαι,
1761 3104 1865 3158 φη-

168 3177 296 3241 civ;
327 3177 508 3247 Λόγῳ,
531 3176 824 3246 ἐπιεικείᾳ·
853 3176 1000 3246 μάχη
1027 3176 1136 3246 γάρ
1161 3176 1277 3228 ἐστι
1299 3175 1360 3228 τὸ
1388 3175 1447 3240 ἐξ
1473 3178 1721 3239 ἐναντίας
1748 3177 1870 3247 στῆ-

167 3284 284 3319 ναι.
319 3267 390 3318 Ἦ
429 3265 529 3336 οὐχ
557 3266 692 3335 ὁρᾷς
723 3265 818 3318 καὶ
844 3264 1070 3326 τούτους
1100 3264 1227 3327 τοὺς
1287 3263 1559 3334 πολέμους
1591 3265 1741 3337 νόμῳ
1776 3267 1870 3320 καὶ

166 3353 420 3420 διατάξει
469 3355 562 3407 καὶ
621 3353 836 3424 καιροῖς
891 3351 1282 3422 ὼρισμένους;
1322 3350 1506 3422 Θυμδς
1558 3353 1668 3425 γάρ
1717 3354 1869 3409 οὐδέν

169 3444 349 3505 ἔστιν,
377 3442 412 3512 ἦ
445 3441 591 3512 ὁρμὴ
617 3441 833 3511 ἄλογος·
871 3440 1055 3510 ἀλόγῳ
1084 3440 1141 3504 66
1182 3439 1337 3493 οὐδὲν
1375 3439 1593 3508 λογικὸν
1615 3441 1869 3510 γενέσθαι

167 3530 423 3583 δυνατόν.

239 3708 307 3762 δ’.
327 3709 384 3761 Ἑ
392 3711 482 3761 πεῖ
496 3709 588 3762 καὶ
601 3700 756 3770 οὗτος
767 3707 996 3762 τοιαῦτα
1010 3708 1332 3777 ἐφθέγγετο,
1347 3709 1442 3764 κα)⁸
1453 3710 1554 3764 οὐκ
1577 3710 1671 3764 ἐθυ
1679 3711 1866 3782 μοῦτο.

169 3797 285 3850 Καὶ
308 3799 336 3848 6
368 3795 558 3856 Ἠλίας
597 3795 804 3863 ἐλεγενο
846 3797 995 3862 Ἕως
1026 3798 1173 3849 πότε
1195 3798 1523 3865 χωλανεῒτε
1552 3799 1645 3851 ἐπ’
1683 3800 1873 3870 ἀμφο-

168 3883 374 3953 τέραις
403 3882 536 3946 ταῖς
564 3883 798 3951 ἰγνύαις
829 3881 1031 3952 ὐμῶν;
1080 3884 1176 3936 καὶ
1209 3884 1310 3937 ούκ
1363 3883 1656 3956 ἐθυμοῦτο.
1706 3889 1816 3941 Καὶ
1845 3892 1873 3942 6

167 3972 360 4034 Φινεὲς
395 3971 622 4038 ἔσφαξε,
664 3970 756 4024 καὶ
789 3971 892 4023 ούκ
935 3969 1229 4040 ἐθυμοῦτο.
1276 3972 1332 4024 '0
1385 3972 1494 4043 γὰρ
1549 3971 1722 4045 θυμὸς
1772 3976 1873 4030 ούκ

168 4061 407 4129 ἀφίησιν
438 4058 591 4120 ἰδεῖν,
621 4057 758 4112 ἀλλά
779 4057 1035 4128 καθάπερ
1064 4059 1123 4111 ἐν
1150 4060 1495 4130 νυκτομαχίᾳ
1530 4061 1712 4116 πάντα
1750 4080 1875 4117 συν-

167 4148 365 4219 δήσας,
410 4147 506 4200 καὶ
528 4145 848 4215 ὀφθαλμοὺς
902 4147 997 4198 καὶ
1029 4138 1168 4208 ὧτα,
1233 4145 1409 4210 οὕτως
1443 4147 1588 4216 ἄγει.
1630 4149 1873 4222 ὅπουπερ

168 4236 240 4290 ἂν
266 4235 452 4305 ἐθέλῃ.
502 4232 939 4302 Ἀπαλλαγῶμεν
969 4229 1062 4288 οῦν
1097 4233 1291 4288 τούτου
1340 4234 1435 4288 τοῦ
1467 4237 1741 4307 δαίμονος,
1774 4240 1872 4310 ἀρ·

167 4323 408 4394 χύμενον
460 4321 627 4374 αὐτὸν
655 4319 1125 4392 καταστείλωμεν,
1158 4321 1259 4393 τὴν
1290 4324 1567 4392 σφραγῖδα
1595 4325 1874 4397 ἐπιθῶμεν

166 4412 249 4482 τῷ
275 4409 469 4482 στήθει
494 4408 750 4480 καθάπερ
787 4409 911 4463 τινά
965 4410 1204 4480 χαλινόν.
1262 4410 1428 4466 Κύων
1461 4413 1611 4467 ἐστὶν
1650 4415 1874 4485 ἀναιδὴς

165 4503 200 4553 6
227 4498 428 4570 θυμός·
460 4497 600 4553 ἀλλὰ
655 4497 875 4567 μαθέτω
909 4497 1131 4552 ἀκούειν
1162 4497 1258 4552 τοῦ
1295 4499 1486 4570 νόμου.
1516 4503 1614 4554 Ἂν
1725 4504 1874 4557 κύων

169 4589 232 4643 6v
262 4587 475 4657 ποίμνῃ
503 4585 679 4650 οὕτως
708 4585 924 4656 ἀγριος,
958 4585 1035 4649 ὡς
1060 4586 1137 4658 μὴ
1167 4586 1452 4641 πείθεσθαι
1480 4591 1873 4660 προστάττοντι

167 4675 252 4747 τῷ
271 4674 544 4746 βουκόλῳ,
585 4673 722 4744 μηδὲ
749 4672 1138 4743 ἐπιγινώσκειν
1160 4674 1328 4728 αὐτοῦ
1344 4676 1443 4747 τὴν
1464 4678 1672 4749 φωνὴν,
1697 4680 1875 4734 πάντα

169 4763 433 4818 ἀπόλωλε
464 4763 560 4816 καὶ
586 4761 933 4833 διέφθαρται.
977 4763 1134 4817 Μετά
1167 4763 1277 4817 τῶν
1307 4765 1597 4835 προϐάτων
1627 4767 1873 4837 νέμεται·

168 4851 292 4906 ἀλλ’
317 4852 417 4906 ἐάν
449 4849 797 4921 ἀπογεύηται
841 4851 954 4904 τῶν
989 4851 1303 4922 προϐάτων,
1337 4854 1609 4926 ἄχρηστός
1633 4857 1747 4909 ἐστι
1783 4858 1876 4910 καὶ

173 4940 654 5008 κατασφάττεται.
690 4939 752 4992 Et
775 4938 978 5011 ἔμαθεν
1000 4939 1220 4994 ἀκούειν
1247 4958 1364 5006 σου,
1388 4941 1586 5012 θρέψον
1601 4944 1693 4997 τὸν
1715 4945 1872 4999 κύνα·

170 5028 455 5102 χρήσιμός
508 5028 649 5090 ἐστι,
686 5026 827 5080 κατά
858 5027 970 5079 τῶν
1009 5026 1213 5094 λύκων,
1255 5028 1398 5081 κατὰ
1427 5029 1537 5082 τῶν
1575 5033 1874 5103 πειρατῶν,

175 5119 324 5173 κατά
353 5115 454 5171 τοῦ
485 5117 797 5189 λῃστάρχου
834 5115 1105 5182 ὑλακτῶν,
1143 5116 1202 5169 ού
1239 5117 1384 5170 κατά
1409 5119 1722 5190 προϐάτων,
1758 5124 1878 5177 ούδέ

176 5208 326 5262 κατά
341 5205 588 5263 οἰκείων.
623 5208 722 5260 Ἂν
749 5205 824 5276 μὴ
854 5204 1049 5276 ἀκούῃ,
1074 5206 1257 5258 πάντα
1287 5206 1613 5278 διαφθείρει’
1639 5209 1706 5262 ἂν
1730 5210 1880 5286 μάθῃ

171 5297 575 5367 καταφρονεῖν,
611 5294 792 5347 πάντα
834 5292 1116 5348 ἀπολλύει.
1155 5293 1228 5346 T6
1266 5295 1446 5347 τοίνυν
1475 5296 1686 5368 ἥμερον
1734 5299 1793 5351 τὸ
1823 5302 1880 5353 ἐν

174 5386 265 5439 σοι
302 5385 383 5456 μὴ
416 5382 785 5448 ἀναλισκέτω,
815 5381 954 5436 ἀλλά
1002 5381 1320 5451 φυλαττέτω
1349 5383 1377 5435 6
1435 5381 1607 5454 θυμὸς
1632 5386 1726 5441 καὶ
1759 5389 1882 5440 πῖον

171 5474 414 5528 ποιείτω
448 5471 500 5510 δ’
535 5470 765 5541 φυλάξει
790 5469 866 5537 δέ,
902 5469 1000 5524 καὶ
1030 5472 1087 5524 ἐν
1110 5469 1385 5543 ἀσφαλείᾳ
1420 5471 1586 5544 πολλῇ
1618 5472 1880 5545 νέμεσθαι

172 5561 546 5632 καταστήσει,
585 5558 654 5612 ἂν
675 5558 803 5622 τοὺς
842 5559 1080 5630 μιαροὺς
1111 5557 1412 5630 λογισμοὺς
1436 5561 1531 5614 καὶ
1560 5563 1685 5625 τοὺς
1715 5579 1882 5635 πονη·

172 5651 311 5722 ροίδς
338 5647 748 5718 καταναλίσκῃ,
785 5647 853 5701 ἂν
879 5647 972 5700 τὸν
1010 5646 1263 5702 διάϐολον
1290 5645 1464 5720 διώκῃ
1520 5651 1878 5721 πανταχόθεν.

171 5740 370 5804 Οὕτως
397 5739 684 5793 ἐπιείκεια
721 5734 1071 5801 διασώζεται,
1100 5736 1232 5790 ὅταν
1266 5738 1519 5809 μηδαμοῦ
1552 5739 1628 5810 τῷ
1654 5740 1883 5812 πλησίον

173 5827 353 5882 κακόν
384 5843 440 5879 τι
469 5822 843 5895 λογιζώμεθα·
902 5823 1079 5887 οὓτως
1105 5825 1377 5896 αἰδέσιμσι
1437 5826 1720 5898 γινόμεθα,
1757 5829 1883 5884 ὅταν

244 5972 262 5998 ⁸
288 5971 391 6026 Alii
417 5976 450 6032 ἡ
473 5973 674 6022 ὀιδοθεν.
746 5969 774 6012 b
799 5971 900 6023 Alii
928 5971 1007 6020 καὶ
1045 5971 1242 6035 λιπαρὸν
1287 5972 1498 6022 ποιείῑω.

1264 352 1332 408 IN
1370 350 1551 408 ACTA
1587 346 2122 404 APOSTOLORUM.
2166 346 2400 402 IIOMIL.
2428 347 2594 403 XVII.

3534 343 3632 401 Ηθ

1967 462 2040 532 μὴ
2075 461 2433 532 μανθάνωμεν
2464 461 2860 532 ἀναισχυντεῖν.
2908 460 3075 514 Ούδέν
3131 460 3237 532 γὰρ
3271 461 3444 524 οὕτως
3492 463 3638 517 ἀναί-

1966 562 2191 615 σχυντον
2218 548 2381 610 ποιεῖ,
2433 548 2510 609 ώς
2544 544 2780 615 πονηρὸν
2830 543 3086 607 συνειδός.
3118 545 3217 597 Διά
3243 546 3296 597 τί
3344 545 3397 597 αἱ
3441 544 3632 614 πόρναι

1963 633 2308 704 ἀναίσχυντοί
2333 634 2478 701 είσι·;
2510 633 2598 687 διά
2627 633 2678 686 τί
2700 632 2758 687 αί
2790 630 3051 703 παρθένοι
3092 631 3448 702 αἰσχυντηλαί
3474 648 3486 691 ς
3521 633 3636 684 Οὐκ

1961 721 2069 775 ἀπὸ
2124 722 2224 793 τῆς
2272 719 2545 791 ἁμαρτίας
2589 722 2824 786 ἐκείναις
2860 720 2960 772 ούκ
2985 717 3094 772 ἀπὸ
3148 719 3247 789 τῆς
3286 719 3638 789 σωφροσύνης

1959 803 2157 874 αὗταις
2213 806 2380 862 Ούδέν
2413 808 2524 880 γὰρ
2567 807 2744 873 οὕτως
2769 807 3125 879 ἀναίσχυντον
3156 807 3320 868 ποιεῖ,
3354 806 3428 870 ώς
3454 808 3639 877 ἀμαρ-

1960 897 2070 949 τία.
2104 897 2216 949 Καὶ
2247 896 2352 966 μὴν
2381 896 2711 962 τούναντίον,
2729 897 2886 968 φησὶ,
2910 893 3403 968 κατ[αν]αισχύνει.
3422 895 3529 948 Ναὶ
3551 895 3641 948 τὸν

1961 983 2300 1051 καταγνόντα
2327 982 2519 1038 ἐαυτοῦ
2547 1000 2569 1016 ο·
2594 984 2684 1038 τὸν
2713 985 2770 1038 66
2823 983 3365 1057 ἀπηρυθριασμένον,
3399 983 3494 1036 καὶ
3529 984 3644 1035 ἰτα-

1965 1070 2210 1140 μώτερον
2266 1071 2578 1140 ἐργάζεται·
2618 1072 2647 1123 6
2679 1071 2788 1141 γὰρ
2829 1071 3104 1140 ἀπογνοὺς
3153 1071 3372 1134 ἑαυτοῦ,
3435 1070 3641 1140 θρασὺς

1962 1158 2193 1227 γίνεται.
2225 1157 2467 1224 Ἆσεόὴς
2489 1158 2620 1228 γάρ,
2651 1159 2836 1228 φησὶν,
2865 1157 3060 1212 ἐλθὼν
3083 1160 3171 1223 είς
3195 1158 3390 1225 βάθος
3421 1157 3642 1217 κακῶν.

1963 1242 2346 1313 καταφρονεῖ.
2394 1244 2452 1298 Ὁ
2481 1244 2540 1297 66
2569 1244 2944 1314 ἀναίσχυντος,
2991 1245 3088 1298 καὶ
3142 1245 3334 1316 ἰταμὸς
3364 1245 3434 1298 ἃν
3463 1245 3570 1315 εἴη·
3617 1249 3646 1297 6

1962 1336 2019 1389 66
2054 1337 2267 1407 ἰταμὸς,
2298 1336 2391 1389 καὶ
2441 1334 2668 1405 θρασύς.
2704 1335 2894 1388 Βούλει
2917 1335 3112 1406 μαθεῖν
3145 1337 3273 1389 πότε
3296 1337 3646 1390 ἀναλίσκεται

1965 1424 2236 1477 ἐπιείκεια
2256 1435 2277 1462 ε
2303 1441 2318 1492 ;
2351 1425 2519 1478 Ὅταν
2541 1428 2769 1494 πονηροὶ
2784 1423 3037 1494 λογισμοὶ
3055 1424 3226 1496 αὐτὴν
3245 1425 3642 1496 διαμασῶνται.

1979 1510 2119 1563 Ἀλλ’
2142 1511 2191 1563 εί
2210 1511 2302 1564 καὶ
2330 1512 2490 1564 τοῦτο
2508 1510 2821 1582 συμϐαίνει,
2848 1512 2929 1564 ὅτι
2963 1511 3077 1583 μὴὸ
3095 1511 3242 1566 κύων
3271 1512 3469 1584 ἕστηκε
3507 1512 3648 1581 μέγα

1967 1595 2239 1661 ὑλακτῶν,
2263 1598 2386 1650 οὐδὲ
2407 1598 2582 1662 οὕτως
2613 1597 3014 1666 ἀπογινώσκειν
3047 1601 3175 1669 χρή.
3206 1601 3360 1653 Ἐστι
3383 1601 3494 1670 γάρ
3516 1602 3648 1669 ἡμῖν

1967 1683 2060 1736 καὶ
2099 1681 2248 1755 [In]
2281 1682 2539 1754 σφενδόνη
2566 1685 2658 1738 καὶ
2691 1684 2840 1748 λίθος
2872 1686 3008 1754 (ῐστε
3038 1686 3100 1738 τὸ
3130 1686 3471 1755 λεγόμενον)·
3502 1687 3650 1742 ἐστιν

1968 1772 2098 1843 ἡμῖν
2133 1773 2229 1827 καὶ⁵
2258 1772 2409 1844 δόρυ,
2473 1772 2566 1827 καὶ
2603 1772 2835 1844 μάνδρα,
2892 1772 2987 1826 καὶ
3021 1774 3208 1844 σηκὸς,
3253 1775 3312 1828 ὲν
3344 1768 3387 1842 ᾧ
3414 1775 3639 1844 φυλάξο,

1971 1878 2072 1932 μεν
2107 1863 2234 1926 τοὺς
2268 1861 2562 1933 λογισμοὺς
2597 1863 2823 1925 ἀσινεῖς.
2878 1863 2976 1916 Ἂν
3025 1863 3053 1917 6
3081 1862 3228 1916 κύων
3259 1864 3419 1934 σαίνῃ
3455 1863 3554 1934 μὲν
3583 1864 3650 1916 τά

1968 1948 2239 2019 πρόϐατα,
2292 1949 2550 2022 ἀγριαίνῃ
2606 1949 2664 2003 66
2724 1950 2867 2004 κατά
2906 1950 3016 2003 τῶν
3075 1949 3181 2015 ἔξω
3241 1952 3331 2004 καὶ
3371 1952 3648 2023 ἀγρυπνῇ,

1967 2034 2128 2089 τοῦτο
2184 2037 2355 2107 ἀρετὴ
2405 2037 2587 2100 κυνός·
2626 2037 2728 2090 κᾶν
2778 2037 3047 2111 λιμώττῃ,
3107 2039 3181 2109 μὴ
3223 2038 3482 2108 γεύεσθαι
3542 2041 3649 2093 τῶν

1969 2121 2279 2193 προϐάτων·
2315 2120 2417 2175 κᾶν
2446 2122 2505 2175 ἐν
2561 2122 2842 2193 πλησμονῇ
2989 2125 3063 2194 μὴ
3104 2126 3382 2192 φείδεσθαι
3417 2128 3524 2179 τῶν
3555 2128 3650 2178 λύε

1970 2220 2102 2263 κων.
2141 2207 2393 2264 Τοιοῦτον
2441 2209 2536 2262 καὶ
2582 2211 2611 2262 6
2662 2208 2855 2280 θυμός·
2911 2211 3016 2264 xiv
3065 2210 3350 2282 δάκνηται,
3389 2214 3489 2280 τῆς
3532 2218 3652 2266 ἐπι-

1969 2295 2178 2358 εικείας
2242 2295 2318 2366 μὴ
2369 2295 2721 2363 ἀφίστασθαι·
2763 2295 2866 2350 κᾶν
2924 2299 2980 2350 ἐν
3019 2299 3222 2369 ἡσυχίᾳ
3272 2295 3326 2370 ᾖ,
3386 2298 3651 2370 διεγείρε-

1974 2383 2098 2436 σθαι
2128 2383 2266 2454 πρὸς
2300 2383 2425 2446 τοὺς
2453 2385 2723 2455 πονηροὺς
2756 2384 3070 2457 λογισμούς·
3109 2387 3202 2439 καὶ
3237 2387 3297 2440 τὸ
3328 2386 3428 2457 μὲν
3454 2389 3653 2441 οἰκεῖον

1973 2472 2065 2525 καὶ⁵
2119 2469 2354 2541 πλῆττον
2395 2469 2471 2540 μὴ
2527 2471 2988 2540 καταλιμπάνειν,
3050 2473 3166 2526 ἀλλ’
3225 2476 3652 2543 ἐπιγινώσκειν,

1972 2557 2031 2610 τὸ
2069 2557 2124 2610 δὲ
2157 2555 2442 2627 ἀλλότριον
2494 2557 2590 2608 καὶ
2629 2559 2809 2611 σαῖνον
2848 2559 3228 2629 λυμαίνεσθαι.
3273 2561 3453 2616 Σαίνει
3477 2566 3504 2618 6
3540 2566 3656 2618 6:5:-

1974 2643 2128 2705 ϐολος
2164 2643 2427 2706 πολλάκις
2456 2643 2531 2706 ὡς
2567 2645 2595 2696 6
2622 2644 2794 2708 κύων,
2833 2645 2970 2699 ἀλλά
2997 2646 3190 2716 γνώτω
3231 2651 3358 2715 πᾶς,
3395 2651 3476 2704 ὅτι
3502 2653 3657 2706 ἀλλό-

1974 2733 2125 2802 τριός
2144 2730 2169 2770 ἀ
2192 2733 2364 2785 ἐστιν.
2401 2730 2561 2784 Οὕτω
2578 2732 2643 2803 δὴ
2667 2733 2763 2786 καὶ
2789 2735 2952 2805 ἡμεῖς
2987 2736 3088 2807 τὴν
3120 2737 3342 2810 ἀρετὴν,
3364 2739 3466 2794 κᾶν
3489 2740 3654 2812 λυπῇ,

1977 2819 2272 2891 σαίνωμεν·
2311 2820 2404 2872 καὶ
2438 2820 2539 2890 τὴν
2571 2821 2794 2888 κακίαν,
2826 2821 2931 2875 κᾶν
2971 2823 3260 2896 εὐφραίνῃ,
3294 2827 3656 2898 ἀποστρέφω-

1978 2908 2139 2979 μεθα.
2172 2909 2264 2979 Μὴ
2298 2907 2588 2979 γενώμεθα
2618 2909 2838 2981 χείρους
2860 2911 2969 2964 τῶν
3004 2914 3202 2977 κυνῶν,
3245 2917 3295 2968 οἳ
3329 2918 3660 2990 μαστιζομε-

1977 3013 2055 3048 νοι
2095 2997 2191 3050 καὶ
2211 2996 2506 3067 ἀγχόμενοι
2564 2998 2664 3051 ούκ
2698 2999 3047 3067 ἀφίστανται.
3093 3003 3190 3056 “Av
3247 3002 3303 3056 66
3332 3005 3528 3069 αὐτοὺς
3570 3008 3662 3060 καὶ

1975 3085 2152 3156 τρέφῃ
2179 3085 2208 3136 6
2231 3084 2536 3156 ἀλλότριος,
2574 3085 2694 3150 πῶς
2724 3087 2785 3141 ού
2827 3087 3028 3158 μᾶλλον
3054 3088 3352 3159 βλάψουσιν
3385 3104 3443 3157 ος
3475 3096 3664 3151 Ἔστιν

1975 3176 2064 3228 ὅτε
2096 3175 2365 3246 χρήσιμος
2395 3177 2424 3229 6
2460 3175 2651 3246 θυμὸς,
2693 3177 2810 3230 ἀλλ’
2835 3177 2965 3231 ὅταν
3022 3177 3226 3250 ὑλακτῇ
3261 3182 3399 3234 κατὰ
3432 3183 3537 3236 τῶν
3571 3186 3665 3238 άλ-

1977 3262 2222 3335 λοτρίων.
2266 3265 2331 3317 Τί
2365 3265 2535 3328 ἐστιν,
2584 3264 2648 3318 Ὀ
2673 3264 3045 3335 ὀργιζόμενος
3083 3267 3163 3334 τῷ
3202 3269 3444 3338 ἀδελφῷ
3478 3275 3665 3327 αὐτοῦ

1979 3350 2156 3419 είκῆ;
2198 3351 2351 3404 Ἀντὶ
2392 3351 2511 3416 τοῦ,
2553 3352 2646 3422 Μὴ
2687 3352 2861 3422 ἀμυνε
2903 3353 3104 3423 σαυτῷ,
3148 3357 3283 3425 μηδὲ
3340 3359 3544 3411 ἐκδίκει
3601 3361 3666 3414 ἂν

1979 3439 2167 3509 ἕτερον
2197 3439 2313 3512 ἴδῃς
2352 3439 2745 3510 ἀπολλύμενον,
2781 3440 2971 3509 ὄρεξον
3033 3443 3212 3512 χεῖρα.
3250 3445 3363 3497 Ούκ
3391 3445 3470 3498 ἔτι
3496 3446 3667 3517 θυμὸς

1980 3527 2166 3580 λοιπὸν
2196 3526 2355 3579 τοῦτό
2385 3529 2555 3589 ἐστιν,
2592 3525 2720 3578 ὅταν
2752 3527 2852 3597 τῆς
2887 3527 3097 3591 οἰκείας
3135 3530 3478 3600 συμπαθείας
3499 3535 3669 3605 ἀπηλ-

1979 3614 2250 3686 λαγμένος
2270 3609 2358 3686 ᾗς.
2395 3611 2630 3666 Ἔλαϐεν
2666 3615 2694 3667 6
2727 3613 2890 3667 Δαυῒδ
2920 3614 3010 3667 τὸν
3054 3617 3245 3680 Σαοὺλ,
3275 3619 3369 3672 καὶ
3405 3621 3506 3674 ούκ
3543 3621 3668 3674 600-

1985 3704 2166 3775 μώθη,
2195 3704 2318 3757 ούδέ
2368 3701 2602 3772 ἐνέπηξε
2631 3702 2693 3756 τὸ
2731 3703 2882 3775 δόρυ,
2936 3705 3028 3757 τὸν
3062 3705 3258 3776 ἐχθρὸν
3299 3707 3502 3770 λαϐὼν,
3551 3711 3668 3764 ἀλλ’

1982 3791 2232 3862 ἠμύνατο
2282 3789 2373 3844 τὸν
2412 3789 2680 3845 διάϐολον.
2722 3791 2780 3844 Ὀ
2820 3793 3082 3862 Μωῦσῆς,
3118 3794 3209 3846 ὅτε
3260 3795 3359 3864 μὲν
3389 3796 3668 3869 ἀλλότριον

1984 3881 2277 3936 ἀδικοῦντα
2330 3876 2460 3944 εἶδε,
2499 3880 2593 3933 καὶ
2633 3879 2866 3934 ἀνεῖλεν·
2908 3880 2999 3934 ὅτε
3058 3881 3114 3934 δὲ
3172 3884 3390 3950 οἰκεῖον,
3431 3887 3529 3939 οὐκ
3567 3888 3665 3940 ἔτι·

1983 3970 2120 4025 ἀλλὰ
2149 3970 2277 4034 τοὺς
2311 3968 2410 4040 μὲν
2445 3968 2712 4038 ἀδελφοὺς
2767 3969 3162 4040 κατήλλαττεν,
3199 3972 3444 4036 ἐκείνους
3489 3973 3544 4029 δέ
3576 3976 3669 4029 καὶ

1983 4057 2278 4113 ἀπωθεῖτο.
2310 4056 2505 4110 Καίτοι
2559 4057 2867 4127 πραότατον
2904 4056 3066 4111 αὑτὸν
3103 4058 3348 4130 ἠΓραφὴ
3380 4067 3666 4134 μαρτυρεῖ,

1984 4148 2099 4201 ἀλλ’
2129 4149 2280 4218 ὅμως
2305 4142 2375 4216 ἦν
2411 4148 2504 4200 καὶ
2534 4146 2985 4217 διεγηγερμένος.
3033 4147 3174 4200 Ἀλλ’
3219 4149 3316 4220 ούχ
3349 4153 3528 4221 ἡμεῖς·
3555 4156 3670 4208 ἀλλ’

1985 4237 2113 4289 ἔνθα
2154 4235 2252 4305 μὲν
2285 4233 2572 4305 πραότητα
2603 4232 3018 4288 ἐπιδείκνυσθαι
3045 4235 3174 4307 χρὴ,
3220 4238 3441 4291 πάντων
3462 4241 3670 4312 θηρίων

1984 4325 2152 4396 ἐσμὲν
2192 4323 2542 4395 ἀγριώτεροι·
2598 4322 2724 4376 ἔνθα
2755 4321 2811 4376 δέ
2841 4323 3212 4395 διεγερθῆναι,
3255 4327 3470 4381 πάντων
3503 4331 3670 4386 νωθέ-

1987 4434 2165 4489 στεροι
2197 4417 2292 4470 καὶ
2331 4412 2710 4483 ύπνηλότεροι.
2765 4413 2918 4466 Ἐπεὶ
2951 4409 3044 4467 οὖν
3068 4415 3168 4468 οὐκ
3224 4418 3300 4480 είς
3331 4416 3448 4470 δέον
3479 4424 3672 4492 κεχρή.

1991 4506 2131 4578 μεθα
2164 4507 2280 4566 τοῖς
2307 4502 2324 4542 τ
2353 4503 2408 4554 ἐν
2438 4502 2592 4572 ἡμῖν,
2622 4499 2712 4552 διά
2747 4518 2828 4554 τοι
2881 4501 3039 4556 τοῦτο
3072 4504 3166 4556 καὶ
3214 4506 3294 4568 είς
3322 4507 3474 4560 οὐδὲν
3500 4509 3617 4562 δέον
3644 4513 3671 4563 6

1990 4593 2102 4664 βίος
2125 4593 2256 4663 ἡμῖν
2294 4588 2589 4644 ἀνάλωται.
2634 4587 2793 4641 Οὕτω
2845 4591 2941 4643 καὶ
2975 4589 3032 4643 ἐν
3073 4590 3345 4655 σκεύεσιν,
3380 4595 3473 4648 ἐὰν
3529 4597 3674 4670 ἄλλῳ

1986 4682 2162 4743 ἄλλως
2198 4676 2472 4750 χρήσηταί
2501 4694 2607 4741 τις,
2643 4675 2713 4729 τά
2759 4677 2941 4731 πάντα
2968 4678 3284 4733 ἀπόλλυσιν·
3324 4679 3436 4734 οἷον
3474 4684 3538 4735 ἂν
3571 4688 3673 4754 μά.

1987 4786 2185 4842 χαιραν
2217 4766 2398 4822 λαϐών
2420 4783 2528 4830 τις,
2566 4765 2694 4817 ἔνθα
2726 4766 2861 4836 αὐτῇ
2919 4767 3156 4838 χρῆσθαι
3204 4768 3304 4832 δεῖ,
3344 4771 3418 4840 μὴ
3469 4772 3669 4843 χρῷτο,

1988 4859 2123 4914 ἀλλὰ
2174 4859 2240 4928 τῇ
2287 4855 2432 4927 χειρὶ
2484 4853 2645 4907 τοῦτο
2707 4857 2871 4918 ποιοῖ,
2927 4855 3080 4908 οὐδὲν
3136 4856 3298 4909 πλέον
3356 4860 3675 4929 ἐργάσεται·

1988 4950 2180 5017 ὥσπερ
2210 4945 2306 5000 καὶ
2359 4945 2388 4996 6
2446 4943 2576 4998 ἔνθα
2608 4947 2675 5013 τῇ
2708 4946 2855 5014 χειρὶ
2888 4945 3201 5015 χρήσασθαι
3254 4946 3380 5017 χρὴ,
3438 4949 3536 5015 τὴν
3574 4953 3676 5020 μά.

1989 5051 2189 5109 χαιραν
2246 5032 2669 5106 μεταχειρίζων,
2707 5033 2885 5085 πάντα
2919 5031 2984 5085 ἂν
3021 5032 3362 5089 ἀπολέσειεν.
3424 5034 3577 5092 Οὕτω
3612 5039 3677 5112 δὴ

1990 5127 2086 5181 καὶ
2124 5123 2328 5196 ἰατρὸς,
2364 5122 2492 5176 ἔνθα
2522 5121 2587 5175 ἂν
2615 5122 2837 5191 τέμνειν
2858 5120 2974 5193 δέῃ,
3020 5121 3096 5190 μὴ
3129 5122 3368 5191 τέμνων,
3427 5127 3518 5177 καὶ
3549 5126 3678 5182 ἔνθα

1989 5217 2054 5271 ἂν
2120 5219 2196 5286 μὴ
2252 5212 2380 5284 χρὴ,
2417 5209 2654 5281 τέμνων,
2697 5209 2878 5263 πάντα
2914 5208 3244 5279 διαφθείρει.
3299 5213 3388 5264 Διὸ
3425 5231 3677 5283 παρακα-

1990 5305 2089 5371 λῶ,
2127 5304 2290 5374 ἡμεῖς
2323 5301 2403 5365 εἰς
2443 5298 2635 5369 καιρδν
2692 5297 2956 5370 χρώμεθα
2990 5297 3068 5368 τῷ
3121 5300 3431 5370 πράγματι·
3492 5304 3678 5375 θυμοῦ

1991 5394 2100 5464 γάρ
2149 5389 2339 5462 καιρὸς
2396 5386 2659 5458 οὐδαμοῦ,
2716 5389 2846 5441 ὅταν
2897 5387 3112 5450 ἑαυτοῖς
3160 5387 3467 5459 βοηθῶμεν.
3512 5393 3577 5445 ἂν
3627 5394 3681 5447 δὲ

1993 5481 2217 5552 ἐτέρους
2274 5476 2571 5548 διορθῶσαι
2613 5473 2738 5544 χρὴ,
2791 5474 2913 5527 τότε
2973 5473 3210 5544 μάλιστα
3257 5475 3408 5546 αὐτῷ
3445 5480 3683 5549 χρῆσθαι

1991 5575 2091 5639 δεῖ,
2130 5574 2217 5627 ἵνα
2251 5570 2471 5640 ἐτέρους
2513 5567 2936 5638 ἐξαρπάσωμεν.
2986 5566 3145 5620 Οὕτω
3198 5569 3291 5620 καὶ
3330 5569 3523 5622 ίσόθεοι
3565 5573 3683 5624 ἐσό-

1999 5663 2160 5734 μεθα,
2212 5660 2274 5713 τὸ
2325 5660 2596 5730 ἀόργητον
2629 5654 2909 5725 πανταχοῦ
2966 5655 3372 5726 διατηροῦντες,
3432 5660 3524 5710 καὶ
3578 5661 3684 5716 τῶν

2061 5847 2082 5876 ε’
2121 5843 2216 5893 Alii
2268 5842 2455 5905 θρασύς,
2500 5841 2630 5902 ’Όρα
2681 5845 2781 5897 πὼς
2826 5841 3132 5905 ᾁναλίσκεται
3176 5842 3438 5905 ἐπιείκειαν
3478 5838 3514 5905 ’ἀ
3541 5840 3687 5890 ᾹΙὶίό

1997 5908 2124 5955 κύων
2146 5902 2319 5953 εἱδιται
2343 5907 2414 5951 ὅτι
2436 5904 2696 5964 ἀλλότριος.
2773 5919 2795 5943 ε
2833 5904 3120 5963 “Λ)).ὁτριος,
3157 5905 3236 5949 καὶ
3260 5904 3384 5949 οὕτω
3401 5902 3687 5963 βὶάπτωσι,

1996 5971 2069 6024 δίο
2094 5970 2198 6020 alii.
2273 5965 2289 6007 ί
2318 5965 2417 6018 Alii
2444 5966 2772 6029 ῦπνηλότιροι,
2801 5965 3011 6027 οὖδαειοῦ
3037 5969 3097 6020 .i;
3125 5967 3228 6013 δέον
3255 5967 3532 6026 κγρτμζηι
3571 5967 3680 6021 τοῖς,
