4078 6318
206 307 287 360 lii
1172 293 1236 349 IN
1276 292 1452 348 ACTA
1498 289 1788 346 APOSTOI

1903 288 2034 345 ΗΜ.
2079 286 2312 350 "OM"...
2359 282 2552 347 Χγιιι.

190 421 364 473 futura
396 430 806 484 consequemur
836 414 974 469 bona
999 460 1004 480 τ
1048 414 1216 483 gratia
1243 421 1298 465 ct
1332 410 1667 479 benignitate
1696 408 1800 463 Do-

201 510 318 564 tnini
358 504 532 562 nostri
581 505 711 561 Jesu
741 503 943 561 Christi
970 546 984 566 .
1027 504 1238 572 quicum
1281 502 1420 556 [’atri
1469 512 1523 555 ct
1573 501 1791 571 Spiritui

1571 715 1906 776 HOMILIA
1966 717 2196 778 XVIII.

202 866 327 922 Car.
366 867 420 923 Ἰ.
467 883 513 920 v.
564 867 652 921 54.
699 865 973 918 Audientes
1012 873 1178 915 autem
1226 864 1332 915 lucc
1359 905 1370 926 ,
1416 860 1802 915 dissecabantur

271 961 514 1014 cordibus
541 960 671 1019 suis,
705 969 754 1012 et
783 958 1062 1012 stridebant
1091 955 1325 1009 dentibus
1356 956 1407 1008 in
1439 972 1570 1008 eum.

271 1058 321 1108 l.
371 1055 564 1107 Mirum
612 1067 743 1106 sane
771 1093 783 1111 ,
833 1051 1102 1120 quomodo
1143 1051 1484 1103 oresisiunem
1526 1047 1805 1102 occidendi

198 1163 255 1200 ex
289 1145 456 1198 dictis
499 1158 605 1198 non
652 1154 1014 1213 acceperunt,
1060 1142 1153 1196 sed
1185 1141 1359 1194 adhuc
1405 1141 1678 1194 insaniunt
1708 1182 1720 1203 ,
1753 1149 1806 1193 et

197 1255 413 1293 causam
454 1246 726 1308 qna-runt.
774 1237 848 1291 lta
879 1250 1093 1304 semper
1136 1235 1185 1287 in
1231 1234 1384 1286 malis
1415 1244 1540 1286 sunt
1585 1235 1674 1302 qui
1720 1235 1802 1286 in-

197 1332 342 1399 juste
387 1337 579 1399 agunt.
614 1327 796 1396 Itaque
847 1335 904 1379 ut
957 1325 1226 1395 principes
1271 1325 1613 1378 sacerdotum
1660 1324 1802 1377 anxii

197 1423 449 1476 dicebant
474 1439 489 1474 :
518 1420 655 1487 Quid
689 1419 935 1490 faciemus
971 1419 1255 1472 hominibus
1283 1417 1394 1470 istis
1421 1416 1560 1486 (Act.
1587 1416 1640 1470 4.
1667 1415 1755 1484 l6)
1782 1416 1804 1470 1’

200 1515 271 1568 lta
305 1525 360 1568 et
390 1515 444 1569 hi
473 1514 834 1569 dissecantur.
867 1513 1023 1582 Atqui
1057 1512 1147 1565 ille
1169 1519 1284 1564 erat
1314 1553 1328 1575 ,
1361 1511 1450 1578 qui
1480 1522 1804 1564 succensere

199 1606 431 1659 debebat
452 1645 468 1667 ,
519 1604 610 1674 qui
640 1604 774 1658 nihil
821 1605 1030 1658 laeserat
1055 1645 1068 1668 ,
1099 1613 1150 1658 et
1179 1618 1241 1656 ac
1272 1603 1314 1656 si
1358 1601 1585 1656 laesisset
1617 1615 1804 1669 passus

201 1711 245 1751 et.
275 1695 562 1748 Cululnlliis
602 1694 879 1763 impolitus
917 1693 1035 1748 fuit.
1068 1693 1173 1749 Sed
1221 1695 1344 1748 hinc
1389 1693 1805 1748 calumniatores

203 1789 366 1853 tuagis
394 1789 722 1842 evincuntur
748 1806 758 1840 :
793 1789 871 1841 sic
899 1803 1081 1842 verum
1123 1798 1206 1842 est
1245 1787 1386 1856 quod
1417 1802 1631 1856 semper
1654 1787 1802 1841 dicc-

203 1881 316 1933 bain
343 1898 358 1933 :
395 1881 533 1934 Male
565 1880 738 1934 laeere
766 1921 780 1944 ,
815 1889 898 1934 est
930 1881 1067 1934 male
1099 1882 1224 1949 pati.
1258 1881 1414 1934 Certe
1442 1879 1529 1934 ille
1558 1880 1684 1932 nihil
1711 1893 1802 1932 ca-

203 1973 491 2026 hmmiatus
520 1982 636 2037 est,
671 1972 765 2026 sed
808 1988 932 2026 vera
960 1972 1271 2026 declaravit.
1303 1973 1392 2026 Sic
1419 2017 1431 2039 ,
1462 1989 1581 2026 cum
1611 1983 1803 2027 conm-

203 2065 353 2117 melia
378 2064 673 2130 afficimur,
701 2064 828 2118 dum
859 2066 987 2118 nihil
1018 2066 1171 2118 nobis
1197 2066 1398 2119 conscii
1427 2081 1633 2131 sumus,
1668 2066 1799 2120 nihil

203 2170 316 2208 vere
346 2156 602 2223 patimur.
635 2155 901 2210 Volebam
929 2171 1055 2226 ergo
1082 2156 1230 2210 illum
1256 2156 1503 2212 occidere
1530 2173 1542 2220 ;
1567 2156 1662 2210 sed
1696 2172 1800 2210 non

205 2248 374 2300 statim
415 2249 467 2301 id
513 2248 749 2314 faciunt,
782 2265 998 2305 causam
1027 2252 1206 2319 specie
1233 2251 1430 2319 justam
1462 2251 1680 2305 facinori
1710 2266 1802 2304 vo-

203 2342 364 2395 lentes
394 2341 716 2397 obtendere.
746 2343 883 2410 Quid
915 2344 1074 2414 igitur
1099 2346 1122 2397 ?
1144 2360 1322 2398 annon
1357 2345 1681 2399 contumelia
1712 2345 1800 2398 illa

202 2433 527 2504 rationabilis
557 2449 716 2488 causa
756 2445 872 2489 erat
900 2436 924 2488 ?
957 2435 1070 2490 Non
1106 2448 1220 2491 erat
1254 2437 1396 2490 illius
1427 2439 1752 2492 c0ntumelia
1780 2479 1796 2504 ,

200 2523 287 2578 sed
322 2499 603 2591 propheta:
635 2527 947 2580 accusatio:
984 2528 1064 2581 vel
1111 2538 1301 2597 Sponte
1333 2528 1659 2585 differebant
1683 2574 1696 2596 ,
1733 2548 1800 2587 ne

201 2615 503 2670 viderentur
531 2616 682 2670 illum
708 2618 778 2671 ob
800 2620 1168 2673 accusationes
1196 2621 1292 2672 sibi
1326 2621 1500 2674 illatas
1523 2621 1789 2686 occidere,

200 2709 326 2760 sicut
352 2708 517 2761 etiam
553 2708 605 2760 in
634 2708 851 2762 Christo
875 2750 889 2774 ,
925 2709 1017 2764 sed
1053 2721 1272 2780 propter
1299 2713 1655 2780 impietatem.
1684 2712 1796 2767 lloc

202 2810 366 2853 autem
412 2800 558 2870 quod
603 2802 956 2870 loquebatur,
990 2804 1201 2872 pictatis
1233 2815 1347 2857 crat
1392 2803 1634 2858 verbum.
1673 2805 1796 2859 Ideo

201 2903 472 2960 postquam
505 2894 840 2959 occiderant,
875 2897 1070 2948 famam
1105 2896 1222 2964 ejus
1259 2895 1455 2949 laedere
1494 2906 1754 2950 conantes
1777 2939 1791 2962 ,

203 2981 587 3036 Dissecabrmtur
617 2999 634 3036 :
666 2984 926 3037 timebant
966 2985 1106 3038 enim
1153 3003 1221 3039 ne
1274 3002 1470 3039 novum
1519 2987 1792 3056 quidpiam

189 3077 326 3129 circa
359 3076 508 3128 illum
538 3075 830 3130 accideret.
861 3076 1082 3140 Deinde,
1117 3079 1259 3147 quod
1287 3077 1504 3132 Christo
1533 3079 1790 3142 fecerant,

201 3166 464 3235 Stephano
498 3168 738 3231 faciunt;
774 3177 828 3222 et
857 3168 998 3222 sient
1037 3169 1147 3223 illic
1171 3211 1184 3234 ,
1216 3171 1338 3238 quia
1372 3171 1599 3235 dixerat,
1640 3171 1791 3225 Vide-

200 3257 304 3310 bitis
365 3257 559 3311 Filium
612 3259 832 3314 hominis
867 3277 898 3312 a
926 3260 1117 3314 dextris
1155 3263 1353 3315 virtutis
1394 3264 1686 3327 sedentem,
1740 3264 1789 3317 id

200 3347 579 3416 blasphemiam
615 3363 737 3402 esse
777 3348 1030 3404 dicebant
1057 3392 1068 3412 ,
1116 3361 1168 3404 et
1198 3361 1361 3404 testes
1391 3353 1572 3428 turbas
1602 3370 1792 3420 evoca-

202 3438 319 3491 bant
352 3458 364 3492 :
396 3440 477 3494 sic
501 3448 556 3494 et
590 3455 731 3494 nunc
753 3441 972 3496 faciunt.
1009 3443 1116 3498 Illic
1149 3445 1465 3498 vestimenta
1494 3447 1790 3514 sciderunt,

197 3527 280 3583 hic
309 3546 468 3585 aures
508 3532 916 3586 continuerunt.
966 3534 1057 3588 55.
1103 3535 1228 3588 Cum
1260 3547 1426 3589 autem
1457 3540 1635 3608 plenus
1666 3551 1789 3592 esset

197 3619 386 3689 Spiritu
412 3633 610 3689 sancto,
647 3624 914 3680 intendens
942 3626 992 3678 in
1023 3628 1202 3679 civium
1224 3669 1238 3693 ,
1270 3629 1396 3681 vidit
1420 3631 1637 3699 gloriam
1662 3631 1787 3699 Dei,

197 3724 236 3766 et
259 3713 441 3768 Jesum
468 3727 684 3770 stantem
721 3734 752 3769 a
779 3717 972 3772 dextris
1003 3719 1118 3786 Dei,
1146 3731 1192 3774 et
1219 3723 1289 3774 ait
1320 3738 1338 3776 :
1364 3723 1497 3778 Ecce
1527 3728 1669 3780 video
1692 3745 1789 3781 cte-

194 3806 265 3857 los
293 3817 502 3874 apertos
527 3846 542 3866 ,
579 3815 624 3858 et
666 3806 856 3861 Filium
884 3810 1101 3864 liominis
1141 3822 1355 3867 stantem
1395 3832 1425 3867 α
1457 3819 1646 3871 dextris
1671 3819 1784 3873 Dei.

194 3893 274 3948 56.
311 3894 670 3952 Exclamant“
694 3907 859 3953 autem
884 3916 998 3954 vace
1019 3918 1224 3972 magna,
1255 3905 1611 3960 continuerunt
1641 3925 1789 3964 aures

194 3999 312 4036 snas
334 4027 348 4047 ,
391 3993 438 4039 et
472 3987 715 4056 impetum
752 3993 978 4057 fecerunt
1009 3993 1318 4046 unanimiter
1361 3997 1412 4048 in
1439 4014 1571 4050 eum.
1607 3997 1674 4052 Et
1697 4003 1791 4070 eji-

191 4078 371 4129 cientes
397 4094 511 4131 eum
539 4089 686 4132 extra
716 4080 988 4148 civitatem,
1019 4084 1338 4153 lapidabant.
1373 4089 1531 4159 Atqui
1555 4091 1598 4144 si
1633 4108 1786 4158 men-

191 4167 314 4219 titus
340 4178 496 4234 erat,
540 4181 599 4222 ut
642 4169 1000 4228 insanientem
1038 4190 1162 4229 eum
1208 4177 1481 4236 dimisisse
1527 4184 1786 4252 oportuit.

190 4255 278 4310 l'.lt:
312 4273 446 4314 vero
494 4259 572 4314 sic
602 4262 852 4328 dixerat,
887 4265 1074 4321 volens
1099 4283 1194 4324 eos
1235 4269 1521 4327 abducere.
1574 4274 1638 4329 Et
1664 4279 1786 4345 quia

185 4347 250 4404 de
283 4361 461 4404 morte
489 4351 685 4408 Christi
719 4363 922 4410 tantum
963 4358 1218 4429 loquutus
1243 4404 1257 4426 ,
1284 4361 1351 4417 de
1383 4370 1787 4426 resurrectione

185 4443 317 4496 nihil
352 4443 594 4508 dixerat,
625 4445 726 4501 hoc
749 4448 943 4518 dogma
971 4463 1272 4521 opportune
1316 4456 1534 4513 demum
1578 4461 1780 4532 adjicit.

185 4535 254 4588 lt:
305 4545 490 4590 autem
521 4538 619 4593 sibi
652 4543 965 4610 apparuisse
991 4545 1156 4612 dicit,
1193 4558 1249 4602 ut
1280 4561 1496 4608 enarrat
1523 4599 1537 4620 ,
1573 4570 1679 4626 quo
1707 4559 1786 4614 sie

182 4630 379 4682 stltem
429 4629 546 4698 ejus
593 4646 896 4689 sermonem
946 4639 1253 4708 acciperent
1284 4684 1297 4708 ,
1342 4645 1473 4714 qui,
1527 4650 1781 4717 quoniam

179 4721 398 4776 dixerat
430 4723 576 4777 illum
607 4725 798 4782 sedere
823 4769 838 4794 ,
869 4730 1127 4787 molestus
1159 4733 1264 4789 illis
1285 4747 1400 4792 erat
1425 4779 1437 4802 ,
1475 4741 1686 4796 interim
1716 4744 1783 4799 de

180 4815 583 4872 re~urrectione
607 4831 914 4876 sermonem
944 4834 1124 4880 movet
1147 4869 1163 4892 ,
1195 4836 1246 4881 et
1286 4829 1432 4884 illum
1458 4843 1602 4890 stare
1629 4837 1779 4894 dicit.

180 4906 318 4961 llinc
350 4906 630 4976 conjecto,
664 4910 854 4968 faciem
893 4915 1035 4970 illius
1071 4919 1424 4988 glorificatam
1457 4941 1597 4982 esse.
1645 4929 1778 4986 Nam

178 4997 322 5054 Dens
348 5041 365 5062 ,
389 4997 646 5071 benignus
671 5019 793 5059 cum
830 5007 899 5059 sit
925 5049 938 5068 ,
970 5023 1064 5077 per
1086 5027 1206 5079 qua:
1245 5013 1322 5068 illi
1369 5016 1592 5074 insidias
1619 5037 1777 5090 para-

176 5092 304 5145 bant
333 5134 350 5152 ,
405 5108 499 5161 per
543 5095 731 5152 eadem
779 5099 990 5154 volebat
1037 5103 1158 5158 illos
1202 5121 1470 5176 evocare;
1505 5114 1604 5168 ctsi
1650 5116 1778 5171 nihil

173 5185 412 5255 amplius
445 5184 640 5242 factum
668 5189 758 5243 sit.
789 5190 879 5244 57.
913 5189 982 5244 Et
1023 5194 1276 5262 ejicientes
1319 5216 1432 5255 eum
1474 5215 1617 5260 extra
1657 5210 1772 5262 civi-

172 5290 358 5340 tatem,
388 5278 701 5349 lapidabant.
731 5282 937 5338 Rursus
959 5296 1109 5341 extra
1137 5289 1407 5346 civitatem
1438 5312 1606 5364 mors,
1641 5303 1779 5356 sicut

172 5370 212 5421 in
239 5371 511 5425 Christo:
541 5382 594 5427 et
641 5374 693 5426 in
737 5374 851 5443 ipsa
886 5387 1059 5432 morte
1087 5383 1354 5438 confessio
1382 5396 1436 5440 et
1469 5392 1778 5456 prwdicatio

171 5469 507 5523 enuntiatur.
527 5469 603 5525 Et
632 5479 781 5525 testes
806 5472 1147 5540 deposuerunt
1187 5482 1478 5536 vestimenta
1510 5501 1603 5537 sua
1636 5505 1777 5544 secus

173 5563 324 5624 pedes
357 5561 713 5630 adolescentis,
747 5565 837 5632 qui
871 5567 1143 5620 vocabatur
1173 5569 1384 5625 Saulus.
1418 5575 1508 5629 58.
1544 5576 1605 5630 Et
1639 5580 1774 5649 [api--

171 5660 360 5711 dabunt
391 5657 715 5728 Stephanum
743 5702 757 5726 ,
801 5665 1116 5718 invocantem
1161 5665 1323 5721 Deum
1355 5712 1368 5735 ,
1412 5681 1456 5724 ct
1483 5675 1726 5728 dircntcm
1757 5694 1773 5728 :

175 5751 382 5808 Domine
407 5753 529 5810 Jcsu
563 5755 794 5823 Christe,
830 5759 1004 5824 accipe
1035 5759 1267 5828 spiritum
1296 5781 1480 5818 meum.
1521 5768 1656 5824 llinc
1688 5787 1771 5825 os-

3432 284 3460 339 l-
3472 288 3532 340 "'3'

1917 419 2107 465 sancto
2135 410 2326 480 gloria,
2371 409 2678 481 imperimn,
2711 410 2884 464 honor
2912 453 2925 477 ,
2959 427 3095 464 nunc
3126 420 3178 464 ei
3208 426 3452 481 semper,
3482 423 3529 468 ut

1916 502 1967 556 in
1996 503 2191 557 saecula
2223 504 2564 556 saeculorum.
2609 503 2801 556 Amen.

3353 645 3395 653 ς...
3424 643 3524 652 ...ο-ο

1919 862 2090 916 tendit
2120 870 2174 916 et
2201 861 2361 917 docet
2408 863 2568 928 illos,
2617 876 2676 916 se
2723 879 2829 916 non
2863 863 3060 931 perire.
3093 862 3179 918 59.
3241 861 3303 914 Et
3354 860 3528 929 positi:-

1923 954 2133 1023 genibus
2163 955 2400 1009 clamavit
2430 971 2547 1010 voce
2577 972 2810 1028 magna:
2842 956 3080 1022 Domine,
3117 973 3178 1010 nc
3206 966 3400 1009 statiuis
3428 956 3528 1008 illis

1917 1046 2013 1098 hoc
2039 1055 2320 1116 peccatum.
2365 1045 2529 1114 Quasi
2561 1062 2682 1101 sese
2712 1063 2949 1117 purgans
2974 1090 2986 1111 ,
3024 1047 3167 1117 quod
3212 1047 3390 1116 priora
3423 1063 3526 1098 non

1915 1151 1979 1190 ex
2014 1137 2088 1190 ira
2132 1137 2349 1206 dixerit,
2380 1139 2476 1203 ait,
2519 1137 2784 1203 Domine;
2817 1140 2897 1194 vel
2939 1140 3081 1209 quod
3111 1138 3270 1193 vellet
3316 1152 3412 1193 eos
3453 1141 3528 1192 sic

1914 1231 2206 1285 attrahere.
2240 1232 2373 1286 Nam
2412 1233 2556 1304 quod
2595 1233 2894 1288 dimitteret
2939 1235 3068 1303 ipsis
3115 1234 3247 1287 iram
3281 1243 3332 1288 ct
3379 1233 3526 1287 furo-

1915 1337 2060 1388 rem,
2092 1338 2197 1392 quo
2227 1324 2430 1380 eaedem
2466 1326 2742 1396 patrahant
2768 1368 2783 1390 ,
2828 1337 2882 1382 et
2913 1327 3151 1380 animum
3194 1342 3222 1379 a
3267 1327 3520 1395 passione

1916 1429 2106 1484 purum
2148 1417 2498 1484 ostenderet,
2547 1419 2596 1472 id
2644 1421 3214 1494 certe-acceptabilem
3266 1418 3528 1474 reddebat

1912 1522 2241 1566 sermonem.
2289 1510 2485 1565 Saulus
2523 1523 2691 1566 autem
2733 1523 2841 1565 erat
2880 1514 3198 1566 consentiens
3245 1511 3354 1566 neci
3393 1513 3522 1581 ejus.

1919 1598 2072 1669 (Cap.
2107 1602 2191 1666 8.)
2225 1603 2273 1655 1.
2306 1601 2470 1655 Facta
2522 1613 2595 1657 est
2640 1613 2810 1657 autem
2850 1605 2902 1656 in
2944 1605 3036 1657 illa
3074 1605 3156 1657 die
3206 1602 3527 1672 perscquutio

1913 1709 2099 1761 magna
2142 1693 2193 1745 in
2241 1691 2509 1756 Ecclesia,
2553 1711 2668 1764 qua
2696 1705 2801 1748 erat
2831 1694 3189 1765 Jerosolymis.
3243 1695 3356 1748 Non
3409 1695 3526 1747 sine

1912 1798 2073 1837 causa
2105 1784 2232 1837 mihi
2261 1787 2373 1840 lucc
2394 1789 2762 1856 persequutio,
2790 1786 2883 1842 sed
2909 1788 3087 1841 divina
3119 1787 3523 1856 dispcns:itione

1911 1878 2202 1947 contigisse
2234 1879 2464 1934 videtur.
2519 1878 2581 1932 Et
2608 1897 2782 1934 omnes
2823 1881 3041 1949 dispersi
3084 1889 3201 1934 sunt
3233 1897 3322 1950 per
3359 1881 3522 1950 regio-

1912 1987 1996 2023 nes
2022 1969 2222 2025 ludicre
2259 1981 2306 2025 et
2351 1971 2609 2026 Samaria:
2638 1985 2827 2042 praeter
2852 1975 3132 2044 apostolos.
3167 1972 3352 2027 Vidcn’
3384 1991 3519 2042 quo-

1911 2061 2071 2116 tnodo
2100 2079 2314 2117 rursum
2363 2067 2839 2134 pcrseqnutionem
2885 2081 3007 2121 esse
3039 2068 3180 2121 Deus
3212 2067 3470 2122 concedat
3502 2069 3523 2119 ’ἒ

1911 2156 2014 2210 Sed
2046 2156 2166 2210 vide
2193 2157 2345 2224 mihi,
2375 2158 2646 2228 quomodo
2681 2175 2766 2213 res
2796 2160 3204 2228 dispensentur.
3236 2161 3338 2215 Per
3369 2161 3518 2229 signa

1910 2249 2185 2304 mirabiles
2218 2250 2340 2304 facti
2374 2259 2523 2316 sunt,
2561 2251 2813 2322 flagellati
2855 2253 2984 2307 nihil
3020 2261 3144 2308 sunt
3175 2254 3316 2322 passi
3349 2295 3362 2318 ,
3391 2271 3518 2306 cun~

1908 2342 2079 2396 stituti
2120 2353 2243 2396 sunt
2274 2359 2367 2412 per
2399 2345 2649 2414 regiones
2674 2387 2687 2409 ,
2723 2361 2903 2400 sermo
2929 2346 3229 2416 augebatur
3256 2365 3267 2398 :
3298 2345 3516 2400 demum

1909 2434 2168 2500 permittit
2197 2435 2640 2504 inqmdimentum
2669 2452 2790 2492 esse
2819 2453 3092 2508 maguum.
3132 2439 3196 2491 Et
3241 2440 3297 2491 tit
3331 2456 3515 2508 perse-

1908 2525 2093 2592 quutio
2126 2539 2230 2579 non
2263 2526 2498 2590 modica,
2535 2527 2605 2582 ita
2638 2540 2694 2583 ut
2737 2529 2814 2583 illi
2843 2528 3004 2584 simul
3051 2528 3300 2600 fugerent
3329 2532 3511 2598 (time-

1906 2613 2034 2669 bant
2055 2617 2198 2671 enim
2228 2618 2351 2673 illos
2379 2619 2699 2676 audaciores
2732 2622 2951 2693 factos),
2981 2631 3034 2677 et
3065 2625 3314 2678 omnibus
3340 2625 3514 2693 palam

1904 2717 2044 2761 esset
2067 2750 2081 2774 ,
2118 2708 2364 2766 homines
2391 2727 2512 2767 esse
2546 2728 2675 2780 eos,
2709 2713 2799 2785 qui
2843 2715 3092 2769 timerent
3137 2726 3190 2770 et
3247 2715 3511 2786 fugerent.

1903 2800 1980 2855 Ne
2011 2802 2219 2858 diceres
2249 2806 2396 2860 enim
2419 2849 2432 2871 ,
2468 2806 2588 2862 illos
2627 2823 2721 2878 per
2750 2810 2974 2878 gratiam
3007 2817 3212 2864 tantum
3254 2809 3515 2879 prmclare

1903 2910 2062 2963 agerc
2088 2937 2103 2961 ,
2148 2900 2623 2967 persequutionem
2673 2909 2823 2956 certe
2864 2902 3254 2972 patiebantur;
3306 2903 3516 2974 ipsique

1904 2984 2202 3043 timidiores
2245 2989 2370 3044 fat-ti
2418 2999 2581 3059 sunt,
2628 2993 2707 3047 illi
2738 2994 3076 3050 audaciores.
3112 2995 3179 3048 Et
3229 3013 3403 3051 omnes
3433 2997 3514 3050 di-

1899 3080 2060 3147 spersi
2085 3090 2223 3143 sunt,
2260 3081 2450 3150 inquit,
2474 3095 2660 3153 praeter
2693 3086 2975 3154 apostolos.
3003 3085 3118 3140 Non
3152 3102 3282 3156 ergo
3316 3086 3513 3141 frustra

1901 3169 2145 3226 dicebam
2174 3213 2189 3239 ,
2221 3177 2700 3245 perscquutioncm
2734 3193 2799 3232 ex
2843 3178 3246 3248 dispensatione
3297 3179 3465 3236 fuisse
3499 3199 3509 3233 :

1901 3263 2001 3316 nisi
2026 3266 2169 3319 enim
2200 3266 2339 3320 facta
2370 3268 2556 3322 fuisset
2576 3311 2590 3334 ,
2619 3269 2870 3339 discipuli
2904 3287 3008 3326 non
3039 3272 3267 3329 fuissent
3297 3273 3508 3344 disper-

1899 3357 1962 3409 si.
1997 3356 2051 3411 2.
2084 3357 2398 3413 Curaverunt
2443 3372 2612 3416 autem
2659 3363 2981 3434 Stephanum
3027 3368 3121 3419 viri
3170 3367 3433 3438 religiosi,
3469 3379 3512 3423 et

1899 3452 2127 3516 fecerunt
2173 3451 2436 3516 planctum
2479 3469 2719 3523 magnum
2765 3471 2919 3524 super
2947 3471 3083 3510 eum.
3134 3456 3229 3512 Vel
3272 3459 3516 3516 nondum

1899 3550 2055 3594 erant
2096 3541 2362 3608 perfecti;
2402 3544 2485 3598 vel
2511 3544 2632 3614 quia
2677 3545 2766 3600 ille
2796 3547 3066 3617 gratiosus
3095 3559 3290 3605 eratet
3341 3567 3507 3608 vene-

1900 3634 2102 3695 rabilis,
2135 3635 2254 3690 ideo
2299 3638 2556 3708 plangunt
2611 3640 2785 3694 illum.
2821 3641 2991 3697 Simul
3035 3654 3216 3700 autem
3273 3646 3358 3700 hic
3402 3665 3507 3701 non

1900 3726 2060 3777 timor
2085 3736 2313 3789 tantum,
2347 3730 2441 3783 sed
2466 3731 2626 3784 etiam
2653 3731 2809 3787 dolor
2833 3742 2888 3788 et
2920 3734 3185 3804 planctus,
3216 3739 3512 3794 ostendunt

1900 3820 2016 3872 illos
2047 3836 2166 3875 esse
2201 3821 2468 3878 homines.

1967 3913 2019 3964 2.
2050 3912 2180 3980 Quis
2202 3914 2343 3969 enim
2368 3932 2475 3971 non
2501 3918 2761 3987 plorasset
2786 3920 2973 3977 videns
2997 3924 3143 3978 illum
3169 3939 3506 3983 mansuetum

1896 4021 2091 4075 agnum
2122 4007 2435 4077 lapidatum,
2461 4011 2644 4082 jacere
2669 4016 2981 4069 met-tuum?
3010 4017 3263 4072 ldonemn
3294 4020 3368 4074 illi
3398 4024 3507 4092 epi—

1899 4099 2135 4167 taphium
2178 4103 2428 4170 apposuit
2457 4107 2787 4175 evangelista
2815 4150 2827 4173 ,
2860 4125 2983 4164 cum
3013 4111 3145 4165 dixit
3178 4132 3189 4166 :
3225 4112 3288 4166 Et
3332 4116 3510 4184 positis

1895 4190 2136 4261 genibus,
2169 4193 2407 4249 clamavit
2451 4212 2569 4250 voce
2612 4215 2817 4270 magna.
2869 4201 2935 4254 Et
2979 4207 3208 4273 fecerunt
3242 4207 3506 4275 planctum

1895 4299 2136 4353 magnum
2160 4278 2313 4354 super
2339 4303 2471 4340 eum.
2502 4287 2606 4343 Sed
2635 4306 2754 4360 quae
2782 4295 3030 4361 superius
3060 4295 3199 4350 dicta
3228 4308 3372 4365 sunt,
3396 4303 3503 4366 jam

1896 4388 2221 4445 repetamus.
2257 4376 2383 4432 Cum
2414 4393 2540 4434 esset
2571 4383 2750 4451 plenus
2781 4385 2981 4452 Spiritu
3009 4398 3205 4457 sancto,
3241 4392 3508 4449 intendens

1894 4467 1946 4520 in
1983 4468 2163 4522 arium
2183 4512 2196 4535 ,
2226 4471 2349 4525 vidit
2375 4472 2591 4544 gloriam
2635 4474 2748 4542 Dei,
2780 4487 2826 4529 et
2863 4478 3043 4532 Jesum
3075 4491 3291 4536 stantem
3320 4501 3350 4536 a
3381 4487 3507 4541 dex-

1894 4561 1986 4613 tris
2039 4561 2154 4628 Dei,
2189 4573 2235 4616 et
2278 4565 2352 4616 ait
2381 4580 2398 4617 :
2425 4565 2558 4620 Ecce
2599 4568 2740 4622 video
2784 4572 2935 4625 (αξιοι
2974 4584 3198 4643 apertos.
3227 4574 3295 4629 Et
3338 4582 3501 4633 conti-

1895 4663 2112 4706 nuerunt
2151 4671 2300 4709 attres
2327 4673 2446 4710 suos
2468 4700 2481 4722 ,
2514 4669 2560 4712 et
2589 4673 2831 4730 impetum
2862 4666 3088 4733 fecerunt
3119 4671 3428 4725 unanimiter
3457 4675 3506 4727 in

1895 4761 2029 4801 eum.
2063 4747 2222 4816 Atqui
2267 4751 2538 4818 quomodo
2581 4752 2694 4809 haec
2736 4759 3080 4813 accusatione
3116 4761 3272 4832 digna
3313 4771 3506 4820 (τι-ειηιῖ

1894 4840 2143 4894 Attamen
2193 4856 2314 4894 eum
2341 4883 2354 4906 ,
2387 4844 2477 4912 qui
2531 4846 2654 4899 talia
2700 4847 2850 4917 signa
2892 4861 3164 4920 patrarat,
3197 4857 3286 4924 qni
3317 4875 3505 4918 omnes

1893 4932 2060 4988 verbo
2106 4934 2344 5000 vicerat,
2403 4938 2492 5007 qui
2540 4940 2661 4992 talia
2715 4941 2967 5012 loquutus
3026 4957 3182 5015 erat,
3233 4953 3506 5022 rapientes

1895 5041 1990 5094 pro
2037 5026 2204 5082 lubito
2246 5028 2481 5085 furorem
2520 5049 2675 5088 suum
2709 5035 3088 5105 impleverunt.
3131 5041 3299 5099 Testes
3335 5058 3503 5102 autem

1891 5118 2231 5188 deposuerunt
2261 5124 2551 5178 vestimenta
2578 5142 2721 5183 secus
2747 5129 2898 5199 pedes
2925 5134 3279 5206 adolescentis,
3309 5143 3393 5209 qui
3419 5159 3504 5194 vo-

1891 5213 2101 5265 cabatur
2147 5214 2364 5268 Saulus.
2418 5217 2586 5283 Vide,
2632 5237 2789 5291 quam
2826 5238 3079 5284 accurate
3117 5246 3235 5300 qua:
3279 5233 3500 5292 Paulum

1891 5315 2135 5374 Spectant
2162 5321 2443 5366 recenseat
2466 5353 2480 5377 ,
2512 5323 2569 5367 ut
2599 5316 2850 5372 ostendat
2881 5320 2972 5374 tibi
3007 5338 3144 5392 opus
3176 5324 3268 5381 hei
3300 5329 3349 5381 in
3385 5331 3500 5401 ipso

1893 5408 2076 5466 postea
2120 5411 2420 5470 peractum.
2474 5403 2691 5461 Interim
2735 5426 2863 5466 vero
2907 5413 2997 5469 ille
3041 5433 3142 5470 nor.
3187 5422 3345 5473 modo
3393 5442 3495 5481 non

1891 5491 2061 5544 credit
2083 5532 2097 5556 ,
2131 5493 2222 5546 sed
2252 5495 2411 5550 etiam
2443 5498 2590 5553 mille
2620 5499 3011 5560 homicidarum
3041 5512 3291 5568 manibus
3321 5520 3496 5583 ipsum

1888 5584 2095 5653 impetit
2125 5605 2136 5638 :
2167 5588 2289 5644 ideo
2320 5590 2448 5646 illud
2481 5595 2723 5653 indicans
2752 5601 2880 5656 dicit
2909 5620 2922 5656 :
2953 5605 3149 5660 Saulus
3180 5621 3347 5664 autem
3389 5627 3501 5669 crat

1886 5683 2200 5736 consentiens
2239 5687 2349 5739 neci
2372 5688 2499 5756 ejus.
2529 5690 2655 5754 Non,
2680 5693 2997 5766 simpliciter
3019 5714 3234 5759 sanctus
3259 5705 3344 5762 llic
3369 5723 3495 5779 [πῶς

1885 5783 2036 5829 catur
2063 5819 2074 5841 ,
2105 5778 2200 5832 scd
2233 5793 2359 5835 cum
2399 5785 2708 5841 attentione.
2763 5787 2950 5845 l’asitis
2976 5835 2989 5858 ,
3024 5795 3226 5865 inquit,
3251 5778 3485 5869 ῃσηὲῥηδ.
