4088 6326
625 287 724 343 HJ

621 399 774 461 Unde
799 415 944 455 mors
972 398 1115 454 illius
1140 398 1316 454 divina
1345 399 1478 454 facta
1507 407 1626 454 est:
1656 411 1777 451 nam
1809 395 2065 451 hactenus
2093 394 2209 449 ani-

618 494 807 549 mabus
846 493 1278 559 concedebatur,
1324 503 1380 547 ut
1427 494 1480 547 in
1522 491 1728 545 inferno
1770 499 1970 546 essent.
2020 488 2207 542 Omnes

613 598 782 639 autem
822 586 1039 655 dispersi
1076 596 1193 639 sunt
1234 602 1322 653 per
1361 585 1585 655 regiones
1620 583 1820 636 Judtete
1852 592 1895 635 et
1932 580 2203 635 Samariw.

614 676 831 745 Absque
858 686 1001 731 metu
1028 692 1147 730 eum
1174 675 1411 730 Samaria
1439 689 1497 729 se
1522 674 1891 733 commiscent,
1916 671 2003 740 qui
2030 669 2209 723 audie-

614 774 733 820 rant
774 785 787 819 :
830 766 898 821 In
938 770 1067 821 viam
1102 768 1322 838 gentium
1362 782 1425 819 ne
1462 765 1687 818 abieritis
1727 762 1949 835 (Matth.
1985 761 2070 816 10.
2105 760 2204 830 5).

619 859 811 913 Prteter
848 861 1106 929 apostolos
1130 900 1145 923 ,
1175 857 1377 928 inquit;
1411 856 1701 912 ostendens
1733 855 1850 909 illos
1873 894 1889 916 ,
1922 863 1979 907 ut
2006 853 2083 907 sic
2111 852 2205 907 Ju-

613 955 756 1006 ilzeos
777 952 1121 1015 adducerent,
1135 951 1405 1005 civitatem
1430 964 1533 1003 non
1559 948 1869 1017 reliquisse;
1891 946 2004 1000 sive
2019 946 2199 1008 etiam,

614 1052 664 1095 ut
695 1043 813 1097 aliis
842 1042 1045 1095 lidueire
1070 1052 1321 1096 auctores
1340 1049 1521 1095 essent
1563 1041 1614 1094 5.
1642 1037 1833 1092 Saulus
1860 1046 2027 1090 autem
2052 1036 2202 1089 deva-

609 1135 770 1186 stabat
799 1132 1078 1187 Ecclesium
1096 1134 1227 1203 ,“per
1253 1134 1428 1187 domos
1452 1132 1666 1192 intrans,
1694 1141 1742 1183 et
1770 1132 1973 1183 trahens
1998 1130 2129 1182 viros
2156 1138 2203 1181 ct

610 1228 862 1293 mulieres,
888 1228 1114 1280 trudebat
1137 1228 1188 1281 in
1217 1226 1515 1281 custodiam.
1545 1225 1761 1294 Magnus
1789 1224 1954 1290 furor,
1981 1221 2198 1293 etquod

611 1318 758 1372 solus
785 1326 961 1385 esset,
994 1328 1047 1373 et
1075 1318 1216 1387 quod
1247 1319 1297 1371 iu
1328 1318 1518 1372 domos
1559 1319 1778 1371 intraret
1810 1334 1821 1368 :
1852 1316 1920 1368 ita
1967 1314 2197 1366 animam

608 1426 760 1464 suam
792 1426 887 1478 pro
920 1411 1035 1480 lege
1064 1410 1245 1465 dabat.
1282 1410 1528 1471 Traheus,
1562 1409 1726 1479 inquit
1748 1449 1762 1470 ,
1792 1408 1924 1459 viros
1950 1416 1995 1458 ct
2022 1405 2199 1458 mulie-

608 1519 704 1554 res.
732 1502 863 1556 Vide
888 1503 1176 1566 licentiam,
1197 1503 1570 1557 contumeliam
1594 1511 1648 1552 ct
1670 1500 1950 1555 insaniam.
1974 1496 2194 1563 Omnes,

607 1593 694 1659 qui
726 1593 776 1645 iu
808 1610 997 1647 manus
1027 1608 1151 1646 suas
1180 1592 1506 1657 incidebant,
1539 1593 1684 1645 mille
1712 1592 1979 1643 alliciebat
2008 1590 2158 1642 malis
2179 1629 2193 1652 ,

609 1695 788 1751 utpote
815 1685 882 1737 ab
924 1685 1021 1738 bac
1053 1698 1181 1737 nece
1219 1682 1473 1737 audacior
1505 1683 1691 1737 luctus.
1722 1683 1775 1736 4.
1810 1681 1977 1751 Igitur
2000 1681 2084 1750 qui
2113 1680 2191 1731 di-

606 1776 764 1842 spersi
810 1784 992 1841 erant,
1042 1776 1320 1827 transibant
1347 1818 1360 1840 ,
1412 1775 1812 1845 erangelizantes
1869 1773 2089 1826 verbum.
2137 1770 2190 1826 5.

610 1866 880 1935 Philippus
924 1876 1093 1919 autem
1148 1867 1452 1919 descendens
1497 1866 1548 1918 in
1598 1866 1847 1917 civitatem
1897 1863 2148 1917 Samariw
2176 1903 2189 1926 ,

603 1959 909 2024 pra'dicabat
947 1961 1047 2013 illis
1076 1959 1350 2012 Christum.
1389 1959 1441 2010 6.
1477 1955 1810 2009 Intendebant
1838 1966 2005 2008 autem
2035 1956 2194 2008 turba:

603 2050 785 2101 unanin
813 2051 905 2101 iter
935 2051 1012 2113 iis,
1045 2066 1157 2119 qua:
1182 2068 1211 2102 a
1246 2048 1490 2119 Philippo
1520 2051 1831 2114 dicebantur,
1862 2051 2120 2101 audientes
2147 2058 2194 2102 et

601 2141 819 2193 ridentes
867 2142 1012 2211 signa
1055 2158 1165 2210 qua:
1210 2142 1444 2209 faciebat.
1476 2143 1526 2194 7.
1554 2143 1593 2194 Α
1622 2143 1789 2193 multis
1821 2141 1952 2192 enim
1978 2156 2151 2193 eorum
2175 2181 2189 2205 ,

601 2233 684 2299 qui
710 2232 955 2284 habebant
987 2234 1193 2300 spiritus
1222 2234 1529 2298 immundos,
1559 2234 1835 2286 clamantes
1865 2248 1982 2285 voce
2007 2249 2192 2301 magna

598 2324 798 2375 exibant
842 2343 857 2374 :
909 2324 961 2378 8.
1014 2324 1169 2378 Multi
1212 2326 1361 2377 etiam
1409 2322 1681 2393 paralytici
1720 2335 1766 2377 et
1811 2324 1983 2377 claudi
2026 2325 2189 2377 curati

599 2422 733 2465 sunt.
774 2414 825 2467 9.
870 2413 1186 2485 Factumque
1214 2426 1284 2469 est
1314 2416 1557 2483 gaudium
1599 2432 1836 2486 magnum
1866 2416 1919 2467 in
1949 2415 2038 2467 illa
2068 2414 2189 2466 civi-

596 2516 713 2557 tate.
747 2504 837 2559 Vir
865 2518 1030 2560 autem
1055 2509 1263 2577 qttidam
1293 2509 1492 2561 nomine
1523 2509 1721 2569 Simon,
1750 2510 1833 2577 qui
1860 2518 1976 2560 ante
2000 2518 2105 2559 erat
2135 2509 2187 2561 in

594 2599 793 2649 civitate
838 2615 1013 2669 magus
1038 2640 1051 2664 ,
1090 2601 1332 2653 seducens
1373 2610 1572 2667 gentem
1611 2598 1865 2653 Samaria:
1889 2642 1903 2665 ,
1936 2601 2105 2653 dicens
2136 2618 2189 2653 se

592 2706 699 2740 esse
736 2690 952 2759 aliquem
990 2707 1228 2757 ntagnum
1264 2706 1283 2744 :
1326 2690 1409 2744 10.
1444 2691 1527 2742 cui
1563 2692 1915 2743 auscultabunt
1954 2708 2127 2745 omnes
2154 2710 2186 2745 a

591 2774 797 2832 minimo
823 2797 978 2849 usque
997 2781 1065 2833 ad
1090 2785 1388 2845 maximum,
1415 2780 1655 2845 dicentes,
1684 2780 1783 2833 llic
1809 2792 1879 2835 est
1905 2782 2062 2835 virtus
2090 2781 2186 2835 Dei

590 2890 795 2942 magna.
822 2873 954 2927 Vide
978 2874 1105 2927 mihi
1128 2874 1284 2928 aliam
1314 2876 1686 2939 tentationem,
1714 2890 1904 2941 nempe
1925 2873 2179 2929 Simonis.

594 2967 615 3016 1
636 2965 678 3016 l.
707 2963 1036 3018 Attendebant
1057 2976 1221 3017 autem
1242 2966 1286 3019 ei
1312 2965 1486 3028 turbtv,
1510 2975 1715 3035 propter
1735 2969 1866 3034 quod
1889 2966 2045 3019 multo
2069 2978 2177 3021 teni

594 3072 714 3121 pore
734 3057 913 3125 magiis
933 3058 1037 3110 suis
1061 3056 1389 3110 dententasset
1415 3075 1517 3110 eos.
1549 3058 1629 3110 l2.
1658 3057 1781 3110 Cum
1804 3075 1917 3111 vero
1938 3060 2155 3113 credidis

588 3157 696 3197 sent
735 3144 981 3215 Philippo
1022 3148 1385 3217 euangelizanti
1412 3149 1474 3199 de
1503 3163 1657 3217 regno
1684 3148 1781 3201 Dei
1806 3158 1853 3200 et
1879 3148 1942 3201 de
1980 3151 2182 3202 nomine

588 3234 711 3288 Jesu
753 3236 976 3302 Christi,
1009 3238 1395 3306 baptizabantur
1424 3240 1517 3291 viri
1547 3250 1592 3290 et
1624 3240 1877 3293 mulieres.
1919 3240 2003 3294 15.
2035 3237 2181 3292 Tunc

590 3327 769 3379 Simon
798 3338 840 3381 et
867 3330 973 3396 ipse
998 3329 1231 3393 credidit,
1256 3340 1301 3382 et
1325 3346 1436 3381 cum
1463 3329 1742 3398 baptizatus
1767 3341 1911 3395 esset,
1941 3331 2176 3385 adhazre—

586 3418 670 3471 bat
705 3418 963 3488 Philippo.
1014 3419 1201 3473 Videas
1240 3426 1389 3473 etiam
1433 3422 1578 3491 signa
1611 3431 1659 3475 et
1690 3423 1897 3476 virtutes
1932 3428 2179 3478 maximas

587 3510 698 3575 fieri
722 3551 738 3575 ,
779 3521 987 3578 stupens
1019 3513 1384 3565 admirabatur.
1421 3513 1506 3567 14.
1550 3514 1677 3567 Cum
1716 3516 1971 3569 audissent
2012 3527 2179 3569 autem

585 3603 822 3669 apestoli,
847 3604 931 3671 qui
953 3614 1094 3657 erant
1114 3603 1466 3674 Jerosolymis,
1490 3606 1623 3674 quod
1645 3608 1911 3674 recepisset
1936 3608 2177 3661 Samaria

584 3690 785 3744 verbum
816 3693 929 3758 Dei,
959 3696 1197 3748 miserunt
1225 3698 1291 3747 ad
1317 3695 1431 3748 illos
1464 3695 1667 3749 Petrum
1693 3708 1738 3749 et
1764 3696 2016 3752 Joannem
2042 3716 2058 3752 .'
2088 3700 2173 3754 15.

583 3785 668 3850 qui
716 3800 827 3835 cum
874 3787 1154 3851 venissent,
1198 3798 1466 3840 orareruut
1507 3806 1596 3855 pro
1637 3789 1760 3855 ipsis
1800 3800 1853 3846 ut
1892 3792 2178 3864 acciperent

584 3874 835 3942 Spiritum
874 3886 1123 3929 sanctum.
1168 3878 1255 3931 iti.
1309 3877 1552 3935 Nondum
1602 3880 1733 3935 enim
1779 3884 1831 3936 in
1873 3901 2175 3955 quemquam

581 3965 787 4022 illorum
824 3976 1057 4037 venerat,
1089 3970 1177 4025 sed
1211 3973 1451 4041 baptizati
1487 3982 1680 4026 tantum
1715 3985 1855 4028 erant
1890 3976 1938 4026 in
1975 3978 2177 4033 nomine

583 4060 789 4116 Domini
834 4063 978 4118 Jesu.
1015 4067 1096 4117 l7.
1133 4066 1272 4118 Tunc
1302 4067 1623 4133 imponebaut
1656 4085 1834 4121 manus
1864 4086 2014 4135 super
2045 4086 2130 4123 eos
2156 4113 2171 4138 ,

585 4163 630 4204 et
660 4154 969 4222 accipiebant
1001 4155 1253 4224 Spiritum
1279 4168 1527 4210 sanctum.
1566 4158 1649 4210 18.
1686 4158 1808 4209 Cum
1840 4159 2042 4211 vidisset
2078 4176 2176 4212 au-

585 4254 681 4295 tem
721 4245 897 4298 Simon
924 4288 936 4310 ,
969 4248 1088 4312 quia
1116 4265 1201 4315 per
1228 4250 1595 4318 intpositionem
1624 4266 1800 4301 manus
1826 4252 2175 4318 apostolorum

584 4336 792 4387 daretur
819 4336 1045 4404 Spiritus
1075 4349 1274 4391 sanctus
1296 4381 1309 4404 ,
1342 4340 1513 4392 obtulit
1541 4341 1609 4393 eis
1639 4343 1901 4409 pecuniam
1926 4384 1941 4408 ,
1975 4344 2055 4397 19.
2091 4343 2175 4396 di-

584 4442 698 4478 cens
723 4442 740 4479 :
768 4426 901 4481 Date
928 4438 972 4480 et
1005 4429 1128 4481 mihi
1155 4431 1282 4482 hanc
1314 4441 1635 4499 potestatem,
1669 4442 1722 4484 ut
1751 4434 2044 4503 cuicumque
2072 4435 2171 4487 im-

585 4533 796 4584 pasuero
824 4535 1024 4584 manus,
1055 4521 1272 4586 accipiat
1301 4521 1551 4589 Spiritum
1579 4533 1827 4575 sanctum.
1855 4525 2133 4590 Quomodo
2157 4570 2170 4593 ,

585 4606 813 4675 inquies,
850 4610 898 4662 hi
930 4611 1185 4679 Spiritum
1218 4598 1320 4665 non
1352 4615 1706 4682 aeeteperaut?
1736 4614 1990 4684 Spiritum
2023 4632 2175 4672 accc-

587 4708 774 4764 peraut
803 4702 1146 4767 remissionis,
1175 4705 1427 4772 Spiritmn
1458 4722 1583 4758 vero
1609 4706 1880 4774 signorum
1915 4706 2169 4761 nondum.

592 4786 741 4851 Vide,
772 4792 1040 4859 quomodo
1073 4793 1172 4847 hoe
1199 4811 1426 4849 cernens
1454 4794 1666 4860 Simon,
1696 4800 1922 4851 accessit
1949 4798 2051 4853 hoc
2084 4817 2173 4868 pe-

587 4887 725 4931 tcns.
763 4880 981 4935 Etiamsi
1013 4899 1136 4935 vero
1169 4894 1291 4938 tunc
1321 4888 1549 4939 maxime
1577 4890 1917 4957 persequutio
1947 4890 2171 4960 vigeret,

588 4980 820 5025 attamen
858 4974 994 5029 Deus
1036 4976 1177 5045 lpStlS
1222 4994 1431 5031 rursum
1479 4979 1721 5033 liberavit
1762 4984 2029 5050 signorum
2073 5001 2175 5053 0pc

589 5066 838 5117 uomitus.
882 5066 1063 5137 Ναί]υο
1094 5071 1233 5123 enim
1269 5086 1412 5124 mors
1451 5072 1703 5140 Stephani
1738 5074 1945 5127 illorum
1982 5077 2176 5131 restin-

591 5156 665 5207 xit
697 5156 926 5211 furorem
950 5201 965 5227 ,
998 5162 1103 5213 imo
1135 5163 1299 5233 magis
1327 5164 1506 5227 auxit;
1540 5165 1767 5235 idecquc
1795 5166 2176 5235 disperguntur

586 5244 833 5302 doctores
858 5290 873 5313 ,
909 5259 963 5303 ut
1005 5251 1247 5307 doctrinm
1286 5256 1512 5324 amplius
1549 5266 1891 5326 pmpagetur.
1923 5258 2025 5311 Sed
2058 5259 2175 5312 vide

586 5338 779 5392 iterum
822 5341 939 5395 illos
980 5344 1029 5397 in
1074 5345 1226 5398 bonis
1259 5356 1533 5399 versantes
1558 5388 1572 5411 ,
1606 5358 1659 5401 et
1692 5348 1741 5400 iu
1783 5348 1977 5417 gaudio
2010 5367 2022 5401 :
2053 5366 2174 5402 nam

583 5429 657 5481 ait
689 5448 701 5481 :
737 5429 955 5485 Factum
983 5449 1053 5488 est
1083 5439 1325 5506 gaudium
1359 5455 1595 5509 magnum
1626 5440 1675 5491 in
1704 5441 1936 5504 civitate;
1967 5443 2173 5495 etionsi

584 5518 760 5579 luctus
788 5541 999 5595 quoque
1030 5543 1251 5597 magnus
1283 5529 1461 5584 fuerit.
1509 5530 1597 5583 Sic
1627 5530 1761 5583 solet
1795 5532 1933 5585 Deus
1966 5549 2177 5601 semper

587 5617 762 5674 facere
788 5660 802 5685 ,
832 5619 1071 5673 tristibus
1102 5634 1292 5687 nempe
1324 5622 1441 5674 laeta
1471 5621 1767 5674 admiscere
1796 5661 1807 5683 ,
1840 5632 1895 5674 ut
1926 5625 2092 5691 magis
2125 5626 2175 5676 in

588 5710 935 5767 admiratione
968 5713 1052 5765 sit.
1085 5712 1125 5765 A
1160 5710 1324 5765 multo
1354 5723 1526 5767 autem
1565 5713 1674 5783 jam
1715 5720 1953 5776 tempore
1983 5715 2171 5768 morbo

1365 286 1421 340 S.
1452 283 1727 339 JOANNIS
1755 278 2226 337 CllRYSOSTOilI
2264 279 2585 338 ARCHIEP.
2614 283 3149 345 CONSTANTINOP.

3818 291 3920 345 ιιι

2322 396 2597 452 laborabat
2622 400 2841 465 Simon;
2875 404 3013 460 unde
3063 420 3236 475 neque
3278 407 3355 461 sic
3396 407 3466 461 ab
3506 407 3597 463 illo
3630 408 3911 464 liberatur.

2316 487 2596 553 Quomodo
2644 502 2821 546 autem
2869 494 3018 549 illum
3063 496 3392 566 baptizavit?
3432 500 3583 555 Sicut
3627 512 3682 557 et
3716 500 3913 555 ludam

2316 578 2557 635 Christus
2580 581 2759 653 elegit.
2786 584 2882 639 llic
2906 588 3053 657 signa
3081 590 3293 656 videns,
3317 592 3644 662 obstupescit
3667 594 3909 663 quidem,

2316 685 2420 723 non
2445 672 2605 727 audet
2626 689 2753 728 vero
2777 678 3001 745 gratiam
3023 680 3297 749 signorum
3327 693 3526 752 petere,
3558 684 3679 753 quia
3705 685 3912 740 sciebat

2314 760 2472 813 etiam
2505 763 2639 816 alios
2667 766 2905 823 nondum
2933 771 3226 837 accepisse.
3256 772 3540 838 Quomodo
3570 775 3733 845 igitur
3756 776 3911 831 illum

2315 868 2419 907 non
2461 855 2775 913 occiderunt
2818 861 2950 915 sicut
2994 865 3253 917 Ananiam
3286 875 3339 919 et
3383 867 3909 938 Sappbiram?Quia

2310 946 2471 999 etiam
2517 949 2643 1001 olim
2692 952 2771 1015 is,
2802 954 2890 1023 qui
2937 954 3073 1025 ligna
3115 958 3444 1028 collegerat,
3481 963 3693 1016 occisus
3733 972 3818 1019 est
3856 981 3908 1017 Ill

2310 1040 2646 1108 exemplum;
2680 1059 2850 1111 neque
2881 1048 3019 1103 ultra
3048 1050 3183 1103 alius
3209 1054 3472 1121 quispiam
3506 1055 3554 1108 id
3586 1072 3776 1124 passus
3803 1066 3905 1111 est.

2310 1126 2401 1182 Sic
2428 1140 2482 1183 et
2509 1148 2651 1186 nunc
2691 1135 2876 1189 Ρρινης
2909 1138 3033 1194 facit
3064 1159 3075 1191 :
3106 1142 3314 1204 illis-nn:
3354 1148 3552 1213 punitis
3577 1190 3589 1211 ,
3626 1148 3769 1203 hunc
3798 1167 3907 1203 non

2311 1223 2480 1286 punit,
2514 1226 2608 1279 sed
2639 1228 2713 1280 ait
2742 1228 2814 1281 illi
2848 1247 2861 1281 :
2888 1230 2977 1285 20.
3014 1232 3238 1287 Pecunia
3264 1246 3351 1290 tua
3377 1249 3535 1291 tecum
3560 1241 3622 1292 sit
3652 1242 3705 1292 in
3734 1244 3911 1309 perdi-

2308 1313 2513 1379 tionem,
2540 1318 2778 1380 quoniam
2813 1323 3001 1374 donum
3035 1324 3127 1377 Dei
3155 1330 3347 1392 putasti
3376 1332 3587 1397 pecunia
3614 1334 3833 1403 acquiri.

2380 1407 2431 1460 5.
2468 1408 2567 1461 Cur
2593 1426 2623 1460 a
2659 1409 2898 1481 Philippo
2928 1415 3165 1482 baptizati
3193 1436 3291 1470 non
3320 1434 3621 1489 acceperunt
3650 1424 3909 1495 Spiritum

2306 1509 2553 1553 sanctum.
2588 1500 2817 1556 Historia
2847 1505 3073 1559 Simonis
3099 1512 3439 1567 continuatur.
3475 1513 3693 1569 Nullum
3725 1535 3909 1587 pecca-

2306 1598 2410 1641 tum
2438 1608 2537 1644 non
2565 1596 2834 1648 remittitur
2858 1600 3213 1668 paznitenti.—
3234 1603 3299 1657 Et
3319 1620 3413 1658 cur
3439 1606 3490 1659 1ιί
3518 1607 3769 1676 hap.izati
3797 1628 3907 1665 non

2304 1693 2628 1750 acceperant
2664 1684 2921 1755 Spiritum
2971 1694 3254 1747 sanctum?
3302 1694 3396 1749 Vel
3451 1700 3573 1765 quia
3625 1699 3911 1768 Philippus

2303 1773 2433 1830 dare
2460 1794 2620 1833 ausus
2652 1795 2755 1834 non
2786 1792 2898 1835 erat
2918 1825 2932 1845 ,
2965 1782 3105 1838 hunc
3136 1801 3417 1843 reservans
3441 1793 3700 1859 apostolis
3734 1793 3909 1846 Ιιοιιυ-

2303 1881 2450 1929 rem;
2484 1871 2594 1923 sive
2623 1872 2747 1940 quia
2781 1873 2881 1928 hoc
2906 1875 3169 1931 charisma
3202 1895 3307 1932 non
3331 1878 3558 1936 habebat
3587 1884 3727 1951 (erat
3754 1890 3905 1940 enim

2302 1975 2364 2011 ex
2400 1960 2501 2015 illis
2530 1965 2773 2037 septem)
2805 1985 2819 2020 :
2851 1966 2900 2021 id
2946 1969 3086 2037 quod
3128 1971 3295 2041 magis
3332 1972 3544 2027 videtur
3588 1975 3903 2033 dicendum.

2304 2052 2437 2107 l’uto
2468 2064 2616 2110 certe
2649 2056 2792 2113 hunc
2820 2058 3122 2130 Philippum
3150 2076 3213 2115 ex
3247 2074 3452 2132 septem
3486 2065 3591 2119 illis
3616 2081 3737 2121 esse
3759 2109 3775 2131 ,
3811 2083 3905 2121 se-

2301 2147 2531 2201 cundum
2574 2165 2601 2201 a
2641 2150 2916 2220 Stephano
2940 2154 2977 2207 ¹.
3011 2153 3371 2222 Quamobrem
3402 2172 3523 2211 eum
3565 2158 3900 2227 baptizarct,

2300 2240 2555 2310 Spiritum
2586 2243 2865 2311 baptizatis
2896 2262 2999 2301 non
3031 2248 3193 2302 dabat
3235 2268 3247 2302 :
3290 2266 3460 2320 neque
3490 2252 3631 2305 enim
3664 2261 3905 2319 potesta-

2301 2341 2403 2386 tem
2450 2334 2709 2397 habebat;
2762 2336 2863 2391 boe
2890 2340 3087 2409 quippe
3116 2340 3316 2394 donum
3357 2342 3639 2396 duodecim
3681 2344 3901 2398 illorum

2298 2432 2499 2476 lantmn
2521 2435 2653 2479 erat.
2680 2426 2955 2496 Perpende
2984 2442 3163 2485 autem
3197 2450 3209 2484 :
3243 2433 3316 2485 illi
3347 2448 3451 2486 nou
3484 2434 3757 2498 exierant;
3793 2436 3901 2492 dis-

2298 2530 2575 2584 pensatum
2631 2530 2733 2584 est,
2768 2530 2825 2573 ut
2880 2522 2910 2573 ii
2952 2522 3193 2587 exirent,
3236 2524 3325 2592 qui
3360 2527 3620 2579 minorem
3662 2529 3898 2596 gratiam

2297 2611 2594 2673 habebant,
2635 2614 2775 2682 qttod
2815 2615 3048 2668 nondum
3090 2619 3423 2684 accepissent
3462 2616 3721 2687 Spiritum
3764 2636 3898 2675 sau-

2296 2714 2459 2755 elum.
2499 2704 2820 2759 Potcsmtem
2851 2709 3064 2775 quidem
3097 2721 3416 2777 acceperant
3448 2711 3671 2766 faciendi
3703 2714 3856 2784 signa
3878 2757 3896 2781 ,

2293 2810 2397 2847 non
2424 2806 2605 2849 autem
2632 2796 2888 2865 Spiritum
2918 2799 3041 2855 aliis
3066 2800 3249 2855 dandi.
3284 2804 3444 2871 Igitur
3472 2804 3589 2858 bzcc
3613 2806 3898 2873 apostolo-

2294 2903 2407 2941 rum
2435 2896 2549 2941 erat
2590 2892 2973 2961 prmrogativa;
3020 2892 3247 2963 ideoque
3288 2905 3341 2949 et
3382 2896 3741 2968 coryplneos,
3786 2915 3893 2955 non

2291 2980 2443 3045 alios,
2475 2981 2657 3035 videre
2682 2991 2765 3036 est
2795 2982 2895 3036 hoc
2922 2984 3121 3039 facere.
3161 2984 3345 3039 Videas
3374 2998 3545 3042 autent
3573 2988 3753 3043 Simon
3773 3032 3785 3053 ,
3822 2992 3895 3045 in-

2290 3072 2433 3141 quit,
2457 3074 2594 3141 quod
2624 3091 2711 3142 per
2737 3075 3105 3143 impositionem
3142 3093 3382 3131 manuum
3411 3081 3758 3148 apostolorum
3798 3083 3893 3135 da-

2288 3176 2425 3219 retur
2453 3166 2679 3234 Spiritus
2706 3178 2935 3221 sanctus.
2966 3168 3079 3221 Non
3109 3170 3185 3224 sic
3210 3168 3464 3237 dixisset,
3496 3172 3595 3227 nisi
3635 3174 3895 3230 sensibile

2288 3257 2559 3327 quidpiam
2585 3258 2781 3313 factum
2808 3259 3015 3333 fuisset.
3046 3259 3157 3315 Hoc
3178 3272 3229 3315 et
3255 3262 3447 3317 Paulus
3476 3261 3600 3317 fecit
3622 3305 3636 3333 ,
3661 3279 3788 3323 cum
3816 3268 3893 3323 lo-

2287 3359 2578 3419 querentur
2606 3352 2817 3421 linguis.
2849 3352 3095 3407 Vidistin‘
3121 3353 3356 3413 Simonis
3382 3357 3600 3413 scelus?
3627 3359 3891 3417 Pecunias

2287 3442 2498 3497 obtulit.
2528 3443 2685 3512 Atqui
2710 3459 2815 3497 non
2838 3443 3042 3502 viderat
3072 3444 3220 3503 illum
3245 3464 3342 3520 pro
3361 3450 3583 3518 pecunia
3610 3450 3659 3505 id
3690 3450 3888 3506 facien-

2291 3546 2393 3589 tem
2427 3556 2439 3589 :
2476 3535 2617 3591 unde
2645 3552 2751 3595 non
2781 3537 3078 3611 ignorantis
3106 3557 3241 3612 opus
3270 3552 3421 3608 erat,
3463 3542 3556 3597 sed
3592 3545 3851 3597 tentantis
3872 3587 3886 3609 ,

2286 3638 2340 3680 et
2368 3627 2593 3686 volentis
2618 3632 2820 3687 crimen
2849 3634 3131 3688 intentare.
3162 3633 3390 3704 Ideoque
3416 3634 3561 3689 audit
3600 3654 3611 3688 :
3644 3635 3735 3690 21.
3769 3634 3888 3689 Non

2286 3734 2357 3777 est
2385 3724 2471 3777 tibi
2499 3741 2617 3787 pars
2644 3740 2803 3792 neque
2831 3741 2940 3777 sors
2969 3727 3021 3778 in
3050 3742 3279 3779 sermone
3304 3727 3399 3779 isto
3428 3742 3446 3779 :
3474 3743 3562 3778 cor
3587 3728 3720 3780 enim
3750 3738 3889 3781 tuum

2286 3833 2386 3869 non
2415 3826 2487 3868 est
2510 3826 2701 3868 rectum
2723 3832 2896 3870 coram
2919 3815 3046 3870 Deo.
3076 3816 3272 3871 lterum
3302 3834 3423 3888 qua:
3452 3819 3503 3871 itt
3532 3831 3713 3874 mente
3735 3831 3891 3873 erant

2283 3910 2437 3965 affert
2469 3910 2519 3963 in
2550 3910 2783 3964 medium
2806 3952 2819 3975 ,
2850 3912 2971 3979 quia
3005 3912 3092 3966 ille
3116 3927 3173 3965 se
3196 3913 3359 3966 latere
3384 3914 3622 3982 putabat.
3650 3913 3740 3967 ‘22.
3772 3915 3891 3970 Po:-

2284 4004 2547 4057 nitentiam
2572 4004 2738 4074 itaque
2763 4022 2855 4075 age
2881 4007 2943 4058 ab
2972 4008 3065 4058 hac
3096 4007 3317 4073 nequitia
3344 4017 3431 4059 tua
3450 4051 3461 4068 ,
3489 4018 3534 4060 et
3562 4025 3687 4077 roga
3719 4008 3890 4062 Domi-

2284 4111 2403 4149 num
2426 4138 2439 4159 ,
2482 4097 2524 4150 si
2567 4101 2697 4165 forte
2737 4099 3020 4150 remittatur
3051 4097 3138 4150 tibi
3171 4098 3279 4151 lucc
3309 4098 3547 4169 cogitatio
3576 4100 3745 4153 cordis
3790 4102 3883 4153 tui.

2282 4186 2372 4242 25.
2403 4185 2470 4241 1η
2502 4186 2619 4255 felle
2648 4186 2777 4239 enim
2815 4190 3172 4240 amaritudinis
3190 4230 3201 4249 ,
3232 4198 3278 4241 et
3304 4189 3355 4241 in
3383 4190 3579 4243 vinculo
3606 4192 3820 4259 iniquita
3846 4194 3889 4246 is

2282 4280 2425 4333 uideo
2455 4291 2501 4333 te
2528 4297 2652 4335 esse.
2684 4281 2775 4334 24.
2804 4281 3131 4349 Respondens
3158 4294 3325 4337 autem
3354 4282 3535 4338 Simon
3562 4285 3689 4339 dixit
3715 4303 3732 4339 :
3762 4286 3887 4341 Pre-

2282 4374 2471 4425 camini
2501 4390 2586 4426 vos
2618 4390 2710 4441 pro
2741 4390 2819 4426 me
2846 4374 2915 4425 ad
2942 4373 3217 4427 Dontinum
3237 4417 3251 4439 ,
3288 4386 3341 4428 ut
3369 4377 3501 4429 nihil
3531 4378 3693 4431 veniat
3735 4397 3889 4449 super

2282 4482 2360 4517 me
2383 4467 2564 4518 horum
2584 4482 2697 4534 qua:
2714 4467 2929 4538 dixistis.
2954 4467 3089 4521 Cum
3113 4468 3438 4535 oportuisset
3461 4469 3609 4521 llllllll
3633 4487 3694 4523 ex
3722 4472 3887 4525 corde

2284 4558 2651 4625 pmnitentiam
2693 4573 2851 4627 agere
2880 4568 2933 4611 et
2962 4556 3089 4610 llere
3110 4598 3125 4622 ,
3169 4558 3257 4611 ille
3289 4558 3647 4625 perfunctorie
3678 4568 3886 4614 tantum

2285 4651 2383 4703 hoc
2412 4648 2555 4701 facit.
2585 4649 2644 4703 Si
2667 4650 2796 4717 forte
2821 4650 3108 4702 remittatur
3129 4650 3235 4701 tibi.
3259 4648 3369 4703 Hoc
3395 4650 3584 4719 inquit,
3613 4665 3717 4704 non
3742 4652 3885 4721 quod

2284 4760 2387 4796 non
2419 4742 2701 4797 remissum
2732 4743 2917 4797 luisset
2960 4742 3069 4807 illi,
3115 4744 3157 4817 si
3192 4743 3487 4811 plorasset;
3529 4743 3624 4797 sed
3658 4760 3775 4797 lllttS
3806 4756 3885 4798 est

2282 4834 2442 4888 etiam
2472 4836 2748 4904 pmpbetis
2777 4835 2948 4889 solum
2980 4836 3246 4903 denegare
3266 4876 3282 4901 ,
3316 4850 3413 4889 nec
3442 4835 3621 4890 dicere
3656 4854 3668 4888 :
3701 4836 3755 4889 Si
3785 4853 3886 4889 au-

2285 4941 2393 4986 tem
2420 4928 2521 4981 hoc
2550 4927 2763 4992 feceris,
2792 4926 3182 4981 condonabitur
3207 4926 3295 4981 tibi
3320 4943 3335 4991 ;
3365 4926 3459 4981 sed
3491 4927 3717 4981 omnino
3748 4929 3890 4981 futu-

2285 5037 2397 5075 ram
2430 5035 2641 5089 pinnam
2672 5018 3011 5071 denuntiare.
3054 5016 3132 5069 Tu
3178 5032 3303 5070 vero
3343 5017 3538 5071 mirare
3563 5058 3578 5081 ,
3612 5018 3890 5086 quomodo

2285 5114 2335 5166 in
2369 5123 2609 5180 tempore
2638 5109 2956 5165 calamitatis
2998 5125 3101 5162 nou
3149 5109 3453 5179 negligant,
3493 5108 3587 5163 sed
3620 5110 3883 5178 pratdica-

2349 5293 2361 5320 ¹
2399 5289 2540 5339 Savil.
2574 5291 2647 5353 sic
2692 5288 2885 5353 habet,
2900 5287 3026 5337 unde
3058 5286 3177 5337 mihi
3202 5287 3391 5353 uidetur
3431 5285 3559 5337 hunc
3608 5288 3885 5353 Philippum

2286 5352 2304 5412 (
2328 5353 2411 5413 qui
2439 5352 2692 5421 satu-uiam
2728 5351 2785 5421 ad
2826 5349 2987 5421 iidem.
3010 5352 3257 5421 convertit
3280 5352 3299 5411 )
3322 5363 3597 5421 μιαίνῃ.οω
3620 5364 3645 5399 e
3670 5349 3853 5421 septem
3871 5391 3883 5409 .

2251 5410 2255 5411 ν
2284 5410 2551 5461 secundum
2574 5426 2603 5459 tt
2628 5411 2868 5474 Stephano
2888 5423 2915 5471 ,',
2934 5410 3210 5474 Philippum
3246 5410 3410 5462 autem
3434 5411 3573 5462 illum
3597 5413 3682 5474 qui
3723 5410 3885 5462 Eunu-

2284 5474 2425 5523 ehum
2448 5472 2722 5531 baptizavit,
2745 5486 2810 5521 ea:
2832 5472 3152 5531 apostolorum
3184 5486 3383 5525 numero
3406 5474 3570 5536 fuisse.
3598 5472 3659 5523 At
3685 5476 3775 5524 hoc
3803 5490 3884 5536 po-

2282 5544 2519 5599 stremum
2541 5537 2736 5599 muniuo
2758 5544 2891 5599 state
2913 5536 3087 5599 nequit
3098 5548 3120 5599 ;_
3130 5536 3243 5599 ipse
3276 5550 3483 5599 namque
3510 5535 3885 5598 Chrysostomns

2285 5597 2480 5647 ltotnilia
2503 5598 2729 5659 sequenti
2756 5596 2844 5652 ait,
2872 5596 3389 5658 euut’quiEuuucbum
3405 5596 3667 5660 baptizavit
3693 5612 3757 5647 ex
3794 5613 3884 5646 nt.-

2287 5672 2423 5709 moro
2444 5668 2638 5722 septem
2663 5661 2978 5708 diaeonorum
3002 5659 3173 5709 fuisse.
3207 5668 3366 5719 Quare
3401 5658 3583 5710 Metelli
3616 5660 3884 5711 lectionem

2290 5733 2339 5771 ut
2364 5725 2625 5784 genuinam
2647 5724 2964 5771 t‘etitmtmus.
