4088 6326
179 358 273 416 145
1146 343 1211 400 ΙΝ
1252 340 1436 399 ACTA
1480 330 2011 394 APOSTOLORUM.
2057 326 2288 384 HOMIL.
2340 325 2530 382 XVIII.

179 471 304 528 tioni
347 467 698 534 incumbant;
742 469 797 520 et
833 461 1135 536 quomodo,
1166 458 1305 513 sicut
1348 455 1448 510 sub
1479 452 1660 522 Moyse
1693 463 1788 519 per

175 564 636 634 comparationem
680 558 876 615 ﬁebant
908 556 1166 611 miracula
1207 552 1288 621 (ιι)
1337 566 1350 603 :
1401 551 1468 602 ita
1519 556 1572 600 et
1624 556 1785 596 nunc.

174 657 344 726 Magia
393 664 550 719 erat,
600 662 655 707 et
702 659 881 704 tamen
926 648 1039 702 haec
1078 646 1226 715 signa
1276 641 1557 696 manifesta
1601 643 1787 699 erant,

171 746 421 816 quamvis
440 744 646 797 nullum
671 740 743 795 ibi
763 747 1040 808 oporteret
1057 751 1176 790 esse
1196 730 1608 791 dazmoniaeum,
1630 739 1792 795 quan-

171 838 464 906 doquidem
505 854 530 888 ιι
565 835 735 890 multo
774 835 884 901 jam
932 843 1173 898 tempore
1215 825 1405 895 magiis
1448 818 1793 877 dementabat

172 931 292 985 illos
327 946 343 984 :
378 928 502 998 quia
533 940 664 982 vero
691 925 840 980 multi
870 931 1027 979 erant
1054 919 1408 982 daemoniaci,
1444 914 1598 970 multi
1631 926 1789 982 para-

174 1022 359 1093 lytiei;
405 1019 496 1074 illa
545 1019 740 1074 veritas
785 1032 890 1071 non
935 1023 1111 1069 erant.
1153 1012 1249 1066 llic
1296 1023 1429 1064 vero
1472 1022 1579 1061 non
1623 1002 1792 1074 signis

175 1110 358 1171 modo.
393 1109 489 1164 sed
525 1110 690 1164 verbo
721 1109 842 1163 illos
870 1105 1154 1161 inducebat
1182 1104 1249 1156 de
1281 1115 1446 1170 regno
1475 1096 1672 1154 Christi
1707 1094 1790 1148 lo-

173 1217 368 1273 quens.
399 1204 469 1256 At
497 1202 715 1268 Simon,
759 1200 965 1269 inquit,
998 1199 1295 1264 baptizatus
1317 1191 1632 1247 adbzerebat
1664 1187 1786 1242 Phi-

175 1293 341 1362 lippo.
376 1292 495 1348 Non
531 1293 651 1346 ﬁdei
683 1306 863 1354 causa,
893 1291 990 1345 sed
1019 1299 1076 1344 ut
1104 1290 1220 1342 talis
1256 1289 1366 1356 ipse
1396 1286 1568 1349 licret,
1601 1281 1792 1336 adhae-

172 1387 344 1442 rebat.
386 1387 488 1453 Qui
513 1403 626 1441 cum
653 1386 902 1440 venissent
929 1391 1198 1436 oraverunt
1236 1397 1328 1452 pro
1367 1379 1493 1450 ipsis
1513 1417 1528 1444 ,
1573 1385 1627 1429 ut
1657 1375 1793 1428 acci-

174 1489 351 1548 perent
379 1477 634 1548 Spiritum
661 1487 894 1530 sanctum
923 1491 942 1529 :
972 1474 1198 1528 nondum
1228 1473 1359 1526 enim
1398 1473 1452 1525 in
1491 1483 1793 1541 quemquam

173 1573 384 1626 illorum
423 1580 645 1624 venerat.
681 1568 826 1622 Tunc
867 1566 1189 1638 imponebant
1222 1581 1405 1619 manus
1445 1578 1598 1630 super
1635 1560 1787 1625 illos,

163 1651 219 1717 ’τι
245 1661 563 1732 accipiebant
604 1661 859 1729 Spiritum
888 1667 1141 1713 sanctum.
1178 1656 1340 1711 Vides
1383 1655 1498 1708 haec
1546 1668 1653 1707 non
1704 1660 1792 1705 ut-

174 1770 408 1824 cumque
437 1754 588 1818 ﬁeri,
621 1752 716 1812 sed
748 1752 912 1808 multa
945 1765 1082 1821 opus
1111 1749 1278 1804 fuisse
1315 1747 1510 1802 virtute
1549 1744 1613 1798 ad
1655 1744 1792 1797 dan-

173 1847 302 1901 dum
334 1845 598 1915 Spiritum
630 1843 924 1898 sanctum?
964 1842 1080 1897 Non
1111 1840 1256 1896 enim
1290 1839 1433 1894 idem
1476 1845 1558 1892 est
1595 1835 1792 1890 remis-

173 1939 386 1993 sionem
405 1937 687 2008 consequi,
707 1945 760 1992 et
779 1936 940 1992 talem
963 1936 1209 2003 accipere
1226 1940 1570 2003 potestatem.
1603 1928 1794 1984 Videas

174 2043 344 2086 autem
373 2032 580 2100 Simon,
610 2031 750 2101 quod
771 2047 860 2102 per
879 2030 1253 2102 impositionem
1269 2043 1510 2081 manuum
1525 2024 1790 2095 apostolo-

177 2143 290 2179 rum
307 2126 520 2179 daretur
539 2124 770 2195 Spiritus
789 2133 1015 2190 sanctus,
1032 2123 1213 2176 obtulit
1232 2122 1357 2189 ipsis
1370 2120 1634 2189 pecunias.
1655 2117 1791 2171 Num

176 2215 312 2269 alios
341 2215 448 2270 hoc
475 2213 736 2270 facientes
766 2213 934 2267 vidit?
965 2227 1096 2267 num
1136 2210 1484 2280 Philippum?
1523 2224 1648 2262 num
1698 2224 1796 2277 pu-

179 2307 326 2361 tabat
350 2307 501 2375 ipsos
527 2321 633 2360 non
667 2319 852 2372 nosse,
880 2319 988 2376 quo
1015 2304 1103 2359 ille
1123 2304 1303 2357 animo
1325 2300 1642 2356 accederet?
1670 2299 1794 2354 Ideo

180 2403 318 2456 bene
349 2399 542 2454 Petrus
573 2414 686 2455 rem
717 2399 920 2453 donum
949 2405 1140 2461 vocat,
1169 2395 1357 2450 dicens
1387 2411 1400 2447 :
1436 2392 1664 2446 Pecunia
1708 2402 1795 2444 tua

179 2503 340 2546 tecum
387 2492 454 2546 sit
493 2493 545 2546 in
588 2491 960 2562 perditionem,
1009 2491 1252 2560 quoniam
1280 2488 1576 2542 existimasti
1605 2487 1795 2539 donum

183 2581 278 2637 Dei
306 2583 537 2653 pecuniis
567 2583 779 2652 acquiri.
827 2580 1015 2636 Viden’
1045 2580 1242 2650 ubique
1271 2594 1437 2649 puros
1473 2579 1591 2632 illos
1630 2593 1659 2630 a
1704 2592 1795 2646 pe-

176 2675 392 2733 cuniis?
421 2675 544 2731 Non
572 2686 644 2732 est
684 2676 771 2730 tibi
798 2691 919 2746 pars
959 2691 1121 2744 neque
1153 2690 1264 2728 sors
1299 2675 1351 2726 in
1392 2688 1621 2727 sermone
1649 2671 1745 2725 isto
1776 2685 1794 2724 :

177 2787 265 2826 car
292 2772 428 2824 enim
459 2778 603 2824 tuum
633 2785 734 2824 non
762 2779 834 2824 est
861 2778 1055 2823 rectum
1081 2783 1254 2821 coram
1302 2766 1426 2820 Deo.
1474 2765 1658 2834 Itaque
1700 2779 1797 2834 per

180 2863 443 2917 malitiam
470 2862 650 2917 omnia
678 2859 911 2916 faciebat
943 2877 955 2913 :
984 2860 1132 2931 atqui
1157 2859 1462 2927 simplicem
1487 2872 1610 2912 esse
1635 2871 1797 2926 opor-

179 2954 346 3010 tebat.
383 2952 739 3008 Ptenitentiam
777 2953 948 3021 itaque
972 2967 1086 3022 age.
1124 2949 1189 3004 In
1230 2950 1351 3021 felle
1378 2951 1511 3002 enim
1540 2950 1794 3002 amaritu-

176 3046 338 3110 dinis,
368 3056 414 3099 et
443 3047 497 3099 in
525 3045 729 3099 vinculo
759 3042 1212 3114 iniquitatis-rideo
1241 3051 1286 3096 te
1316 3059 1440 3097 esse.
1471 3041 1676 3112 Magna:
1702 3042 1795 3096 ira:

178 3138 346 3193 verba
377 3146 523 3192 sunt.
551 3137 670 3192 Non
699 3137 852 3206 punit
877 3143 1060 3189 autem
1091 3136 1266 3204 ipsum
1287 3176 1300 3198 ,
1347 3144 1405 3188 ut
1448 3150 1514 3188 ne
1539 3135 1796 3202 deinceps

179 3231 316 3285 ﬁdes
347 3244 412 3284 ex
442 3228 768 3284 necessitate
796 3237 971 3294 esset,
1000 3242 1104 3283 nec
1129 3241 1218 3282 res
1248 3226 1484 3282 crudelis
1512 3240 1633 3280 esse
1656 3225 1798 3280 vide-

177 3333 364 3386 retur;
400 3331 563 3392 utque
600 3320 972 3390 paenitentiam
1019 3319 1300 3374 induceret
1353 3337 1381 3372 :-
1426 3319 1507 3373 vel
1554 3318 1678 3388 quia
1728 3317 1794 3388 ad

176 3413 574 3470 eorrectionem
613 3411 918 3468 sufﬁciebat
957 3412 1241 3482 arguisse,
1283 3420 1337 3466 et
1377 3427 1496 3480 qua:
1536 3411 1588 3464 in
1631 3410 1798 3464 corde

175 3517 336 3562 erant
382 3506 616 3571 dixisse,
661 3514 718 3559 ut
763 3505 851 3559 ille
894 3504 1248 3559 conﬁteretur
1291 3517 1350 3558 se
1386 3511 1602 3572 captum
1653 3515 1794 3558 esse.

175 3601 314 3655 Cum
351 3600 496 3655 enim
524 3599 682 3667 dicit,
719 3597 1012 3653 Precamini
1040 3614 1128 3651 vos
1157 3614 1249 3668 pro
1281 3614 1392 3663 me,
1425 3597 1476 3652 id
1509 3597 1800 3652 conﬁtetur

175 3701 234 3746 et
280 3691 506 3746 indicat.
551 3690 688 3746 Vide
731 3689 1002 3760 quomodo
1032 3690 1278 3760 quamvis
1319 3689 1581 3744 scelestus
1617 3697 1795 3754 esset,

178 3783 503 3854 redargutus
533 3791 714 3837 tamen
743 3781 1008 3846 credidit,
1038 3791 1097 3835 ut
1125 3789 1177 3836 et
1218 3779 1436 3836 humilis
1474 3779 1647 3835 factus
1678 3789 1796 3847 est,

175 3874 400 3944 quando
426 3874 620 3928 iterum
651 3871 974 3944 redargutus
998 3881 1100 3928 est.
1147 3871 1332 3926 Videas
1362 3873 1530 3943 signa,
1560 3887 1675 3942 quae
1705 3872 1798 3939 {ie-

175 3945 321 4032 bant,
347 3967 626 4036 obstupuit,
649 3964 942 4020 ostendens
962 3963 1302 4019 mendacium
1331 3962 1516 4027 fuisse,
1541 3962 1798 4033 quidquid

175 4058 297 4128 ipse
326 4055 578 4112 faciebat.
621 4056 738 4112 Non
782 4056 948 4124 dixit,
997 4057 1276 4122 Accessit;
1319 4056 1449 4120 sed,
1502 4054 1796 4125 Obstupuit.

177 4149 250 4205 Et
277 4165 380 4204 cur
407 4166 514 4204 non
544 4150 647 4205 hoc
675 4149 858 4204 statim
890 4149 1052 4204 facit?
1083 4149 1313 4204 Putabat
1332 4165 1391 4204 se
1420 4165 1578 4220 posse
1609 4150 1796 4218 latere,

179 4244 405 4314 putabat
432 4252 604 4298 artem
631 4257 757 4298 esse
784 4242 928 4313 quod
959 4241 1124 4298 ﬁebat
1155 4259 1169 4296 :
1202 4243 1293 4312 qui
1333 4249 1514 4297 autem
1555 4258 1664 4298 non
1706 4257 1800 4312 po-

175 4338 283 4392 tuit
306 4336 586 4407 apostolos
614 4337 782 4392 latere
801 4378 818 4404 ,
846 4338 1096 4391 accessit.
1127 4337 1171 4390 A
1200 4338 1375 4392 multis
1403 4338 1558 4405 enim,
1589 4339 1673 4408 qui
1707 4340 1800 4395 ha-

175 4431 362 4485 bebant
405 4431 615 4501 spiritus
655 4428 980 4495 immundos,
1023 4428 1304 4484 clamantes
1339 4430 1415 4482 illi
1454 4447 1570 4484 voce
1612 4448 1799 4503 magna

175 4522 412 4576 exibant.
463 4522 576 4578 Hoc
615 4523 927 4594 egrediendi
971 4522 1183 4593 signum
1231 4524 1577 4580 manifestum
1645 4537 1794 4593 erat;

175 4629 463 4686 magorum
503 4629 634 4670 vero
663 4616 815 4686 signa
841 4613 1175 4670 e‘coutrario
1207 4631 1220 4668 :
1255 4615 1326 4669 illi
1358 4633 1589 4688 namque
1630 4621 1798 4689 magis

171 4708 495 4779 alligabant.
527 4709 680 4763 Multi
710 4710 982 4781 paralytici
1004 4719 1050 4766 et
1070 4714 1244 4768 claudi
1274 4715 1442 4768 sanati
1466 4723 1603 4766 sunt.
1641 4713 1796 4768 Nulla

176 4799 270 4853 hic
300 4810 423 4855 erat
453 4799 660 4856 fallacia
688 4819 702 4857 :
726 4817 850 4857 nam
874 4805 1161 4874 oportebat
1184 4805 1459 4859 ambulare
1486 4815 1540 4859 et
1562 4806 1794 4874 operari.

172 4891 553 4957 Amen/labant
576 4903 744 4948 autem
768 4896 846 4950 illi
883 4912 1077 4962 omnes,
1106 4897 1327 4953 dicentes
1360 4913 1378 4950 :
1408 4895 1509 4950 Hic
1539 4907 1611 4951 est
1642 4899 1799 4952 virtus

175 4983 299 5039 Dei.
335 4984 436 5040 llic
462 4985 716 5055 impletur
743 4988 873 5043 illud
906 4989 1104 5044 Christi
1135 4990 1338 5046 dictum
1373 5008 1388 5045 :
1419 4990 1572 5045 Multi
1606 4994 1798 5046 venient

172 5078 558 5148 puudocltristi
582 5086 628 5133 et
651 5077 1107 5152 pseudoprOphette
1155 5083 1208 5136 in
1229 5084 1434 5136 nomine
1460 5100 1568 5137 mea
1602 5083 1794 5154 (Marc.

174 5171 271 5228 I3.
301 5170 437 5241 23).
470 5171 646 5239 Quare
671 5188 776 5228 non
807 5175 986 5228 statim
1019 5174 1166 5229 111ιιιιι
1200 5176 1628 5245 redargueruut?
1655 5176 1811 5247 Satis.

171 5263 459 5320 habebant
484 5264 628 5334 quod
660 5279 781 5320 sese
806 5266 1194 5322 condemnaret
1221 5285 1232 5320 :
1262 5268 1461 5323 etenim
1490 5279 1545 5324 et
1575 5270 1676 5325 hoc
1702 5272 1793 5326 d0-

169 5360 376 5414 ctrina:
401 5368 536 5413 erat.
567 5359 699 5425 Quia
726 5368 906 5414 autem
937 5367 1189 5417 resistere
1219 5377 1324 5416 non
1356 5374 1597 5432 poterat,
1630 5366 1798 5419 simu-

171 5455 378 5516 lat,ut
406 5453 546 5524 magi
587 5453 664 5508 illi
707 5455 797 5524 qui
839 5453 1090 5510 dicebant
1133 5474 1145 5510 :
1203 5455 1317 5510 Hoc
1357 5458 1545 5528 digitus
1592 5457 1686 5514 Dei
1722 5472 1796 5514 est

241 5653 318 5714 (a)
355 5649 474 5701 Cum
487 5653 566 5716 ait
603 5650 698 5701 sub
721 5657 885 5715 Moyse
913 5650 1144 5716 miracula
1170 5664 1261 5714 per
1283 5656 1700 5716 comparationem
1727 5655 1792 5705 fa-

167 5723 260 5762 rsa
299 5713 455 5784 esse,
483 5713 540 5784 id.
575 5720 679 5774 est,
709 5713 1241 5784 perlcomparationem
1277 5713 1407 5764 cum'
1428 5715 1675 5784 miraculis
1701 5733 1792 5784 per

157 5789 337 5888 "ﬁnges
367 5776 602 5839 patratis,
631 5789 692 5827 ea
711 5775 1045 5840 inobababtur
1069 5789 1184 5828 esse
1211 5791 1328 5829 vera
1354 5786 1407 5829 et
1440 5791 1467 5828 a
1501 5777 1612 5829 Deo
1648 5775 1790 5842 proti-

158 5851 184 5884 (ἲ
213 5856 308 5895 31'].

3400 322 3504 380 HG

1905 443 2107 515 (Exod.
2139 446 2193 502 8.
2228 444 2337 515 19).
2370 443 2446 498 Ne
2473 456 2603 498 vero
2632 457 2819 498 rursus
2852 442 3240 513 expelleretur,
3276 441 3400 497 ideo
3429 442 3515 496 ad

1898 538 2132 593 hrrrebat
2165 537 2436 606 Philippo,
2467 553 2569 592 nec
2599 535 2912 591 recedebat.

1969 634 2022 687 4.
2052 632 2186 698 Quot
2209 633 2340 684 bona
2363 647 2498 684 mors
2522 631 2774 700 Stephani
2797 628 3205 684 attulerit.—Tu
3232 643 3365 683 vero
3387 625 3514 681 mibi

1899 723 2173 791 perpende
2193 764 2209 788 ,
2242 733 2373 791 quot
2402 733 2711 792 quantaque
2742 722 3128 793 dispensentur
3161 737 3256 791 per
3283 731 3514 776 mortem

1900 812 2180 885 Stephani.
2216 814 2612 885 Dispcrguutur
2639 831 2734 884 per
2762 815 3011 884 regiones
3035 813 3236 870 Judaaa‘.
3258 823 3312 867 et
3332 811 3524 867 Sama-

1899 909 2023 975 rize,
2049 909 2420 979 evangelizant
2441 908 2689 974 verbum,
2721 909 3017 977 praedicant
3042 905 3341 970 Christum,
3365 906 3517 974 signa

1899 1000 2098 1067 edunt,
2134 1000 2390 1070 paulatim
2425 1001 2474 1053 hi
2505 1001 2707 1055 donum
2737 999 3029 1070 accipiunt.
3066 999 3178 1053 lloc
3209 998 3404 1068 duplex
3440 997 3519 1052 si-

1899 1107 2062 1163 gnum
2094 1104 2216 1148 erat
2246 1115 2258 1149 :
2289 1108 2413 1147 nam
2440 1103 2493 1148 et
2523 1095 2628 1147 illis
2659 1093 2787 1147 dare
2820 1103 2870 1147 ct
2905 1091 3028 1146 huic
3055 1106 3161 1146 non
3191 1091 3322 1145 dare
3343 1132 3358 1153 ,
3401 1105 3520 1143 ma-

1899 1205 2064 1258 gnum
2095 1198 2212 1244 erat
2252 1190 2488 1259 signum.
2525 1189 2616 1242 25.
2650 1187 2714 1242 Et
2743 1189 2822 1240 illi
2850 1187 3050 1257 quidem
3081 1185 3336 1254 testiﬁcati
3365 1197 3410 1236 et
3440 1185 3521 1237 lo-

1898 1282 2043 1349 quuti
2069 1282 2271 1334 verbum
2303 1281 2528 1342 Domini,
2554 1282 2738 1335 rt-rersi
2760 1290 2878 1334 sunt
2905 1282 2956 1333 in
2977 1279 3286 1344 Jerusalem,
3317 1289 3362 1331 et
3390 1278 3526 1329 mul-

1902 1379 1964 1430 tis
2012 1377 2130 1430 viris
2178 1377 2625 1431 Samaritanorum
2674 1375 3107 1445 euangelizabant.
3160 1373 3305 1427 Bene
3349 1371 3517 1434 dixit,

1901 1470 2202 1539 Testi/icati.
2228 1470 2608 1523 Testilicantur
2637 1469 2865 1521 fortasse
2888 1477 3108 1537 propter
3135 1466 3305 1529 illum,
3336 1480 3402 1518 ne
3429 1463 3524 1516 de—

1900 1563 2191 1634 cipiantur,
2227 1569 2283 1616 ut
2310 1571 2496 1631 postea
2524 1560 2576 1614 in
2611 1569 2727 1615 tuto
2747 1569 2953 1627 essent,
2984 1575 3051 1613 ne
3081 1559 3346 1627 inexperti
3378 1571 3524 1625 sa-pe

1901 1655 2299 1724 abriperentur.
2335 1654 2544 1708 Reversi
2585 1664 2703 1708 sunt
2740 1652 3138 1723 Jerosolymam.
3181 1650 3290 1706 Cur
3327 1651 3521 1704 iterum

1901 1747 1993 1802 illo
2021 1746 2349 1810 concedunt,
2382 1746 2470 1801 ubi
2505 1747 2748 1818 tyrannis
2779 1753 2927 1811 erat,
2959 1745 3049 1799 ubi
3066 1739 3343 1797 'malorum
3378 1743 3524 1812 prin—

1900 1841 2128 1912 cipium,
2163 1841 2250 1895 ubi
2279 1841 2514 1895 maxime
2546 1840 2876 1910 sanguinarii
2919 1839 3112 1894 erant?
3154 1837 3224 1894 Ut
3270 1838 3323 1892 in
3367 1839 3526 1893 bellis

1902 1933 2065 1989 duces
2097 1933 2334 1999 faciunt,
2376 1943 2428 1988 et
2469 1933 2612 1989 bello
2656 1933 2988 1988 laborantem
3033 1942 3239 2002 partem
3273 1941 3465 2003 petunt
3503 1947 3520 1983 τ

1905 2025 2136 2095 idipsum
2186 2026 2237 2079 bi
2290 2035 2564 2094 praestant.
2615 2025 2748 2080 Vide
2789 2041 3004 2081 rursum
3055 2040 3162 2080 non
3209 2027 3386 2095 primo
3429 2040 3523 2080 ve-

1902 2119 2112 2174 nientes
2138 2118 2468 2184 Samariam,
2500 2117 2594 2174 sed
2627 2117 2809 2188 pulsos
2836 2118 3148 2188 discipulos,
3178 2118 3319 2173 sicut
3345 2126 3398 2172 et
3425 2117 3526 2172 sub

1901 2212 2136 2276 Christo,
2171 2223 2224 2267 et
2253 2213 2530 2282 apostolos
2559 2211 2626 2265 ad
2658 2226 2754 2266 eos
2783 2212 3180 2277 Samaritanos,
3216 2211 3305 2282 qui
3338 2210 3518 2264 credi-

1901 2307 2124 2370 derant,
2157 2304 2373 2360 demum
2416 2305 2634 2361 misSos.
2663 2302 2790 2360 Cum
2820 2305 3080 2361 audissent
3108 2314 3296 2370 autem,
3330 2305 3524 2375 inquit,

1901 2398 2153 2470 apostoli,
2183 2400 2270 2470 qui
2305 2409 2449 2454 erant
2476 2397 2816 2471 Jerosolymis
2835 2441 2851 2467 ,
2880 2402 3124 2455 miserunt
3165 2399 3235 2452 ad
3273 2399 3391 2453 illos
3424 2398 3524 2452 Pe-

1903 2507 2035 2550 trum
2063 2507 2110 2551 et
2138 2495 2415 2550 Joannem.
2447 2495 2560 2550 Cur
2590 2495 2917 2550 mittuntur?
2958 2494 3024 2551 Ut
3068 2495 3188 2550 illos
3219 2495 3454 2550 liberent
3496 2508 3526 2547 a

1904 2589 2108 2658 magia,
2155 2597 2214 2642 ut
2259 2588 2363 2641 illis
2410 2586 2714 2643 doctrinam
2766 2594 3234 2651 commemorent,
3286 2600 3449 2656 quam
3496 2600 3525 2639 a

1902 2684 2117 2739 Christo
2146 2682 2470 2738 didicerant.
2498 2683 2632 2737 Cum
2664 2689 2943 2752 oporteret
2973 2696 3104 2751 ergo
3131 2681 3280 2734 illum
3309 2688 3527 2734 contra-

1904 2777 2040 2832 rium
2070 2786 2256 2848 petere
2276 2817 2290 2839 ,
2324 2786 2380 2830 ut
2409 2776 2678 2846 acciperet
2707 2773 2967 2844 Spiritum
2995 2783 3241 2828 sanctum
3263 2814 3279 2840 ,
3313 2772 3358 2826 is
3394 2771 3526 2827 illud

1903 2868 2038 2923 nihil
2067 2881 2290 2932 curans,
2327 2867 2461 2938 petit
2489 2875 2548 2921 ut
2576 2866 2698 2921 aliis
2726 2865 2859 2921 dare
2893 2865 3060 2934 possit
3093 2883 3107 2918 :
3138 2864 3240 2919 etsi
3275 2863 3375 2933 ipsi
3418 2878 3528 2917 non

1903 2963 2054 3017 illum
2101 2962 2171 3018 ita
2211 2973 2528 3031 acceperant
2555 3003 2571 3028 ,
2615 2970 2676 3014 ut
2705 2960 2836 3015 dare
2876 2968 3117 3030 poseant.
3164 2957 3271 3014 Sed
3313 2955 3530 3014 volebat

1905 3058 1992 3112 hic
2039 3055 2288 3126 Philippo
2329 3055 2527 3110 clarior
2555 3069 2697 3121 esse,
2729 3054 2820 3122 qui
2864 3054 3005 3107 inter
3045 3051 3337 3121 discipulos
3384 3058 3523 3106 erat.

1904 3149 2138 3204 Pecunia
2165 3159 2251 3202 tua
2280 3158 2440 3204 tecum
2461 3149 2524 3203 sit
2549 3150 2602 3202 in
2625 3149 2978 3219 perditionem.
3005 3145 3123 3200 Non
3153 3144 3524 3216 imprecantis,

1903 3242 2000 3297 sed
2032 3242 2357 3311 corrigentis
2387 3239 2503 3295 lucc
2532 3249 2680 3294 sunt.
2712 3240 2846 3306 Quia
2873 3239 3019 3294 enim
3061 3238 3152 3292 illa
3198 3253 3305 3292 non
3347 3247 3399 3293 ut
3432 3251 3530 3307 par

1904 3345 2020 3390 erat
2064 3334 2341 3396 utebatur,
2377 3333 2497 3389 Tibi
2533 3334 2637 3398 sit,
2683 3333 2893 3404 inquit,
2938 3332 3028 3402 qui
3073 3331 3193 3386 talis
3230 3345 3321 3395 es;
3363 3345 3426 3384 ac
3481 3331 3524 3382 si

1904 3430 2026 3499 quis
2056 3428 2266 3484 diceret
2299 3447 2310 3481 :
2348 3427 2481 3482 Cum
2516 3427 2796 3497 preposito
2828 3436 2920 3481 tuo
2962 3433 3187 3496 pereat,
3230 3423 3372 3495 quod
3419 3435 3525 3478 tam

1905 3521 2082 3575 viliter
2112 3521 2315 3575 sentias
2345 3521 2413 3576 de
2444 3521 2588 3575 dono
2623 3519 2737 3583 Dei,
2770 3518 2913 3589 quod
2943 3517 3206 3588 Sperabas
3233 3517 3527 3571 humanam

1905 3614 2128 3668 omnino
2184 3630 2299 3668 rem
2328 3627 2450 3667 esse
2485 3631 2497 3667 :
2534 3628 2644 3666 nou
2679 3613 2748 3666 ita
2782 3629 2839 3666 se
2873 3612 3055 3667 habet.
3085 3610 3141 3667 Si
3165 3626 3294 3679 ergo
3336 3627 3528 3665 acces-

1906 3705 2100 3770 δίεειιι,
2134 3714 2192 3759 ιιι
2241 3704 2610 3759 accedendum
2664 3713 2806 3770 erat,
2863 3705 3054 3759 saltem
3106 3713 3358 3773 receptus
3398 3703 3529 3757 fuis-

1905 3797 2053 3865 set‘,
2103 3796 2294 3850 saltem
2342 3811 2448 3850 non
2500 3806 2554 3849 ut
2595 3797 2761 3864 pestis
2805 3795 3039 3864 rejectus
3082 3795 3290 3850 fuisset.
3335 3795 3530 3851 Viden’

1906 3904 2062 3953 eum,
2089 3889 2177 3957 qui
2210 3902 2369 3958 parva
2402 3888 2471 3943 de
2501 3890 2710 3958 magnis
2740 3889 2922 3952 sentit,
2953 3889 3241 3959 dupliciter
3261 3889 3530 3960 peccare?

1910 3982 2024 4035 Duo
2055 3981 2217 4050 igitur
2247 3981 2321 4036 illi
2355 3981 2601 4050 praecipit
2633 3999 2646 4034 :
2687 3979 3046 4035 Paenitentiam
3074 3998 3198 4052 age,
3240 3992 3286 4035 et
3332 3998 3451 4045 ora,
3485 3982 3528 4035 si

1909 4075 2044 4145 forte
2082 4076 2371 4128 remittatur
2414 4077 2501 4128 tibi
2545 4076 2783 4146 cogitatio
2820 4077 2989 4131 cordis
3029 4077 3101 4128 tui
3131 4095 3148 4130 :
3180 4088 3284 4130 tam
3329 4077 3527 4130 malam

1907 4181 2020 4221 rem
2053 4167 2405 4238 cogitaverat.
2439 4169 2560 4222 Ideo
2582 4171 2685 4234 ait,
2714 4168 2775 4223 Si
2802 4170 2933 4238 forte
2955 4171 3238 4223 remittatur
3259 4170 3376 4226 tibi.
3403 4169 3528 4237 quia

1906 4261 2114 4316 sciebat
2141 4263 2564 4334 incorrigibilem
2595 4278 2733 4318 esse.
2771 4265 2838 4318 At
2879 4265 2967 4318 ille
3013 4266 3186 4318 timuit
3224 4264 3527 4318 multitudi-

1909 4372 2063 4421 nem,
2108 4365 2163 4411 et
2204 4356 2392 4410 metuit
2434 4371 2653 4426 negare.
2689 4355 2849 4410 Certe
2883 4356 2983 4411 nisi
3029 4357 3276 4412 turbatus
3308 4357 3524 4423 fuisset,

1906 4450 2133 4506 dixisset
2165 4451 2379 4521 utique,
2411 4464 2470 4504 se
2499 4449 2792 4503 iiescivisse
2814 4458 2869 4502 et
2890 4449 3261 4519 imprudenter
3293 4450 3485 4506 fecisse
3513 4471 3525 4504 :

1906 4556 1962 4601 at
1992 4545 2083 4600 ille
2116 4545 2395 4614 perculsus
2425 4552 2527 4609 est,
2563 4559 2755 4611 primo,
2782 4543 2923 4614 quod
2951 4545 3121 4613 signis
3147 4554 3334 4613 captus
3359 4556 3523 4609 esset;

1907 4638 2168 4704 secundo,
2201 4636 2343 4708 quod
2377 4653 2496 4703 qum
2527 4639 2576 4688 in
2609 4647 2791 4690 mente
2823 4641 3092 4702 versabat,
3126 4638 3407 4693 manifesta
3443 4656 3524 4695 es-

1907 4742 2048 4787 sent.
2081 4732 2204 4786 ldl‘O
2238 4732 2421 4801 procul
2458 4742 2640 4799 postea
2672 4731 2840 4796 abiit,
2875 4747 3068 4801 ιιιειιιρρ
3093 4732 3339 4799 Romam,
3372 4735 3526 4803 quasi

1907 4841 2016 4880 non
2045 4835 2303 4879 venturus
2332 4825 2424 4877 illo
2453 4834 2600 4879 esset
2625 4824 2922 4893 apostolus.
2962 4824 3168 4889 Multis,
3204 4826 3410 4894 inquit,
3443 4845 3520 4880 re-

1905 4918 2138 4990 gionibus
2163 4916 2607 4971 Samaritanorum
2631 4914 3068 4986 evttngelizabant.
3099 4917 3231 4996 Vide
3255 4920 3529 4987 quomodo

1908 5014 2020 5082 ipsa
2052 5011 2240 5065 itinera
2271 5011 2378 5064 illis
2412 5011 2686 5081 negotium
2733 5009 3030 5066 all‘erebant
3071 5028 3083 5064 :
3124 5010 3218 5066 sed
3261 5029 3368 5065 nou
3411 5014 3529 5067 sine

1905 5119 2066 5160 eausa
2099 5104 2201 5159 iter
2228 5105 2618 5173 suscipiebant.
2653 5103 2811 5159 Tales
2845 5120 2943 5160 nos
2971 5106 3529 5176 migratioucs-facerc

1905 5205 2202 5267 oporteret.
2235 5195 2303 5250 Et
2330 5196 2458 5268 quid
2491 5197 2614 5251 diro
2641 5199 3034 5268 migrationes?
3063 5199 3212 5253 .‘tlulti
3244 5216 3393 5256 VICOS
3426 5200 3492 5254 ba

1909 5291 2033 5343 bent
2063 5298 2116 5343 et
2143 5304 2324 5360 agros,
2357 5299 2410 5344 et
2440 5305 2546 5344 non
2601 5290 2689 5343 illa
2721 5298 2948 5355 curant;
2979 5290 3072 5344 sed
3102 5291 3376 5359 quomodo
3409 5291 3525 5345 bal-

1911 5397 2068 5436 neum
2111 5384 2199 5436 ﬁat
2224 5392 2325 5448 ,ct
2366 5384 2535 5452 pretia
2577 5395 2859 5450 crescant,
2903 5395 2960 5438 ut
2990 5387 3126 5438 aula:
3166 5394 3218 5440 et
3255 5386 3526 5441 domicilia

1905 5485 2310 5543 construantur,
2355 5477 2586 5531 multam
2636 5476 2838 5532 habent
2883 5479 3344 5544 sollicitudinem;
3388 5495 3526 5548 quo-

1907 5570 2070 5624 modo
2097 5581 2274 5624 autem
2306 5571 2500 5624 anim-.e
2529 5572 2867 5635 excolantur,
2901 5589 3008 5625 non
3039 5573 3186 5625 item.
3220 5573 3283 5626 Et
3319 5581 3371 5624 tu
3403 5572 3525 5642 qui-

1906 5666 2028 5717 dem
2051 5705 2065 5728 ,
2096 5663 2140 5717 si
2172 5665 2354 5733 spinas
2393 5663 2443 5718 in
2473 5679 2603 5733 agro
2629 5663 2844 5728 videas,
2879 5679 3062 5729 secas,
3103 5665 3236 5731 uris,
3267 5664 3521 5733 destruis,

1973 5779 1986 5808 ¹
2018 5777 2165 5826 Juxta
2193 5776 2316 5826 alios
2339 5777 2608 5839 legendum
2632 5813 2645 5837 ,
2669 5777 2711 5827 si
2733 5777 2863 5828 enim
2886 5780 2935 5828 in
2960 5776 3108 5827 corde
3136 5785 3267 5828 recto
3290 5777 3513 5829 accessis-

1912 5850 1999 5899 set,
2028 5844 2207 5890 saltem
2242 5842 2414 5891 bonum
2439 5840 2590 5902 ipsius
2627 5841 2916 5891 voluntatem
2951 5840 3217 5904 excepisset
3240 5843 3506 5904 apoStolus.
