4088 6326
609 366 715 423 M7

613 492 670 536 nt
698 493 890 535 terram
921 477 989 532 ab
1016 478 1116 532 hac
1141 477 1373 547 pernicie
1398 475 1594 529 liberes
1622 491 1635 525 :
1670 471 1758 527 ubi
1788 482 1964 525 autem
1992 469 2197 540 agrico-

613 574 690 627 las
721 569 867 625 vides
892 570 1061 638 spinis
1091 568 1297 638 plenos,
1324 583 1424 622 nec
1454 578 1698 627 resccas;
1730 577 1844 617 non
1892 562 2046 615 times
2068 601 2081 623 ,
2112 558 2200 612 dic

614 660 741 716 mihi
762 703 777 728 ,
808 675 907 716 nec
935 659 1275 714 exliorrescis
1297 699 1311 722 ,
1346 658 1490 710 illum
1530 655 1769 725 cogitans
1806 653 1895 722 qui
1936 651 2198 705 rationem

612 763 903 809 exacturus
928 751 1048 805 est?
1084 764 1261 804 annon
1300 755 1570 816 oporteret
1609 746 1844 814 singulos
1883 742 2068 796 fideles
2104 755 2197 795 ec-

610 845 827 901 clesiam
844 852 1177 908 construere,
1196 842 1466 895 doctorem
1493 839 1691 893 habere
1707 837 1771 891 ad
1792 831 2201 891 conferendum?

610 945 735 990 ante
779 935 955 989 omnia
1007 934 1132 987 illud
1177 933 1227 986 in
1271 947 1435 1001 scepo
1484 929 1713 992 habere,
1767 936 1822 982 ιιι
1862 939 2051 982 οιηιιεε
2093 924 2200 977 sint

609 1027 941 1087 Christiani?
967 1022 1265 1092 Quomodo,
1298 1037 1503 1093 qua-so,
1549 1019 1882 1075 Christianus
1910 1017 2014 1072 erit
2055 1015 2197 1084 agri-

609 1127 756 1189 cola,
785 1138 905 1179 cum
936 1132 987 1176 te
1017 1118 1193 1174 videat
1220 1118 1299 1171 sic
1331 1125 1473 1169 tuam
1502 1115 1770 1183 negligere
1797 1107 2060 1165 salutem?
2082 1106 2197 1161 Non

611 1229 761 1286 potes
790 1214 963 1268 facere
993 1212 1166 1282 signa,
1206 1217 1262 1265 et
1295 1209 1373 1264 sic
1406 1205 1761 1276 persuadere?
1799 1202 2003 1271 Quibus
2049 1208 2199 1270 potes

609 1307 871 1379 persuade
902 1349 915 1372 ,
974 1303 1344 1368 lnnnanitale,
1398 1299 1716 1371 patrocinio,
1767 1294 2194 1359 mansuetudine,

611 1398 901 1462 blanditiis,
932 1397 1155 1465 aliisque
1185 1394 1451 1447 omnibus.

680 1489 922 1545 Ecclesiae
959 1489 1010 1542 in
1049 1489 1200 1542 villis.
1232 1516 1303 1526 —
1330 1487 1357 1539 ζ
1374 1501 1463 1541 ora
1492 1482 1707 1554 quidem
1740 1492 1792 1537 et
1822 1480 2009 1536 balnea
2042 1478 2195 1534 multi

607 1581 827 1645 faciunt,
856 1581 1109 1636 ecclesias
1142 1594 1267 1633 vero
1308 1577 1565 1641 minime;
1594 1575 1771 1630 omnia
1808 1575 2004 1643 potius,
2035 1587 2196 1643 quam

607 1672 730 1728 hoc.
759 1672 881 1727 Ideo
906 1671 1168 1725 admoneo
1194 1679 1248 1724 et
1271 1667 1533 1738 supplico,
1562 1667 1895 1737 gratiamque
1920 1673 2062 1735 peto,
2090 1664 2199 1719 imo

608 1764 777 1836 legem
806 1778 946 1834 pono
970 1804 985 1827 ,
1020 1771 1076 1817 ut
1102 1776 1261 1817 nemo
1291 1762 1463 1816 villam
1498 1760 1689 1815 habeat
1716 1760 1944 1816 ecclesia
1975 1773 2080 1813 non
2112 1758 2195 1811 iu-

608 1868 884 1915 structam.
915 1855 993 1911 Ne
1024 1856 1152 1910 mihi
1181 1856 1399 1918 dixeris,
1434 1855 1604 1923 Prope
1634 1863 1736 1917 est,
1770 1854 1825 1907 in
1855 1852 2047 1906 vicinia
2072 1860 2152 1906 est
2179 1868 2193 1904 :

606 1949 770 2003 multa
798 1958 881 2003 est
911 1948 1172 2017 impensa,
1203 1946 1443 2001 modicus
1473 1955 1781 2016 proventus.
1804 1943 1859 2000 Si
1880 1945 2007 2016 quid
2032 1944 2197 1999 habes

606 2040 931 2108 erogandum
981 2039 1338 2110 pauperibus,
1383 2038 1482 2093 hac
1524 2040 1574 2093 in
1621 2054 1677 2094 re
1718 2040 1927 2095 insume
1958 2056 1972 2092 :
2006 2038 2198 2092 melius

608 2134 735 2196 illic,
766 2148 921 2202 quam
958 2134 1042 2187 hic
1074 2151 1088 2188 :
1119 2134 1203 2188 ale
1235 2133 1534 2197 doctorem,
1565 2133 1649 2187 ale
1686 2133 1992 2198 diaconum,
2024 2141 2077 2187 et
2106 2149 2197 2187 sa.

604 2222 936 2278 cerdotalem
967 2231 1187 2277 coetum.
1218 2231 1297 2279 Ac
1325 2224 1369 2277 si
1400 2239 1619 2278 uxorem
1652 2224 1731 2278 vel
1763 2238 2015 2293 sponsam
2036 2224 2199 2279 duce-

607 2329 714 2381 res,
739 2329 800 2369 ac
826 2314 870 2367 si
900 2313 1060 2367 filiam
1094 2315 1319 2377 locares,
1344 2315 1422 2369 sic
1448 2323 1566 2369 esto
1595 2329 1717 2384 erga
1747 2314 2041 2370 Ecclesiam
2070 2314 2199 2369 affe-

605 2418 724 2463 ctus
754 2425 767 2461 :
794 2406 974 2462 dotem
1020 2406 1119 2476 ipsi
1154 2406 1365 2476 largire.
1398 2407 1485 2461 Sic
1530 2408 1621 2461 tibi
1663 2407 1784 2461 villa
1824 2408 2196 2463 benedictione

612 2498 923 2569 replebitur.
967 2497 1105 2563 Quid
1146 2496 1269 2552 boni
1316 2512 1421 2552 non
1465 2499 1571 2552 illic
1608 2498 1751 2553 erit?
1788 2514 2047 2569 parumne
2072 2510 2191 2564 est,

606 2604 789 2659 quaeso
812 2630 826 2652 ,
861 2588 1096 2642 torcular
1133 2588 1420 2643 benedici?
1451 2604 1709 2658 parumne
1737 2600 1819 2645 est
1852 2592 2015 2645 Deum
2048 2591 2196 2659 prius

606 2697 674 2738 ex
714 2681 961 2736 omnibus
995 2680 1252 2736 fructibus
1297 2682 1401 2738 tuis
1438 2693 1639 2737 sortem
1677 2692 1731 2737 et
1769 2683 2027 2752 primitias
2055 2684 2192 2739 acci.

606 2774 777 2842 pere?
800 2772 879 2825 Ad
908 2787 1092 2840 pacem
1119 2773 1471 2842 agricolarum
1503 2773 1603 2828 hoc
1627 2774 1751 2827 utile
1780 2783 1880 2828 εει.
1911 2774 2197 2829 Venerabi—

606 2862 673 2917 lis
690 2862 793 2917 erit
814 2870 996 2932 postea
1020 2864 1317 2935 presbyter,
1345 2863 1580 2933 illudque
1602 2864 1665 2918 ad
1690 2866 1827 2919 villa:
1851 2868 2190 2923 securitatem

606 2956 889 3010 conducet.
912 2955 1195 3011 Orationes
1219 2957 1326 3010 illic
1349 2967 1617 3025 perpetuae
1639 2975 1736 3028 pro
1760 2968 1809 3013 te
1834 2960 1981 3026 fient,
2011 2959 2192 3030 hymni

605 3055 661 3099 et
680 3060 910 3115 synaxes
932 3055 1149 3115 propter
1171 3054 1241 3110 te,
1261 3046 1456 3101 oblatio
1480 3048 1701 3117 singulis
1726 3049 2034 3104 Dominicis.
2057 3050 2194 3115 Quid

607 3138 778 3207 magis
807 3136 1176 3192 admirandum
1203 3149 1286 3193 est
1306 3181 1321 3202 ,
1350 3140 1491 3207 quod
1522 3141 1609 3194 alii
1647 3141 1921 3211 splendida
1954 3142 2194 3211 sepulcra

605 3236 917 3293 exstruant,
948 3237 1004 3282 nt
1045 3231 1241 3298 posteri
1271 3231 1522 3297 audiant,
1558 3232 1702 3286 illum
1735 3234 1889 3287 talem
1925 3234 2038 3289 inec
2066 3250 2195 3290 con-

606 3320 902 3384 struxisse;
945 3336 1013 3374 an
1053 3321 1195 3391 quod
1237 3332 1290 3375 ιιι
1332 3324 1590 3379 ecclesias
1626 3327 1983 3381 excitaveris?
2010 3328 2192 3400 Cogita

608 3419 660 3464 te
691 3426 857 3480 usque
887 3410 952 3465 ad
982 3409 1177 3466 Christi
1216 3412 1503 3469 adventum
1547 3418 1847 3473 mercedem
1890 3420 2191 3476 habiturum

604 3517 746 3568 esse,
779 3502 822 3555 si
853 3504 1020 3557 altare
1051 3502 1145 3559 Dei
1178 3506 1515 3561 excitaveris.

674 3594 728 3649 5.
772 3595 866 3649 Dic
904 3596 1046 3650 enim
1093 3597 1220 3651 mibi
1246 3638 1261 3663 ,
1290 3598 1334 3651 si
1376 3596 1672 3668 Imperator
1713 3600 1805 3658 tibi
1853 3605 2195 3676 praecepisset

603 3686 818 3740 domum
847 3698 1156 3755 exstruere,
1191 3701 1247 3743 ut
1274 3688 1364 3744 illo
1396 3689 1775 3759 diversaretur,
1811 3711 1987 3752 nonne
2014 3700 2193 3753 omnia

603 3783 891 3835 moveres?
930 3782 998 3835 At
1042 3797 1181 3837 nunc
1222 3783 1363 3852 regia
1408 3793 1491 3838 est
1530 3784 1727 3840 Christi
1769 3788 1995 3844 ecclesia
2035 3805 2194 3859 quam

604 3872 856 3926 aedificas.
890 3872 966 3926 Ne
995 3882 1264 3942 sumptum
1294 3884 1538 3943 spectes,
1577 3878 1669 3931 sed
1702 3877 1931 3935 fructum
1959 3892 2145 3952 reputa
2176 3902 2190 3939 :

606 3964 679 4017 illi
705 3964 887 4018 colunt
916 3973 1133 4029 terram,
1160 3974 1213 4020 tu
1239 3967 1357 4020 cole
1384 3967 1595 4022 illorum
1618 3971 1822 4047 animas
1846 3990 1860 4040 ;
1887 3973 1960 4028 illi
1988 3974 2191 4032 fructus

605 4054 696 4109 tibi
723 4055 971 4121 afferunt,
1004 4064 1057 4109 tu
1086 4056 1204 4112 illos
1235 4056 1373 4112 infer
1404 4059 1455 4112 in
1484 4060 1695 4114 caelum.
1726 4062 1825 4130 Qui
1857 4065 2061 4119 initium
2091 4067 2188 4123 de-

604 4147 715 4211 dit,
742 4148 787 4203 is
815 4148 1039 4203 aliorum
1080 4150 1318 4205 onmium
1353 4165 1511 4207 causa
1539 4164 1640 4209 est.
1674 4155 1816 4226 Ergo
1841 4168 1893 4213 et
1925 4167 1977 4213 tu
2008 4170 2193 4217 auctor

605 4237 745 4299 eris,
773 4238 913 4307 quod
943 4239 1312 4295 catechumeni
1358 4243 1463 4296 sint
1507 4243 1560 4298 in
1606 4246 1791 4301 vicinis
1834 4249 1995 4305 villis.
2036 4250 2191 4307 Certe

607 4326 794 4379 balnea
827 4329 1097 4383 molliores
1128 4331 1355 4386 reddunt
1389 4336 1669 4404 agricolas,
1702 4353 1959 4408 caupona:
1989 4341 2191 4398 delica-

604 4419 769 4471 tiores
797 4435 809 4469 :
839 4427 892 4472 et
924 4430 1098 4473 tamen
1130 4422 1242 4476 haec
1272 4428 1540 4493 apparatis
1568 4439 1785 4498 propter
1812 4432 2056 4501 gloriam.
2088 4436 2192 4491 Fo-

605 4527 719 4563 rum
752 4521 804 4564 ct
831 4513 1169 4569 celebritates
1202 4515 1318 4570 illos
1350 4518 1578 4573 reddunt
1620 4522 2002 4589 petulantiores
2032 4546 2043 4583 :
2079 4529 2190 4585 haec

603 4610 780 4655 autem
810 4603 1026 4657 omnino
1053 4621 1228 4660 secus.
1261 4609 1466 4673 Quanta
1498 4612 1637 4664 enim
1672 4629 1756 4668 res
1786 4614 1978 4684 fuerit,
2013 4620 2191 4677 videre

606 4692 973 4760 presbyterum
1003 4695 1068 4748 ad
1101 4700 1401 4766 exemplum
1436 4701 1664 4757 Abrahae
1696 4704 2027 4761 incedentem
2054 4750 2067 4772 ,
2100 4726 2188 4765 ca-

608 4798 731 4835 num
754 4823 767 4846 ,
802 4786 1097 4840 accinctum
1122 4829 1135 4849 ,
1168 4787 1489 4854 fodientem,
1521 4797 1873 4862 cperantcm?
1900 4798 2033 4865 Quid
2064 4816 2192 4870 agro

606 4872 697 4927 illo
720 4872 1167 4932 desiderabilius?
1196 4880 1288 4934 llic
1316 4883 1485 4951 major
1508 4894 1589 4937 est
1615 4886 1799 4941 virtus.
1830 4888 1943 4943 Non
1976 4902 2059 4946 est
2085 4893 2193 4950 illic

606 4962 842 5030 lascivia,
873 4967 966 5021 sed
996 4968 1181 5023 abacta
1206 4981 1287 5024 est
1310 4988 1325 5037 ;
1358 4988 1462 5027 non
1486 4974 1716 5031 ebrietas
1737 4987 1791 5033 et
1814 4980 2072 5050 voluptas,
2096 4986 2189 5041 εει]

602 5057 875 5113 eliminata
919 5069 1033 5124 est;
1081 5076 1185 5116 non
1224 5079 1353 5118 vana
1398 5066 1597 5134 gloria,
1636 5069 1729 5123 sed
1771 5073 2030 5128 exstincta
2062 5086 2142 5129 εει
2174 5097 2187 5133 :

604 5148 978 5203 benevolentia
1009 5151 1126 5219 plus
1162 5153 1272 5213 illic
1313 5155 1475 5226 fulget
1515 5170 1731 5229 propter
1773 5162 2185 5232 simplicitatem.

602 5239 783 5304 Qualis
815 5256 898 5295 res
929 5250 1014 5295 est
1042 5243 1187 5298 abire
1217 5256 1268 5299 et
1301 5246 1503 5317 ingredi
1544 5250 1597 5303 in
1628 5251 1843 5307 domum
1878 5256 2003 5322 Dei,
2034 5267 2088 5312 et
2116 5258 2192 5312 vi-

603 5330 755 5395 dere,
783 5334 921 5401 quod
956 5336 1070 5405 ipse
1103 5337 1247 5391 illam
1274 5345 1622 5411 cxstruxerit,
1655 5347 1994 5419 seipsumque
2026 5354 2189 5423 proji-

1408 362 1466 419 S.
1504 359 1782 418 JOANNIS
1820 355 2193 415 ειιιιγεοετι

2334 356 2647 414 ARCHIEP.
2688 358 3227 417 CONSTANTINOP.
3817 363 3916 423 H8

2316 468 2513 524 habere
2562 470 2896 528 sacerdotem
2945 482 3000 528 et
3045 474 3480 542 colloquentem,
3536 470 3915 527 benedictione

2310 561 2441 626 frui,
2486 563 2621 617 alios
2662 564 2845 619 videre
2887 566 3023 619 istuc
3064 564 3375 621 venientes?
3415 564 3510 619 llic
3552 579 3737 618 morus
3766 608 3781 628 ,
3821 571 3918 618 hoc

2307 650 2614 722 praesidium
2643 654 2752 724 agri
2784 664 2888 709 est.
2915 655 3011 710 Hic
3037 667 3120 711 εει
3142 672 3270 726 ager
3289 657 3354 709 de
3379 672 3485 726 quo
3508 657 3706 711 dicitur
3730 675 3743 709 :
3775 656 3919 709 Odor

2306 744 2416 814 agri
2448 745 2605 814 pleni,
2637 747 2719 799 cui
2749 746 3001 801 benedixit
3035 747 3285 801 Dominus
3313 748 3464 821 (Gen.
3492 749 3580 802 27.
3612 748 3728 818 27).
3760 748 3916 815 Quini

2307 834 2352 888 si
2379 835 2579 905 absque
2611 837 2712 891 hoc
2741 837 2879 893 bona
2906 839 3028 893 villa
3053 848 3136 894 est
3162 852 3381 909 propter
3401 843 3661 911 quietem,
3690 851 3919 910 pruptt'l"

2307 925 2399 979 otii
2426 925 2806 981 abundantiam
2832 944 2845 980 :
2868 928 2915 982 si
2936 939 2989 984 et
3015 928 3117 985 hoc
3138 932 3446 992 accesserit,
3470 932 3553 985 cui
3580 931 3656 985 rei
3682 946 3779 999 par
3808 946 3916 983 non

2308 1017 2453 1071 erit?
2487 1018 2618 1074 Villa
2648 1021 2790 1075 enim
2830 1037 2949 1091 qua:
2989 1023 3270 1078 ecclesiam
3304 1023 3499 1085 habet,
3532 1025 3787 1094 paradiso
3822 1025 3917 1080 Dei

2307 1110 2497 1164 similis
2526 1122 2627 1166 est.
2665 1113 2783 1167 Non
2810 1124 2890 1169 est
2932 1114 3038 1169 illic
3070 1116 3307 1181 clamor,
3338 1132 3442 1170 non
3477 1118 3735 1170 tumultos
3758 1158 3775 1181 ,
3809 1134 3919 1172 non

2308 1201 2437 1255 varii
2467 1203 2684 1268 inimici,
2718 1220 2823 1259 non
2852 1206 3086 1263 ltzerescs
3111 1226 3125 1261 :
3149 1223 3339 1263 omnes
3368 1210 3546 1264 videre
3573 1220 3657 1264 est
3686 1212 3918 1275 amicos,

2305 1294 2616 1348 earumdem
2640 1305 2920 1351 consortes
2944 1297 3275 1368 dogmatum.
3309 1300 3384 1354 Te
3417 1300 3483 1355 ad
3516 1300 3921 1375 philosophiam

2305 1384 2457 1453 quies
2496 1386 2709 1441 adducit
2738 1406 2751 1441 :
2777 1388 2846 1442 ab
2876 1388 2977 1443 hac
3017 1389 3352 1461 philosophia
3381 1400 3432 1446 te
3458 1407 3741 1447 assumens
3787 1409 3921 1463 prc-

2305 1477 2508 1549 sbyter,
2539 1478 2692 1535 facile
2717 1482 2946 1537 curabit.
2983 1483 3082 1537 llic
3110 1484 3251 1538 enim
3278 1527 3294 1551 ,
3327 1500 3680 1556 qna-cumque
3708 1487 3920 1541 dixeri-

2306 1585 2445 1633 ntus,
2477 1571 2650 1626 forum
2673 1574 2874 1629 excutit
2899 1590 2918 1629 :
2940 1575 3049 1630 illic
3076 1592 3201 1631 vero
3222 1593 3341 1648 quae
3368 1579 3623 1642 audieris,
3653 1577 3835 1633 deﬁxa
3867 1580 3920 1636 in

2306 1673 2487 1719 mente
2518 1666 2757 1721 habebis.
2802 1667 2953 1723 Alius
2981 1670 3034 1722 in
3061 1684 3192 1740 agro
3219 1671 3326 1725 eris
3371 1688 3466 1741 per
3504 1673 3652 1725 illum
3683 1690 3697 1727 :
3723 1682 3781 1727 et
3814 1673 3920 1729 illis

2307 1755 2421 1825 ipse
2458 1758 2707 1825 praeerit,
2739 1767 2923 1815 custos
2955 1761 3057 1814 erit
3095 1770 3203 1815 tum
3234 1762 3374 1832 quod
3408 1780 3645 1832 praesens
3679 1767 3773 1831 sit,
3804 1776 3917 1818 tum

2303 1846 2445 1915 quod
2475 1846 2595 1902 illos
2622 1860 2931 1919 componat.
2965 1851 3177 1917 Quanta
3205 1865 3288 1909 est
3312 1870 3545 1925 expensa
3570 1898 3583 1921 ,
3614 1856 3701 1911 dic
3738 1858 3873 1911 mihi
3898 1860 3921 1911 ?

2305 1938 2410 1993 Fac
2442 1940 2654 1995 interim
2684 1957 2901 2013 parvam
2933 1944 3151 1999 domum
3194 1960 3292 2014 pro
3328 1947 3562 2016 templo;
3592 1949 3681 2017 qui
3712 1960 3840 2019 post
3868 1959 3921 2004 te

2304 2034 2498 2098 veniet,
2532 2033 2689 2091 faciet
2722 2038 2981 2105 porticum
3008 2053 3023 2101 ;
3054 2053 3285 2108 sequens
3305 2039 3448 2093 aliud
3470 2040 3729 2110 adjiciet:
3758 2052 3817 2095 et
3840 2044 3921 2098 sic

2306 2125 2401 2180 tibi
2448 2136 2616 2181 totum
2664 2129 3030 2198 imputabitur.
3063 2131 3143 2186 Tu
3183 2132 3281 2186 das
3322 2148 3509 2202 parum
3536 2175 3549 2196 ,
3581 2146 3634 2187 et
3666 2136 3918 2190 omnium

2306 2218 2610 2274 mercedem
2640 2221 2855 2290 recipis.
2881 2221 3022 2292 Ergo
3048 2223 3255 2277 initium
3288 2225 3466 2288 Leito,
3498 2224 3919 2282 fundamentum

2306 2327 2472 2382 pone;
2496 2312 2601 2366 imo
2623 2327 2718 2367 vos
2740 2321 2925 2367 mutuo
2950 2315 3272 2383 hortamini;
3298 2316 3398 2370 hac
3421 2318 3470 2370 in
3499 2332 3556 2372 re
3576 2328 3916 2373 concertate.

2302 2402 2453 2456 Nunc
2480 2409 2658 2457 autem
2688 2403 2776 2457 ubi
2808 2404 2958 2473 palea
2980 2446 2994 2469 ,
3027 2405 3357 2461 frumentum
3400 2418 3453 2461 et
3494 2409 3673 2462 omnia
3715 2408 3918 2467 similia

2301 2493 2609 2562 reponenda
2636 2503 2780 2556 sunt,
2808 2494 2963 2551 facile
2988 2496 3257 2552 aedificant
3287 2516 3301 2551 :
3334 2498 3418 2552 ubi
3448 2514 3575 2553 vero
3605 2500 3918 2561 animarum

2303 2582 2508 2638 fructus
2551 2584 2838 2655 colligendi
2878 2596 3038 2655 sunt,
3074 2587 3206 2642 nihil
3245 2598 3468 2653 curant;
3506 2590 3601 2643 sed
3643 2600 3920 2660 coguntur

2304 2673 2449 2730 mille
2478 2677 2648 2731 stadia
2678 2679 2911 2742 emetiri,
2937 2688 2993 2734 et
3034 2695 3252 2749 magnas
3292 2682 3755 2750 peregrinationes
3796 2699 3918 2738 sus-

2302 2765 2516 2835 cipere,
2550 2776 2605 2822 ut
2648 2767 2699 2822 in
2731 2770 3013 2825 ecclesiam
3054 2771 3268 2834 abeant.
3301 2773 3565 2839 Quantum
3596 2786 3777 2830 autem
3815 2776 3917 2831 bo-

2303 2872 2427 2909 num
2457 2866 2538 2911 est
2558 2898 2573 2921 ,
2598 2873 2719 2913 cum
2746 2875 2934 2930 magna
2961 2862 3141 2931 quiete
3169 2864 3507 2919 sacerdotem
3539 2866 3588 2918 in
3620 2868 3917 2923 ecclesiam

2302 2948 2503 3013 venire,
2531 2958 2588 3003 ut
2609 2950 2828 3007 accedat
2851 2952 2916 3005 ad
2950 2952 3137 3019 Deum,
3160 2964 3213 3009 et
3237 2956 3477 3025 quotidie
3498 2968 3615 3013 oret
3643 2973 3741 3027 pro
3769 2963 3913 3027 vico.

2305 3056 2399 3109 pro
2430 3042 2635 3111 prandio
2655 3042 2667 3095 l
2688 3044 2954 3101 Parumne
2982 3056 3095 3112 est,
3130 3046 3338 3114 dic,oro
3358 3090 3371 3110 ,
3403 3049 3454 3103 in
3484 3052 3653 3105 ενοι-ιε
3679 3052 3917 3108 oblatio~

2304 3134 2459 3189 nibus
2481 3150 2694 3206 semper
2722 3152 2920 3192 nomen
2949 3147 3093 3194 tuum
3122 3138 3312 3197 referri
3338 3140 3432 3213 (α),
3466 3152 3518 3199 ει
3543 3144 3791 3216 quotidie
3816 3161 3917 3219 pro

2302 3227 2421 3280 villa
2454 3242 2641 3297 preces
2666 3228 2732 3283 ad
2763 3230 2929 3285 Deum
2957 3233 3173 3287 emitti?
3203 3247 3462 3305 quantum
3498 3240 3590 3293 tibi
3619 3251 3671 3295 et
3705 3242 3770 3296 ad
3806 3243 3915 3298 alia

2304 3316 2404 3369 hoc
2433 3318 2692 3385 prodest?
2720 3318 2995 3393 Contingit
3023 3325 3282 3393 quosdam
3314 3343 3345 3383 e
3376 3329 3551 3384 vicino
3585 3330 3835 3389 habitare
3860 3344 3917 3390 ει

2299 3419 2574 3465 curatores
2597 3410 2799 3468 habere
2824 3430 2836 3465 :
2862 3414 2929 3468 ad
2956 3423 3005 3469 te
3033 3416 3192 3486 igitur
3220 3433 3508 3489 pauperem
3537 3437 3700 3477 nemo
3721 3440 3915 3479 eorum

2300 3502 2487 3557 venire
2507 3503 2834 3572 dignabitur,
2864 3506 2957 3561 sed
2992 3509 3365 3580 presbyterum
3394 3512 3533 3569 forte
3563 3515 3833 3583 invitabit,
3860 3527 3916 3573 et

2302 3608 2498 3649 mensae
2524 3607 2829 3652 consortem
2855 3597 3033 3654 faciet.
3060 3599 3219 3657 Vides
3242 3614 3439 3673 quanta
3465 3607 3590 3662 hinc
3614 3609 3758 3663 bona
3784 3626 3917 3665 eve-

2303 3683 2483 3738 nient?
2516 3685 2649 3738 Villa
2682 3685 2897 3743 interim
2926 3690 3029 3745 erit
3063 3692 3131 3745 ab
3166 3695 3310 3749 omni
3348 3698 3660 3765 suspicione
3690 3701 3862 3756 libera
3897 3720 3912 3756 :

2302 3790 2461 3829 nemo
2489 3774 2759 3832 homicidii
2786 3819 2800 3841 ,
2832 3795 2991 3835 nemo
3032 3782 3158 3837 furti
3197 3787 3469 3842 accusabit
3490 3831 3505 3851 ,
3540 3805 3703 3845 nemo
3733 3794 3916 3848 simile

2300 3866 2573 3936 quidpiam
2617 3868 2997 3938 suspicabitur.
3044 3873 3256 3930 Habent
3290 3885 3344 3931 et
3380 3878 3541 3933 aliam
3572 3885 3913 3938 consolatio-

2301 3975 2422 4012 nem
2450 4000 2464 4024 ,
2498 3960 2612 4014 sive
2643 3961 2863 4018 morbus
2890 3965 3001 4019 sive
3027 3981 3176 4021 mors
3210 3969 3438 4023 accidat.
3470 3971 3585 4026 Non
3613 3982 3915 4045 utcumque

2299 4066 2398 4108 nec
2431 4067 2646 4123 quoquo
2689 4053 2849 4109 modo
2885 4056 3136 4111 amicitia:
3185 4059 3322 4115 istuc
3366 4072 3552 4116 mutuo
3592 4067 3913 4122 coeuntium

2294 4143 2627 4213 junguntur;
2661 4155 2836 4201 cattus
2861 4162 2987 4203 vero
3014 4158 3171 4203 erunt
3198 4152 3368 4207 multo
3397 4168 3557 4222 quam
3593 4156 3645 4208 in
3678 4158 3912 4213 celebri-

2302 4234 2497 4288 tatibus
2525 4236 2821 4292 suaviores.
2848 4238 2963 4293 Non
2993 4240 3152 4296 modo
3178 4252 3356 4297 autem
3382 4254 3574 4314 canus,
3604 4248 3699 4304 sed
3726 4260 3777 4303 et
3808 4251 3912 4313 illi,

2299 4327 2386 4395 qui
2417 4329 2706 4395 praesident
2734 4370 2747 4394 ,
2780 4332 2849 4385 ob
2878 4334 3247 4405 presbyterum
3276 4339 3698 4395 venerabiliores
3724 4352 3911 4397 erunt.

2302 4419 2469 4473 Audis
2510 4422 2695 4490 utique
2734 4423 3123 4495 Jerosolymam
3166 4428 3292 4483 olim
3334 4430 3455 4485 aliis
3498 4433 3722 4488 urbibus
3764 4437 3911 4505 apud

2300 4525 2508 4570 veteres
2533 4514 2929 4573 honoratiorem
2954 4519 3147 4586 fuisse;
3174 4536 3273 4577 nec
3296 4522 3413 4577 sine
3434 4538 3613 4591 causa,
3640 4526 3736 4580 sed
3759 4532 3912 4596 quod

2300 4605 2370 4659 ibi
2425 4614 2551 4661 tunc
2596 4608 2765 4676 pietas
2814 4608 3102 4665 obtineret.
3151 4612 3417 4677 Quoniam
3467 4616 3558 4669 ubi
3609 4618 3914 4675 honoratur

2300 4696 2479 4761 Deus,
2525 4697 2593 4752 ibi
2639 4698 2769 4753 nihil
2813 4702 2937 4755 mali
2978 4712 3096 4767 est;
3132 4704 3221 4758 ubi
3253 4720 3357 4759 non
3402 4706 3735 4775 honoratur,
3772 4710 3913 4765 nihil

2300 4790 2445 4843 boni.
2471 4788 2629 4844 Multa
2652 4794 2913 4848 securitas
2938 4795 3041 4849 erit
3066 4797 3226 4850 etiam
3251 4807 3302 4852 et
3327 4800 3464 4869 apud
3497 4801 3662 4857 Deum
3685 4814 3739 4859 ct
3760 4806 3911 4875 apud

2301 4881 2566 4938 homines.
2604 4885 2778 4941 Etiam
2821 4903 2972 4959 rogo,
3002 4904 3106 4942 non
3137 4890 3345 4959 ignave,
3380 4894 3473 4948 sed
3506 4895 3754 4951 alacriter
3790 4915 3912 4954 rem

2299 4975 2575 5045 suscipite.
2607 4978 2736 5035 Nam
2789 4981 2833 5035 si
2878 4982 2966 5050 qui
2996 4982 3177 5041 educit
3206 4987 3497 5054 pretiosum
3530 5004 3558 5043 a
3591 4990 3677 5044 vili
3699 5032 3713 5057 ,
3742 4994 3911 5060 quasi

2300 5082 2359 5122 os
2390 5069 2478 5124 Dei
2512 5072 2613 5124 erit
2640 5071 2777 5142 (Jer.
2808 5074 2894 5127 l5.
2927 5074 3013 5143 19)
3038 5092 3051 5141 ;
3077 5077 3165 5145 qui
3198 5087 3271 5133 tot
3298 5079 3599 5147 animabus,
3629 5094 3733 5137 tam
3763 5100 3912 5150 pne-

2300 5160 2539 5217 scntibus
2584 5178 2745 5232 quam
2796 5164 2987 5221 futuris
3031 5182 3199 5238 usque
3247 5170 3313 5224 ad
3362 5173 3651 5227 adventum
3698 5175 3913 5232 Christi

2300 5252 2534 5319 prodest,
2563 5264 2758 5323 quanta
2791 5257 2879 5311 Dei
2913 5259 3282 5318 benevolentia
3311 5264 3555 5318 fruetur?
3582 5266 3912 5327 Pru‘sidium

2302 5355 2553 5399 construe
2596 5359 2783 5423 contra
2830 5348 3141 5417 diabolum;
3196 5353 3297 5409 hoc
3334 5365 3418 5410 est
3457 5358 3601 5411 enim
3647 5362 3913 5417 ecclesia.

602 5436 725 5477 cere
766 5426 1011 5493 supinum
1032 5471 1047 5495 ,
1083 5428 1144 5503 ¹[
1175 5442 1227 5486 ει
1260 5445 1374 5499 post
1418 5436 1561 5491 illam
1612 5454 1925 5508 corpoream
1955 5446 2188 5515 quietem

605 5517 878 5571 nocturnis
901 5528 953 5572 et
978 5525 1246 5577 matutinis
1276 5524 1483 5595 hymnis
1510 5530 1743 5603 adesse,]
1772 5540 2187 5594 commensalem

2303 5433 2433 5489 llinc
2464 5436 2725 5504 prodeant
2752 5454 2939 5495 manus
2966 5442 3030 5495 ad
3060 5444 3298 5498 laborem
3327 5464 3338 5497 :
3373 5447 3518 5514 prius
3544 5449 3919 5508 extendantur

2295 5524 2358 5576 ad
2395 5542 2599 5593 preces,
2630 5536 2683 5581 et
2715 5537 2838 5583 tunc
2863 5532 2926 5585 ad
2954 5548 3090 5602 opus
3115 5534 3329 5590 abeant.
3363 5537 3436 5591 Ita
3468 5541 3572 5594 erit
3604 5541 3707 5596 illis
3736 5546 3919 5599 robur

670 5651 685 5681 ι
714 5650 768 5700 ιη
790 5666 888 5700 uno
909 5654 1085 5700 Codice
1113 5656 1293 5700 locum
1340 5664 1384 5700 η
1418 5671 1518 5700 mm
1544 5677 1712 5700 "mm
1741 5666 1905 5700 Imm“
1953 5686 2155 5700 mw“
2225 5674 2235 5683 ,
2296 5621 2574 5686 corporis;
2607 5621 2685 5675 sic
2714 5621 2817 5676 erit
2846 5625 3167 5693 agricultura
3205 5628 3409 5697 multa;
3440 5630 3517 5686 sic
3547 5634 3728 5688 omnia
3763 5640 3919 5694 mala

738 5654 1087 5736 anno
1113 5656 1312 5736 legitur,
1340 5664 1384 5710 et
1416 5671 1518 5724 post
1543 5677 1714 5736 nonam
1738 5666 1922 5736 horam,
1950 5686 2182 5736 corpora-

602 5708 699 5760 lem
720 5713 875 5763 ribum
896 5730 1103 5776 sumere,
1130 5708 1441 5793 εἴηοςίιρτιιίς
1460 5708 1801 5797 "inmunisqu
2371 5745 2386 5801 (
2396 5746 2444 5805 (ι)
2466 5748 2656 5796 Nomina
2677 5754 2987 5810 patronorum
3014 5754 3061 5803 in
3081 5756 3231 5807 sacris
3246 5756 3571 5811 oblationibus
3583 5762 3911 5825 profereban»

602 5784 677 5825 se.
709 5775 813 5825 loco
841 5790 1009 5825 eorum
1033 5794 1142 5825 cum
1168 5796 1361 5825 uncum
1382 5788 1641 5825 ριηιιςιιιιιι.

602 5784 677 5833 se,
709 5775 813 5825 loco
841 5790 1009 5829 eorum
1033 5794 1142 5843 qua:
1168 5786 1361 5836 uncinis
1382 5788 1655 5840 clausimus.
2040 5775 2155 5787 MM
2307 5775 2400 5853 tm":
