4088 6326
192 441 290 502 1ιῖ

190 550 456 632 φρίττεις,
487 557 613 613 εἰπέ
651 576 768 629 μοι,
814 557 905 611 τδν
937 553 1201 627 μέλλοντά
1246 570 1304 607 σε
1356 555 1449 607 καὶ
1503 552 1644 623 ὑπὲρ
1679 549 1886 602 τούτων

188 648 448 701 ἀπαιτεῖν
476 646 679 714 λόγον;
711 646 787 699 Οὐ
812 645 921 715 γὰρ
948 644 1114 713 ἐχρῆν
1141 643 1373 702 ἕκαστον
1423 641 1533 695 τῶν
1556 638 1767 693 πιστῶν
1798 639 1887 688 ἐκ·

190 732 427 803 κλησίαν
486 733 836 803 οἰκοδομεῖν,
898 730 1221 785 διδάσκαλον
1274 728 1577 799 λαμϐάνειν
1627 724 1766 796 πρὸς
1820 725 1885 777 16

190 818 557 890 συναίρεσθαι
587 833 635 881 ι.
679 818 786 889 πρὸ
824 819 1044 872 πάντων
1073 816 1235 871 τοῦτο
1268 817 1516 878 σκοπεῖν,
1539 815 1690 874 ὅπως
1710 812 1891 865 ἀπαν-

187 923 281 969 τες
302 904 423 959 εἷεν
451 905 797 978 Χριστιανοί;
828 905 975 971 Πῶς,
1009 906 1132 959 εἰπέ
1184 923 1299 976 μοι,
1335 901 1657 976 Χριστιανὸς
1688 900 1840 953 ἔσται
1861 901 1889 953 6

189 995 469 1064 γεωργὸς.
521 994 666 1065 δρῶν
699 994 760 1046 σέ
805 992 983 1056 οὕτως
1031 993 1339 1063 ἀμελοῦντα
1368 993 1467 1063 τῆς
1517 988 1682 1043 αὐτοῦ
1714 1005 1889 1057 σωτη-

190 1083 353 1152 ρίαςς
388 1084 469 1136 Οὐ
499 1082 728 1136 δύνασαι
755 1083 982 1153 ποιῆσαι
1023 1083 1227 1152 σημεῖα
1256 1081 1350 1135 καὶ
1375 1082 1599 1143 πείσαις
1625 1070 1718 1139 Οἷς
1744 1073 1889 1144 ἔχεις

187 1172 405 1232 πεῖσον.
470 1171 851 1243 φιλανθρωπίᾳ
882 1172 943 1235 δ,
992 1169 1319 1243 προστασία,
1365 1168 1689 1240 ήμερότητι,
1717 1164 1885 1218 κολα-

188 1255 338 1325 κεία,
373 1260 493 1320 τοῖς
516 1257 698 1322 ἀλλοις
730 1257 921 1312 ἀπασι.

256 1345 375 1396 Καὶ
402 1344 616 1415 ἀγοράς
650 1346 750 1415 μὲν
774 1346 870 1399 καὶ
914 1343 1174 1415 βαλανεῖα
1198 1343 1446 1397 ποιοῦσιν
1471 1343 1520 1395 οἰ
1544 1340 1752 1403 πολλοὶ,
1790 1340 1884 1393 ἐκ-

186 1428 426 1499 κλησίας
445 1431 505 1484 δέ
529 1432 649 1502 οὐχί
660 1451 670 1461 ·
700 1432 795 1486 καὶ
814 1426 1006 1485 ’πάντα
1035 1430 1259 1502 μᾶλλον,
1306 1429 1340 1501 ἢ
1366 1428 1542 1484 τοῦτο.
1579 1429 1671 1482 Διὸ
1704 1444 1885 1497 παρα-

186 1517 345 1571 καλῶ
374 1519 473 1572 καὶ
498 1520 767 1573 ἀντιϐολῶ
798 1521 889 1575 καὶ
910 1521 1071 1592 χάριν
1095 1519 1251 1584 αἰτῶ,
1283 1518 1485 1591 μᾶλλον
1506 1518 1561 1573 δέ
1597 1517 1692 1572 καὶ
1719 1518 1886 1586 νόμον

185 1602 408 1674 τίθημι,
444 1606 589 1660 ὥστε
623 1607 829 1679 μηδένα
865 1608 1095 1678 ὀφθῆναι
1135 1606 1342 1677 ἔρημον
1368 1605 1666 1675 ἐκκλησίας
1686 1602 1885 1674 χωρίον

186 1689 408 1759 έχοντα.
443 1694 537 1765 Μή
569 1712 660 1765 μοι
686 1694 867 1767 εἴπῃς·
898 1695 1133 1765 Πλησίον
1158 1696 1327 1758 ἐστὶν,
1353 1696 1417 1748 ἐκ
1445 1693 1703 1762 γειτόνων
1732 1690 1881 1763 [150]

184 1776 327 1830 ἐστί·
390 1780 565 1851 πολλή
636 1781 783 1835 ἐστιν
841 1781 1157 1851 ήδαπάνη,
1205 1782 1267 1834 οὐ
1315 1780 1554 1851 πολλὴή
1597 1776 1881 1849 πρόσοδος.

184 1862 255 1917 ΕΙ
281 1881 336 1919 τι
368 1864 520 1937 ἔχεις
548 1869 628 1931 εἰς
660 1868 898 1939 πένητας
934 1869 1231 1935 ἀναλῶσαι,
1266 1870 1384 1923 ἐκεῖ
1418 1868 1718 1922 ἀνάλωσον·
1759 1865 1877 1935 βέλ⁶

182 1966 300 2003 τιον
334 1954 482 2018 ἐκεῖ,
514 1954 546 2025 ἢ
584 1955 841 2011 ἐνταῦθα·
877 1956 1075 2028 θρέψον
1097 1956 1441 2020 διδάσκαλον,
1477 1955 1678 2027 θρέψον
1702 1954 1885 2009 διάκο-

184 2054 274 2092 νον
303 2042 406 2093 καὶ
428 2042 706 2113 ἱερατικὸν
742 2043 1018 2115 σύστημα.
1067 2044 1284 2098 Ὠσανεὶ
1311 2046 1549 2113 γυναῖκα
1587 2040 1817 2111 ἀγαγὼν
1846 2041 1879 2112 ἢ

183 2123 433 2194 νύμφην.
465 2127 499 2197 ἢ
524 2128 651 2193 δοὺς
683 2127 1153 2202 θυγατέραγιοῦτω
1178 2133 1245 2203 τῇ
1289 2130 1593 2201 Ἐκκλησία
1614 2129 1880 2184 διάκεισθ’

180 2214 395 2281 προῖκα
428 2214 614 2279 ἐπίδος
636 2217 798 2286 αὐτῇ.
825 2217 983 2271 υῦτω
1019 2236 1103 2273 σοι
1125 2219 1377 2287 εὐλογίας
1400 2218 1462 2271 16
1494 2217 1693 2289 χωρίον
1744 2217 1882 2288 πλη-

184 2297 528 2373 ρωθήσεται.
555 2302 620 2355 Τί
648 2304 758 2374 γάρ
782 2305 880 2357 οὐκ
906 2306 1062 2359 ἔσται
1096 2308 1214 2359 ἐκεῖ
1235 2306 1345 2360 τῶν
1372 2305 1629 2375 ἀγαθῶν;
1658 2306 1880 2377 μικρὸν,

180 2388 303 2441 εἰπέ
349 2406 467 2458 μοι,
495 2390 587 2442 τὸν
622 2392 784 2462 ληνὸν
820 2395 1197 2464 εὐλογεῖσθαις
1246 2397 1465 2469 μικρὸν,
1521 2397 1580 2463 ἐξ
1601 2397 1741 2450 ὅλων
1771 2396 1882 2451 τῶν

180 2475 419 2547 καρπῶν
448 2486 472 2515 ε
519 2477 628 2531 τῶν
679 2481 786 2532 σῶν
810 2482 902 2534 τὸν
947 2482 1082 2537 Θεδν
1113 2485 1383 2556 πρότερον
1425 2485 1739 2557 ἀπόμοιραν
1787 2486 1883 2539 καὶ

178 2562 447 2631 ἀπαρχάς
502 2563 837 2635 λαμϐάνειν;
881 2569 1025 2639 Πρὸς
1079 2572 1305 2641 εἰρήνην
1333 2571 1444 2625 τῶν
1482 2572 1881 2642 γεωργούντων

178 2648 345 2702 τοῦτο
401 2652 693 2723 χρήσιμον.
760 2656 1047 2726 Αἰδέσιμος
1094 2657 1249 2711 ἐσται
1283 2659 1379 2713 καὶ
1427 2660 1457 2714 6
1508 2660 1883 2731 πρεσϐύτερος

179 2735 397 2805 λοιπὸν,
432 2741 530 2793 καὶ
582 2742 721 2813 πρὸς
765 2744 1069 2814 ἀσφάλειαν
1118 2745 1216 2799 τοῦ
1252 2748 1455 2819 χωρίου
1518 2749 1881 2820 συμϐαλεῖται

176 2824 371 2879 τοῦτο.
412 2827 588 2897 Εὐχαὶ
620 2830 738 2883 ἐκεῖ
764 2831 1034 2902 διηνεκεῖς
1066 2833 1157 2888 διά
1205 2835 1288 2898 σέ,
1321 2834 1482 2906 ὕμνοι
1507 2836 1604 2890 καὶ
1628 2838 1882 2903 συνάξεις

175 2910 265 2965 διά
295 2913 385 2976 σὲ,
430 2917 721 2988 προσφορά
758 2918 877 2972 καθ’
934 2922 1173 2993 ἑκάστην
1216 2925 1527 2995 Κυριακήν.
1565 2919 1689 2978 υἷόν
1730 2928 1880 2981 ἐστιν

174 3000 258 3063 εἰς
291 3000 488 3071 θαῦμα
516 3005 725 3075 μεῖζον,
764 3006 859 3059 τοῦ
893 3010 1097 3077 τάφους
1136 3012 1235 3081 μὲν
1279 3012 1499 3084 ἐτέρους
1518 3014 1880 3084 οἰκοδομῆσαι

174 3086 497 3159 λαμπροὺς,
552 3091 641 3145 ῐνα
672 3093 722 3146 οί
778 3098 917 3165 μετά
964 3098 1137 3152 ταῦτα
1170 3101 1466 3162 ἀκούωσιν.
1532 3100 1611 3155 ὃτι
1642 3104 1671 3154 ό
1730 3101 1881 3157 δεῖνα

172 3176 534 3249 ᾠκοδόμησε,
566 3180 625 3232 σέ
656 3181 712 3234 δέ
745 3184 1041 3256 ἐκκλησίας
1086 3188 1418 3259 ἀναστῆσαιί
1463 3189 1771 3260 Ἐννόησον,
1797 3192 1879 3245 δτι

177 3270 351 3341 μέχρι
380 3270 483 3340 τῆς
506 3270 602 3323 τοῦ
628 3273 868 3343 Χριστοῦ
924 3276 1232 3346 παρουσίας
1263 3279 1328 3332 σὺ
1358 3278 1450 3332 16v
1487 3279 1680 3349 μισθὸν
1737 3280 1881 3346 έξεις

172 3360 205 3411 ό
233 3359 557 3429 ἀναστήσας
588 3358 980 3431 θυσιαστήριον
1008 3362 1104 3416 τοῦ
1132 3364 1292 3420 Θεοῦ.

248 3450 313 3500 ε’.
346 3445 486 3498 Εἰπὲ
508 3446 616 3515 γάρ
653 3464 763 3517 μοι.
798 3448 845 3501 εἰ
880 3448 1133 3518 βασιλεύς
1151 3469 1233 3505 σοι
1266 3454 1553 3508 ἐκέλευσεν
1584 3456 1877 3528 οἰκοδομῆ-

173 3550 267 3587 σαι
297 3535 506 3598 οἰκίαν,
540 3535 627 3587 ῖνα
654 3536 773 3589 ἐκεῖ
807 3537 1093 3601 καταλύοι,
1126 3539 1226 3593 οὐκ
1251 3540 1318 3594 ἂν
1357 3543 1536 3597 πάντα
1578 3544 1875 3614 ἐποίησας;

173 3620 295 3674 Νῦν
348 3616 445 3673 οῦν
490 3620 736 3690 βασίλειά
774 3623 891 3675 ἐστι
934 3624 1031 3677 τοῦ
1062 3626 1327 3697 Χριστοῦ,
1355 3630 1455 3694 τῆς
1504 3628 1803 3701 ἐκκλησίας
1842 3633 1877 3703 ή

171 3709 468 3779 οἰκοδομή.
503 3710 592 3779 Μὴ
657 3710 717 3763 τδ
751 3710 1016 3782 ἀνάλωμα
1046 3712 1179 3786 ἴδῃς,
1228 3714 1366 3768 ἀλλά
1399 3715 1492 3769 16v
1540 3718 1755 3787 καρπὸν
1785 3717 1876 3771 λό-

172 3807 354 3865 γισαι·
382 3797 725 3867 γεωργοῦσιν
775 3799 971 3852 ἐκεῖνοι
997 3798 1097 3870 τήν
1119 3800 1247 3870 γῆν,
1298 3801 1364 3855 σὺ
1415 3802 1736 3875 γεώργησον
1780 3806 1878 3859 αὐ-

171 3884 288 3937 τῶν
333 3884 438 3946 τάς
471 3884 667 3953 ψυχάς·
710 3884 936 3955 φέρουσί
995 3902 1080 3940 σοι
1124 3890 1371 3960 καρποὺς
1423 3890 1644 3955 ἐκεῖνοι,
1692 3892 1757 3945 σὺ
1795 3894 1877 3959 εἰς

171 3969 267 4023 τον
295 3971 534 4041 οὐρανὸν
555 3971 757 4035 αὐτοὺς
776 3972 1044 4043 ἀνάγαγε.
1091 3974 1149 4028 '0
1173 3974 1273 4047 τὴν
1322 3976 1501 4047 ἀρχὴν
1526 3978 1674 4043 δοὺς,
1716 3972 1876 4045 οὗτος

172 4060 273 4112 καὶ
300 4058 417 4111 τῶν
439 4058 616 4113 ἄλλων
664 4059 840 4122 αἴτιος
869 4061 1111 4115 πάντων.
1148 4064 1293 4132 Ἀρα
1340 4066 1435 4117 καὶ
1468 4066 1531 4118 σὺ
1559 4068 1731 4129 αῐτιος
1776 4068 1874 4139 έσῃ

170 4147 287 4199 τῶν
330 4146 762 4216 κατηχουμένων
790 4148 928 4211 ἐκεῖ,
962 4147 1073 4202 τῶν
1099 4149 1159 4201 ἐν
1190 4151 1304 4213 τοῖς
1336 4151 1559 4221 χωρίοις
1583 4154 1699 4217 τοῖς
1736 4154 1876 4225 πλη-

173 4234 317 4287 σίον.
386 4232 583 4287 Καίτοι
637 4233 709 4286 τά
767 4233 867 4304 μὲν
927 4233 1184 4304 βαλανεῖα
1242 4237 1669 4311 μαλακωτέρους
1731 4245 1878 4295 ποιεῖ

172 4323 307 4385 τοὺς
329 4321 639 4391 γεωργοὺς,
662 4321 731 4374 τά
756 4323 1032 4391 καπηλεῖα
1082 4314 1546 4398 τρυφηλοτέρους·
1580 4327 1699 4382 ἀλλ’
1722 4329 1875 4400 ὅμως

174 4413 389 4462 ποιεῖτε
410 4408 588 4461 ταῦτα
619 4408 708 4462 διά
756 4410 936 4475 δόξαν.
966 4412 1034 4463 Αἰ
1066 4412 1263 4483 ἀγοραὶ
1291 4414 1384 4467 καὶ
1432 4415 1489 4467 αί
1534 4417 1875 4486 πανηγύρεις

170 4495 346 4549 πάλιν
398 4494 647 4563 ἰταμούς·
693 4496 761 4548 τά
804 4495 861 4548 δὲ
895 4496 1152 4562 ἐνταῦθα,
1195 4500 1303 4551 πᾶν
1351 4500 1683 4554 τούναντίον.
1727 4504 1874 4556 Ἠλί-

172 4601 275 4636 κον
303 4584 417 4653 γάρ
462 4583 609 4636 ἐστιν
666 4584 796 4637 ἰδεῖν
822 4583 1191 4656 πρεσϐύτερον
1241 4588 1320 4650 εἰς
1346 4589 1531 4640 είκόνα
1585 4588 1873 4659 βαδίζοντα

169 4670 273 4725 τοῦ
319 4670 599 4742 Ἁϐραάμ,
630 4672 835 4739 πολιὸν,
867 4673 1249 4745 ἀνεζωσμένον
1281 4677 1377 4730 καὶ
1434 4678 1749 4732 σκάπτοντα
1776 4682 1875 4735 καὶ

169 4762 623 4832 αὐτουργοῦνταί
681 4763 746 4816 Τί
799 4763 896 4817 τοῦ
952 4764 1125 4835 ἀγροῦ
1183 4766 1562 4838 ποθεινότερον
1616 4770 1869 4838 ἐκείνους

185 4850 462 4905 Ἐνταῦθα
522 4850 726 4922 μείζων
758 4853 792 4922 ή
840 4852 1031 4923 ἀρετή.
1073 4855 1189 4907 υύκ
1234 4854 1383 4909 ἐστιν
1417 4856 1678 4924 ἀσέλγεια
1731 4859 1869 4925 ἐκεῖ,

170 4936 298 4992 ἀλλ’
332 4936 694 5007 ἀπελήλαται·
720 4938 822 4991 οὐκ
848 4938 963 4991 ἔστι
991 4939 1129 5011 μέθη
1161 4941 1255 4994 καὶ
1296 4942 1497 5015 τρυφὴ.
1533 4944 1650 4998 ἀλλ’
1680 4945 1873 5017 ἐξώρι-

173 5044 328 5081 σται·
379 5026 480 5078 οὐκ
533 5026 649 5079 ἐστι
709 5026 1006 5093 κενοδοξία,
1058 5029 1179 5081 ἀλλῗ
1235 5030 1509 5085 ἔσϐεσται·
1542 5035 1605 5088 16
1648 5035 1746 5105 τῆς
1783 5036 1872 5087 εὐ-

170 5114 333 5178 νοίας
372 5114 533 5166 πλέον
575 5115 696 5167 ἐκεῖ
748 5115 1044 5186 διαλάμπει
1102 5117 1189 5172 διά
1246 5120 1347 5190 τὴν
1394 5122 1677 5189 ἀφέλειαν.
1742 5118 1869 5178 Οίόν

172 5204 330 5256 ἐστιν
366 5202 622 5255 ἀπελθεῖν
653 5204 1030 5258 καὶείσελθεῖν
1074 5208 1155 5269 εἰς
1212 5209 1303 5261 τὸν
1352 5205 1501 5263 οἶκον
1557 5211 1655 5265 τοῦ
1709 5212 1867 5279 Θεοῦ,

172 5292 277 5344 καὶ
334 5293 551 5356 ειδέναι,
606 5292 689 5344 ὅτι
739 5292 902 5355 αὐτὸς
956 5295 1120 5348 αὐτὸν
1170 5295 1510 5369 ᾠκοδόμησε,
1562 5301 1655 5353 καὶ
1716 5301 1870 5371 ῥῖψαι

173 5376 379 5432 ἐαυτὸν
430 5377 645 5441 ὕπτιον,
706 5377 801 5430 καὶ
832 5379 971 5448 μετά
997 5381 1097 5451 τὴν
1155 5382 1366 5456 αἰώραν
1394 5384 1493 5457 τὴν
1548 5390 1871 5459 σωματικὴν

173 5467 279 5521 καὶ
336 5464 605 5535 λυχνικοῖς
654 5465 680 5505 ἀ
740 5467 833 5519 καὶ
891 5469 1132 5534 ἑωθινοῖς
1188 5471 1379 5542 ὕμνοις
1432 5477 1867 5547 παραγενέσθαι,

168 5555 563 5627 ὁμοτράπεζον
604 5557 750 5628 ἐχειν
797 5558 888 5611 τὸν
947 5560 1119 5631 ἱερέα,
1174 5564 1569 5635 συνομιλοῦντα
1618 5569 1869 5637 εὐλογίας

245 5749 465 5833 ς’-ξὲτὶι⁸
485 5747 776 5833 Ιλαμϐάνειν,
803 5752 1132 5833 ονγαίρεσθαιι
1152 5755 1286 5833 Ullus
1305 5756 1421 5833 πρὸς
1443 5756 1497 5833 τό
1531 5760 1866 5833 αυχαιρεῖσθαι.

182 5800 380 5885 licini]!
411 5812 516 5885 cog.
546 5800 615 5869 οἷς
642 5800 774 5885 ἐκεῖς’
801 5800 1023 5885 ποίησον,

173 5874 286 5945 εἰπέ
312 5890 411 5935 μοι,
432 5876 541 5945 τῶκ
554 5878 764 5945 καρπῶν.
788 5941 805 5945 _
831 5876 860 5945 ξί
892 5876 1025 5926 Unus
1048 5874 1154 5928 cbd.
1176 5874 1267 5945 Δκαὶ
1292 5874 1415 5945 ,μετὰ
1438 5882 1523 5945 τὴν
1551 5874 1717 5939 ἐνάτην
1742 5874 1869 5945 ὤραν

172 5941 265 5994 τῆς
290 5942 568 6004 σωματικῆς
593 5938 874 6004 μεταλαϐεῖν
897 5946 1087 6001 τροφῆς,
1110 5942 1188 5989 καὶ
1214 5943 1260 5988 έν
1290 5938 1540 6004 λυχνικοῐς.
1576 5938 1695 6002 ρυλε
1722 5938 1869 5995 Ιειέὶὶο

177 6009 283 6049 non
305 5999 584 6059 spernenda
612 6000 823 6050 videtur.

1234 436 1300 492 IN
1341 434 1523 492 ACTA
1568 428 2111 487 APOSTOMHIUM.
2160 431 2393 491 IIOMIL.
2428 432 2621 488 XVIII.

3588 435 3694 494 ΝΒ

1996 546 2318 616 ἀπολαύειν,
2354 551 2575 622 ἐτέρους
2606 551 2740 621 όρᾷν
2761 551 3090 621 ἐρχομένους
3118 551 3263 617 ἐκεῖ;
3294 550 3468 606 Τοῦτο
3486 555 3688 625 τεῖχος,

1996 635 2156 690 τοῦτο
2206 639 2482 707 ἀσφάλεια
2517 638 2716 708 ἀγροῦ.
2753 632 2924 701 Οὗτός
2970 638 3122 692 ἐστιν
3172 641 3203 693 6
3243 639 3413 713 ἀγρδς
3463 642 3593 713 περὶ
3626 637 3690 698 οὐ

1999 739 2166 793 φησιν
2228 725 2421 794 Ὀσμὴ
2471 725 2659 794 ἀγροῦ
2688 724 2982 793 πλήρους,
3015 724 3089 779 δν
3114 727 3418 797 εὐλόγησε
3445 728 3685 797 Κύριος.

1995 810 2059 863 Εἰ
2088 811 2182 865 καὶ
2211 814 2382 885 χωρὶς
2406 812 2598 866 τούτου
2631 811 2798 875 καλὸς
2823 813 2852 865 6
2881 812 3053 883 ἀγρὸς
3079 811 3169 866 διά
3188 812 3287 885 τὴν
3314 814 3566 886 ήσυχίαν,
3599 815 3689 870 διά

1990 897 2053 950 τὸ
2084 898 2523 971 ἀπραγμοσύνης
2559 899 2775 971 γέμειν·
2826 900 2954 953 ὅταν
2989 899 3085 953 καὶ
3110 900 3269 954 τοῦτο
3287 900 3409 975 ἔχῃ,
3439 901 3547 955 τίνι
3584 902 3686 957 οὐκ

1991 985 2144 1039 ἔσται
2169 988 2313 1051 ῖσος;
2352 987 2548 1060 Ἀγρὸς
2584 987 2695 1057 γάρ
2724 986 3023 1058 ἐκκλησίαν
3070 987 3232 1059 έχων,
3263 988 3343 1059 τῷ
3370 989 3687 1061 παραδείσῳ

1990 1073 2137 1127 έοικε
2158 1074 2254 1128 τοῦ
2289 1075 2450 1130 Θεοῦ.
2502 1076 2617 1129 Οὐκ
2645 1075 2795 1129 ἐστιν
2827 1076 2946 1129 ἐκεῖ
2971 1071 3209 1147 κραυγὴ,
3243 1076 3345 1129 οὐκ
3374 1076 3490 1131 ἔστι
3520 1077 3684 1149 θόρυ-

1990 1161 2105 1226 ϐος,
2137 1158 2238 1217 οὐκ
2266 1163 2455 1235 ἐχθροὶ
2502 1163 2772 1235 διάφοροι,
2807 1163 2907 1235 οὐχ
2936 1164 3202 1234 αἱρέσεις·
3256 1164 3467 1229 πάντας
3496 1166 3686 1236 φίλους

1989 1249 2138 1303 ἐστιν
2171 1252 2321 1316 ίδεῖν,
2370 1251 2484 1304 τῶν
2528 1251 2710 1304 αὐτῶν
2744 1250 3035 1321 δογμάτων
3068 1248 3384 1316 κοινωνούς.
3426 1253 3593 1322 Ἀγει
3624 1271 3685 1308 σε

1988 1338 2070 1400 εἰς
2084 1337 2455 1410 φιλοσοφίανή
2487 1334 2708 1410 ήσυχία·
2727 1337 2912 1393 λαϐών
2941 1356 3001 1392 σε
3036 1337 3185 1412 [151]
3216 1339 3327 1394 ἀπὸ
3343 1340 3441 1410 τῆς
3468 1341 3689 1410 φιλοσοσ-

1989 1424 2119 1494 φίας
2139 1426 2344 1497 ταύτης
2378 1428 2406 1480 6
2435 1428 2831 1500 πρεσϐύτερος,
2889 1427 3223 1499 θεραπεύσει
3262 1428 3522 1492 εὐκόλως,
3567 1430 3686 1483 Ἐν-

1986 1512 2166 1568 ταῦθα
2201 1514 2302 1585 μέν
2334 1514 2465 1585 γάρ,
2516 1516 2617 1569 ὅσα
2646 1516 2740 1569 ἐὰν
2775 1516 3049 1587 λέγωμεν,
3108 1518 3141 1587 ἡ
3179 1515 3356 1586 ἀγορά
3404 1516 3681 1587 ἐκκρούει·

1986 1601 2106 1654 ἐκεῖ
2134 1602 2192 1655 δὲ
2226 1604 2371 1677 ἅπερ
2402 1602 2468 1657 ἂν
2488 1603 2751 1676 ἀκούσῃς,
2787 1604 3076 1675 πεπηγότα
3106 1602 3249 1667 ἕξεις
3274 1604 3331 1655 ἐν
3351 1605 3419 1674 τῇ
3446 1604 3684 1675 διανοίᾳ,

1986 1689 2172 1761 ἕτερος
2229 1691 2291 1745 ἐν
2343 1690 2424 1761 τῷ
2458 1690 2614 1763 ἀγρῷ
2678 1692 2779 1763 ἔσῃ
2816 1691 2883 1745 δι’
2925 1691 3158 1745 ἐκείνου·
3213 1691 3309 1744 καὶ
3348 1691 3574 1747 ἐκείνων
3626 1692 3685 1746 δέ

1985 1780 2377 1849 προστήσεται,
2407 1779 2501 1833 καὶ⁹
2534 1779 2690 1833 ἔσται
2712 1778 2890 1849 φύλαξ
2946 1778 3027 1850 τῷ
3074 1796 3135 1832 τε
3184 1782 3464 1850 παρεῖναι,
3513 1779 3593 1852 τῷ
3622 1798 3685 1834 τε

1986 1865 2273 1935 ῥυθμίζειν
2307 1867 2525 1930 αὐτούς.
2559 1869 2734 1922 Πόσον
2763 1868 2821 1921 δέ
2855 1868 3093 1921 ἐστικαὶ
3127 1867 3190 1921 16
3245 1869 3533 1939 ἀνάλωμα,
3562 1869 3684 1922 εἰπέ

1988 1968 2114 2021 μοις
2144 1954 2380 2024 Ποίησον
2400 1954 2538 2019 τέως
2567 1955 2767 2025 μικρὸν
2815 1949 2967 2009 οἷκον
3011 1956 3070 2008 ἐν
3090 1954 3242 2021 τάξει
3292 1954 3446 2008 ναοῦ·
3478 1956 3508 2007 6
3543 1954 3687 2025 μετά

1987 2040 2047 2094 σέ
2076 2044 2295 2111 ποιήσει
2323 2042 2509 2105 στοὰν,
2547 2044 2576 2096 6
2606 2044 2723 2113 μετ’
2752 2043 2963 2096 ἐκεῖνον
2996 2042 3164 2114 ἐτερα
3197 2042 3523 2112 προσθήσει,
3588 2045 3686 2098 καὶ

1984 2126 2129 2180 οὕτω
2166 2130 2249 2181 σοὶ
2272 2128 2659 2201 λογισθήσεται
2690 2129 2752 2183 16
2774 2132 2906 2183 πᾶν.
2936 2131 3010 2183 Σὺ
3035 2130 3195 2193 δίδως
3221 2130 3439 2200 μικρὸν,
3475 2130 3684 2183 καὶτοῦ

1984 2214 2186 2279 παντὸς
2210 2216 2513 2287 λαμϐάνεις
2545 2216 2639 2270 τὸν
2684 2218 2896 2287 μισθόν.
2940 2217 3152 2272 Οὐκοῦν
3182 2218 3358 2289 ἀρχὴν
3411 2217 3601 2281 ἐπίθες
3632 2228 3682 2283 ⁸,

1984 2300 2237 2374 θεμέλιον
2262 2304 2562 2359 κατάϐαλε·
2609 2304 2813 2375 μᾶλλον
2840 2305 2896 2357 δέ
2937 2305 3204 2375 ἀλλήλους
3230 2305 3681 2377 παρακαλέσατε·

1984 2390 2219 2460 ἅμιλλαν
2264 2392 2567 2461 ποιήσασθε
2602 2390 2699 2445 τοῦ
2741 2392 3093 2463 πράγματος.
3124 2391 3241 2446 Νῦν
3290 2393 3369 2457 δέ,
3401 2392 3530 2447 ἔνθα
3579 2394 3686 2466 μὲν

1983 2478 2165 2549 ἄχυρα
2191 2479 2286 2533 καὶ
2315 2482 2461 2532 σῖτον
2497 2481 2592 2532 καὶ
2622 2480 2802 2535 πάντα
2826 2481 2896 2534 τά
2927 2480 3158 2535 τοιαῦτα
3209 2478 3513 2536 ἀποθέσθαι
3577 2482 3681 2545 δεῖ,

1982 2566 2224 2628 εὐκόλως
2264 2566 2670 2637 οἰκοδομοῦσιν·
2708 2567 2837 2627 ἔνθα
2867 2568 2924 2621 δέ
2977 2568 3311 2639 συλλεγῆναι
3338 2568 3446 2640 χρὴ
3490 2568 3684 2640 ψυχῶν

1981 2656 2322 2727 γεννήματα,
2360 2656 2613 2729 οὐδαμῶς
2642 2657 3046 2730 φροντίζουσιν,
3103 2657 3220 2711 ἀλλ’
3274 2657 3685 2726 ἀναγκάζονται

1985 2743 2212 2815 μυρίους
2243 2743 2494 2807 σταδίους
2524 2744 2788 2815 βαδίζειν,
2815 2744 2910 2798 καὶ
2936 2744 3157 2817 μακρὰς
3187 2745 3503 2815 ἀποδημίας
3527 2745 3683 2799 στέλ-

1980 2828 2194 2891 λεσθαι.
2226 2830 2314 2884 ἵνα
2348 2832 2429 2895 εἰς
2458 2831 2757 2903 ἐκκλησίαν
2785 2831 3043 2886 ἀπίωσιν.
3080 2832 3247 2885 Ὅσον
3278 2831 3334 2886 δέ
3365 2833 3515 2885 ἐστιν
3540 2834 3683 2901 ἀγα-

1980 2914 2074 2970 θόν
2102 2917 2241 2988 μετά
2264 2917 2471 2988 πολλῆς
2502 2918 2732 2990 ήσυχίας
2763 2919 2823 2971 ἐν
2848 2921 2913 2989 τῇ
2944 2918 3215 2990 ἐκκλησίᾳ
3268 2919 3360 2972 τὸν
3395 2918 3548 2989 ἰερέα
3579 2937 3684 2973 παι

1982 3005 2329 3075 ραγίνεσθαι,
2394 3005 2483 3060 ἴνα
2514 3006 2719 3079 προσίῃ
2768 3004 2848 3075 τῷ
2878 3004 3020 3076 Θεῷ,
3058 3006 3156 3060 καὶ
3202 3004 3341 3079 λέγῃ
3376 3006 3520 3077 ὐπέρ
3580 3006 3682 3077 τῆς

1978 3094 2176 3167 κώμης
2225 3096 2350 3149 καθ’
2400 3094 2641 3166 ἑκάστην
2667 3143 2670 3146 .
2694 3096 2934 3167 ἡμέραν,
2968 3093 3111 3166 ὐπέρ
3143 3092 3241 3146 τοῦ
3296 3094 3679 3171 κεκτημένουί

1978 3184 2197 3256 Μικρόν
2230 3186 2401 3251 ἐστιν,
2428 3183 2552 3236 εἰπέ
2587 3200 2699 3255 μοι,
2716 3179 2787 3236 .16
2810 3184 2905 3237 καὶ
2934 3184 2992 3234 ἐν
3021 3186 3143 3247 ταῖς
3171 3183 3358 3251 ἀγίαις
3378 3184 3682 3254 ἀναφοραῖς

1978 3273 2068 3326 ἀεὶ⁵
2102 3273 2165 3324 16
2185 3272 2361 3343 δνομά
2388 3288 2481 3326 σου
2520 3270 2827 3340 ἐγκεῖσθαι,
2860 3271 2957 3323 καὶ
3001 3270 3126 3324 καθ’
3162 3271 3405 3341 ἑκάστην
3463 3272 3683 3343 ήμέραν

1978 3359 2122 3431 ὑπὲρ
2144 3362 2244 3431 τῆς
2274 3359 2469 3431 κώμης
2502 3358 2669 3430 εὐχάς
2714 3358 2963 3429 γίνεσθαι
2998 3358 3137 3430 πρὸς
3163 3358 3255 3411 τὸν
3300 3357 3469 3425 Θεόν;
3511 3360 3682 3414 πόσον

1980 3463 2069 3499 σοι
2108 3446 2202 3500 καὶ
2233 3448 2314 3511 εἰς
2341 3446 2411 3501 τὰ
2435 3446 2573 3500 ἀλλα
2598 3445 2761 3500 τοῦτο
2790 3445 3064 3499 λυσιτελεῖ
3099 3444 3156 3500 ῖί
3203 3445 3504 3517 Συμϐαίνει
3525 3448 3683 3511 τινὲς

1978 3534 2043 3587 ἐκ
2087 3536 2350 3602 γειτόνων
2380 3537 2552 3588 οἰκεῖν
2601 3535 2697 3589 καὶ⁵
2728 3534 2873 3605 ἔχειν
2901 3534 3254 3606 ἐπιτρόπους·
3296 3533 3435 3605 πρὸς
3483 3533 3543 3588 σέ
3579 3534 3681 3603 μιν

1977 3615 2071 3673 οῦν
2106 3622 2200 3675 τὸν
2234 3622 2447 3693 πένητα
2476 3622 2577 3676 οὐκ
2602 3621 2828 3687 ἀξιώσει
2856 3639 2940 3685 τις
2966 3621 3194 3675 ἐκείνων
3214 3622 3337 3675 οὐδέ
3365 3620 3561 3676 ἐλθεῖν·
3586 3622 3681 3677 16v

1976 3706 2031 3760 δέ
2084 3709 2460 3781 πρεσϐύτερον
2510 3709 2641 3773 ἴσως
2686 3710 2783 3763 καὶ
2816 3709 3058 3772 καλεσει,
3088 3709 3184 3763 καὶ
3236 3708 3518 3781 τραπέζης
3567 3726 3683 3764 κοι-

1976 3795 2147 3849 νωνὸν
2185 3799 2427 3867 ποιήσει.
2479 3798 2666 3869 Ὁρᾷς,
2695 3798 2840 3851 πόσα
2894 3796 3147 3851 ἐντεῦθεν
3180 3799 3476 3868 γενήσεται
3504 3798 3677 3865 καλάς

1978 3883 2168 3954 Πάσης
2200 3884 2355 3938 ἐσται
2378 3886 2517 3949 τέως
2549 3888 2582 3957 ὴ
2611 3888 2774 3955 κώμη
2823 3886 3071 3955 πονηρᾶς
3103 3884 3344 3955 ὑποψίας
3392 3884 3677 3957 ἐλευθέρα·

1975 3971 2156 4036 οὐδεὶς
2208 3972 2594 4043 ἀνδροφονίας,
2653 3973 2834 4032 οὐδεὶς
2888 3972 3099 4044 κλοπῆς
3134 3972 3322 4027 ἕνεκεν
3360 3972 3679 4043 ἐγκαλέσει,

1975 4061 2154 4123 οὐδεὶς
2186 4064 2429 4116 τοιοῦτον
2465 4062 2624 4116 οὐδὲν
2678 4060 3037 4116 ὑποπτεύσει.
3070 4061 3297 4131 Ἔχουσι
3346 4062 3442 4116 καὶ⁴
3477 4062 3678 4133 έτέραν

1977 4149 2359 4220 παραμυθίαν,
2419 4150 2487 4203 ἀν
2542 4150 2699 4215 νόσος
2756 4148 3243 4222 παρακολουθήσῃ,
3294 4149 3362 4203 ἀν
3419 4148 3675 4214 θάνατος.

1977 4238 2090 4308 Οὐχ
2114 4237 2306 4301 ἁπλῶς
2357 4238 2477 4291 οὐδέ
2526 4239 2603 4302 ὡς
2648 4238 2805 4309 ἔτυχε
2837 4238 2931 4292 καὶ
2957 4239 3032 4309 καί
3075 4237 3253 4302 φιλίαι
3297 4238 3540 4306 γίνονται
3569 4238 3681 4293 τῶν

1976 4327 2094 4378 ἐκεῖ
2135 4326 2267 4397 παρ’
2294 4326 2546 4398 ἀλλήλοις
2598 4308 2809 4379 ἰόντων·
2850 4308 3032 4379 καὶάἱ
3072 4326 3283 4379 σύνοδοι
3326 4326 3383 4379 δέ
3413 4328 3648 4397 γενήσον

1972 4428 2066 4464 ται
2098 4411 2279 4481 πολλῷ
2311 4411 2419 4465 τῶν
2460 4414 2518 4465 ἐν
2570 4414 2691 4477 ταῖς
2736 4411 3116 4481 πανηγύρεσιν
3148 4411 3350 4480 ἡδίους.
3384 4411 3460 4465 Οὐ
3515 4411 3679 4483 μόνον

1972 4499 2029 4553 δέ
2057 4501 2112 4553 αἱ
2146 4500 2377 4563 σύνοδοι,
2433 4500 2570 4554 ἀλλά
2628 4502 2722 4553 καλ⁵
2771 4500 2927 4552 αὐτοὶ
2972 4502 3020 4553 οἰ
3056 4499 3404 4571 προεστῶτες
3446 4500 3535 4553 διὰ
3585 4501 3679 4553 τὸν

1974 4587 2348 4658 πρεσϐύτερον
2401 4587 2817 4659 αἱδεσιμώτεροι
2866 4587 3099 4664 ἐσονται.
3152 4586 3379 4652 Πάντως
3431 4587 3681 4662 ἀκοόεις,

1971 4676 2057 4729 δτι
2080 4676 2150 4730 τὰ
2183 4676 2541 4748 Ἱεροσόλυμα
2593 4678 2745 4743 παρά
2766 4676 2866 4740 τὰς
2916 4676 3086 4740 άλλας
3144 4678 3331 4741 πόλεις
3368 4676 3678 4748 τιμιώτερα

1970 4758 2040 4834 ἦν
2089 4764 2242 4835 παρὰ
2295 4767 2409 4827 τοῖς
2469 4763 2744 4828 παλαιοῖς·
2810 4765 2925 4818 ἀλλ’
2977 4766 3077 4835 οὐχ
3130 4765 3339 4828 ἀπλῶς,
3402 4763 3541 4818 ἀλλά
3588 4764 3677 4819 διά

1971 4851 2072 4923 τὴν
2105 4852 2227 4905 τότε
2264 4852 2572 4923 κρατοῦσαν
2629 4852 2934 4907 εὐσέϐειαν.
2990 4853 3091 4905 Διά
3122 4851 3284 4905 τοῦτο
3335 4850 3465 4905 ἔνθα
3513 4855 3679 4923 τιμᾶ-

1972 4957 2064 4993 ται
2094 4941 2250 5005 Θεὸς,
2303 4941 2460 4994 οὐδέν
2511 4943 2628 4993 ἐστι
2679 4940 2937 5011 πονηρόν·
3000 4939 3191 5010 ῶσπερ
3248 4939 3414 4995 πάλιν
3443 4939 3575 4995 ἔνθα
3612 4941 3675 4995 οὐ

1972 5029 2241 5099 τιμᾶται,
2297 5029 2451 5082 οὐδὲν
2510 5029 2739 5097 ἀγαθόν.
2804 5028 2983 5101 Πολλὴ
3038 5028 3310 5097 ἀσφάλεια
3364 5028 3517 5082 ἐσται
3580 5030 3677 5085 καὶ

1976 5118 2129 5188 παρά
2157 5116 2279 5187 Θεῷ
2333 5118 2427 5170 καὶ
2464 5117 2617 5187 παρά
2674 5116 3007 5189 ἀνθρώποις.
3062 5117 3173 5169 Ναὶ
3222 5116 3551 5187 παρακαλῶ,
3596 5118 3675 5191 μή

1974 5202 2293 5273 παρέργως,
2345 5202 2481 5256 ἀλλά
2530 5202 2834 5273 προθύμως
2880 5202 2976 5255 τοῦ
3017 5202 3348 5273 πράγματος
3386 5202 3675 5257 ἀντιλάϐε-

1974 5290 2091 5344 σθε.
2128 5292 2189 5343 Εἰ
2222 5291 2331 5362 γάρ
2361 5293 2388 5343 6
2414 5292 2629 5359 ἐξάγων
2658 5291 2843 5363 τίμιον
2895 5290 2954 5356 ἐξ
2980 5290 3222 5357 ἀναξίου,
3255 5291 3331 5354 ὡς
3362 5292 3536 5361 στόμα
3576 5291 3672 5345 τοῦ

1970 5378 2109 5432 Θεοῦ
2140 5379 2315 5433 ἔσται·
2351 5381 2379 5432 6
2437 5379 2711 5443 τοσαύτας
2760 5379 2940 5449 ψυχάς
2974 5380 3075 5442 τάς
3122 5398 3183 5432 τε
3222 5379 3412 5449 οὔσας,
3466 5383 3565 5447 τάς
3610 5399 3672 5435 τε

1972 5468 2239 5539 ἐσομένας
2271 5470 2376 5533 ἓως
2407 5470 2507 5540 τῆς
2556 5469 2651 5524 τοῦ
2683 5471 2925 5541 Χριστοῦ
2959 5472 3271 5542 παρουσίας
3315 5471 3547 5542 ὠφελῶν
3577 5474 3674 5529 καὶ

1972 5556 2383 5628 ἀνακτώμενος,
2436 5556 2610 5628 πόσης
2661 5558 2762 5611 οὐκ
2820 5558 3192 5613 ἀπολαύσεται
3250 5559 3466 5624 εὐνοίας
3518 5562 3703 5631 παρὰ,

1970 5644 2066 5697 τοῦ
2122 5638 2294 5697 Θὶοῦῑ
2356 5645 2622 5716 Φρούριον
2668 5646 3086 5700 κατασκεύασον
3134 5646 3279 5701 κατὰ
3331 5646 3426 5700 τοῦ
3481 5648 3670 5702 διαϐό-

1973 5730 2087 5784 λου·
2124 5730 2281 5783 τοῦτο
2313 5733 2423 5802 γάρ
2465 5733 2615 5785 ἐστιν
2650 5736 2682 5803 ἡ
2716 5734 3004 5804 ἐκκλησία.
3049 5736 3292 5789 Ἐκεῖθεν
3337 5737 3672 5807 ὁρμάτωσαν

1972 5821 2031 5873 αἰ
2068 5822 2252 5891 χεῖρες
2296 5822 2377 5883 είς
2424 5821 2691 5890 κάματον·
2728 5822 2946 5893 πρῶτον
3003 5823 3442 5877 ἀνατεινέτωσαν
3497 5826 3672 5890 αὐτάς

2040 5944 2064 5972 θ
2115 5942 2253 6051 ξριις
2306 5942 2494 6005 μισθόν·
2544 5946 2666 6001 ὅλως
2721 5947 2871 6009 ἀρχὴν
2912 5947 3079 6003 ἐπίθες.
3168 5946 3188 5984 ί
3221 5947 3354 5999 L'nus
3389 5948 3497 5998 cod.
3523 5946 3670 6000 τοῦτο

2040 6020 2111 6051 ντε
2145 6021 2203 6051 ει.

1973 6020 2203 6054 συντελει.
