4088 6326
161 473 253 532 119
1141 458 1204 514 IN
1245 457 1424 513 ACTA
1467 449 1999 510 APOS'I‘OLORUM.
2052 445 2282 501 llOllll"
2330 441 2474 500 XIX.

151 596 293 648 tot-as
321 589 633 646 mittentur.
668 585 782 641 Non
813 589 988 654 potest
1017 579 1142 634 hinc
1167 586 1282 629 orta
1311 575 1555 642 voluptas
1587 569 1766 624 verbis

154 685 438 756 explicari,
471 683 648 736 donec
675 693 838 749 opere
866 676 935 728 sit
963 683 1234 739 suscepta.
1261 669 1336 723 Ne
1366 668 1465 721 hoc
1490 666 1767 734 respicias,

149 779 292 849 quod
326 777 533 832 nullum
566 773 758 828 habeat
792 777 1112 839 proventum
1142 784 1153 818 :
1187 765 1230 817 si
1257 761 1478 816 omnino
1506 758 1555 812 id
1585 757 1765 820 facias,

149 888 220 925 ne
267 870 436 925 facias
479 879 694 929 tamen,
732 863 833 918 nisi
882 871 1035 930 putes
1068 859 1326 926 majorem
1368 854 1458 908 tibi
1507 861 1614 907 tota
1649 849 1768 904 villa

150 971 476 1032 proventum
511 972 672 1018 esse;
707 952 810 1008 nisi
841 953 917 1006 sic
949 949 1170 1005 atii-ctus
1210 948 1285 1002 sis
1307 987 1319 1007 ,
1354 959 1455 999 nec
1484 942 1766 1012 Opercris;

153 1053 253 1106 nisi
295 1064 452 1120 putes
483 1049 588 1102 hoc
615 1061 750 1114 opus
783 1044 886 1098 tuis
917 1041 1168 1095 omnibus
1195 1052 1315 1094 esse
1347 1033 1762 1106 pra-ferendum.

77 1152 89 1160 °
151 1145 284 1212 Quid
327 1145 430 1197 huc
460 1146 723 1210 proventu
753 1136 942 1203 majus,
973 1133 1176 1185 animas
1206 1131 1255 1183 in
1286 1143 1464 1182 arcam
1494 1125 1764 1180 carlestem

151 1231 459 1288 inducere?
493 1230 586 1283 llei
620 1227 771 1292 mihi,
805 1225 944 1294 quod
981 1222 1232 1277 nesciatis
1263 1229 1520 1290 quantum
1554 1218 1622 1270 sit
1652 1215 1767 1268 ani-

155 1341 270 1379 mas
303 1321 638 1385 lucriﬁcare!
675 1317 809 1374 Audi
854 1313 978 1385 quid
1024 1313 1186 1368 Petro
1216 1311 1358 1366 dicat
1385 1309 1631 1366 Christus
1662 1326 1673 1360 :
1706 1307 1766 1361 Si

151 1417 327 1488 diligis
356 1431 435 1468 me
458 1455 472 1478 ,
506 1428 659 1482 pasce
682 1426 796 1464 oves
833 1425 969 1461 meas
1000 1405 1194 1476 (Joan.
1223 1404 1314 1459 21.
1349 1402 1472 1474 15).
1504 1403 1557 1457 Si
1591 1400 1766 1470 regias

149 1527 276 1565 oves
315 1508 510 1562 videns
538 1514 629 1557 aut
660 1517 920 1572 equorum
950 1508 1286 1561 armentum,
1323 1493 1466 1565 quod
1494 1493 1764 1548 stabulum

150 1617 254 1653 non
280 1598 567 1661 baberent,
595 1593 801 1647 insidiis
831 1601 1032 1662 patere,
1058 1590 1334 1658 acciperes
1358 1588 1490 1656 ipse,
1516 1594 1568 1638 et
1590 1583 1765 1654 equile
1796 1594 1800 1601 '

147 1691 533 1756 stabulnmqne
556 1697 888 1749 exstrueres,
913 1697 975 1736 ac
997 1690 1267 1750 pastorem
1289 1679 1595 1749 praeticercs
1621 1695 1633 1729 :
1659 1692 1767 1745 quo

148 1796 195 1837 te
239 1799 335 1837 rex
386 1793 612 1835 munere
654 1790 762 1831 non
804 1775 1064 1829 donaret?
1109 1773 1262 1828 Nunc
1302 1769 1499 1826 Christi
1545 1783 1763 1840 gregem

145 1877 355 1945 colligis
377 1917 392 1938 ,
423 1879 775 1942 otqiastorem
811 1869 1040 1936 praeﬁcis
1062 1907 1076 1930 ,
1117 1881 1219 1921 nec
1249 1875 1402 1934 putas
1435 1874 1484 1918 te
1514 1878 1762 1931 magmnn

144 1970 422 2040 quidpiam
459 1962 677 2018 facere?
708 1961 843 2026 Quid
889 1959 1050 2015 dico?
1094 1958 1149 2014 Si
1189 1959 1235 2013 ci
1260 1999 1272 2022 ,
1306 1957 1394 2026 qui
1438 1954 1766 2010 scandalizat

3395 437 3419 494 ί
3429 438 3496 494 50

1882 566 2044 620 etiam
2074 577 2260 625 mium,
2292 569 2496 613 tanlmn
2521 555 2846 627 supplicium
2872 552 3231 608 comminatur
3261 568 3273 602 ε
3301 553 3391 623 qui
3423 561 3500 607 tot

1883 666 2061 711 servat
2094 655 2360 714 homines,
2391 666 2570 703 annon
2602 648 2832 701 salutem
2861 644 3264 713 Consequetur?
3294 644 3498 698 Censeo

1877 761 2072 818 quetnr
2098 757 2264 802 certe.
2294 743 2575 812 Quodnam
2608 741 2751 796 enim
2789 748 2971 808 postea
3015 745 3293 805 peccatum
3327 735 3496 789 babe-

1878 839 1994 902 bit;
2023 839 2104 891 vcl
2138 838 2180 890 si
2216 835 2409 888 babcat
2434 875 2448 899 ,
2482 847 2660 886 annon
2693 829 2897 884 delebit
2935 827 3102 884 illud?
3145 830 3187 881 A
3230 827 3496 896 supplicio

1877 929 2294 986 scaudalizautis
2323 926 2471 981 disce
2503 924 2780 995 praemium
2809 920 3098 977 servantis.
3126 920 3181 974 Si
3215 935 3318 972 non
3351 934 3497 974 curae

1875 1034 2017 1079 esset
2052 1024 2162 1077 Deo
2196 1022 2277 1076 vel
2311 1020 2466 1074 unius
2498 1018 2693 1072 anima:
2724 1016 2871 1070 salus
2896 1055 2911 1080 ,
2941 1029 3050 1068 non
3088 1022 3194 1067 tam
3230 1013 3495 1066 irascere-

1877 1126 1963 1169 tur
1989 1115 2056 1168 de
2089 1114 2227 1166 illius
2259 1109 2511 1180 pernicie.
2545 1108 2670 1162 Haec
2701 1106 2883 1175 itaque
2911 1119 3036 1159 cum
3066 1104 3300 1157 sciamus
3322 1142 3337 1168 ,
3370 1101 3495 1156 huic

1874 1207 2136 1276 Spiritnali
2167 1205 2316 1276 operi
2351 1204 2673 1266 ha‘rcnmus,
2710 1197 3198 1268 me‘unusquisque
3231 1207 3404 1265 vocet,
3440 1205 3495 1252 et

1877 1318 1976 1355 nos
2007 1299 2166 1354 simul
2194 1313 2416 1367 Operam
2455 1295 2703 1348 dabinms
2753 1309 2849 1360 pro
2894 1290 3056 1345 virili.
3101 1289 3166 1342 Et
3197 1289 3240 1342 si
3273 1289 3492 1357 quidem

1877 1404 1985 1448 tres
2031 1392 2224 1446 fuerint
2274 1401 2614 1458 possessores
2637 1428 2649 1444 ,
2683 1386 2735 1439 in
2772 1398 3060 1439 commune
3092 1379 3372 1436 conferant
3400 1396 3415 1445 ;
3447 1377 3493 1433 si

1876 1502 2010 1539 unus
2037 1526 2049 1547 ,
2083 1484 2201 1536 aliis
2240 1496 2451 1551 quoque
2492 1479 2680 1532 vicinis
2727 1477 2777 1530 id
2825 1474 3091 1529 suadebit.
3127 1472 3358 1527 Tantum
3394 1471 3494 1523 huc

1876 1579 2134 1647 perlicere
2171 1573 2430 1628 stutleatis
2457 1613 2470 1635 ,
2504 1572 2732 1626 obsecro
2757 1611 2772 1636 ,
2809 1577 2865 1622 ut
2904 1566 3049 1621 omni
3088 1581 3151 1618 ex
3195 1574 3345 1634 parte
3386 1563 3496 1615 Deo

1875 1671 2166 1738 piat-entes,
2200 1675 2399 1719 a-terna
2432 1675 2831 1731 consequamur
2862 1658 3027 1724 bona,
3056 1656 3226 1725 gratia
3259 1661 3313 1708 et
3345 1653 3496 1707 lieni-

1871 1765 2072 1832 gnitate
2106 1759 2314 1812 Domini
2346 1757 2514 1810 nostri
2541 1754 2666 1808 Jesn
2694 1750 2917 1818 Christi,
2947 1751 3162 1818 quicum
3194 1745 3335 1800 Patri
3365 1759 3496 1798 unae

1872 1873 1978 1926 que
2007 1853 2226 1922 Spiritui
2258 1860 2444 1904 sancto
2473 1845 2667 1918 gloria,
2700 1833 3007 1914 imperium,
3042 1842 3235 1908 honor,
3273 1853 3413 1894 nunc
3440 1847 3495 1891 et

1873 1964 2110 2018 semper,
2138 1956 2192 1999 et
2224 1946 2274 1998 in
2307 1943 2505 1998 secula
2535 1941 2878 1996 smculorum.
2909 1939 3102 1991 Amen.

153 2060 3482 2118 MM”.—

1521 2161 1863 2224 HOMILIA
1909 2157 2086 2218 XIX.

142 2332 267 2387 CAP.
320 2330 376 2386 8.
431 2344 487 2384 ν.
534 2327 626 2382 96.
688 2325 909 2395 Angelus
962 2331 1132 2376 autent
1179 2317 1380 2372 Domini
1414 2314 1652 2383 loquutus
1684 2320 1758 2362 est

210 2423 281 2476 ad
314 2420 644 2490 Philippum,
678 2419 850 2471 dicens
882 2432 898 2469 :
927 2414 1097 2484 Surge
1138 2421 1182 2466 et
1229 2409 1354 2464 vade
1397 2415 1572 2459 contra
1602 2404 1753 2455 meri-

211 2513 373 2575 diem,
405 2511 477 2564 ad
498 2514 631 2564 riam
660 2524 773 2579 qua:
794 2505 1050 2559 descendit
1076 2520 1107 2556 a
1128 2501 1417 2555 Jerusalem
1442 2500 1494 2551 in
1528 2495 1756 2550 Gazam:

211 2607 322 2658 hate
350 2617 423 2658 est
470 2605 689 2656 deserta.
733 2600 822 2653 9.7.
856 2599 919 2651 Et
947 2612 1157 2666 surgens
1185 2595 1326 2646 abiit.

216 2699 264 2751 l.
303 2697 530 2750 Videtur
562 2694 690 2748 mihi
723 2695 822 2746 hoc
847 2691 1156 2745 mandatum
1197 2686 1490 2756 accepisse,
1524 2699 1643 2738 cum
1672 2698 1760 2736 es-

143 2799 221 2842 set
251 2791 305 2841 in
329 2788 573 2843 Samaria
599 2805 612 2851 ;
644 2787 765 2855 quia
789 2785 856 2836 ab
877 2781 1229 2851 Jerosolymis
1262 2794 1366 2831 non
1395 2786 1580 2830 contra
1602 2775 1758 2828 nteri-

141 2881 282 2932 diem
303 2879 430 2947 quis
449 2877 592 2930 vadit
617 2878 656 2940 ⁸,
680 2875 774 2930 sed
799 2884 983 2928 contra
1003 2870 1448 2940 septentrionem;
1472 2884 1499 2919 a
1520 2865 1758 2920 Samaria

145 2985 270 3023 vero
300 2981 494 3023 contra
530 2966 833 3021 meridiem.
872 2963 994 3018 Ilwc
1025 2971 1099 3016 est
1119 2960 1338 3014 deserta.
1370 2958 1480 3011 lloc
1521 2955 1669 3019 dicit,
1706 2964 1761 3008 ut

142 3078 206 3116 ne
236 3063 423 3116 timeat
468 3059 778 3114 Judzrorum
809 3057 1104 3110 incursum.
1141 3052 1251 3107 Nec
1277 3053 1598 3119 interrogat,
1625 3062 1760 3116 qua-

141 3154 233 3207 re?
290 3152 387 3208 sed
436 3165 666 3220 Surgens
721 3149 874 3203 abiit.
908 3147 972 3201 Et
1013 3162 1146 3214 ecce,
1180 3144 1371 3213 inquit,
1405 3143 1480 3195 vir
1505 3140 1760 3208 /Ethiops

139 3245 428 3308 eunuchus,
462 3253 642 3312 potens
664 3240 918 3297 Candacis
960 3242 1148 3310 regina’
1175 3236 1506 3306 {Ethiopunn
1538 3233 1622 3299 qui
1652 3241 1760 3286 erat

137 3353 293 3404 super
323 3351 529 3388 omnem
558 3349 740 3405 gazam
772 3335 902 3400 ejus,
931 3333 1019 3401 qui
1050 3340 1257 3384 venerat
1287 3331 1506 3382 adorare
1527 3327 1578 3380 in
1601 3325 1760 3379 Jeru-

137 3428 316 3480 salem.
340 3425 435 3480 28.
469 3426 534 3479 Et
563 3425 905 3479 revertebatur
942 3423 1122 3478 sedens
1157 3437 1314 3491 super
1341 3428 1549 3472 currum
1570 3433 1718 3472 suum
1740 3457 1756 3483 ,

135 3531 181 3572 et
205 3520 408 3591 tegebat
435 3518 630 3573 Isaiam
659 3519 980 3589 praphetam.
1001 3517 1205 3585 Magnis
1230 3517 1314 3569 hic
1343 3515 1591 3568 laudibus
1621 3513 1761 3567 cele-

138 3599 325 3668 bratur
349 3631 362 3665 :
392 3613 660 3683 siquidem
699 3613 752 3666 in
779 3611 1055 3680 Etliiopia
1083 3625 1328 3673 manens,
1353 3619 1406 3663 et
1433 3617 1510 3662 tot
1533 3606 1761 3677 negotiis

137 3711 390 3774 obrutus,
427 3723 550 3763 cum
583 3708 701 3763 dies
726 3707 895 3763 festus
928 3724 1033 3762 non
1063 3717 1228 3772 esset,
1262 3716 1315 3760 et
1343 3707 1395 3760 in
1419 3704 1763 3772 superstitio-

139 3803 298 3856 uibus
342 3802 531 3857 dedita
563 3803 783 3856 civitate
815 3809 1144 3865 versaretur,
1174 3800 1318 3852 venit
1363 3797 1683 3853 adoraturus
1707 3797 1761 3850 in

137 3893 474 3948 Jerusalem.
503 3892 802 3962 Magnaque
842 3901 958 3946 erat
989 3891 1304 3961 diligentia;
1348 3904 1468 3943 nam
1519 3890 1571 3942 in
1601 3903 1761 3942 curru

137 3987 339 4041 sedens
378 3985 617 4055 legebat.
654 3984 746 4039 29.
785 3983 924 4038 Dixit
963 3995 1133 4036 autem
1180 3983 1411 4052 Spiritus
1465 3979 1713 4050 Philippo
1742 3995 1761 4034 :

140 4077 361 4142 Accede,
396 4087 445 4130 et
472 4077 698 4147 adiunge
725 4086 773 4130 te
813 4077 882 4130 ad
929 4093 1135 4130 currum
1161 4077 1332 4128 istum.
1366 4075 1452 4128 '50.
1482 4074 1762 4128 Accurrens

138 4178 306 4222 autem
350 4168 654 4238 Philippus,
679 4167 873 4220 audivit
903 4184 1016 4221 eum
1045 4168 1290 4236 legentem
1315 4165 1510 4219 Isaiam
1539 4156 1760 4234 praplie-

138 4274 260 4327 tam,
311 4271 362 4315 et
393 4261 525 4313 dixit
558 4276 576 4313 :
610 4259 838 4314 Putasne
881 4255 1124 4330 intelligis
1166 4276 1280 4325 qua
1316 4260 1483 4332 legis?
1530 4261 1618 4314 51.
1662 4259 1764 4315 Ille

138 4369 249 4406 cera
279 4353 415 4406 dixit
435 4369 454 4404 .'
487 4349 556 4405 Et
577 4351 830 4417 quomodo
858 4352 1066 4422 possint,
1094 4352 1191 4404 nisi
1208 4351 1320 4419 quis
1347 4354 1576 4406 ostendat
1597 4352 1764 4405 mihi?

144 4445 273 4499 Vide
303 4460 525 4498 rursum
555 4445 715 4497 aliam
756 4445 1032 4513 pietatem.
1065 4442 1236 4511 Quam
1268 4444 1452 4498 illam?
1480 4443 1633 4511 Quod
1664 4461 1761 4500 ne-

137 4537 318 4593 sciens
349 4538 587 4607 legeret;
617 4546 674 4591 et
703 4545 984 4606 postquam
1024 4537 1249 4606 legerat,
1283 4538 1540 4606 requirat.
1590 4538 1764 4608 Roga-

139 4631 305 4697 vitque
339 4627 671 4695 Philippum.
715 4639 770 4680 ut
814 4628 1106 4681 ascenderet
1141 4637 1186 4682 et
1216 4628 1410 4682 sederet
1452 4645 1638 4683 secum.
1671 4630 1760 4684 3‘2.

140 4720 308 4774 Locus
333 4729 512 4773 autem
545 4719 850 4790 Scriptura,
901 4737 1046 4790 quem
1073 4721 1287 4791 legebat,
1326 4730 1432 4773 erat
1458 4722 1539 4776 hic
1565 4739 1582 4776 :
1607 4721 1764 4776 Tant-

141 4833 291 4883 quam
317 4816 432 4869 ovis
462 4814 531 4867 ad
557 4815 860 4867 occisionem
892 4815 1071 4868 ductus
1101 4823 1172 4868 est
1202 4831 1220 4868 :
1252 4824 1298 4868 et
1329 4818 1458 4869 sicut
1488 4833 1650 4887 agnus
1680 4835 1766 4870 co-

142 4927 248 4963 ram
282 4909 532 4964 tondente
553 4925 604 4961 se
629 4909 737 4963 sine
763 4925 900 4973 voce,
932 4909 1004 4961 sic
1036 4925 1136 4963 non
1164 4911 1361 4979 aperuit
1388 4927 1442 4963 os
1469 4927 1636 4965 suum.
1671 4912 1760 4966 35.

143 5001 203 5054 111
233 5000 531 5055 humilitate
558 5000 816 5071 judicium
843 5001 951 5070 ejus
972 5002 1224 5055 sublatum
1255 5011 1347 5056 est.
1379 5001 1764 5056 Genet-(itionem

142 5095 248 5152 eius
277 5094 401 5160 quis
429 5091 732 5144 enarrabit?
762 5093 999 5165 quoniam
1024 5095 1225 5148 tolletur
1256 5097 1318 5148 de
1348 5105 1481 5149 terra
1517 5098 1616 5150 vita
1657 5102 1766 5166 ejus

146 5184 308 5254 (lsai.
342 5185 439 5240 53.
465 5187 517 5238 7.
548 5186 580 5240 8
607 5188 644 5255 ).
676 5186 765 5240 34.
798 5184 1130 5256 Respondeas
1149 5199 1316 5242 autem
1346 5192 1607 5244 eunuchus
1632 5189 1765 5244 Phi-

142 5279 303 5348 lippo,
337 5279 475 5332 dixit
517 5295 538 5332 :
567 5278 788 5332 Obsecro
812 5289 877 5343 te,
911 5282 974 5333 de
997 5296 1097 5350 quo
1131 5282 1380 5350 propheta
1411 5284 1530 5336 dicit
1561 5286 1675 5347 hoc,
1705 5285 1768 5338 de

141 5389 209 5436 se,
233 5388 306 5425 an
357 5371 423 5423 de
465 5371 569 5424 alio
600 5371 817 5441 aliquo?
855 5373 945 5427 35.
981 5373 1224 5442 Aper-iens
1270 5386 1438 5429 autem
1490 5376 1768 5448 Philippus

143 5481 195 5516 os
219 5481 401 5528 murra,
435 5471 480 5516 et
511 5463 761 5532 incipiens
789 5479 818 5516 a
851 5464 1126 5533 Scriptura
1156 5467 1270 5531 ista,
1303 5468 1658 5537 evtttlgelizntttt
1692 5470 1768 5522 illi

144 5555 351 5610 Jesum.
390 5554 608 5620 Viden‘,
633 5557 906 5625 quomodo
935 5574 1023 5613 res
1047 5574 1168 5614 cum
1199 5561 1289 5614 illo
1319 5561 1595 5628 disposita:
1618 5565 1724 5617 sint
1748 5565 1770 5615 ?

149 5647 340 5702 l‘rimo
370 5647 503 5718 legit
529 5657 583 5702 et
613 5648 860 5719 ignorat;
890 5649 1088 5706 deinde
1115 5653 1243 5722 legit
1270 5653 1412 5708 lnmc
1451 5654 1651 5720 locmn,
1684 5659 1770 5713 ubi

211 5807 368 5880 {Alii
422 5805 650 5880 habent:
679 5815 732 5857 ut
772 5807 896 5880 mihi
932 5810 1141 5880 ridetur,
1173 5813 1423 5879 Philippus
1446 5816 1525 5880 de
1563 5831 1657 5880 quo
1692 5818 1771 5867 hic

150 5875 494 5945 agitanuungus
519 5877 676 5945 crate
699 5879 911 5932 septem;
936 5885 1027 5942 non
1051 5875 1182 5925 enim
1204 5891 1234 5928 a
1269 5875 1585 5945 Jerosolymis
1607 5883 1768 5944 pro/1'-

146 5939 252 5982 rtns
273 5939 457 5983 contra
480 5933 739 5983 meridiem
763 5935 1088 5997 processisset.

1869 2305 2198 2359 narrabatur
2228 2302 2431 2372 passio,
2461 2298 2793 2355 resurrectio
2814 2306 2866 2350 et
2893 2297 3118 2350 donum.
3145 2292 3235 2349 36.
3281 2291 3347 2346 Et
3372 2291 3492 2344 dum

1868 2398 1998 2450 irent
2039 2413 2129 2464 per
2168 2398 2323 2460 viam,
2361 2403 2601 2448 venerunt
2643 2392 2710 2444 ad
2747 2389 3026 2460 quamdam
3073 2402 3306 2456 aquam:
3333 2395 3378 2439 et
3419 2388 3494 2439 ait

1874 2491 2167 2544 eunuchus:
2192 2486 2327 2540 Ecce
2356 2502 2508 2556 aqua,
2543 2484 2667 2555 quid
2694 2482 2926 2553 prohibet
2959 2497 3039 2534 me
3080 2480 3375 2550 baptizari?
3403 2478 3492 2533 Vi-

1871 2586 2052 2640 distin‘
2083 2593 2392 2655 promptum
2419 2579 2703 2635 animum?
2735 2577 2970 2632 vidiStin’
2994 2575 3368 2645 diligentiam?
3395 2575 3486 2628 58.

1872 2677 1938 2730 Et
1960 2679 2104 2744 iussit
2122 2688 2258 2730 stare
2281 2691 2510 2736 currum,
2531 2685 2577 2726 et
2601 2671 2969 2725 descenderunt
2987 2680 3193 2739 uterque
3208 2669 3259 2722 in
3277 2685 3488 2736 aquam,

1874 2767 2152 2837 Philippus
2183 2778 2227 2820 et
2255 2765 2537 2829 eunuchus,
2567 2776 2611 2817 et
2637 2763 2910 2832 baptizavit
2937 2777 3073 2814 eum.
3109 2759 3198 2814 59.
3230 2757 3357 2813 Cant
3394 2776 3491 2811 an-

1871 2871 1966 2914 tem
1992 2860 2332 2915 ascendissent
2355 2860 2422 2918 de,
2453 2875 2609 2928 aqua,
2636 2856 2864 2926 Spiritus
2895 2854 3104 2908 Domini
3152 2853 3325 2922 rapuit
3359 2851 3490 2906 Phi-

1870 2954 2088 3023 lippum,
2124 2963 2170 3004 et
2201 2952 2426 3019 amplius
2470 2967 2571 3004 non
2614 2950 2736 3002 vidit
2783 2964 2898 3002 eum
2933 2947 3217 3000 eunuchus.
3253 2945 3368 2999 ibat
3403 2962 3493 3015 per

1871 3045 2003 3097 viam
2033 3060 2176 3096 suam
2205 3043 2452 3112 gaudens.
2485 3041 2615 3106 Cur,
2648 3040 2878 3109 inquies,
2931 3037 3050 3092 tulit
3081 3053 3206 3092 eum
3253 3035 3491 3106 Spiritus

1877 3136 2125 3190 Domini?
2170 3136 2305 3202 Quia
2339 3151 2435 3204 per
2461 3135 2593 3187 alias
2627 3134 2876 3186 civitates
2899 3131 3226 3202 transiturus
3259 3138 3314 3183 et
3355 3145 3490 3198 prm-

1868 3227 2144 3283 dieaturus
2166 3240 2298 3282 erat.
2333 3226 2400 3284 Ut
2426 3242 2555 3296 ergo
2585 3226 2633 3278 in
2664 3224 3020 3280 admiratione
3053 3223 3361 3287 haberetur,
3389 3222 3493 3280 hoc

1870 3321 2068 3375 factum
2091 3331 2194 3386 est,
2231 3334 2394 3390 utque
2418 3335 2524 3374 non
2561 3321 2877 3380 humamnn,
2913 3316 3008 3371 sed
3032 3317 3275 3372 divinum
3318 3317 3490 3372 babe-

1871 3423 2040 3477 retur,
2076 3413 2220 3482 quod
2271 3413 2413 3466 circa
2460 3413 2637 3480 ipsum
2673 3411 2871 3465 factum
2927 3418 3030 3464 est.
3065 3409 3162 3464 £0;
3216 3407 3494 3480 Philippus

1869 3515 2039 3557 autem
2067 3505 2299 3557 inventus
2330 3513 2402 3557 est
2424 3505 2476 3556 in
2506 3504 2663 3556 Azoto
2684 3518 2701 3556 :
2725 3512 2770 3556 et
2803 3503 3146 3566 pertransiens
3177 3503 3494 3574 euangeliza-

1869 3595 1953 3650 bat
1992 3597 2278 3650 civitatibus
2328 3598 2546 3658 cunctis,
2577 3595 2736 3651 donec
2762 3596 2950 3649 veniret
2989 3592 3299 3650 Caesaream.
3355 3596 3493 3652 llinc

1869 3688 2044 3757 palam
2094 3698 2195 3752 est,
2237 3689 2380 3742 hunc
2410 3703 2472 3742 ex
2508 3700 2714 3756 septem
2750 3687 2855 3742 illis
2881 3685 3046 3741 fuisse
3081 3705 3094 3740 :
3131 3704 3252 3741 nam
3307 3696 3492 3758 postea

1869 3779 1922 3832 in
1946 3778 2193 3832 Czcsarea
2238 3778 2526 3847 reperitur.
2561 3777 2602 3831 E
2631 3793 2691 3831 re
2713 3787 2891 3830 autem
2930 3778 3111 3847 rapuit
3134 3778 3287 3832 illum
3315 3779 3492 3849 Spiri-

1871 3882 1956 3929 tus
1985 3891 2000 3929 :
2034 3874 2273 3942 alioquin
2304 3883 2547 3942 rogasset
2577 3872 2859 3926 eunuchus
2880 3913 2892 3936 ,
2921 3879 2978 3926 ut
3019 3887 3203 3927 secum
3236 3871 3445 3928 veniret
3476 3893 3490 3929 :

1869 3980 2028 4035 quem
2059 3963 2149 4020 ille
2176 3963 2316 4019 forte
2343 3963 2721 4018 contristasset
2767 3963 3035 4034 negando,
3073 3972 3195 4018 cum
3249 3963 3490 4019 nondum

1873 4066 2082 4126 tempus
2108 4067 2271 4112 esset.
2315 4055 2506 4110 Vidisti
2555 4057 2778 4125 angelos
2832 4066 3190 4123 cooperantes
3241 4058 3495 4128 praedica-

1873 4149 2024 4215 tioni,
2045 4159 2098 4203 et
2117 4149 2262 4218 ipsos
2276 4149 2492 4218 quidem
2519 4165 2623 4202 non
2646 4149 3031 4216 praedicantes;
3057 4149 3151 4204 sed
3179 4150 3276 4203 hos
3296 4165 3464 4205 vocan
3479 4177 3496 4189 ο

1869 4241 1993 4296 tes?
2022 4240 2134 4294 Hoc
2161 4255 2323 4310 porro
2352 4239 2599 4294 mirabile
2634 4238 2758 4293 hinc
2795 4240 3102 4294 ostenditur
3133 4259 3147 4294 :
3177 4241 3318 4310 quod
3345 4247 3490 4296 enim

1870 4348 2050 4387 rarum
2076 4331 2206 4387 olim
2237 4343 2376 4399 erat,
2406 4342 2461 4386 et
2487 4333 2572 4386 vix
2600 4332 2778 4397 ﬁebat,
2811 4332 2899 4388 hic
2923 4333 3033 4402 jam
3086 4334 3392 4404 saepissime
3422 4336 3493 4390 et“

1872 4424 2066 4480 ticitur.
2101 4426 2350 4494 Alioquin
2382 4437 2562 4478 autem
2604 4427 2718 4480 haec
2761 4426 3143 4494 prmnuntiatio
3171 4438 3310 4494 erat,
3343 4431 3487 4500 quod

1872 4517 1948 4571 illi
1996 4516 2560 4588 alienigenasessent
2607 4520 2932 4587 superaturi.
2986 4519 3118 4574 Nam
3153 4521 3490 4577 credentium

1873 4608 1976 4664 ﬁde
2002 4609 2223 4678 dignum
2256 4611 2625 4664 testimonium
2656 4621 2864 4680 poterat
2908 4611 3238 4668 discentibus
3273 4629 3495 4684 persu.-.-

1871 4699 1998 4754 dere
2024 4743 2038 4766 ,
2074 4710 2130 4754 ut
2174 4701 2422 4755 eumdem
2458 4701 2556 4771 ipsi
2607 4702 2780 4756 zelum
2814 4704 3142 4772 arriperent.
3177 4704 3301 4759 ideo
3335 4707 3493 4776 igitur

1871 4791 1979 4845 ibat
2010 4791 2281 4862 gaudens;
2310 4803 2474 4862 atque
2498 4792 2635 4846 adeo
2665 4793 2708 4846 si
2738 4795 3003 4860 scivisset,
3035 4813 3141 4849 non
3161 4798 3230 4851 ita
3260 4798 3496 4853 delecta-

1874 4893 1957 4937 tus
1980 4895 2138 4937 esset.
2163 4883 2298 4952 Quid
2320 4895 2499 4939 autcm
2528 4889 2760 4954 vetabat,
2789 4889 3017 4959 inquies,
3039 4891 3166 4959 quin
3189 4893 3369 4946 omnia
3402 4894 3494 4948 ille

1872 4988 2121 5031 accurate
2147 4977 2400 5042 disceret,
2434 4979 2485 5032 in
2510 4994 2671 5032 curru
2702 4980 2923 5047 sedens,
2959 4983 3301 5058 iiiaximeque
3325 4985 3374 5038 in
3399 4987 3494 5039 dc-

1874 5069 2057 5122 scrto?
2084 5069 2214 5136 Quia
2249 5085 2334 5124 res
2377 5085 2483 5124 non
2512 5082 2631 5125 erat
2672 5071 2736 5125 ad
2788 5076 3228 5129 ostentationem.
3268 5076 3372 5131 Sed
3404 5094 3494 5131 su-

1873 5159 2052 5227 perius
2085 5159 2220 5214 lci-ta
2269 5162 2636 5230 exploremus.
2693 5163 2759 5216 Et
2798 5181 2913 5218 ecce
2950 5169 3023 5218 vir
3053 5166 3301 5236 {Ethiops
3332 5186 3496 5221 tllllll-

1875 5251 2018 5315 chus,
2056 5253 2244 5321 inquit,
2296 5265 2472 5323 potens
2500 5254 2753 5308 Candacis
2781 5258 2972 5326 regina:
2997 5258 3328 5330 zEthiopum.
3360 5261 3495 5318 Hinc

1877 5341 2079 5411 liquet,
2131 5343 2274 5396 illam
2337 5346 2465 5412 ipsis
2515 5347 2831 5415 imperasse.
2877 5349 3010 5403 Nam
3068 5351 3194 5405 olim
3238 5355 3496 5412 mulieres

1878 5436 2235 5505 imperabant,
2265 5448 2319 5492 ct
2349 5438 2460 5492 Incc
2488 5439 2569 5494 lex
2596 5453 2711 5494 erat
2733 5441 2872 5510 apud
2908 5442 3027 5498 illos
3052 5443 3147 5516 (a).
3176 5446 3262 5500 Sic
3291 5451 3497 5504 nescie-

1952 5572 2025 5632 (a)
2051 5570 2144 5642 llic
2168 5578 2303 5642 notat
2340 5573 2592 5642 Douna‘us
2629 5577 2675 5642 in
2700 5575 2808 5623 haec
2832 5578 3002 5629 verba.
3029 5578 3197 5642 strabo
3219 5578 3252 5628 l.
3283 5581 3340 5629 17
3368 5591 3496 5630 (‘an-

1878 5634 2026 5684 daces
2060 5634 2323 5704 μιφὶυδίρρζιηι
2358 5637 2655 5704 νρςιῂηίιξιευυ
2686 5647 2894 5700 .mgusto
2919 5640 3173 5704 meminit,
3200 5655 3348 5701 quam
3374 5643 3498 5696 hanc

1877 5709 1979 5768 esse
2004 5710 2094 5744 non
2113 5698 2209 5746 eii-
2225 5698 2356 5767 timo,
2385 5698 2643 5769 sodalium
2665 5698 2863 5769 sILa-Jupoy.
2895 5709 3038 5769 Reges
3062 5698 3188 5769 enim
3213 5698 3495 5769 reginthne

1881 5763 2100 5829 guinem
2124 5763 2355 5829 regionis
2395 5763 2882 5829 iisdemnominibus
2916 5764 2985 5814 uti
3021 5764 3188 5829 solent.
3223 5763 3423 5819 Ttiritus
3444 5771 3494 5818 in

1888 5820 1993 5888 lita
2029 5820 2254 5891 -_'gricol_ic
2281 5826 2342 5871 de
2370 5824 2616 5891 Britannis
2649 5837 2664 5871 :
2689 5824 2779 5891 llis
2799 5836 2949 5884 atque.
2975 5826 3156 5877 talibus
3185 5830 3397 5879 invicem
3424 5834 3501 5880 in-

1881 5886 2067 5937 stincti,
2095 5886 2297 5954 Blititlit‘a
2341 5888 2549 5954 generis
2589 5887 2715 5947 regii
2758 5889 2940 5936 femina
2964 5891 3091 5938 duce
3130 5894 3145 5950 (
3175 5905 3339 5954 neque
3367 5893 3499 5939 enim

1887 5958 2066 5996 scitum
2093 5950 2139 5995 in
2168 5949 2385 6010 imperiis
2403 5949 2690 5999 discernunt
2717 5954 2732 6012 )
2759 5964 3022 6018 sunqscre,
3046 5949 3497 6006 universibcllum.
