4078 6318
602 403 693 459 151
1371 396 1431 458 5.
1469 394 1744 456 JOANNIS
1779 392 2184 452 (ΣΠΕΥωὸΤο

2301 389 2613 447 ARCHIEP.
2654 388 3191 448 CONS'I'ANTINOP.

600 518 687 575 hat
714 511 991 580 Philippus
1019 524 1123 581 qua
1148 508 1218 566 de
1237 522 1401 566 causa
1428 509 1636 565 veniret
1661 508 1712 562 in
1737 507 2034 569 desertum,
2056 505 2180 575 quia

598 620 708 659 non
748 603 857 672 jam
901 601 1161 672 angelus.
1208 601 1304 655 sed
1344 599 1575 670 Spiritus
1627 598 1799 668 ipsum
1854 598 2011 666 rapit.
2040 595 2183 651 Nihil

595 705 775 751 autem
823 695 1013 748 horum
1058 693 1205 750 videt
1230 693 1528 757 eunuchus,
1571 691 1917 761 imperfectus
1940 704 2063 745 cum
2092 690 2183 755 sit,

600 791 679 847 vel
708 791 869 845 etiam
899 788 1040 860 quod
1070 789 1183 843 bare
1209 803 1314 842 non
1337 786 1402 841 ad
1426 786 1757 856 corporales,
1786 785 1880 841 sed
1917 784 1984 839 ad
2024 784 2185 851 spiri-

598 883 771 937 tuales
802 882 1141 953 pertineant;
1171 895 1347 950 neque
1367 878 1528 934 etiam
1554 878 1712 933 discit
1740 894 1823 942 ea,
1842 892 1961 946 qua:
1991 875 2188 945 Philip-

602 989 701 1044 pus
727 970 1073 1029 educebatur.
1106 971 1175 1026 Et
1202 986 1302 1026 cur
1345 984 1451 1026 non
1479 971 1554 1025 illi
1595 978 1817 1040 apparet
1846 968 2069 1039 angelus
2089 1010 2104 1034 ,
2130 975 2189 1021 ut

596 1063 760 1122 ducat
782 1066 853 1120 ad
883 1064 1225 1134 Philippum?
1275 1064 1409 1132 Quia
1449 1062 1694 1118 fortassis
1717 1076 1824 1116 non
1852 1074 2142 1130 persuasus
2170 1100 2183 1124 ,

596 1161 690 1215 sed
721 1159 899 1230 potius
926 1156 1328 1228 obstupefactus
1349 1156 1557 1212 fuisset.
1596 1156 1724 1212 Vide
1746 1155 1976 1225 Philippi
2009 1154 2185 1224 philo-

595 1251 841 1321 sophiam
867 1267 883 1303 :
914 1265 1020 1305 non
1062 1249 1353 1314 accusavit,
1386 1264 1490 1303 non
1518 1247 1668 1315 dixit,
1701 1246 1940 1318 Ignoras,
1988 1261 2087 1317 ego
2136 1256 2188 1301 te

594 1340 840 1405 docebo;
872 1356 976 1393 non
1000 1339 1154 1405 dixit,
1184 1338 1298 1409 Ego
1325 1339 1441 1394 haec
1465 1339 1712 1394 accurate
1742 1339 1889 1403 scio;
1920 1354 2025 1393 non
2056 1338 2189 1391 adu-

596 1435 735 1489 latus
775 1442 879 1497 cst,
911 1447 1011 1487 nec
1034 1432 1168 1487 dixit
1192 1433 1265 1495 ei.
1297 1432 1490 1487 Beatus
1512 1447 1574 1488 es
1612 1433 1700 1502 qui
1744 1432 1895 1503 legis.
1928 1432 2016 1487 Sic
2036 1444 2090 1488 et
2119 1434 2187 1488 ab

594 1526 812 1581 audacia
834 1535 888 1580 et
916 1527 984 1581 ab
1014 1525 1323 1581 adulatione
1352 1536 1616 1582 remotum
1660 1536 1778 1581 erat
1804 1526 2025 1582 verbum
2049 1543 2063 1589 ;
2090 1526 2184 1581 sed

598 1618 774 1686 potius
794 1633 976 1674 curam
999 1618 1237 1689 gerentis
1254 1628 1366 1673 erat
1391 1625 1446 1673 et
1465 1618 1700 1689 benigni.
1726 1617 2016 1689 Oportebat
2043 1618 2184 1673 enim

598 1704 747 1763 illum
773 1710 1125 1779 interrogare,
1153 1708 1782 1778 oportebatdesiderare.
1814 1710 2058 1764 Declarat
2088 1726 2185 1764 au-

597 1809 703 1854 tem
737 1815 795 1856 se
820 1802 960 1856 scire
986 1802 1158 1871 ipsum
1185 1801 1317 1855 nihil
1351 1817 1527 1866 nosse,
1557 1818 1677 1856 cum
1700 1804 1813 1857 ait:
1848 1800 2074 1855 Putasne
2109 1803 2189 1855 in-

596 1892 781 1963 telligis
805 1908 917 1963 qua:
941 1894 1106 1965 legis?
1134 1894 1401 1964 simulque
1442 1894 1674 1949 insinuat
1700 1910 1947 1966 magnum
1979 1896 2186 1963 reposi-

597 1992 709 2037 tum
734 1997 856 2038 esse
900 1984 1231 2038 thesaurum.

664 2071 719 2127 2.
758 2072 992 2127 Eunuchi
1026 2075 1267 2129 modestia
1304 2084 1351 2129 et
1375 2077 1621 2130 studium.
1641 2076 1826 2133 —Scd
1856 2078 1993 2139 vide,
2022 2094 2184 2147 quant

594 2165 885 2235 prudenter
914 2181 975 2221 se
999 2176 1222 2223 excaset
1248 2171 1525 2224 eunuchus
1552 2188 1565 2224 :
1596 2169 1659 2223 Et
1692 2172 1943 2239 quantodo
1975 2173 2185 2241 possim,

594 2259 691 2312 nisi
712 2260 823 2325 quis
847 2259 1120 2315 ostenderit
1147 2262 1316 2315 mihi?
1355 2260 1471 2316 Non
1503 2264 1741 2333 respexit
1784 2262 2045 2326 habitum,
2079 2280 2184 2320 non

593 2353 732 2407 dixit
761 2370 777 2407 :
807 2353 885 2407 Tu
908 2354 1029 2424 quis
1048 2354 1149 2409 es?
1172 2370 1279 2408 non
1304 2354 1597 2425 redarguit,
1626 2371 1731 2410 non
1763 2368 2077 2427 arroganter
2105 2358 2183 2410 lo-

593 2444 797 2513 quitur,
829 2459 935 2497 non
960 2458 1020 2499 se
1046 2445 1184 2499 scire
1209 2443 1360 2511 dicit,
1389 2446 1481 2500 sed
1507 2446 1753 2515 ignorare
1780 2446 1975 2503 fatetur
1999 2466 2014 2502 :
2039 2448 2186 2502 ideo-

590 2550 696 2605 que
722 2535 900 2589 discit.
928 2535 1181 2590 Monstrat
1211 2536 1400 2590 vulnus
1422 2536 1667 2599 medico;
1694 2539 1841 2592 novit
1872 2540 2041 2608 ipsum
2071 2540 2185 2595 h:cc

591 2627 751 2692 scire,
782 2635 835 2680 et
857 2626 993 2681 velle
1016 2627 1231 2682 docere.
1267 2627 1341 2697 (a)
1375 2628 1515 2683 Vidit
1534 2630 1680 2683 illum
1703 2644 1824 2685 esse
1843 2645 1873 2685 a
1902 2629 2036 2686 fastu
2057 2632 2186 2685 alie-

594 2734 758 2783 num;
792 2733 965 2787 neque
1005 2718 1148 2773 enim
1179 2718 1517 2788 Splendidam
1546 2721 1789 2791 gestabat
1814 2722 2081 2776 vestitum.
2114 2722 2184 2777 lta

590 2818 709 2863 erat
736 2808 975 2862 discendi
1004 2808 1231 2878 cupidus
1256 2819 1311 2865 et
1338 2811 1515 2865 verbis
1542 2812 1798 2878 intentus,
1822 2814 1943 2884 quia
1961 2824 2014 2868 et
2033 2816 2183 2882 illud,

593 2899 694 2964 Qui
714 2900 912 2968 quierit,
939 2899 1126 2953 invenit
1153 2900 1171 2972 (
1200 2899 1385 2954 Matth.
1419 2901 1472 2956 7.
1495 2901 1530 2956 8
1553 2914 1591 2970 ),
1618 2902 1669 2957 in
1698 2902 1814 2973 ipso
1842 2903 2180 2974 ituplcbatur.

592 2989 923 3060 Rogavilque,
959 2991 1148 3059 inquit,
1185 2989 1507 3062 Philippum,
1530 3004 1583 3047 ut
1604 2995 1894 3049 ascenderet
1922 3007 1970 3049 et
1992 2999 2185 3051 sederet

590 3098 780 3134 secum.
805 3081 1055 3137 Vidistin’
1076 3083 1352 3137 studium?
1372 3085 1603 3139 vidistiu‘
1623 3087 1989 3141 desiderium?
2016 3089 2187 3159 Rogat

596 3181 654 3225 ut
676 3172 929 3227 ascendat
955 3184 1007 3227 et
1032 3172 1216 3229 sedeat
1243 3189 1425 3229 secum
1460 3192 1474 3230 :
1502 3177 1580 3231 sic
1611 3179 1901 3243 nesciebat.
1928 3181 2054 3250 quid
2082 3182 2184 3236 sibi

592 3265 831 3320 dicturus
859 3275 1037 3333 esset;
1060 3266 1152 3322 sed
1173 3267 1487 3337 simpliciter
1508 3270 1743 3338 putabat,
1767 3287 1827 3327 se
1850 3272 2183 3342 prophetiam

591 3358 820 3428 aliquam
851 3357 1156 3413 auditurum
1193 3373 1335 3415 esse.
1362 3359 1530 3430 Major
1566 3372 1744 3419 autem
1774 3363 1858 3418 hic
1881 3362 2052 3418 honor
2077 3374 2180 3431 est,

593 3450 738 3518 quod
766 3465 870 3503 non
902 3449 1216 3519 simpliciter
1239 3452 1533 3509 ascendere
1558 3464 1729 3517 curet,
1762 3455 1855 3510 sed
1886 3467 2056 3527 roget.
2080 3458 2183 3510 Ac-

594 3556 800 3594 currens
827 3548 993 3594 autent
1014 3539 1290 3611 Philippus
1316 3544 1507 3597 audivit
1544 3561 1656 3598 eum
1683 3546 1945 3615 legentem.
1986 3547 2185 3604 Cursus

594 3635 845 3706 loquendi
893 3635 1145 3707 cupidum
1190 3635 1409 3700 indicat,
1456 3638 1615 3693 lectio
1640 3639 1799 3695 studii
1843 3641 2051 3711 signum
2078 3652 2181 3697 est.

592 3727 690 3783 lllo
718 3730 858 3783 enim
888 3738 1126 3799 tempore
1150 3728 1377 3799 legebat,
1412 3744 1516 3800 quo
1541 3731 1713 3801 major
1740 3741 1823 3789 est
1849 3732 1979 3787 solis
1999 3746 2178 3789 a-stus.

598 3820 770 3875 Locus
794 3830 970 3874 autem
1002 3820 1088 3875 hic
1117 3832 1233 3876 erat
1254 3840 1267 3876 :
1287 3820 1563 3877 Sicut’ovis
1588 3824 1656 3877 ad
1680 3825 1979 3880 occisionem
2005 3829 2185 3882 ductus

593 3922 687 3968 est.
714 3912 781 3968 Et
809 3912 910 3967 hoc
937 3912 1078 3967 illius
1098 3912 1337 3969 discendi
1367 3915 1673 3985 cupiditatis
1688 3917 1894 3989 signum
1913 3928 2017 3984 est,
2042 3919 2185 3989 quod

597 4006 913 4077 prophetam
952 4005 1102 4061 illum
1134 4006 1255 4061 aliis
1284 4008 1646 4063 sublimiorem
1676 4025 1785 4080 prae
1815 4012 2062 4066 manibus
2089 4014 2183 4066 ha-

598 4099 792 4155 buerit.
818 4097 943 4154 Ideo
960 4113 1065 4153 non
1090 4113 1209 4153 cum
1236 4099 1568 4155 vehementia
1592 4101 1667 4156 illi
1691 4112 1891 4170 narrat,
1918 4103 2011 4157 sed
2031 4120 2183 4158 man.

595 4201 780 4254 sucte;
810 4190 919 4245 luto
942 4204 1039 4245 nec
1060 4191 1205 4260 prius
1231 4192 1485 4263 loquitur,
1513 4210 1670 4264 quam
1696 4195 2049 4266 interrogatus
2072 4200 2179 4253 fue-

597 4285 687 4348 rit,
740 4282 913 4338 donec
949 4284 1037 4338 ille
1068 4284 1351 4353 rogaverit.
1378 4284 1448 4341 Ut
1474 4296 1527 4341 et
1573 4285 1698 4340 illud
1745 4288 1949 4343 iterum
1986 4289 2186 4345 faciens

595 4377 672 4429 ait
711 4394 723 4428 :
756 4375 973 4429 Obsecro
1018 4385 1092 4441 te,
1127 4376 1189 4429 de
1227 4393 1326 4445 quo
1357 4380 1602 4446 prapheta
1630 4381 1753 4433 dicit
1798 4382 1935 4434 hoc?
1967 4381 2187 4437 Videtur

598 4467 726 4520 mihi
751 4467 1038 4522 nescivisse
1059 4467 1228 4535 illam,
1256 4469 1397 4540 quod
1427 4469 1699 4539 propheta:
1727 4472 1796 4526 de
1814 4473 1932 4527 aliis
1958 4475 2185 4543 loquan-

598 4568 717 4625 tur;
744 4560 825 4614 vel
854 4562 899 4615 si
932 4574 1036 4614 non
1065 4561 1185 4624 hoc,
1216 4561 1356 4630 qttod
1384 4562 1451 4616 de
1478 4562 1668 4633 seipsis
1696 4563 1977 4635 loquantur
2003 4568 2053 4621 in
2082 4570 2183 4623 alia

600 4665 849 4720 persona.
889 4650 1280 4704 Erubescamus
1308 4662 1361 4705 et
1411 4668 1672 4722 pauperes
1698 4664 1752 4709 et
1781 4655 1973 4712 divites
1999 4660 2065 4713 de
2093 4660 2185 4715 illo

596 4741 877 4812 penuario.
908 4742 1101 4795 Deinde
1123 4755 1360 4797 venerunt
1386 4746 1454 4798 ad
1477 4747 1750 4815 quamdam
1776 4764 1983 4815 aquam,
2016 4762 2063 4804 et
2092 4754 2184 4819 ait,

603 4832 731 4886 Ecce
750 4850 900 4902 aqua.
930 4836 1051 4888 llaec
1082 4836 1233 4890 valde
1258 4835 1509 4891 ferventis
1530 4837 1721 4893 anima:
1743 4849 1887 4895 sunt.
1916 4842 2050 4907 Quid
2072 4862 2187 4909 pro-

600 4924 732 4976 hibet
756 4940 831 4977 me
857 4924 1103 4993 baptizari
1121 4928 1145 4979 .’
1166 4926 1347 4980 Videu‘
1368 4930 1485 4995 ejus
1510 4929 1875 4986 desiderium?
1904 4933 2018 4989 Non
2034 4936 2184 5003 dicit,

601 5015 812 5084 Baptiza
846 5032 963 5079 me;
994 5032 1167 5086 neque
1195 5028 1351 5084 tacet,
1374 5022 1467 5075 sed
1496 5023 1726 5077 medium
1750 5027 2021 5095 quidpiam
2048 5030 2187 5084 inter

596 5106 920 5162 desiderium
948 5116 1003 5160 et
1022 5113 1380 5164 reverentiam
1409 5112 1662 5183 loquitur.
1695 5115 1832 5179 Quid
1862 5119 2087 5187 prohibet
2108 5138 2185 5175 me

594 5200 845 5268 baptizari
864 5202 890 5254 .’
921 5200 1052 5255 Vide
1072 5244 1086 5266 ,
1118 5204 1386 5273 quomodo
1409 5205 1653 5262 absoluta
1685 5209 1931 5280 dogmata
1961 5212 2181 5269 habuit:

599 5309 721 5345 nam
751 5293 1011 5363 propheta
1038 5294 1215 5349 omnia
1239 5298 1565 5364 continebat,
1592 5300 2035 5371 incarnationem,
2060 5320 2187 5374 pas-

604 5458 953 5532 Doqttjca
982 5460 1286 5532 est,_opint_)r,
1313 5478 1459 5532 quam
1488 5468 1527 5516 Χ
1534 5465 1653 5529 iphil
1662 5466 1767 5519 inus
1791 5470 2079 5531 Βονδουίκην
2108 5471 2182 5525 in-

599 5522 793 5595 (ligilut.
814 5522 1140 5595 pscarin
1159 5539 1177 5595 ς
1200 5522 1472 5595 Ἰστέῥνρτι
1488 5522 1737 5595 Κᾲάνδᾴκην
1763 5532 1981 5589 Αἰθίοπες
1999 5522 2179 5595 adadv,

599 5582 685 5653 11):.
705 5582 788 5659 1:05
808 5586 1039 5657 βᾳσιλέως
1059 5589 1238 5659 εις-(πέρᾳ
1257 5587 1500 5659 ualebant,
1516 5592 1675 5659 ξπεξςεῂ
1699 5582 1879 5656 naveset
1898 5600 1941 5644 oi

600 5650 686 5719 oua
714 5650 1044 5719 ᾁνέιφέρουᾳιγ,
1071 5650 1173 5696 ἀλλ’
1194 5653 1257 5719 ᾡς
1278 5652 1415 5719 ὄντας
1438 5654 1565 5707 υἱοὺς
1588 5655 1724 5709 ἡλίου
1740 5650 2080 5719 ’παραόιδόασμ

620 5765 632 5775 ε
660 5706 737 5775 (a)
766 5706 1039 5775 Sequenti:
1064 5723 1173 5775 eum
1209 5710 1498 5775 ingentibus
1523 5706 1845 5765 varietatibus
1880 5721 2027 5767 ellert
2053 5735 2180 5769 unus

599 5765 932 5844 (2998—3,_t]tla8
949 5770 997 5844 si
1026 5772 1203 5844 afferre
1240 5765 1506 5834 vcllemus,
1530 5778 1695 5828 omnia
1720 5765 2024 5831 exscribere
2039 5765 2179 5844 [ir—or:

602 5841 684 5874 sus
711 5842 915 5877 necesse
941 5838 1093 5880 esset.

3777 396 3880 451 I59

2291 505 2519 563 sionem,
2549 502 3023 569 resurrectionem,
3054 503 3501 575 assumptionem,
3529 505 3767 561 futurum
3802 508 3887 579 ju-

2290 593 2486 647 dicium
2515 611 2528 646 :
2556 609 2676 664 qua:
2700 592 2798 664 ipsi
2830 609 3080 661 magnum
3107 594 3346 650 indidere
3366 595 3715 652 desiderium.
3750 599 3890 654 Eru-

2293 686 2490 741 bescite
2514 696 2778 757 quotquot
2818 687 3054 743 nondum
3094 689 3373 744 illuminati
3416 691 3569 745 estis.
3598 688 3665 745 Et
3694 692 3889 763 jussit,

2294 779 2483 849 inquit,
2513 790 2649 834 stare
2686 796 2912 843 currunt.
2954 780 3123 836 Simul
3152 780 3287 837 dixit
3315 793 3369 838 et
3394 783 3703 852 imperavit,
3734 794 3887 840 ante!

2291 887 2451 939 quam
2479 868 2854 927 audiret.Cum
2875 879 3044 925 autent
3069 874 3416 927 ascendth
3440 874 3505 927 de
3529 890 3684 945 aqua,
3714 875 3892 945 Spiri-

2294 972 2374 1016 tus
2402 960 2609 1016 Domini
2638 963 2807 1031 rapuit
2837 960 3164 1033 Philippum.
3193 962 3337 1019 Bene
3384 982 3397 1017 :
3434 974 3492 1019 ut
3516 966 3895 1021 ostenderetur

2293 1054 2529 1107 divinam
2561 1052 2724 1108 fuisse
2752 1069 2864 1107 rem
2895 1066 3094 1120 actam,
3135 1062 3193 1109 et
3239 1070 3308 1109 ne
3355 1065 3567 1124 putaret
3616 1054 3893 1111 hominum

2293 1161 2413 1200 esse
2436 1147 2729 1215 vulgarem.
2758 1144 2823 1199 Et
2845 1146 2971 1212 ibat,
3002 1146 3194 1215 inquit,
3215 1162 3303 1214 per
3322 1146 3453 1200 viam
3474 1162 3621 1197 suam
3642 1146 3871 1217 gaudens

2295 1237 2407 1294 Hoc
2431 1239 2582 1305 dicit,
2627 1238 2919 1294 ostendens
2959 1240 3132 1309 ipsum
3182 1254 3323 1310 a‘gre
3370 1240 3603 1295 laturum
3631 1240 3815 1309 fuisse,
3851 1252 3900 1304 si

2294 1331 2538 1385 scivisset
2567 1348 2579 1383 :
2612 1332 2690 1387 sic
2714 1348 2779 1387 ex
2805 1334 2972 1387 multo
3006 1332 3221 1403 gaudio,
3262 1332 3364 1388 etsi
3393 1332 3597 1404 Spiritu
3621 1332 3897 1405 dignatus,

2294 1424 2576 1493 praesentia
2598 1438 2701 1477 non
2722 1410 2954 1479 videbat.
2982 1424 3046 1477 Et
3064 1425 3295 1478 inventus
3307 1434 3399 1489 est,
3423 1425 3614 1494 inquit,
3633 1425 3685 1478 in
3708 1425 3895 1484 Λιοιο.

2296 1516 2513 1570 Multum
2545 1516 2670 1571 hinc
2698 1514 2974 1585 Philippus
2992 1514 3231 1569 lucratus
3250 1526 3354 1569 est.
3379 1513 3512 1569 Nam
3538 1514 3681 1585 quod
3705 1514 3897 1570 audie-

2295 1616 2378 1660 rat
2396 1606 2463 1661 de
2491 1606 2786 1677 prophetis,
2813 1606 2879 1660 de
2903 1606 3137 1671 Abacuc,
3180 1615 3249 1661 de
3280 1606 3561 1661 Ezechiele
3590 1616 3645 1661 et
3673 1606 3817 1671 aliis,
3843 1607 3900 1661 in

2294 1712 2353 1752 se
2395 1699 2586 1751 factum
2642 1696 2806 1761 vidit,
2859 1698 2945 1767 qui
3001 1699 3051 1751 in
3094 1697 3614 1753 tttomcnto’multam
3642 1705 3902 1752 emensus

2296 1793 2433 1845 viam
2479 1791 2804 1856 ostenditur,
2850 1790 3113 1860 siquidem
3157 1792 3208 1844 in
3239 1795 3408 1845 Azoto
3436 1791 3685 1845 inventus
3710 1802 3815 1857 est,
3843 1802 3904 1846 et

2295 1882 2403 1935 illic
2428 1881 2644 1937 demum
2672 1891 2792 1946 stat,
2815 1882 2900 1935 ubi
2923 1882 3288 1953 evangelizare
3306 1881 3609 1952 oportebat.
3648 1880 3897 1952 (Cap.9-)

2295 1976 2344 2027 i.
2383 1973 2575 2029 Saulus
2600 1982 2768 2026 autent
2792 1973 2961 2027 adhuc
2990 1975 3194 2040 spirans
3245 1974 3499 2026 minarum
3549 1983 3593 2027 et
3635 1974 3792 2026 credis
3841 1974 3900 2025 in

2292 2067 2567 2136 discipulos
2613 2064 2841 2133 Domini,
2887 2066 3093 2118 accessit
3118 2064 3187 2118 ad
3238 2064 3523 2134 principem
3552 2064 3900 2126 sacerdotum,

2291 2157 2348 2211 2.
2376 2168 2422 2211 et
2446 2158 2589 2228 petiit
2615 2157 2678 2209 ab
2704 2173 2763 2211 eo
2786 2157 3025 2226 epistolas
3051 2157 3103 2209 in
3128 2154 3439 2209 Dmnascum
3467 2154 3536 2208 ad
3559 2170 3848 2225 synagogas
3883 2168 3902 2206 :

2292 2259 2349 2302 ut
2376 2249 2420 2302 si
2443 2266 2568 2319 quos
2590 2249 2856 2303 invenisset
2888 2249 3041 2319 hujus
3061 2249 3153 2302 via:
3177 2248 3309 2302 viros
3336 2264 3397 2301 ac
3424 2248 3678 2311 mulieres,
3704 2248 3905 2301 vinctos

2295 2342 2589 2409 perduceret
2644 2344 2698 2394 in
2736 2339 3041 2394 Jerusalem.
3086 2340 3401 2411 Opportune
3430 2340 3576 2395 Pauli
3610 2341 3784 2395 zelum
3812 2341 3905 2396 hic

2294 2432 2517 2497 inducit,
2551 2440 2610 2486 ut
2639 2432 2786 2486 illum
2812 2431 2993 2486 medio
3018 2432 3135 2485 zelo
3182 2442 3410 2485 tractum
3446 2432 3698 2486 ostendat
3748 2433 3902 2485 Non-

2290 2527 2416 2580 dum
2436 2526 2580 2581 enim
2598 2529 2821 2581 satiatus
2839 2540 2969 2582 nece
2988 2522 3268 2596 Stephani,
3286 2538 3458 2595 neque
3483 2526 3903 2595 persequutioue

2291 2634 2354 2671 ac
2384 2618 2720 2687 dispersione
2744 2618 3019 2682 Ecclesiae,
3059 2616 3269 2671 accedit
3294 2616 3358 2671 ad
3387 2616 3685 2687 principem
3713 2631 3903 2671 sacer-

2292 2710 2499 2763 dotttttt.
2522 2708 2619 2763 Hic
2641 2709 2891 2779 impletur
2918 2707 2968 2762 id
2986 2707 3127 2777 quod
3145 2705 3395 2762 Christus
3416 2706 3694 2777 discipulis
3720 2706 3859 2761 dixit
3884 2724 3899 2761 :

2304 2798 2448 2854 Venit
2476 2802 2627 2865 hora,
2654 2811 2707 2854 ut
2728 2801 2894 2853 omnis
2920 2801 3005 2867 qui
3023 2798 3263 2868 interﬁcit
3291 2814 3396 2861 vos,
3429 2799 3703 2851 arbitretur
3724 2814 3778 2851 se
3802 2798 3900 2852 ob-

2289 2892 2519 2961 sequium
2562 2901 2807 2962 prcstare
2836 2888 2947 2944 Deo
2986 2888 3180 2958 (Joan.
3233 2890 3319 2944 lli.
3354 2886 3448 2961 2).
3496 2888 3593 2943 llic
3622 2888 3782 2958 igitur
3818 2890 3903 2945 sic

2289 2982 2555 3043 faciebat;
2586 2997 2691 3035 non
2722 2990 2780 3034 ut
2804 2980 2997 3047 Judaei,
3032 2981 3191 3037 absit.
3221 2980 3375 3046 Quod
3402 2981 3545 3035 enim
3592 2997 3656 3035 ex
3686 2982 3807 3035 zelo
3844 2981 3900 3036 id

2290 3072 2510 3137 faceret,
2539 3071 2664 3127 hinc
2693 3073 2865 3143 palam
2886 3081 2990 3139 est,
3019 3070 3161 3142 quod
3185 3070 3253 3126 ad
3281 3081 3497 3127 exteras
3519 3071 3765 3126 civitates
3792 3072 3900 3129 mi-

2291 3174 2488 3234 graret.
2521 3164 2629 3219 Illis
2658 3180 2787 3219 vero
2816 3180 2988 3235 neque
3014 3180 3099 3228 ea,
3122 3181 3242 3235 qua:
3270 3164 3624 3235 Jerosolymis
3671 3164 3898 3232 fiebant,

2291 3273 2435 3312 cura:
2460 3266 2635 3322 erant,
2662 3258 2755 3313 sed
2783 3273 2945 3312 unum
2972 3258 3317 3313 sectabantur
3343 3258 3629 3314 honorem.
3654 3257 3765 3311 Cur
3794 3273 3897 3312 au-

2291 3361 2396 3406 tem
2429 3352 2744 3406 Damascum
2793 3351 2963 3405 adiit?
2989 3351 3172 3421 Magna
3200 3352 3389 3405 civitas
3418 3358 3539 3405 erat
3580 3360 3635 3406 et
3691 3351 3835 3421 regia
3874 3368 3892 3405 :

2293 3442 2512 3498 timebat
2542 3458 2610 3497 ne
2638 3442 2725 3497 illa
2754 3458 2966 3512 quoque
2998 3454 3487 3512 prreoccuparetur.
3542 3440 3609 3495 Et
3636 3441 3757 3495 vide
3782 3450 3901 3496 stu-

2291 3534 2437 3588 dium
2478 3536 2595 3603 cjus
2632 3535 3012 3603 ardoremque,
3062 3549 3124 3589 ac
3174 3549 3333 3603 quam
3379 3533 3672 3589 secundum
3720 3535 3897 3605 legem

2290 3641 2431 3698 agat.
2453 3628 2571 3683 Non
2594 3630 2705 3682 adit
2734 3628 3067 3698 praefectum,
3087 3628 3179 3683 sed
3203 3626 3501 3698 principem
3525 3627 3894 3683 sacerdotum.

2292 3720 2426 3775 Petit
2447 3720 2511 3775 ab
2531 3723 2642 3792 ipso
2662 3720 2923 3789 epistolas,
2954 3731 3008 3773 ut
3044 3721 3087 3772 si
3119 3736 3243 3785 quos
3289 3718 3531 3772 inveniret
3578 3719 3733 3790 hujus
3777 3720 3897 3773 vim.

2292 3813 2443 3867 Viam
2475 3825 2626 3869 vocat
2652 3812 2954 3877 credentes,
2985 3815 3077 3882 qui
3105 3813 3183 3866 sic
3201 3814 3269 3866 ab
3294 3813 3545 3866 omnibus
3579 3822 3701 3866 tunc
3729 3828 3898 3868 voea-

2293 3906 2504 3969 bantur,
2540 3906 2677 3959 forte
2714 3906 2837 3975 quia
2871 3905 3008 3958 viam
3041 3906 3108 3958 ad
3138 3907 3330 3959 eadunt
3375 3906 3682 3961 tendentem
3713 3918 3898 3964 sectu-

2295 3996 2508 4051 bautur.
2542 3998 2650 4051 Cur
2676 4006 2995 4065 potestatem
3032 4013 3137 4050 non
3179 3998 3375 4067 accipit
3406 3998 3525 4051 illos
3562 3998 3760 4054 ibidem
3792 4017 3898 4071 pu-

2294 4087 2508 4154 niendi,
2574 4088 2668 4142 sed
2724 4088 3116 4159 Jerosolymam
3167 4090 3353 4143 ducit?
3404 4090 3470 4146 Ut
3524 4106 3647 4145 cum
3704 4094 3899 4163 majori

2292 4188 2555 4249 potestate
2610 4179 2718 4234 illic
2765 4181 3089 4249 supplicium
3138 4181 3489 4250 iulligerctur.
3550 4184 3614 4236 Et
3663 4186 3809 4251 vide,
3842 4188 3897 4240 in

2292 4282 2551 4341 quantum
2580 4288 2638 4326 se
2682 4272 2975 4341 periculum
3008 4273 3292 4339 conjiciat;
3339 4284 3573 4328 attamen
3602 4279 3679 4330 sic
3719 4278 3899 4344 timet,

2294 4376 2361 4416 ne
2382 4362 2505 4431 quid
2534 4363 2635 4416 sibi
2668 4362 2792 4415 mali
2820 4362 3047 4415 accidat.
3075 4362 3196 4416 Ideo
3218 4380 3345 4433 ergo
3372 4368 3506 4420 alios
3526 4381 3707 4421 secum
3737 4384 3899 4425 assu-

2294 4454 2412 4518 tnit,
2446 4452 2584 4508 forte
2613 4469 2721 4523 prtc
2758 4464 2903 4509 metu
2939 4472 2951 4509 :
2983 4455 3064 4508 vel
3094 4457 3218 4526 quia
3272 4468 3460 4511 contra
3518 4461 3714 4513 multos
3761 4464 3899 4528 ibat,

2295 4550 2489 4602 multos
2518 4549 2727 4617 accipit,
2760 4557 2815 4602 ut
2835 4550 3111 4614 audacius,
3144 4551 3205 4604 Si
3241 4568 3368 4621 quos
3401 4554 3649 4607 inveniret
3674 4556 3812 4609 viros
3834 4574 3902 4611 ac

2294 4639 2552 4704 mulieres,
2576 4642 2765 4693 vinctos
2794 4640 3085 4710 perduceret
3105 4643 3158 4693 in
3188 4641 3494 4697 Jerusalem.
3524 4645 3771 4715 Alioquin
3801 4664 3903 4701 au-

2294 4741 2398 4784 tem
2451 4731 2563 4800 ipse
2604 4747 2697 4800 per
2727 4732 2864 4785 viam
2912 4734 3198 4786 ostendere
3256 4734 3317 4786 iis
3368 4736 3620 4789 omnibus
3647 4738 3896 4804 volebat,

2295 4834 2464 4877 totum
2488 4825 2555 4879 ab
2584 4839 2643 4879 se
2665 4825 2928 4894 proficisci
2958 4844 2971 4877 :
2996 4827 3063 4889 ita
3115 4825 3187 4878 il“
3221 4827 3351 4880 nihil
3380 4828 3481 4882 hoc
3510 4829 3791 4883 curabant.
3832 4833 3900 4887 [ut

2293 4915 2413 4969 vide
2443 4916 2590 4969 illum
2613 4916 2841 4970 antehac
2862 4915 2913 4969 in
2933 4930 3201 4969 carcerem
3226 4919 3621 4987 conjicieutcm.
3638 4919 3711 4974 Illi
3732 4921 3902 4990 igitur

2295 5024 2399 5062 non
2424 5008 2688 5071 valebant,
2726 5009 2809 5061 hic
2834 5022 2962 5061 vero
2987 5023 3094 5077 pra:
3118 5007 3329 5063 fervore
3355 5022 3585 5080 poterat.
3618 5013 3669 5065 5.
3692 5011 3758 5067 Et
3776 5030 3899 5068 cum

2294 5102 2389 5154 iter
2429 5099 2652 5170 faceret,
2683 5100 2890 5169 contigit
2922 5110 2975 5152 ut
3028 5103 3461 5171 appropinquaret
3512 5103 3762 5157 Dauch
3798 5123 3815 5159 :
3846 5119 3897 5161 et

2292 5196 2454 5250 subito
2487 5196 2825 5265 circumfulsit
2852 5212 2964 5247 enm
3013 5196 3103 5249 lux
3132 5198 3193 5249 de
3220 5197 3382 5261 ca'lo;
3429 5198 3484 5251 4.
3518 5208 3565 5251 et
3608 5199 3794 5253 cadens
3839 5200 3899 5253 in

2294 5295 2479 5339 terram
2510 5286 2701 5338 audivit
2731 5301 2897 5340 vocem
2919 5286 3165 5340 dicentem
3188 5286 3283 5341 sibi
3306 5303 3325 5340 :
3355 5287 3534 5353 Saule,
3560 5288 3739 5354 Saule,
3766 5292 3898 5360 quid

2293 5396 2373 5432 me
2422 5380 2772 5449 persequeris?

2369 5472 2421 5525 5.
2465 5473 2574 5526 Cur
2615 5486 2719 5524 non
2752 5470 3102 5542 Jerosolymis
3131 5473 3154 5525 ἲ
3184 5486 3282 5525 cur
3313 5487 3418 5526 non
3452 5472 3695 5528 Damasci
3730 5476 3781 5528 id
3818 5476 3899 5530 fa-

2293 5574 2436 5617 ctum
2480 5575 2565 5618 est
2586 5564 2609 5615 ’ἰ
2642 5563 2708 5617 Ut
2754 5581 2856 5618 non
2890 5574 3111 5635 possent
3152 5565 3239 5618 alii
3274 5566 3403 5620 illud
3435 5568 3592 5622 aliter
3621 5583 3898 5636 narrare;

2294 5667 2347 5711 et
2390 5664 2447 5709 ut
2485 5657 2620 5725 ipse,
2672 5656 2759 5724 qui
2796 5657 2880 5710 illa
2922 5657 2991 5711 de
3021 5671 3181 5713 causa
3215 5658 3457 5724 abierat,
3491 5660 3761 5713 narrando
3791 5660 3903 5718 fide

2295 5748 2490 5817 dignus
2522 5758 2688 5801 esset.
2739 5749 2849 5803 lloc
2893 5765 3023 5818 ergo
3052 5750 3214 5815 dicit,
3260 5766 3380 5803 cum
3427 5750 3567 5819 apud
3600 5752 3897 5822 Agrippam

2297 5857 2419 5897 sese
2463 5841 2723 5897 defendit.
2753 5842 2982 5898 Laborat
3013 5853 3190 5898 autem
3222 5844 3414 5911 oculis,
3460 5845 3579 5914 quia
3605 5846 3770 5900 nimia
3803 5846 3894 5903 ius
