4078 6318
510 439 616 494 455

501 547 676 620 ϐολὴι
709 546 803 602 τοῦ
846 547 1025 616 φωτὸς
1076 546 1331 620 πλήττειν
1362 548 1548 604 εῐωθε·
1592 548 1768 620 μέτρα
1820 548 1927 620 γάρ
1953 546 2166 617 ἔχουσιν

498 637 551 691 οι
588 635 873 715 ὀφθαλμοί.
907 637 1142 706 Λέγεται
1167 636 1223 691 δὲ
1260 638 1355 692 καὶ
1392 637 1575 707 φωνῆς
1625 636 1897 707 ὑπερϐολὴ
1947 636 2162 704 κωφοὺς

499 728 672 779 ποιεῖν
718 727 812 781 καὶ
869 725 1213 795 ἀποπλῖπας.
1252 727 1411 780 Ἀλλά
1442 724 1628 779 τοῦτον
1670 726 1827 796 μόνον
1882 725 2158 795 ἐπήρωσε,

498 813 595 866 καὶ
645 814 866 867 ἔσϐεσεν
910 814 1075 867 αὑτοῦ
1124 815 1218 869 τὸν
1268 814 1435 885 θυμὸν
1500 814 1577 884 τῷ
1624 814 1793 885 φόϐῳ,
1819 813 1962 866 ὥστε
2001 812 2161 865 αὑτὸν

497 902 725 955 ἀκοῦσαι
778 900 848 955 τά
908 901 1194 973 λεγόμενα.
1223 902 1443 963 Σαοὺλ,
1499 902 1719 966 Σαοὺλ,
1774 903 1926 972 φησι,
1981 901 2040 953 τί
2084 918 2163 969 με

493 987 761 1054 (Subitam;
806 989 882 1042 Οὐ
935 989 1087 1059 λέγει
1147 989 1319 1059 αὐτῷ,
1384 990 1715 1053 Πίστευσον,
1759 988 1879 1042 οὐδὲ
1934 988 2061 1041 ἀλλο
2105 1006 2160 1041 τι

494 1076 732 1135 τοιοῦτον
791 1077 966 1141 οὐδὲν,
1026 1078 1143 1132 ἀλλ’
1196 1078 1437 1147 ἐγκαλεῖ.
1484 1077 1781 1148 Μονονουχὶ
1841 1075 1951 1147 γὰρ
2000 1076 2160 1130 τοῦτό

495 1182 646 1233 φησι,
689 1166 756 1219 δι’
796 1160 871 1220 ὧν
916 1166 1157 1234 ἐγκαλεῖ’
1192 1166 1257 1219 Τί
1314 1167 1442 1238 παρ’
1469 1166 1496 1207 δ
1546 1165 1680 1238 ἐμοῦ
1725 1171 1867 1237 μέγα
1898 1165 1931 1236 ή
1963 1165 2159 1236 μικρὸν

489 1252 818 1324 ἠδικημένος
861 1254 1036 1308 ταῦτα
1101 1258 1303 1318 ποιεῖς;
1338 1253 1487 1309 Εἷπε
1544 1254 1643 1309 δέ·
1675 1256 1769 1321 Τίς
1807 1251 1892 1318 εἷ,
1946 1256 2157 1323 Κύριεξ

484 1339 641 1405 Τέως
664 1342 1013 1413 ὡμολόγησεν
1045 1344 1238 1397 ἑαυτὸν
1267 1343 1472 1397 δοῦλον.
1514 1343 1571 1398 ’0
1598 1344 1653 1397 δὲ
1701 1343 1905 1414 Κύριος
1980 1341 2154 1395 είπενυ

502 1428 646 1497 Ἐγώ
668 1432 783 1499 aly:
822 1428 1086 1499 Ἰησοῦς,
1115 1431 1187 1485 δν
1213 1430 1295 1485 σὺ
1346 1420 1603 1497 διώκεις-ἴ
1643 1430 1785 1483 Ὧσεὶ
1836 1430 1990 1499 ἔλεγε
2016 1445 2028 1459 ⁸
2064 1430 2155 1501 Μὴ

487 1518 714 1589 νομίσῃς
743 1518 879 1590 πρὸς
918 1512 1237 1591 ἀνθρώπους
1257 1514 1399 1581 εἶναί
1427 1536 1509 1574 σοι
1542 1519 1634 1572 τὸν
1686 1518 1941 1588 πόλεμον.
1995 1522 2057 1573 Οί
2097 1518 2154 1573 δὲ

491 1606 739 1669 συνόντες
768 1605 936 1677 αὐτῷ,
986 1606 1084 1679 τὴν
1116 1608 1301 1677 φωνήν
1362 1607 1464 1678 μὲν
1500 1605 1594 1660 τοῦ
1631 1607 1844 1661 Παύλου
1892 1608 2152 1679 ἥκουσαν,

489 1697 677 1751 οὐδένα
742 1696 798 1749 δὲ
862 1695 1161 1768 ἐθεώρουν,
1215 1696 1350 1768 πρὸς
1393 1696 1453 1749 ὃν
1491 1695 1843 1765 ἀπεκρίνατο.
1882 1696 2151 1761 Εἰκότωςο

485 1784 594 1836 τῶν
622 1784 728 1853 γάρ
762 1783 1063 1837 ἐλαττόνων
1095 1783 1291 1845 αὐτοὺς
1315 1782 1571 1854 ἐποίησεν
1599 1782 1895 1855 ἀκροατάς.
1942 1782 2006 1836 Εί
2043 1783 2151 1853 γάρ

481 1870 583 1939 τῆς
626 1872 808 1941 φωνῆς
868 1871 1107 1942 ἥκουσαν
1178 1870 1413 1942 ἐκείνης,
1474 1869 1578 1924 κᾶν
1612 1870 2062 1940 ἠπίστησαν-τὸν
2095 1871 2151 1923 δὲ

396 1980 399 1983 ·
480 1956 697 2009 Παῦλον
750 1956 989 2027 δρῶντες
1057 1958 1523 2028 ἀποκρινόμενον,
1588 1956 1916 2028 ἐθαύμαζον.
1992 1956 2151 2011 ’Λλλά

492 2044 818 2113 Ἇνάστηθι,
854 2044 950 2098 καί
983 2044 1225 2099 είσελθε
1245 2047 1333 2111 είς
1391 2043 1505 2114 τὴν
1546 2046 1747 2106 πόλιν.
1806 2044 1905 2098 καὶ
1964 2048 2149 2113 λαλη-

477 2133 728 2200 θήσεταί
755 2149 874 2197 σι.,
904 2133 961 2186 τί
982 2148 1056 2187 σε
1079 2132 1175 2186 ὕει’
1207 2133 1419 2187 ποιεῖν.
1456 2134 1618 2203 Ὅρα,
1653 2134 1769 2197 πῶς
1802 2135 1901 2187 οὐκ
1951 2134 2150 2199 εὐθέως

479 2221 656 2274 πάντα
713 2219 861 2283 αὐτῷ
910 2220 1320 2287 ἀποκαλύπτει,
1376 2220 1513 2276 άλλά
1567 2222 1726 2292 μόνον
1775 2221 2149 2293 προμαλάττει

477 2308 641 2363 αυτοῦ
697 2310 798 2381 τήν
851 2310 1108 2375 διάνοιαν,
1150 2310 1246 2363 καὶ
1276 2310 1344 2363 δι’
1379 2302 1454 2365 ὧν
1493 2308 1922 2381 παρακελεύεται
1973 2312 2147 2362 ποιεῖν

477 2398 658 2463 ς’τὺν,
709 2398 1090 2470 παραχρῆμαο
1144 2398 1358 2451 δίδωσιν
1406 2398 1555 2467 αύτῷ
1605 2397 1847 2468 χρηστὰς
1901 2397 2143 2460 ἐλπίδας,

474 2502 509 2540 κ
542 2488 568 2539 δι
607 2488 687 2539 ὅτι
746 2486 1057 2554 ἀναϐλέψει.
1109 2488 1173 2539 Ol
1226 2483 1293 2541 δὲ
1346 2484 1563 2553 ἄνδρες
1596 2488 1652 2538 οἱ
1707 2484 2145 2553 συνοδεύοντες

471 2592 492 2626 ι
532 2573 654 2639 πῷ,
678 2573 1069 2641 είστήκεισαν
1105 2572 1324 2638 ἐννεοί,
1354 2572 1679 2637 ἀκούοντες
1726 2572 1843 2641 μὲν
1875 2571 1984 2642 τῆς
2008 2590 2145 2640 σφω-

469 2678 494 2716 ν
522 2660 606 2729 ῆς,
632 2661 863 2731 μηδένα
901 2660 970 2714 δὲ
1022 2661 1401 2730 θεωροῦντες.
1443 2660 1688 2729 Ἠγέρθη
1727 2659 1795 2713 δὲ
1842 2664 1875 2715 ὀ
1912 2660 2145 2728 Σαῦλος

472 2752 589 2804 ἀπὸ
623 2749 735 2819 γῆς
760 2749 890 2819 τῆς,
923 2750 1313 2820 ἀνεῳγμένων
1341 2766 1407 2804 τε
1436 2746 1557 2803 τῶν
1583 2747 1909 2825 ὀφθαλμῶν
1933 2750 2140 2814 αὑτοῦ,

468 2837 689 2915 οὐδένα
736 2825 971 2891 ἔϐλεπε.
1017 2837 1524 2907 Χριραγωγοῦντες
1568 2836 1637 2890 δὲ
1673 2837 1860 2891 αὐτὸν
1906 2836 2145 2907 amfra-

470 2944 580 2995 γον
604 2929 689 2992 εις
714 2927 1052 2995 Δαμασκόν.
1089 2926 1161 2978 Τὸ
1184 2925 1423 2996 λάφυρον
1446 2924 1542 2978 τοῦ
1572 2924 1840 2999 διαϐόλου,
1868 2925 1936 2979 τά
1969 2926 2136 2999 σκεύη

471 3014 655 3079 αὐτοῦ,
689 3013 937 3086 καθάπερ
958 3012 1162 3077 πόλεως
1183 3030 1326 3077 τινος
1346 3014 1379 3083 ἢ
1402 3013 1786 3084 μητροπόλεως
1815 3014 2135 3085 ληφθείσης,

466 3101 909 3169 εἰσάγουσι.Καί
965 3101 1027 3154 :6
1081 3100 1145 3172 δὴ
1203 3099 1538 3171 θαυμαστὸν,
1594 3101 1747 3154 06:01.
1794 3101 1843 3154 οί
1893 3100 2139 3171 πολέμιοι

471 3191 567 3244 καὶ
581 3188 766 3259 ἐχθροὶ
792 3188 1086 3260 εἰσήγαγον
1116 3188 1300 3254 αὐτὸν,
1345 3188 1562 3242 πάντων
1583 3188 1859 3258 δρώντων.
1904 3191 2015 3257 Καὶ
2060 3189 2139 3263 ἦν

469 3277 692 3347 ἡμέρας
712 3276 868 3345 τρεῖς
881 3274 968 3347 μὴ
991 3276 1264 3344 βλέπων,
1295 3277 1392 3331 καὶ
1430 3278 1541 3331 οὐκ
1560 3276 1787 3347 ἔφαγεν
1820 3279 1964 3333 οὐδὲ
1980 3282 2132 3336 ἔπιε.

463 3366 533 3419 Τί
564 3366 752 3420 τούτου
774 3366 887 3419 τσον
916 3367 1113 3435 γένοιτ’
1142 3366 1241 3430 ἀν;
1280 3365 1628 3438 Ἀντίρροπος
1652 3367 1753 3437 τῆς
1794 3369 1887 3421 ἐπὶ
1922 3369 2133 3440 Στεφά-

458 3474 561 3514 νου
592 3455 827 3527 ἀθυμίας
856 3454 1202 3526 παράκλησις
1221 3457 1255 3526 ή
1278 3454 1490 3508 Παύλου
1519 3457 1852 3529 προσαγωγή
1902 3459 2132 3527 γίνεται,

465 3545 665 3617 ἔχουσα
717 3545 815 3615 μὲν
864 3543 959 3597 καὶ
1002 3542 1227 3597 αὐτόθεν
1257 3542 1629 3613 παραμυθίαν,
1664 3543 1725 3596 τὸ
1752 3546 1927 3610 οὓτως
1972 3549 2135 3604 αὐτὸν

461 3632 739 3695 ἀπελθεῖν,
768 3630 1005 3686 λαϐοῦσα
1059 3631 1116 3684 δέ
1169 3631 1263 3685 καὶ
1312 3631 1539 3700 ταύτην,
1596 3633 1689 3685 καὶ
1741 3636 1797 3688 αἱ
1858 3637 2133 3708 Σαμαρει-

464 3722 573 3775 τῶν
598 3721 654 3775 δέ
678 3720 862 3791 κῶμαι
890 3720 1301 3791 προσαχθεῖσαι,
1340 3720 1604 3791 μεγίστην
1641 3722 1913 3808 παρέσχον
1953 3725 2133 3795 παρά-

460 3812 677 3879 κλησιν.

536 3899 646 3951 Καὶ
660 3897 749 3950 διὰ
776 3898 847 3959 τί,
878 3915 949 3965 φη
959 3897 1030 3961 al,
1051 3894 1125 3967 μὴ
1143 3892 1199 3960 ἐξ
1225 3896 1399 3967 ἀρχῆς
1414 3896 1571 3950 τοῦτο
1586 3897 1826 3968 γέγονεν,
1841 3899 1977 3953 ἀλλά
1992 3900 2129 3971 μετά

454 3986 667 4049 »ταύτας
702 3985 817 4038 ἰνα
838 3985 1044 4055 δειχθῇ,
1066 3982 1214 4056 [157]
1238 3985 1320 4037 ὅτι
1345 3983 1513 4048 ὅντως
1546 3984 1743 4056 ἀνέστη
1795 3986 1824 4038 6
1869 3988 2125 4059 Χριστός.

470 4072 535 4127 Ὀ
564 4064 672 4143 γάρ
704 4072 941 4127 ἐλαύνων
970 4073 1153 4135 αὑτὸν,
1179 4073 1273 4127 καὶ
1298 4072 1545 4127 ἀπιστῶν
1569 4068 1756 4127 αὑτοῦ
1779 4078 1844 4146 τῇ
1904 4076 2126 4149 τελευτῇ

462 4162 555 4215 καὶ
600 4164 665 4231 τῇ
715 4162 1029 4225 ἀναστάσει,
1077 4161 1167 4215 καὶ
1212 4162 1335 4225 τοὺς
1381 4161 1627 4233 μαθητάς
1670 4162 1836 4217 αὑτοῦ
1895 4164 2126 4232 διώκων,

463 4244 611 4312 οὗτος
644 4249 827 4311 πόθεν,
850 4249 971 4303 είπὲ
1001 4268 1112 4321 μοι,
1152 4249 1218 4303 ἂν
1266 4250 1604 4315 ἐπίστευσεν,
1636 4252 1686 4303 εί
1750 4250 1826 4321 μὴ
1857 4250 2027 4323 πολλὴ
2060 4248 2128 4324 ἦν

468 4337 556 4390 τοῦ
586 4337 987 4407 σταυρωθέντος
1015 4340 1047 4407 ή
1078 4335 1229 4407 ἰσχύς
1258 4336 1317 4405 d;
1353 4339 1557 4401 Ἔστω,
1587 4339 1783 4391 ἐκεῖνοι
1820 4338 1970 4410 αὐτῷ
2000 4341 2129 4411 ἐχα-

449 4417 695 4497 λρίζοντο·
721 4425 773 4478 τί
802 4427 947 4495 ἐρεῖς
972 4426 1107 4495 πρὸς
1120 4424 1339 4491 τοῦτον;
1369 4426 1579 4489 Ἀλλως
1612 4425 1667 4478 δὲ
1694 4426 1781 4480 διά
1808 4427 1964 4482 τοῦτο
1993 4430 2128 4499 μετά

462 4515 555 4585 τήν
585 4514 881 4567 ἀνάστασιν
912 4513 1204 4585 προσῆλθε,
1242 4512 1335 4567 καὶ
1364 4513 1463 4565 οὐκ
1492 4513 1711 4578 εὐθέως,
1740 4514 1826 4567 ἵνα
1860 4517 2123 4585 σαφέστε-

462 4621 551 4672 ρος
573 4603 737 4657 αὐτοῦ
766 4601 948 4673 δειχθῇ
981 4604 1009 4655 6
1037 4601 1289 4673 πόλεμος.
1333 4602 1388 4654 Ὀ
1437 4600 1546 4673 γὰρ
1597 4602 1739 4657 οὕτω
1768 4606 2090 4676 μαινόμενος
2109 4650 2125 4676 ,

454 4692 533 4754 ὼς
559 4691 652 4744 καὶ
674 4691 881 4761 αἵματα
918 4690 1120 4760 ἐκχεῖν,
1155 4691 1248 4743 καὶ
1297 4691 1377 4753 είς
1430 4689 1775 4763 δεσμωτήρια
1815 4693 2125 4764 ἐμϐάλλειν,

452 4779 652 4850 ἀθρόον
704 4778 968 4832 πιστεύει.
1029 4778 1142 4830 Οὐκ
1190 4778 1350 4849 ἤρκει
1399 4778 1461 4830 τὸ
1519 4778 1592 4849 μὴ
1654 4781 2013 4849 συγγενέσθαι
2050 4782 2127 4855 τῷ

458 4865 700 4936 Χριστῷ,
732 4866 845 4918 ἀλλ’
873 4866 976 4918 ἔδει
1008 4866 1103 4920 καὶ
1135 4865 1508 4938 πολεμηθῆναι
1547 4869 1790 4939 σφοδρῶς
1817 4870 1909 4923 ὑπ’
1961 4871 2124 4925 αὑτοῦ

457 4956 583 5019 τοὺς
615 4953 837 5018 πιστούς
863 4969 877 4984 ⁸
906 4953 1161 5023 οὐδεμίαν
1193 4956 1482 5008 κατέλιπεν
1530 4957 1830 5029 ὑπερϐολὴν
1890 4960 2121 5029 μανίας*

458 5046 676 5099 πάντων
735 5042 1093 5113 σφοδρότερος
1148 5035 1303 5105 οὗτος
1345 5038 1433 5113 ἦν.
1478 5043 1697 5116 Ἐπειδὴ
1743 5046 1799 5099 δέ
1838 5049 2121 5121 ἐπηρώθη,

449 5133 576 5185 τότε
610 5132 710 5201 τῆς
750 5128 1065 5193 δεσποτείας
1096 5129 1277 5191 αὑτοῦ¹
1306 5128 1375 5182 τὰ
1408 5132 1685 5202 τεκμήρια
1731 5134 1825 5185 καὶ
1870 5135 1971 5204 τῆς
2002 5137 2126 5205 φιλ-

436 5218 771 5289 -ανθρωπίας
831 5217 1124 5287 γνωρίζει’
1192 5218 1377 5287 ἢοιαὶ
1433 5219 1518 5271 ἵνα
1580 5222 1654 5290 μή
1710 5237 1793 5283 τις
1838 5222 1986 5294 εἴπῃ,
2042 5226 2123 5278 ὅτι

457 5308 802 5377 ὑπεκρίνατο.
832 5305 959 5369 Πῶς
1010 5305 1137 5375 γὰρ,
1191 5306 1219 5357 ὁ
1272 5306 1520 5375 αἱμάτων
1569 5307 1871 5378 ἐπιθυμῶν,
1937 5313 1964 5363 ὁ
2011 5314 2123 5376 τοῖς

460 5394 666 5466 ίερεῦσι
704 5392 1038 5464 προσελθὼν,
1072 5394 1100 5446 6
1127 5395 1206 5457 είς
1235 5394 1509 5458 κινδύνους
1540 5396 1733 5451 ἑαυτὸν
1752 5398 2117 5471 ἐπιρῤίπτων,

454 5482 707 5544 καὶτοὺς
742 5481 845 5546 ἔξω
898 5480 1137 5535 ἐλαύνων
1174 5483 1269 5535 καὶ
1324 5482 1763 5554 τιμωρούμενος
1808 5482 1978 5551 Οὗτος
2028 5485 2123 5544 οὖν

457 5570 599 5641 μετά
625 5569 797 5623 ταῦτα
825 5570 1001 5623 πάντα
1028 5570 1127 5641 τὴν
1158 5569 1478 5624 δεσποτείαν
1511 5571 1777 5643 ὁμολογεῖ.
1844 5575 1943 5629 Διά
1970 5578 2023 5629 τί
2064 5578 2121 5633 δὲ

454 5660 554 5713 οὒκ
582 5658 724 5711 ῑἔνδον
753 5660 898 5729 ἐντῇ
928 5657 1078 5712 πόλει
1100 5658 1517 5731 περιηστράφθη
1542 5660 1621 5731 τῷ
1664 5663 1820 5730 φωτὶ,
1847 5664 1987 5718 ἀλλά
2014 5667 2120 5739 πρὸ

518 5854 547 5921 ἦ
589 5852 725 5902 Unm
765 5854 939 5921 code:
982 5853 1369 5921 ἀπολογούμενος.
1420 5853 1489 5921 _‘_H
1531 5856 1620 5919 γὰρ
1658 5858 1911 5921 ὑπερϐολή.
1976 5863 2005 5904 b
2031 5864 2121 5915 Sa-

433 5916 604 5987 'ﬂljus
623 5918 1063 5987 μονονοξιχίλέγων·
1089 5916 1146 5964 Τί
1173 5917 1302 5979 παρ’.
1367 5921 1389 5947 °
1415 5916 1550 5976 Huic;
1590 5916 1740 5987 ποιεῖν
1752 5916 1913 5977 αὐτὸν,
1965 5941 2116 5987 παρα-

486 5983 635 6047 ρῆμα,
668 5978 729 6026 ab
768 5978 965 6025 Erasmo
1005 5992 1064 6025 ex
1134 5990 1258 6033 esse.
1300 5990 1366 6025 ex
1411 5992 1508 6026 uno
1548 5981 1655 6029 cod.
1712 5985 1939 6048 suppleta
1983 5978 2114 6040 subl.

442 5996 590 6092 -ἒλδπ,
657 6039 681 6080 ἀ
719 6039 817 6089 Alii
852 6038 908 6099 ἦν
946 6044 1029 6099 τῆς
1066 5991 1371 6096 (Enniam;
1420 6042 1449 6098 ἡ
1473 6041 1624 6104 ἰσχύς.

1246 434 1305 492 S.
1353 435 1631 494 IOANNIS
1667 430 2153 491 CHRYSOSTOMI
2195 431 2511 489 ARCHIEP.
2553 433 3101 495 CONSTANTINOP.

3830 439 3933 494 151

2271 549 2477 618 αύτῆςς
2510 550 2635 601 Ὀτι
2683 550 2781 602 οὐκ
2825 549 2891 603 ἂν
2937 550 3265 604 ἐπίστευσαν
3311 549 3358 602 οί
3403 549 3607 615 πολλοὶ,
3651 550 3786 605 άλλά
3838 554 3938 607 καὶ

2269 639 2566 710 ἐχλεύασαν
2616 640 2702 694 ἀν·
2750 640 2883 693 ὅπου
2930 658 2995 709 γε
3043 643 3135 695 καὶ
3189 642 3304 695 ἐκεῖ
3353 640 3558 694 ἀνωθεν
3623 631 3937 711 ἐνεχθείσης

2271 728 2452 796 φωνῆς
2500 728 2789 790 ἀκούοντες
2839 727 3043 795 ἔλεγον,
3087 728 3169 783 ὅτι
3210 726 3437 797 Βροντή
3476 728 3667 782 ἐστιν·
3701 723 3935 793 οὗτοςδὲ

2268 815 2577 880 ἀξιόπιστος
2605 811 2673 885 ἦν
2702 815 3060 884 ἀπαγγέλλων
3111 816 3309 886 μᾶλλον
3345 814 3417 868 τά
3469 816 3655 870 αύτοῦι
3688 818 3799 869 Καὶ
3849 816 3937 869 δε-

2266 902 2488 973 δεμένος
2522 906 2791 975 εἰσήγετο,
2822 906 2883 958 οὐ
2929 905 3328 975 περικειμένων
3383 904 3529 974 αὐτῷ
3571 905 3807 976 δεσμῶν,
3839 906 3937 958 καὶ

2267 990 2445 1046 εἷλκον
2474 992 2637 1046 αὑτὸν
2694 993 2786 1046 τὸν
2830 992 3273 1063 προσδοκήσαντα
3327 994 3451 1054 τοὺς
3494 992 3687 1055 ἀλλους
3735 992 3933 1058 ἕλξειν.

2267 1079 2421 1142 Τίνος
2448 1078 2504 1131 δὲ
2540 1079 2726 1133 ἐνεκεν
2750 1080 2849 1133 οὐκ
2873 1079 3095 1150 ἔφαγεν,
3130 1080 3253 1133 οὐδὲ
3304 1081 3461 1147 ἔπιε;
3516 1080 3937 1147 Κατεγίνωσκεν

2266 1166 2459 1219 ἐαυτοῦ
2510 1170 2602 1222 ἐπὶ
2660 1172 2771 1232 τοῖς
2826 1168 3149 1238 γινομένοις,
3212 1168 3640 1238 ἐξωμολογεῖτο,
3698 1166 3934 1237 ηὕχετο,

2266 1255 2567 1326 παρεκάλει
2614 1257 2706 1310 τὸν
2739 1257 2890 1309 Θεόν.
2923 1258 2985 1310 Εἰ
3024 1257 3081 1310 δὲ
3113 1257 3259 1325 λέγοι
3280 1268 3383 1320 τις,
3410 1258 3655 1325 ἀνάγκης
3692 1251 3829 1316 εἶναι
3874 1254 3940 1306 τὸ

2265 1343 2500 1412 πρᾶγμα
2530 1344 2646 1412 (καὶ
2714 1344 2822 1413 γάρ
2853 1344 2881 1394 6
2923 1342 3159 1412 Ἐλύμας
3208 1344 3269 1396 τὸ
3302 1342 3435 1396 αὐτὸ
3474 1342 3732 1407 ἔπαθεν),
3772 1341 3940 1412 ἐροῦ-

2267 1446 2395 1500 μεν·
2437 1431 2544 1484 Nal
2604 1431 2826 1495 ἔπαθεν,
2892 1433 3008 1485 ἀλλ’
3058 1432 3271 1503 ἔμεινεν
3294 1431 3367 1494 ὼς
3397 1429 3529 1500 εἶχε.
3559 1431 3684 1494 Πῶς
3714 1426 3808 1484 οὖν
3834 1430 3939 1483 οὐκ

2261 1518 2624 1591 ἠναγκάσθης
2680 1520 2787 1573 Καὶ
2838 1521 2892 1573 τί
2943 1519 3488 1591 ἀναγκαστικώτερον
3550 1517 3644 1572 τοῦ
3707 1518 3937 1588 σεισμοῦ

2260 1605 2354 1659 τοῦ
2393 1608 2485 1660 ἐπὶ
2528 1608 2627 1677 τῆς
2665 1607 3032 1673 ἀναστάσεως,
3055 1608 3163 1661 τῶν
3193 1606 3539 1678 στρατιωτῶν
3589 1605 3699 1658 τῶν
3756 1606 3940 1671 ἀπαγ-

2260 1694 2580 1764 γειλάντων,
2622 1695 2729 1749 τῶν
2783 1694 3023 1764 σημείων
3086 1694 3197 1747 τῶν
3248 1692 3441 1759 ἄλλων,
3491 1692 3584 1747 τοῦ
3618 1695 3745 1745 ιεεῖν
3768 1692 3938 1744 αὐτὸν

2259 1785 2596 1850 άναστάντα;
2650 1783 2787 1836 Ἀλλ’
2817 1784 2917 1836 οὐκ
2946 1781 3064 1836 ἔστι
3109 1781 3286 1837 ταῦτα
3333 1781 3734 1851 ἀναγκαστικά,
3794 1780 3941 1835 ἀλλά

2259 1871 2561 1925 διδακτικά.
2647 1871 2890 1924 Ἰουδαῖοι
2946 1870 3036 1924 διὰ
3100 1870 3153 1923 τί
3214 1870 3314 1923 οὐκ
3364 1869 3697 1922 ἐπίστευσαν
3756 1867 3938 1921 ταῦτα

2258 1958 2577 2025 ἀκούοντες;
2621 1959 2741 2012 Ὀτι
2783 1958 3013 2031 ὴλήθευε
3070 1958 3228 2027 δῆλον
3262 1953 3351 2030 ἦν.
3398 1959 3474 2011 Οὐ
3527 1958 3637 2028 γάρ
3687 1956 3754 2011 ἂν
3804 1973 3939 2027 μετ-

2258 2047 2433 2111 έθετο,
2475 2047 2548 2117 μή
2589 2046 2884 2117 γενομένου
2922 2044 3135 2099 τούτου·
3186 2044 3326 2098 ὥστε
3376 2045 3585 2107 πάντας
3640 2043 3938 2098 πιστεῦσαι

2258 2135 2386 2188 ἔδει.
2440 2136 2559 2188 Τῶν
2625 2134 2725 2205 τὴν
2781 2134 3077 2188 ἀνάστασιν
3146 2130 3311 2186 αὐτοῦ
3386 2133 3765 2204 κηρυττόντων
3831 2133 3939 2203 οὐχ

2256 2225 2432 2296 ήττων
2457 2221 2545 2295 ἦν,
2577 2224 2778 2295 μᾶλλον
2810 2224 2866 2278 δέ
2897 2224 2991 2279 καὶ
3019 2221 3483 2293 ἀξιοπιστότερος,
3528 2221 3723 2293 ἀθρόον
3758 2238 3937 2292 μετα-

2254 2313 2608 2384 ϐεϐλημένος.
2640 2313 2715 2367 Οὐ
2768 2312 3085 2382 συνεγένετό
3134 2328 3241 2366 τινι
3283 2310 3394 2365 τῶν
3442 2309 3670 2375 πιστῶν,
3704 2310 3822 2365 ἀλλ’
3875 2311 3940 2365 ἐν

2255 2399 2529 2471 Δαμασκῷ
2574 2400 2919 2470 μετεϐάλετο,
2970 2400 3172 2471 μᾶλλον
3218 2399 3275 2453 δέ
3331 2398 3438 2469 πρὸ
3481 2399 3580 2469 τῆς
3630 2398 3938 2468 Δαμασκοῦ

2252 2488 2409 2541 τοῦτο
2446 2488 2668 2542 ἔπαθεν.
2706 2486 2931 2558 Ἐρωτῶ
2960 2488 3050 2542 τὸν
3094 2486 3349 2541 Ἰουδαῖον
3372 2502 3387 2517 ’
3425 2486 3614 2550 Πόθεν,
3655 2486 3780 2539 εἰπέ
3813 2503 3932 2557 μοι,

2255 2571 2557 2643 μετεϐλήθη
2584 2572 2825 2638 Παῦλος;
2854 2572 3107 2627 Τοσαῦτα
3136 2576 3341 2645 σημεῖα
3381 2563 3511 2635 εἶδε,
3553 2571 3647 2626 καὶ
3692 2572 3755 2624 οὺ
3797 2589 3937 2643 μετ-

2251 2660 2454 2732 εϐλήθη
2493 2677 2507 2691 ο
2583 2662 2611 2714 6
2684 2660 3003 2725 διδάσκαλος
3041 2662 3207 2716 αὐτοῦ
3264 2661 3595 2733 μετεϐλήθη,
3630 2662 3725 2714 καὶ
3772 2656 3931 2725 οῦτος

2248 2750 2309 2801 ού
2346 2748 2679 2819 μετεϐλήθη·
2708 2749 2794 2812 τίς
2819 2748 3036 2803 ἔπεισεν
3064 2750 3265 2816 αύτόν;
3299 2750 3499 2821 μᾶλλον
3529 2750 3587 2804 δὲ
3614 2748 3699 2811 τίς
3729 2749 3938 2819 ἀθρόον

2249 2837 2516 2906 τοσαύτην
2551 2837 2805 2891 ἐνέϐαλεν
2842 2837 2993 2909 αὐτῷ
3041 2838 3369 2910 προθυμίαν,
3400 2839 3478 2902 ὡς
3526 2837 3617 2892 καὶ
3674 2837 3933 2907 ἀνάθεμα

2246 2924 2505 2989 εὔξασθαι
2562 2925 2816 2994 γενέσθαι
2875 2928 3017 2998 ὑπὲρ
3058 2926 3153 2981 τοῦ
3203 2926 3480 2997 Χριστοῦ;
3516 2925 3728 2998 Φανερά
3776 2928 3932 2981 ἐστιν

2246 3012 2280 3082 ή
2312 3012 2419 3065 τῶν
2441 3013 2785 3084 πραγμάτων
2813 3013 3062 3085 ἀλήθεια.
3100 3014 3242 3067 Ἀλλ’
3272 3026 3296 3054 θ
3318 3015 3457 3084 ὅπερ
3486 3014 3641 3084 ἔφην,
3666 3014 3807 3075 τέως
3834 3012 3931 3066 τὸν

2246 3103 2498 3175 εὐνοῦχον
2528 3104 2927 3177 αίσχυνθῶμεν,
2958 3104 3054 3159 καὶ
3110 3103 3481 3175 φωτιζόμενον
3512 3104 3607 3158 καὶ
3653 3101 3932 3171 ἀναγινώο

2248 3208 2468 3248 σκοντα.
2511 3193 2732 3264 Ὁρᾶτε,
2768 3193 2884 3258 πῶς
2912 3189 2980 3265 ἦν
3008 3195 3067 3248 ἐν
3088 3193 3398 3264 δυναστείᾳ,
3431 3194 3547 3256 πῶς
3574 3188 3643 3264 ἦν
3673 3193 3731 3245 ἐν
3765 3190 3932 3245 πλού-

2243 3297 2343 3351 τῳ,
2386 3281 2478 3333 καὶ
2512 3281 2633 3334 οὐδὲ
2676 3283 2734 3335 ἐν
2766 3280 2871 3351 ὁδῷ
2916 3280 3193 3353 ήσύχαζε;
3241 3280 3337 3344 Τίς
3371 3275 3439 3351 ἦν
3487 3281 3594 3350 ἀρα
3627 3272 3784 3343 οὗτος
3821 3279 3929 3351 μέ-

2244 3386 2350 3422 νων
2372 3371 2459 3423 ἐπ’
2520 3369 2721 3434 οίκίας,
2785 3370 2921 3442 μηδὲ
2951 3372 3010 3424 ἐν
3053 3370 3191 3434 ὁδοῖς
3224 3370 3548 3441 ἀνεχόμενος
3601 3368 3925 3441 σχολάζεινς

2240 3458 2326 3521 τίς
2356 3454 2423 3529 ἦν
2460 3456 2480 3497 ί
2508 3450 2662 3523 οὗτος
2688 3460 2749 3513 ἐν
2773 3458 2963 3525 νυκτί;

2312 3548 2374 3601 δ’.
2395 3547 2552 3601 Ὅσοι
2586 3548 2643 3601 ἐν
2676 3544 2982 3620 ἀξιώμασίν
3010 3548 3154 3611 ἐστε,
3192 3548 3479 3613 ἀκούσατε,
3503 3547 3678 3601 καὶτὸ
3713 3547 3927 3615 ἄτυφον

2240 3636 2333 3689 καὶ
2362 3634 2510 3708 [158]
2544 3636 2773 3699 εὐλαϐὲς
2829 3636 3164 3707 μιμήσασθε.
3206 3637 3399 3692 Καίτοι
3456 3636 3672 3707 μέλλων
3693 3636 3926 3690 ἀπιέναι

2239 3724 2444 3788 οίκαδε,
2483 3725 2584 3777 οὐκ
2617 3718 2739 3777 εἷπε
2774 3722 2911 3795 πρὸς
2934 3723 3146 3778 ἑαυτόνο
3192 3724 3532 3797 ’Δπέρχομαι
3559 3726 3640 3789 είς
3684 3724 3785 3795 τήν
3811 3742 3925 3778 πα-

2237 3811 2415 3885 τρίδα,
2459 3812 2576 3864 ἐκεῖ
2630 3810 2895 3881 λαμϐάνω
2924 3810 2986 3864 τδ
3040 3811 3285 3884 λουτρὸν,
3346 3812 3416 3865 τά
3460 3811 3647 3881 ψυχρά
3694 3813 3923 3882 ῥήματα

2238 3900 2346 3951 τῶν
2373 3898 2605 3952 πολλῶν.
2639 3900 2753 3952 Οὐκ
2784 3897 2977 3969 ἐδεήθη
3010 3899 3273 3970 σημείων,
3323 3899 3423 3952 οὐκ
3454 3899 3647 3970 ἐδεήθη
3693 3898 3921 3970 θαυμά-

2240 4004 2371 4040 των·
2435 3987 2542 4041 ἀπὸ
2607 3985 2697 4039 τοῦ
2728 3987 3013 4057 προφήτου
3074 3986 3233 4057 μόνον
3270 3985 3576 4043 ἐπίστευσε.
3612 3986 3709 4040 Διά
3740 3987 3922 4042 ταῦτα

2239 4074 2426 4128 πενθεῖ
2476 4075 2667 4129 ἐαυτὸν
2724 4076 2754 4129 6
2801 4074 3032 4139 Παῦλος,
3091 4073 3284 4144 λέγων·
3332 4075 3523 4129 ,Ἀλλὰ
3580 4074 3677 4129 διὰ
3732 4076 3922 4131 τοῦτο

2234 4164 2526 4231 ἠλεήθην,
2558 4162 2645 4216 ὅτι
2686 4159 2923 4232 ἀγνοῶν
2968 4161 3230 4229 ἐποίησα
3258 4162 3329 4214 ἐν
3359 4161 3630 4229 ἀπιστίᾳ,
3666 4162 3766 4216 καὶ
3804 4164 3915 4218 ἵνα

2236 4253 2305 4304 ἐν
2330 4252 2457 4320 ἐμοὶ
2487 4248 2693 4317 πρώτῳ
2720 4249 3059 4315 ἐνδείξηται
3112 4247 3352 4316 Ἰησοῦς
3384 4249 3635 4318 Χριστὸς
3662 4248 3777 4317 τὴν
3800 4249 3921 4305 πᾶ-

2236 4356 2359 4394 σαν
2380 4338 2812 4409 μακροθυμίαν.
2849 4337 3031 4401 Ἄξιον
3057 4336 3225 4400 ὅντως
3260 4336 3541 4408 θαυμάσαι
3586 4338 3676 4391 τὸν
3719 4339 3919 4392 εὐνοῦ-

2237 4444 2331 4497 χον
2352 4425 2559 4477 τοῦτον.
2586 4424 2700 4477 Οὐκ
2729 4418 2835 4476 εῐδε
2860 4422 2951 4477 τὸν
2984 4424 3239 4495 Χριστὸν,
3270 4424 3370 4478 ούκ
3400 4419 3506 4477 εἶδε
3543 4428 3790 4495 σημεῖον·
3827 4426 3915 4483 ἔτι

2235 4513 2305 4567 τά
2350 4511 2693 4584 Ἱεροσόλυμα
2720 4510 3035 4565 συνεστῶτα
3076 4510 3245 4583 ἐώρα,
3278 4513 3371 4565 καὶ
3419 4512 3673 4567 ἐπίστευε
3716 4513 3920 4585 τῷοι.

2236 4602 2438 4672 λίππῳ.
2500 4599 2671 4654 Πόθεν
2718 4595 2811 4654 οὖν
2876 4599 3117 4664 τοιοῦτος
3164 4601 3491 4671 γεγένηται;
3552 4602 3920 4676 Μεμεριμνη-

2238 4690 2371 4761 μένη
2415 4685 2483 4761 ἦν
2534 4691 2567 4759 ή
2597 4688 2743 4760 ψυχὴ
2778 4687 2965 4753 αὐτοῦ,
3002 4692 3255 4760 προσεῖχε
3313 4690 3355 4742 Γ
3360 4692 3577 4759 ραφαῖς,
3616 4690 3919 4760 ἐσχόλαζεν

2242 4778 2592 4849 ἀναγνώσεσι.
2639 4779 2830 4832 Καίτοι
2865 4779 2958 4831 καὶ
2987 4779 3016 4829 6
3048 4778 3249 4848 λῃστὴς
3280 4775 3387 4831 εἶδε
3441 4782 3662 4850 σημεῖα,
3713 4782 3809 4836 καὶ
3859 4785 3916 4838 οἱ

2237 4867 2399 4937 μάγοι
2435 4863 2574 4920 εἶδον
2624 4866 2855 4937 ἀστέρα·
2908 4859 3062 4929 οὗτος
3090 4866 3145 4919 δὲ
3186 4865 3338 4919 οὐδὲν
3369 4861 3477 4921 εἶδε
3505 4866 3766 4935 τοιοῦτον,
3812 4872 3919 4927 καὶ

2232 4955 2507 5009 ἐπίστευε’
2541 4952 2794 5006 τοσοῦτόν
2824 4954 2970 5021 ἐστκν
2996 4954 3028 5023 ή
3050 4952 3159 5005 τῶν
3188 4953 3419 5025 Γραφῶν
3441 4954 3746 5023 ἀνάγνωσις
3767 4956 3921 5029 ὠφὲ.

2231 5043 2414 5113 λιμοςῑ
2446 5042 2511 5094 Τί
2538 5036 2631 5095 οὖν
2667 5039 2911 5103 Παῦλοςς
2939 5040 3057 5112 οὐχὶ
3098 5040 3191 5094 τὸν
3232 5041 3395 5112 νόμον
3445 5043 3712 5113 ἐμελέτας
3763 5046 3913 5102 Ἀλλ’

2232 5132 2355 5203 ἐμοὶ
2390 5131 2535 5183 δοκεῖ
2565 5123 2720 5193 οὗτος
2740 5129 2990 5201 ἐπίτηδες
3023 5129 3418 5201 ἀναϐληθῆναι,
3473 5130 3541 5184 δι’
3569 5131 3713 5205 ἀπερ
3746 5129 3915 5192 εἷπον

2231 5218 2518 5291 προλαϐὼν
2549 5216 2885 5288 πανταχόθεν
2948 5217 3275 5288 βουλομένου
3326 5220 3735 5276 ἐπισπάσασθαι
3776 5226 3915 5292 τοὺς

2242 5307 2527 5368 Ἰουδαίους
2557 5305 2651 5358 τοῦ
2673 5305 2929 5377 Χριστοῦ.
2961 5304 3026 5359 El
3051 5306 3160 5377 γὰρ
3187 5304 3315 5359 νοῦν
3342 5301 3506 5377 εῐχον,
3526 5308 3680 5363 οὐδὲν
3702 5310 3913 5379 αὐτοὺς·

2228 5392 2400 5457 οὕτως
2422 5393 2627 5462 ὠφέλει
2652 5394 2726 5457 ὡς
2756 5394 2933 5449 τοῦτο.
2971 5393 3145 5447 Τοῦτο
3176 5394 3305 5466 γάρ,
3336 5396 3429 5448 καὶ
3486 5397 3730 5468 σημείων
3767 5402 3911 5471 μᾶλ-

2227 5482 2339 5547 λον,
2362 5483 2457 5535 καὶ
2477 5480 2718 5549 πάντων,
2748 5481 2934 5536 ίκανδν
2959 5477 3027 5552 ἦν
3045 5482 3242 5546 αὐτοὺς
3263 5482 3684 5552 ἐφελκύσασθαι·
3710 5486 3911 5564 ὥσπερ

2227 5567 2320 5623 οὖν
2347 5569 2499 5623 οὐδὲν
2536 5569 2677 5624 οὕτω
2729 5569 3099 5634 σκανδαλίζειν
3146 5571 3303 5624 εἴωθε
3354 5573 3481 5637 τοὺς
3532 5578 3905 5648 παχυτέρους,

2226 5659 2373 5731 Ὅρα
2400 5657 2530 5729 γοῦν
2563 5659 2699 5730 μετά
2727 5661 2824 5729 τὴν
2856 5659 3154 5730 διασπορὰν
3204 5660 3315 5713 τῶν
3338 5662 3655 5716 ἀποστόλων
3688 5665 3911 5725 καὶτὸν

2224 5743 2359 5803 Θεδν
2395 5747 2648 5802 ποιοῦντα
2677 5748 2745 5803 τὰ
2772 5751 2991 5819 σημεῖα.
3052 5748 3410 5804 Ἑνεκάλεσαν
3482 5751 3725 5806 Ἰουδαῖοι
3785 5761 3909 5825 τοῖς

2292 5864 2953 5943 3.5385393"?.m,’_§E9S-,
2984 5866 3085 5943 sed
3116 5867 3479 5943 WMM:
3520 5880 3634 5931 (ιοω
3670 5871 3912 5943 turbabat

2225 5932 2547 5994 gententiqml
2584 5927 2971 5994 suffragantibus
2998 5941 3095 5975 uno
3122 5929 3247 5994 cod._
3269 5936 3321 5977 et
3347 5927 3522 5994 savii,
3540 5927 3908 5994 bxpuuximns;

2226 5987 2399 6065 ξηρή
2517 5987 2877 6065 Ουίιίειῐῐι“ῐηεξ.
2924 5990 3063 6065 οὗτος
3100 5990 3347 6054 σχολάζων
3389 5992 3461 6040 ἐπ’
3495 5987 3670 6057 οἰκίας,
3714 5998 3741 6047 6
3783 5987 3911 6056 μιηῶ

2228 6050 2273 6097 ἐν
2300 6049 2421 6107 ὁδοῖς
2450 6052 2728 6114 ἀνεχόμενος
2750 6056 2885 6115 σιγᾷν
2908 6067 2921 6114 ;
2951 6053 3019 6108 τίς
3038 6051 3111 6115 ἦν.
