4078 6318
247 371 343 426 163
1209 368 1276 424 ΙΝ
1316 365 1496 422 ACTA
1540 359 2068 418 APOS'I'OLORUM.
2111 363 2344 420 llOllll..
2388 366 2530 423 XIX.

244 484 430 539 hedere
472 482 654 549 solet;
691 500 997 543 mensuram
1045 483 1189 539 enim
1231 498 1382 538 suam
1430 481 1625 534 habent
1667 477 1826 533 oculi.

244 575 439 631 Dicitur
465 577 634 631 etiam
674 579 828 633 vocis
872 586 926 632 et
960 576 1078 633 soni
1107 576 1506 632 vehementiam
1537 571 1730 628 surdos
1757 570 1840 625 fa-

241 684 360 724 cere
377 678 431 724 et
447 672 732 728 attonitos.
757 671 863 727 Sed
885 671 1024 726 hunc
1048 669 1338 727 excmcavit
1363 680 1586 734 tantum,
1616 677 1670 722 et
1691 674 1838 720 metu

240 763 472 818 furorem
501 764 623 834 ejus
651 765 930 825 exstinxit,
951 765 1020 819 ita
1047 773 1103 818 ut
1128 763 1242 818 haec
1269 763 1359 818 ille
1384 761 1595 815 audiret
1622 759 1832 823 :Saule,

235 854 415 921 Saule,
447 857 575 926 quid
605 874 685 912 me
708 858 1021 928 persequeris
1048 858 1073 912 ?
1098 856 1212 913 NOII
1240 856 1371 910 dicit
1401 856 1497 919 illi,
1518 853 1708 916 Crede,
1744 867 1838 907 ne-

233 963 336 1018 que
379 949 562 1004 simile
605 949 921 1020 quidpiam;
957 949 1051 1006 sed
1097 950 1329 1005 incusat.
1383 948 1507 1003 Haec
1553 945 1664 1001 fere
1708 945 1839 1001 dicit

232 1041 425 1111 quibus
454 1043 602 1097 illum
636 1043 844 1098 incusat
878 1064 893 1100 :
924 1043 1060 1112 Quid
1084 1084 1098 1108 ,
1130 1044 1210 1098 vel
1241 1057 1431 1112 parum
1471 1041 1558 1096 vel
1583 1039 1832 1104 multum,

230 1148 256 1183 λ
285 1149 372 1188 me
398 1133 583 1196 lmsus,
613 1133 716 1188 hoc
743 1134 857 1205 agis
882 1133 906 1188 ?
933 1134 1075 1188 Dixit
1101 1142 1289 1194 autem,
1308 1133 1435 1202 Quis
1456 1149 1529 1198 es,
1563 1129 1781 1186 Domine
1810 1131 1836 1184 .9

232 1224 448 1280 Interim
478 1241 539 1281 se
561 1227 846 1282 conﬁtetur
878 1243 1117 1283 servum.
1148 1227 1408 1282 Dominus
1433 1236 1614 1282 autem
1661 1226 1830 1281 dixit:

233 1318 339 1391 Ego
375 1337 498 1374 sum
536 1320 710 1388 Iesus,
756 1338 903 1390 quem
936 1332 988 1375 tu
1018 1323 1352 1393 persequeris.
1391 1322 1471 1376 Ac
1509 1320 1554 1375 si
1583 1319 1781 1374 diceret
1815 1336 1830 1374 :

229 1411 302 1466 Nc
331 1423 493 1482 putes
521 1414 616 1467 tibi
643 1428 766 1469 eum
797 1413 1100 1471 hominibus
1131 1429 1252 1470 esse
1276 1423 1574 1469 certamen.
1607 1411 1708 1480 Qui
1735 1427 1832 1466 an-

231 1516 331 1558 tem
367 1521 494 1560 cum
531 1507 622 1561 illo
657 1517 844 1570 erant,
872 1524 1058 1564 vocem
1085 1508 1300 1579 quidem
1345 1508 1495 1563 Pauli
1521 1507 1829 1573 audierunt,

229 1601 502 1654 neminem
533 1610 715 1654 autem
750 1601 1021 1666 viderunt,
1063 1601 1130 1656 ad
1162 1617 1323 1672 quem
1364 1600 1736 1670 responderet.
1767 1601 1834 1655 Et

221 1693 338 1760 jure
375 1694 579 1748 merito
610 1712 622 1746 :
660 1710 837 1750 rerum
867 1709 1099 1765 namque
1130 1695 1399 1749 minorum
1431 1696 1551 1750 illos
1584 1695 1707 1750 fecit
1737 1710 1833 1748 an-

223 1787 450 1842 ditores.
496 1787 630 1841 Nam
673 1789 719 1842 si
762 1804 950 1843 vocem
1000 1789 1142 1843 illam
1186 1789 1497 1856 audissent,
1531 1804 1704 1859 neque
1752 1789 1830 1844 sic

224 1880 584 1935 crelidissent
614 1900 626 1935 :
655 1881 876 1936 Paulum
910 1892 1088 1937 autem
1113 1882 1359 1937 videntes
1387 1883 1826 1950 respondentem,

225 1977 580 2030 mirabantur.
623 1975 727 2031 Sed
758 1977 806 2030 7.
839 1975 1035 2048 Surge,
1081 1987 1129 2030 et
1171 1976 1438 2047 ingredere
1467 1977 1751 2041 civitatem,
1781 1986 1828 2028 et

222 2068 414 2120 timetur
461 2069 552 2121 tibi
590 2070 713 2140 quid
755 2079 801 2122 te
848 2079 1078 2140 Oportcat
1122 2070 1311 2140 facere.
1351 2069 1508 2132 Vide,
1555 2069 1827 2138 quomodo

221 2176 322 2215 non
355 2160 543 2214 statim
573 2161 752 2215 omnia
792 2161 893 2230 ipsi
920 2162 1149 2228 revelet,
1181 2162 1279 2218 sed
1311 2163 1460 2231 prius
1491 2170 1694 2215 tantum
1723 2162 1828 2214 mi-

223 2253 349 2322 tiget
371 2252 616 2306 animam
644 2252 784 2322 ejus,
812 2264 868 2307 et
895 2269 990 2323 per
1015 2269 1100 2318 ea,
1129 2253 1422 2324 qurejubet
1454 2255 1600 2308 illum
1625 2252 1820 2318 facere,

221 2343 395 2397 statim
427 2358 586 2413 spem
613 2344 809 2398 bonam
844 2345 998 2411 indit,
1023 2347 1166 2416 quod
1195 2348 1367 2401 visum
1399 2354 1713 2416 recepturus
1733 2347 1823 2401 sit.

230 2437 334 2491 Viri
345 2447 545 2504 autent,
569 2439 655 2503 qui
675 2417 815 2493 ibaitt
841 2457 955 2494 cum
977 2457 1033 2494 eo
1053 2482 1067 2505 ,
1093 2441 1294 2494 stabant
1309 2443 1593 2512 stupefacti,
1614 2442 1828 2494 audien-

219 2543 286 2586 tes
311 2533 520 2600 quidem
549 2547 738 2599 uocem,
768 2535 1018 2587 neminem
1044 2545 1209 2588 autem
1232 2535 1476 2590 videntes.
1509 2534 1561 2590 8.
1585 2534 1826 2589 Surrexit

217 2635 378 2677 autem
401 2625 602 2679 Saulus
623 2629 685 2681 de
696 2636 850 2692 terra,
870 2628 1158 2697 apertisque
1173 2627 1333 2680 oculis
1359 2627 1486 2680 nihil
1505 2626 1724 2680 videbat.
1743 2625 1825 2679 Ad

219 2738 393 2776 manus
414 2730 589 2776 autent
612 2722 758 2777 illum
778 2722 1051 2788 trahentes,
1071 2721 1462 2775 introduxerunt
1488 2719 1820 2775 Damascum.

219 2812 394 2882 Spolia
437 2813 676 2879 diaboli,
710 2829 836 2869 vasa
865 2815 982 2883 ejus
1005 2855 1019 2878 ,
1053 2813 1204 2884 quasi
1245 2824 1398 2882 capta
1425 2813 1655 2883 quadam
1687 2813 1822 2867 urbe

221 2907 298 2960 vel
345 2907 634 2976 metropoli
666 2906 1038 2961 introducunt.
1072 2907 1139 2961 Et
1165 2905 1307 2976 quod
1340 2905 1536 2959 mirum
1564 2914 1685 2969 est,
1722 2905 1820 2974 ipsi

221 2997 418 3052 inimici
452 3008 507 3052 et
539 2997 723 3052 hostes
756 2998 1102 3054 introducunt
1134 2997 1284 3052 illum
1313 2997 1566 3052 omnibus
1595 2996 1822 3051 videnti-

218 3088 327 3143 bus.
362 3089 418 3144 9.
455 3088 521 3142 Et
556 3100 662 3142 erat
681 3089 840 3143 tribus
859 3089 1034 3143 diebus
1065 3105 1164 3143 non
1183 3089 1377 3154 videns,
1402 3098 1448 3141 et
1477 3105 1574 3141 non
1605 3087 1822 3141 mandu-

216 3185 339 3236 cavit
365 3201 529 3251 neque
555 3184 695 3237 bibit.
727 3184 863 3250 Quid
891 3183 1017 3237 huic
1044 3184 1119 3238 rei
1150 3199 1246 3254 par
1275 3182 1434 3238 fuerit
1463 3184 1486 3236 ?
1513 3182 1821 3237 Consolatio

221 3277 328 3331 [nec
359 3279 563 3332 inducti
600 3278 744 3332 Pauli
777 3287 1094 3345 compensat
1132 3294 1422 3334 mmrorem
1448 3279 1515 3334 de
1546 3278 1820 3349 Stephano

220 3381 538 3440 conceptum
561 3412 576 3434 ,
613 3371 738 3426 licet
781 3371 868 3425 hic
895 3386 1046 3425 suam
1094 3371 1289 3426 habeat
1328 3372 1380 3425 in
1413 3387 1472 3427 se
1497 3357 1821 3426 consolatio-

223 3477 334 3514 nem
361 3505 374 3524 ,
405 3462 552 3532 quod
587 3463 676 3517 ille
719 3463 798 3518 sic
841 3462 1106 3523 obiisset;
1149 3473 1203 3518 et
1234 3463 1371 3516 hanc
1413 3464 1538 3517 item
1573 3463 1812 3529 haberet,

218 3555 350 3623 quud
393 3554 859 3610 Samaritanorum
889 3557 989 3611 vici
1034 3556 1238 3612 reducti
1272 3572 1522 3626 umgnum
1560 3556 1818 3613 all'erreut

218 3650 486 3703 solatium.

283 3744 385 3798 Cur
416 3743 620 3798 Paulus
643 3757 757 3814 post
783 3744 970 3799 Christi
991 3746 1407 3799 resurrectionem
1434 3761 1702 3799 conversus
1729 3746 1813 3801 sit.

219 3839 366 3893 -Ει
408 3853 528 3898 cur,
556 3839 798 3907 inquies,
833 3853 939 3891 non
973 3838 1037 3893 ab
1085 3839 1238 3891 initio
1272 3838 1322 3891 id
1359 3837 1557 3892 factum
1586 3848 1690 3902 est,
1721 3837 1816 3892 sed

220 3933 446 3999 postea?
507 3930 578 3987 Ut
622 3932 1033 3996 05tenderetur,
1077 3946 1203 3986 vere
1243 3930 1517 3985 Christum
1568 3945 1818 3986 resurre-

219 4027 376 4079 xisse.
427 4023 531 4092 Qui
576 4025 720 4078 enim
755 4023 1179 4093 persequebatur
1210 4022 1358 4076 illum
1385 4065 1399 4088 ,
1432 4038 1530 4077 nec
1560 4022 1817 4098 credebat

216 4118 354 4170 illius
385 4126 618 4170 mortem
645 4131 708 4171 ac
743 4117 1194 4172 resurrectionem
1216 4159 1230 4181 ,
1258 4118 1349 4186 qui
1378 4117 1672 4187 discipulos
1697 4117 1816 4186 ejus

217 4209 661 4279 persequebatur.
692 4207 853 4273 unde,
877 4223 1083 4278 qumso,
1115 4209 1452 4272 credidisset,
1491 4209 1592 4263 nisi
1622 4223 1814 4278 magna

214 4303 395 4356 fuisset
431 4301 685 4355 Crucilixi
719 4301 930 4355 virtus?
959 4300 1091 4355 Esto
1117 4344 1129 4366 ,
1164 4301 1241 4354 illi
1274 4301 1371 4369 ipsi
1406 4302 1816 4371 obtemperave-

214 4398 355 4457 rint,
388 4393 518 4464 quid
563 4393 630 4447 ad
663 4393 806 4448 hunc
846 4394 992 4450 dices
1021 4394 1044 4447 ?
1075 4394 1326 4463 Alioquin
1370 4410 1498 4448 vero
1532 4393 1651 4448 ideo
1693 4403 1815 4464 post

215 4489 668 4544 resurrectionem
717 4489 965 4555 accessit,
1015 4504 1188 4559 neque
1218 4489 1436 4554 statim,
1476 4499 1532 4543 ut
1581 4489 1812 4544 manife-

213 4581 347 4634 stius
384 4581 554 4646 ipsius
584 4581 782 4634 bellum
813 4580 1072 4635 videatur.
1101 4581 1233 4636 Nam
1271 4583 1358 4651 qui
1401 4584 1480 4636 sic
1507 4583 1720 4648 insanit,
1754 4592 1815 4636 ut

214 4685 265 4728 et
289 4673 607 4744 sanguinem
636 4673 897 4738 eﬁ'undat,
927 4685 981 4730 et
1012 4675 1062 4729 in
1089 4690 1364 4730 carcerem
1394 4676 1666 4743 conjiciat,
1699 4685 1813 4730 sta-

216 4773 305 4826 tim
348 4771 542 4828 credit.
590 4771 706 4826 Non
754 4773 885 4827 satis
929 4780 1075 4834 erat,
1120 4771 1262 4842 quod
1307 4786 1428 4825 eum
1461 4771 1677 4825 Christo
1705 4787 1812 4826 non

214 4867 421 4931 fuisset,
470 4867 564 4920 sed
593 4868 830 4935 oportuit
859 4875 913 4920 ut
959 4865 1143 4920 fideles
1173 4866 1241 4919 ab
1271 4866 1361 4919 illo
1404 4867 1609 4921 fortiter
1636 4866 1812 4935 impu-

210 4969 526 5030 gnarentur.
554 4959 767 5015 Nullum
803 4977 907 5014 non
940 4960 1173 5015 furorem
1206 4970 1352 5015 retro
1379 4962 1669 5032 relinquit;
1697 4977 1813 5016 om-

210 5057 368 5109 nibus
413 5054 500 5109 hic
549 5055 726 5108 acrior
767 5063 900 5108 erat.
949 5055 1080 5109 Cum
1120 5065 1298 5109 autem
1345 5066 1645 5111 exczecatus
1692 5056 1812 5121 fuit,

211 5158 338 5202 tunc
367 5148 753 5203 dominationis
776 5157 831 5203 et
850 5148 1154 5202 clementia:
1180 5149 1300 5219 ejus
1325 5150 1519 5204 indicia
1550 5151 1767 5219 agnovit
1797 5168 1810 5204 :

209 5245 292 5296 vel
325 5244 512 5308 etiam,
539 5257 605 5297 ne
629 5243 751 5313 quis
777 5242 980 5298 diceret
1003 5244 1176 5313 ipsum
1197 5243 1498 5298 simulasse.
1529 5243 1813 5312 Quomodo

209 5338 378 5402 enim,
425 5337 517 5406 qui
564 5339 880 5407 sanguinem
919 5337 1238 5406 expetierat,
1272 5337 1361 5405 qui
1407 5337 1472 5391 ad
1504 5337 1813 5392 sacerdotes

206 5439 547 5495 accesserat,
580 5431 667 5500 qui
702 5431 752 5483 in
782 5430 1015 5499 pericula
1042 5445 1101 5485 se
1131 5429 1482 5499 conjiciebat,
1516 5429 1604 5498 qui
1633 5440 1814 5484 exter-

212 5539 310 5576 nos
337 5523 497 5576 etiam
527 5522 760 5590 pellebat
785 5532 840 5577 et
862 5523 1133 5591 puniebat,
1164 5522 1503 5577 simulasset?
1533 5523 1628 5577 llic
1653 5523 1813 5592 igitur

208 5626 334 5685 post
359 5614 478 5670 hazc
505 5617 683 5669 omnia
714 5615 1138 5671 dominationem
1163 5616 1470 5671 confitetur.
1496 5617 1603 5670 Cur
1631 5626 1810 5671 autem

211 5724 319 5763 non
359 5709 498 5763 intra
542 5707 710 5777 ipsam
745 5709 930 5763 urbem
973 5707 1060 5763 lux
1097 5709 1243 5763 illum
1283 5707 1672 5774 eireumfulsit,
1715 5711 1811 5765 sed

212 5811 336 5857 ante
379 5799 563 5856 illam?
603 5799 736 5867 Quia
769 5800 922 5854 multi
962 5817 1067 5855 non
1111 5801 1500 5868 credidissent,
1535 5803 1642 5856 imo
1673 5801 1813 5858 forte

214 5893 480 5959 risissent,
512 5890 940 5964 quandoquidem
969 5904 1021 5949 et
1042 5909 1222 5964 supra,
1259 5897 1508 5950 emissam
1534 5895 1813 5955 audientes

3453 389 3556 444 κει

1952 492 2139 533 vocem
2168 480 2434 545 dicebant,
2462 484 2702 541 Trom'trn
2726 505 2794 544 est
2823 492 3001 560 plomt.
3033 494 3117 548 12.
3149 496 3240 568 29)
3273 519 3286 555 :
3321 501 3408 558 hic
3431 521 3558 562 vero

1951 570 2056 627 lide
2082 573 2273 642 dignus
2293 588 2409 632 erat
2425 579 2552 634 dum
2574 583 2806 640 maxime
2827 602 2922 642 sua
2949 592 3242 649 nuntiaret.
3270 595 3339 651 Et
3362 599 3558 669 ligatus

1951 662 2288 723 introduCtus
2317 681 2421 736 est,
2457 689 2561 727 non
2593 676 2820 732 vinculis
2850 680 3150 753 impositis;
3185 698 3240 742 et
3267 662 3561 749 trahebant

1949 754 2121 821 illum,
2149 761 2238 828 qui
2260 776 2318 815 se
2336 763 2471 818 alios
2497 775 2789 824 tracturum
2813 776 3085 840 sperabat.
3110 778 3220 833 Cur
3240 792 3420 838 autem
3448 803 3555 841 non

1949 852 2293 910 manducavit
2326 873 2500 929 neque
2539 863 2704 918 bibit?
2730 866 2835 921 Sua
2868 882 3015 938 gesta
3043 873 3354 944 damnabat,
3387 881 3560 936 ι·‹›ι.1ὶ-

1950 945 2180 1044 tebatur,
2213 952 2433 1020 orabat,
2467 958 2691 1027 rogabat
2733 962 2922 1018 Deum.
2951 964 3005 1021 Si
3038 982 3168 1023 vero
3207 973 3330 1044 quis
3357 973 3558 1031 dixerit

1947 1039 2050 1097 hoc
2070 1060 2136 1099 ex
2169 1049 2492 1105 necessitate
2533 1053 2699 1110 fuisse
2732 1055 2876 1129 (nam
2905 1070 2960 1115 et
2989 1039 3344 1136 Elymasthoc
3378 1069 3554 1140 ipsum

1947 1149 2136 1204 passus
2164 1147 2248 1232 est
2274 1139 2409 1212 [Act.
2444 1142 2534 1217 15]
2564 1147 2606 1215 ),
2634 1149 3085 1218 respondebimus
3111 1175 3124 1210 :
3159 1157 3334 1214 Etiam
3361 1139 3554 1232 passus

1943 1238 2026 1283 est
2048 1270 2061 1292 ,
2093 1231 2187 1285 sed
2211 1235 2430 1300 mansit,
2455 1247 2511 1292 ut
2531 1251 2668 1294 erat.
2694 1241 2976 1310 Quomodo
3004 1248 3164 1319 igitur
3195 1267 3300 1306 non
3334 1265 3558 1313 coactus

1944 1326 2061 1377 est?
2092 1324 2297 1396 Ecquid
2323 1331 2492 1400 magis
2513 1347 2709 1403 cogere
2739 1347 2965 1405 poterat,
2999 1357 3159 1411 quam
3191 1354 3347 1401 terra:
3375 1361 3556 1405 motus

1943 1414 1997 1469 in
2025 1421 2424 1478 resurrectione
2453 1423 2627 1480 factus
2652 1470 2664 1493 ,
2699 1429 2829 1498 ipsis
2861 1433 3125 1490 militibus
3157 1440 3552 1507 nuntiantibus,

1940 1508 2060 1562 aliis
2089 1513 2310 1578 patratis
2352 1516 2557 1585 signis,
2601 1522 2743 1588 quod
2772 1523 2949 1594 ipsum
2991 1531 3360 1587 resurresisse
3401 1534 3554 1589 vide-

1942 1605 2102 1657 rent?
2133 1607 2202 1659 At
2232 1623 2338 1661 non
2374 1609 2460 1663 illa
2490 1615 2869 1670 necessitatem
2901 1618 3181 1685 inducunt,
3206 1625 3299 1679 sed
3330 1625 3552 1684 docent.

1940 1693 2048 1749 Cur
2086 1695 2256 1752 Judiei
2303 1699 2417 1756 huic
2453 1703 2733 1760 audientes
2773 1724 2881 1762 non
2927 1712 3321 1770 crediderunt?
3367 1717 3552 1774 Palam

1940 1800 2075 1846 erat.
2111 1790 2258 1844 illum
2296 1808 2424 1848 vera
2451 1796 2654 1853 dicere.
2681 1799 2868 1871 Neque
2897 1807 3040 1859 enim
3070 1817 3309 1864 mutatus
3336 1810 3550 1880 fuisset,

1939 1882 2040 1936 nisi
2067 1881 2168 1938 hoc
2186 1888 2484 1954 evenisset;
2518 1901 2675 1962 atque
2695 1893 2766 1949 ita
2789 1911 2979 1951 omnes
3000 1901 3223 1956 credere
3243 1906 3548 1974 Oportebat.

1939 1975 2052 2030 Non
2083 1978 2260 2033 minor
2287 1992 2402 2036 erat
2432 1983 2518 2050 iis,
2547 1986 2637 2054 qui
2661 1992 3117 2047 resurrectionem
3147 1980 3265 2065 ejus
3292 1997 3554 2066 praedica-

1939 2069 2098 2132 bant,
2135 2072 2243 2125 imo
2290 2073 2392 2129 fide
2420 2074 2632 2146 dignior
2668 2081 2755 2149 qui
2786 2093 3012 2150 repente
3043 2101 3336 2144 conversus
3377 2102 3547 2149 esset.

1936 2159 2050 2214 Non
2080 2178 2200 2216 cum
2241 2166 2396 2222 lidele
2422 2172 2673 2239 qu0piam
2705 2186 2951 2230 versatus
2993 2177 3207 2246 fuerat,
3237 2182 3333 2238 sed
3362 2184 3412 2237 in
3449 2186 3551 2239 lla-

1937 2270 2119 2311 masco
2140 2273 2434 2316 conversus
2456 2275 2557 2326 est,
2584 2266 2693 2319 imo
2713 2277 2838 2324 ante
2863 2270 3185 2328 Damascum
3212 2276 3312 2332 hoc
3329 2281 3546 2335 accidit.

1938 2349 2211 2423 Interrogo
2237 2354 2481 2410 Judaeum
2509 2378 2522 2412 :
2553 2359 2726 2425 Unde,
2758 2380 2961 2432 quaeso,
2991 2383 3284 2426 conversus
3300 2385 3382 2428 est
3409 2375 3547 2430 Pau-

1936 2445 2056 2498 lus?
2087 2446 2189 2500 Tot
2232 2450 2383 2519 signa
2415 2451 2581 2517 vidit,
2616 2464 2670 2508 et
2715 2471 3013 2515 conversus
3047 2479 3151 2516 non
3187 2475 3274 2519 est
3309 2485 3320 2518 :
3355 2467 3548 2522 ductor

1933 2536 2051 2606 ejus
2071 2551 2305 2595 mutatus
2323 2551 2405 2598 est
2427 2543 2505 2617 (a)
2526 2586 2540 2610 ,
2575 2557 2628 2600 et
2657 2546 2743 2602 hic
2772 2561 3009 2607 mutatus
3037 2571 3142 2609 non
3177 2566 3261 2611 est
3285 2561 3438 2630 :quis
3467 2561 3540 2614 illi

1938 2635 2223 2700 persuasit,
2257 2637 2365 2689 imo
2393 2639 2512 2706 quis
2539 2639 2611 2692 illi
2643 2649 2847 2698 tantum
2883 2657 3102 2714 repente
3132 2649 3353 2705 immisit
3378 2653 3545 2706 ardo—

1933 2742 2072 2792 rem,
2101 2739 2157 2782 ut
2179 2730 2464 2786 anathema
2488 2748 2587 2802 pro
2610 2732 2829 2792 Christo
2851 2738 2964 2793 fieri
2989 2743 3237 2810 optaret?
3260 2743 3540 2801 Manifesta

1931 2831 2014 2874 est
2045 2837 2222 2876 rerum
2256 2827 2474 2882 veritas.
2507 2827 2612 2883 Sed
2633 2871 2646 2893 ,
2684 2838 2740 2885 ut
2776 2833 2888 2901 jam
2920 2833 3066 2902 dixi,
3117 2837 3331 2893 interim
3363 2855 3542 2894 eunu-

1929 2914 2088 2967 clmm
2137 2915 2379 2973 videntes
2429 2920 2784 2977 illuminatum
2835 2934 2890 2980 et
2932 2927 3198 2996 legentem
3243 2931 3541 2988 erubesca-

1931 3022 2071 3062 mus.
2106 3009 2309 3065 Videtis
2333 3053 2348 3077 ,
2394 3012 2444 3066 in
2475 3026 2675 3083 quanta
2708 3020 2967 3086 polentia,
3004 3021 3054 3075 in
3083 3024 3301 3092 quantis
3338 3025 3542 3082 divitiis

1929 3113 2256 3169 versaretur,
2291 3121 2354 3159 ac
2394 3124 2567 3178 neque
2606 3111 2655 3164 in
2697 3113 2778 3164 via
2810 3114 3166 3182 quiescebat?
3194 3117 3381 3185 Qualis
3410 3134 3541 3189 ergo

1928 3208 2043 3250 erat
2067 3196 2232 3261 domi,
2257 3201 2346 3271 qui
2375 3217 2444 3256 ne
2466 3204 2518 3257 in
2550 3205 2631 3258 via
2656 3205 2874 3274 quidem
2899 3210 3201 3264 otiaretur?
3226 3211 3400 3281 qualis
3424 3223 3545 3268 erat

1929 3290 1980 3343 in
2013 3292 2215 3346 nocte?

1999 3383 2053 3436 4.
2087 3384 2362 3454 Quotquot
2387 3386 2438 3441 in
2472 3387 2822 3459 dignitatibus
2849 3395 3009 3458 estis.
3043 3396 3247 3462 audite,
3281 3407 3335 3454 et
3365 3399 3542 3454 imite-

1927 3476 2056 3529 mini
2091 3476 2447 3535 humilitatem
2486 3491 2540 3536 et
2571 3484 2842 3551 pietatem.
2882 3487 2991 3541 Etsi
3032 3488 3253 3545 domum
3294 3501 3540 3548 reverte-

1927 3579 2094 3632 retur,
2129 3585 2234 3623 non
2278 3571 2492 3627 dicebat
2530 3573 2668 3628 intra
2702 3579 3095 3646 semetipsum:
3127 3580 3313 3637 Redeo
3352 3584 3406 3637 in
3439 3600 3539 3654 pa-

1929 3662 2121 3728 triam,
2169 3663 2238 3716 ibi
2288 3665 2502 3720 lavacro
2549 3677 2694 3733 utar;
2741 3678 2797 3723 ut
2836 3681 2962 3725 sunt
3004 3671 3195 3743 frigida
3244 3676 3537 3731 mttltorum

1925 3757 2110 3810 verba.
2149 3755 2262 3811 Non
2289 3745 2426 3827 opus
2446 3758 2630 3815 habuit
2655 3764 2824 3832 signis
2853 3782 2952 3819 nec
2981 3768 3256 3823 miraculis
3287 3788 3297 3820 :
3333 3786 3393 3825 ex
3423 3772 3540 3824 solo

1925 3849 2184 3919 propheta
2232 3851 2483 3907 credidit.
2521 3855 2726 3910 Idcirco
2755 3859 2990 3928 seipsnm
3025 3861 3267 3931 deplorat
3304 3864 3498 3919 Paulus
3521 3907 3535 3929 ,

1925 3943 2112 3997 dii-ens
2138 3962 2150 3997 :
2184 3945 2292 4000 Sed
2321 3948 2723 4004 misericordiam
2753 3950 2851 4006 Dei
2880 3967 3215 4024 consequutus
3253 3976 3386 4026 sum,
3420 3961 3567 4030 quia:

1924 4037 2167 4106 ignorans
2197 4040 2294 4110 feci
2318 4041 2371 4094 in
2402 4042 2759 4099 incredulitate
2777 4087 2792 4111 ,
2821 4057 2869 4100 et
2898 4057 2950 4100 ut
2977 4050 3028 4100 in
3065 4066 3143 4102 me
3175 4052 3340 4119 primo
3367 4062 3537 4106 osten-

1925 4130 2063 4184 deret
2088 4131 2239 4185 Jesus
2268 4132 2498 4187 Christus
2523 4152 2723 4188 omnem
2755 4140 3053 4206 patientiam
3085 4140 3161 4212 (1.
3196 4142 3330 4196 Tim.
3359 4144 3412 4198 1.
3445 4145 3536 4199 15.

1927 4223 2041 4293 16).
2076 4225 2277 4295 Dignus
2308 4240 2455 4284 certe
2481 4229 2842 4287 admiratione
2867 4246 2949 4289 est
2978 4235 3064 4289 hic
3088 4237 3389 4293 eunuchus.
3420 4239 3537 4294 Non

1926 4318 2056 4372 vidit
2082 4317 2378 4384 Christum,
2411 4337 2516 4377 non
2552 4324 2681 4377 vidit
2702 4326 2912 4396 signum
2941 4319 2954 4378 Ξ
2989 4328 3165 4383 adhuc
3192 4339 3424 4385 stantem
3449 4330 3538 4386 Je-

1925 4411 2250 4482 roshlymam
2282 4414 2521 4480 videbat,
2554 4425 2608 4469 et
2637 4417 2892 4472 credebat
2920 4419 3186 4491 Philippo.
3223 4421 3378 4477 Unde
3408 4438 3538 4492 ergo

1927 4506 2046 4558 talis
2076 4505 2297 4560 elleetus
2323 4509 2445 4562 est?
2473 4510 2712 4564 Sollicita
2747 4521 2863 4566 erat
2888 4514 3064 4568 anima
3098 4515 3260 4580 illius,
3291 4516 3539 4572 attende-

1926 4597 2016 4650 hat
2044 4599 2358 4669 Scripturis,
2393 4602 2714 4657 lectionibus
2747 4620 2967 4674 operam
2993 4608 3176 4664 dabat.
3208 4611 3369 4676 Atqui
3397 4609 3538 4664 latro

1924 4692 2054 4744 vidit
2081 4693 2254 4759 signa,
2287 4705 2340 4748 et
2369 4695 2506 4765 magi
2536 4696 2781 4760 stellam;
2818 4699 2904 4751 hic
2932 4715 3061 4753 vero
3088 4700 3216 4754 nihil
3249 4702 3357 4757 tale
3379 4702 3534 4767 vidit,

1924 4793 1978 4837 et
2007 4783 2237 4838 credidit
2270 4803 2284 4841 :
2314 4802 2483 4855 USquc
2516 4788 2653 4842 adeo
2693 4791 2834 4845 utilis
2881 4801 2965 4846 est
3007 4792 3411 4862 Scripturarum
3461 4795 3538 4848 le-

1923 4875 2049 4927 ctio.
2075 4875 2211 4941 Quid
2234 4892 2334 4946 ego
2359 4879 2592 4933 Paulus?
2614 4896 2792 4934 annon
2818 4884 2991 4952 legem
3017 4885 3408 4940 meditabatur?
3429 4887 3536 4943 Sed

1925 4969 2056 5022 mihi
2085 4970 2298 5026 videtur
2331 4972 2416 5028 hic
2441 4976 2688 5029 consulto
2720 4987 3028 5031 reservatus
3052 4995 3171 5034 esse
3199 4991 3420 5051 propter
3448 4999 3533 5049 ea,

1924 5077 2045 5130 qua:
2074 5063 2224 5131 prius
2252 5064 2386 5128 dixi,
2420 5066 2561 5134 quod
2595 5067 2828 5135 undique
2858 5070 3017 5123 vellet
3042 5070 3258 5127 Judacos
3282 5074 3535 5128 Christus

1924 5154 2217 5209 attrahere.
2244 5154 2376 5209 Nam
2395 5157 2438 5210 si
2463 5169 2643 5212 mente
2661 5161 2975 5224 valuissent,
2998 5163 3129 5216 nihil
3151 5165 3281 5233 ipsis
3309 5167 3535 5235 perinde

1923 5255 2084 5317 atque
2112 5248 2214 5303 hoc
2245 5250 2376 5304 utile
2411 5250 2619 5304 fuisset.
2655 5253 2765 5306 lloc
2788 5256 2930 5307 enim
2965 5255 3083 5323 plus
3114 5273 3273 5323 quam
3306 5258 3455 5329 signa
3479 5268 3535 5314 et

1924 5339 2025 5392 alia
2074 5341 2251 5395 omnia
2302 5352 2512 5410 poterat
2562 5344 2686 5398 illos
2725 5347 3039 5401 attrahere:
3075 5350 3532 5417 quemadmodum

1927 5431 2055 5486 nihil
2090 5433 2158 5487 ita
2187 5433 2324 5490 solet
2351 5436 2704 5492 crassioribus
2732 5437 3057 5494 oll'endiculo
3087 5456 3228 5495 esse.
3263 5441 3400 5498 Vide
3428 5445 3531 5496 ita-

1924 5543 2029 5596 que
2066 5539 2186 5598 post
2224 5530 2619 5599 diSpersionem
2662 5536 3032 5602 apostolorum
3066 5538 3230 5592 Deum
3263 5539 3428 5593 edere
3459 5545 3536 5592 si.

1921 5634 2048 5688 gna.
2083 5619 2518 5678 Criminabantur
2549 5622 2719 5679 Judazi
2750 5629 3047 5698 apostolus,
3079 5630 3443 5700 conjiciebant
3475 5635 3526 5686 in

1988 5780 2060 5841 (a)
2090 5778 2275 5848 _Do_cto_r
2310 5781 2440 5831 Pauli
2467 5782 2704 5833 Gamaliel
2730 5793 2944 5848 mutatus
2968 5785 3118 5836 luisse
3142 5788 3335 5846 dicitur,
3361 5799 3409 5837 ut
3442 5807 3529 5848 pu-

1925 5852 1992 5900 to,
2017 5845 2131 5912 quia
2154 5842 2354 5912 .ludzeos
2379 5849 2634 5906 repressit,
2661 5860 2725 5894 ne
2755 5849 2802 5895 in
2822 5847 3122 5912 Christianos
3143 5842 3393 5912 saevirent,
3414 5842 3527 5900 dum

1924 5905 2097 5956 Paulus
2121 5906 2229 5968 plus
2255 5921 2400 5970 quam
2424 5905 2599 5958 Omnes
2622 5913 2822 5959 smviret
2847 5912 2892 5961 in
2920 5911 3044 5964 illos.
