4078 6318
559 398 661 453 155

555 525 823 567 carcerein
852 530 864 564 :
893 507 1108 562 deinum
1139 508 1279 562 Deus
1304 504 1555 560 miracula
1583 504 1710 558 edit.
1747 506 1800 557 IL'.
1835 500 2125 570 quomodo,

557 604 696 656 vide.
724 600 968 654 Educere
993 614 1057 653 ex
1080 613 1315 664 carcere,
1339 597 1454 664 ejus
1472 596 1681 664 signum
1706 603 1852 658 eral;
1882 592 2132 646 inducere

557 694 889 762 Philippum,
923 691 1038 760 ejus
1084 691 1293 760 signum
1322 699 1468 753 erat;
1503 687 1721 741 Paulum
1751 685 1973 744 adduci.
2016 685 2132 752 ejus

556 791 764 860 signum
795 796 940 848 erat;
974 785 1205 854 seipsum
1238 781 1509 851 Stephano
1546 780 1860 842 ostendere,
1902 779 2018 846 ejus
2057 778 2132 830 si-

555 898 716 952 gnum
738 888 872 936 erat.
897 880 962 935 Et
982 877 1278 939 considera,
1308 875 1573 945 quomodo
1601 874 1797 928 Paulus
1822 873 2129 933 houoretur,

555 973 825 1043 quomodo
861 970 1155 1026 eunuchus.
1191 967 1285 1023 llic
1327 967 1567 1022 Christus
1605 974 1844 1036 apparet,
1890 963 2025 1016 forte
2064 961 2134 1015 ob

555 1066 804 1121 duritiem
824 1108 840 1131 ,
870 1066 990 1136 quia
1022 1063 1126 1118 alio
1158 1062 1318 1116 modo
1342 1077 1445 1115 non
1474 1073 1758 1130 persuasus
1783 1065 1945 1112 esset.
1972 1055 2026 1109 lu
2051 1055 2134 1108 his

557 1175 654 1215 nos
681 1173 894 1230 quoque
923 1156 1195 1212 miraculis
1220 1164 1518 1218 versantes,
1553 1166 1650 1206 nos
1672 1151 1861 1220 dignos
1881 1149 2134 1203 exhibea-

559 1268 695 1308 mus.
730 1252 876 1306 Multi
907 1265 1080 1314 nunc.
1110 1249 1269 1304 etiam
1301 1247 1351 1300 in
1381 1245 1659 1300 ecclesiam
1695 1242 1915 1313 ingressi
1937 1283 1950 1304 ,
1987 1242 2134 1309 igno-

557 1356 676 1400 rant
701 1361 820 1414 qua:
848 1344 1135 1399 dicuntur:
1165 1338 1443 1396 eunuchus
1468 1346 1643 1391 autem
1671 1345 1725 1391 et
1749 1337 1801 1390 in
1826 1333 1966 1398 foro,
1995 1342 2050 1387 et
2078 1331 2133 1386 in

558 1454 716 1491 curru
749 1447 931 1491 vectus
953 1477 968 1498 ,
1007 1434 1218 1490 lectioni
1251 1433 1641 1501 Scripturarum
1673 1428 1998 1483 attendebat.
2028 1425 2133 1481 Sed

560 1545 656 1580 vos
686 1544 787 1582 non
822 1529 943 1584 item
970 1545 981 1579 :
1013 1543 1169 1582 nemo
1190 1525 1330 1579 enim
1355 1533 1584 1578 vestrum
1614 1522 1804 1576 librum
1833 1535 1942 1590 prae
1968 1520 2136 1573 mani-

557 1621 657 1676 bus
691 1620 880 1688 habet,
927 1620 1019 1674 sed
1053 1619 1228 1673 omnia
1262 1617 1434 1686 potius
1462 1630 1621 1684 quam
1655 1614 1869 1669 librum.
1902 1613 2007 1666 Cur
2039 1629 2134 1664 an-

560 1724 669 1767 tem
709 1729 812 1766 non
845 1712 976 1764 vidit
1007 1712 1152 1764 illum
1181 1719 1305 1761 aute
1334 1707 1720 1778 Jerosolymatn
1743 1747 1757 1769 ,
1796 1705 1887 1758 sed
1919 1705 2138 1775 postea?

560 1806 672 1860 Non
702 1806 976 1875 Oportebat
1003 1805 1148 1858 illum
1182 1803 1363 1858 videre
1395 1803 1573 1871 pulsos
1597 1799 1886 1869 apostolos,
1911 1813 1977 1852 eo
1998 1797 2137 1868 quod

561 1898 735 1952 adhuc
763 1898 1003 1951 inlirmus
1027 1904 1168 1950 eSSet
1195 1914 1206 1948 :
1252 1911 1422 1964 neque
1452 1893 1501 1947 id
1527 1902 1680 1946 antea
1712 1893 1781 1945 ita
1808 1890 1964 1945 facile
1989 1899 2105 1945 erat
2123 1929 2138 1953 ,

564 1998 623 2044 ut
643 2005 762 2046 cum
797 1987 1051 2058 propheta
1085 1986 1231 2040 illum
1258 1984 1504 2052 erudivit.
1533 1981 1623 2039 Sic
1660 1991 1715 2037 et
1743 1996 1914 2047 nunc,
1946 1981 1989 2036 si
2019 1980 2140 2051 quis

561 2092 795 2137 vestrum
824 2081 937 2136 vult
977 2078 1256 2134 attendere
1288 2078 1593 2148 pr0phetis.
1630 2092 1735 2130 non
1767 2092 1901 2146 opus
1928 2074 2143 2130 habebit

561 2175 745 2244 signis.
782 2173 846 2226 Et
873 2173 916 2228 si
943 2172 1102 2226 vultis
1129 2171 1425 2234 videamus,
1457 2169 1580 2241 quid
1615 2171 1724 2240 ipsa
1752 2167 2028 2240 pr0phetia
2056 2167 2141 2222 di-

561 2280 642 2321 cat
673 2285 682 2320 :
719 2267 866 2322 Sicut
897 2267 1000 2320 ovis
1020 2267 1090 2319 ad
1119 2267 1417 2319 occisionem
1447 2264 1626 2318 ductus
1650 2274 1757 2329 est,
1789 2274 1834 2316 et
1863 2265 1916 2316 in
1939 2262 2146 2316 humili-

564 2370 664 2413 tate
679 2361 786 2430 ejus
802 2359 1059 2430 judicium
1087 2361 1194 2427 ejus
1219 2357 1473 2411 sublatum
1500 2367 1589 2409 est.
1619 2356 1751 2410 Hinc
1769 2355 1974 2420 didicit,
2001 2354 2141 2425 quod

567 2453 846 2506 crucifixus
877 2452 964 2514 sit,
996 2450 1136 2518 quod
1170 2449 1385 2503 tollatur
1409 2449 1477 2504 de
1507 2457 1648 2502 terra
1680 2449 1784 2502 vita
1813 2447 1931 2516 ejus
1955 2487 1968 2508 ,
2003 2445 2143 2517 quod

565 2552 836 2614 peccatum
872 2545 975 2598 nou
1005 2542 1211 2609 fecerit,
1242 2542 1380 2610 quod
1415 2543 1646 2610 potuerit
1673 2550 1726 2596 et
1751 2541 1885 2596 alios
1905 2555 2142 2604 servare,

564 2637 705 2708 quod
749 2637 1024 2708 generatio
1070 2636 1183 2705 ejus
1229 2636 1298 2689 sit
1342 2635 1745 2701 inenarrabilis,
1795 2633 1938 2704 quod
1980 2643 2146 2704 petrae

567 2731 749 2785 scissre
779 2730 907 2794 siut,
932 2728 1074 2799 quod
1105 2729 1279 2783 velum
1309 2729 1533 2783 scissum
1561 2727 1648 2790 sit,
1682 2727 1824 2797 quod
1854 2726 2050 2781 mortui
2080 2740 2147 2780 ex

568 2823 828 2890 sepulcris
856 2822 1244 2876 resurrcxeriut
1271 2839 1283 2875 :
1320 2821 1426 2875 imo
1451 2821 1564 2875 hinc
1590 2823 1769 2875 omnia
1793 2820 1924 2874 dixit
1951 2821 1999 2874 ei
2025 2819 2149 2874 Plii-

566 2914 757 2982 lippus,
779 2929 842 2966 ex
864 2918 1115 2982 propheta
1135 2921 1343 2980 sumpta
1368 2914 1667 2966 occasione.
1694 2911 1878 2980 Magna
1906 2927 1991 2966 res
2019 2926 2146 2980 pro-

570 3009 708 3059 fecto
736 3015 817 3059 est
843 3005 1236 3074 Scripturarum
1274 3006 1452 3060 lectio.
1494 3005 1568 3058 ιω
1608 3005 1923 3075 implebatnr
1959 3004 2086 3059 illud
2117 3020 2148 3059 a

573 3098 754 3168 Moyse
778 3098 976 3153 dictum
1006 3117 1017 3151 :
1054 3099 1266 3158 Sedens.
1296 3100 1347 3153 iu
1373 3101 1498 3154 lecto
1531 3099 1735 3163 cubans,
1765 3116 2070 3170 exsurgens,
2103 3108 2149 3152 et

569 3190 865 3256 ambulans,
909 3192 1176 3246 recordare
1225 3191 1435 3245 Domini
1471 3191 1570 3246 Dei
1616 3192 1690 3245 tui
1734 3190 1925 3262 (Deut.
1967 3191 2022 3247 6.
2068 3192 2146 3261 7).

571 3283 794 3338 Maxime
813 3299 1038 3355 namque
1062 3286 1156 3339 via:
1182 3301 1301 3340 cum
1327 3285 1552 3340 deserta
1574 3294 1716 3351 sunt,
1739 3285 2150 3355 cogitationibus

572 3377 768 3429 nostris
799 3375 927 3430 dant
948 3376 1143 3442 locum,
1175 3378 1387 3431 nemine
1414 3376 1776 3445 perturbante.
1804 3377 1868 3432 Et
1885 3377 1970 3433 hic
1992 3377 2044 3432 in
2067 3379 2149 3434 via

574 3465 778 3530 credit,
808 3477 862 3521 et
892 3467 1086 3522 Paulus
1118 3469 1167 3522 in
1200 3469 1315 3531 via;
1351 3467 1443 3523 sed
1482 3468 1623 3522 hunc
1660 3484 1821 3524 neruo
1859 3469 2021 3524 trahit
2050 3468 2151 3522 nisi

572 3558 834 3614 Christus.
869 3559 1037 3629 Majus
1076 3560 1175 3614 hoc
1200 3570 1315 3614 crat
1335 3603 1349 3625 ,
1379 3575 1537 3629 quam
1569 3560 1709 3630 quod
1741 3561 1970 3632 apostoli
2004 3560 2151 3616 face-

573 3660 691 3705 rent
714 3669 725 3703 :
758 3651 928 3721 majus
959 3667 1084 3707 vero
1105 3652 1264 3721 quod,
1295 3668 1416 3706 cum
1443 3653 1668 3722 apostoli
1695 3654 2046 3725 Jerosolymis
2066 3668 2152 3709 es-

572 3754 721 3804 sent,
756 3754 810 3797 et
848 3759 911 3798 ex
947 3743 1029 3797 his
1058 3744 1237 3798 nullus
1274 3755 1416 3799 esset
1447 3743 1723 3810 Damasci,
1767 3745 1966 3801 isthinc
1995 3747 2154 3802 rediit

569 3835 835 3892 credens:
862 3847 917 3889 et
943 3836 1032 3902 qui
1072 3835 1313 3889 Damasci
1342 3845 1525 3901 erant,
1558 3828 1798 3892 sciebant
1839 3837 2013 3908 ipsum
2044 3854 2150 3894 non

572 3927 921 3996 Jerosolymis
947 3926 1157 3981 venisse
1184 3942 1530 3997 persuasum;
1570 3929 1821 3996 epistolas
1848 3930 1989 3986 enim
2014 3930 2153 3987 lere-

573 4019 681 4084 hat,
710 4028 769 4072 ut
788 4019 1070 4073 credentes
1097 4020 1302 4090 ligaret.
1328 4019 1478 4074 Sicut
1501 4020 1739 4076 medicus
1766 4022 2020 4092 optimus,
2039 4022 2151 4093 jam

572 4111 783 4179 vigente
811 4110 993 4176 febre,
1025 4126 1181 4180 opem
1223 4110 1296 4164 illi
1336 4111 1510 4165 attulit
1548 4107 1833 4169 Christus:
1871 4114 2155 4184 oportebat

573 4204 714 4256 enim
746 4219 866 4256 cum
896 4204 946 4256 in
981 4203 1096 4272 ipso
1122 4202 1298 4259 furore
1320 4204 1721 4273 comprehendi.
1749 4205 1898 4262 Tunc
1923 4208 2155 4264 maxime

573 4295 790 4359 decidit,
823 4311 885 4348 ac
911 4295 1142 4364 seipsum
1164 4296 1557 4363 condemnavit,
1590 4307 1645 4352 ut
1663 4299 1750 4368 qui
1775 4299 1953 4369 gravia
1981 4308 2155 4356 alten-

577 4397 760 4443 tasset.
809 4388 912 4444 Sed
944 4405 1152 4444 rursum
1181 4406 1345 4460 opere
1393 4393 1619 4460 pretium
1649 4392 1809 4449 fuerit
1845 4411 2151 4453 sermonem

573 4497 867 4535 resumere.
898 4481 1025 4545 Cur,
1064 4497 1263 4552 qumso,
1296 4483 1618 4550 Scripturte?
1642 4483 1791 4550 Quod
1817 4486 1882 4539 ad
1911 4502 2006 4541 vos
2026 4504 2150 4557 spe-

570 4584 678 4626 ctat
697 4615 710 4635 ,
743 4574 919 4627 omnia
945 4575 1151 4628 sublata
1178 4584 1320 4630 sunt.
1351 4575 1457 4629 Cur
1484 4577 1742 4630 ecclesia?
1772 4577 1960 4634 Libros
1985 4581 2151 4636 δυσυ-

571 4668 680 4720 dito
706 4686 720 4719 :
751 4669 884 4721 l'orte
913 4683 1018 4720 non
1051 4668 1154 4721 tale
1178 4667 1435 4736 judicium
1463 4669 1584 4733 erit,
1619 4685 1723 4724 non
1752 4671 1872 4726 talis
1900 4687 2073 4740 paena.
2096 4675 2150 4730 Si

575 4760 688 4826 quis
718 4761 767 4812 in
799 4759 921 4812 fimo
952 4760 1210 4815 deiodcrit
1232 4761 1368 4824 ilios,
1402 4774 1453 4816 et
1480 4779 1583 4816 non
1621 4764 1737 4817 illos
1765 4766 2012 4831 audierit,
2046 4783 2150 4822 non

575 4865 679 4904 tam
704 4854 1021 4907 contumelia
1048 4852 1228 4917 aflicit,
1251 4864 1307 4907 ut
1330 4870 1468 4909 nunc
1492 4856 1568 4910 fit.
1593 4854 1727 4923 Quid
1751 4857 1917 4919 enim,
1944 4874 2148 4927 quaeso,

576 4945 680 4996 illic
695 4944 1172 4998 contumeliosum?
1196 4945 1345 5011 Quod
1372 4948 1490 5000 illos
1511 4947 1793 5004 defoderit.
1812 4950 1948 5016 Quid
1972 4963 2150 5006 autem

573 5039 697 5092 hic?
722 5038 871 5107 Quod
903 5055 1006 5091 non
1030 5038 1309 5092 audiamus
1333 5040 1471 5094 illos.
1501 5040 1594 5095 Dic
1625 5042 1898 5103 tnihi,uter
1923 5048 2152 5100 maxime

573 5129 893 5184 contumelia
925 5131 1082 5185 aflicit
1106 5173 1118 5194 ,
1166 5132 1254 5201 qui
1287 5134 1501 5200 silenti,
1551 5150 1616 5187 an
1648 5135 1736 5204 qui
1769 5136 2002 5206 loquenti
2047 5155 2149 5194 non

573 5223 1082 5292 n-spondet‘ICerte
1121 5227 1207 5295 qui
1254 5227 1510 5295 loquenti.
1560 5227 1744 5298 Itaque
1793 5231 1963 5299 major
2010 5249 2150 5289 nunc

573 5325 654 5368 est
696 5317 1047 5381 contumelia,
1095 5332 1212 5371 cum
1256 5318 1558 5388 loquentem
1599 5337 1706 5375 non
1746 5321 1932 5386 audis,
1981 5326 2151 5394 major

574 5419 926 5475 contemptus.
962 5408 1042 5463 Ne
1068 5410 1345 5479 loquamini
1385 5411 1558 5475 nobis,
1589 5413 1857 5483 quondam
1901 5413 2151 5471 dicebant

575 5500 849 5570 prophetis
875 5500 1043 5556 Judzei
1076 5521 1088 5557 :
1123 5518 1218 5556 vos
1243 5515 1419 5558 autem
1451 5505 1601 5575 pejus
1631 5505 1833 5574 facitis,
1866 5508 2146 5564 dicentes:

575 5591 651 5646 Ne
679 5592 1003 5662 loquamini,
1038 5611 1142 5650 non
1164 5595 1403 5651 facimus.
1437 5598 1513 5651 llli
1541 5613 1671 5667 ergo
1697 5600 2009 5655 avertebant
2033 5617 2149 5667 eos,

573 5695 633 5739 ut
655 5701 722 5741 ne
748 5685 1109 5757 loquerentur,
1135 5691 1285 5759 quasi
1315 5706 1377 5744 ex
1404 5692 1613 5746 illorum
1646 5709 1776 5747 voce
1802 5694 2032 5764 aliquam
2065 5711 2152 5751 ac-

580 5781 824 5851 cipereut
846 5783 1054 5851 pietatis
1084 5783 1417 5838 occasionem
1446 5803 1459 5839 :
1489 5800 1584 5840 vos
1622 5796 1797 5841 autem
1830 5804 1937 5857 pra:
1985 5788 2153 5844 multo

569 5887 875 5946 contemptu
903 5890 1073 5947 neque
1102 5875 1200 5932 hoc
1234 5876 1421 5933 facitis.
1453 5876 1678 5946 Credite,
1713 5881 1754 5933 si
1784 5881 2024 5937 inanibus
2060 5895 2152 5937 ora

1263 390 1320 446 S.
1359 385 1632 444 JOANNIS
1653 381 2119 440 CllltiSOS'l'UMl
2161 377 2474 434 ARClllliP.
2515 373 3044 432 CONSTANTINOP.

3724 363 3830 419 158

2241 493 2584 554 ohturaretis.
2616 508 2719 548 non
2754 502 2896 546 tanta
2921 501 3064 546 esset
3084 485 3402 544 contumelia
3432 493 3626 554 quanta
3660 500 3826 538 nunc.

2241 585 2333 639 Dic
2353 583 2494 639 enim
2524 584 2674 648 mihi,
2704 583 2794 651 qui
2822 582 2967 636 audit
2997 591 3051 636 et
3077 595 3181 634 non
3209 579 3564 646 obtemperat,
3588 587 3830 645 magisue

2238 677 2549 739 contemnit,
2577 692 2736 746 quam
2763 676 2851 746 qui
2876 691 2982 729 non
3009 674 3194 729 audit?

2308 769 2360 825 5.
2402 768 2503 824 Sed
2530 784 2655 838 age,
2685 768 3060 822 contumeliam
3105 764 3409 834 hujusmodi
3452 762 3818 831 exploremus.

2241 862 2295 916 Si
2324 862 2442 930 quis
2465 877 2586 916 eum
2608 903 2622 926 ,
2646 861 2732 931 qui
2785 861 3105 916 contumelia
3151 859 3335 922 aflicit,
3386 860 3657 911 contineat
3681 865 3736 908 et
3765 869 3833 906 os

2239 954 2450 1008 obturet
2477 956 2549 1020 ei,
2593 964 2862 1024 tamquam
2893 968 3033 1022 πει-ε
3064 952 3245 1008 ferens
3279 949 3663 1013 contumelias;
3693 948 3834 999 alios

2243 1063 2368 1103 vero
2416 1063 2585 1118 neque
2628 1056 2800 1114 curet,
2850 1061 3020 1117 neque
3066 1045 3347 1100 advertere
3393 1045 3677 1098 videatur:
3709 1050 3836 1095 utcr

2240 1144 2409 1212 magis
2437 1140 2771 1196 contemnit?
2820 1156 2994 1194 annon
3029 1140 3148 1193 hic?
3192 1138 3282 1192 llle
3327 1153 3556 1207 namque
3593 1135 3837 1191 declarat

2240 1250 2301 1289 se
2343 1235 2546 1304 plagam
2590 1233 2872 1303 accipere;
2920 1231 3008 1286 hic
3054 1247 3180 1286 vero
3225 1229 3338 1284 fere
3381 1244 3442 1283 os
3469 1230 3683 1284 obturat
3710 1226 3832 1282 Dei.

2245 1325 2483 1382 Horretis
2508 1325 2710 1380 dictum
2737 1342 2751 1389 ;
2785 1325 2878 1380 sed
2905 1324 3029 1379 audi
3053 1324 3322 1394 quomodo
3354 1323 3455 1376 hoc
3482 1321 3591 1376 fiat.
3619 1319 3712 1386 Os,
3735 1333 3837 1388 per

2243 1420 2382 1489 quod
2429 1419 2662 1489 loquitur
2710 1418 2853 1473 Deus
2877 1461 2892 1483 ,
2926 1433 2987 1472 os
3016 1418 3110 1472 Dei
3139 1426 3240 1471 est.
3297 1417 3445 1470 Sicut
3472 1415 3613 1470 enim
3643 1413 3746 1467 hoc
3769 1427 3839 1467 os

2243 1513 2436 1567 animae
2467 1522 2664 1566 nostrae
2694 1519 2777 1565 est
2800 1552 2815 1576 ,
2845 1511 2946 1566 etsi
2975 1512 3149 1564 anima
3183 1528 3243 1561 os
3274 1524 3378 1561 non
3411 1508 3598 1560 haheat
3632 1524 3645 1559 :
3675 1506 3751 1558 sic
3778 1510 3840 1558 et

2244 1620 2304 1659 os
2347 1605 2724 1675 prophetarum
2764 1612 2849 1657 est
2891 1617 2953 1658 os
3004 1603 3118 1657 Dei.
3179 1601 3372 1655 Audite
3415 1609 3469 1655 ct
3515 1597 3836 1653 horrescite.

2244 1699 2555 1754 Communis
2584 1708 2666 1753 est
2690 1698 2948 1752 diaconus
2991 1697 3082 1751 ille
3104 1740 3116 1760 ,
3146 1697 3234 1764 qui
3276 1706 3380 1749 stat
3411 1705 3463 1748 et
3491 1693 3704 1756 clamat,
3735 1691 3837 1743 At-

2247 1797 2540 1861 tendamus,-
2569 1794 2726 1864 idque
2747 1810 2890 1864 sarpe
2911 1795 3123 1863 repetit.
3153 1793 3275 1845 llmc
3297 1807 3397 1845 vox
3419 1790 3666 1845 Ecclesia:
3689 1803 3843 1841 com-

2247 1889 2425 1943 munis
2455 1899 2557 1954 est,
2586 1897 2637 1943 et
2663 1903 2820 1942 uenio
2847 1887 3094 1941 attendit.
3124 1887 3248 1939 Post
3279 1886 3424 1939 illum
3454 1883 3638 1952 incipit
3667 1882 3844 1936 lector

2249 1983 2582 2053 prophetiam
2615 1982 2762 2036 Isaiae
2792 2000 2805 2035 :
2837 1997 3011 2052 neque
3036 1982 3112 2035 sic
3136 1980 3362 2035 attendit
3405 1978 3669 2049 quispiam
3690 2017 3702 2038 ,
3735 1976 3841 2030 etsi

2250 2076 2528 2147 prophetia
2581 2075 2871 2129 humanum
2914 2074 3044 2128 nihil
3084 2073 3299 2128 habeat.
3352 2069 3556 2125 Deinde
3606 2066 3844 2122 auditori

2250 2169 2526 2231 enuntiat,
2563 2166 2687 2220 Han:
2739 2167 2858 2220 dicit
2907 2165 3192 2228 Dominus;
3243 2163 3531 2233 nullusque
3583 2159 3842 2217 attendit.

2251 2260 2389 2328 Quid
2416 2261 2576 2314 dico?
2622 2258 2924 2314 Tremenda
2957 2258 3200 2328 qnmdam
3231 2267 3284 2312 et
3308 2254 3572 2311 horrenda
3614 2263 3792 2308 narrat
3828 2272 3843 2307 :

2251 2367 2423 2422 neque
2441 2352 2579 2405 ullus
2599 2360 2681 2406 est
2703 2353 2790 2420 qui
2809 2351 3070 2405 attemlat.
3093 2349 3287 2404 Verum
3309 2347 3433 2417 quid
3456 2347 3638 2401 dicunt
3656 2344 3804 2398 multi
3822 2344 3848 2396 ζ’

2252 2445 2479 2512 Semper
2505 2441 2688 2497 eadem
2732 2442 2875 2512 legit.
2911 2442 3023 2496 lloc
3051 2439 3281 2494 maxime
3301 2441 3401 2492 Vos
3431 2438 3622 2508 perdit.
3652 2436 3705 2491 Si
3739 2436 3847 2489 ita—

2251 2551 2354 2606 que
2377 2536 2467 2589 illa
2496 2535 2726 2598 sciretis,
2752 2549 2924 2604 neque
2948 2535 3026 2588 sie
3050 2542 3324 2602 oporteret
3355 2532 3520 2585 averti
3552 2547 3564 2582 :
3593 2528 3846 2599 quando-

2254 2614 2465 2700 quidem
2500 2629 2549 2682 in
2585 2628 2808 2681 theatris
2861 2627 3047 2682 eadem
3085 2626 3197 2696 ipsa
3225 2640 3438 2695 semper
3484 2623 3638 2686 fiunt,
3668 2637 3852 2690 neque

2257 2732 2432 2777 tamen
2458 2721 2746 2775 satiamiui.
2775 2719 2962 2789 Qualia
2991 2719 3174 2775 dicere
3199 2719 3384 2782 audes,
3408 2719 3496 2788 qui
3520 2732 3589 2771 ne
3613 2715 3856 2786 prophe-

2255 2825 2428 2870 tarum
2461 2816 2677 2870 nomina
2729 2815 2944 2886 quidem
2993 2816 3172 2868 nosti?
3221 2813 3337 2867 Non
3368 2819 3418 2866 te
3451 2811 3611 2882 pudet
3636 2809 3845 2874 dicere,

2255 2917 2307 2962 te
2336 2907 2456 2962 ideo
2488 2923 2593 2962 non
2623 2907 2826 2970 audire,
2857 2906 2980 2976 quia
3008 2906 3195 2960 eadem
3222 2921 3435 2974 semper
3463 2905 3730 2974 leguntur,
3755 2902 3851 2971 qui

2254 3016 2324 3056 ne
2353 3001 2567 3055 nomina
2591 3000 2807 3070 quidem
2834 3000 3154 3070 scriptorum
3183 2999 3343 3063 nosti,
3373 2999 3495 3053 licet
3518 2998 3608 3052 illa
3632 3011 3855 3064 semper

2255 3092 2475 3149 audias?
2516 3093 2647 3147 Nam
2680 3103 2733 3148 tu
2764 3108 2976 3163 quoque
3004 3093 3313 3158 conﬁteris,
3343 3091 3530 3147 eadem
3573 3092 3684 3160 ipsa
3717 3089 3848 3143 dici.

2256 3187 2368 3255 Ego
2379 3186 2421 3241 si
2438 3196 2487 3241 te
2499 3185 2800 3240 accusando
2819 3185 2932 3240 hare
2949 3184 3223 3247 dixissem,
3245 3193 3514 3254 oporteret
3536 3191 3587 3237 te
3603 3182 3668 3236 ad
3687 3181 3852 3236 aliam

2256 3278 2620 3333 defensionem
2645 3276 2958 3348 confugere,
2987 3286 3041 3332 et
3067 3292 3172 3332 non
3194 3276 3260 3332 ad
3281 3276 3672 3330 accusationem
3702 3283 3855 3331 tuam

2255 3372 2457 3426 venire.
2495 3372 2589 3427 Dic
2613 3371 2766 3438 mihi,
2790 3387 2968 3426 annon
2991 3371 3248 3426 admones
3270 3370 3435 3425 lilium
3463 3369 3650 3424 tuum?
3679 3368 3735 3422 Si
3762 3367 3855 3423 di-

2257 3472 2404 3520 ceret
2430 3466 2551 3532 ille,
2578 3466 2807 3535 Semper
2845 3467 3067 3531 eadem;
3100 3481 3277 3520 annon
3330 3476 3544 3534 putares
3573 3473 3858 3519 contume-

2258 3556 2380 3610 liam
2407 3557 2570 3613 esse?
2615 3557 2891 3628 Tuuc'par
2921 3567 3064 3614 esset
3091 3573 3194 3611 non
3227 3557 3415 3613 eadem
3461 3557 3662 3624 dicere,
3688 3557 3731 3611 si
3761 3556 3856 3612 illa

2257 3652 2537 3720 sciremus,
2570 3662 2624 3708 et
2653 3653 2906 3723 operibus
2946 3652 3357 3716 exhiberemus;
3387 3652 3494 3705 imo
3526 3665 3699 3721 neque
3721 3660 3858 3706 tunc

2257 3747 2526 3819 superﬂua
2583 3747 2741 3802 lectio
2787 3755 2949 3801 chet.
2999 3747 3135 3813 Quid
3185 3762 3280 3816 par
3331 3743 3653 3799 Timotheo?
3696 3745 3858 3798 Atta-

2259 3855 2380 3895 men
2412 3839 2490 3894 illi
2516 3838 2757 3894 scrihens
2799 3837 2995 3893 Paulus
3033 3838 3284 3892 dicebat:
3333 3836 3547 3891 Attende
3565 3835 3779 3890 tectioni
3803 3844 3860 3889 et

2257 3934 2595 3989 exhortatiom’
2622 3932 2710 4004 (1.
2740 3930 2875 3986 Tini.
2906 3933 2956 3986 4.
2990 3932 3109 4001 l5).
3144 3930 3324 4000 Neque
3353 3931 3497 3985 enim
3525 3936 3705 4000 potest
3733 3943 3859 3982 um-

2258 4041 2414 4097 quam
2444 4040 2636 4082 sensus
2674 4024 3074 4094 Scripturarum
3106 4021 3377 4077 exhauriri
3409 4039 3422 4074 :
3453 4019 3575 4076 fons
3618 4031 3702 4076 est
3747 4020 3859 4073 im-

2258 4134 2497 4176 mensus.
2557 4119 2744 4174 Dicere
2773 4120 2984 4178 solent,
3018 4117 3170 4185 Novi,
3200 4117 3467 4188 inquiunt,
3495 4125 3550 4171 et
3581 4125 3690 4170 tum
3717 4114 3859 4171 mihi

2261 4213 2487 4269 efﬂuxit.
2508 4213 2684 4268 Vultis
2704 4213 3006 4276 ostendam,
3035 4212 3150 4267 haic
3176 4228 3281 4267 non
3311 4227 3431 4268 esse
3459 4211 3686 4268 eadem?
3711 4211 3862 4279 Quot

2261 4308 2456 4378 putatis
2499 4323 2564 4362 ex
2603 4307 2904 4376 Evangeliis
2945 4305 3196 4376 loquutos
3245 4310 3403 4362 esse?
3443 4305 3550 4362 Sed
3580 4306 3631 4362 hi
3661 4321 3860 4364 omnes

2260 4416 2394 4456 nova
2420 4399 2662 4470 quaedam
2689 4399 2965 4454 dixerunt.
3012 4399 3223 4466 Quanto
3253 4401 3396 4456 enim
3433 4401 3605 4470 magis
3648 4401 3699 4456 in
3747 4401 3860 4457 illis

2259 4503 2526 4559 versatur,
2556 4502 2705 4548 tanto
2727 4494 2937 4549 acutius
2968 4494 3133 4559 videt,
3171 4505 3319 4550 tanto
3363 4495 3630 4565 puriorem
3660 4497 3862 4567 aspicit

2260 4587 2453 4642 lucem.
2476 4585 2611 4640 Ecce
2635 4597 2834 4655 quanta
2864 4587 3004 4641 dico.
3031 4585 3168 4654 Quid
3195 4599 3276 4642 est
3305 4587 3623 4658 prophetia?
3648 4587 3811 4644 dicite
3840 4611 3857 4649 :

2260 4679 2385 4748 quid
2427 4679 2829 4734 enarrationcs?
2870 4680 2996 4749 quid
3048 4682 3332 4749 parabola?
3383 4682 3508 4751 quid
3560 4683 3862 4754 allegoria?

2259 4773 2385 4842 quid
2435 4774 2625 4843 typus?
2656 4772 2781 4843 quid
2838 4773 3176 4845 symbolum?
3225 4776 3350 4843 quid
3397 4776 3706 4846 evangelia?
3739 4776 3861 4836 Hoc

2266 4881 2390 4919 vero
2412 4876 2613 4919 tantum
2639 4865 2762 4919 mihi
2794 4866 2974 4932 dicite,
3006 4868 3146 4937 quod
3178 4867 3380 4922 clarum
3408 4878 3489 4924 est
3509 4911 3525 4935 ,
3553 4885 3648 4923 cur
3676 4869 3863 4926 Evan-

2259 4959 2394 5027 gelia
2422 4960 2560 5012 dicta
2587 4961 2750 5012 sunt?
2777 4959 2938 5028 Atqui
2965 4975 3107 5029 saepe
3142 4960 3387 5024 audistis,
3412 4960 3555 5030 quod
3578 4963 3860 5030 evangelia

2260 5052 2391 5106 nihil
2434 5061 2683 5108 moestum
2716 5052 2913 5106 habere
2938 5052 3169 5107 debeant
3199 5071 3210 5107 :
3243 5053 3357 5110 haec
3401 5071 3529 5108 vero
3559 5056 3720 5109 multa
3750 5071 3859 5111 au-

2256 5145 2499 5199 steritate
2547 5145 2700 5214 plena
2750 5145 2914 5198 sunt?
2940 5143 3085 5214 Ignis
3121 5145 3328 5200 illorum
3359 5164 3458 5200 non
3484 5149 3858 5219 exstinguetnr,

2259 5239 2448 5306 inquit,
2477 5250 2521 5291 ει
2547 5239 2726 5290 vermis
2771 5255 2943 5291 eorum
2974 5256 3074 5292 non
3100 5241 3342 5293 morietur
3384 5239 3588 5311 (Marc.
3619 5240 3674 5296 9.
3705 5241 3856 5314 4'5);

2259 5329 2488 5398 illudque
2515 5370 2530 5395 ,
2564 5328 2841 5382 Dissecubit
2870 5345 3005 5396 eum,
3045 5339 3091 5383 et
3118 5340 3266 5400 ponet
3296 5332 3575 5400 porticum
3600 5332 3709 5403 ejus
3734 5349 3864 5390 cum

2259 5422 2530 5490 bypocritis
2576 5421 2800 5492 (Matth.
2849 5420 2940 5476 24.
2987 5423 3124 5493 5-1);
3158 5431 3214 5478 et
3246 5422 3395 5491 illud,
3445 5423 3863 5484 Dieet:Nescio

2258 5530 2365 5580 vos,
2393 5514 2631 5568 discedite
2657 5531 2687 5566 a
2716 5531 2814 5579 me,
2838 5517 2923 5587 qui
2967 5517 3246 5585 operamini
3287 5519 3602 5590 iniquitatem
3631 5518 3762 5592 (η.
3800 5525 3857 5578 7.

2258 5609 2329 5663 εδ
2349 5609 2392 5677 ).
2425 5609 2586 5680 igitur
2611 5625 2678 5664 ne
2706 5609 3033 5681 decipiamus
3051 5615 3428 5684 nosmetipsos,
3459 5623 3706 5685 putantes
3733 5616 3861 5674 lia-c

2255 5699 2448 5757 Graeco
2472 5716 2620 5755 more
2643 5700 2768 5757 dici.
2790 5703 3002 5760 Nihilne
3028 5704 3141 5760 hzec
3158 5706 3224 5761 ad
3256 5722 3353 5763 nos
3372 5708 3396 5761 Ὶ
3415 5707 3523 5762 Vos
3548 5723 3677 5763 vero
3699 5711 3856 5766 surdi

2261 5794 2411 5858 estis,
2435 5802 2487 5848 et
2505 5793 2654 5863 quasi
2677 5795 2885 5850 attoniti
2907 5806 3068 5866 caput
3090 5799 3379 5854 inclinatis.
3403 5800 3686 5872 Evangelia
3712 5802 3856 5858 nihil

2263 5883 2462 5940 habere
2501 5883 2696 5941 debent
2744 5901 2953 5957 eorum,
2985 5904 3101 5960 qua:
3128 5893 3329 5962 agenda
3376 5902 3518 5963 sunt,
3551 5891 3642 5950 sed
3673 5894 3859 5951 solum
