4078 6318
178 271 284 331 557

177 390 316 443 bona
338 397 621 442 consulere
651 404 665 440 :
697 384 814 439 hinc
836 398 961 437 vero
980 380 1259 436 innumera
1282 379 1479 434 habent
1504 376 1781 441 iacienda;

175 478 478 553 cujuSmodi
502 489 631 534 sunt
658 478 775 532 haec
806 493 817 529 :
850 475 911 531 Si
934 478 1046 545 quis
1076 490 1177 528 non
1206 473 1312 527 odit
1342 482 1536 541 patrem
1561 486 1708 524 suum
1736 478 1784 521 et

176 582 421 639 matrem,
455 588 558 626 non
596 581 669 624 est
706 586 785 623 me
816 570 998 639 dignus
1025 565 1191 637 (Luc.
1236 568 1322 620 :4.
1369 564 1513 631 £6);
1546 571 1632 625 et,
1661 560 1783 614 Non

175 668 289 722 veni
308 684 492 737 pacem
523 666 719 718 mittere
747 664 801 718 in
830 675 1037 726 terram,
1070 660 1158 714 sed
1182 658 1414 731 gladium
1438 654 1663 726 (Matth.
1692 654 1779 709 10.

175 761 267 816 51.
314 759 443 814 Luc.
480 759 570 814 η.
601 760 661 813 51
687 761 702 825 )
730 774 745 819 ;
797 766 878 821 et,
911 754 1306 809 Tribulationem
1332 752 1384 805 in
1415 750 1603 803 mundo
1630 746 1785 800 liabe-

176 857 291 909 bitis
316 853 510 924 (Joan.
569 852 656 907 16.
705 850 829 922 55).
866 848 1091 904 Pulchra
1121 845 1367 916 quidem;
1397 846 1491 898 sed
1524 857 1629 897 non
1658 849 1784 894 sunt

179 946 478 1016 evangelia.
532 943 881 1014 Evangelium
943 955 1173 1010 namque
1222 938 1323 993 hoc
1367 945 1451 991 est
1479 952 1490 988 :
1522 933 1648 988 llaec
1688 932 1782 986 tibi

176 1039 313 1093 bona
338 1047 502 1093 erunt
532 1055 545 1090 :
573 1047 629 1092 ut
658 1038 831 1091 solent
862 1034 1109 1089 homines
1141 1033 1279 1086 inter
1305 1044 1363 1085 se
1383 1028 1565 1084 dicere
1598 1046 1610 1081 :
1642 1024 1780 1092 Quid

177 1130 303 1184 mihi
331 1140 411 1184 est
446 1126 888 1200 evangeliorum?
915 1134 1065 1196 pater
1108 1135 1231 1178 tuus
1257 1122 1460 1184 veniet,
1488 1120 1572 1174 vel
1610 1128 1783 1173 mater

176 1232 288 1275 tua.
329 1222 451 1277 Non
480 1224 685 1287 dicunt,
718 1221 843 1274 llirc
880 1219 1060 1274 facito.
1112 1218 1343 1271 Rursum
1370 1214 1456 1268 dic
1478 1213 1626 1275 mihi,
1653 1210 1780 1282 quid

177 1314 432 1371 diderant
457 1318 571 1371 hinc
595 1331 627 1371 a
651 1311 978 1385 projilieticis
1005 1332 1017 1368 :
1042 1328 1137 1367 cur
1165 1327 1271 1365 non
1303 1319 1360 1366 et
1387 1309 1473 1364 illa
1506 1308 1780 1377 evangelia

174 1410 473 1467 dicuntur?
512 1422 635 1462 nam
675 1417 732 1462 et
773 1408 861 1463 illa
902 1406 1089 1461 eadem
1130 1399 1345 1467 dic‘unt;
1400 1402 1544 1456 verbi
1595 1417 1774 1459 causa,

176 1502 338 1555 Saliet
387 1502 519 1554 sicut
570 1515 744 1553 cervus
790 1501 1000 1552 claudus
1030 1500 1045 1565 (
1068 1495 1197 1550 Isai.
1254 1496 1345 1550 35.
1380 1496 1451 1565 6)
1484 1515 1496 1550 :
1530 1492 1780 1545 Dominus

175 1595 311 1647 dabit
336 1594 544 1646 verbum
574 1591 1029 1663 eoangelizantibus
1075 1588 1262 1663 (l’sal.
1310 1586 1400 1642 67.
1452 1584 1553 1655 12)
1586 1604 1597 1638 :
1632 1584 1777 1637 Dabo
1804 1580 1807 1585 λ

175 1691 309 1740 vobis
347 1688 534 1741 ca'lunt
578 1702 761 1741 novum
788 1696 836 1739 et
866 1697 1052 1739 terram
1080 1681 1449 1754 novant(lsai.
1509 1680 1597 1734 65.
1649 1680 1714 1733 17
1739 1683 1775 1747 ).

174 1780 281 1831 Cur
322 1794 432 1833 non
461 1788 517 1833 et
550 1778 640 1831 illa
670 1778 948 1847 evangelia
992 1775 1287 1831 vocantur?
1332 1789 1430 1828 cur
1458 1789 1565 1828 non
1594 1784 1644 1826 et
1680 1772 1779 1825 hoc

174 1871 452 1941 prophetia
473 1869 712 1924 dicitur?
738 1868 890 1935 Quod
918 1869 963 1922 si
995 1868 1299 1921 nescientes
1328 1864 1459 1935 quid
1482 1866 1590 1919 sint
1612 1878 1778 1917 evan-

173 1965 306 2031 gelia
327 2005 343 2030 ,
374 1964 457 2018 sic
504 1963 792 2017 lectionem
844 1960 1243 2028 Scripturarum
1299 1957 1579 2027 despicitis
1603 1998 1617 2021 ,
1650 1956 1777 2025 quid

175 2056 346 2109 diram
370 2055 563 2110 vobis?
588 2055 768 2109 Dicam
793 2064 846 2109 et
865 2053 1010 2108 aliud
1035 2072 1050 2107 :
1074 2050 1182 2107 Cur
1206 2061 1438 2122 quatuor
1454 2051 1778 2119 Evangelia?

173 2164 269 2201 cur
289 2162 393 2201 non
416 2147 644 2202 decem?
665 2162 762 2200 cur
788 2160 891 2199 non
918 2144 1147 2215 viginti?
1172 2158 1270 2198 cur
1292 2157 1398 2197 non
1428 2142 1577 2196 inulti
1605 2143 1779 2194 l3van~

174 2242 306 2311 geli:
336 2242 576 2297 scribere
619 2250 748 2295 sunt
772 2239 1007 2310 aggressi
1034 2240 1087 2293 ‘?
1113 2254 1209 2293 cur
1236 2253 1341 2292 non
1365 2238 1543 2292 unus?
1568 2253 1663 2291 cur
1691 2236 1775 2290 di-

174 2334 402 2403 scipuli?
453 2347 551 2389 cur
605 2348 713 2387 non
767 2331 827 2399 ii,
860 2331 951 2403 qui
991 2330 1238 2401 discipuli
1278 2344 1386 2385 non
1434 2329 1633 2384 erant?
1680 2343 1779 2381 cur

236 2538 255 2569 ¹
276 2537 429 2607 Aliis;
464 2537 616 2586 habet
637 2572 652 2593 ,
687 2548 775 2607 cur
799 2549 890 2585 non
923 2534 1092 2598 viginti
1120 2534 1143 2584 .’
1175 2532 1419 2596 siquidem
1451 2532 1593 2583 multi
1616 2528 1780 2582 conati

177 2606 282 2650 sunt
304 2604 534 2649 arduua'e
554 2604 900 2648 narrationem.

1175 264 1237 319 IN
1278 259 1455 316 ACTA
1498 256 2023 314 ΑΡΟΞΤυΙιΟΙΠΣΜ.
2069 258 2300 314 llOMlL.
2346 257 2463 313 XX.

3395 264 3513 324 15$

1895 375 2118 429 omnino
2147 375 2439 443 Scriptura:
2457 375 2481 428 ?
2502 376 2661 446 Atqui
2684 375 3012 431 contrarium
3040 377 3173 434 dicit
3200 390 3352 438 vetus
3375 382 3459 438 lex
3487 400 3503 437 :

1891 464 2037 520 Dabo
2084 468 2220 522 vobis
2268 467 2642 522 Testamentum
2699 468 2905 523 Novum
2928 470 2947 539 (
2966 468 3077 525 Jer.
3108 471 3197 526 31.
3230 473 3293 529 31
3322 474 3364 541 ).
3399 474 3505 533 llhi

1888 569 2013 613 Sunt
2044 559 2099 621 ii,
2132 559 2222 629 qui
2252 560 2456 626 dicunt,
2482 559 2709 629 Semper
2758 561 2986 616 eadem?
3035 562 3091 618 Si
3123 563 3239 619 haec
3261 566 3500 624 sciretis.

1888 651 2030 721 quod
2059 653 2103 706 si
2133 652 2294 707 homo
2315 652 2503 707 decem
2529 654 2674 708 mille
2698 654 2854 709 annis
2883 657 3115 725 \iveret,
3138 674 3245 712 non
3275 660 3382 715 sint
3414 668 3501 714 ta-

1890 762 2012 800 men
2037 747 2249 815 eadem,
2281 748 2398 802 haec
2422 764 2527 802 non
2565 748 2840 804 diceretis.
2870 749 3110 817 Credite,
3137 752 3272 807 nihil
3301 753 3495 810 horum

1889 838 2042 893 vobis
2068 838 2279 903 dicam,
2312 856 2418 894 non
2452 841 2724 909 privatim,
2760 858 2864 896 non
2897 843 3142 913 publice;
3176 845 3271 901 sed
3302 848 3346 902 si
3378 850 3498 917 quis

1890 931 2181 999 invenerit,
2214 949 2484 1002 annuam;
2514 937 2596 990 sin
2631 938 2832 1004 minus,
2883 938 3079 993 sinam.
3114 940 3203 995 Sic
3235 957 3333 997 vos
3367 944 3499 997 ieci-

1889 1040 2009 1080 mus
2047 1024 2301 1092 inutiles,
2330 1042 2548 1098 semper
2592 1031 2773 1084 omnia
2807 1039 3054 1102 prompte
3083 1032 3327 1088 dicentes
3352 1076 3367 1100 ,
3400 1050 3499 1091 nec

1888 1118 2102 1190 quando
2144 1129 2356 1189 oportet
2390 1130 2708 1178 renuentes.
2762 1123 2904 1179 Ecce
2934 1124 3143 1180 habetis
3172 1127 3501 1198 qiiieStiones

1889 1213 2085 1267 multas
2114 1232 2126 1267 :
2158 1214 2520 1279 considerate,
2546 1213 2711 1271 dicite
2741 1231 2981 1271 causam.
3033 1215 3141 1272 Cur
3171 1218 3501 1290 Evangelia?

1888 1320 1986 1358 cur
2027 1320 2132 1358 non
2168 1306 2524 1374 prophetiae?
2577 1322 2675 1361 cur
2710 1322 2795 1373 ea,
2824 1322 2948 1377 quae
2981 1306 3228 1365 facienda
3274 1320 3421 1378 sunt,
3446 1313 3505 1367 iu

1890 1397 2231 1468 Evangeliis?
2286 1397 2354 1452 Et
2400 1400 2444 1451 si
2496 1398 2584 1453 hic
2629 1399 2860 1463 dubitet,
2892 1400 3031 1455 alius
3062 1412 3289 1471 quaerat,
3324 1412 3380 1458 et
3404 1418 3499 1459 sua

1887 1490 2008 1545 aliis
2045 1502 2234 1545 mutuo
2277 1490 2604 1545 conferant:
2640 1492 2858 1546 demum
2890 1507 2988 1547 nos
3015 1492 3316 1550 silebimus.
3366 1494 3499 1550 Nam

1889 1584 1933 1638 si
1977 1583 2121 1639 dicta
2172 1582 2323 1637 vobis
2351 1584 2479 1637 nihil
2514 1582 2852 1653 profuerunt,
2883 1585 3056 1639 multo
3088 1587 3265 1641 minus
3307 1588 3500 1657 prode-

1888 1688 2047 1741 runt,
2078 1693 2198 1749 quae
2228 1677 2575 1747 adjicientur.
2630 1676 2765 1732 Vere
2788 1677 2936 1731 dolio
2965 1694 3030 1733 ex
3062 1689 3282 1748 pertuso
3312 1680 3500 1736 hauri-

1889 1784 2009 1823 mus
2041 1788 2053 1824 :
2083 1770 2226 1825 unde
2258 1769 2431 1839 majus
2474 1769 2630 1824 vobis
2669 1768 2989 1839 supplicium
3021 1772 3148 1826 erit.
3198 1770 3326 1826 ldeo
3370 1789 3501 1843 ergo

1891 1862 2205 1918 Iacebimus.
2238 1861 2391 1929 Quod
2426 1877 2493 1916 ne
2534 1861 2649 1927 ﬁat,
2675 1862 2729 1915 iii
2762 1862 2916 1917 nobis
2948 1862 3109 1917 situm
3138 1873 3239 1919 est.
3269 1864 3325 1919 Si
3354 1866 3499 1919 enim

1887 1956 1941 2009 in
1970 1953 2124 2008 vobis
2150 1954 2384 2009 studium
2441 1952 2755 2018 viderimus,
2793 1953 2931 2010 forte
2964 1956 3158 2011 iterum
3193 1956 3496 2027 loquemur,

1889 2057 1945 2101 ut
1970 2057 2025 2101 et
2054 2062 2151 2101 vos
2179 2046 2349 2117 magis
2371 2061 2435 2100 ac
2461 2047 2631 2116 magis
2658 2049 2863 2117 accepti
2895 2049 3034 2114 sitis,
3059 2060 3116 2105 et
3142 2066 3240 2105 nos
3268 2052 3321 2105 iii
3351 2053 3502 2106 vobis

1888 2140 2153 2201 laetemur,
2186 2139 2236 2191 in
2268 2138 2519 2192 omnibus
2572 2137 2940 2207 gloriﬁcantes
2996 2141 3163 2195 Deum
3194 2152 3251 2197 et
3281 2143 3497 2198 Patrem

1890 2232 2103 2287 Domini
2140 2233 2308 2285 nOstri
2352 2232 2481 2286 Jesu
2519 2231 2721 2285 Christi
2756 2249 2767 2283 :
2802 2233 2887 2286 cui
2933 2233 3103 2303 gloria
3128 2278 3145 2302 ,
3175 2236 3498 2306 imperium,

1888 2326 2284 2395 magniﬁcentia
2313 2336 2369 2380 et
2396 2326 2571 2381 bonm-
2600 2342 2734 2381 cum-
2752 2326 2911 2383 Patre
2942 2330 3210 2400 principio
3238 2342 3463 2387 carente
3482 2374 3498 2399 ,

1886 2430 1940 2472 et
1970 2420 2086 2488 ejus
2112 2418 2315 2487 Spiritu
2355 2429 2577 2485 sancto,
2610 2434 2754 2473 nunc
2780 2435 2836 2475 et
2865 2436 3105 2492 semper,
3135 2433 3191 2478 et
3216 2424 3271 2478 in
3302 2427 3501 2480 smeula

1886 2512 2229 2567 saeculorum.
2260 2513 2454 2565 Anien.

1572 2798 1922 2861 HOMILIA
1968 2798 2120 2859 XX.

180 2949 300 3007 Car.
350 2949 403 3005 9.
450 2966 501 3004 v.
550 2949 640 3004 10.
690 2947 815 3002 Erat
854 2957 1022 3000 autem
1067 2944 1275 3016 quidam
1332 2944 1611 3015 discipulus
1661 2942 1772 2996 Da-

249 3045 435 3108 nasci,
464 3042 670 3096 nomine
709 3041 936 3095 Ananias
965 3055 983 3092 :
1013 3047 1060 3093 et
1095 3038 1224 3092 dixit
1264 3038 1333 3090 ad
1373 3037 1520 3091 illum
1563 3037 1618 3090 in
1668 3037 1778 3090 visu

248 3132 498 3188 Dominus
529 3150 549 3186 :
589 3132 811 3187 Anania.
855 3130 921 3185 Et
957 3130 1043 3185 ille
1068 3131 1139 3183 ait
1171 3146 1191 3184 :
1231 3128 1363 3183 Ecce
1392 3145 1504 3200 ego,
1536 3127 1769 3181 Domine.

251 3228 334 3282 11.
363 3225 432 3280 Et
458 3225 712 3279 Dominus
738 3226 805 3278 ad
852 3242 966 3279 eum
987 3240 1010 3282 .'
1045 3224 1273 3295 Surgens
1308 3223 1435 3277 vade
1480 3224 1533 3274 in
1576 3223 1738 3275 vicum
1759 3262 1774 3285 ,

245 3321 332 3387 qui
352 3329 563 3374 vocatur
586 3318 776 3373 Rectus
806 3334 826 3372 :
851 3327 898 3372 et
920 3333 1089 3388 quaere
1111 3320 1165 3371 in
1194 3318 1343 3371 domo
1363 3316 1520 3370 Judw
1558 3317 1777 3370 Saulum

249 3415 483 3478 nomine,
522 3411 857 3477 Tarsensem;
889 3428 1004 3466 ecce
1034 3412 1171 3465 enim
1200 3420 1331 3464 orat.
1365 3410 1451 3464 12.
1490 3408 1558 3462 Et
1584 3410 1704 3463 vidit
1726 3410 1777 3461 in

250 3506 440 3559 uisione
464 3506 631 3557 virum
657 3504 910 3558 Arsaniam
930 3504 1134 3557 nomine
1162 3504 1498 3557 introeuntem
1526 3512 1572 3556 et
1608 3503 1777 3573 impo-

254 3606 449 3650 nentesn
468 3596 567 3651 sibi
586 3612 795 3649 manum
811 3636 830 3662 ,
866 3605 921 3649 ut
947 3598 1105 3650 visum
1127 3597 1357 3667 recipiat.

252 3692 303 3745 1.
333 3691 441 3746 Cur
488 3691 764 3745 neminem
807 3705 875 3744 ex
917 3689 1221 3761 corypliieis
1260 3689 1520 3759 apostolis
1570 3688 1780 3743 vocavit

182 3784 264 3837 vel
297 3785 445 3838 misit
474 3782 541 3837 ad
571 3782 721 3837 Pauli
767 3781 1195 3838 institutionem?
1223 3782 1355 3848 Quia
1409 3798 1514 3835 non
1565 3789 1781 3852 oporte-

182 3874 272 3928 bat
317 3875 465 3927 illum
500 3890 595 3943 per
626 3872 905 3937 homines,
939 3871 1033 3929 sed
1067 3888 1163 3941 per
1190 3873 1361 3942 ipsum
1392 3871 1665 3925 Christum
1708 3872 1780 3924 in-

182 3967 352 4020 stitui.
372 3963 501 4018 Nam
526 3964 613 4018 hic
645 3964 777 4017 nihil
805 3965 979 4033 ipsum
1010 3964 1221 4028 docuit,
1246 3965 1339 4017 Sed
1370 3973 1571 4017 tantum
1603 3962 1777 4032 bapti-

189 4059 353 4109 zavit.
386 4056 576 4111 Statim
607 4066 785 4109 autem
818 4054 908 4110 tibi
940 4055 1239 4125 baptizatus
1281 4066 1397 4122 est,
1449 4058 1671 4110 inultam
1712 4072 1778 4109 ex

185 4150 299 4200 seio
324 4155 380 4201 et
410 4146 590 4201 studio
638 4147 805 4200 multo
853 4145 953 4200 sibi
993 4148 1211 4200 attraxit
1255 4147 1485 4216 Spiritus
1526 4150 1773 4217 gratiam.

184 4239 338 4306 Quod
364 4252 541 4295 autem
569 4240 803 4295 Ananias
832 4255 899 4295 ex
954 4240 1334 4311 insignioribus
1374 4250 1554 4308 esset,
1606 4243 1777 4311 palam

184 4347 261 4390 est
291 4350 361 4391 ex
390 4335 456 4389 iis
479 4376 494 4398 ,
518 4350 635 4405 quin
662 4334 763 4404 ipsi
788 4334 989 4389 revelat
1013 4344 1067 4389 et
1093 4334 1257 4398 dicit;
1289 4335 1394 4388 llel‘:
1420 4351 1522 4404 que
1563 4352 1628 4389 ex
1676 4336 1742 4389 iis
1763 4377 1777 4399 ,

184 4444 301 4497 quae
336 4427 429 4481 ille
460 4426 750 4496 respondet
772 4467 787 4492 ,
842 4426 1030 4482 dicens
1063 4444 1077 4481 :
1110 4428 1197 4482 13.
1242 4426 1489 4493 Domine,
1533 4430 1702 4481 audivi
1750 4447 1780 4481 a

186 4519 362 4572 multis
386 4518 452 4570 de
470 4519 576 4571 viro
597 4518 722 4583 hoc,
751 4530 943 4587 quanta
962 4518 1101 4571 mala
1130 4520 1303 4588 fecerit
1339 4521 1527 4574 sanctis
1576 4521 1673 4573 tuis
1728 4522 1779 4573 in

182 4610 496 4665 Jerusalem.
527 4611 583 4666 Si
616 4613 799 4682 itaque
832 4613 1057 4667 Domino
1079 4613 1443 4680 contradixit,
1475 4616 1641 4670 multo
1670 4632 1781 4668 ina-

186 4706 258 4774 gis
282 4746 299 4767 ,
339 4706 384 4758 si
410 4706 657 4775 angelum
686 4707 939 4761 misisset.
972 4706 1201 4777 Ideoque
1228 4708 1454 4762 antehac
1503 4708 1780 4778 l’lllllpptls

188 4817 286 4855 non
324 4798 569 4866 audivit,
609 4800 737 4871 quid
778 4803 1012 4855 futurum
1053 4814 1233 4869 esset,
1283 4802 1376 4856 sed
1425 4802 1599 4857 solum
1649 4804 1781 4856 vidit

186 4893 438 4963 angelum
469 4909 482 4943 :
510 4902 567 4947 et
607 4893 686 4948 sic
739 4892 970 4963 Spiritus
1008 4893 1165 4962 jubet
1209 4893 1358 4947 illum
1386 4894 1645 4948 accedere
1672 4936 1684 4957 ,
1728 4904 1784 4949 et

184 4986 369 5041 currui
401 4984 628 5041 hairere.
662 4986 759 5041 llic
788 5002 915 5042 vero
942 4987 1154 5041 interim
1197 4997 1397 5040 metum
1444 4987 1559 5056 ejus
1601 4989 1779 5040 succi-

187 5076 276 5145 dit,
317 5091 385 5129 ac
406 5078 453 5131 si
482 5076 681 5132 diceret
711 5095 724 5131 :
756 5078 894 5132 Ecce
920 5088 1057 5144 orat,
1089 5094 1263 5133 eiecus
1292 5088 1392 5145 est,
1423 5088 1478 5133 et
1506 5089 1557 5131 tu
1590 5080 1783 5134 times?

189 5171 252 5222 Ita
281 5180 350 5225 et
391 5168 599 5243 Moyses
652 5171 824 5225 timet.
877 5172 1059 5241 itaque
1112 5172 1271 5225 verba
1327 5172 1566 5225 timentis
1614 5174 1782 5237 magis

188 5274 307 5316 sunt
333 5299 356 5328 ,
384 5277 540 5331 quain
566 5278 671 5317 non
699 5262 991 5318 credentis.
1023 5263 1089 5321 Et
1116 5264 1237 5317 audi
1282 5265 1441 5318 verba
1481 5265 1591 5333 ipsa
1621 5283 1633 5320 :
1666 5265 1782 5318 Βισ-

188 5356 348 5420 mine,
374 5352 542 5408 audiui
568 5372 599 5408 α
628 5355 803 5410 multis
825 5354 890 5410 de
910 5357 1013 5409 viro
1038 5358 1153 5409 hoc.
1182 5356 1318 5422 Quid
1343 5356 1513 5411 dicis?
1546 5343 1681 5413 Deus
1706 5358 1780 5412 lo-

187 5449 388 5517 quitur,
408 5457 463 5503 et
488 5456 543 5501 tu
571 5447 825 5503 dubitas?
850 5449 937 5504 Sic
959 5449 1192 5503 nondum
1220 5451 1462 5505 sciebant
1488 5452 1780 5519 potentiam

187 5538 405 5595 Christi.
430 5539 515 5595 14.
542 5537 611 5593 Et
639 5542 725 5594 hic
753 5540 901 5593 habet
926 5550 1216 5611 potestatem
1260 5559 1291 5594 a
1336 5542 1648 5611 principibus
1690 5560 1780 5596 sa-

189 5635 445 5687 cerdotum
476 5634 734 5707 alligandi
774 5651 947 5689 omnes
988 5637 1074 5705 qui
1120 5638 1351 5689 invocant
1396 5652 1575 5689 nomen
1615 5649 1779 5691 tuam.

191 5721 460 5783 Undenaui
492 5728 594 5786 hoc
624 5739 820 5785 notum
848 5729 1005 5783 erat?
1054 5726 1353 5784 Verisimile
1401 5739 1482 5783 est
1511 5770 1523 5793 ,
1574 5746 1667 5785 eos
1722 5732 1774 5783 iu

1890 2950 2037 2996 metu
2070 2941 2329 3011 degentes
2376 2941 2592 2995 curiose
2635 2940 2996 3012 inquisivisse.
3044 2941 3163 2998 Non
3219 2944 3321 3001 hoc
3371 2960 3504 3015 ergo

1888 3039 2053 3105 dicit,
2090 3040 2243 3109 quasi
2272 3037 2519 3092 Christus
2544 3037 2597 3093 id
2630 3039 2878 3108 ignoret;
2925 3039 3021 3096 sed
3056 3039 3310 3108 dubitat,
3360 3059 3499 3112 quu-

1889 3136 2053 3189 mudo
2080 3136 2134 3189 in
2165 3136 2254 3189 tali
2288 3150 2466 3190 rerum
2496 3143 2640 3189 statu
2666 3134 2841 3205 possit
2868 3135 2970 3189 hoc
3004 3134 3140 3190 ﬁeri.
3175 3134 3267 3191 Sic
3291 3146 3343 3189 ct
3374 3136 3501 3191 alibi

1889 3228 2136 3299 discipuli
2170 3228 2355 3282 dicunt
2390 3246 2403 3282 :
2443 3227 2567 3293 Quis
2592 3237 2757 3298 potest
2794 3228 2987 3281 salvari
3009 3229 3026 3298 (
3048 3226 3216 3281 Marc.
3247 3228 3335 3284 10.
3366 3227 3505 3299 26)?

1890 3320 1997 3377 Sed
2027 3322 2149 3375 vide
2169 3364 2185 3388 ,
2219 3330 2349 3388 quot
2380 3336 2469 3376 res
2496 3321 2856 3389 disponantur
2876 3362 2891 3385 ,
2924 3330 2981 3374 ut
3017 3319 3203 3375 credat
3251 3331 3501 3375 venturo.

1889 3413 1945 3468 In
1977 3416 2188 3469 somnio
2221 3413 2391 3479 vidit,
2423 3412 2672 3481 prazdixit
2705 3414 2781 3467 illi
2814 3431 2826 3461 :
2866 3411 3029 3481 Orat,
3074 3413 3291 3483 inquit;
3342 3414 3505 3483 igitur

1889 3522 1957 3562 ne
1981 3508 2192 3561 timeas.
2231 3506 2298 3559 Et
2323 3522 2419 3561 cur
2450 3521 2557 3561 non
2584 3505 2717 3562 dicit
2744 3506 2818 3559 illi
2848 3521 2961 3560 rem
2999 3505 3349 3574 praeclaram,
3380 3523 3503 3577 qua:

1890 3608 2042 3669 gesta
2070 3599 2190 3654 est?
2219 3597 2289 3654 Ut
2320 3614 2419 3652 nos
2444 3597 2659 3659 doceat.
2692 3613 2759 3651 ne
2789 3596 3146 3668 praedicemus
3178 3598 3317 3651 bona
3341 3614 3507 3668 Opera

1892 3700 2111 3755 nostra;
2158 3692 2268 3745 imo
2318 3700 2373 3744 et
2421 3690 2564 3760 quod
2620 3692 2899 3746 timentem
2949 3690 3149 3745 videat.
3199 3690 3387 3761 Neque
3425 3692 3505 3745 sic

1890 3782 2061 3847 dixit,
2096 3781 2258 3836 Fides
2293 3782 2384 3835 tibi
2419 3797 2525 3835 non
2559 3781 2886 3851 negabitur:
2921 3780 3017 3835 sed
3057 3780 3227 3851 quid?
3271 3782 3509 3853 Snrgens

1891 3875 2035 3926 vade.
2100 3873 2234 3926 Vidit
2274 3874 2409 3925 enim
2457 3874 2509 3926 in
2556 3874 2749 3928 visione
2794 3876 2958 3928 virum
3011 3875 3355 3949 imponentem
3410 3878 3506 3929 sibi

1892 3985 2092 4020 manus.
2127 3966 2248 4020 Ideo
2281 3968 2332 4020 in
2367 3967 2607 4031 visione,
2636 3969 2759 4037 quia
2789 3982 2966 4022 οῖίξςιιδ
2996 3977 3129 4022 erat.
3183 3968 3370 4039 Neque
3402 3970 3507 4023 iiii-

1894 4060 2058 4113 raculi
2087 4058 2401 4129 magnitudo
2430 4060 2607 4129 rapuit
2635 4059 2959 4127 discipulum
2985 4077 2999 4127 ;
3032 4061 3098 4113 ita
3130 4061 3372 4115 timebat.
3408 4065 3505 4115 At-

1894 4161 2071 4206 tamen
2107 4168 2202 4221 per
2230 4154 2404 4223 ipsum
2439 4153 2580 4208 Deus
2612 4152 2781 4208 Paulo
2832 4169 2977 4208 caeco
3024 4157 3195 4209 visum
3247 4158 3503 4213 restituit.

1894 4245 1981 4300 15.
2026 4244 2169 4299 Dixit
2198 4257 2369 4299 autem
2400 4244 2649 4301 Dominus
2678 4248 2749 4299 ad
2795 4247 2942 4300 illum
2976 4263 2993 4301 :
3036 4247 3206 4313 Vade,
3250 4250 3371 4319 quia
3418 4266 3510 4304 vas

1891 4338 2148 4391 electionis
2175 4348 2245 4391 est
2275 4338 2399 4390 mihi
2430 4338 2540 4403 Iiic,
2572 4348 2630 4390 ut
2676 4350 2841 4409 portet
2888 4355 3070 4392 nomen
3116 4356 3285 4393 meum
3331 4358 3507 4397 coram

1892 4430 2120 4499 gentibus
2147 4440 2193 4483 et
2221 4422 2423 4500 regibus
2449 4440 2493 4483 et
2522 4431 2644 4499 ﬁliis
2672 4430 2861 4484 Israel.
2896 4432 2981 4485 16.
3024 4430 3131 4502 Ego
3161 4436 3295 4485 enim
3324 4446 3501 4488 osten-

1893 4523 2012 4574 dant
2040 4523 2145 4585 illi,
2179 4534 2372 4593 quanta
2402 4532 2637 4593 Oporteat
2684 4540 2799 4576 eum
2841 4539 2933 4593 pro
2968 4527 3171 4577 nomine
3217 4544 3325 4579 nico
3374 4530 3501 4598 pati.

1894 4615 2007 4668 Non
2038 4616 2210 4669 Solum
2243 4616 2418 4669 ﬁdelis
2448 4617 2552 4670 erit
2577 4658 2590 4680 ,
2624 4617 2828 4686 inquit,
2860 4617 2954 4671 sed
2983 4620 3145 4671 etiam
3174 4620 3365 4674 doctor
3393 4664 3407 4686 ,
3452 4632 3507 4675 et

1894 4711 2059 4762 multa
2082 4719 2261 4763 utetur
2288 4709 2501 4765 dicendi
2531 4710 2803 4764 libertate.
2827 4712 3011 4764 Coram
3039 4713 3271 4782 gentibus
3294 4726 3339 4767 et
3368 4718 3505 4786 regi-

1893 4802 2006 4855 bus.
2042 4802 2115 4855 lta
2152 4813 2360 4857 crescet
2384 4803 2661 4869 doctrina,
2699 4806 2899 4874 inquit,
2933 4814 2991 4859 ut
3015 4817 3067 4859 et
3092 4818 3281 4874 gentes
3323 4819 3376 4863 et
3422 4826 3502 4865 re-

1894 4909 1987 4963 ges
2017 4910 2205 4949 omnes
2235 4905 2473 4965 superet.
2508 4897 2594 4949 17.
2628 4896 2761 4949 Abiit
2783 4909 2952 4950 autem
2975 4898 3207 4953 Ananias
3236 4911 3279 4953 et
3304 4904 3509 4956 intrarit

1895 4986 1945 5038 in
1980 4988 2205 5052 domum,
2238 5002 2283 5040 et
2314 4990 2578 5057 imponens
2606 4990 2685 5042 illi
2714 5007 2895 5043 manus
2934 4993 3063 5043 diait
3099 5009 3117 5045 :
3152 4994 3344 5057 Saule,
3399 5000 3507 5066 fra-

1896 5089 2002 5144 ter,
2032 5078 2283 5133 Dominus
2311 5082 2445 5133 misit
2473 5098 2584 5146 me,
2615 5080 2769 5135 Jcsus
2799 5084 2885 5152 qui
2920 5086 3161 5153 apparuit
3200 5086 3290 5139 tibi
3332 5088 3384 5139 in
3427 5092 3507 5140 ria

1894 5188 1993 5239 qua
2020 5171 2285 5237 veniebas,
2338 5181 2392 5225 ut
2437 5173 2608 5227 videas
2654 5184 2700 5227 et
2745 5175 3008 5244 implearis
3049 5176 3257 5245 Spiritu
3305 5192 3504 5233 sancto.

1894 5263 2085 5317 Statim
2118 5264 2269 5318 illum
2302 5265 2622 5319 familiarem
2653 5268 2871 5322 nomine
2904 5268 3047 5323 facit.
3084 5270 3236 5325 Iesus
3262 5314 3277 5337 ,
3309 5273 3504 5342 inquit,

1894 5359 1981 5427 qui
2021 5360 2265 5427 apparuit
2309 5360 2399 5411 tibi
2440 5359 2493 5412 in
2543 5360 2645 5414 via.
2701 5358 2860 5416 Certe
2916 5379 3021 5415 non
3071 5362 3174 5417 hoc
3203 5367 3250 5417 ei
3298 5368 3511 5421 dixisi'nt

1894 5451 2173 5512 Christus;
2224 5451 2317 5504 sed
2350 5469 2377 5504 a
2412 5452 2611 5521 Spiritu
2644 5464 2832 5508 sancto
2860 5455 3141 5509 didicerat.
3184 5457 3271 5511 18.
3303 5457 3370 5511 Et
3398 5470 3507 5513 sta-

1896 5546 1984 5597 tim
2016 5545 2309 5597 deciderunt
2336 5548 2397 5598 ab
2424 5549 2585 5600 oculis
2614 5549 2723 5617 ejus
2753 5558 3012 5619 tamquam
3042 5567 3269 5617 squama
3292 5594 3305 5613 ,
3350 5564 3399 5605 et
3428 5556 3507 5605 vi-

1895 5653 2008 5689 sum
2038 5640 2223 5705 recepit
2250 5640 2421 5692 statim
2446 5681 2457 5703 ,
2489 5651 2535 5693 et
2562 5657 2773 5709 surgens
2821 5643 3110 5710 baptizatus
3158 5654 3253 5697 est.
3304 5645 3389 5700 19.
3442 5647 3507 5700 l-Jt

1908 5747 2021 5783 cum
2052 5732 2323 5802 accepisset
2352 5734 2544 5798 cibum,
2578 5739 2891 5804 confortatus
2925 5745 3016 5790 est.
3050 5734 3233 5791 Solum
3266 5739 3339 5792 illi
3390 5753 3503 5793 ma-
