4088 6326
626 295 724 350 159

623 427 723 466 nus
754 410 1033 480 imposuit,
1062 414 1119 462 et
1143 408 1319 459 statim
1347 418 1583 474 squama:
1608 402 1675 455 ab
1706 400 1877 453 oculis
1907 398 2021 467 ejus
2062 395 2206 449 deci-

622 506 835 559 derunt.
895 501 999 555 llas
1045 499 1261 569 quidam
1318 496 1504 550 dicunt
1548 491 1806 548 caecitatis
1851 490 1992 543 illius
2042 487 2206 540 fuisse

621 608 832 649 causas.
866 592 931 647 Et
960 607 1057 647 cur
1086 606 1189 644 non
1217 586 1506 645 excazcavit
1537 585 1678 639 illius
1707 581 1933 638 oculos?
1963 579 2072 632 Hoc
2107 578 2208 632 mi-

622 686 840 741 rabilius
889 694 1046 740 erat:
1082 698 1202 737 nam
1248 682 1446 753 apertis
1492 676 1658 732 oculis
1709 692 1814 730 non
1866 673 2078 727 videbat
2107 687 2122 725 :
2151 670 2205 725 id

621 776 762 847 quod
796 778 1093 846 patiebatur
1122 775 1174 828 iu
1213 776 1363 844 lege,
1415 772 1587 827 donec
1637 769 1713 823 illi
1764 766 2067 836 impositmn
2121 774 2204 817 est

625 888 820 927 nomen
850 872 972 925 Jesu
1005 870 1101 941 (a).
1132 867 1198 921 Et
1228 867 1397 921 statim
1425 865 1707 933 baptizatus
1728 872 1820 915 est.
1848 859 2037 913 Etcum
2057 874 2202 910 acce-

626 963 1004 1032 pissetcibum,
1034 961 1346 1029 confortatus
1369 967 1464 1012 est.
1510 958 1649 1025 Ergo
1699 953 1938 1008 inﬁrmus
1984 959 2097 1004 erat
2136 964 2202 1003 ex

620 1056 845 1119 itinere,
878 1069 942 1107 ex
970 1060 1111 1106 metu
1136 1092 1150 1115 ,
1183 1065 1246 1104 ex
1279 1048 1420 1103 fame
1445 1090 1460 1114 ,
1488 1062 1551 1101 ex
1590 1059 1841 1099 maerore.
1880 1042 2073 1098 Voleus
2103 1043 2202 1111 igi-

622 1159 704 1200 tur
733 1148 870 1201 illius
895 1160 1089 1214 augere
1115 1158 1397 1199 mterorem
1423 1182 1437 1206 ,
1468 1155 1669 1196 catcum
1698 1153 1915 1193 manere
1936 1136 2198 1207 permisit,

618 1241 787 1293 donec
820 1239 964 1293 venit
989 1238 1243 1292 Ananias.
1280 1238 1343 1290 Et
1373 1242 1427 1288 ut
1458 1234 1663 1303 nequis
1697 1242 1845 1302 putet
1870 1230 2201 1300 phantasiam

618 1329 783 1385 fuisse
813 1330 1104 1383 cmcitatem
1131 1370 1145 1394 ,
1182 1327 1299 1382 ideo
1323 1340 1559 1395 squama:
1600 1322 1836 1378 fuerunt.
1882 1321 2047 1391 Igitur
2095 1336 2199 1373 non

622 1436 759 1489 opus
808 1420 1035 1474 habebat
1080 1419 1180 1473 alia
1232 1418 1515 1481 doctrina;
1567 1414 1659 1468 sed
1709 1412 1758 1466 id
1801 1413 1941 1481 quod
1969 1410 2199 1476 accidit,

618 1516 857 1568 doctrina
887 1514 1004 1567 fuit.
1047 1512 1171 1565 Fuit
1216 1522 1383 1565 autem
1427 1526 1539 1561 cum
1585 1507 1887 1577 discipulis,
1937 1506 2023 1575 qui
2060 1514 2202 1558 erant

620 1607 895 1669 Damasci,
927 1622 1014 1673 per
1039 1607 1141 1659 dies
1169 1605 1383 1671 aliquot.
1408 1600 1498 1656 20.
1533 1599 1599 1652 Et
1629 1602 1866 1652 continuo
1897 1598 1947 1650 in
1978 1613 2200 1667 synago-

619 1700 694 1769 gis
724 1697 1029 1767 praedicabat
1056 1696 1308 1749 Christum
1332 1737 1345 1759 ,
1372 1696 1490 1763 quia
1520 1694 1597 1745 hic
1624 1702 1695 1746 est
1723 1691 1893 1745 Filius
1922 1690 2037 1744 Dei.
2077 1689 2219 1753 Vide,

621 1794 799 1843 statim
830 1791 1016 1843 doctor
1042 1797 1159 1843 erat
1188 1789 1238 1841 in
1266 1787 1567 1856 synagogis.
1602 1785 1715 1839 Non
1747 1782 2099 1838 erubescebat
2138 1781 2203 1835 de

621 1882 933 1945 mutatione,
966 1896 1136 1950 neque
1166 1880 1440 1935 metuebat
1465 1879 1749 1933 destruere
1777 1878 1863 1931 illa
1885 1918 1899 1942 ,
1932 1876 1982 1929 in
2010 1875 2203 1945 quibus

617 1983 773 2028 antea
802 1973 977 2027 clarus
1001 1979 1136 2026 erat.
1166 1969 1275 2025 Nec
1302 1970 1475 2024 solum
1497 1969 1688 2023 doctor
1717 1975 1835 2022 erat
1857 2008 1874 2033 ,
1906 1966 1999 2021 sed
2039 1966 2199 2021 etiam

616 2066 667 2117 iu
696 2062 997 2135 synagugis.
1032 2063 1106 2118 Ita
1130 2062 1196 2116 ab
1225 2062 1376 2116 initio
1400 2060 1561 2116 homo
1592 2071 1707 2115 erat
1736 2069 1789 2114 et
1817 2058 2101 2124 occidens,
2145 2065 2200 2112 et

624 2156 690 2209 ad
718 2157 891 2210 czedes
917 2156 1266 2224 compositus.
1303 2154 1465 2208 Vides
1489 2169 1647 2223 quam
1676 2154 1876 2206 clarum
1910 2151 2116 2221 signant
2150 2151 2202 2203 in

619 2250 710 2301 illo
743 2249 936 2302 factum
964 2250 1068 2302 sit?
1118 2247 1231 2302 Hoc
1282 2248 1398 2317 ipso
1442 2261 1631 2301 omnes
1686 2244 2029 2315 percellehat.
2080 2242 2205 2297 Ideo

621 2340 733 2394 huic
764 2340 1071 2409 signiﬁcans
1098 2339 1280 2409 adjicit
1308 2356 1323 2392 :
1356 2338 1445 2391 2|.
1494 2337 1776 2405 Stupebant
1820 2347 1989 2389 autem
2032 2351 2204 2388 onmes

617 2432 703 2498 qui
729 2431 1033 2495 audiebant,
1066 2440 1111 2485 et
1140 2429 1371 2484 dicebant
1400 2445 1417 2483 .'
1447 2426 1634 2482 Nonne
1658 2428 1738 2481 hic
1768 2436 1877 2493 est,
1909 2428 1994 2497 qui
2036 2442 2201 2494 expu-

618 2522 801 2591 gnabat
830 2523 881 2575 in
909 2523 1195 2576 Jerusalem
1220 2523 1506 2574 invocantes
1530 2522 1583 2573 in
1622 2520 1820 2573 nomine
1864 2520 1985 2585 hoc,
2030 2528 2077 2572 et
2121 2518 2203 2571 hic

619 2617 731 2669 ideo
756 2618 915 2678 venit,
949 2626 1001 2667 ut
1032 2616 1217 2667 vinctos
1246 2614 1363 2666 illos
1392 2614 1592 2666 duceret
1635 2612 1702 2664 ad
1744 2611 1993 2680 principes
2030 2626 2204 2664 sacer-

618 2709 791 2760 dotum
812 2707 940 2761 1’92.
968 2706 1158 2761 Saulus
1179 2716 1345 2759 autem
1365 2703 1904 2775 magisconnalescebat
1926 2713 1971 2757 et
1986 2706 2205 2773 confun-

618 2802 760 2852 debat
788 2798 1016 2863 Judatos,
1044 2799 1129 2866 qui
1159 2796 1450 2850 habitabant
1478 2796 1713 2849 Damasci
1736 2836 1750 2859 ,
1779 2796 2037 2864 affirmans
2074 2811 2207 2865 quo-

622 2892 756 2944 niam
771 2892 851 2944 hic
868 2901 938 2944 cst
955 2889 1207 2945 Christus.
1243 2888 1438 2959 Utpote
1459 2889 1591 2957 legis
1618 2888 1822 2958 peritus
1844 2885 2205 2942 eonfundebat

622 2983 783 3045 illos,
831 2996 928 3034 nec
976 2980 1121 3049 loqui
1162 2979 1391 3034 sinebat.
1443 2978 1711 3033 Putabant
1753 2994 1812 3033 se
1858 2994 1888 3032 a
1934 2978 2206 3048 Stephano

622 3074 908 3139 Literatos,
937 3092 963 3125 a
994 3073 1085 3126 tali
1114 3072 1478 3143 disputatione
1505 3080 1721 3140 ereptos
1756 3085 1875 3126 esse
1894 3113 1908 3137 ,
1951 3083 2005 3125 ct
2043 3070 2206 3125 alium

622 3167 941 3221 invenerunt
969 3166 1239 3235 Stephano
1272 3165 1754 3220 vehementiorem.

695 3258 744 3311 Ξ.
782 3259 884 3312 Sed
913 3274 995 3323 ea,
1024 3272 1145 3327 qua:
1174 3258 1430 3311 Ananiam
1459 3265 1719 3325 spectant,
1740 3265 2062 3326 repetamus.
2085 3255 2201 3311 Non

630 3350 761 3403 dixit
792 3350 867 3402 illi
895 3367 905 3399 :
936 3350 1222 3417 Alloquere
1262 3357 1317 3402 et
1360 3349 1577 3402 institue
1619 3349 1786 3402 illum.
1818 3349 1873 3403 Si
1912 3348 2055 3403 enim
2085 3364 2205 3404 cum

622 3444 863 3507 dixisset,
905 3442 1062 3507 Orat,
1093 3452 1137 3495 et
1167 3442 1291 3495 vidit
1320 3442 1479 3494 virum
1507 3443 1846 3511 impatientem
1874 3443 1967 3495 sibi
1994 3460 2171 3497 manus
2192 3486 2205 3507 ,

624 3551 726 3587 non
772 3535 1031 3601 persuasit
1056 3551 1071 3586 :
1095 3534 1259 3587 multo
1288 3535 1457 3602 magis
1482 3575 1495 3597 ,
1528 3534 1572 3586 si
1616 3533 1713 3588 hoc
1743 3534 1982 3589 dixisset.
2039 3534 2204 3599 Vidit,

624 3628 824 3696 inquit,
866 3627 916 3679 in
955 3627 1161 3679 visione.
1203 3626 1382 3695 Itaque
1413 3642 1518 3678 non
1548 3625 1704 3679 tidem
1734 3627 1824 3679 tibi
1857 3627 2108 3697 negabit;
2142 3644 2208 3682 ue

628 3721 781 3787 igitur
814 3720 1033 3781 timeas,
1064 3718 1155 3771 sed
1190 3718 1339 3771 vade.
1382 3716 1472 3772 Sic
1503 3732 1675 3787 neque
1713 3717 1985 3787 Philippus
2028 3722 2205 3774 statim

628 3823 791 3866 totum
821 3810 986 3865 audit.
1021 3810 1152 3877 Quia
1177 3826 1262 3863 vas
1282 3810 1533 3864 electionis
1556 3820 1627 3863 est
1649 3811 1772 3863 mihi
1793 3811 1891 3863 hic.
1921 3811 2045 3866 ltcc
2066 3811 2208 3867 dicta

626 3906 767 3957 illius
797 3911 919 3956 sunt
940 3944 953 3967 ,
977 3904 1065 3971 qui
1096 3900 1341 3956 timorem
1374 3901 1593 3955 omnino
1620 3902 1851 3968 excutit,
1880 3908 1933 3956 et
1962 3902 2207 3957 ﬁduciam

626 3998 760 4049 indit
789 4014 801 4049 :
830 3996 1087 4065 siquidem
1134 3995 1204 4047 ita
1254 4008 1350 4062 pro
1389 3996 1565 4064 seipso
1606 3994 1917 4049 afﬁciendus
1960 4005 2106 4061 erat,
2154 4004 2210 4051 ut

628 4090 787 4141 etiam
818 4088 979 4141 multa
1010 4095 1298 4155 pateretur.
1331 4084 1461 4140 Cum
1493 4085 1736 4153 dixisset,
1774 4086 1890 4152 Vas,
1924 4087 2211 4144 ostendens

631 4180 743 4246 ejus
766 4180 1017 4236 malitiam
1048 4195 1151 4232 non
1180 4194 1299 4233 esse
1328 4177 1622 4232 naturalem
1654 4196 1666 4231 :
1696 4178 1877 4241 addit,
1920 4178 2210 4247 Elei-tionis,

632 4282 688 4325 ut
721 4270 962 4325 ostendat
1002 4272 1174 4339 ipsum
1210 4280 1483 4339 acceptum
1525 4285 1685 4325 esse:
1717 4286 1839 4325 nam
1879 4270 2021 4339 quod
2062 4286 2215 4327 acce-

637 4373 783 4430 ptum
811 4371 911 4429 est,
940 4361 1205 4430 eligimus.
1232 4361 1309 4416 Ne
1337 4363 1457 4431 quis
1483 4376 1609 4416 vero
1638 4371 1786 4431 putet
1812 4362 1926 4416 hmc
1955 4361 2211 4429 audiens,

632 4456 887 4509 Auaniam
912 4454 1032 4509 ideo
1055 4453 1169 4508 lucc
1190 4453 1390 4520 dicere,
1415 4454 1554 4523 quod
1586 4454 1741 4509 dictis
1773 4470 1876 4508 non
1903 4456 2106 4520 credat,
2130 4456 2215 4510 vel

632 4546 772 4615 quod
814 4554 963 4615 putet
1010 4545 1295 4615 deceptum
1338 4544 1504 4599 fuisse
1545 4534 1844 4611 Christum;
1890 4546 2068 4601 absit:
2121 4546 2215 4601 sed

633 4637 772 4707 quod
805 4638 1014 4691 timeret
1044 4646 1097 4691 et
1130 4647 1417 4703 tremeret,
1461 4636 1621 4690 dictis
1647 4651 1753 4689 non
1784 4637 2127 4703 attendebat,
2160 4647 2217 4692 ut

633 4728 832 4782 audivit
870 4744 1062 4783 nomen
1110 4728 1259 4783 Pauli
1292 4744 1305 4782 :
1336 4728 1413 4782 sic
1440 4728 1530 4782 illo
1558 4729 1773 4782 nomine
1817 4739 2217 4798 prteoccupatus

635 4832 715 4877 est
744 4821 954 4874 timore.
984 4821 1141 4890 Atqui
1169 4821 1256 4875 ubi
1286 4820 1505 4883 audivit,
1530 4821 1669 4891 quod
1697 4833 2018 4877 excmcasset
2043 4823 2214 4888 iilum,

630 4913 900 4968 eunlidere
931 4912 1229 4981 oportebat.
1260 4912 1325 4967 Et
1354 4914 1453 4977 hic,
1488 4913 1675 4983 inquit,
1704 4914 1818 4967 ideo
1844 4917 1992 4981 venit,
2017 4925 2069 4968 ut
2096 4917 2214 4987 liget

633 5022 822 5067 mnnes,
844 5005 926 5074 qui
948 5005 1176 5057 invocant
1204 5021 1383 5057 nomen
1408 5014 1565 5058 tuum.
1600 5006 1677 5059 Ac
1699 5007 1743 5060 si
1765 5007 1985 5072 diceret,
2007 5008 2215 5076 Timeo,

635 5115 694 5148 tu:
727 5100 861 5151 torte
894 5112 979 5152 me
1014 5098 1064 5150 in
1100 5097 1397 5153 Jerusalem
1422 5098 1580 5153 ducat
1610 5117 1622 5151 :
1654 5115 1751 5153 cur
1777 5115 1861 5155 me
1886 5100 1939 5155 in
1967 5116 2027 5155 os
2050 5102 2219 5159 leonis

636 5192 838 5258 injicis?
868 5206 963 5245 cur
1000 5204 1088 5245 me
1128 5190 1251 5246 huic
1292 5192 1504 5261 prodis?
1546 5191 1722 5251 Timet
1752 5203 1805 5248 et
1835 5196 1947 5249 harc
1975 5195 2126 5263 dicit,
2164 5205 2221 5251 ut

634 5283 868 5352 undique
892 5282 1159 5337 discamus
1186 5283 1433 5338 virtutem
1458 5285 1579 5338 viri.
1623 5284 1753 5339 Nam
1799 5285 1914 5341 haec
1950 5302 1981 5341 a
2021 5286 2219 5343 Judaeis

634 5374 761 5440 dici,
803 5374 934 5427 nihil
980 5375 1174 5429 mirum
1217 5385 1362 5430 esset
1394 5392 1407 5428 :
1437 5376 1577 5447 quod
1616 5388 1794 5432 autem
1822 5378 1888 5432 ab
1920 5378 2044 5445 hoc,
2070 5390 2122 5434 et
2148 5380 2219 5435 ita

735 5508 809 5568 (α)
861 5509 1165 5573 Quandouam
1197 5510 1342 5573 Paulo
1381 5509 1654 5573 impositum
1681 5518 1758 5559 est
1797 5525 1973 5561 nomen
1997 5511 2024 5560 J
2031 5525 2137 5570 esu,
2165 5520 2221 5564 ut

637 5574 789 5619 visum
814 5571 1094 5631 reciperet?
1119 5574 1200 5621 Hic
1222 5571 1302 5622 vel
1333 5571 1499 5622 vitium
1522 5576 1569 5620 in
1594 5574 1759 5621 verbis
1780 5582 1874 5632 est,
1900 5574 1979 5622 vel
2002 5576 2220 5625 dicamus

631 5640 842 5699 oportet,
855 5640 969 5681 tunc
986 5635 1207 5699 Ananiam
1226 5636 1512 5699 imposuisse
1530 5634 1672 5699 Paulo
1686 5648 1863 5699 nomen
1876 5635 1899 5683 ,Ι
1910 5650 2015 5695 esu,
2028 5639 2219 5699 quando

633 5698 805 5762 positis
843 5708 991 5757 snper
1018 5694 1151 5762 illum
1192 5694 1414 5747 manibus
1436 5698 1559 5747 dixit.
1599 5696 1890 5756 illi,.lesum
1934 5694 2096 5748 esse'a
2122 5715 2219 5762 quo

633 5758 738 5813 ipse
766 5760 923 5809 visum
947 5758 1216 5820 reciperet.

1355 289 1413 342 S.
1444 285 1720 343 JOANNIS
1758 275 2229 338 CHRYSUSTUMI
2274 272 2587 326 AELCIIIEP.
2618 272 3152 328 CUNSTANTINOP.

3801 271 3904 329 {63

2320 390 2601 458 perterrito
2622 433 2635 451 ,
2670 405 2915 459 magnum
2943 390 3137 444 dit-inse
3171 391 3377 443 virtutis
3406 391 3619 461 signum
3652 395 3753 448 hoc
3783 409 3904 448 esse

2316 481 2592 549 probatur.
2634 480 2796 535 Suule
2824 485 2999 552 frater.
3045 482 3140 535 liic
3167 498 3377 552 quoque
3406 499 3628 553 magnus
3649 485 3806 539 adest
3836 497 3902 537 tt-

2313 588 2453 639 mor,
2481 583 2535 627 et
2566 583 2682 641 post
2711 574 2954 628 timorem
2986 575 3157 644 major
3177 576 3497 631 obedientia.
3530 578 3750 641 Deinde,
3779 582 3906 646 quia

2327 664 2421 718 Vas
2446 665 2699 717 electionis
2723 664 2876 730 dixit,
2912 683 2979 721 ne
3006 667 3216 723 diceres
3242 708 3255 733 ,
3296 679 3463 723 totum
3507 684 3573 725 ex
3616 670 3726 724 Deo
3753 685 3902 736 esse,

2314 767 2368 810 ut
2395 758 2461 811 ab
2492 757 2591 811 hoc
2619 768 2670 812 te
2700 758 2961 823 abducat,
2991 760 3175 827 adjicit
3209 779 3221 813 :
3255 760 3321 816 Ut
3346 773 3510 831 portet
3534 780 3713 817 nomen
3734 781 3907 817 meum

2311 864 2480 901 coram
2497 850 2720 919 gentibus
2739 862 2785 904 et
2809 850 3007 921 regibus
3024 861 3069 904 et
3086 853 3206 920 filiis
3218 851 3404 907 Israel.
3424 856 3464 908 A
3476 855 3539 909 ud
3548 857 3640 909 ivit
3663 859 3905 912 Ananias

2311 940 2362 994 id
2402 941 2545 1010 quod
2574 943 2725 997 valde
2752 944 3034 1013 cupiebat,
3080 946 3253 1014 ipsum
3281 948 3440 1002 etiam
3468 957 3653 1003 contra
3680 950 3906 1007 Judtnos

2310 1044 2669 1103 pugnaturum
2698 1051 2817 1091 esse
2846 1053 2861 1089 :
2895 1038 3013 1091 ideo
3045 1053 3150 1092 non
3179 1039 3353 1092 solum
3375 1041 3590 1109 gaudio,
3613 1042 3707 1097 sed
3734 1044 3902 1097 etiam

2310 1124 2495 1178 fiducia
2524 1127 2782 1195 repletur.
2811 1126 2924 1199 Ego
2951 1131 3106 1197 enim,
3142 1131 3329 1200 inquit,
3356 1136 3617 1187 ostendam
3643 1136 3685 1188 ei
3712 1149 3904 1204 quanta

2308 1224 2535 1284 Oporteat
2573 1234 2685 1270 eum
2731 1235 2824 1287 pro
2862 1223 3064 1275 nomine
3088 1240 3195 1277 meo
3223 1224 3349 1293 pati.
3388 1224 3515 1279 Hinc
3556 1228 3907 1296 pra-dicentis

2308 1317 2432 1362 sunt
2456 1310 2613 1363 simul
2641 1320 2694 1365 et
2722 1312 2983 1366 hortantis
3003 1354 3018 1381 ,
3059 1316 3103 1369 si
3135 1316 3351 1385 quidem
3382 1318 3469 1371 ille
3495 1319 3672 1373 omnia
3705 1334 3903 1388 passu-

2309 1416 2401 1454 rus
2426 1412 2527 1463 est,
2561 1403 2650 1473 qui
2681 1403 2751 1457 ita
2779 1404 3025 1471 insaniit;
3056 1407 3140 1461 hic
3168 1423 3297 1462 vero
3322 1409 3470 1464 illum
3496 1410 3764 1480 baptizare
3789 1430 3902 1469 non

2307 1494 2439 1559 vult,
2471 1503 2528 1548 ut
2552 1496 2722 1550 visum
2747 1498 2984 1569 recipiat.
3027 1499 3193 1565 Bene,
3226 1502 3428 1572 inquit;
3463 1504 3581 1558 sine
3608 1505 3754 1559 illum
3787 1521 3902 1560 ca:-

2308 1602 2429 1641 cum
2461 1603 2582 1644 esse
2614 1590 2776 1646 :ideo
2806 1607 2945 1647 nunc
2978 1595 3121 1649 mitis
3157 1604 3268 1662 est,
3303 1597 3425 1666 quia
3453 1612 3627 1652 caecus
3652 1618 3665 1652 :
3692 1614 3789 1653 cur
3816 1616 3905 1656 me

2302 1679 2462 1748 jubes
2500 1684 2710 1751 aperire
2742 1684 2929 1739 oculos
2958 1686 3109 1756 ejus?
3147 1703 3214 1742 an
3252 1698 3308 1743 ut
3342 1705 3553 1745 rursum
3582 1691 3803 1762 alliget?
3836 1696 3906 1747 At

2307 1785 2377 1824 ne
2421 1770 2655 1826 futurum
2698 1774 2885 1830 timeas
2912 1794 2925 1830 :
2952 1792 3073 1832 nam
3121 1779 3320 1848 apertis
3355 1782 3521 1836 oculis
3562 1798 3668 1836 non
3710 1793 3902 1838 contra

2307 1879 2428 1930 nos,
2458 1864 2551 1921 sed
2580 1882 2677 1936 pro
2707 1868 2863 1923 nobis
2888 1878 3066 1925 utetur
3097 1889 3110 1926 :
3142 1872 3212 1927 ad
3238 1873 3362 1937 hoc,
3392 1873 3459 1929 Ut
3482 1876 3720 1944 respiciat
3739 1918 3752 1939 ,
3784 1875 3906 1931 [nec

2306 1972 2518 2027 quoque
2555 1957 2894 2028 adjiciantur.
2937 1961 3018 2017 Ne
3064 1962 3250 2019 timeas
3281 1983 3295 2020 :
3330 1965 3458 2019 nihil
3484 1967 3634 2022 vobis
3664 1968 3790 2022 mali
3820 1967 3905 2021 fa-

2307 2048 2441 2115 ciet;
2486 2049 2594 2105 imo
2621 2053 2850 2121 patietur
2876 2053 3062 2109 multa.
3098 2055 3168 2109 Et
3200 2056 3340 2126 quod
3369 2057 3612 2113 mirabile
3638 2069 3720 2113 est
3740 2100 3755 2125 ,
3788 2061 3905 2127 pri-

2309 2155 2398 2195 mo
2424 2142 2675 2211 patietur,
2696 2152 2749 2198 et
2778 2152 2903 2199 tunc
2933 2145 2984 2200 in
3013 2147 3246 2214 pericula
3271 2148 3485 2203 incidet.
3518 2149 3676 2204 Saule
3702 2149 3902 2218 frater,

2307 2228 2459 2284 Jesus
2487 2233 2573 2300 qui
2594 2233 2836 2303 apparuit
2863 2236 2951 2289 tibi
2978 2238 3029 2290 in
3050 2238 3150 2302 via,
3177 2239 3310 2291 misit
3336 2256 3433 2292 me.
3466 2239 3583 2295 Non
3612 2240 3767 2305 dixit,
3799 2241 3904 2310 Qui

2308 2326 2615 2392 excmcavit,
2644 2326 2737 2380 sed
2763 2369 2778 2394 ,
2815 2328 2916 2393 Qui
2936 2338 3178 2401 apparuit
3208 2332 3299 2385 tibi
3325 2348 3345 2385 :
3369 2333 3440 2388 ita
3472 2334 3714 2390 modeste
3739 2350 3905 2406 agerc

2308 2413 2527 2480 sciebat,
2573 2416 2814 2487 nihilque
2852 2431 3169 2491 arroganter
3210 2423 3359 2478 dicit.
3410 2424 3477 2481 Ut
3520 2425 3681 2495 igitur
3710 2427 3906 2483 Petrus

2308 2518 2494 2561 curato
2516 2509 2706 2565 claudo
2728 2511 2938 2567 dicebat
2964 2531 2976 2568 :
3008 2512 3147 2580 Quid
3172 2518 3313 2572 nobis
3339 2521 3617 2586 attenditis,
3640 2523 3784 2590 quasi
3810 2540 3906 2577 no—

2310 2610 2415 2654 stra
2444 2603 2621 2657 virtute
2649 2607 2725 2659 vel
2743 2608 2927 2677 pietate
2946 2610 3211 2678 fecerimus
3238 2614 3372 2665 hunc
3396 2613 3657 2669 ambulare
3683 2614 3821 2687 (Act.
3847 2618 3902 2672 5.

2313 2692 2441 2763 i2)?
2466 2695 2543 2749 sic
2572 2706 2624 2751 et
2654 2698 2774 2765 iste,
2802 2698 2952 2754 Jesus
2980 2703 3067 2769 qui
3094 2706 3332 2774 apparuit
3359 2706 3464 2760 tibi.
3496 2706 3763 2777 Impositis
3786 2708 3906 2778 jam

2312 2788 2557 2843 manibus
2587 2790 2702 2846 haec
2732 2792 3068 2863 loquebatur,
3100 2807 3155 2851 et
3183 2798 3376 2868 duplex
3409 2800 3622 2855 cmcitas
3652 2800 3906 2857 solveba-

2312 2890 2415 2934 tur.
2447 2881 2579 2935 Cum
2603 2882 2730 2937 dicit
2755 2895 2954 2952 autem,
2985 2885 3113 2941 Cum
3137 2890 3348 2957 cepisset
3373 2891 3557 2958 cibum,
3582 2892 3907 2959 confortatus

2312 2984 2417 3038 est,
2462 2975 2722 3044 signiﬁcat
2752 2978 2900 3033 illum
2933 2980 3256 3037 inﬁrmatum
3285 2998 3404 3039 esse
3429 3000 3459 3039 a
3489 3000 3726 3042 maerore
3750 2990 3911 3044 calci-

2315 3066 2472 3131 tatis,
2502 3083 2529 3119 a
2569 3068 2758 3125 timore
2792 3080 2845 3125 et
2869 3087 2898 3125 a
2929 3071 3089 3128 fame.
3133 3073 3319 3143 Neque
3358 3077 3500 3131 enim
3544 3078 3692 3147 prius
3726 3080 3907 3135 cibum

2314 3173 2527 3213 sumere
2571 3161 2775 3226 voluit,
2826 3179 2984 3232 quam
3040 3165 3334 3236 baptizatus
3386 3184 3578 3238 magna
3623 3172 3911 3226 sortiretur

2313 3247 2473 3301 dona.
2503 3249 2683 3321 Neque
2704 3252 2851 3317 dicit,
2875 3253 3031 3310 Jesus
3052 3257 3357 3323 crucitixus,
3388 3255 3555 3314 Filius
3580 3260 3696 3327 Dei,
3721 3263 3812 3331 qui
3838 3263 3911 3317 si—

2312 3356 2413 3411 gua
2446 3342 2604 3409 facit;
2633 3346 2726 3400 sed
2748 3348 2910 3417 quid?
2938 3348 3039 3420 Qui
3058 3353 3297 3419 apparuit
3318 3352 3440 3425 tibi;
3470 3369 3531 3408 ea
3562 3354 3768 3419 dicens,
3789 3371 3908 3425 qua:

2313 3433 2387 3486 illi
2422 3444 2545 3488 nota
2571 3447 2746 3490 erant.
2792 3437 3234 3511 Quandoquidem
3262 3458 3329 3497 ne
3358 3443 3473 3513 ipse
3502 3444 3720 3514 quidem
3750 3443 3908 3500 Chri-

2315 3536 2428 3578 sws
2469 3526 2610 3581 aliud
2653 3528 2887 3598 adjecit,
2930 3547 3101 3602 neque
3133 3532 3267 3588 dixit
3296 3552 3308 3587 :
3339 3535 3451 3605 Ego
3476 3552 3593 3590 sum
3621 3536 3712 3591 ille
3740 3539 3911 3592 cruei—

2316 3619 2485 3686 ﬁxus,
2519 3622 2608 3690 qui
2637 3627 2933 3689 resurrexi;
2973 3626 3067 3681 sed
3088 3669 3103 3693 ,
3135 3629 3294 3693 Quem
3320 3640 3372 3681 tu
3406 3632 3743 3700 persequeris.
3793 3630 3909 3684 Non

2314 3712 2464 3778 dixit,
2489 3714 2585 3782 Qui
2622 3719 3085 3786 persequutionem
3110 3721 3311 3789 patior;
3342 3738 3407 3775 ne
3430 3722 3704 3777 videretur
3735 3724 3785 3775 in
3815 3739 3909 3776 ex-

2316 3820 2470 3861 cessu
2494 3811 2688 3863 mentis
2717 3811 2959 3866 irridere.
2993 3813 3092 3878 Qui
3119 3815 3359 3884 apparuit
3382 3816 3489 3881 tibi,
3518 3815 3710 3885 inquit,
3730 3819 3782 3870 in
3810 3819 3909 3870 via.

2318 3901 2480 3968 Atqui
2513 3917 2617 3954 non
2644 3904 2923 3970 apparuit,
2954 3904 3048 3959 sed
3086 3920 3184 3975 per
3214 3920 3377 3976 opera
3405 3907 3550 3962 visus
3583 3918 3685 3962 est.
3723 3910 3791 3962 Et
3814 3926 3910 3962 vn-

2318 3992 2432 4045 lens
2459 3994 2721 4047 sermonis
2745 3995 3042 4049 molestiam
3072 3996 3317 4065 mitigare
3337 4040 3351 4061 ,
3381 3998 3560 4053 statim
3589 4000 3809 4067 adjicit,
3848 4000 3914 4055 Ut

2317 4084 2507 4149 rideas,
2538 4095 2583 4137 et
2610 4086 2866 4156 imp/caris
2897 4088 3097 4156 Spiritu
3123 4100 3318 4144 sancto.
3350 4091 3465 4145 Non
3497 4093 3676 4158 venit,
3709 4104 3768 4147 ut
3798 4110 3914 4149 rem

2319 4175 2512 4231 factum
2540 4189 2806 4246 argueret,
2836 4181 2928 4235 sed
2960 4180 3026 4235 ad
3053 4182 3255 4236 donum
3282 4184 3687 4250 conferendum,
3722 4188 3911 4256 inquit.

2321 4269 2545 4324 Videtur
2584 4271 2713 4325 mihi
2757 4282 2810 4327 et
2850 4273 2990 4329 hunc
3017 4284 3071 4329 et
3096 4275 3402 4332 Cornelium
3430 4279 3606 4333 statim
3641 4291 3762 4349 post
3803 4282 3917 4335 lucc

2322 4361 2459 4415 dicta
2491 4365 2649 4417 verba
2683 4364 2937 4434 Spiritum
2967 4368 3272 4436 recepisse;
3319 4370 3419 4425 etsi
3459 4372 3551 4441 qui
3597 4371 3778 4435 dabat,
3808 4390 3915 4427 non

2323 4469 2388 4508 ex
2414 4454 2693 4510 duodecim
2721 4467 2881 4513 esset.
2923 4458 3011 4515 Sic
3040 4461 3172 4514 nihil
3206 4462 3495 4516 humanum
3536 4463 3654 4529 hic,
3690 4480 3793 4519 nec
3826 4483 3918 4535 per

2325 4545 2597 4601 hominem
2638 4551 2831 4603 factum
2864 4562 2976 4616 est;
3018 4551 3114 4607 sed
3144 4553 3283 4608 Deus
3312 4555 3499 4610 aderat
3524 4556 3613 4624 qui
3646 4556 3765 4609 ba-e
3792 4574 3918 4626 age-

2325 4646 2425 4694 ret.
2455 4638 2727 4710 Simulque
2756 4641 2904 4696 illum
2937 4644 3165 4697 instituit
3191 4653 3247 4698 ut
3277 4646 3517 4700 modeste
3546 4648 3767 4711 sentiat,
3796 4665 3917 4702 cum

2326 4731 2473 4785 illum
2522 4747 2627 4785 non
2672 4732 2819 4787 ducit
2864 4734 2927 4787 ad
2974 4736 3274 4805 pracipuos
3317 4738 3621 4807 apostolos,
3655 4740 3921 4810 docetque

2326 4823 2457 4876 nihil
2486 4823 2570 4877 hic
2598 4823 2886 4879 humanum
2919 4842 3056 4882 esse.
3088 4827 3272 4896 Neque
3301 4838 3426 4883 tunc
3449 4828 3731 4901 Spiritum,
3764 4844 3819 4885 ut
3849 4834 3911 4887 sit

2326 4930 2426 4983 gua
2466 4916 2676 4980 ederet,
2715 4920 2955 4988 accepit,
2993 4930 3044 4972 ut
3082 4921 3159 4973 sic
3187 4921 3303 4989 ejus
3330 4921 3464 4976 iides
3494 4924 3916 4979 ostenderetur:

2327 5023 2499 5077 neque
2525 5010 2666 5063 enim
2698 5027 2845 5080 Signa
2879 5012 3021 5063 fecit.
3054 5009 3121 5064 Et
3152 5013 3339 5077 statim,
3376 5016 3574 5083 inquit,
3612 5014 3664 5067 in
3696 5034 3921 5089 synngu.

2327 5107 2403 5174 gis
2435 5107 2741 5174 prtedicabat
2767 5106 3056 5174 Christum,
3089 5111 3207 5178 quia
3237 5111 3317 5162 hic
3356 5122 3427 5164 est
3458 5108 3626 5163 Filius
3658 5112 3774 5183 Dei.
3810 5113 3920 5166 Non

2328 5200 2649 5268 prtedicahat
2675 5203 2817 5271 quod
2848 5206 3228 5258 resurrexisset
3251 5247 3265 5269 ,
3299 5220 3473 5273 neque
3502 5206 3643 5275 quod
3673 5210 3881 5261 viveret
3908 5225 3921 5271 ;

2328 5293 2421 5346 sed
2450 5294 2614 5361 quid?
2646 5296 3054 5351 Accuratissime
3089 5306 3281 5367 dogma
3312 5299 3648 5367 exponebat,
3684 5297 3819 5364 Quia
3847 5302 3925 5351 Inc

2329 5399 2399 5440 est
2452 5387 2614 5441 Filius
2658 5388 2775 5442 Dei.
2831 5389 2902 5443 Illi
2944 5407 3071 5445 vero
3114 5392 3196 5446 his
3238 5391 3431 5446 auditis
3463 5393 3513 5446 in
3550 5392 3925 5447 iuercdulitate

2332 5491 2599 5547 perstant,
2634 5496 2755 5534 cum
2804 5486 3125 5551 Opurtnisset
3176 5500 3281 5538 non
3332 5485 3491 5539 modo
3529 5486 3789 5551 credere,
3833 5487 3925 5539 scd

2330 5574 2485 5625 etiam
2517 5573 2912 5641 obstupescere.
2944 5575 3010 5629 Et
3032 5592 3127 5629 cm-
3150 5591 3253 5630 uou
3282 5578 3613 5645 simpliciter,
3638 5580 3782 5648 quod
3810 5597 3924 5649 jur-

2330 5672 2585 5729 sequutor
2626 5663 2815 5720 fuerit.
2853 5668 3072 5727 dicunt;
3107 5669 3198 5721 sed
3241 5670 3380 5738 quod
3424 5682 3752 5739 expugnaret
3796 5687 3927 5735 eos,

2334 5759 2415 5827 qui
2449 5758 2545 5811 hoc
2579 5774 2770 5811 nomen
2806 5761 3151 5816 invocatcitt?
3187 5762 3427 5829 ﬂagtium
3461 5766 3692 5818 furorem
3728 5764 3812 5819 his
3838 5760 3923 5816 de
