4078 6318
449 290 540 346 161
1216 293 1274 346 S.
1314 289 1595 346 JOANMS
1630 289 2119 348 CIIRYSOSTOMI
2159 288 2479 346 ARCHIEP.
2518 284 3064 344 CONSTANTINOP.

441 404 640 470 τοῦτο;
671 403 743 459 Τὸ
775 404 976 476 σφόδρα
1004 407 1228 477 μανικὸν
1260 408 1347 463 διὰ
1375 408 1564 461 τούτου
1591 408 1967 480 ἐμφαίνοντες.
1993 406 2102 459 Kal

441 493 543 546 οὐκ
567 488 717 546 εἶπον
737 492 825 546 τὸν
864 494 1089 565 Ἰησοῦν,
1125 496 1234 548 ἀπὸ
1258 496 1356 566 τῆς
1387 495 1684 566 βασκανίας
1714 494 1834 548 οὐδέ
1853 494 1913 546 τὸ
1931 494 2103 564 ὄνομα

443 579 664 634 ἀκούειν
694 582 1009 653 ἀνεχόμενοι
1034 599 1049 614 ο
1084 582 1255 645 οὕτως
1291 579 1431 654 ἦσαν
1469 582 1947 654 ἐκτεθηριωμένοι.
1993 583 2104 636 Καὶ

440 661 556 720 ὧδε
587 670 674 734 εις
693 669 868 723 τοῦτο
889 670 1205 736 ἐλήλυθεν.
1231 671 1341 724 Οὐκ
1369 671 1562 741 ἔχομεν
1585 673 1777 736 εἰπεῖν,
1811 671 1998 742 φησὶν,
2023 670 2102 724 ὅτι

441 758 554 820 τοῖς
583 757 899 822 ἀποστόλοις
929 759 1192 830 πρότερον
1225 760 1556 827 συνεγένετο.

511 848 729 919 γ⁴.”ορα
746 848 834 901 διὰ
845 849 1024 902 πόσων
1044 849 1381 920 ὁμολογεῖται
1399 850 1509 904 τῶν
1537 851 1743 924 ἐχθρῶν
1768 851 2054 921 τυγχάνων
2075 852 2103 904 δ

441 933 670 999 Παῦλος.
711 935 768 988 '0
795 936 852 989 δέ
877 937 1123 1007 οὐμόνον
1155 938 1254 991 οὐκ
1287 938 1548 1011 ᾐσχύνετο
1579 939 1808 1006 τούτοις,
1839 939 1976 994 ἀλλά
2007 941 2100 993 καὶ

443 1023 786 1094 ἐνηόρύνετο.
835 1025 1068 1091 Σαῦλος
1105 1025 1172 1079 δὲ
1208 1026 1450 1096 μᾶλλον
1492 1026 1953 1097 ἐνεδυναμοῦτο,
2004 1028 2100 1080 καί

441 1112 801 1180 συνῄσχυνε
823 1111 965 1178 τοὺς
1007 1113 1369 1180 ἰουδαίουςο
1391 1115 1683 1179 τουτέστιν,
1723 1114 2097 1184 ἐπεστόμιζεν,

437 1198 540 1250 οὐκ
563 1199 649 1253 εἷα
667 1215 719 1250 τι
742 1201 944 1252 είπεϊν·
969 1200 1363 1270 συμϐιϐἀζων,
1400 1201 1489 1255 ὅτι
1518 1197 1695 1268 οὗτός
1719 1201 1890 1255 ἐστιν
1910 1205 1944 1256 ό
1969 1203 2102 1270 Χρι-

441 1284 606 1350 στός.
638 1287 914 1341 Διδάσκων
934 1329 949 1352 ,
993 1289 1128 1358 φησί
1152 1305 1167 1320 ο
1190 1289 1510 1353 διδάσκαλος
1541 1291 1632 1343 καὶ
1659 1291 1766 1362 γάρ
1786 1290 1986 1354 εὐθέως
2009 1287 2095 1362 ἧν.

451 1371 550 1438 Ὠς
599 1372 712 1426 δὲι
738 1375 1122 1444 ἐπληροῦντο
1179 1379 1390 1446 ἡμέραι
1437 1379 1657 1445 ἱκαναί,
1699 1381 2100 1434 συνεϐουλεύ-

439 1476 628 1516 σαντο
651 1466 703 1530 οἱ
742 1461 1026 1519 Ἰουδαῖοι
1069 1467 1309 1522 ἀνελεῖν
1349 1468 1556 1522 αὐτόν.
1592 1468 1718 1522 Ἐπὶ
1755 1469 1847 1524 τὸν
1883 1471 2100 1542 ἰσχυρὸν

442 1549 800 1622 συλλογισμὸν
827 1552 1076 1624 ἔρχονται
1115 1553 1279 1608 πάλιν
1327 1557 1378 1608 οί
1423 1555 1681 1610 Ἰουδαῖοι.
1723 1558 1836 1612 Οὐκ
1875 1558 1953 1612 ἔτι
1992 1559 2098 1632 γὰρ

441 1637 802 1706 συκοφάντας,
831 1640 923 1695 καὶ
952 1643 1311 1712 κατηγόρους,
1331 1645 1424 1696 καὶ
1438 1642 1888 1717 ψευδομάρτυρας
1913 1646 2100 1718 ἐπιζη-

436 1725 620 1779 τοῦσιν
645 1743 659 1758 ·
695 1728 817 1780 οὐδὲ
849 1729 957 1799 γάρ
996 1728 1076 1783 ἔτι
1106 1731 1390 1800 ἀνέχονται
1413 1730 1620 1786 τούτων
1647 1751 1661 1764 ·
1694 1733 1831 1787 ἀλλά
1858 1735 1942 1800 τί;
1980 1736 2100 1788 Λοι-

437 1811 539 1864 πὸν
589 1811 743 1866 αὐτοὶ
785 1813 852 1866 δι’
894 1816 1104 1869 ἑαυτῶν
1143 1816 1298 1871 τοῦτο
1343 1819 1688 1889 ἐργάζονται.
1748 1821 1962 1892 Ἐπειδὴ
1991 1820 2099 1892 γὰρ

437 1893 576 1952 εἶδον
606 1901 1009 1971 ἐπιτεινόμενον
1031 1904 1090 1954 τὸ
1135 1907 1398 1974 πρᾶγμα,
1429 1906 1548 1959 οὐδέ
1584 1906 1928 1978 δικαστήριον
1968 1908 2100 1961 καθ-

439 1983 666 2049 ίζουσιν.
695 1987 996 2056 Ἑτνώσθη
1025 1988 1093 2042 δὲ
1113 1988 1192 2054 τῷ
1225 1992 1438 2056 Σαύλῳ
1475 1993 1514 2061 ἡ
1547 1992 1835 2063 ἐπιϐουλὴ
1859 1995 2059 2048 αὐτῶν
2081 2013 2095 2028 ο

437 2071 816 2138 παρετήρουν
860 2090 924 2127 τε
961 2075 1067 2141 τὰς
1106 2077 1307 2143 πύλας
1342 2078 1568 2146 ἡμέρας
1609 2097 1673 2134 τε
1713 2081 1812 2135 καὶ
1858 2083 2098 2150 νυκτὸς,

435 2157 595 2244 ὅπως
626 2161 812 2214 αὐτὸν
829 2162 1113 2218 ἀνέλωσι.
1144 2165 1241 2225 Δ,ιά
1260 2166 1348 2232 τί;
1384 2168 1504 2222 ’Ότι
1527 2170 1743 2224 πάντων
1770 2172 2100 2244 ἀφορητότε-

439 2262 531 2316 ρον
565 2242 632 2318 ἦν
664 2249 848 2313 αὐτοῖς
868 2251 976 2304 τῶν
1003 2252 1102 2323 ἤδη
1129 2256 1512 2325 γεγενημένων
1543 2258 1803 2327 σημείων,
1834 2242 1944 2312 τῶν
1967 2278 2099 2313 πενο

433 2334 815 2405 τακισχιλίων,
849 2339 956 2392 τῶν
988 2341 1335 2412 τρισχιλίων,
1373 2343 1591 2397 πάντων
1621 2345 1825 2410 ἁπλῶς.
1864 2348 1971 2401 Kal
1997 2350 2100 2420 δρα

433 2422 595 2510 αὐτὸν
620 2424 758 2488 τέως
775 2426 835 2479 οὐ
859 2427 1042 2498 χάριτι
1074 2427 1401 2500 σωζόμενον,
1436 2431 1550 2485 ἀλλ’
1575 2433 1893 2510 ἀνθρωπίνῃ
1915 2439 2094 2510 σοφίαι

435 2507 522 2563 ἵνα
571 2511 749 2585 μάθῃς
795 2513 890 2567 τοῦ
924 2515 1117 2587 ἀνδρὸς
1158 2519 1257 2587 τὴν
1297 2519 1498 2590 ἀρετὴν
1531 2523 1623 2574 καὶ
1653 2523 1820 2594 χωρὶς
1859 2507 2100 2596 σημείων

434 2596 761 2669 λάμποντος.
805 2603 1103 2669 Λαϐόντες
1147 2603 1216 2657 δὲ
1259 2605 1446 2660 αὐτὸν
1483 2611 1538 2661 οι
1576 2611 1830 2678 μαθηταὶ
1858 2615 2097 2682 νυκτὸς,

433 2687 711 2754 καθῆκαν
748 2689 845 2744 διὰ
879 2691 985 2745 τοῦ
1014 2693 1284 2762 τείχους,
1314 2695 1699 2764 χαλάσαντες
1734 2700 1804 2753 ἐν
1830 2703 2097 2771 σπυρίδι.

431 2774 673 2838 Εἰκότως
694 2794 706 2806 ·
735 2778 823 2830 ἴνα
845 2777 1155 2832 ἀνύποπτον
1179 2775 1211 2853 ᾖ
1241 2781 1303 2834 τὸ
1325 2784 1577 2854 πρᾶγμα.
1614 2785 1680 2837 Τί
1707 2782 1828 2853 οὐνς
1860 2791 2099 2846 τοιοῦτον

431 2862 674 2916 κίνδυνον
697 2863 974 2934 διαφυγὼν
992 2908 1008 2932 ,
1032 2864 1140 2937 ἄρα
1158 2868 1372 2922 ἵσταται
1397 2870 1426 2910 δ
1446 2888 1460 2936 ;
1482 2872 1769 2943 Οὐδαμῶς,
1798 2876 1915 2930 ’ἀλλ’
1935 2879 2102 2951 ἀπέρ-

431 2966 585 3020 χεται
607 2951 735 3006 ἔνθα
769 2954 1033 3023 μειζόνως
1052 2955 1117 3008 ἂν
1131 2956 1328 3020 αὐτοὺς
1351 2957 1560 3028 ἐξάψει.
1581 2962 1703 3015 Ὅτι
1721 2963 1830 3034 γὰρ
1859 2967 2102 3038 ἀκριϐῶς

438 3039 780 3106 ἐπίστευσεν,
829 3043 1058 3096 ἀπιστον
1099 3038 1165 3115 ἦν
1220 3043 1300 3097 ἐτι
1337 3048 1450 3110 τοῖς
1495 3048 1727 3113 πολλοῖς.
1789 3053 1889 3108 Διά
1945 3056 2102 3112 τοῦτο

433 3122 583 3196 [166]
605 3127 723 3196 μεθ’
753 3128 968 3199 ἡμέρας
996 3130 1188 3195 ίκανάς
1213 3132 1373 3186 τοῦτο
1403 3133 1634 3201 γίνεται.
1685 3136 1750 3191 Τί
1786 3157 1916 3194 ποτε
1942 3145 2100 3198 τοῦτό

431 3212 612 3281 ἐστιν;
643 3215 804 3279 Εἰκὸς
824 3215 987 3270 αὐτὸν
1023 3218 1096 3289 μὴ
1134 3218 1414 3288 βούλεσθαι
1444 3222 1582 3286 τέως
1609 3224 1846 3291 ἐξελθεῖν
1869 3231 2097 3298 ἐκεῖθεν,

431 3299 642 3354 πολλῶν
663 3304 794 3367 ῐσως
835 3307 1248 3376 παραινούντων
1275 3324 1290 3338 ⁸
1333 3309 1518 3380 ἐπειδὴ
1547 3310 1602 3364 δέ
1632 3314 1822 3383 ἔμαθε,
1858 3317 1977 3370 τότε
2003 3320 2102 3372 ἐπα

433 3387 638 3477 ἐτρεψε
657 3393 770 3455 τοῖς
803 3393 1074 3463 μαθηταῖς
1098 3396 1261 3449 αὐτοῦ
1283 3414 1295 3426 ·
1321 3399 1415 3451 καὶ
1439 3399 1548 3471 γὰρ
1567 3402 1814 3474 μαθητὰς
1837 3401 1982 3477 εῖχεν
2011 3410 2101 3461 εὐ-

432 3474 588 3539 θέως.
613 3476 782 3530 Τοῦτο
808 3482 1174 3551 αἰνιττόμενος
1197 3483 1383 3552 ἔλεγεν
1406 3502 1420 3516 ο
1473 3488 1527 3539 Ὀ
1553 3489 1850 3558 ἐθνάρχης
1890 3474 2102 3562 ’Ἃρέτα

429 3563 536 3618 τοῦ
583 3565 892 3633 ,βασιλέως
943 3569 1217 3638 ἐφρούρει
1268 3573 1383 3640 τὴν
1430 3577 1844 3645 Δαμασκηνῶν
1895 3588 2098 3650 πόλιν,

431 3652 644 3743 πιάσαι
670 3673 746 3724 με
781 3656 991 3714 θέλων.
1025 3660 1133 3712 Kal
1156 3660 1260 3731 δρα
1292 3661 1385 3715 τὸν
1415 3663 1805 3739 εὐαγγελιστὴν
1831 3671 1980 3726 οὐδὲν
2015 3693 2102 3743 φι-

431 3741 671 3812 λοτίμως
693 3743 941 3812 λέγοντα,
972 3745 1092 3798 οὐδὲ
1120 3747 1371 3819 λαμπρὸν
1408 3751 1693 3807 δεικνύντα
1731 3756 1822 3809 τὸν
1859 3741 2099 3825 Παῦλον,

434 3830 566 3884 ἀλλὰ
607 3833 765 3902 μόνον
792 3835 872 3886 ὅτι
902 3835 1200 3904 ἐπήγειραν
1224 3837 1312 3890 τὸν
1345 3837 1584 3908 βασιλέα.
1618 3843 1795 3896 Μόνον
1822 3841 1914 3899 οὖν
1941 3849 2102 3904 αὐτὸν

433 3918 769 3989 ἐξέπεμψαν,
797 3921 890 3974 καὶ
921 3922 1111 3976 οὐδένα
1149 3926 1268 3994 μετ’
1295 3925 1482 3982 αὐτοῦ.
1534 3929 1645 3981 Kal
1686 3930 1842 3986 τοῦτο
1883 3935 1937 3988 δὲ
1967 3953 2103 4009 συμ-

433 4007 726 4077 φερόντως,
763 4009 904 4061 ὥστε
928 4010 1088 4063 αὐτὸν
1120 4012 1353 4082 φανῆναι
1382 4016 1492 4077 τοῖς
1517 4016 1831 4084 ἀποστόλοις
1853 4023 1910 4074 ἐν
1939 4007 2103 4096 Ἱερο-

434 4093 688 4163 σολύμοις
711 4110 726 4125 ο
762 4095 960 4165 μᾶλλον
986 4096 1042 4150 δέ
1070 4098 1224 4150 αὐτοὶ
1246 4100 1343 4168 μὲν
1367 4100 1700 4173 ἐξέπεμψαν,
1725 4107 1801 4172 ὡς
1825 4109 1889 4163 ἐκ
1909 4093 2099 4166 τούτου

431 4178 616 4233 λοιπὸν
644 4181 821 4252 ἐαυτῷ
847 4182 944 4254 τὴν
975 4185 1250 4255 σωτηρίαν
1279 4188 1608 4258 πορίσασθαι
1640 4208 1652 4220 ·
1676 4195 1838 4260 αὐτὸς
1868 4197 1925 4249 δὲ
1951 4201 2102 4253 τούν-

432 4267 612 4319 αντίον
647 4270 1038 4339 πραττόμενος,
1089 4274 1169 4335 είς
1220 4274 1347 4338 τοὺς
1395 4279 1755 4348 μαινομένους
1804 4284 1964 4348 εὐθὺς
2000 4287 2100 4340 ἐπ-

430 4354 690 4425 επήδησε.
727 4355 895 4408 Τοῦτό
939 4359 1054 4410 ἐστι
1079 4361 1439 4433 πεπυρῶσθαι
1463 4405 1478 4429 ,
1511 4365 1667 4420 τοῦτο
1701 4370 1935 4439 μάλιστα
1967 4374 2099 4440 ζεῖν.

431 4440 543 4494 Kal
575 4443 806 4534 σκόπει,
841 4445 956 4508 πῶς
984 4447 1306 4512 ἀκολουθεῖ,
1339 4451 1405 4504 ἐκ
1429 4454 1651 4525 πρώτης
1679 4458 1893 4529 ἡμέρας
1919 4464 2102 4534 τηρῶν

429 4529 490 4582 τὸ
520 4529 888 4601 παράγγελμα
907 4573 921 4598 ,
949 4533 1085 4604 ὅπερ
1115 4535 1357 4604 ἥκουσαν
1385 4542 1434 4592 οί
1463 4541 1748 4597 ἀπόστολοι
1775 4588 1788 4610 ,
1825 4548 1886 4601 τὸ
1908 4587 1923 4612 ,
1968 4529 2102 4604 iam»

545 4635 634 4708 τις
658 4618 772 4708 ᾶρη
800 4619 908 4672 τὸν
940 4622 1208 4688 σταυρὸν
1229 4626 1416 4679 αὐτοῦ
1444 4629 1542 4682 καί
1570 4631 1961 4705 ἀκολουθήσῃ
1976 4657 2096 4708 μοι.

433 4704 505 4756 Τὸ
533 4705 708 4757 τοίνυν
745 4705 972 4778 ὕστερον
996 4709 1157 4761 αὐτὸν
1187 4710 1293 4763 τῶν
1327 4711 1504 4766 ἀλλων
1539 4716 1736 4781 ἐλθεῖν,
1769 4704 2099 4790 μᾶλλονναύ-

430 4792 522 4879 τδν
540 4791 966 4879 ,προθυμότερον
1001 4797 1195 4849 ἐποίει.
1247 4801 1355 4853 Kal
1384 4801 1551 4874 -ἐργῳ
1588 4806 1890 4879 ἐπληροῦτο
1923 4815 2100 4868 ἐκεῖνο

401 4875 509 4940 τὸ,
540 4872 615 4945 *ῼ
649 4878 881 4970 ἀφίεται
925 4881 1102 4941 πολὺ,
1141 4880 1381 4949 μᾶλλον
1431 4872 1751 4958 ἀγαπήσει..
1800 4896 1960 4949 Ὥστε
1989 4898 2100 4970 ὅσῳ

431 4962 658 5035 ἱσχατον
690 4960 842 5035 ἦλθε,
874 4966 1108 5037 τοσούτῳ
1138 4970 1338 5038 μᾶλλον
1370 4975 1675 5046 ἠγάπησεν.
1704 4981 1801 5034 Διὰ
1832 4983 1985 5038 τοῦτο
2007 4960 2100 5041 ml,

427 5051 521 5104 τὸν
571 5051 999 5128 πρότερον-βίον
1047 5057 1242 5111 ἑαυτοῦ
1302 5061 1631 5131 στηλιτεύων
1657 5107 1670 5128 ,
1712 5070 1805 5121 καὶ
1839 5073 2099 5141 πολλάκις

429 5141 619 5192 ἑαυτὸν
657 5141 870 5204 στίζων,
911 5143 1060 5194 οὐδὲν
1108 5147 1292 5215 ἠγεῖτο
1341 5150 1525 5203 ἱκανὸν
1570 5149 1707 5207 εἶναι
1764 5159 1902 5227 πρὸς
1934 5162 1992 5214 τὸ
2031 5163 2099 5218 τά

429 5228 670 5298 πρότερα
701 5229 1037 5299 ἀποκρύψαι.
1067 5236 1110 5284 Σ
1119 5236 1460 5302 ιρμϐιϐάζων,
1493 5243 1644 5309 φησὶ,
1680 5247 1945 5312 τουτέστι,
1980 5255 2097 5322 μετ’

432 5317 728 5379 ἐπιεικείας
765 5317 1053 5372 διδάσκων.
1091 5322 1198 5373 Kal
1223 5324 1344 5394 δρα,
1369 5327 1430 5379 οὐ
1457 5328 1513 5380 λέ
1529 5347 1700 5395 γουσιν
1728 5335 1895 5406 αὐτῷ,
1921 5317 2000 5393 ὅτξ¹
2027 5342 2096 5396 Σὺ

427 5399 484 5454 εί
511 5405 539 5456 ό
571 5404 783 5474 πορθῶν
815 5422 828 5436 ·
857 5407 908 5459 τί
961 5409 1401 5496 μεταῦέῦλησαι;
1448 5417 1741 5486 ᾐσχύνοντο
1774 5399 1880 5496 γάρ
1909 5444 1921 5456 ·
1961 5428 2097 5483 ἀλλά

428 5491 566 5561 πρὸς
599 5491 821 5554 ἑαυτοὺς
857 5495 1063 5564 ἔλεγον.
1114 5493 1245 5550 Εἶπε
1283 5502 1388 5571 γὰρ
1422 5503 1486 5555 ἀν
1522 5507 1700 5579 πολλῷ
1735 5491 2093 5588 δικαιότερον,

428 5580 511 5630 ότι
544 5578 712 5630 Τοῦτο
743 5580 971 5649 μάλιστα
997 5585 1136 5654 ὑμᾶς
1160 5586 1364 5650 διδάξαι
1399 5591 1601 5659 ὀφείλει
1623 5638 1637 5660 ,
1673 5578 1795 5653 ἐπεὶ
1827 5604 1918 5655 καὶ
1959 5578 2094 5677 πρὸς

441 5665 750 5736 Ἀγρίππαν
784 5667 955 5733 οὕτως
988 5673 1352 5741 ἀπολογεῖται.
1400 5678 1600 5735 Τοῦτον
1628 5687 1947 5758 μιμώμεθα,
1988 5665 2094 5749 παλ

494 5840 518 5865 ³
562 5840 656 5890 Alii
688 5845 965 5903 διδάσκαλος
1001 5847 1084 5911 γάρ
1118 5850 1251 5907 οὗτος
1293 5854 1363 5912 ἦν.
1416 5855 1493 5912 Ὠς

496 5861 518 5865 -
562 5861 656 5890 mu
688 5861 965 5903 οιοασκχλος
1001 5865 1084 5911 γαρ
1118 5861 1251 5907 ουτος
1293 5861 1363 5912 ην.
1416 5861 1493 5912 Ὠς
1671 5861 1696 5901 b
1738 5862 1945 5930 Αιίιῦρα
1989 5867 2096 5934 ἶεΰ,

429 5923 525 5954 wn:

442 5948 525 5968 .""

3773 280 3882 338 162

2214 404 2459 476 ρακαλῶ,
2503 405 2597 458 καὶ
2638 407 2821 476 ἡμεῖς,
2857 401 3114 474 καὶπρὸς
3148 401 3354 462 πάντας
3406 393 3554 470 ὦμεν
3601 399 3879 462 κινδύνους

2209 491 2702 564 παρατεταγμένοι.
2732 493 2842 546 Kal
2867 489 3004 554 πῶς,
3028 488 3213 559 φησὶν,
3237 488 3444 550 ἐκεινος
3465 486 3654 555 φεύγει
3675 496 3732 552 α;
3764 487 3883 541 Οὐκ

2208 576 2274 651 ἦν
2305 580 2508 644 δειλίας
2533 580 2593 634 τὸ
2615 581 2869 652 πρᾶγμα,
2897 578 3014 632 ἀλλ’
3035 576 3330 645 ἐφύλαττεν
3357 575 3546 628 ἐαυτὸν
3567 574 3642 644 τῷ
3669 573 3881 645 κηρύγ-

2175 665 2179 726 ἑ
2215 686 2366 740 ματι.
2401 669 2464 722 El
2496 668 2668 732 δειλὸς
2692 663 2793 740 ἦν,
2834 668 2935 720 οὐκ
2975 665 3041 720 ἂν
3086 667 3166 728 εἰς
3202 665 3272 718 τά
3309 662 3659 734 Ἱεροσόλυμα
3690 658 3880 732 ἦλθεν,

2207 756 2307 809 οὐκ
2331 756 2397 811 ἂν
2426 756 2632 820 εὐθέως
2665 755 2954 823 ἀνεδέξατο
3000 754 3100 825 τὴν
3141 751 3488 806 διδασκαλίαν
3511 768 3524 782 ο
3561 749 3882 820 καθυφῆκεν

2208 844 2274 898 ἂν
2300 846 2398 916 τῆς
2426 845 2804 916 σφοδρότητος.
2850 843 2989 895 Ἀλλ’
3019 842 3119 894 οὐκ
3144 840 3210 910 ἦν
3231 839 3420 902 δειλὸς,
3444 836 3581 892 ἀλλά
3608 838 3701 890 καὶ
3732 839 3884 890 οἰκο-

2206 933 2454 1003 νομῖκός.
2483 931 2806 1002 Ἐπαιδεύθη
2829 929 2907 1000 τῷ
2943 926 3106 982 πάθει
3133 927 3228 980 τοῦ
3261 926 3557 995 Στεφάνου.
3601 925 3691 976 Διὸ
3723 925 3883 977 οὐδὲν

2213 1019 2356 1091 μέγα
2381 1021 2567 1090 ἠγεῖτο
2595 1018 2656 1072 τὸ
2688 1018 2978 1072 ἀποθανεῖν
3012 1017 3152 1086 ὑπὲρ
3181 1015 3276 1068 τοῦ
3309 1012 3684 1086 κηρύγματος,
3720 1014 3769 1064 εἰ
3803 1011 3886 1083 μὴ

2213 1106 2350 1177 μετὰ
2380 1105 2576 1161 πολλοῦ
2632 1106 2725 1159 τοῦ
2775 1106 2998 1176 κέρδους
3039 1102 3197 1156 τοῦτο
3228 1103 3553 1173 ἐργάσαιτο,
3595 1100 3885 1170 ἄνθρωπος

2208 1195 2328 1249 οὐδὲ
2357 1196 2446 1249 τὸν
2471 1195 2704 1267 Χριστὸν
2732 1194 2860 1247 ίδεῖν
2877 1193 3065 1257 θέλων,
3094 1191 3153 1243 δν
3179 1190 3412 1261 μάλιστα
3443 1190 3662 1242 πάντων
3683 1188 3888 1240 ἐσπευο

2207 1283 2296 1336 δεν
2339 1285 2485 1350 ίδεῖν,
2528 1282 2718 1354 ἐπειδὴ
2761 1283 2973 1336 οὐδέπω
3019 1281 3325 1352 ἀπήρτιστο
3368 1279 3517 1349 αὐτῷ
3559 1278 3627 1331 τά
3676 1278 3774 1350 τῆς
3798 1280 3885 1340 εἰς

2207 1375 2331 1437 τοὺς
2359 1373 2678 1446 ἀνθρώπους
2708 1371 3318 1445 οἱκονομίας.Τοιαύτην
3347 1367 3488 1424 εἶναι
3518 1370 3623 1442 χρὴ
3646 1370 3744 1442 τὴν
3772 1369 3883 1440 ψυ-

2208 1460 2308 1532 χὴν
2336 1462 2431 1515 τοῦ
2454 1461 2804 1534 Χριστιανοῦ.

2278 1548 2339 1604 δ’.
2371 1549 2504 1603 Ἀπὸ
2535 1551 2835 1622 προοιμίων
2862 1549 2956 1603 καλ⁸
2985 1548 3094 1603 ἀπὸ
3107 1547 3353 1619 βαλϐῖδος
3369 1546 3538 1614 αὐτῆς
3567 1546 3884 1601 ἐδείκνυτοά

2206 1638 2234 1690 ὁ
2263 1637 2546 1708 χαρακτὴρ
2568 1637 2781 1692 Παύλου
2802 1653 2817 1668 ⁸
2843 1638 3044 1709 μᾶλλον
3070 1637 3129 1690 δέ
3158 1638 3254 1690 καὶ
3281 1636 3389 1706 πρὸ
3416 1634 3628 1688 τούτου.
3682 1634 3771 1687 Ἐν
3799 1628 3886 1695 οἷς

2209 1725 2316 1793 γὰρ
2355 1725 2418 1776 οὐ
2457 1725 2598 1778 κατά
2623 1725 2825 1793 γνῶσιν
2851 1725 3059 1789 ἐποίει,
3091 1723 3418 1795 ἀνθρωπίνῳ
3448 1721 3765 1792 κινούμενος
3790 1721 3885 1773 λο-

2206 1810 2394 1881 γισμῷ
2434 1810 2806 1882 διεπράττετο.
2840 1813 2904 1866 El
2941 1813 3050 1882 γάρ
3082 1813 3218 1883 μετά
3252 1811 3508 1864 τοσοῦτον
3556 1810 3747 1881 χρόνον
3781 1811 3888 1861 οὐκ

2207 1897 2400 1969 ἤθελεν
2433 1897 2696 1952 ἀναλῦσαι
2722 1913 2736 1927 ’
2760 1899 2939 1970 πολλῷ
2968 1899 3167 1970 μᾶλλον
3189 1901 3246 1951 ἐν
3267 1900 3408 1968 ἀρχῇ
3443 1897 3549 1967 τῆς.
3569 1897 3844 1967 ἐμπορίας
3869 1936 3885 1956 ,

2206 1987 2332 2058 ἄρτι
2362 1986 2471 2040 τῶν
2496 1987 2731 2058 λιμένων
2759 1987 3009 2053 ἐξελθών.
3049 1988 3163 2040 Οὐκ
3203 1987 3503 2056 ἐξαρπάζει
3545 1985 3602 2038 δέ
3643 1984 3808 2037 αὐτὸν
3857 1987 3889 2037 6

2207 2073 2440 2144 Χριστὸς
2458 2073 2553 2128 τοῦ
2581 2074 2849 2139 κινδύνου,
2867 2074 2982 2129 ἀλλ’
3007 2075 3235 2144 ἀφίησιν
3259 2090 3272 2102 ο
3299 2073 3488 2144 ἐπειδὴ
3512 2072 3766 2143 βούλεται
3787 2071 3892 2125 καὶ

2208 2160 2524 2235 ἀνθρωπίνῃ
2549 2164 2760 2218 συνέσει
2786 2162 2959 2216 πολλά
2985 2161 3253 2231 γίνεσθαι.
3285 2160 3497 2224 Ἀλλως
3525 2160 3585 2214 δὲ
3618 2160 3848 2230 ἀφίησιν
3869 2199 3887 2224 ,

2211 2247 2297 2300 ἵνα
2324 2247 2607 2319 μάθωμεν,
2635 2250 2717 2304 ὅτι
2746 2251 2842 2303 καὶ
2872 2251 3026 2304 αὐτοὶ
3064 2249 3341 2322 ἄνθρωποι
3372 2244 3512 2320 ἦσαν
3533 2288 3549 2312 ,
3583 2249 3676 2302 καὶ
3699 2249 3783 2300 ὅτι
3821 2249 3890 2300 οὐ

2209 2336 2484 2407 πανταχοῦ
2515 2335 2579 2390 τὸ
2613 2340 2720 2391 πᾶν
2749 2341 2781 2409 ἡ
2808 2339 2967 2409 χάρις
2993 2340 3213 2410 ἐνήργει
3231 2355 3246 2368 ε
3281 2338 3406 2392 ἐπεὶ
3427 2339 3474 2390 εί
3508 2337 3584 2408 μὴ
3604 2335 3764 2390 τοῦτο
3790 2331 3888 2406 ἦν,

2209 2423 2338 2489 ξύλα
2373 2425 2559 2489 ἁπλῶς
2605 2426 2972 2497 ἐνομίσθησαν
3011 2427 3094 2481 ἀν.
3141 2426 3240 2481 Διά
3276 2443 3359 2479 τοι
3401 2424 3562 2478 τοῦτο
3591 2424 3762 2478 πολλά
3791 2425 3891 2478 καὶ

2208 2512 2362 2564 αὐτοὶ
2388 2513 2702 2585 ᾠκονόμουν
2740 2512 2889 2586 [167]
2919 2513 3008 2568 διὰ
3036 2514 3145 2568 τῶν
3173 2514 3538 2586 πραγμάτων.
3575 2512 3748 2565 Τοῦτο
3790 2512 3893 2564 καὶ

2208 2601 2370 2670 ἡμεῖς
2403 2600 2669 2670 ποιῶμεν,
2706 2601 2800 2655 καὶ
2833 2601 2975 2655 οὕτω
3003 2602 3104 2672 τῆς
3141 2601 3250 2655 τῶν
3277 2601 3524 2672 ἀδελφῶν
3561 2600 3893 2673 ὀρεγώμεθα

2211 2688 2504 2758 σωτηρίας.
2521 2687 2692 2742 Τοῦτο
2715 2690 3014 2761 μαρτυρίου
3032 2690 3132 2743 οὐκ
3147 2689 3391 2755 ἔλαττον,
3422 2689 3586 2762 μηδὲν
3613 2691 3895 2760 παραιτή-

2209 2776 2407 2828 σασθαι
2456 2775 2650 2830 παθεῖν
2693 2775 2783 2831 διά
2823 2777 2924 2849 τὴν
2978 2778 3084 2831 τῶν
3131 2777 3346 2832 πολλῶν
3393 2777 3688 2849 σωτηρίαν.
3716 2777 3894 2831 υύδέν

2206 2859 2379 2925 οὕτως
2408 2863 2691 2934 εὐφραίνει
2717 2864 2810 2917 τὸν
2837 2865 2990 2918 Θεόν.
3023 2864 3194 2919 Πάλιν
3219 2865 3353 2937 ἐρῶ,
3373 2865 3402 2918 δ
3424 2865 3682 2928 πολλάκις
3703 2860 3889 2918 εἷπον·

2207 2950 2318 3021 ἐρῶ
2344 2951 2419 3016 δὲ,
2449 2951 2637 3023 ἐπειδὴ
2667 2953 2871 3024 σφόδρα
2892 2953 3023 3007 αὐτὸ
3059 2953 3322 3025 βούλομαι
3350 2970 3364 2984 °
3391 2954 3516 3008 ἐπεὶ
3551 2953 3646 3007 καὶ
3686 2954 3716 3007 ό
3753 2954 3896 3026 Χρι-

2211 3039 2334 3102 στὸς
2365 3040 2424 3092 τὸ
2448 3040 2580 3093 αὐτὸ
2606 3041 2800 3103 ἐποίει,
2828 3043 2958 3112 περὶ
2979 3042 3227 3111 ἀφέσεως
3253 3042 3536 3114 παραινῶν
3565 3043 3659 3096 καὶ
3685 3042 3890 3110 λέγων’

2213 3127 2391 3180 Ὅταν
2410 3129 2833 3197 προσεύχησθε
2861 3141 2884 3169 ο
2908 3131 3096 3198 ὑμεῖς,
3123 3131 3329 3201 ἀφίετε
3353 3132 3409 3186 ετ
3447 3149 3498 3186 τι
3534 3130 3689 3186 κατά
3719 3148 3897 3198 τινος

2209 3214 2397 3283 ἔχετε.
2443 3216 2613 3269 Πάλιν
2652 3216 2730 3286 τῷ
2775 3216 2968 3289 Πέτρῳ
3015 3218 3429 3290 διαλεγόμενος,
3465 3219 3547 3273 Οὐ
3573 3217 3729 3288 λέγω
3763 3234 3892 3284 σοι,

2210 3305 2394 3376 φησὶν,
2425 3304 2513 3359 ὅτι
2535 3307 2719 3375 ’Ἄφες
2743 3304 2856 3370 ἕως
2875 3305 3143 3373 ἑπτάκις,
3162 3307 3300 3360 ἀλλ’
3322 3307 3432 3373 ἕως
3450 3307 3898 3376 ἑϐδομηκοντά-

2208 3409 2303 3458 κις
2335 3391 2487 3446 ἑπτά
2507 3408 2523 3424 ⁸
2545 3394 2642 3447 καὶ
2665 3392 2752 3447 διά
2782 3393 2893 3446 τῶν
2924 3393 3102 3465 ἐργων
3119 3395 3298 3465 ἀφῆκε
3313 3395 3384 3449 τὰ
3400 3397 3480 3460 είς
3512 3394 3678 3449 αὐτὸν
3706 3396 3898 3466 πλημ-

2213 3481 2522 3552 μελήματα.
2560 3482 2716 3536 Οὕτω
2735 3482 2798 3554 δὴ
2825 3484 2918 3537 καὶ
2938 3485 3120 3555 ἡμεῖς,
3161 3485 3355 3557 ἐπειδὴ
3388 3485 3547 3556 ἴσμεν
3575 3486 3737 3540 τοῦτο
3762 3489 3898 3558 ὅρον

2209 3570 2636 3641 Χριστιανισμοῦ
2653 3570 2802 3634 ὄντα,
2823 3570 2911 3624 διὰ
2931 3572 3132 3635 παντὸς
3151 3574 3280 3644 περὶ
3304 3573 3470 3627 αὐτοῦ
3501 3574 3892 3646 διαλεγόμεθα.

2281 3657 2448 3711 υύδέν
2475 3657 2810 3730 ψυχρότερον
2833 3660 3164 3732 Χριστιανοῦ
3186 3702 3200 3724 ,
3238 3661 3455 3733 ἐτέρους
3492 3662 3568 3734 μὴ
3599 3664 3894 3729 σώζοντος.

2210 3748 2323 3800 Οὐκ
2352 3747 2493 3818 ἐχεις
2534 3749 2768 3803 ἐνταῦθα
2819 3751 3011 3804 πενίαν
3055 3750 3232 3805 είπεῖν
3260 3767 3273 3780 ο
3298 3753 3331 3822 ἡ
3361 3752 3469 3822 γὰρ
3498 3750 3568 3804 τὰ
3599 3752 3694 3806 δύο
3721 3769 3897 3806 κατα-

2211 3833 2453 3888 ϐαλοῦσα
2504 3836 2700 3903 λεπτά,
2752 3840 3147 3911 κατηγορήσει.
3209 3838 3319 3892 Kal
3388 3839 3598 3912 Πέτρος
3653 3841 3844 3909 ἔλεγεν
3872 3859 3893 3875 ο

2224 3923 2522 3992 Ἀργύριον
2566 3924 2668 3978 καὶ
2705 3929 2962 3995 χρυσίον
2995 3929 3108 3996 οὐχ
3141 3927 3399 3996 ὑπάρχει
3425 3947 3548 3996 μοι.
3599 3930 3708 3981 Kal
3739 3930 3900 3984 Παῦ-

2209 4008 2300 4073 λος
2334 4009 2504 4073 οΰτως
2528 4006 2597 4082 ἦν
2627 4011 2817 4082 πένης,
2845 4012 2920 4077 ὠς
2953 4015 3046 4068 καὶ
3068 4016 3321 4068 πεινάσαι
3355 4015 3635 4080 πολλάκις,
3668 4016 3764 4069 καὶ
3789 4013 3899 4087 τῆς

2210 4097 2514 4164 ἀναγκαίας
2547 4099 2824 4170 ἀπορῆσαι
2860 4101 3091 4171 τροφῆς.
3129 4103 3242 4154 Οὐκ
3271 4103 3416 4172 ἔχεις
3458 4102 3775 4170 δυσγένειαν
3815 4107 3899 4157 εί-

2211 4187 2336 4236 πεῖν
2367 4201 2379 4213 ·
2402 4185 2495 4249 καὶ
2526 4185 2631 4254 γάρ
2657 4186 2854 4239 ἐκεῖνοι
2884 4188 3090 4257 ἀσημοι
3117 4184 3279 4260 ἦσαν,
3313 4190 3405 4242 καὶ
3426 4189 3486 4253 ἐξ
3505 4191 3898 4262 ἀσήμων.οὐκ

2211 4272 2355 4342 ἐχεις
2395 4272 2663 4327 ίδιωτείαν
2711 4274 3078 4346 προϐαλέσθαι
3111 4292 3124 4306 θ
3155 4276 3389 4348 καὶγὰρ
3431 4279 3628 4331 ἐκεῖνοι
3669 4281 3898 4350 ἀγράμ-

2214 4379 2376 4432 ματοι
2409 4357 2568 4432 ἦσαν.
2605 4362 2721 4417 Κάν
2752 4362 2939 4427 δοῦλος
2968 4359 3035 4437 ᾖς
3058 4405 3074 4430 ,
3103 4364 3203 4417 κᾶν
3229 4365 3508 4436 δραπέτης
3527 4407 3541 4429 ,
3581 4366 3786 4440 δυνήσῃ
3825 4368 3902 4423 τὰ

2212 4449 2365 4520 παρά
2391 4451 2589 4505 σαυτοῦ
2623 4450 2909 4522 πληρῶσαι
2931 4470 2944 4483 ·
2981 4452 3104 4505 ἐπεὶ
3134 4454 3226 4506 καὶ
3259 4453 3288 4505 ό
3329 4453 3618 4525 Ὀνήσιμος
3645 4456 3900 4523 τοιοῦτος

2210 4535 2298 4611 ἦν.
2334 4539 2474 4592 Ἀλλ’
2495 4542 2596 4613 δρα
2621 4539 2724 4593 ποῦ
2749 4540 2907 4593 καλεῖ
2933 4542 3118 4604 αὐτὸν,
3165 4541 3258 4594 καὶ
3292 4543 3370 4606 είς
3395 4543 3562 4596 πόσον
3581 4545 3703 4611 ἄγει
3725 4544 3900 4610 ἀξίω-

2214 4647 2311 4700 μα.
2351 4630 2482 4685 Ἵνα
2514 4628 2775 4698 κοινωνῇ
2799 4648 2901 4700 μοι
2925 4670 2940 4695 ,
2969 4633 3134 4703 φησὶν
3155 4673 3168 4695 ,
3209 4631 3280 4685 ἐν
3309 4632 3434 4698 τοῖς
3472 4632 3715 4704 δεσμοῖς
3743 4653 3897 4704 μου.

2210 4719 2324 4772 Οᾶκ
2357 4718 2500 4790 ἔχεις
2521 4718 2806 4772 ἀσθένειαν
2830 4720 3032 4773 είπεῖν·
3057 4719 3180 4772 ἐπεὶ
3222 4721 3317 4773 καὶ
3355 4721 3618 4790 Τιμόθεος
3644 4724 3900 4793 τοιοῦτος

2208 4802 2297 4878 ἦν,
2347 4807 2556 4871 πυκνὰς
2608 4806 2748 4877 ἔχων
2796 4806 3239 4872 τὰςκάσθενεεαςο
3272 4809 3391 4863 Ὅτι
3426 4809 3483 4863 δὲ
3517 4811 3748 4884 ἀσθενὴς
3783 4809 3898 4885 ἦνν

2211 4897 2374 4950 ἄκουε
2401 4913 2413 4926 ο
2443 4897 2595 4960 Οἵνῳ
2623 4898 2805 4967 ὀλίγῳ
2835 4894 2958 4966 χρῶ
3001 4895 3097 4950 διὰ
3127 4898 3233 4952 τὸν
3273 4900 3584 4969 στόμαχόν
3621 4918 3737 4955 σου
3791 4905 3900 4959 καὶ

2208 4986 2315 5052 τὰς
2371 4984 2610 5050 πυκνάς
2665 5002 2781 5038 σου
2834 4987 3173 5053 ἀσθενείας.
3230 4987 3463 5041 Δύναται
3516 4990 3743 5053 ἕκαστος
3797 4990 3902 5046 τὸν

2209 5074 2437 5145 πλησίον
2468 5075 2720 5143 ὠφελεῖν,
2755 5075 2849 5128 ἐὰν
2879 5075 3008 5148 θέλῃ
3031 5076 3100 5129 τὰ
3129 5079 3260 5149 παρ’
3289 5077 3452 5132 αὐτοῦ
3489 5080 3749 5151 πληροῦν.
3772 5083 3899 5155 Οὐχ

2208 5166 2368 5236 ὁρᾶτε
2399 5163 2464 5216 τὰ
2481 5163 2673 5234 δένδρα
2692 5163 2761 5216 τὰ
2782 5164 3008 5236 ἄκαρπα
3025 5166 3142 5229 πῶς
3170 5168 3316 5218 ἐστιν
3343 5169 3558 5238 ἰσχυρὰ,
3583 5168 3700 5232 πῶς
3719 5171 3896 5237 καλὰ,

2207 5252 2446 5322 εὐμήκη,
2483 5251 2600 5304 λεῖα
2631 5251 2722 5304 καὶ
2753 5251 2968 5324 Mula;
3014 5253 3156 5307 Ἀλλ’
3192 5255 3242 5307 εί
3276 5256 3609 5327 παράδεισον
3640 5259 3899 5328 ἔχοιμεν,

2208 5339 2534 5410 βουλοίμεθα
2578 5339 2644 5392 ἂν
2688 5340 2860 5409 ῥοιὰς,
2903 5341 3089 5405 ἐλαίας
3125 5342 3270 5413 ἐχειν
3304 5345 3666 5416 καρπίμουςί
3702 5347 3901 5420 πολλῷ

2211 5429 2412 5498 μᾶλλον
2438 5429 2468 5499 ἢ
2501 5430 2672 5481 ταῦτα
2700 5447 2712 5459 ·
2747 5433 2931 5485 ἐκεῖνα
2964 5430 3074 5501 γὰρ
3107 5432 3241 5501 πρὸς
3261 5433 3455 5503 τέρψιν
3483 5435 3640 5496 εἰσὶν,
3663 5435 3724 5487 οὐ
3746 5436 3898 5508 πρὸς

2205 5518 2479 5585 ὠφέλειαν
2505 5535 2516 5546 ·
2549 5519 2644 5572 καὶ
2670 5521 2702 5589 ἡ
2728 5520 2966 5588 ὠφέλεια
3008 5520 3066 5571 δὲ
3107 5522 3282 5590 μικρά
3329 5521 3411 5584 τίς
3455 5523 3591 5575 ἐστι.
3638 5523 3900 5579 Τοιοῦτοί

2205 5611 2342 5662 εἰσιν
2387 5609 2436 5661 οί
2479 5607 2544 5660 τά
2585 5609 2763 5661 αὐτῶν
2809 5609 2970 5679 μόνον
3019 5609 3348 5673 σκοποῦντες
3375 5627 3386 5638 ·
3431 5610 3632 5678 μᾶλλον
3664 5611 3722 5664 δέ
3761 5613 3897 5669 οὐδὲ

3398 5757 3570 5800 carent
3633 5756 3889 5804 nonnulli.

2935 5816 2956 5839 υ
2997 5812 3136 5875 Unus:
3162 5818 3264 5858 110d.
3298 5816 3404 5874 περὶ
3456 5815 3670 5875 ἀφέσεως
3725 5817 3889 5863 διαλίυ

2209 5871 2590 5942 τόιιενος,”Οταν
2623 5873 2962 5935 amaram”;
3057 5874 3070 5911 Ι
3123 5873 3255 5923 [nus
3291 5871 3398 5927 cod.
3437 5871 3594 5925 ἐλαίαν
3639 5879 3761 5942 εχει-ι
3809 5877 3893 5929 εὖ·

2209 5949 2402 5982 καοηον.

2270 5749 2292 5778 ο
2325 5746 2428 5802 His‘
2453 5746 2534 5794 καὶ
2574 5748 2692 5802 πῶς,
2739 5749 2902 5808 φησὶν,
2947 5749 3123 5805 ἐκεῖνος
3161 5750 3346 5810 φεύγει;

2265 5811 2289 5846 d
2319 5810 2522 5867 Quulum
2550 5810 2845 5856 ἐπεδείκνυτο
