4088 6326
118 332 209 390 181
1093 322 1156 379 ιη
1198 321 1374 376 ACTA
1410 312 1936 374 APUSTOLUHUM.
1982 312 2211 367 llUJllL.
2260 311 2380 367 XX.

117 446 415 502 clas-ulvam.
454 443 568 500 Nec
607 440 795 499 Jcsum
836 438 1221 503 nominabant,
1249 432 1391 505 quod
1426 448 1492 486 ex
1530 429 1729 484 invidia

120 556 181 593 ne
234 554 433 597 nomen
479 536 702 609 quidem
742 533 931 590 audire
972 530 1307 587 sustinerem
1349 544 1362 581 :
1405 525 1485 580 sic
1523 522 1729 579 efferati

118 642 297 689 emant.
333 632 400 687 Et
434 634 537 686 huc
570 640 836 702 prapterea
865 626 1016 682 venit.
1045 623 1161 679 Non
1202 634 1489 693 possumus
1517 618 1729 682 dicere,

119 727 317 795 inquit,
349 724 495 795 quod
529 724 672 795 prius
703 736 827 777 eum
862 717 1122 791 apostolis
1150 714 1332 770 fuerit.

184 820 245 874 3.
291 818 431 873 Vide
455 860 471 884 ,
510 832 669 888 quam
714 814 898 870 multis
940 810 1259 868 testimoniis
1294 824 1361 864 ex
1392 807 1731 862 inimicorum

119 928 353 968 numero
384 912 551 967 fuisse
581 910 778 967 Paulus
801 908 1124 964 declaretur.
1155 905 1248 959 llle
1278 918 1406 958 vero
1435 916 1540 955 non
1569 900 1732 955 modo

121 1005 199 1057 his
227 1018 342 1058 non
369 1002 823 1065 eonfuudebatur,
853 998 947 1055 sed
974 1006 1028 1053 et
1052 994 1399 1065 gloriabatur.
1422 992 1513 1046 22.
1539 990 1734 1047 Saulus

121 1108 290 1149 autem
321 1096 485 1166 magis
513 1092 925 1158 convalescebat,
956 1099 1003 1145 et
1032 1087 1373 1161 confundebat
1401 1085 1613 1139 Judteos
1635 1125 1649 1148 ,
1681 1082 1733 1137 id

124 1200 221 1253 est,
253 1187 599 1252 confutabat,
633 1200 733 1240 nec
762 1183 905 1254 loqui
937 1181 1168 1247 sinebat,
1205 1179 1463 1250 afﬁrmans
1490 1176 1733 1247 quoniam

124 1284 197 1336 hic
238 1294 319 1336 est
357 1281 610 1336 Christus.
644 1281 888 1343 Docens,
918 1277 1092 1349 inquit
1122 1294 1135 1329 :
1167 1290 1290 1330 nam
1332 1275 1517 1330 statim
1544 1271 1733 1326 doctor

125 1378 237 1431 fuit.
268 1376 366 1431 23.
397 1375 523 1431 Cum
551 1387 720 1429 autem
747 1373 1077 1445 implerentur
1110 1370 1219 1426 dies
1247 1369 1429 1433 multi,
1468 1366 1735 1438 conspira-

124 1478 299 1522 renmt
326 1466 525 1533 Judtei,
554 1476 609 1520 ut
637 1465 785 1519 illum
809 1465 1168 1532 interﬁcerent.
1199 1461 1282 1517 Ad
1308 1459 1543 1515 validum
1570 1458 1733 1530 syllo-

123 1562 357 1630 gisumm
408 1573 597 1613 rursus
643 1558 865 1614 veniunt
907 1556 1101 1612 Judaei.
1148 1554 1263 1610 Non
1308 1554 1453 1608 enim
1498 1551 1733 1621 amplius

122 1655 521 1723 schphantas.
554 1660 895 1706 accusatores
936 1660 991 1704 et
1038 1647 1203 1704 falsos
1248 1656 1412 1702 testes
1450 1651 1731 1716 quaerunt,

125 1760 298 1813 neque
339 1744 476 1798 ultra
522 1744 641 1798 illos
672 1742 888 1807 ferunt;
923 1739 1018 1796 sed
1047 1739 1213 1811 quid?
1242 1740 1467 1794 Demum
1508 1737 1607 1808 ipsi
1637 1751 1734 1807 per

125 1839 337 1906 scipsos
367 1837 471 1892 hoc
496 1847 808 1906 operantur.
842 1835 976 1901 Quia
1005 1834 1149 1890 enim
1192 1833 1446 1888 videbant
1488 1847 1602 1887 rem
1633 1846 1732 1885 au-

125 1931 269 1999 geri,
320 1948 428 1984 non
475 1931 611 1984 ultra
653 1928 911 1999 judicium
941 1928 1215 1983 adhibent.
1259 1925 1350 1981 ‘24.
1386 1923 1537 1979 Nota:
1562 1933 1733 1978 autem

127 2030 274 2095 facite
316 2036 441 2080 sunt
485 2024 649 2080 Saulo
692 2022 892 2078 insidia:
928 2037 1124 2076 eorum.
1161 2020 1525 2075 Custodiebant
1564 2027 1733 2071 autem

128 2130 300 2187 portas
332 2120 415 2172 die
442 2136 501 2173 ac
529 2128 672 2172 nocte
698 2158 711 2181 ,
746 2126 802 2170 ut
827 2133 939 2171 eum
978 2115 1337 2181 interﬁcerent.
1370 2112 1585 2181 Quare?
1610 2110 1733 2180 quia

127 2211 224 2266 hoc
266 2213 375 2267 illis
418 2208 809 2265 intolerabilius
833 2217 949 2263 erat
975 2206 1224 2260 omnibus
1248 2247 1263 2269 ,
1291 2220 1409 2274 qua:
1452 2203 1584 2257 facta
1617 2200 1735 2256 fue-

128 2314 263 2372 rant,
298 2303 492 2375 signis,
526 2304 737 2375 illisque
764 2302 999 2373 quinque
1026 2299 1282 2365 millibus,
1315 2297 1590 2367 tribuSque
1618 2295 1738 2350 mil-

130 2401 226 2453 bus
254 2398 559 2454 conversis.
589 2396 659 2452 Et
686 2396 807 2452 vide
833 2396 981 2451 illum
1010 2394 1118 2466 jam
1150 2408 1257 2449 non
1284 2392 1478 2463 gratia,
1506 2390 1600 2445 sed
1633 2389 1736 2443 hu-

134 2507 287 2547 mana
316 2490 583 2560 sapientia
610 2488 837 2553 servari,
860 2496 923 2543 ut
945 2487 1122 2542 discas
1151 2486 1249 2540 viri
1278 2486 1554 2550 virtutem,
1574 2482 1735 2537 etiam

132 2586 331 2653 absque
350 2583 628 2638 miraculis
651 2582 959 2653 fulgentem.
983 2580 1071 2635 25‘.
1098 2578 1415 2647 Accipientes
1436 2587 1601 2629 autem
1623 2591 1737 2629 eum

132 2676 371 2747 discipuli
395 2686 571 2737 noctu,
598 2691 688 2744 per
716 2690 913 2726 murum
941 2672 1248 2726 demiserunt
1278 2686 1413 2733 eum,
1438 2670 1737 2722 submitten-

134 2778 202 2820 tes
226 2769 280 2820 in
306 2774 507 2837 sporta.
541 2765 689 2828 Jure.
721 2765 798 2819 sic
824 2775 881 2819 ut
907 2780 996 2819 res
1021 2762 1327 2832 suspicione
1347 2765 1574 2816 careret.
1600 2756 1739 2825 Quid

133 2862 297 2932 ergo?
333 2876 404 2915 an
457 2861 559 2917 hoc
599 2860 815 2929 elapsus
863 2857 1104 2927 periculo
1144 2853 1443 2911 desistit‘?
1482 2852 1739 2917 Minime;

134 2957 224 3011 sed
262 2956 354 3011 illo
385 2953 538 3016 abit.
568 2953 655 3008 ubi
686 2950 855 3021 magis
892 2950 1014 3005 illos
1041 2947 1400 3019 aggrediatur.
1434 2944 1568 3000 Nam
1599 2943 1742 3014 quod

136 3066 259 3105 vere
280 3048 556 3115 crederet,
578 3045 753 3101 adhuc
775 3044 927 3100 multi
953 3042 1175 3098 credere
1196 3055 1303 3096 non
1328 3046 1593 3109 poterant.
1617 3037 1743 3092 Ideo

136 3153 258 3215 past
285 3142 491 3197 multos
517 3141 632 3195 dies
673 3139 775 3193 hoc
818 3137 1018 3193 evenit.
1050 3134 1315 3203 Quidnam
1348 3132 1453 3187 hoc
1481 3131 1605 3187 est?
1635 3129 1743 3185 Ve-

136 3236 364 3291 risimile
390 3244 477 3289 est
504 3232 650 3288 illum
682 3230 919 3287 nondum
963 3227 1202 3283 voluisse
1235 3226 1395 3281 istinc
1433 3222 1700 3296 proficisci
1724 3262 1741 3289 ,

141 3327 322 3381 multis
368 3326 554 3381 forsan
598 3322 943 3378 monentibus
975 3338 989 3375 :
1022 3319 1113 3375 ubi
1152 3326 1329 3373 autem
1377 3318 1496 3372 haec
1522 3315 1743 3380 didicit,

140 3430 264 3475 tunc
298 3414 542 3488 permisit
569 3415 844 3485 discipulis
883 3413 995 3469 suis
1026 3432 1042 3468 :
1073 3427 1196 3468 nam
1234 3411 1414 3465 statim
1446 3408 1746 3479 discipulos

143 3512 348 3566 habuit.
378 3509 495 3565 Hoc
524 3508 868 3564 subindicans
896 3504 1111 3561 dicebat
1135 3523 1147 3559 :
1173 3501 1416 3557 Damasci
1445 3500 1747 3571 prwpositus

139 3606 299 3675 gentis
330 3604 500 3656 Areto:
523 3602 655 3673 regis
684 3599 995 3655 custodiebat
1016 3598 1266 3651 civitatem
1285 3593 1745 3656 Damascenontm,

140 3701 311 3751 volens
354 3712 437 3751 me
471 3692 896 3764 comprehendere
937 3689 1034 3761 (2.
1067 3687 1187 3745 Cor.
1224 3689 1310 3742 11.
1355 3686 1424 3742 52
1448 3688 1488 3755 ).
1532 3687 1596 3740 Et
1626 3685 1748 3739 vide

142 3788 528 3860 evangelistam
560 3785 693 3841 nihil
723 3784 1009 3839 ambitiose
1038 3782 1371 3851 loquentem,
1403 3795 1575 3849 neque
1605 3779 1747 3833 Pau-

146 3883 248 3937 lum
278 3884 490 3937 clarum
522 3878 867 3935 exhibentem
893 3918 907 3941 ,
936 3874 1033 3932 sed
1061 3876 1235 3930 solum
1265 3872 1408 3944 quod
1440 3888 1618 3943 regem
1649 3887 1748 3926 ex-

146 3977 451 4031 citaverint.
482 3974 635 4027 Illum
666 3972 827 4041 igitur
860 3968 1035 4024 solum
1067 3966 1394 4032 emiserunt,
1422 3975 1475 4020 et
1505 3981 1625 4018 cum
1659 3964 1750 4017 illo

146 4070 440 4123 neminem.
470 4063 525 4120 ld
553 4077 765 4135 quoque
789 4068 1166 4132 congruenter,
1194 4068 1250 4112 ut
1275 4058 1390 4128 ipse
1414 4056 1673 4128 apostolis
1697 4056 1749 4111 in

147 4162 448 4217 Jerusalem
486 4172 609 4215 sese
638 4154 951 4213 ostenderet
982 4173 996 4210 :
1027 4153 1136 4208 imo
1176 4153 1251 4207 illi
1289 4151 1509 4223 quidem
1549 4151 1752 4206 emise-

147 4266 289 4321 runt,
317 4264 375 4308 ut
403 4250 598 4307 deinde
630 4249 745 4320 ipse
766 4247 994 4303 salutem
1020 4260 1170 4301 suam
1197 4255 1412 4301 curaret
1436 4260 1452 4311 ;
1482 4245 1596 4314 ipse
1624 4258 1752 4298 vero

146 4344 477 4401 contrarium
502 4341 725 4407 faciens,
753 4340 819 4395 ad
844 4342 1081 4395 furentes
1105 4338 1285 4394 statim
1310 4337 1616 4392 transilivit.
1641 4336 1754 4392 Hoc

146 4449 226 4494 cst
255 4435 474 4491 incendi
502 4478 517 4497 ,
547 4434 648 4488 hoe
678 4432 909 4487 maxime
941 4431 1169 4485 fervere.
1212 4430 1279 4484 Et
1319 4428 1590 4499 perpende
1614 4442 1753 4499 quo-

151 4532 307 4586 modo
330 4536 614 4599 sequatur,
636 4541 665 4579 a
690 4526 862 4594 primo
882 4523 970 4578 die
994 4530 1319 4592 praeceptum
1343 4534 1587 4584 servans,
1610 4520 1754 4591 quod

150 4624 442 4679 audierunt
480 4617 710 4689 apostoli
743 4635 756 4672 :
792 4616 908 4670 Nisi
937 4616 1051 4686 quis
1089 4614 1235 4669 tollat
1264 4630 1467 4668 crucem
1495 4630 1641 4667 suam
1661 4656 1673 4677 ,
1707 4622 1756 4668 et

149 4724 388 4786 sequatur
420 4728 502 4765 me
528 4710 742 4778 (Matth.
770 4708 858 4764 10.
887 4707 1000 4778 58).
1024 4707 1175 4775 Quod
1206 4722 1334 4776 ergo
1365 4716 1482 4777 post
1506 4706 1641 4761 alios
1667 4721 1757 4761 ve-

152 4811 359 4875 nisset,
407 4805 514 4861 hoc
560 4804 708 4859 illum
752 4804 1128 4860 ferventiorem
1171 4802 1450 4858 reddebat.
1495 4802 1564 4857 Et
1592 4818 1756 4873 opere

153 4902 275 4957 illud
310 4898 640 4969 implebatur
664 4915 677 4950 :
703 4895 797 4952 Cui
824 4896 1039 4950 multant
1066 4896 1359 4963 dimittitur,
1383 4896 1427 4950 is
1448 4894 1565 4965 plus
1585 4896 1757 4966 diliget

156 4992 303 5065 (Luc.
335 4994 390 5047 7.
423 4991 541 5061 47).
574 4990 754 5060 Itaque
781 4999 981 5059 quanto
1012 4988 1217 5043 tardius
1246 4990 1428 5054 venit,
1459 4997 1608 5042 tanto
1638 4989 1758 5058 plus

154 5086 370 5142 amavit.
399 5084 635 5154 ideoque
658 5083 892 5153 priorem
916 5083 1079 5137 vitam
1101 5096 1251 5136 suam
1274 5091 1457 5152 aperte
1474 5081 1755 5148 damnans,

155 5194 377 5249 seseque
404 5187 621 5239 notans,
656 5174 786 5229 nihil
815 5176 946 5229 satis
973 5189 1092 5229 esse
1123 5174 1359 5243 putabat,
1392 5183 1448 5227 ut
1475 5174 1651 5242 priora
1683 5181 1757 5227 te-

156 5282 321 5339 geret.
355 5267 699 5336 Con/inuam.
732 5267 903 5337 inquit
936 5282 950 5320 :
984 5266 1033 5319 id
1060 5275 1161 5323 est.
1191 5281 1313 5320 cum
1345 5264 1761 5319 mansuetudine

156 5362 378 5419 docens.
405 5360 478 5414 Et
506 5358 630 5414 vide
658 5376 670 5413 :
700 5375 806 5413 non
834 5346 1020 5413 dicunt
1044 5359 1091 5411 ei
1121 5376 1133 5411 :
1161 5357 1241 5413 Tu
1277 5372 1337 5417 es
1377 5358 1468 5428 qui
1508 5358 1759 5412 devasta-

158 5458 282 5522 bas;
325 5471 426 5511 cur
465 5462 704 5509 mutatus
733 5454 826 5507 es?
866 5452 1255 5508 erubescebant
1284 5452 1464 5517 enim;
1496 5451 1590 5505 sed
1621 5451 1761 5505 inter

158 5565 217 5607 se
252 5548 527 5604 dicebant.
573 5546 809 5600 Dixisset
849 5546 992 5599 enim
1041 5544 1209 5598 multo
1248 5543 1481 5612 justius,
1514 5543 1625 5599 Hoc
1665 5558 1760 5597 vos

160 5646 325 5715 magis
350 5643 546 5699 docere
572 5648 790 5712 oportet
820 5657 834 5693 :
862 5655 982 5694 nam
1006 5637 1148 5710 apud
1180 5638 1468 5710 Agrippam
1497 5635 1568 5691 ita
1596 5635 1763 5691 ratio-

223 5803 241 5833 ‘
274 5800 369 5854 Mi
393 5800 584 5867 legunt,
610 5799 755 5864 fugit,
780 5810 886 5865 pro,
911 5793 1115 5847 desistit.

3348 306 3454 369 £69

1844 441 1967 482 nem
1997 427 2192 483 reddit.
2224 427 2380 482 Hunc
2405 426 2678 481 imitemur
2704 434 2755 479 et
2781 438 2899 491 nos,
2929 440 3136 496 quasso,
3167 432 3223 482 et
3244 426 3314 479 ad
3335 440 3442 479 om-

1842 522 1931 575 nia
1965 521 2134 575 simus
2177 520 2415 590 pericula
2455 518 2725 574 instructi.
2760 517 2828 573 Et
2857 518 3129 586 quomodo
3151 562 3168 587 ,
3202 521 3451 590 inquies.

1843 612 1935 668 ille
1964 614 2171 683 fugit“!
2200 613 2315 667 Νοη
2347 628 2413 667 ex
2446 611 2762 677 timiditate,
2791 615 2886 667 sed
2921 627 2981 666 se
3012 612 3077 665 ad
3112 613 3451 683 praedicntio-

1842 720 1967 760 nem
1996 702 2265 759 servabat.
2296 703 2352 760 Si
2383 704 2599 758 timidus
2640 702 2860 770 fuisset,
2902 719 3013 758 non
3053 704 3450 775 Jerosolymam

1840 797 2097 861 venisset,
2130 812 2236 851 non
2266 797 2446 851 statim
2475 794 2776 851 doctrinam
2802 796 3162 866 suscepisset;
3192 810 3257 850 ex
3290 796 3455 851 vehe-

1842 890 2045 945 mentia
2082 888 2285 960 aliquid
2324 890 2645 945 remisisset.
2679 889 2878 946 Verum
2910 904 3017 945 non
3048 898 3166 945 erat
3197 889 3447 959 timidus,

1840 982 1937 1037 sed
1967 981 2206 1052 prudens
2226 1022 2241 1047 ,
2270 980 2535 1053 Stephani
2562 982 2712 1038 caede
2739 984 2985 1039 edoctus.
3018 982 3143 1039 Ideo
3173 983 3303 1038 nihil
3334 998 3438 1037 ma.

1841 1090 2004 1145 gnum
2035 1073 2255 1144 putabat
2282 1089 2404 1130 esse
2445 1088 2545 1145 pro
2574 1074 2963 1144 praedicatione
2992 1075 3165 1143 mori,
3198 1074 3298 1128 nisi
3328 1090 3450 1129 cum

1841 1181 2037 1237 magno
2063 1166 2215 1222 lucro
2244 1166 2297 1222 id
2327 1166 2480 1223 fieret
2507 1186 2522 1221 :
2548 1165 2709 1223 homo
2740 1182 2809 1223 ne
2833 1166 3110 1223 Christum
3132 1166 3351 1237 quidem
3375 1166 3452 1237 vi-

1840 1257 1971 1314 dere
1998 1258 2203 1326 volens,
2237 1274 2397 1329 quem
2429 1260 2665 1315 maxime
2688 1259 2930 1315 omnium
2956 1258 3142 1315 videre
3167 1259 3449 1330 cupiebat;
3526 1302 3531 1307 .

1840 1352 2092 1422 quoniam
2138 1354 2374 1417 nondum
2416 1368 2572 1408 suum
2619 1369 2744 1424 erga
2796 1353 3044 1417 homines
3090 1354 3449 1410 ministerium

1842 1445 2121 1515 impletum
2139 1456 2275 1501 erat.
2300 1446 2487 1502 Talem
2510 1456 2722 1518 oportet
2742 1462 2865 1503 esse
2880 1448 3168 1504 Christiani
3191 1452 3449 1506 animatn.

1912 1540 1967 1595 4.
2001 1540 2084 1596 Ab
2122 1540 2276 1595 initio
2303 1551 2358 1596 et
2385 1541 2454 1597 ab
2481 1543 2598 1611 ipso
2626 1557 2820 1598 cursus
2865 1544 3130 1615 principio
3170 1545 3454 1603 character

1840 1630 1994 1687 Pauli
2022 1631 2399 1688 deelarabatur
2425 1650 2440 1688 :
2470 1634 2579 1689 imo
2606 1642 2662 1690 et
2699 1644 2857 1690 antea
2888 1654 2901 1689 :
2935 1652 3055 1692 nam
3087 1638 3140 1692 in
3169 1638 3235 1693 iis
3264 1640 3451 1705 etiam,

1842 1740 1963 1795 quae
1992 1740 2098 1780 non
2127 1726 2426 1781 secundum
2454 1728 2737 1782 scientiam
2770 1727 3037 1797 faciebat,
3069 1729 3305 1787 humano
3332 1748 3454 1788 mo-

1842 1825 1929 1872 tus
1956 1818 2241 1874 ratiocinio
2267 1833 2326 1874 se
2350 1820 2590 1890 gerebat.
2616 1820 2672 1876 Si
2702 1821 2844 1876 enim
2868 1834 2991 1893 post
3013 1832 3219 1883 tantum
3244 1834 3457 1896 tempus

1841 1929 1949 1968 non
1980 1915 2233 1983 cupiebat
2262 1917 2495 1986 resolvi,
2529 1920 2698 1973 multo
2726 1920 2899 1991 magis
2940 1920 3093 1975 initio
3133 1924 3457 1993 negotiatio—

1842 2006 1963 2071 nis,
1995 2022 2166 2077 nuper
2192 2025 2223 2063 e
2250 2018 2409 2079 portu
2442 2025 2717 2081 egressus.
2749 2010 2868 2066 Non
2901 2012 3062 2084 eripit
3091 2023 3272 2069 autem
3304 2015 3453 2071 illum

1841 2102 2092 2159 Christus
2118 2120 2147 2159 a
2179 2104 2441 2174 periculo,
2474 2104 2571 2160 scd
2606 2106 2831 2161 dimittit
2861 2124 2874 2163 :
2905 2109 3026 2179 quia
3054 2108 3169 2163 vult
3196 2111 3360 2169 multa
3388 2128 3456 2172 ex

1842 2195 2077 2252 humana
2109 2198 2392 2268 prudentia
2432 2197 2570 2253 fieri.
2614 2198 2865 2270 Alioquin
2906 2200 3165 2268 dimittit,
3198 2213 3254 2259 ut
3278 2203 3458 2260 disca-

1842 2307 1964 2347 mus
1990 2292 2135 2362 ipsos
2157 2293 2320 2349 etiam
2351 2292 2601 2349 homines
2628 2292 2815 2361 fuisse,
2839 2310 3015 2365 neque
3040 2311 3257 2367 semper
3277 2300 3457 2354 omnia

1842 2386 2067 2455 gratiam
2097 2386 2332 2454 operari.
2364 2386 2479 2443 Nisi
2505 2388 2657 2442 enim
2683 2388 2787 2443 hoc
2814 2396 2979 2451 esset,
3006 2389 3149 2459 ligna
3176 2406 3299 2447 esse
3327 2394 3461 2449 sim-

1844 2477 2058 2547 pliciter
2092 2478 2384 2533 existimati
2423 2479 2669 2535 fuissent.
2714 2480 2841 2537 Ideo
2884 2483 3051 2538 multa
3094 2484 3194 2556 ipsi
3226 2486 3461 2544 admini-

1846 2572 2106 2628 strabant.
2135 2574 2249 2629 lloc
2276 2584 2331 2630 et
2358 2586 2462 2631 nos
2483 2575 2767 2643 faciamus,
2793 2586 2849 2632 et
2877 2576 2949 2631 ita
2977 2577 3201 2635 fratrum
3229 2583 3460 2639 salutem

1844 2681 2117 2722 curemus.
2134 2667 2252 2723 Non
2281 2677 2363 2724 est
2393 2670 2656 2742 martyrio
2680 2671 2880 2738 minus,
2913 2672 3045 2726 nihil
3071 2674 3178 2743 pati
3206 2690 3463 2735 recusare

1845 2760 1917 2817 ob
1945 2762 2235 2818 multorum
2268 2765 2535 2830 salutem;
2566 2764 2699 2819 nihil
2734 2765 2805 2818 ita
2834 2765 3005 2821 Deum
3034 2766 3290 2823 lmtilicat.
3323 2768 3465 2824 Rur-

1846 2862 1965 2902 sum
1996 2847 2168 2902 dicam
2196 2848 2283 2913 id,
2310 2849 2454 2920 quod
2485 2864 2630 2919 sape
2658 2850 2806 2915 dixi;
2833 2851 3009 2905 dicam
3028 2893 3043 2917 ,
3074 2854 3198 2922 quia
3226 2853 3277 2908 id
3308 2855 3465 2913 valde

1847 2941 2007 3010 cupio
2036 2960 2049 2997 :
2076 2942 2329 3012 quoniam
2359 2952 2417 2998 et
2437 2942 2690 2999 Christus
2718 2944 2950 3015 idipsum
2982 2945 3248 3013 faciebat,
3278 2947 3346 3004 de
3374 2965 3463 3009 re-

1848 3036 2109 3090 missione
2137 3036 2437 3091 admonens
2459 3047 2514 3093 et
2538 3037 2725 3093 dicens
2756 3057 2768 3093 :
2802 3039 3023 3106 Quando
3049 3043 3206 3096 aratis
3236 3057 3321 3097 vos
3342 3085 3356 3107 ,
3385 3060 3467 3098 reo

1848 3130 2032 3181 mittite
2059 3129 2103 3182 si
2128 3130 2254 3197 quid
2284 3138 2465 3183 contra
2501 3132 2723 3201 aliquem
2757 3132 2952 3187 habetis
2979 3134 2997 3205 (
3022 3133 3214 3189 Matth.
3247 3137 3300 3191 5.
3332 3136 3461 3209 25).

1851 3218 2085 3274 Rursum
2117 3220 2280 3278 Petro
2306 3222 2549 3293 loquens,
2575 3224 2751 3294 inquit
2775 3242 2789 3279 :
2818 3223 2938 3280 Non
2968 3226 3084 3282 dico
3110 3228 3218 3293 tibi,
3246 3227 3469 3284 Remitte

1850 3329 2012 3383 usque
2061 3315 2278 3384 septies,
2322 3317 2413 3370 sed
2454 3331 2617 3385 usque
2663 3319 2953 3389 septuagies
3000 3322 3187 3388 septies
3217 3321 3337 3394 (Id.
3374 3323 3463 3378 18.

1852 3404 1985 3477 22);
2030 3422 2196 3478 reque
2238 3408 2351 3479 ipsa
2393 3408 2635 3477 dimisit,
2675 3426 2794 3481 quae
2831 3422 3019 3467 contra
3053 3414 3227 3482 ipsum
3260 3426 3467 3486 patrata

1852 3508 2000 3556 sunt.
2026 3499 2097 3553 lla
2123 3508 2175 3555 et
2202 3515 2299 3554 nos
2323 3501 2446 3572 quia
2474 3503 2722 3558 novimus
2745 3502 2887 3559 hunc
2915 3520 3036 3559 esse
3064 3520 3290 3576 scopum
3314 3509 3471 3563 Chri-

1853 3592 2144 3658 stianismi,
2173 3593 2241 3648 de
2269 3592 2371 3649 hac
2399 3610 2458 3649 re
2485 3610 2702 3665 semper
2725 3595 3064 3653 disserimus.

1928 3686 2249 3740 Christianus
2292 3688 2513 3741 aliorum
2554 3689 2769 3742 salutem
2807 3706 2987 3744 curare
3024 3692 3185 3746 debet.
3215 3724 3289 3734 —
3325 3693 3468 3749 Nihil
3531 3682 3541 3691 ’

1851 3782 2099 3853 frigidius
2124 3781 2467 3847 Christiano,
2498 3783 2588 3853 qui
2626 3784 2853 3839 aliorum
2887 3786 3115 3842 salutem
3148 3804 3253 3841 non
3293 3800 3468 3844 curat.

1854 3874 1972 3932 Non
2006 3887 2158 3946 potes
2187 3878 2272 3931 hic
2297 3885 2668 3948 paupertatem
2702 3879 3002 3934 obtendere
3029 3899 3041 3934 :
3068 3896 3191 3935 nam
3222 3899 3341 3951 qua:
3364 3883 3473 3938 duo

1858 3972 2062 4025 minuta
2092 3970 2308 4041 injecit,
2339 3979 2392 4027 te
2421 3972 2716 4028 accusabit.
2748 3972 2817 4027 Et
2861 3973 3053 4027 Petrus
3090 3972 3339 4041 dicebat,
3370 3978 3473 4030 Ar-

1857 4073 2061 4135 gentum
2088 4074 2133 4117 et
2160 4080 2344 4119 aurum
2368 4080 2471 4119 non
2500 4074 2572 4119 est
2602 4066 2728 4118 mihi
2754 4065 2891 4135 (Act.
2925 4066 2980 4119 3.
3013 4066 3092 4136 6).
3124 4066 3319 4122 Paulus
3346 4070 3472 4135 item

1858 4158 1995 4213 adeo
2018 4172 2222 4226 pauper
2241 4166 2377 4224 erat,
2404 4166 2463 4211 ut
2488 4173 2634 4227 saepe
2655 4159 2908 4225 esuriret,
2936 4167 2990 4213 et
3017 4161 3326 4215 necessario
3353 4162 3477 4216 ciho

1858 4258 2089 4306 careret.
2124 4248 2240 4303 Non
2284 4258 2440 4319 potes
2483 4249 2871 4320 ignobilitatem
2920 4251 3167 4319 proferre
3200 4270 3212 4304 :
3248 4268 3368 4307 nam
3399 4254 3475 4308 illi

1861 4341 2126 4412 ignobiles
2153 4350 2308 4396 erant
2331 4382 2344 4405 ,
2376 4357 2441 4396 ex
2472 4342 2797 4411 ignobilibus
2823 4342 2952 4397 orti.
2980 4342 3099 4398 Non
3138 4353 3292 4413 potes
3334 4361 3477 4416 pra:-

1863 4443 2047 4489 texere
2087 4443 2138 4488 te
2178 4434 2401 4488 idiotam
2438 4449 2605 4488 esse:
2642 4450 2763 4487 nam
2805 4444 2858 4489 ct
2902 4434 2980 4488 illi
3024 4436 3264 4490 illiterati
3297 4447 3474 4493 erant.

1864 4526 1976 4580 Etsi
2007 4541 2196 4581 servus
2236 4527 2310 4580 sis
2335 4567 2349 4592 ,
2386 4527 2486 4581 etsi
2518 4527 2772 4596 fugitivus
2794 4568 2808 4591 ,
2844 4535 2930 4580 tua
2974 4528 3176 4597 poteris
3206 4532 3428 4599 exsequi
3459 4550 3474 4587 :

1863 4619 2129 4690 siquidem
2166 4628 2221 4673 et
2260 4618 2548 4674 Onesimus
2588 4619 2712 4674 talis
2749 4629 2884 4674 erat.
2914 4619 3020 4676 Sed
3051 4620 3173 4676 vide
3196 4665 3209 4685 ,
3239 4638 3474 4692 quonam

1865 4718 2020 4767 vocet
2049 4710 2221 4779 illum,
2251 4721 2305 4766 et
2328 4710 2394 4765 ad
2423 4727 2582 4783 quam
2615 4721 2739 4782 agat
2766 4712 3081 4782 dignitatem
3120 4732 3132 4768 :
3161 4713 3228 4769 Ut
3249 4732 3474 4771 commu-

1864 4804 1994 4857 nicet
2022 4820 2240 4869 mecum,
2275 4804 2467 4875 inquit,
2500 4806 2553 4858 in
2583 4805 2799 4858 vinculis
2840 4807 2963 4859 meis
2996 4805 3243 4876 (Philem.
3278 4809 3331 4862 1.
3363 4809 3472 4881 10).

1865 4898 1980 4952 Non
2018 4906 2171 4966 potes
2216 4896 2583 4954 infirmitatem
2630 4898 2870 4968 objicere
2902 4917 2914 4951 :
2952 4916 3074 4953 nam
3115 4901 3236 4955 talis
3264 4917 3480 4972 quoque

1866 4991 2183 5046 Timotheus
2208 4999 2356 5057 erat,
2382 4992 2473 5061 qui
2505 4991 2816 5062 frequenter
2849 4993 3083 5047 habebat
3110 4994 3475 5053 infirmitates.

1866 5083 2019 5149 Quod
2052 5084 2194 5137 enim
2240 5082 2488 5138 infirmus
2524 5093 2670 5138 esset
2708 5085 2831 5138 audi
2869 5104 2880 5139 :
2923 5083 3053 5139 Vino
3099 5087 3300 5140 modico
3342 5098 3483 5143 utere

1868 5186 2077 5245 propter
2101 5175 2425 5229 stomachum
2456 5188 2597 5228 tuum
2626 5187 2673 5229 et
2703 5178 2986 5248 frequentes
3014 5188 3127 5231 tuas
3156 5180 3480 5246 inﬁrmitates

1870 5270 1946 5341 (l.
1974 5268 2108 5324 Tim.
2134 5269 2189 5325 5.
2222 5268 2337 5336 25).
2370 5268 2556 5323 Potest
2584 5271 2953 5339 unusquisque
2979 5272 3231 5339 proximo
3257 5272 3483 5341 prodeo-

1869 5378 1949 5426 se,
1984 5362 2026 5414 si
2061 5360 2191 5414 velit
2222 5376 2342 5430 qua:
2374 5375 2466 5414 sua
2497 5370 2623 5413 sunt
2652 5362 2897 5431 implere.
2940 5361 3059 5417 Non
3089 5362 3284 5418 videtis
3316 5362 3477 5420 infru-

1870 5452 2097 5509 ctuosas'
2126 5454 2380 5520 arbores,
2423 5471 2581 5525 quam
2627 5454 2793 5509 ﬁrmae
2830 5456 2975 5521 sint,
3006 5472 3165 5525 quam
3205 5457 3479 5525 pulchra},

1872 5566 2132 5621 procerae,
2160 5550 2325 5605 laeves
2348 5560 2400 5604 et
2421 5550 2714 5605 sublimes?
2738 5551 2804 5603 At
2825 5550 2868 5604 si
2893 5548 3108 5604 hortum
3131 5548 3484 5622 haberemus,

1872 5796 1901 5843 ἀ
1935 5734 1956 5767 ἰ
1992 5729 2134 5790 ιῐως,
2155 5736 2204 5779 Et
2230 5726 2484 5789 quomodo,
2511 5726 2717 5789 inquies,
2745 5724 2827 5776 ille
2849 5724 2991 5792 fugit,
3012 5724 3196 5781 desunt
3214 5736 3261 5779 tu
3279 5727 3489 5792 quibus-

1905 5808 1980 5843 am

1905 5808 1980 5845 am
