4088 6326
708 370 804 423 153

697 486 952 537 vellemus
999 484 1401 549 malogranata,
1448 488 1499 532 et
1544 476 1714 530 olivas
1761 472 2067 528 fructiferas
2111 470 2288 541 potius

694 592 853 647 quam
882 577 998 629 illas
1019 571 1251 629 habere:
1278 564 1383 625 illa:
1404 569 1545 624 enim
1572 567 1635 621 ad
1662 566 1986 635 voluptatem
2010 573 2154 629 sunt,
2179 579 2285 617 non

693 670 757 722 ad
790 668 1095 732 utilitatem,
1125 674 1179 717 et
1205 665 1248 718 si
1276 678 1376 731 qua
1415 662 1483 716 sit
1511 660 1730 726 utilitas,
1761 673 1823 714 ea
1852 673 2013 729 parva
2051 667 2154 711 est.
2186 655 2287 709 Ta-

694 759 774 815 les
797 767 920 812 sunt
947 759 1002 820 ii,
1031 756 1122 826 qui
1151 771 1242 809 sua
1273 756 1443 809 solum
1471 761 1745 823 Spectant;
1778 753 1884 806 imo
1909 766 1974 805 ne
2007 750 2139 804 tales
2164 750 2286 818 qui-

695 852 817 905 dem
844 892 858 915 ,
896 850 990 904 sed
1018 849 1083 902 ad
1112 848 1371 902 ultionem
1404 846 1578 899 solum
1608 845 1738 914 apti.
1767 843 1897 897 Nam
1927 843 2030 896 illae
2062 841 2285 896 arbores

692 944 759 994 ad
789 941 1069 994 mdilicium
1111 948 1167 994 et
1209 939 1273 991 ad
1319 953 1497 991 rerum
1530 937 1748 990 tutelam
1788 944 1926 1005 apta:
1954 944 2099 988 sunt.
2128 932 2287 988 Tales

692 1042 845 1087 erant
876 1033 977 1086 illa:
1016 1032 1280 1100 virgines,
1310 1040 1472 1084 casta:
1492 1069 1506 1093 ,
1533 1039 1735 1082 ornatas
1757 1068 1769 1093 ,
1793 1026 2165 1091 continentes;
2190 1024 2285 1080 sed

689 1127 887 1179 nemini
931 1125 1127 1187 utiles,
1172 1124 1292 1177 ideo
1341 1122 1748 1177 comburuntur.
1795 1119 1953 1173 Tales
1994 1128 2151 1185 sunt,
2194 1116 2284 1188 qui

692 1215 963 1269 Christum
991 1230 1095 1269 non
1126 1214 1384 1268 nutriunt.
1417 1211 1695 1281 Perpende
1721 1220 1898 1265 autem
1926 1211 2196 1264 nemiuem
2223 1210 2285 1262 il-

689 1308 860 1361 lorum
889 1306 955 1361 de
982 1306 1220 1376 peccatis
1246 1307 1355 1360 suis
1382 1304 1653 1370 accusari,
1685 1319 1791 1359 non
1815 1302 1959 1373 quod
1987 1302 2282 1357 fornicatus

687 1398 791 1462 sit,
824 1413 928 1451 non
968 1398 1110 1467 quod
1144 1397 1492 1465 pejeraverit,
1519 1396 1587 1451 de
1626 1396 1774 1450 nullo
1808 1405 1988 1459 certe;
2016 1395 2110 1450 scd
2140 1394 2283 1465 quod

687 1490 843 1543 alteri
873 1505 977 1543 non
1005 1488 1281 1557 profuerit.
1314 1488 1459 1542 Talis
1484 1497 1599 1544 erat
1627 1487 1717 1542 ille
1736 1530 1749 1551 ,
1775 1487 1866 1557 qui
1898 1487 2155 1542 talentum
2183 1486 2283 1540 dc-

686 1582 845 1648 fodit,
878 1582 1201 1650 inculpatum
1234 1580 1494 1635 exhibens
1521 1579 1706 1645 vitam,
1735 1580 1831 1636 sed
1866 1580 2019 1635 alteri
2050 1595 2155 1635 non
2184 1580 2284 1633 uti-

687 1674 773 1729 lis.
802 1673 1119 1741 Quomodo,
1148 1689 1331 1743 quzeso
1352 1715 1367 1740 ,
1396 1672 1736 1727 Christianus
1774 1672 1846 1727 sit
1881 1672 1970 1742 qui
2014 1672 2134 1727 talis
2167 1673 2282 1727 est?

686 1766 740 1821 Si
781 1765 1100 1819 fermentum
1143 1766 1363 1818 mixtum
1398 1763 1615 1828 fariute,
1646 1780 1751 1819 non
1791 1766 2076 1820 mutaverit
2114 1776 2279 1818 totum

687 1859 741 1913 in
768 1858 1407 1912 eamdeurconditionem
1428 1899 1442 1922 ,
1474 1873 1542 1912 an
1572 1857 1889 1912 fermentum
1928 1873 2052 1913 vere
2085 1856 2282 1913 fuerit?

685 1953 822 2020 Quid
851 1969 978 2007 vero
998 1994 1013 2018 ,
1044 1953 1088 2005 si
1121 1960 1447 2021 unguentum
1476 1951 1794 2006 accedentes
1821 1966 1926 2004 non
1959 1952 2127 2007 odore
2156 1966 2279 2020 per-

684 2046 882 2101 fuderit
904 2090 917 2112 ,
945 2062 1012 2100 an
1051 2045 1100 2100 id
1132 2055 1457 2115 unguentum
1492 2046 1783 2100 vocemus?
1810 2045 1887 2100 Ne
1914 2046 2134 2113 dixeris,
2164 2046 2281 2101 Non

684 2156 899 2209 possum
924 2141 1056 2194 alios
1082 2140 1332 2195 inducere
1358 2158 1371 2193 :
1399 2154 1522 2194 nam
1544 2140 1589 2193 si
1611 2139 1945 2194 Christianus
1968 2139 2152 2205 fueris,
2182 2141 2281 2194 im-

683 2235 943 2304 possibile
972 2244 1056 2288 est
1094 2243 1151 2287 ut
1189 2250 1294 2288 non
1334 2234 1444 2287 ﬁat.
1484 2232 1615 2287 Nam
1648 2242 1704 2288 ut
1739 2249 1803 2288 ea
1832 2249 1951 2305 quae
1994 2234 2047 2288 in
2092 2243 2279 2290 natura

685 2336 809 2379 sunt
848 2326 1319 2379 contradictionem
1367 2340 1471 2380 non
1518 2325 1716 2380 habent
1750 2344 1762 2379 :
1798 2327 1867 2380 ila
1906 2335 1960 2380 et
2005 2325 2119 2381 hinc
2159 2343 2279 2397 qua:

684 2418 909 2471 dicimus
940 2436 952 2471 :
984 2419 1036 2471 in
1076 2427 1263 2471 natura
1304 2419 1447 2470 enim
1480 2417 1767 2471 Christiani
1811 2433 1898 2472 res
1939 2418 2037 2471 sita
2068 2428 2169 2474 est.
2198 2418 2278 2474 Ne

690 2509 849 2561 llcum
873 2510 1193 2563 contumelia
1220 2508 1440 2564 afﬁcias.
1466 2508 1520 2564 Si
1543 2509 1762 2575 dixeris,
1792 2524 1897 2563 non
1927 2526 2082 2579 posse
2106 2511 2277 2566 solem

683 2600 882 2666 lucere,
906 2604 1226 2657 contumelia
1259 2604 1408 2657 illum
1439 2602 1640 2668 afﬁcis;
1666 2604 1711 2657 si
1732 2603 1949 2671 dixeris,
1981 2621 2085 2659 non
2118 2621 2277 2675 posse

1410 362 1467 417 S.
1507 360 1780 416 JUANMS
1820 353 2295 413 CHRYSUSTOMI
2339 350 2651 407 .‘JiCull‘IP.
2681 352 3211 410 CONSTANTINOP.

3896 351 3988 402 164'

2381 465 2744 520 Christianum
2784 466 3041 535 prodesse
3066 509 3081 533 ,
3118 468 3282 521 Deum
3316 462 3642 517 contumelia
3684 460 3911 514 εισι-(ἰδιί
3942 473 3987 515 et

2391 558 2701 612 mendacem
2731 557 2932 612 dixisti.
2965 558 3193 613 Facilius
3216 558 3359 612 enim
3386 567 3486 621 cst,
3519 555 3688 610 solem
3722 571 3826 607 non
3858 555 3937 608 Cal
3960 580 3991 594 --

2391 649 2570 705 facere
2612 664 2711 704 nec
2750 650 2971 717 lucere,
3021 665 3182 719 quam
3220 648 3581 704 Christianum
3626 662 3731 700 non
3779 648 3987 703 lucere;

2390 743 2597 798 facilius
2627 751 2729 809 est,
2763 743 2936 797 lucem
2965 758 3085 798 esse
3117 742 3385 808 tenebras,
3413 756 3569 811 quam
3614 740 3717 793 hoc
3751 738 3890 791 ﬁeri.
3921 738 3991 789 be

2390 835 2535 889 dicas
2557 877 2571 901 ,
2606 850 2720 889 rem
2758 849 2877 888 esse
2924 833 3309 901 impossibilem
3348 851 3359 884 :
3395 847 3514 886 nam
3547 832 3881 885 contrarium
3915 841 3991 882 est

2391 926 2741 996 impossibile.
2786 926 2861 981 Ne
2904 926 3071 981 Deum
3103 924 3426 980 contumelia
3455 922 3677 977 afﬁcias.
3714 923 3769 976 Si
3813 933 3992 974 nostra

2390 1031 2536 1076 recte
2580 1034 2999 1090 componamus,
3038 1018 3125 1072 illa
3163 1018 3384 1071 omnino
3423 1026 3611 1080 erunt,
3640 1025 3696 1070 et
3720 1016 3877 1085 quasi
3911 1028 3995 1067 aes

2389 1116 2651 1183 quospiam
2692 1112 2948 1167 naturalis
2992 1121 3303 1182 sequentur.
3337 1108 3452 1163 Non
3497 1119 3671 1179 potest
3704 1109 3877 1163 latere
3909 1108 3998 1161 lux

2387 1208 2677 1263 Christiani
2716 1227 2728 1261 :
2761 1224 2867 1262 non
2901 1216 3079 1277 potest
3108 1205 3364 1261 occultari
3398 1212 3502 1258 tam
3532 1204 3731 1275 fulgida
3765 1205 3994 1272 lampas.

2387 1299 2466 1355 Νε
2496 1300 2673 1370 itaque
2700 1300 2876 1370 ignavi
2906 1301 3096 1354 simus.
3121 1296 3271 1353 Sicut
3297 1297 3439 1352 enim
3464 1296 3678 1351 virtutis
3706 1296 3921 1351 lucrum
3948 1304 4001 1349 et

2388 1398 2442 1452 in
2474 1411 2573 1451 nos
2601 1406 2655 1451 et
2684 1397 2736 1450 in
2767 1411 2861 1452 eos
2882 1438 2896 1463 ,
2927 1396 3023 1465 qui
3059 1396 3145 1448 illa
3185 1396 3468 1464 iuvantur.
3504 1393 3695 1449 transit
3727 1410 3739 1445 :
3772 1391 3856 1446 sic
3886 1400 3943 1446 et
3972 1406 3999 1443 a

2388 1489 2590 1544 malitia
2621 1488 2818 1560 duplex
2854 1488 3235 1543 detrimentum
3266 1494 3320 1542 et
3357 1486 3408 1540 in
3442 1501 3539 1539 nos
3570 1494 3625 1539 et
3654 1486 3707 1539 in
3739 1500 3838 1539 eos
3861 1527 3876 1545 ,
3911 1484 3999 1552 qui

2388 1582 2677 1651 laeduntur,
2706 1583 3021 1654 pertransit.
3049 1582 3129 1638 Sit
3152 1580 3439 1651 quispiam,
3471 1581 3513 1633 si
3548 1580 3648 1643 vis,
3683 1578 3880 1639 idiota,
3911 1580 3998 1645 qui

2387 1690 2416 1729 a
2450 1676 2701 1747 quopiam
2746 1677 3024 1732 innumera
3063 1677 3298 1747 patiatur
3337 1674 3475 1729 mala
3496 1716 3510 1739 ,
3543 1687 3815 1742 nemoque
3848 1672 3996 1726 illum

2388 1768 2709 1835 ulciscatur,
2742 1770 2837 1827 sed
2882 1780 2937 1825 et
2981 1768 3238 1825 beneﬁcia
3284 1776 3502 1838 praestet
3531 1784 3543 1820 :
3576 1780 3681 1835 qua
3708 1765 3997 1827 doctrina,

2386 1862 2580 1932 quibus
2611 1863 2807 1931 verbis,
2838 1871 2968 1934 quot
2996 1861 3450 1917 admonitionibus
3480 1875 3585 1915 non
3613 1868 3697 1915 est
3736 1858 3845 1913 hoc
3884 1858 3997 1912 for-

2388 1954 2535 2009 tius?
2564 1972 2724 2026 quem
2764 1954 3003 2011 furorem
3034 1971 3140 2009 non
3177 1956 3519 2024 exstinguere
3543 1994 3558 2017 ,
3597 1968 3706 2006 non
3747 1951 4001 2020 mitigare

2386 2047 2603 2102 valeat?
2640 2048 2765 2103 lltec
2795 2063 2924 2117 ergo
2965 2063 3086 2102 cum
3132 2049 3396 2105 sciamus.
3426 2045 3610 2097 virtuti
3642 2043 3957 2098 barreamns
3982 2084 3997 2103 ,

2384 2156 2505 2195 cum
2538 2157 2645 2195 non
2676 2142 2947 2211 possimus
2973 2140 3081 2194 alio
3113 2140 3272 2194 modo
3302 2139 3529 2192 salutem
3562 2138 3824 2206 (onseqni
3850 2179 3865 2201 ,
3899 2136 3998 2188 nisi

2386 2234 2439 2288 in
2464 2235 2610 2289 hisce
2639 2236 2795 2289 bonis
2819 2235 3069 2304 operibus
3097 2235 3258 2287 vitam
3289 2241 3610 2302 praesentem
3638 2232 3850 2286 emensi
3883 2228 4000 2283 fue-

2384 2329 2585 2393 rimus,
2616 2338 2672 2383 ut
2712 2327 2889 2382 futura
2920 2342 3315 2399 consequamur
3344 2326 3479 2381 bona
3504 2368 3518 2387 ,
3547 2325 3719 2395 gratia
3752 2332 3809 2379 et
3842 2324 3999 2377 beni-

2383 2423 2587 2492 gnitate
2620 2422 2827 2475 Domini
2869 2422 3037 2476 nostri
3080 2422 3206 2476 Jesu
3237 2421 3468 2483 Christi,
3502 2419 3722 2488 quicum
3766 2418 3915 2471 l-‘atri
3947 2427 3999 2469 et

2381 2513 2601 2584 Spiritui
2629 2524 2814 2569 sancto
2834 2515 3023 2584 gloria,
3051 2513 3360 2581 imperium,
3389 2512 3580 2578 honor,
3608 2525 3755 2565 nunc
3776 2521 3831 2566 et
3855 2526 3999 2565 seru-

2383 2622 2499 2676 per,
2529 2617 2584 2661 ct
2610 2608 2663 2661 in
2692 2610 2888 2662 saecula
2913 2608 3255 2663 sazculorum.
3286 2608 3477 2661 Amen.

2041 2818 2388 2879 HOMILIA
2434 2820 2613 2881 XXI.

677 2964 808 3023 Car.
856 2966 909 3021 9.
941 2980 992 3018 ν.
1024 2964 1117 3019 26.
1146 2964 1275 3019 Cum
1317 2974 1485 3018 autem
1513 2966 1722 3019 venisset
1754 2962 1949 3018 Paulus
1974 2964 2028 3017 in
2056 2963 2273 3017 Jerusa-

755 3058 851 3111 lem
876 3097 891 3121 ,
937 3056 1157 3109 tentabat
1181 3072 1234 3110 se
1251 3058 1472 3126 jungere
1507 3055 1772 3124 discipulis
1803 3070 1821 3109 :
1851 3068 1900 3107 et
1930 3071 2098 3108 omnes
2129 3055 2275 3107 time-

756 3149 873 3200 bant
900 3164 1034 3210 etnn,
1076 3162 1177 3199 non
1208 3146 1466 3200 credentes
1500 3147 1635 3215 quod
1679 3157 1805 3199 esset
1847 3147 2146 3215 discipulus.
2177 3144 2270 3199 37.

753 3237 1015 3292 Barnabas
1031 3248 1198 3291 autem
1226 3239 1594 3308 apprehensum
1624 3238 1767 3291 illum
1794 3238 1939 3291 duxit
1965 3240 2033 3291 ad
2060 3248 2269 3309 aposto-

752 3334 847 3394 lus,
873 3344 918 3383 et
940 3334 1163 3384 narravit
1184 3332 1285 3385 illis
1306 3334 1559 3401 quomodo
1580 3334 1631 3385 in
1648 3332 1727 3384 via
1749 3333 1949 3386 vidisset
1974 3332 2266 3386 Dominum.

750 3428 800 3478 l.
838 3425 987 3477 Pauli
1011 3428 1146 3478 dicta
1163 3425 1727 3480 conciliantur.—Jure
1756 3427 1841 3480 hic
1879 3426 2025 3480 dubii
2055 3442 2267 3497 quaera-

679 3530 797 3571 mus
820 3559 834 3580 ,
883 3517 1151 3585 quomodo
1182 3517 1235 3570 in
1267 3518 1505 3586 Epistula
1536 3518 1600 3571 ad
1626 3517 1840 3573 Galatas
1869 3517 2075 3572 dicatur
2106 3535 2120 3571 :
2146 3518 2269 3573 Non

676 3610 781 3661 abii
806 3608 1197 3678 Jerosolymant,
1224 3610 1313 3663 sed
1356 3611 1408 3661 in
1448 3610 1689 3663 Arabiam
1732 3621 1777 3662 et
1821 3608 2175 3674 Damascum;
2221 3619 2268 3664 et

678 3710 789 3768 post
812 3711 908 3753 tres
934 3716 1095 3753 armos
1124 3700 1328 3753 ascendi
1353 3700 1726 3770 Jerosolymam
1755 3701 1923 3755 videre
1957 3700 2188 3766 Petrum;
2218 3711 2267 3755 et

680 3793 927 3844 neminem
966 3792 1310 3860 apostolorum
1357 3791 1458 3843 vidi
1487 3790 1630 3859 (Gal.
1664 3793 1714 3846 1.
1749 3791 1938 3861 17-19)
1968 3810 1981 3845 :
2010 3792 2094 3846 hic
2134 3808 2265 3848 vero

674 3893 857 3935 contra
882 3883 1106 3944 dicatur,
1132 3882 1428 3936 Ba’rnaham
1452 3883 1623 3950 ipsum
1640 3883 1855 3939 duxisse
1876 3884 1941 3937 ad
1968 3884 2260 3953 apostolos.

676 3974 768 4029 Vel
804 3976 901 4028 hoc
928 3974 1085 4043 igitur
1108 3975 1217 4026 vult
1238 3975 1418 4028 dicere
1454 3992 1466 4027 :
1494 3973 1606 4027 Non
1630 3975 1756 4040 abii,
1786 3986 1840 4028 ut
1871 3977 1937 4029 ibi
1963 3992 2257 4039 manerem;

670 4066 742 4120 ibi
774 4083 1001 4135 namque
1032 4066 1181 4132 dicit,
1212 4064 1333 4120 Non
1358 4066 1551 4119 adhaesi
1578 4069 1721 4119 carni
1747 4077 1793 4119 et
1812 4068 2047 4138 sanguini
2079 4067 2255 4139 (Ibid.

671 4174 719 4209 υ.
758 4158 869 4227 lli);
904 4174 1074 4228 neque
1097 4158 1201 4212 abii
1224 4158 1614 4230 Jerosolymam
1633 4160 1698 4213 ad
1716 4169 2086 4215 antecessores
2111 4176 2259 4216 meos

670 4251 945 4317 apostolos
976 4267 988 4302 :
1020 4251 1101 4304 vel
1134 4250 1237 4304 alio
1267 4249 1427 4304 modo
1456 4268 1469 4302 :
1503 4252 1625 4319 quia
1653 4252 1857 4305 insidiae
1883 4252 1987 4306 illa:
2019 4254 2257 4308 Damasci

669 4350 794 4410 post
818 4342 919 4395 iter
948 4343 997 4394 in
1028 4342 1276 4396 Arabiam
1298 4342 1467 4407 fuere,
1496 4360 1558 4397 ac
1578 4344 1771 4399 deinde
1792 4345 2065 4411 ascendit,
2111 4356 2261 4416 post-

669 4446 829 4497 quam
864 4432 1057 4484 isthinc
1094 4432 1343 4485 redierat.
1392 4432 1508 4502 lpse
1536 4433 1691 4503 igitur
1718 4450 1823 4488 non
1862 4436 1992 4492 abiit
2020 4436 2086 4490 ad
2128 4452 2259 4507 apo-

663 4525 853 4588 stolos,
871 4525 963 4578 sed
982 4524 1255 4595 discipulis
1278 4526 1483 4582 haerere
1503 4529 1797 4598 satagebat,
1817 4540 2000 4599 utpote
2022 4533 2110 4602 qui
2128 4548 2257 4587 non-

665 4616 789 4671 dum
818 4615 1032 4681 doctor,
1059 4618 1152 4671 sed
1184 4618 1473 4689 discipulus
1504 4633 1666 4676 esset.
1713 4621 1855 4693 Ergo
1882 4640 1987 4678 non
2020 4626 2139 4681 ideo
2164 4640 2252 4680 as—

664 4708 862 4773 cendit,
890 4719 947 4763 ut
968 4719 1334 4765 antecessores
1361 4727 1485 4767 suos
1513 4712 1685 4769 adiret
1709 4733 1721 4769 :
1748 4730 1919 4785 neque
1935 4716 2077 4771 enim
2096 4717 2252 4788 quid-

666 4799 804 4867 piam
841 4801 907 4853 ah
948 4802 1050 4855 illis
1086 4802 1285 4857 didicit.
1345 4804 1441 4859 Vel
1474 4804 1540 4859 de
1570 4806 1670 4861 hoc
1698 4822 1924 4863 ascensu
1959 4825 2063 4863 non
2100 4810 2248 4878 dicit,

663 4891 756 4944 sed
782 4892 975 4946 tnuittit
1002 4891 1183 4958 illum;
1223 4895 1355 4949 adeo
1388 4908 1442 4951 ut
1470 4913 1555 4951 res
1584 4899 1651 4951 ita
1680 4914 1737 4953 se
1766 4899 1994 4955 habeat:
2024 4902 2167 4956 Abiit
2196 4905 2246 4957 in

660 4983 932 5046 Arabiam,
966 4986 1159 5039 deinde
1191 4987 1336 5040 venit
1365 4988 1675 5044 Damascum
1703 5034 1717 5058 ,
1762 4980 1943 5061 postea
1972 4994 2248 5067 Jerosoly-

662 5091 825 5139 mam,
853 5076 972 5129 hinc
995 5077 1044 5129 in
1074 5076 1301 5149 Syriam.
1329 5079 1422 5134 Vel
1448 5082 1491 5135 si
1514 5098 1619 5136 non
1645 5085 1710 5137 ita
1735 5095 1835 5148 est,
1859 5088 1935 5140 sic
1962 5103 2048 5141 res
2072 5103 2130 5143 se
2154 5089 2248 5143 ba-

662 5166 776 5220 buit
807 5186 817 5221 :
846 5168 1099 5222 Ascendit
1123 5168 1526 5243 Jerosolymam,
1565 5174 1686 5229 hinc
1709 5177 1758 5229 in
1785 5178 2095 5233 Damascum
2119 5183 2246 5235 mis-

662 5274 751 5312 sus
780 5271 881 5326 est,
910 5260 1104 5315 deinde
1136 5262 1185 5315 in
1212 5262 1437 5333 Syriam,
1471 5265 1664 5321 deinde
1689 5283 1874 5322 rursus
1901 5270 2241 5343 Damascum,

658 5364 837 5422 postea
870 5356 1167 5410 Cmsaream
1193 5399 1208 5421 ,
1253 5369 1304 5412 et
1338 5368 1458 5413 tunc
1492 5377 1585 5427 per
1610 5364 2012 5429 quatuordccitn
2050 5380 2239 5435 annos,

657 5446 794 5500 forte
813 5448 1022 5517 quando
1049 5448 1238 5503 fratres
1264 5450 1481 5505 adduxit
1506 5469 1625 5506 cum
1655 5452 1913 5508 Barnaba.
1945 5455 2040 5511 Vel
2062 5457 2104 5511 si
2133 5474 2239 5514 non

657 5539 777 5600 lmc,
808 5540 944 5592 aliud
968 5541 1093 5594 dicit
1123 5551 1347 5611 tempus.
1382 5543 1511 5597 Nam
1539 5544 1991 5619 bistoriograpbus
2016 5552 2238 5605 multum

651 5633 973 5701 compendio
1000 5636 1204 5697 studet.
1256 5645 1310 5689 et
1337 5640 1499 5691 multa
1532 5647 1766 5707 tempora
1801 5644 2060 5710 Congerit.
2109 5643 2239 5698 Vide

652 5742 933 5796 quamnon
954 5728 1023 5781 sit
1047 5728 1376 5793 ambitiosus,
1400 5747 1571 5800 neque
1593 5742 1771 5787 narret
1789 5733 2044 5789 visionem
2070 5736 2233 5804 illam,

660 5821 753 5877 sed
780 5834 1122 5881 transcurrat.
1158 5826 1357 5883 Rursus
1390 5830 1463 5884 sic
1491 5830 1670 5901 incipit
1696 5841 1748 5886 et
1779 5832 1850 5887 ait
1883 5852 1893 5887 :
1921 5832 2044 5888 Cum
2070 5847 2236 5889 autem

2380 2966 2593 3018 venisset
2624 2966 2675 3018 in
2701 2964 3009 3030 Jerusalem,
3055 2967 3277 3018 tentabat
3318 2982 3373 3018 se
3404 2966 3627 3035 jungere
3672 2966 3997 3035 discipulis:

2378 3059 2451 3111 illi
2491 3075 2605 3111 vero
2651 3060 2890 3111 timebant
2919 3075 3051 3110 eum.
3100 3058 3167 3111 Et
3200 3056 3326 3112 hinc
3363 3073 3575 3111 rursum
3609 3056 3765 3111 Pauli
3808 3058 3996 3111 fervor

2378 3152 2700 3213 ostenditur;
2729 3167 2833 3205 non
2865 3152 2931 3205 ab
2960 3153 3187 3217 Anania,
3216 3166 3322 3205 non
3350 3152 3417 3207 ab
3444 3152 3530 3217 iis,
3559 3152 3649 3221 qui
3684 3152 3809 3207 istic
3826 3152 3997 3205 mira-

2378 3244 2573 3298 bantur
2602 3260 2755 3304 eum.
2800 3243 2891 3297 sed
2922 3244 3084 3297 etiam
3115 3244 3181 3298 ab
3211 3243 3298 3309 iis,
3330 3259 3449 3314 quae
3477 3242 3842 3314 Jerosolymis
3872 3255 3996 3299 acta

2374 3348 2518 3391 sunt.
2553 3337 2735 3407 Neque
2777 3338 2917 3392 enim
2951 3336 3053 3391 hoc
3095 3338 3341 3392 humanas
3384 3348 3501 3392 erat
3527 3340 3985 3407 exspectationis.

2372 3431 2436 3482 Et
2464 3429 2583 3485 vide
2614 3430 2760 3483 illum
2796 3446 2899 3483 non
2931 3432 3205 3499 apostolos
3229 3430 3377 3485 adire
3407 3446 3515 3498 pra:
3543 3431 3837 3495 modestia,
3893 3436 3991 3486 sed

2374 3522 2688 3592 discipulos,
2713 3531 2897 3589 utpote
2918 3524 3005 3590 qui
3029 3521 3323 3591 discipulus
3350 3528 3494 3576 esset
3517 3540 3530 3576 :
3561 3523 3808 3577 nondum
3841 3523 3993 3578 enim

2372 3615 2510 3667 lidus
2562 3629 2682 3669 esse
2729 3614 3032 3683 putabatur.
3085 3614 3350 3669 Barnabas
3390 3628 3556 3669 autem
3600 3617 3994 3688 apprehensum

2370 3706 2514 3759 illum
2540 3707 2685 3760 duxit
2705 3709 2775 3759 ad
2805 3710 3064 3777 apostolos
3083 3752 3097 3774 ,
3127 3718 3172 3762 et
3212 3710 3434 3762 narravit
3460 3710 3565 3763 illis
3587 3752 3604 3776 ,
3645 3714 3916 3781 quomodo
3939 3716 3991 3765 in

2360 3801 2449 3853 tria
2482 3802 2682 3855 vidisset
2716 3800 3009 3856 Dominum.
3045 3802 3315 3856 Barnabas
3348 3803 3434 3857 hic
3464 3804 3607 3858 mitis
3633 3814 3686 3857 et
3717 3821 3989 3862 mansue-

2370 3900 2455 3945 tus
2485 3890 2645 3945 homo
2674 3900 2811 3946 erat.
2844 3891 3049 3947 Nomen
3079 3902 3257 3947 autem
3289 3894 3405 3963 ejus
3434 3895 3604 3948 lilium
3639 3898 3992 3952 consolatio.

2368 3984 2449 4035 nis
2478 3983 2739 4053 significat
2770 3984 2948 4038 :unde
2972 3993 3025 4038 et
3044 3985 3250 4038 amicus
3272 3986 3434 4040 Paulo
3456 3986 3572 4042 fuit.
3600 3987 3755 4053 Quod
3788 4000 3985 4045 autem

2366 4074 2519 4129 valde
2548 4074 2691 4128 mitis
2720 4084 2863 4130 esset
2893 4084 2947 4131 et
2981 4091 3199 4131 accessu
3234 4076 3425 4143 facilis,
3473 4088 3529 4132 et
3556 4094 3621 4133 ex
3650 4079 3778 4147 hoc,
3823 4093 3885 4137 et
3918 4101 3987 4139 ex

2366 4168 2429 4220 iis
2453 4183 2573 4237 qua:
2594 4169 2734 4223 circa
2756 4168 3015 4223 Joannem
3042 4178 3157 4223 acta
3186 4178 3329 4235 sunt,
3355 4171 3540 4240 liquet.
3575 4170 3729 4227 Unde
3754 4174 3848 4227 hic
3873 4190 3986 4229 non

2365 4260 2577 4325 metuit,
2610 4260 2705 4314 sed
2730 4271 2933 4323 narrat,
2958 4260 3228 4330 quomodo
3253 4262 3305 4314 in
3333 4262 3414 4315 via
3437 4261 3630 4316 viderit
3652 4263 3985 4331 Dominum,

2363 4362 2417 4406 et
2446 4353 2587 4420 quod
2617 4354 2866 4423 loquutus
2895 4354 2962 4407 sit
2996 4353 3091 4416 illi,
3136 4368 3199 4407 ac
3225 4354 3493 4423 quomodo
3522 4355 3768 4411 Damasci
3802 4357 3987 4415 libere

2362 4444 2532 4512 egerit
2559 4444 2609 4497 in
2642 4444 2860 4499 nomine
2891 4444 3100 4499 Domini
3132 4443 3283 4499 Jesu.
3343 4445 3646 4502 Verisimile
3689 4449 3846 4503 enim
3899 4462 3988 4506 est

2360 4534 2510 4589 illum
2539 4535 2782 4589 Damasci
2804 4535 3072 4590 audivisse
3093 4535 3160 4590 de
3187 4535 3298 4589 illo.
3326 4536 3450 4591 Ideo
3477 4537 3593 4592 lure
3618 4538 3681 4591 ad
3709 4540 3800 4593 illa
3836 4558 3986 4612 prce-

2360 4636 2588 4696 parant,
2642 4627 2768 4681 dum
2802 4628 2890 4681 ille
2919 4627 3172 4697 aperibus
3217 4627 3355 4682 dicta
3406 4630 3710 4685 conﬁrmat.
3743 4630 3849 4687 9.8.
3918 4635 3985 4687 Et

2357 4735 2600 4777 eratcum
2628 4724 2731 4777 illis
2761 4725 2956 4776 intrans
2984 4733 3028 4775 et
3051 4724 3223 4775 exiens
3252 4725 3302 4776 in
3322 4722 3631 4788 Jerusalem,
3663 4734 3712 4778 et
3740 4726 3985 4793 ﬁducia-

2358 4818 2475 4871 liter
2518 4834 2672 4886 agens
2712 4818 2761 4869 in
2798 4816 2998 4869 nomine
3023 4815 3168 4871 Jesu.
3196 4815 3288 4871 9.9.
3323 4816 3641 4881 Loqucbatur
3680 4836 3903 4889 quoque
3937 4836 3984 4877 et

2356 4912 2644 4981 disputabat
2701 4930 2813 4966 cum
2872 4911 3085 4967 Gra'cis.
3147 4912 3279 4981 Quia
3342 4913 3588 4982 discipuli
3642 4918 3985 4972 metuebant

2355 5003 2537 5068 illum,
2583 5006 2812 5074 apostoli
2845 5021 2973 5060 vero
3003 4992 3107 5059 non
3138 5007 3208 5058 illi
3253 5006 3595 5060 conﬁdebant
3627 5024 3640 5059 :
3677 5004 3806 5060 illeo
3846 5009 3984 5063 hinc

2353 5098 2565 5153 illorum
2590 5108 2789 5153 metum
2809 5099 2986 5153 solvit.
3012 5098 3348 5170 Loquebatnr,
3376 5100 3565 5169 inquit,
3589 5109 3637 5153 et
3657 5100 3981 5169 disputabat

2351 5208 2463 5243 cum
2487 5190 2700 5244 (.‘rtecis.
2734 5191 2829 5245 llic
2854 5191 3071 5246 Graecos
3098 5202 3254 5247 vocat
3283 5206 3396 5255 eos,
3432 5194 3519 5261 qui
3548 5191 3735 5248 Graace
3766 5193 3975 5264 loquc.

2350 5281 2543 5336 bantur
2568 5301 2580 5336 :
2609 5283 2784 5337 ethoc
2804 5282 3089 5337 admodum
3119 5286 3409 5354 sapienter.
3435 5284 3511 5337 llli
3541 5285 3681 5338 enim
3711 5285 3804 5338 alii
3862 5288 3964 5343 lle-

2350 5374 2475 5428 brazi
2502 5391 2566 5430 ne
2596 5376 2778 5431 videre
2805 5376 3019 5446 quidem
3046 5378 3193 5431 illum
3221 5378 3487 5432 volebant.
3514 5378 3602 5431 Illi
3626 5390 3801 5432 autem
3828 5399 3984 5451 qua;

2347 5467 2519 5519 rebant
2546 5468 2772 5521 occidere
2817 5484 2949 5523 cum.
2982 5468 3347 5525 Vehementia:
3378 5484 3441 5524 ac
3490 5469 3744 5538 perfectae
3773 5474 3965 5528 victo-

2346 5558 2437 5613 rire
2471 5558 2571 5612 hoc
2600 5560 2811 5629 signum
2858 5570 2993 5628 erat,
3043 5571 3098 5617 et
3126 5561 3267 5631 quod
3300 5561 3371 5615 illi
3404 5562 3501 5616 hac
3531 5562 3596 5616 de
3625 5578 3683 5616 re
3716 5566 3971 5621 multum

2345 5652 2609 5707 dolerent.
2644 5653 2730 5707 '50.
2770 5654 2919 5720 Quod
2949 5672 3062 5707 cum
3093 5656 3440 5723 cognovissent
3471 5657 3676 5726 fratres,
3712 5660 3974 5713 dedunt-

2344 5757 2586 5799 runtenm
2609 5745 2909 5801 Caesaream.
2942 5749 3058 5803 Prre
3088 5749 3279 5804 timore
3308 5750 3406 5803 hoc
3429 5750 3627 5802 fat-runt
3652 5768 3663 5803 :
3692 5751 3973 5807 timentes

2344 5838 2485 5892 enim
2513 5856 2576 5894 ne
2600 5837 2832 5909 idipsum
2853 5838 3141 5909 accideret,
3171 5842 3312 5912 quod
3344 5840 3639 5911 Stephano,
3666 5842 3969 5899 deducunt
