4088 6326
181 472 272 530 tos
1126 461 1190 518 IN

176 589 477 642 (Si-sirearn.
503 581 572 638 Et
596 582 843 636 miserunt
864 577 1100 635 Tarsum.
1122 576 1231 631 Etsi
1250 586 1467 646 propter
1484 574 1755 639 timorem,

176 682 377 736 mittunt
408 690 612 741 tamen,
654 685 713 730 ut
751 672 1025 744 praedicet,
1055 680 1111 725 et
1138 670 1187 724 in
1215 678 1330 724 tuto
1355 668 1445 734 sit,
1487 673 1676 736 utpote
1702 664 1756 720 in

178 774 329 844 putria
350 788 468 825 sua.
506 768 640 825 Vide
658 778 859 833 autem,
888 762 1157 836 quomodo
1178 778 1287 818 non
1308 762 1488 817 omnia
1517 776 1615 831 per
1636 774 1760 830 gra-

178 867 287 918 tiam
318 863 465 929 ﬁant,
494 860 592 917 sed
622 861 895 932 permittat
929 858 1090 921 Deus,
1121 866 1180 911 ut
1208 855 1376 910 multa
1399 870 1468 910 ex
1497 852 1758 924 sapientia

176 973 259 1011 sua
283 968 335 1011 et
361 960 598 1010 humano
639 969 788 1009 more
817 953 1146 1021 dispensent.
1177 949 1235 1006 Si
1255 959 1433 1005 autem
1460 947 1511 1001 in
1542 948 1659 1017 ipso
1683 947 1759 1001 la-

176 1062 302 1105 etum
326 1061 406 1104 est
434 1048 558 1115 hoc,
593 1048 761 1103 multo
788 1048 958 1118 magis
985 1047 1037 1101 in
1068 1046 1194 1100 illis.
1226 1044 1493 1099 Permittit
1520 1057 1673 1111 ergo,
1703 1051 1761 1096 ut

176 1145 471 1210 ignavorum
500 1144 784 1197 obtentum
800 1142 1025 1196 auferat.
1049 1140 1138 1195 3|.
1176 1137 1421 1193 Ecclesia
1444 1137 1647 1210 quidem
1669 1155 1759 1206 per

177 1246 315 1288 totam
338 1233 579 1287 Indicam
610 1245 657 1286 et
686 1232 979 1289 Samariam
1002 1248 1180 1303 pacem
1211 1230 1481 1294 habebant,
1510 1240 1556 1285 et
1585 1231 1755 1296 aediﬁ-

174 1330 420 1391 cabantur,
462 1325 707 1391 ibantque
732 1328 785 1379 in
813 1326 994 1379 timore
1026 1323 1270 1388 Domini,
1320 1335 1369 1377 et
1414 1323 1758 1377 consolatione

175 1419 382 1489 Spiritus
410 1420 579 1472 sancti
607 1418 951 1488 replebantur.
985 1415 1236 1472 Dicturus
1265 1424 1349 1473 est
1378 1416 1448 1473 de
1477 1416 1619 1472 Petri
1646 1417 1756 1471 dis-

173 1530 309 1568 cessu
338 1514 402 1567 ad
431 1522 673 1569 sanctos.
706 1512 783 1568 Ne
821 1513 940 1582 quis
986 1528 1115 1583 ergo
1155 1520 1366 1584 putaret
1408 1511 1461 1567 id
1499 1528 1563 1567 ex
1608 1523 1755 1567 metu

174 1608 501 1675 provenisse,
555 1606 729 1676 primo
774 1615 956 1661 narrat
994 1615 1053 1661 ut
1095 1620 1154 1660 se
1185 1604 1447 1660 haberent
1477 1605 1752 1671 Ecclesiae;

172 1699 442 1755 ostendens
470 1698 649 1770 ipsum
678 1698 1107 1769 persequutionis
1135 1706 1376 1769 tempore
1403 1697 1757 1769 Jerosolymaa

173 1794 416 1847 mansisse
440 1810 454 1844 :
477 1807 606 1847 cum
637 1802 814 1847 autem
843 1792 896 1845 in
929 1800 1045 1846 tuto
1069 1800 1228 1847 erant
1248 1791 1445 1861 ubique
1474 1790 1752 1857 Ecclesiae,

174 1897 285 1941 tunc
309 1884 705 1959 ierosolymam
735 1885 1052 1955 reliquisse;
1085 1885 1221 1941 adeo
1252 1885 1471 1942 fervens
1497 1897 1553 1943 et
1576 1887 1758 1942 alacer

172 1988 291 2031 erat.
317 1976 431 2032 Non
461 1979 607 2033 enim
637 1978 759 2048 quia
791 1993 891 2048 pax
920 1986 1056 2043 erat,
1091 1977 1310 2048 putabat
1339 1994 1446 2033 non
1472 1994 1611 2050 opus
1633 1994 1757 2034 esse

171 2083 258 2123 suo
282 2069 533 2125 adventu.
565 2069 633 2124 Et
665 2085 783 2137 cur,
811 2070 1043 2140 inquies,
1077 2070 1128 2125 id
1155 2068 1301 2136 facit,
1325 2071 1579 2143 venitque
1611 2074 1756 2141 Pacis

172 2170 416 2230 tempore,
444 2172 498 2217 et
526 2170 810 2232 postquam
836 2161 1035 2217 Paulus
1056 2160 1300 2217 abierat?
1328 2163 1463 2230 Quia
1492 2165 1612 2218 illos
1635 2166 1754 2220 ma-

171 2251 300 2307 xime
335 2252 733 2308 venerabantur
761 2253 802 2321 ³,
846 2262 1033 2323 utpote
1071 2254 1161 2323 qui
1200 2270 1345 2324 saepe
1374 2256 1658 2325 adessent,
1701 2268 1758 2313 et

172 2344 479 2400 multitudini
509 2345 822 2413 mirabiles;
856 2347 1003 2401 illum
1035 2362 1165 2403 vero
1191 2351 1611 2406 contemnebant
1638 2392 1652 2417 ,
1702 2361 1757 2408 et

172 2436 217 2493 in
243 2453 358 2495 eum
387 2440 563 2511 magis
595 2441 1081 2512 exasperabantur.

231 2531 282 2586 2.
310 2530 495 2587 Petrus
537 2535 687 2605 quasi
730 2540 838 2590 dua:
871 2536 1121 2590 circuibat
1160 2537 1385 2593 ordines.
1412 2569 1484 2579 —
1512 2536 1755 2595 Vidistin’

172 2624 420 2690 quomodo
449 2640 555 2695 pax
587 2626 785 2682 bellum
815 2638 1037 2697 sequuta
1068 2629 1184 2683 sit?
1226 2629 1334 2684 imo
1364 2630 1597 2685 vidistin’
1628 2632 1756 2702 quid

174 2715 340 2771 fecerit
368 2718 573 2773 bellum
604 2718 769 2773 illud?
811 2720 1072 2788 Dispersit
1109 2722 1358 2790 paciﬁcos
1395 2724 1535 2780 illos.
1570 2724 1625 2780 ln
1657 2724 1757 2781 Sa-

174 2809 319 2862 maria
351 2810 558 2879 podore
574 2809 811 2866 suffusus
831 2823 914 2867 est
936 2812 1159 2868 Simon:
1191 2815 1241 2868 in
1268 2814 1454 2871 Judaea
1475 2816 1757 2889 Sapphira:

172 2915 309 2955 casus
337 2902 555 2958 accidit.
585 2901 701 2959 Non
737 2920 866 2977 ergo
907 2905 1030 2976 quia
1072 2921 1172 2976 pax
1216 2917 1366 2975 erat,
1394 2910 1636 2965 remissae
1666 2924 1755 2967 res

174 3004 339 3059 mut;
366 2994 463 3049 sed
495 2995 623 3051 talis
652 3007 768 3051 erat
798 3012 931 3067 pax,
962 3012 1083 3068 qua:
1124 3000 1493 3055 consolatione
1530 3001 1756 3059 haberet

172 3099 312 3153 opus.
338 3084 427 3141 32.
457 3085 677 3141 Factum
702 3098 774 3141 est
796 3099 985 3153 autem,
1015 3100 1070 3142 ut
1108 3087 1314 3155 Petrus,
1342 3090 1465 3145 dum
1490 3103 1753 3161 pertrem-

172 3174 254 3228 iret
303 3169 564 3231 uniuersos
588 3217 606 3244 ,
650 3177 903 3233 deueniret
942 3180 1009 3233 ad
1049 3189 1285 3245 sanctos,
1329 3184 1417 3252 qui
1460 3182 1753 3240 habitabant

172 3264 371 3337 Lgdda.
406 3270 571 3339 Quasi
617 3271 725 3326 dux
773 3272 1073 3339 circuibat,
1107 3275 1327 3330 ordines
1366 3277 1750 3347 considerans,

172 3375 279 3429 qua:
329 3377 452 3432 pars
493 3374 643 3419 esset
676 3365 1009 3430 coadunata,
1050 3382 1171 3437 quae
1210 3378 1434 3438 ornata,
1484 3385 1605 3441 quae
1654 3386 1754 3427 sua

170 3456 435 3523 praesentia
466 3466 675 3529 egeret.
707 3458 845 3515 Vide
881 3459 1031 3514 illum
1078 3461 1279 3532 ubique
1313 3463 1752 3533 circumcursan-

173 3556 302 3613 tem,
331 3559 388 3605 et
418 3553 653 3620 primum
688 3553 985 3608 inventum.
1022 3553 1119 3609 Ubi
1157 3554 1436 3625 eligendus
1477 3566 1594 3613 erat
1631 3573 1757 3629 apo.

170 3641 360 3710 stolas,
391 3644 479 3699 hic
506 3646 717 3715 primus
743 3644 876 3711 fuit;
903 3662 1025 3702 cum
1066 3645 1351 3703 dicendum
1396 3660 1513 3704 erat
1551 3650 1755 3707 ludatis

172 3749 265 3791 non
309 3752 428 3795 esse
471 3740 655 3795 ebrios
696 3741 1008 3809 apostolos,
1058 3755 1180 3795 cum
1222 3742 1443 3798 claudus
1482 3744 1755 3799 sanandus

171 3825 256 3883 iuit
273 3872 286 3893 ,
307 3832 522 3903 quando
543 3832 978 3888 concionandum
997 3842 1147 3899 erat,
1172 3833 1259 3890 hic
1284 3844 1412 3892 ante
1438 3837 1574 3892 alios
1599 3846 1750 3904 erat;

170 3924 363 3990 quando
389 3924 660 3996 agendum
692 3940 813 3981 cum
845 3925 1115 3995 praefectis
1138 3968 1153 3993 ,
1192 3926 1407 3997 quando
1444 3944 1567 3983 cum
1605 3930 1749 3984 Ana-

172 4015 277 4081 nia,
302 4032 422 4072 cum
452 4032 521 4074 ex
554 4018 743 4073 umbra
786 4018 1096 4074 sanationes
1141 4017 1349 4074 ﬁerent.
1394 4019 1496 4076 Ubi
1537 4024 1753 4091 pericu-

175 4103 265 4159 lum
307 4118 427 4174 est,
480 4109 571 4165 hic
611 4109 801 4173 adest,
851 4118 907 4165 et
961 4110 1047 4164 ubi
1094 4110 1340 4180 quaedam
1389 4111 1753 4181 dispensanda

172 4210 315 4255 sunt:
346 4202 434 4258 ubi
464 4217 597 4258 vero
624 4202 931 4272 tranquillae
957 4216 1047 4258 res
1073 4210 1199 4257 sunt
1218 4242 1232 4265 ,
1265 4203 1315 4256 in
1345 4207 1616 4261 eoonnuui
1639 4221 1757 4259 om-

172 4306 290 4358 nes;
321 4294 455 4349 adeo
486 4309 595 4350 non
638 4295 843 4365 appetit
884 4295 1142 4366 majorem
1192 4293 1474 4350 honorem.
1519 4295 1751 4350 Rursum

167 4399 278 4441 cum
324 4388 583 4444 miracula
635 4387 800 4443 edere
832 4389 1139 4459 oportebat,
1188 4387 1276 4443 ille
1316 4389 1628 4459 prosiliebat
1656 4405 1670 4443 :
1702 4399 1757 4443 et

171 4476 247 4532 hic
270 4480 457 4535 iterum
492 4482 607 4550 ipse
636 4494 734 4551 per
759 4495 819 4536 se
848 4480 1057 4535 laborat
1076 4521 1091 4545 ,
1122 4489 1177 4535 et
1207 4479 1307 4535 iter
1330 4480 1456 4550 agit.
1486 4482 1577 4537 55.
1601 4481 1756 4534 Inve-

173 4569 236 4622 nit
260 4582 421 4625 autem
445 4571 516 4624 ibi
546 4572 801 4625 hominem
842 4573 1114 4642 quandam
1148 4574 1353 4627 nomine
1386 4571 1644 4640 eEneam,
1693 4574 1757 4627 ab

169 4662 303 4717 anuis
325 4674 439 4719 octo
455 4666 716 4735 jacentem
738 4665 793 4719 in
819 4666 1033 4737 grabato
1057 4708 1072 4732 ,
1113 4668 1200 4737 qui
1242 4675 1349 4720 erat
1392 4668 1707 4738 paralyticus
1737 4684 1757 4721 :

176 4752 251 4808 3i.
275 4766 319 4808 et
343 4757 413 4809 ait
437 4757 517 4811 illi
552 4756 738 4811 Petrus
765 4773 786 4811 :
816 4757 1013 4824 zEnea,
1046 4766 1196 4812 sanat
1226 4767 1274 4812 te
1296 4756 1453 4814 Iesus
1480 4756 1711 4813 Christus
1738 4776 1756 4813 :

173 4860 338 4915 surge,
373 4857 422 4900 et
459 4858 630 4902 sterne
674 4849 781 4904 tibi.
825 4847 895 4903 Et
933 4851 1106 4904 statim
1150 4851 1393 4905 surrexit.
1424 4850 1492 4906 Et
1520 4867 1619 4906 cur
1650 4868 1755 4906 non

175 4940 492 5005 exspectavit
533 4940 631 4996 viri
672 4939 830 4997 ﬁdem
856 4982 872 5007 ,
920 4957 1021 4998 nec
1066 4943 1417 5014 interrogavit
1459 4958 1528 4998 an
1579 4946 1759 4999 curari

176 5029 360 5085 Vellet?
385 5031 528 5088 Sane
557 5034 680 5104 quia
703 5035 771 5091 ad
794 5036 1081 5091 multorum
1104 5038 1531 5093 consolationem
1559 5038 1759 5095 factum

177 5128 251 5174 est
276 5123 610 5180 miraculum.
651 5124 837 5197 Itaque
879 5127 1005 5183 audi
1049 5139 1307 5199 quantum
1347 5131 1557 5185 lucrum
1590 5149 1604 5185 :
1633 5132 1763 5186 sub-

175 5209 332 5283 iungit
358 5218 504 5271 enim
534 5218 723 5275 dicens
747 5238 761 5273 :
788 5220 880 5275 55.
911 5220 977 5275 Et
1004 5221 1234 5275 viderunt
1262 5238 1436 5281 omnes
1454 5263 1469 5287 ,
1498 5224 1584 5293 qui
1612 5223 1762 5278 babi-

180 5306 332 5363 tabant
358 5309 559 5382 Lyddtz
577 5324 625 5367 et
651 5313 898 5369 Assaroni
922 5356 938 5381 ,
968 5316 1053 5387 qui
1074 5316 1304 5375 conversi
1324 5326 1441 5371 sunt
1474 5318 1542 5370 ad
1581 5316 1763 5371 Domi-

182 5415 303 5457 mun.
321 5402 467 5461 Bene
488 5408 569 5461 sic
588 5406 722 5463 dixit
750 5426 763 5462 :
790 5407 1013 5479 insignis
1032 5409 1175 5464 enim
1197 5418 1313 5464 erat
1330 5409 1446 5475 vir;
1470 5422 1763 5479 argumen-

183 5499 387 5565 ιυιηειυο
414 5496 509 5552 dat
537 5499 715 5568 signi,
748 5499 892 5569 quod
920 5500 1071 5555 tollat
1098 5500 1400 5571 grabatum.
1436 5499 1552 5556 Non
1585 5502 1760 5557 solum

182 5587 305 5641 enim
330 5603 358 5641 a
384 5590 592 5645 morbis
622 5590 988 5647 liberaverunt
1011 5633 1028 5659 ,
1060 5592 1156 5648 sed
1184 5594 1349 5647 etiam
1380 5607 1503 5647 cum
1535 5595 1766 5651 sanitate

184 5675 307 5733 vires
332 5680 726 5750 praestiterunt.
772 5684 1021 5754 Alioquin
1058 5694 1237 5739 autem
1280 5683 1519 5739 nondum
1554 5685 1768 5741 virtutis

184 5780 279 5823 sua:
303 5772 450 5841 signa
478 5773 778 5841 dederant;
814 5776 887 5831 ita
929 5784 987 5830 ut
1023 5776 1217 5832 merito
1253 5791 1360 5831 non
1402 5776 1711 5847 exigeretur
1738 5792 1769 5830 a

241 5862 263 5935 ’ξ
285 5868 412 5914 Unus
428 5862 573 5935 Ood._
590 5865 803 5935 habet_._..
848 5878 937 5917 suo
959 5866 1191 5935 adventu.
1217 5864 1408 5935 Abierat
1434 5863 1614 5935 Paulus
1636 5871 1771 5918 ornt-

187 5927 415 6037 m,
432 5940 530 6039 accc
543 5927 655 5991 jam
674 5928 851 5981 bellum
875 5936 959 5981 aut
981 5929 1209 5982 turbatio.
1232 5930 1346 5983 Illos
1368 5927 1585 5982 maxim
1618 5940 1766 5983 sene-

395 6022 533 6051 ,ΜΟ

1267 455 1449 514 ACTA
1492 448 2028 509 APOSTOLORUM.
2070 448 2495 507 lIOMIL.‘XXt.

3373 449 3478 512 ιω

1865 565 1985 620 viro
2015 562 2186 631 ﬁdes,
2217 566 2654 639 quandoquidem
2694 584 2800 625 non
2841 580 3137 641 exegerunt
3184 586 3214 629 a
3254 572 3477 632 claudo.

1865 654 2333 726 Quemadmodum
2385 661 2548 732 igitur
2587 671 2641 718 et
2686 661 2935 719 Christus
2991 666 3149 723 initio
3195 668 3473 740 signorum

1867 750 2029 807 ﬁdem
2055 767 2165 809 non
2192 757 2441 827 exigebat
2469 774 2484 813 :
2514 757 2593 813 sic
2615 774 2789 830 neque
2813 761 2921 817 isti.
2945 761 3305 835 Jerosolymis
3328 769 3474 823 enim

1868 844 2002 902 ﬁdes
2020 850 2216 904 merito
2237 851 2387 920 prius
2408 853 2725 923 exigebatur
2747 874 2759 909 :
2790 856 2931 911 unde
2954 867 3007 912 et
3031 868 3255 928 propter
3278 861 3435 918 fidem
3450 893 3469 921 ι

1868 949 2132 1011 quotquot
2156 944 2361 999 morbis
2384 947 2763 1004 detinebantur
2786 993 2801 1016 ,
2826 952 2880 1005 in
2910 953 3013 1007 viis
3039 958 3472 1026 experiebantur,

1868 1045 1919 1088 ut
1953 1037 2216 1095 venientis
2254 1040 2398 1096 Petri
2439 1042 2632 1097 saltem
2671 1045 2859 1101 umbra
2901 1051 3209 1119 quempiam
3258 1053 3471 1110 illorum

1864 1128 2235 1185 obumbraret.
2279 1132 2439 1187 Multa
2473 1137 2615 1190 enim
2661 1138 2769 1193 illic
2808 1142 2957 1212 signa
2998 1143 3338 1215 edebantur;
3390 1152 3475 1209 hic

1864 1228 2045 1274 autem
2077 1220 2182 1277 hoc
2212 1224 2438 1292 primum
2467 1230 2714 1298 contigit.
2746 1232 2877 1287 Nam
2906 1236 3055 1306 signa
3097 1239 3202 1294 alia
3240 1242 3305 1296 ad
3338 1244 3473 1300 alios

1864 1310 2178 1367 alliciendos
2206 1315 2545 1383 edebantur,
2579 1322 2682 1375 alia
2728 1324 2795 1376 ad
2840 1330 3177 1385 credentium
3220 1339 3473 1392 Cumula-

1866 1403 2087 1458 tionem.
2117 1405 2207 1461 56.
2251 1407 2321 1463 In
2366 1408 2539 1481 Iappe
2591 1426 2760 1469 autent
2800 1421 2897 1488 fuit
2940 1424 3176 1490 quaedam
3221 1427 3475 1498 discipula

1864 1496 2070 1552 nomine
2097 1498 2318 1556 Tabitlza
2340 1545 2355 1567 ,
2382 1521 2497 1576 qua:
2523 1508 2567 1559 si
2597 1508 2953 1578 interpretetur
2970 1556 2983 1573 .
3035 1517 3223 1573 dicitur
3252 1496 3470 1579 Dorcas.

1866 1586 1994 1644 Haec
2018 1602 2128 1645 erat
2157 1593 2309 1663 plena
2336 1596 2573 1666 aperibus
2602 1602 2745 1656 bonis
2769 1645 2785 1669 ,
2832 1615 2878 1658 et
2926 1604 3257 1681 efeenmsynis
3282 1656 3298 1680 ,
3348 1632 3476 1685 quas

1866 1682 2100 1752 faciebat.
2134 1686 2223 1741 57.
2264 1686 2479 1743 Factum
2508 1703 2580 1745 est
2606 1705 2776 1749 autem
2816 1699 2869 1750 in
2897 1699 3072 1755 diebus
3106 1704 3212 1757 illis
3242 1720 3296 1759 ut
3322 1682 3473 1777 inﬁr-

1864 1789 2003 1831 mata
2043 1792 2341 1836 moreretur.
2382 1783 2553 1850 Quam
2581 1804 2696 1841 cum
2734 1791 3005 1857 lavissent,
3044 1812 3324 1866 posuerunt
3362 1820 3491 1857 eam.

1863 1960 2069 2061 Joppen
2092 2003 2109 2032 ,
2156 1966 2401 2039 discipuli
2423 1973 2687 2028 audientes
2709 2016 2723 2041 ,
2764 1980 2900 2046 quod
2930 1978 3114 2036 Petrus
3138 1960 3266 2040 esset
3293 1989 3347 2043 in
3377 2006 3438 2045 ea
3457 2032 3475 2061 ,

1865 2055 2110 2111 miserunt
2138 2060 2268 2115 duos
2294 2063 2429 2118 viros
2448 2105 2463 2127 ,
2495 2078 2732 2137 rogantes
2757 2112 2771 2134 ,
2798 2089 2860 2125 ne
2877 2073 3107 2141 differret
3126 2081 3295 2136 venire
3320 2082 3479 2156 usque

1864 2146 1935 2199 ad
1956 2146 2114 2217 ipsos.
2140 2150 2251 2206 Cur
2272 2166 2653 2224 exspectarunt
2673 2161 2849 2218 donec
2874 2172 3221 2225 moreretur?
3245 2188 3344 2231 cur
3365 2146 3476 2233 rion

1865 2248 1991 2294 ante
2021 2253 2239 2311 rogatus
2273 2245 2372 2300 fuit
2412 2247 2649 2305 Petrus?
2687 2253 2968 2326 Indignum
3020 2271 3272 2330 putantes
3310 2276 3474 2336 tunc,

1864 2347 1987 2387 cum
2021 2332 2565 2408 philosopharentur,
2598 2344 2893 2417 discipulos
2929 2351 2997 2408 ad
3036 2370 3124 2411 res
3165 2332 3478 2431 hujusmodi

1863 2438 2123 2515 gravare,
2177 2438 2232 2484 et
2277 2445 2308 2485 a
2357 2433 2741 2502 praedicatione
2788 2441 3127 2503 abstrahere.
3169 2449 3304 2510 Nam
3352 2455 3479 2515 ideo

1864 2514 1996 2609 dicit
2022 2531 2189 2609 prope
2217 2520 2386 2578 fuisse
2410 2564 2427 2590 ,
2465 2534 2522 2581 ut
2555 2529 2806 2592 ostendat
2834 2533 2956 2592 illos
2986 2541 3139 2609 quasi
3167 2558 3282 2599 rem
3314 2561 3479 2605 occ-ao

1864 2607 2017 2705 sione
2043 2608 2226 2705 oblata
2255 2614 2476 2682 petiisse
2506 2618 2525 2686 (
2551 2619 2813 2693 discipula
2843 2628 2985 2682 enim
3003 2607 3132 2687 verat
3154 2633 3197 2705 ),
3240 2653 3348 2694 non
3375 2612 3478 2698 auo

1866 2702 1973 2752 tem
2006 2702 2278 2772 prmeipuo
2307 2705 2447 2761 loco.
2479 2709 2572 2765 39.
2604 2711 2901 2785 Exsurgens
2928 2732 3098 2777 autem
3129 2702 3319 2785 Petrus
3342 2733 3479 2790 venit

1864 2804 1983 2842 cum
2007 2791 2130 2848 illis.
2166 2793 2232 2848 Et
2264 2812 2380 2850 cum
2410 2800 2691 2857 advenisset
2724 2808 2982 2866 duxerunt
3023 2814 3174 2870 illum
3210 2820 3266 2874 in
3308 2838 3480 2880 cinna-

1864 2881 2061 2981 culum.
2090 2885 2212 2942 Non
2240 2900 2429 2960 rogant
2454 2933 2470 2957 ,
2500 2894 2596 2949 sed
2642 2914 2756 2953 rem
2807 2902 2880 2956 illi
2929 2910 3252 2974 permittunt
3274 2957 3291 2981 ,
3323 2929 3381 2973 ut
3408 2934 3478 2977 ex

1865 2974 2047 3081 s'e'ipso
2092 2979 2379 3081 vitamnilli
2423 2983 2703 3056 largiatur.
2749 2991 2823 3047 lta
2868 2996 2953 3052 hic
2996 2974 3477 3081 impletur'illud,

1865 3062 2210 3141 Eleemosyna
2241 3072 2417 3129 liberat
2445 3094 2479 3131 a
2507 3090 2667 3135 morte
2690 3083 2709 3149 (
2736 3083 2861 3139 Tob.
2895 3090 2982 3146 12.
3012 3062 3111 3166 9
3150 3096 3215 3151 Et
3252 3062 3479 3158 circum:

1864 3169 2109 3216 steterunt
2148 3164 2295 3220 illum
2335 3185 2510 3227 omnes
2552 3173 2757 3241 uidua,
2796 3179 2975 3248 ﬂentes
3005 3164 3406 3251 etvostendentes
3436 3199 3487 3252 ei

1866 3253 2067 3344 tunicas
2092 3264 2139 3309 et
2161 3268 2320 3314 vestes
2341 3302 2357 3327 ,
2386 3278 2513 3333 quas
2542 3267 2763 3335 faciebat
2790 3270 2989 3329 Dorcas
3014 3318 3029 3341 ,
3062 3294 3181 3343 cum
3206 3295 3332 3339 esset
3359 3304 3479 3344 cunt

1864 3343 1990 3449 illis.
2027 3345 2241 3404 Ducunt
2269 3350 2485 3408 Petrum
2516 3372 2583 3413 eo
2606 3400 2621 3424 ,
2658 3361 2746 3415 ubi
2775 3375 2894 3419 erat
2937 3378 3147 3427 mertua
3192 3380 3475 3449 exposita;

1864 3433 2008 3490 forte
2039 3449 2324 3510 putantes,
2358 3446 2434 3499 illi
2461 3450 2738 3520 quidpiam
2787 3456 2853 3509 ad
2901 3433 3297 3532 philosophiam
3323 3433 3479 3529 cxiii:

1865 3531 2015 3589 bere.
2041 3534 2232 3591 Viden’
2253 3549 2453 3610 quanta
2479 3548 2721 3602 accessio
2746 3548 2882 3605 facta
2905 3552 3018 3608 sit?
3040 3531 3151 3614 Nec
3176 3562 3292 3617 sine
3313 3578 3477 3624 causa

1864 3641 2063 3683 nomen
2094 3630 2337 3687 mulieris
2366 3634 2636 3702 profertur
2660 3678 2674 3704 ,
2723 3641 2818 3695 sed
2847 3653 2905 3697 ut
2933 3648 3254 3707 ostendatur
3296 3658 3475 3712 nomi-

1864 3719 1948 3772 nis
1975 3733 2099 3774 cum
2135 3722 2244 3776 vita
2272 3728 2661 3793 consonantia;
2693 3731 2762 3785 ita
2810 3750 3006 3806 nempe
3045 3741 3174 3811 vigil
3217 3756 3273 3799 et
3312 3762 3479 3818 expe-

1862 3810 1971 3866 dita
1990 3821 2109 3868 erat
2132 3856 2147 3877 ,
2173 3824 2232 3870 ut
2254 3815 2450 3872 dorcas
2470 3821 2584 3876 sive
2602 3838 2818 3893 caprea.
2850 3827 3011 3884 Multa
3034 3810 3235 3905 quippe
3256 3810 3475 3897 nomina

1862 3920 1984 3958 cum
2017 3908 2228 3961 ratione
2254 3908 2453 3963 dantur
2476 3953 2491 3978 ,
2523 3924 2580 3967 ut
2611 3928 2756 3985 smpe
2781 3919 2937 3974 vobis
2968 3921 3223 3982 diximus.
3266 3928 3431 3986 Plena
3457 3976 3475 4003 ,

1863 4000 2073 4068 inquit,
2098 4012 2207 4055 erat
2232 4004 2377 4057 bonis
2398 4006 2635 4072 aperibus
2660 4050 2675 4073 ,
2701 4020 2747 4063 et
2768 4011 3101 4086 eleemosynis
3125 4060 3140 4083 ,
3163 4037 3290 4090 quas
3315 4000 3477 4095 facie;

1862 4089 1967 4145 but.
2002 4091 2253 4163 Magnum
2295 4094 2538 4151 mulieris
2568 4103 2877 4157 eneomium
2900 4145 2915 4169 ,
2949 4089 3215 4178 siquidem
3248 4089 3479 4189 utraque

1863 4183 1942 4239 sic
1977 4182 2249 4253 faciebat,
2292 4196 2349 4241 ut
2386 4190 2631 4260 utrisque
2673 4194 2831 4261 plena
2878 4209 3044 4254 esset.
3080 4202 3262 4260 Palam
3292 4182 3475 4268 autem

1863 4288 1947 4334 est
1970 4322 1985 4344 ,
2022 4281 2164 4334 illam
2196 4282 2347 4351 prius
2376 4284 2641 4340 bonorum
2665 4303 2889 4357 operum
2917 4335 2932 4359 ,
2956 4293 3155 4353 deinde
3174 4301 3481 4377 elecmosy-

1867 4386 2056 4427 narum
2086 4388 2272 4427 curam
2304 4374 2578 4432 habuisse.
2603 4379 2733 4446 Qua:
2755 4384 2969 4452 faciebat
2995 4429 3010 4453 ,
3043 4390 3247 4461 inquit,
3282 4374 3483 4456 Dorcas

1865 4480 1984 4516 cum
2024 4462 2129 4517 illis
2168 4481 2397 4521 versam.
2442 4468 2607 4525 Multa
2660 4472 2955 4531 humilitas.
2988 4479 3106 4535 Non
3157 4486 3300 4541 enim
3341 4491 3483 4547 sicut

1868 4572 2000 4621 nos;
2034 4558 2128 4613 sed
2158 4560 2319 4615 simul
2363 4576 2557 4617 omnes
2598 4577 2787 4634 erant,
2829 4584 3080 4642 magnam
3116 4576 3481 4651 eleemosynze

1865 4665 2051 4705 curam
2097 4652 2385 4711 habentes.
2435 4656 2529 4712 40.
2580 4656 2773 4727 Ejectis
2811 4674 2981 4718 autem
3022 4670 3255 4725 omnibus
3296 4665 3439 4745 foras
3466 4718 3481 4739 ,

1871 4745 2058 4800 Petrus
2086 4762 2277 4815 ponens
2304 4765 2473 4820 genua
2500 4753 2664 4805 oravit
2695 4768 2713 4806 :
2744 4764 2790 4806 et
2834 4772 3107 4813 conversus
3140 4762 3210 4813 ad
3256 4781 3440 4834 corpus
3464 4811 3483 4836 ,

1866 4840 1997 4894 dixit
2026 4855 2043 4893 :
2078 4838 2295 4894 Tabitha
2320 4883 2334 4905 ,
2360 4858 2532 4913 surge.
2562 4843 2627 4898 At
2657 4844 2751 4898 illa
2793 4850 2993 4917 aperuit
3034 4853 3207 4907 oculos
3248 4873 3369 4912 suos
3394 4900 3407 4922 ,
3436 4870 3486 4915 et

1865 4936 1973 4989 uiso
1995 4934 2153 4989 Petro
2174 4937 2380 4990 resedit.
2405 4937 2516 4991 Cur
2536 4954 2728 4994 omnes
2747 4940 2897 5010 ejieit
2916 4943 2938 4996 ?
2958 4944 3038 4999 Ne
3065 4946 3321 5019 laerymis
3345 4968 3480 5006 Cun-

1871 5029 2117 5083 turbetur
2146 5039 2199 5084 et
2227 5040 2529 5085 moveatur.
2566 5030 2633 5084 Et
2678 5034 2855 5101 positis
2904 5038 3115 5106 genibus
3161 5044 3342 5096 oravit.
3373 5044 3484 5103 lloc

1869 5130 1987 5175 erat
2017 5122 2245 5176 intensae
2274 5123 2541 5176 orationis
2572 5123 2849 5178 indicium.
2903 5129 2994 5181 bl.
3043 5128 3185 5186 Dans
3229 5145 3401 5189 autent
3441 5139 3487 5193 ei

1868 5228 2079 5267 manum
2100 5255 2115 5278 ,
2148 5213 2339 5284 inquit.
2371 5213 2471 5269 Hic
2493 5215 2802 5285 singillatim
2830 5220 3069 5276 ostendit
3098 5224 3260 5279 vitam
3286 5269 3299 5293 ,
3328 5227 3491 5285 dein-

1870 5304 2049 5376 deque
2070 5306 2326 5361 virtutem
2353 5307 2627 5362 inductam
2655 5350 2669 5374 ,
2698 5312 2857 5365 aliam
2888 5315 3055 5370 verbo
3078 5358 3094 5382 ,
3114 5318 3273 5373 aliam
3301 5339 3483 5378 manu.

1869 5396 2018 5454 Dans
2040 5411 2210 5454 autem
2240 5402 2285 5454 ei
2314 5418 2562 5467 manum,
2610 5406 2769 5459 erexit
2822 5422 2955 5463 eam.
3006 5408 3073 5463 Et
3110 5428 3224 5467 cum
3262 5428 3491 5472 vocasset

1871 5503 2073 5548 sanctos
2094 5503 2140 5546 et
2166 5494 2347 5549 viduas
2370 5536 2386 5558 ,
2421 5496 2699 5567 assignavit
2728 5514 2839 5563 eam
2870 5502 3036 5557 vivam
3061 5544 3075 5567 ,
3106 5506 3227 5561 aliis
3256 5510 3322 5563 ad
3357 5526 3490 5565 con-

1872 5588 2194 5643 solationem
2219 5630 2234 5651 ,
2280 5588 2424 5658 quod
2475 5606 2719 5646 sororem
2749 5598 3058 5665 acciperent
3085 5610 3139 5654 et
3172 5604 3489 5663 miraculum

1873 5680 2160 5747 viderent;
2191 5680 2366 5736 viduis
2387 5698 2515 5737 vero
2542 5684 2613 5738 ad
2638 5689 3023 5755 patrocinium.
3052 5695 3144 5748 42.
3176 5694 3372 5751 Notum
3398 5719 3495 5755 uu-

1875 5781 1975 5825 tem
2005 5776 2197 5844 factum
2226 5783 2299 5829 est
2328 5791 2419 5845 per
2448 5777 2738 5831 universam
2780 5780 2988 5853 ,Ιορρεη
3013 5826 3028 5851 ,
3074 5798 3121 5840 et
3163 5792 3493 5847 crediderunt

1873 5866 2021 5921 multi
2041 5868 2094 5921 in
2114 5867 2355 5925 Domino.
2370 5868 2689 5926 43.Factum
2701 5882 2773 5928 est
2792 5886 2983 5946 autem,
3008 5891 3063 5934 ut
3078 5899 3166 5952 per
3182 5886 3370 5939 multos
3388 5887 3497 5943 dies

1874 5972 2101 6018 maneret
2127 5962 2181 6018 in
2209 5961 2381 6035 Jo‘ppe
2407 5964 2547 6037 apud
2585 5963 2851 6023 Simonem
2891 5975 3161 6042 quemdam
3192 5982 3491 6035 canarium.
