4078 6318
606 401 705 454 167

678 515 728 566 5.
773 507 916 564 Petri
938 509 1269 564 mansuetudo
1285 518 1331 564 et
1352 511 1613 563 modestia.
1632 541 1702 549 —
1722 510 1851 567 Vide
1870 510 2183 565 modestiam

604 616 657 657 et
688 603 1146 657 mansuetudinem
1182 602 1360 668 Petri,
1393 603 1662 671 quomodo
1690 617 1796 658 non
1827 604 1965 673 apud
1996 604 2142 657 illam
2166 647 2179 666 ,

604 711 777 765 neque
822 696 960 766 apud
991 697 1150 750 alium
1180 698 1481 767 quempiam
1515 697 1778 767 insignem
1810 710 2020 753 maneat
2043 740 2057 763 ,
2092 699 2185 753 sed

602 789 741 858 apud
771 789 1079 853 coriarium,
1110 804 1203 855 per
1230 788 1404 842 omnia
1429 787 1494 840 ad
1522 786 1875 842 humilitatem
1907 788 2183 853 inducens,

604 894 708 931 non
740 880 920 933 sinens
951 880 1166 933 viliores
1192 878 1548 944 erubescere,
1577 894 1676 934 nec
1705 879 1936 949 majores
1962 880 2141 933 extolli
2170 898 2183 933 :

601 972 869 1039 quietiam
895 971 1013 1026 ideo
1036 969 1420 1024 transeundum
1445 985 1563 1025 esse
1581 971 1816 1040 putavit,
1834 969 1975 1040 quod
2001 971 2187 1026 ﬁdeles

598 1063 839 1119 doctrina
869 1077 960 1116 sua
1006 1070 1247 1132 egerem.
1301 1061 1464 1132 Igitur
1491 1062 1735 1131 superius
1777 1061 1917 1116 dicta
1967 1072 2180 1132 repeta-

597 1171 735 1211 mus.
768 1154 1047 1219 Tentabat,
1100 1156 1310 1225 inquit,
1366 1172 1420 1209 se
1461 1157 1678 1227 jungere
1728 1156 2013 1222 discipulis.
2068 1156 2181 1211 Non

598 1245 936 1316 impudenter
965 1247 1228 1311 accessit,
1258 1245 1353 1302 sed
1382 1246 1643 1302 modeste.
1677 1247 1974 1316 Discipulos
2004 1258 2181 1303 autem

596 1346 748 1389 vocat
779 1337 938 1392 etiam
967 1352 1061 1393 eos
1082 1380 1096 1402 ,
1130 1337 1220 1407 qui
1266 1354 1373 1392 non
1403 1348 1558 1393 erant
1605 1338 1657 1392 in
1696 1337 1862 1392 choro
1899 1339 2180 1394 duodecim

594 1430 803 1485 illorum
848 1448 861 1486 :
897 1432 1018 1501 quia
1051 1442 1175 1487 tunc
1203 1446 1391 1486 omnes
1438 1432 1508 1487 ob
1552 1431 1765 1486 virtutis
1806 1432 2177 1488 excellentiam

590 1525 834 1593 discipuli
881 1525 1246 1579 vocabantur:
1294 1523 1572 1580 manifesta
1621 1525 1763 1580 enim
1806 1537 1921 1581 erat
1968 1527 2177 1581 illorum

591 1616 784 1686 imago.
821 1616 883 1669 Et
912 1634 1081 1670 omnes
1120 1616 1358 1670 timebant
1399 1634 1508 1671 eum
1531 1658 1547 1683 ,
1582 1617 1774 1688 inquit.
1823 1617 1958 1673 Vide
1984 1661 1998 1685 ,
2042 1635 2178 1688 quo-

596 1712 755 1765 Inodo
782 1711 955 1766 adhuc
983 1710 1213 1779 pericula
1242 1719 1571 1777 metuerent,
1607 1711 1875 1779 quomodo
1903 1711 2078 1766 adhuc
2108 1712 2175 1764 ti-

590 1817 707 1857 mor
733 1804 953 1871 vigeret.
978 1800 1243 1854 Barnabas
1269 1808 1436 1854 autem
1463 1802 1834 1869 apprehensum
1860 1802 2004 1855 illum
2031 1802 2176 1855 duxit

587 1893 656 1945 ad
682 1894 936 1962 apostolos
955 1934 969 1957 ,
1000 1902 1047 1945 et
1067 1893 1291 1945 narravit
1322 1892 1448 1946 illis.
1472 1892 1697 1947 Videtur
1722 1904 1898 1947 autem
1930 1894 2026 1964 ipsi
2049 1894 2176 1947 Bar-

588 1986 753 2040 nabas
790 1996 945 2041 antea
1004 1986 1164 2039 fuisse
1207 1986 1442 2052 amicus,
1474 1985 1702 2054 ideoque
1734 1994 1916 2040 narrat
1959 1987 2132 2040 omnia
2156 2027 2170 2051 ,

587 2093 705 2147 quae
750 2077 818 2133 ad
866 2078 1039 2146 ipsum
1072 2078 1406 2145 spectabant.
1453 2076 1595 2131 Nihil
1638 2086 1814 2131 autem
1862 2080 2049 2129 horum
2088 2077 2175 2131 ille

583 2173 753 2229 dicit:
803 2184 930 2243 puto
960 2188 1058 2228 nec
1090 2173 1157 2227 ad
1187 2173 1320 2228 alios
1349 2180 1532 2242 postea
1563 2173 1815 2227 extulisse
1837 2212 1850 2235 ,
1896 2174 1992 2226 nisi
2024 2188 2172 2241 qum-

580 2264 707 2317 datn
753 2265 909 2320 fuerit
949 2266 1261 2320 necessitas.
1321 2264 1388 2318 Et
1428 2274 1535 2318 erat
1580 2281 1693 2317 cum
1737 2265 1839 2317 illis
1882 2266 2076 2317 intrans
2120 2265 2173 2315 in

582 2357 888 2423 Jerusalem,
919 2367 966 2410 et
987 2358 1293 2425 fiducialiter
1312 2374 1466 2427 agens
1489 2358 1542 2409 in
1567 2358 1769 2410 nomine
1798 2356 2005 2409 Domini
2023 2355 2167 2410 Iesu.

585 2453 699 2507 lloe
720 2462 779 2507 et
802 2453 921 2506 aliis
940 2452 1108 2507 dabat
1136 2452 1406 2506 ﬁduciam.
1440 2451 1600 2506 Vides
1616 2450 1680 2505 ‘et
1708 2452 1794 2505 hic
1822 2460 1877 2505 et
1906 2452 2011 2505 illic
2037 2452 2169 2505 alios

585 2543 930 2613 providentes
959 2552 1013 2598 et
1054 2552 1306 2599 curantes
1335 2554 1396 2597 ut
1429 2544 1518 2597 ille
1555 2544 1756 2608 abiret,
1780 2558 1901 2598 cum
1933 2543 2169 2598 nondum

588 2635 682 2690 Dei
713 2635 936 2705 gratiam
965 2634 1299 2704 accepisset?
1323 2634 1501 2705 Itaque
1525 2635 1601 2689 sic
1629 2634 1766 2689 illius
1793 2634 1972 2689 fervor
1991 2644 2173 2689 osten-

580 2727 744 2782 ditur.
793 2726 975 2797 Neque
1016 2726 1126 2794 jam
1158 2726 1369 2780 videtur
1397 2726 1525 2778 mihi
1572 2725 1660 2779 ille
1701 2740 1797 2795 per
1829 2736 2023 2780 terram
2070 2726 2170 2779 iter

587 2820 819 2883 habere;
862 2818 954 2873 sed
998 2818 1191 2872 deinde
1221 2817 1519 2887 navigabat.
1566 2815 1677 2870 Hoc
1715 2832 1927 2886 quoque
1970 2817 2027 2870 ﬁt
2074 2832 2170 2886 per

582 2911 1035 2980 dispensationem
1059 2950 1075 2975 ,
1116 2919 1174 2964 ut
1205 2910 1275 2963 ibi
1305 2909 1466 2963 etiam
1498 2908 1832 2978 praedicaret.
1868 2906 1989 2962 Ideo
2013 2907 2169 2979 igitur

586 3003 791 3056 insidiae
832 3002 1138 3070 contigere,
1182 3010 1234 3055 et
1281 3001 1383 3055 iter
1410 2998 1796 3070 Jerosolymam
1829 3014 1921 3068 per
1949 2999 2167 3068 dispen-

586 3096 869 3158 sationem,
894 3102 952 3146 ut
979 3108 1044 3146 ne
1074 3093 1208 3145 ultra
1237 3100 1513 3161 suspectus
1540 3101 1700 3145 esset.
1728 3090 2046 3160 Loquebatur
2071 3108 2167 3143 au-

584 3196 681 3239 tem
710 3194 755 3239 et
796 3185 1084 3255 disputabat
1125 3201 1237 3237 cum
1269 3182 1478 3239 Grauis.
1532 3182 1600 3236 Et
1639 3182 1921 3249 Ecclesia,
1960 3184 2163 3254 inquit,

584 3276 826 3330 habebant
852 3292 1043 3345 pacem,
1073 3274 1459 3343 cdiﬁcabantur
1475 3283 1521 3327 et
1554 3274 1879 3327 ambulabant
1912 3276 1963 3328 in
1991 3276 2170 3329 timore

586 3366 792 3421 Domini
813 3385 831 3432 ;
861 3368 910 3421 id
938 3376 1051 3428 est,
1078 3366 1429 3429 crescebant,
1448 3374 1507 3419 et
1530 3380 1711 3435 pacem
1730 3406 1747 3431 ,
1775 3382 1955 3420 veram
1988 3367 2168 3436 utique

589 3474 795 3527 pacem,
816 3459 953 3512 inter
973 3473 1030 3511 se
1058 3457 1350 3512 habebant.
1369 3457 1577 3520 Merito,
1599 3473 1717 3511 nam
1738 3457 1889 3511 valde
1905 3456 2169 3513 afﬁixerat

584 3553 706 3607 illos
729 3562 1007 3605 externum
1040 3550 1257 3605 bellum.
1296 3548 1359 3602 Et
1384 3550 1728 3602 consolatione
1751 3552 1911 3604 sancti
1941 3551 2169 3619 Spiritus

583 3642 927 3712 replebantur.
975 3640 1364 3697 Consolabatur
1405 3642 1523 3695 illos
1553 3642 1781 3710 Spiritus
1810 3652 2063 3708 sanctus,
2113 3653 2167 3700 et

584 3752 682 3807 per
712 3735 964 3790 miracula
1010 3742 1065 3789 et
1106 3749 1201 3803 per
1228 3749 1431 3804 opera:
1477 3735 1541 3788 ad
1587 3735 1699 3790 hrec
1739 3752 1894 3803 vero,
1938 3738 2166 3808 idipsum

583 3843 613 3882 s
637 3830 811 3897 ngulis
841 3829 1032 3882 iuerat.
1066 3826 1281 3879 Factum
1308 3836 1379 3880 est
1406 3839 1572 3881 autent
1600 3839 1651 3882 ut
1686 3827 1871 3884 Petrus
1898 3830 2019 3883 dum
2048 3849 2165 3900 per-

582 3919 861 3984 transiret,
904 3920 1181 3987 perveniret
1224 3919 1291 3971 ad
1331 3918 1586 3989 Lyddam.
1639 3919 1838 3975 Invenit
1885 3932 2052 3976 autem
2097 3924 2167 3976 ibi

586 4012 840 4064 hominem
876 4010 1285 4075 decumbentem,
1330 4022 1376 4065 et
1425 4011 1551 4065 dixit
1591 4011 1668 4064 illi
1700 4030 1718 4065 :
1764 4011 1967 4081 Enen,
2017 4026 2166 4069 sanat

580 4111 633 4155 te
671 4101 824 4155 Jesus
852 4101 1101 4155 Christus.
1162 4101 1276 4155 Non
1307 4103 1630 4157 ostentantis
1672 4104 1870 4159 dictum
1912 4117 2026 4172 est,
2071 4108 2162 4162 sed

582 4194 799 4247 ﬁdentis
825 4209 937 4247 rem
965 4208 1084 4249 esse
1112 4194 1359 4249 futuram.
1395 4194 1517 4249 Mihi
1542 4211 1674 4249 vero
1705 4213 1920 4265 prorsus
1960 4200 2166 4255 videtur

588 4299 785 4351 aegrum
808 4282 930 4337 huic
946 4283 1241 4339 credidisse
1269 4286 1454 4351 verbo,
1473 4294 1526 4340 et
1550 4301 1735 4339 sanum
1766 4286 1958 4341 factum
1980 4289 2161 4347 fuisse.

580 4373 740 4441 Quod
766 4383 943 4429 autent
977 4376 1095 4430 sine
1138 4376 1273 4431 fastu
1304 4387 1473 4437 esset.
1514 4395 1579 4432 ex
1609 4381 1952 4449 sequentibus
1992 4384 2164 4451 palam

580 4475 690 4521 est.
721 4465 836 4520 Non
862 4467 1003 4521 enim
1025 4466 1188 4532 dixit,
1220 4468 1274 4521 lu
1307 4469 1520 4524 nomine
1542 4470 1669 4525 Jesu
1690 4513 1705 4537 ,
1732 4471 1827 4527 sed
1854 4482 1910 4526 ut
1931 4475 2159 4544 signum,

577 4559 754 4627 magis
806 4558 909 4612 hoc
956 4568 1188 4613 enarrat.
1250 4559 1491 4615 Viderunt
1530 4572 1699 4616 autem
1740 4564 1828 4631 qui
1875 4565 2163 4617 habitabant

584 4649 854 4720 Lyddam,
900 4662 947 4705 ct
978 4652 1201 4706 conversi
1226 4662 1341 4706 sunt
1379 4654 1446 4705 ad
1484 4653 1781 4709 Dominum.
1832 4656 2011 4727 Itaque
2057 4673 2161 4713 non

583 4741 782 4796 frustra
810 4743 919 4798 dixi
951 4745 1208 4799 miracula
1239 4744 1372 4799 facta
1403 4743 1569 4800 fuisse
1593 4746 1659 4802 ad
1694 4749 2087 4816 persuasionem
2110 4764 2165 4807 et

582 4834 1028 4889 consolationem.
1074 4834 1141 4889 In
1173 4833 1343 4903 Joppe
1363 4846 1533 4890 autem
1560 4849 1666 4892 erat
1692 4840 1920 4909 qutedam
1948 4842 2165 4913 discipu-

583 4924 639 4977 ia
658 4966 673 4990 ,
704 4925 874 4994 inquit
892 4967 907 4990 ,
940 4926 1142 4982 nomine
1171 4926 1404 4985 Tabitha.
1433 4927 1652 4984 Factum
1678 4942 1754 4985 est
1780 4942 1947 4987 autem
1974 4936 2026 4988 in
2056 4937 2164 4989 die-

583 5018 676 5072 bus
718 5019 841 5081 illis,
874 5029 926 5073 ut
964 5020 1221 5087 infirmata
1251 5032 1548 5077 moreretur.
1589 5024 1751 5081 Vides
1782 5027 1976 5097 ubique
2016 5030 2164 5099 signa

581 5108 775 5165 edita?!
817 5109 932 5164 Non
964 5111 1278 5180 simpliciter
1317 5122 1527 5167 mortua
1553 5124 1635 5170 est
1667 5116 1892 5171 Tubitha
1918 5161 1932 5182 ,
1985 5122 2076 5174 sed
2113 5122 2162 5175 in

582 5200 945 5257 inﬁrmitatem
977 5203 1142 5273 lapsa.
1177 5202 1300 5257 Ideo
1330 5205 1542 5260 Petrum
1573 5224 1676 5262 non
1710 5220 1962 5265 vocarunt
1994 5212 2171 5266 donee.

584 5295 670 5348 illa
700 5304 904 5349 mortua
932 5305 1095 5351 esset.
1144 5296 1416 5351 Audientes
1441 5310 1607 5353 autent
1646 5302 1881 5371 discipuli
1925 5304 2163 5358 miseruit.

584 5396 837 5455 rogantes,
856 5404 918 5440 ne
938 5388 1261 5459 pigritaretur
1282 5391 1497 5443 transire
1520 5392 1589 5443 ad
1613 5409 1715 5445 eos.
1734 5392 1882 5458 Vide,
1911 5410 2005 5463 per
2029 5394 2163 5450 alios

586 5478 803 5531 mittunt
828 5489 885 5533 et
910 5489 1121 5533 vocant.
1153 5480 1244 5535 Ille
1271 5496 1397 5535 vero
1424 5485 1758 5553 obtemperat
1782 5496 1833 5539 et
1862 5489 2038 5551 venit;
2062 5504 2163 5542 nec

580 5572 918 5627 contumelia:
938 5574 1057 5629 loco
1080 5574 1237 5631 habet
1257 5575 1399 5644 quod
1426 5588 1643 5632 vocetur
1668 5597 1681 5631 :
1711 5581 1779 5634 ita
1808 5598 2053 5652 magnum
2078 5593 2165 5642 est

582 5664 859 5720 tribulatio
888 5668 1106 5733 bonum,
1139 5671 1277 5739 quod
1308 5673 1509 5727 animas
1540 5686 1752 5731 nostras
1775 5681 2010 5748 capulet.
2036 5681 2165 5735 Nul-

585 5759 665 5811 lus
696 5758 765 5813 ibi
796 5760 991 5821 luctus.
1024 5761 1270 5829 planctus
1300 5766 1500 5821 nullus.
1533 5767 1699 5835 Quam
1724 5787 1837 5825 cum
1865 5774 2118 5827 lavassent
2144 5815 2158 5839 ,

588 5867 855 5919 posuerunt
901 5855 953 5907 in
998 5858 1296 5922 clunacula;
1343 5860 1390 5914 id
1436 5870 1546 5926 est,
1598 5863 1772 5916 omnia
1820 5863 1993 5919 fecere
2040 5883 2157 5937 qua:

1378 395 1436 452 S.
1475 394 1748 452 JOANNIS
1782 395 2252 454 CIIRYSOSTOMI
2294 398 2607 456 ARCIIIEP.
2648 400 3173 463 CONSTANTLVOP.

3791 414 3894 471 168

2297 526 2506 567 mortuo
2536 518 2934 586 competebant.
2981 521 3277 595 Exsurgens
3324 541 3439 581 vero
3489 525 3704 594 Petrus,
3751 532 3890 585 venit

2295 606 2564 675 cum‘illis.
2604 606 2667 661 Et
2710 626 2824 662 cum
2850 616 3155 669 ascendisset
3201 617 3254 670 in
3298 622 3615 673 cenaculum
3641 662 3657 684 ,
3705 624 3889 691 positis

2292 699 2501 769 genibus
2529 703 2690 755 orauit
2714 743 2730 767 ,
2760 714 2808 757 et
2836 722 3102 761 conversus
3130 710 3197 762 ad
3221 728 3405 776 corpus
3435 713 3563 767 dixit
3588 730 3605 767 :
3634 714 3853 770 Tabitha
3870 759 3886 783 ,

2292 806 2458 860 surge.
2507 790 2621 846 Non
2652 796 2828 847 omnia
2859 798 3121 866 permittit
3152 801 3293 857 Deus
3335 804 3485 874 signa
3526 819 3647 859 cum
3692 808 3885 861 eadem

2292 880 2542 937 facilitate
2584 884 2721 939 ﬁeri.
2770 887 2879 941 Hoc
2917 900 3097 945 autem
3126 893 3230 946 illis
3260 898 3533 964 proderat.
3579 898 3690 952 Non
3736 901 3885 953 enim

2291 982 2496 1031 tantum
2529 978 2759 1035 aliorum
2786 982 3011 1037 salutem
3034 986 3276 1054 curabat,
3308 992 3400 1044 sed
3430 993 3589 1046 etiam
3620 995 3886 1062 ipsorum.

2289 1066 2390 1133 Qui
2418 1084 2547 1139 ergo
2575 1072 2761 1127 umbra
2790 1090 2881 1129 sua
2922 1086 2999 1129 tot
3033 1077 3279 1134 homines
3318 1084 3575 1147 curabat,
3620 1102 3759 1140 nunc
3804 1098 3887 1142 tot

2289 1168 2543 1232 tantaque
2585 1165 2709 1219 facit
2745 1166 2813 1220 ad
2845 1168 2989 1221 illam
3018 1171 3377 1226 excitandam.
3408 1174 3678 1230 interdum
3716 1180 3884 1234 etiam

2288 1251 2419 1307 ﬁdes
2457 1256 2831 1313 accedentium
2874 1262 3284 1330 cooperabatur.
3319 1264 3464 1319 Hane
3496 1283 3625 1338 ergo
3654 1271 3884 1339 primam

2285 1355 2552 1402 mortuam
2594 1351 2855 1417 suscitat,
2890 1354 3106 1409 nomine
3149 1370 3389 1411 vocans:
3438 1374 3559 1429 qua:
3610 1354 3765 1430 quasi
3812 1379 3885 1417 ex

2284 1451 2473 1493 somno
2498 1441 2893 1511 expergefacta,
2927 1444 3153 1512 primum
3183 1450 3395 1517 aperuit
3429 1450 3615 1504 oculos
3635 1492 3650 1516 ,
3681 1451 3884 1509 deinde

2284 1530 2462 1583 statim
2500 1532 2684 1588 videns
2728 1534 2965 1601 Petrum,
2997 1537 3155 1603 sedit,
3189 1537 3512 1610 demttmque
3542 1557 3570 1594 a
3598 1552 3736 1597 tactu
3763 1561 3883 1596 ntu—

2284 1637 2383 1674 nus
2419 1622 2677 1679 ﬁrmatur.
2722 1627 2798 1681 Tu
2826 1644 2953 1683 vero
2983 1630 3112 1685 mihi
3140 1631 3340 1685 lucrum
3370 1634 3649 1689 considera
3678 1679 3693 1702 ,
3735 1654 3880 1707 quo—

2284 1716 2444 1768 tnodo
2478 1718 2667 1775 iterum
2700 1719 2902 1777 fructus
2933 1724 3001 1777 sit
3043 1741 3147 1777 non
3179 1725 3242 1779 ad
3274 1731 3711 1785 ostentationem.
3749 1733 3880 1787 Ideo

2280 1822 2407 1865 sane
2438 1825 2627 1867 omnes
2656 1813 2800 1868 foras
2830 1815 2975 1884 ejicit
3000 1859 3014 1881 ,
3054 1817 3109 1871 in
3144 1818 3247 1874 hoc
3275 1820 3581 1891 Magistrum
3612 1825 3875 1883 imitatus.

2279 1898 2377 1955 Ubi
2409 1903 2551 1955 enim
2583 1905 2833 1975 laerymze
2861 1919 2987 1962 sunt
3012 1951 3027 1973 ,
3056 1926 3161 1964 non
3192 1924 3404 1982 oportet
3436 1925 3635 1970 tantum
3667 1928 3878 1989 mystc-

2280 1993 2416 2047 rium
2449 1995 2631 2063 perﬁci
2660 2014 2673 2051 :
2704 1998 2814 2051 imo
2844 1999 2936 2054 ubi
2960 2011 3085 2055 sunt
3111 2003 3365 2060 miracula
3386 2046 3405 2073 ,
3435 2008 3719 2065 non-decet
3749 2027 3880 2068 esse

2279 2084 2560 2156 lacrymas.
2592 2089 2787 2145 Audite
2812 2132 2825 2156 ,
2856 2108 3038 2161 quaeso
3062 2136 3076 2161 ,
3108 2097 3212 2151 etsi
3258 2114 3363 2153 non
3396 2101 3519 2169 quid
3548 2103 3722 2159 simile
3757 2105 3874 2172 jam

2280 2177 2389 2237 ﬁat,
2418 2187 2592 2234 tamen
2618 2197 2755 2236 nunc
2778 2184 2937 2237 etiam
2963 2186 3012 2239 in
3032 2190 3258 2244 mortuis
3281 2206 3531 2262 magnum
3557 2198 3874 2266 mysterium

2276 2267 2573 2335 perﬁcitur.
2625 2272 2717 2327 Dic
2743 2285 2919 2329 autem
2947 2277 3075 2330 mihi
3109 2297 3121 2330 :
3158 2281 3203 2333 si
3233 2282 3387 2337 nobis
3417 2284 3732 2341 sedentibus
3761 2288 3877 2342 hn-

2280 2367 2496 2425 perator
2519 2364 2825 2432 quempiam
2859 2366 2908 2419 in
2937 2369 3136 2438 regiam
3169 2382 3385 2428 vocaret
3410 2416 3424 2440 ,
3454 2390 3519 2430 an
3547 2376 3782 2432 ﬂendum
3816 2391 3879 2436 et

2275 2449 2561 2519 lugendum
2584 2456 2771 2508 esset?
2796 2459 2984 2528 Angcli
3013 2460 3210 2515 adsunt
3239 2462 3307 2518 de
3336 2465 3469 2519 etrlo
3496 2468 3643 2524 missi
3669 2511 3682 2534 ,
3714 2469 3875 2526 inde-

2274 2559 2378 2613 qne
2424 2548 2702 2603 venientes
2728 2589 2742 2611 .
2790 2550 2859 2604 ab
2906 2552 3020 2621 ipso
3064 2555 3209 2626 Rege
3234 2559 3414 2621 missi,
3446 2568 3505 2614 ut
3547 2576 3875 2621 conservum

2274 2651 2428 2692 suum
2456 2650 2670 2703 Voceut,
2695 2654 2747 2697 et
2774 2653 2827 2697 tu
2856 2648 3067 2714 ploras?
3087 2649 3269 2705 Nescis
3286 2654 3441 2721 quale
3460 2655 3528 2707 sit
3556 2659 3874 2727 mysterium

2275 2727 2402 2784 illud
2426 2772 2439 2794 ,
2473 2747 2631 2801 quam
2664 2734 2990 2791 horrendum
3019 2782 3031 2802 ,
3064 2756 3220 2810 quam
3253 2746 3587 2800 tremendum
3611 2789 3626 2813 ,
3654 2765 3716 2804 ac
3740 2765 3877 2809 vere

2273 2820 2491 2893 hymnis
2509 2827 2809 2897 gaudioque
2839 2829 3055 2896 dignum
3091 2834 3105 2863 ¹
3131 2835 3152 2885 ?

2342 2916 2393 2975 4.
2422 2915 2512 2970 Vis
2535 2919 2742 2975 discere
2762 2920 2863 2975 hoc
2882 2938 2984 2975 non
3002 2940 3123 2980 esse
3145 2936 3349 2997 tempus
3365 2930 3754 3003 lucrymarum?
3774 2938 3871 2993 Dei

2272 3010 2546 3077 sapientia:
2572 3013 2861 3068 maximum
2882 3014 2984 3070 hoc
3003 3026 3087 3072 est
3106 3023 3439 3090 mysterium.
3462 3025 3653 3081 Anima
3668 3031 3875 3102 quippe

2273 3116 2369 3155 ceu
2392 3102 2609 3158 domum
2633 3107 2936 3176 quampiam
2964 3109 3220 3167 deserens
3244 3155 3259 3179 ,
3288 3116 3459 3186 pergit
3483 3118 3547 3173 ad
3579 3120 3873 3177 Dominum

2273 3208 2426 3251 suum
2453 3214 2466 3257 ;
2498 3205 2553 3251 tu
2578 3214 2707 3253 vero
2736 3200 2885 3271 luges
2907 3202 3060 3259 ?Hoc
3085 3220 3211 3276 ergo
3236 3223 3357 3262 eum
3375 3226 3506 3279 puer
3528 3216 3763 3269 nascitur
3791 3216 3876 3269 fu-

2272 3302 2397 3343 cere
2423 3299 2699 3357 oporteret
2726 3310 2738 3343 :
2771 3309 2891 3347 nam
2922 3294 3010 3350 hic
3035 3310 3216 3365 partus
3241 3300 3331 3355 illo
3359 3304 3547 3358 melior
3563 3317 3663 3361 εει.
3688 3306 3875 3377 Pergit

2271 3381 2414 3435 enim
2432 3381 2497 3435 ad
2516 3382 2671 3437 aliam
2689 3384 3350 3462 lucem,solviturquasiex
3371 3397 3594 3452 vinculis
3608 3402 3871 3466 caret-ris,

2274 3475 2423 3541 quasi
2438 3490 2501 3529 ex
2522 3490 2691 3547 agone
2704 3479 2931 3548 quodam
2950 3483 3238 3553 egreditur.
3258 3486 3453 3554 Etiam,
3469 3490 3696 3561 inquies,
3720 3494 3771 3547 id
3798 3495 3874 3551 dc

2272 3564 2453 3631 probis
2470 3577 2617 3622 recte
2642 3566 2794 3624 dicis.
2814 3569 2882 3624 Et
2897 3572 3022 3641 quid
3042 3575 3144 3629 hoc
3170 3576 3236 3631 ad
3264 3586 3335 3641 te,
3359 3592 3393 3632 ο
3424 3578 3624 3635 homo?
3649 3592 3702 3636 tu
3718 3586 3869 3638 enim

2270 3669 2392 3724 erga
2406 3659 2601 3726 probos
2618 3675 2723 3714 non
2743 3660 2843 3717 hoc
2860 3665 2992 3733 agis.
3005 3666 3097 3721 Dic
3114 3682 3243 3722 vero
3260 3670 3411 3737 mihi,
3428 3672 3553 3741 quid
3575 3674 3623 3726 in
3644 3677 3871 3742 parvulo

2270 3745 2472 3805 infante
2505 3752 3005 3819 reprehendendum
3037 3757 3243 3813 habes?
3272 3776 3368 3817 cur
3397 3762 3545 3833 luges
3574 3765 3745 3820 illum?
3767 3784 3874 3825 cur

2270 3853 2460 3894 recens
2494 3841 2849 3899 illuminatum
2874 3847 2896 3899 ?
2924 3862 3047 3902 nam
3078 3860 3131 3903 et
3160 3851 3248 3905 ille
3273 3852 3513 3921 ejusdem
3541 3857 3871 3916 conditionis

2270 3940 2373 3983 est.
2396 3931 2505 3987 (Zur
2533 3948 2663 4004 ergo
2693 3934 2842 4005 luges
2871 3937 3021 3992 illum
3046 3941 3070 3993 ?
3102 3942 3277 3996 nescis
3305 3943 3446 4013 quod
3480 3946 3619 4003 sicut
3646 3950 3727 4003 sol
3760 3966 3867 4021 pu-

2268 4038 2361 4077 rus
2393 4025 2653 4090 ascendit,
2685 4028 2755 4080 ita
2785 4037 2839 4082 et
2866 4030 3044 4084 anima
3073 4047 3194 4087 cum
3223 4033 3357 4090 bona
3387 4040 3715 4095 conscientia
3744 4057 3873 4096 Cur-

2270 4131 2367 4185 pus
2393 4118 2725 4188 relinquens,
2755 4121 3040 4191 splendide
3068 4126 3274 4195 fulget?
3306 4126 3423 4183 Non
3454 4146 3578 4186 cum
3610 4142 3758 4189 tanto
3782 4137 3867 4190 si-

2270 4207 2436 4263 lentio
2476 4210 2660 4265 videas
2706 4211 3087 4282 Imperatorem
3135 4220 3437 4278 venientem
3481 4225 3530 4278 in
3560 4226 3862 4295 civitatem,

2273 4310 2473 4367 quanto
2500 4303 2733 4355 animam
2757 4318 2956 4373 corpus
2982 4308 3395 4379 relinquentem,
3422 4324 3475 4369 et
3505 4332 3624 4369 cum
3655 4322 3867 4391 angelis

2270 4395 2574 4450 abeuntem.
2603 4398 2785 4469 Cogita
2807 4416 2925 4469 qua:
2950 4402 3019 4455 sit
3041 4411 3164 4458 tunc
3185 4408 3382 4472 anima,
3410 4408 3459 4461 in
3482 4426 3590 4478 quo
3612 4423 3863 4482 stupore,

2271 4490 2322 4542 in
2351 4506 2454 4559 qua
2480 4490 2861 4560 admiratione,
2891 4496 2940 4549 in
2970 4512 3071 4567 qua
3100 4499 3390 4569 voluptate.
3438 4501 3547 4557 Cur
3570 4546 3587 4570 ,
3632 4522 3819 4575 quarso
3845 4551 3861 4572 ,

2269 4582 2457 4651 luges?
2485 4601 2609 4639 num
2632 4585 2683 4639 in
2709 4590 3076 4654 peccatoribus
3099 4600 3300 4647 tantum
3325 4594 3427 4649 hoc
3446 4596 3574 4655 facis
3594 4598 3619 4650 ?
3643 4595 3864 4657 Utinam

2269 4676 2345 4727 sic
2374 4686 2535 4737 esset,
2572 4693 2675 4731 non
2704 4680 2901 4735 luctum
2932 4683 3270 4751 prohibet-em
3297 4704 3310 4737 :
3338 4688 3537 4743 utinam
3570 4690 3687 4746 talis
3713 4706 3866 4748 ess-t

2270 4767 2493 4837 scapus!
2518 4769 2613 4824 Hic
2642 4772 2811 4826 luctus
2838 4776 3166 4843 apostolicus
3186 4818 3200 4841 ,
3224 4777 3315 4833 hic
3345 4782 3503 4835 etiam
3550 4783 3865 4843 Dominieus

2270 4869 2351 4913 est
2386 4878 2398 4911 :
2446 4862 2673 4931 ploravit
2715 4867 2856 4919 enim
2897 4867 3053 4921 Jesus
3081 4868 3489 4943 Jerosolymam.
3521 4876 3724 4933 Vellem
3761 4881 3866 4939 hac

2270 4952 2386 5023 lege
2416 4953 2647 5009 discerni
2680 4956 2873 5013 luctus.
2914 4959 3137 5026 Quando
3171 4974 3347 5019 autem
3382 4978 3662 5025 revocatus
3693 4974 3863 5031 verba

2269 5048 2518 5101 obtendis
2539 5091 2553 5115 ,
2605 5052 3076 5120 consuetudinem,
3108 5071 3327 5123 curam;
3363 5076 3467 5114 non
3497 5077 3556 5115 ea
3591 5063 3657 5119 de
3690 5080 3863 5124 causa

2270 5138 2418 5209 luges
2440 5180 2457 5206 ,
2490 5140 2582 5194 sed
2610 5142 2885 5196 obtentum
2919 5146 3142 5213 profers.
3189 5149 3336 5221 Luge
3380 5164 3714 5223 peccatorem
3742 5199 3763 5225 ,
3808 5172 3864 5218 ιιι

2268 5248 2366 5302 ego
2408 5233 2673 5305 lacrytuas
2704 5237 2953 5305 fundam;
3001 5242 3108 5297 imo
3152 5254 3299 5300 tanto
3342 5251 3511 5320 magis
3553 5268 3710 5321 quam
3757 5266 3813 5311 tu
3843 5302 3861 5325 ,

2266 5334 2467 5392 quanto
2496 5328 2699 5396 majore
2733 5330 2820 5385 ille
2850 5334 3112 5404 supplicio
3141 5337 3400 5393 obnoxius
3424 5353 3508 5398 est
3545 5362 3558 5399 :
3588 5362 3691 5419 ego
3716 5366 3864 5419 quo-

2266 5430 2371 5485 que
2413 5415 2557 5471 hunc
2601 5419 2801 5475 habens
2829 5438 3093 5493 scopum,
3127 5427 3335 5498 lugebo.
3370 5432 3554 5489 Talem
3583 5415 3863 5500 mortuum

2270 5523 2375 5563 non
2419 5518 2469 5565 te
2497 5510 2666 5564 solum
2694 5554 2709 5578 ,
2750 5515 2843 5569 sed
2891 5525 3053 5570 totam
3086 5518 3359 5577 civitatem
3391 5525 3572 5596 lugere
3600 5542 3817 5600 oportet
3844 5578 3863 5603 ,

2268 5618 2474 5658 necnon
2503 5619 2692 5660 omnes
2720 5620 3097 5675 occurrentes,
3127 5630 3319 5682 nempe
3346 5620 3495 5686 quasi
3523 5635 3638 5685 cos,
3668 5628 3757 5691 qui
3794 5628 3865 5684 ad

2269 5709 2495 5752 mortem
2519 5698 2809 5756 ducuntur.
2843 5702 2980 5757 Vere
3013 5721 3240 5778 namque
3272 5709 3384 5764 ha-c
3412 5714 3547 5767 mals
3580 5730 3723 5769 mors
3752 5729 3866 5787 est,

2269 5804 2414 5844 mors
2445 5802 2807 5861 peccatorum.
2837 5794 2943 5849 Sed
2974 5813 3059 5851 res
3080 5814 3170 5854 sus
3196 5802 3368 5871 deque
3398 5821 3563 5858 versa:
3591 5816 3732 5863 sunt.
3765 5810 3867 5869 llic

2357 5883 2373 5912 ί
2412 5888 2537 5931 (Inus
2558 5883 2670 5933 Cod.
2702 5886 2867 5945 habet,
2896 5888 3088 5952 hymnis
3109 5891 3423 5955 laudibusque
3449 5897 3671 5961 duplum.
