  <div class='ocr_page' id='page_1' title='image "/cluster/home/n/w/nwhite01/storage/ocr_20150623/60/pst.000005712601/173.png"; bbox 0 0 4078 6318; ppageno 0'>
   <div class='ocr_carea' id='block_1_1' title="bbox 437 394 543 447">
    <p class='ocr_par' dir='ltr' id='par_1_1' title="bbox 437 394 543 447">
     <span class='ocr_line' id='line_1_1' title="bbox 437 394 543 447; baseline 0 0"><span class='ocrx_word' id='word_1_1' title='bbox 437 394 543 447; x_wconf 69' lang='grc'>169</span> 
     </span>
    </p>
   </div>
   <div class='ocr_carea' id='block_1_2' title="bbox 435 502 2095 577">
    <p class='ocr_par' dir='ltr' id='par_1_2' title="bbox 435 502 2095 577">
     <span class='ocr_line' id='line_1_2' title="bbox 435 502 2095 577; baseline -0.008 -13"><span class='ocrx_word' id='word_1_2' title='bbox 435 511 571 569; x_wconf 78' lang='grc' dir='ltr'>νοςό</span> <span class='ocrx_word' id='word_1_3' title='bbox 599 506 836 570; x_wconf 86' lang='grc' dir='ltr'>τοιοῦτος</span> <span class='ocrx_word' id='word_1_4' title='bbox 863 525 874 538; x_wconf 84' lang='grc'><em>’</em></span> <span class='ocrx_word' id='word_1_5' title='bbox 908 508 998 561; x_wconf 68' lang='grc' dir='ltr'>καὶ</span> <span class='ocrx_word' id='word_1_6' title='bbox 1045 506 1154 577; x_wconf 81' lang='grc' dir='ltr'>ἐγὼ</span> <span class='ocrx_word' id='word_1_7' title='bbox 1195 507 1448 576; x_wconf 81' lang='grc' dir='ltr'>θρηνήσω</span> <span class='ocrx_word' id='word_1_8' title='bbox 1499 503 1637 575; x_wconf 86' lang='grc' dir='ltr'>μετά</span> <span class='ocrx_word' id='word_1_9' title='bbox 1678 502 1918 555; x_wconf 84' lang='grc' dir='ltr'>τοιούτου</span> <span class='ocrx_word' id='word_1_10' title='bbox 1970 517 2095 552; x_wconf 87' lang='grc' dir='ltr'>σκο-</span> 
     </span>
    </p>
   </div>
   <div class='ocr_carea' id='block_1_3' title="bbox 433 586 2096 665">
    <p class='ocr_par' dir='ltr' id='par_1_3' title="bbox 433 586 2096 665">
     <span class='ocr_line' id='line_1_3' title="bbox 433 586 2096 665; baseline -0.005 -19"><span class='ocrx_word' id='word_1_11' title='bbox 433 595 558 648; x_wconf 84' lang='grc' dir='ltr'>ποῦ.</span> <span class='ocrx_word' id='word_1_12' title='bbox 613 596 684 647; x_wconf 82' lang='grc' dir='ltr'>Οὐ</span> <span class='ocrx_word' id='word_1_13' title='bbox 716 595 773 646; x_wconf 76' lang='grc' dir='ltr'>σὲ</span> <span class='ocrx_word' id='word_1_14' title='bbox 798 594 852 646; x_wconf 83' lang='grc' dir='ltr'>δέ</span> <span class='ocrx_word' id='word_1_15' title='bbox 883 596 1041 665; x_wconf 89' lang='grc' dir='ltr'>μόνον</span> <span class='ocrx_word' id='word_1_16' title='bbox 1066 594 1156 646; x_wconf 78' lang='grc' dir='ltr'>τὸν</span> <span class='ocrx_word' id='word_1_17' title='bbox 1184 593 1424 646; x_wconf 84' lang='grc' dir='ltr'>τοιοῦτον</span> <span class='ocrx_word' id='word_1_18' title='bbox 1454 592 1532 644; x_wconf 78' lang='grc' dir='ltr'>δεῖ</span> <span class='ocrx_word' id='word_1_19' title='bbox 1559 590 1798 659; x_wconf 80' lang='grc' dir='ltr'>θρηνεῖν,</span> <span class='ocrx_word' id='word_1_20' title='bbox 1835 586 1969 639; x_wconf 83' lang='grc' dir='ltr'>ἀλλά</span> <span class='ocrx_word' id='word_1_21' title='bbox 2001 587 2096 638; x_wconf 70' lang='grc' dir='ltr'>καὶ</span> 
     </span>
    </p>
   </div>
   <div class='ocr_carea' id='block_1_4' title="bbox 432 673 2096 744">
    <p class='ocr_par' dir='ltr' id='par_1_4' title="bbox 432 673 2096 744">
     <span class='ocr_line' id='line_1_4' title="bbox 432 673 2096 744; baseline -0.007 -10"><span class='ocrx_word' id='word_1_22' title='bbox 432 687 531 744; x_wconf 80' lang='grc' dir='ltr'>τὴν</span> <span class='ocrx_word' id='word_1_23' title='bbox 562 682 714 734; x_wconf 88' lang='grc' dir='ltr'>πόλιν</span> <span class='ocrx_word' id='word_1_24' title='bbox 738 681 954 736; x_wconf 75' lang='grc' dir='ltr'>ἃπασαν</span> <span class='ocrx_word' id='word_1_25' title='bbox 986 682 1078 734; x_wconf 80' lang='grc' dir='ltr'>καὶ</span> <span class='ocrx_word' id='word_1_26' title='bbox 1106 682 1232 744; x_wconf 73' lang='grc' dir='ltr'>τοὺς</span> <span class='ocrx_word' id='word_1_27' title='bbox 1282 677 1658 738; x_wconf 72' lang='grc' dir='ltr'>ἀπαντῶντας,</span> <span class='ocrx_word' id='word_1_28' title='bbox 1692 673 1942 743; x_wconf 86' lang='grc' dir='ltr'>καθάπερ</span> <span class='ocrx_word' id='word_1_29' title='bbox 1971 675 2096 734; x_wconf 71' lang='grc' dir='ltr'>τοὺς</span> 
     </span>
    </p>
   </div>
   <div class='ocr_carea' id='block_1_5' title="bbox 433 753 2097 840">
    <p class='ocr_par' dir='ltr' id='par_1_5' title="bbox 433 753 2097 840">
     <span class='ocr_line' id='line_1_5' title="bbox 433 753 2097 840; baseline -0.007 -19"><span class='ocrx_word' id='word_1_30' title='bbox 433 769 523 821; x_wconf 65' lang='grc' dir='ltr'>ἐπὶ</span> <span class='ocrx_word' id='word_1_31' title='bbox 556 768 783 822; x_wconf 89' lang='grc' dir='ltr'>θάνατον</span> <span class='ocrx_word' id='word_1_32' title='bbox 813 770 1214 840; x_wconf 77' lang='grc' dir='ltr'>ἀπαγομένους.</span> <span class='ocrx_word' id='word_1_33' title='bbox 1262 769 1465 827; x_wconf 85' lang='grc' dir='ltr'>Ὄντως</span> <span class='ocrx_word' id='word_1_34' title='bbox 1515 764 1624 833; x_wconf 76' lang='grc' dir='ltr'>γάρ</span> <span class='ocrx_word' id='word_1_35' title='bbox 1668 762 1896 822; x_wconf 83' lang='grc' dir='ltr'>θάνατος</span> <span class='ocrx_word' id='word_1_36' title='bbox 1945 753 2097 821; x_wconf 74' lang='grc' dir='ltr'>οὗτός</span> 
     </span>
    </p>
   </div>
   <div class='ocr_carea' id='block_1_6' title="bbox 432 848 2100 929">
    <p class='ocr_par' dir='ltr' id='par_1_6' title="bbox 432 848 2100 929">
     <span class='ocr_line' id='line_1_6' title="bbox 432 848 2100 929; baseline -0.006 -20"><span class='ocrx_word' id='word_1_37' title='bbox 432 860 544 910; x_wconf 86' lang='grc' dir='ltr'>ἐστι</span> <span class='ocrx_word' id='word_1_38' title='bbox 575 857 830 929; x_wconf 63' lang='grc' dir='ltr'>πονηρδς,</span> <span class='ocrx_word' id='word_1_39' title='bbox 854 862 882 911; x_wconf 88' lang='lat'>6</span> <span class='ocrx_word' id='word_1_40' title='bbox 910 858 1014 910; x_wconf 84' lang='grc' dir='ltr'>τῶν</span> <span class='ocrx_word' id='word_1_41' title='bbox 1045 856 1405 928; x_wconf 81' lang='grc' dir='ltr'>ἁμαρτωλῶν.</span> <span class='ocrx_word' id='word_1_42' title='bbox 1470 853 1631 905; x_wconf 86' lang='grc' dir='ltr'>’Λλλά</span> <span class='ocrx_word' id='word_1_43' title='bbox 1682 852 1751 904; x_wconf 86' lang='grc' dir='ltr'>τά</span> <span class='ocrx_word' id='word_1_44' title='bbox 1798 848 1910 902; x_wconf 77' lang='grc' dir='ltr'>ἀνω</span> <span class='ocrx_word' id='word_1_45' title='bbox 1946 848 2100 900; x_wconf 87' lang='grc' dir='ltr'>κάτω</span> 
     </span>
    </p>
   </div>
   <div class='ocr_carea' id='block_1_7' title="bbox 430 934 2099 1016">
    <p class='ocr_par' dir='ltr' id='par_1_7' title="bbox 430 934 2099 1016">
     <span class='ocr_line' id='line_1_7' title="bbox 430 934 2099 1016; baseline -0.007 -19"><span class='ocrx_word' id='word_1_46' title='bbox 430 947 744 1014; x_wconf 85' lang='grc' dir='ltr'>γεγένηται.</span> <span class='ocrx_word' id='word_1_47' title='bbox 799 941 965 1010; x_wconf 79' lang='lat'><strong>0610;</strong></span> <span class='ocrx_word' id='word_1_48' title='bbox 1012 948 1040 999; x_wconf 89' lang='lat'>6</span> <span class='ocrx_word' id='word_1_49' title='bbox 1093 945 1286 1016; x_wconf 83' lang='grc' dir='ltr'>θρῆνος</span> <span class='ocrx_word' id='word_1_50' title='bbox 1335 943 1429 995; x_wconf 73' lang='grc' dir='ltr'>καὶ</span> <span class='ocrx_word' id='word_1_51' title='bbox 1481 940 1799 1009; x_wconf 72' lang='grc' dir='ltr'>φιλοσοφίας</span> <span class='ocrx_word' id='word_1_52' title='bbox 1829 937 1968 1001; x_wconf 81' lang='grc' dir='ltr'>ἐστὶ,</span> <span class='ocrx_word' id='word_1_53' title='bbox 2004 934 2099 988; x_wconf 76' lang='grc' dir='ltr'>καὶ</span> 
     </span>
    </p>
   </div>
   <div class='ocr_carea' id='block_1_8' title="bbox 428 1023 2098 1104">
    <p class='ocr_par' dir='ltr' id='par_1_8' title="bbox 428 1023 2098 1104">
     <span class='ocr_line' id='line_1_8' title="bbox 428 1023 2098 1104; baseline -0.005 -22"><span class='ocrx_word' id='word_1_54' title='bbox 428 1033 774 1086; x_wconf 78' lang='grc' dir='ltr'>διδασκαλίαν</span> <span class='ocrx_word' id='word_1_55' title='bbox 823 1033 932 1104; x_wconf 77' lang='grc' dir='ltr'>ἔχει</span> <span class='ocrx_word' id='word_1_56' title='bbox 987 1032 1217 1099; x_wconf 80' lang='grc' dir='ltr'>πολλήν·</span> <span class='ocrx_word' id='word_1_57' title='bbox 1268 1031 1473 1090; x_wconf 87' lang='grc' dir='ltr'>ἐκεῖνος</span> <span class='ocrx_word' id='word_1_58' title='bbox 1503 1028 1558 1080; x_wconf 83' lang='grc' dir='ltr'>δέ</span> <span class='ocrx_word' id='word_1_59' title='bbox 1591 1023 1974 1098; x_wconf 68' lang='grc' dir='ltr'>μικροψυχίας.</span> <span class='ocrx_word' id='word_1_60' title='bbox 2036 1023 2098 1075; x_wconf 85' lang='grc' dir='ltr'>Εί</span> 
     </span>
    </p>
   </div>
   <div class='ocr_carea' id='block_1_9' title="bbox 431 1113 2101 1192">
    <p class='ocr_par' dir='ltr' id='par_1_9' title="bbox 431 1113 2101 1192">
     <span class='ocr_line' id='line_1_9' title="bbox 431 1113 2101 1192; baseline -0.002 -22"><span class='ocrx_word' id='word_1_61' title='bbox 431 1121 764 1192; x_wconf 80' lang='grc' dir='ltr'>ἐθρηνοῦμεν</span> <span class='ocrx_word' id='word_1_62' title='bbox 794 1121 982 1173; x_wconf 88' lang='grc' dir='ltr'>τοῦτον</span> <span class='ocrx_word' id='word_1_63' title='bbox 1002 1121 1092 1172; x_wconf 81' lang='lat' dir='ltr'><strong>16v</strong></span> <span class='ocrx_word' id='word_1_64' title='bbox 1121 1119 1320 1189; x_wconf 78' lang='grc' dir='ltr'>θρῆνον</span> <span class='ocrx_word' id='word_1_65' title='bbox 1345 1120 1602 1181; x_wconf 77' lang='grc' dir='ltr'>ᾶπαντες,</span> <span class='ocrx_word' id='word_1_66' title='bbox 1645 1115 1849 1178; x_wconf 82' lang='grc' dir='ltr'>ζῶντας</span> <span class='ocrx_word' id='word_1_67' title='bbox 1881 1113 1948 1167; x_wconf 80' lang='grc' dir='ltr'>ἂν</span> <span class='ocrx_word' id='word_1_68' title='bbox 2003 1114 2101 1167; x_wconf 86' lang='grc' dir='ltr'>αὑ·-</span> 
     </span>
    </p>
   </div>
   <div class='ocr_carea' id='block_1_10' title="bbox 427 1199 2098 1278">
    <p class='ocr_par' dir='ltr' id='par_1_10' title="bbox 427 1199 2098 1278">
     <span class='ocr_line' id='line_1_10' title="bbox 427 1199 2098 1278; baseline -0.005 -18"><span class='ocrx_word' id='word_1_69' title='bbox 427 1210 551 1269; x_wconf 72' lang='grc' dir='ltr'>τοϋς</span> <span class='ocrx_word' id='word_1_70' title='bbox 582 1209 987 1278; x_wconf 85' lang='grc' dir='ltr'>διωρθώσαμεν.</span> <span class='ocrx_word' id='word_1_71' title='bbox 1021 1207 1233 1277; x_wconf 81' lang='grc' dir='ltr'>Ὠσπερ</span> <span class='ocrx_word' id='word_1_72' title='bbox 1263 1203 1355 1259; x_wconf 74' lang='grc' dir='ltr'>οὖν</span> <span class='ocrx_word' id='word_1_73' title='bbox 1391 1207 1438 1257; x_wconf 82' lang='grc' dir='ltr'>εξ</span> <span class='ocrx_word' id='word_1_74' title='bbox 1468 1204 1656 1272; x_wconf 82' lang='grc' dir='ltr'>κύριος</span> <span class='ocrx_word' id='word_1_75' title='bbox 1690 1216 1715 1243; x_wconf 70' lang='grc' dir='ltr'>α</span> <span class='ocrx_word' id='word_1_76' title='bbox 1740 1199 1806 1272; x_wconf 77' lang='grc' dir='ltr'>ἧς</span> <span class='ocrx_word' id='word_1_77' title='bbox 1831 1202 2098 1270; x_wconf 82' lang='grc' dir='ltr'>φάρμακα</span> 
     </span>
    </p>
   </div>
   <div class='ocr_carea' id='block_1_11' title="bbox 429 1291 2100 1362">
    <p class='ocr_par' dir='ltr' id='par_1_11' title="bbox 429 1291 2100 1362">
     <span class='ocr_line' id='line_1_11' title="bbox 429 1291 2100 1362; baseline -0.005 -14"><span class='ocrx_word' id='word_1_78' title='bbox 429 1297 744 1362; x_wconf 75' lang='grc' dir='ltr'>ἐπενεγκεῖν</span> <span class='ocrx_word' id='word_1_79' title='bbox 800 1293 1078 1347; x_wconf 87' lang='grc' dir='ltr'>κωλύοντα</span> <span class='ocrx_word' id='word_1_80' title='bbox 1125 1295 1216 1346; x_wconf 81' lang='grc' dir='ltr'>τὸν</span> <span class='ocrx_word' id='word_1_81' title='bbox 1249 1294 1475 1346; x_wconf 82' lang='grc' dir='ltr'>θάνατον</span> <span class='ocrx_word' id='word_1_82' title='bbox 1513 1294 1718 1344; x_wconf 84' lang='grc' dir='ltr'>ἐκεῖνον</span> <span class='ocrx_word' id='word_1_83' title='bbox 1751 1291 1839 1342; x_wconf 85' lang='lat' dir='ltr'><strong>16v</strong></span> <span class='ocrx_word' id='word_1_84' title='bbox 1868 1306 2100 1358; x_wconf 83' lang='grc' dir='ltr'>σωματι-</span> 
     </span>
    </p>
   </div>
   <div class='ocr_carea' id='block_1_12' title="bbox 431 1376 2098 1450">
    <p class='ocr_par' dir='ltr' id='par_1_12' title="bbox 431 1376 2098 1450">
     <span class='ocr_line' id='line_1_12' title="bbox 431 1376 2098 1450; baseline -0.004 -16"><span class='ocrx_word' id='word_1_85' title='bbox 431 1383 542 1443; x_wconf 84' lang='grc' dir='ltr'>κὸν,</span> <span class='ocrx_word' id='word_1_86' title='bbox 568 1383 824 1450; x_wconf 87' lang='grc' dir='ltr'>ἐποίησας</span> <span class='ocrx_word' id='word_1_87' title='bbox 851 1382 916 1434; x_wconf 80' lang='grc' dir='ltr'>ἀν</span> <span class='ocrx_word' id='word_1_88' title='bbox 941 1397 955 1411; x_wconf 87' lang='grc'><strong>·</strong></span> <span class='ocrx_word' id='word_1_89' title='bbox 982 1379 1124 1434; x_wconf 74' lang='grc' dir='ltr'>οὕτω</span> <span class='ocrx_word' id='word_1_90' title='bbox 1161 1382 1251 1433; x_wconf 71' lang='grc' dir='ltr'>καὶ</span> <span class='ocrx_word' id='word_1_91' title='bbox 1293 1378 1405 1442; x_wconf 89' lang='grc' dir='ltr'>νῦν,</span> <span class='ocrx_word' id='word_1_92' title='bbox 1442 1379 1494 1430; x_wconf 83' lang='grc' dir='ltr'>εῐ</span> <span class='ocrx_word' id='word_1_93' title='bbox 1522 1395 1585 1446; x_wconf 88' lang='grc' dir='ltr'>γε</span> <span class='ocrx_word' id='word_1_94' title='bbox 1616 1376 1803 1430; x_wconf 89' lang='grc' dir='ltr'>τοῦτον</span> <span class='ocrx_word' id='word_1_95' title='bbox 1851 1376 2098 1445; x_wconf 84' lang='grc' dir='ltr'>ἐθρήνεις</span> 
     </span>
    </p>
   </div>
   <div class='ocr_carea' id='block_1_13' title="bbox 425 1464 2096 1532">
    <p class='ocr_par' dir='ltr' id='par_1_13' title="bbox 425 1464 2096 1532">
     <span class='ocr_line' id='line_1_13' title="bbox 425 1464 2096 1532; baseline -0.004 -11"><span class='ocrx_word' id='word_1_96' title='bbox 425 1470 518 1521; x_wconf 79' lang='lat' dir='ltr'><strong>16v</strong></span> <span class='ocrx_word' id='word_1_97' title='bbox 545 1469 794 1532; x_wconf 85' lang='grc' dir='ltr'>θάνατον,</span> <span class='ocrx_word' id='word_1_98' title='bbox 828 1467 1104 1528; x_wconf 83' lang='grc' dir='ltr'>ἐκώλυσας</span> <span class='ocrx_word' id='word_1_99' title='bbox 1133 1467 1197 1519; x_wconf 84' lang='grc' dir='ltr'>ἂν</span> <span class='ocrx_word' id='word_1_100' title='bbox 1227 1465 1316 1518; x_wconf 68' lang='grc' dir='ltr'>καὶ</span> <span class='ocrx_word' id='word_1_101' title='bbox 1349 1466 1441 1517; x_wconf 76' lang='grc' dir='ltr'>ἐπὶ</span> <span class='ocrx_word' id='word_1_102' title='bbox 1475 1466 1590 1528; x_wconf 89' lang='grc' dir='ltr'>σοῦ,</span> <span class='ocrx_word' id='word_1_103' title='bbox 1626 1465 1720 1517; x_wconf 79' lang='grc' dir='ltr'>καὶ</span> <span class='ocrx_word' id='word_1_104' title='bbox 1754 1465 1838 1516; x_wconf 83' lang='grc' dir='ltr'>ἐπ’</span> <span class='ocrx_word' id='word_1_105' title='bbox 1886 1464 2096 1515; x_wconf 89' lang='grc' dir='ltr'>ἐκείνου</span> 
     </span>
    </p>
   </div>
   <div class='ocr_carea' id='block_1_14' title="bbox 427 1552 2100 1624">
    <p class='ocr_par' dir='ltr' id='par_1_14' title="bbox 427 1552 2100 1624">
     <span class='ocr_line' id='line_1_14' title="bbox 427 1552 2100 1624; baseline -0.004 -15"><span class='ocrx_word' id='word_1_106' title='bbox 427 1557 584 1609; x_wconf 86' lang='grc' dir='ltr'>τοῦτο</span> <span class='ocrx_word' id='word_1_107' title='bbox 607 1557 877 1624; x_wconf 84' lang='grc' dir='ltr'>γενέσθαι.</span> <span class='ocrx_word' id='word_1_108' title='bbox 903 1556 1016 1609; x_wconf 86' lang='grc' dir='ltr'>Νῦν</span> <span class='ocrx_word' id='word_1_109' title='bbox 1039 1556 1096 1606; x_wconf 87' lang='grc' dir='ltr'>δέ</span> <span class='ocrx_word' id='word_1_110' title='bbox 1129 1555 1358 1624; x_wconf 71' lang='grc' dir='ltr'>αἴνιγμά</span> <span class='ocrx_word' id='word_1_111' title='bbox 1387 1555 1501 1606; x_wconf 79' lang='grc' dir='ltr'>ἐστι</span> <span class='ocrx_word' id='word_1_112' title='bbox 1533 1553 1594 1604; x_wconf 86' lang='grc' dir='ltr'>τὸ</span> <span class='ocrx_word' id='word_1_113' title='bbox 1640 1552 1921 1622; x_wconf 87' lang='grc' dir='ltr'>γινόμενον</span> <span class='ocrx_word' id='word_1_114' title='bbox 1941 1569 1954 1581; x_wconf 90' lang='grc'><strong>·</strong></span> <span class='ocrx_word' id='word_1_115' title='bbox 2012 1568 2100 1603; x_wconf 87' lang='grc' dir='ltr'>κυ-</span> 
     </span>
    </p>
   </div>
   <div class='ocr_carea' id='block_1_15' title="bbox 433 1640 2098 1713">
    <p class='ocr_par' dir='ltr' id='par_1_15' title="bbox 433 1640 2098 1713">
     <span class='ocr_line' id='line_1_15' title="bbox 433 1640 2098 1713; baseline -0.002 -20"><span class='ocrx_word' id='word_1_116' title='bbox 433 1644 578 1713; x_wconf 84' lang='grc' dir='ltr'>ρίους</span> <span class='ocrx_word' id='word_1_117' title='bbox 617 1643 712 1712; x_wconf 78' lang='grc' dir='ltr'>μὲν</span> <span class='ocrx_word' id='word_1_118' title='bbox 738 1643 894 1706; x_wconf 75' lang='grc' dir='ltr'>ὄντας</span> <span class='ocrx_word' id='word_1_119' title='bbox 927 1643 1001 1713; x_wconf 83' lang='grc' dir='ltr'>μὴ</span> <span class='ocrx_word' id='word_1_120' title='bbox 1031 1643 1380 1712; x_wconf 80' lang='grc' dir='ltr'>συγχωρῆσαι</span> <span class='ocrx_word' id='word_1_121' title='bbox 1405 1641 1592 1695; x_wconf 88' lang='grc' dir='ltr'>τοῦτον</span> <span class='ocrx_word' id='word_1_122' title='bbox 1623 1640 1886 1700; x_wconf 85' lang='grc' dir='ltr'>ἐπελθεῖν,</span> <span class='ocrx_word' id='word_1_123' title='bbox 1941 1641 2098 1707; x_wconf 82' lang='grc' dir='ltr'>ἀφεῖ-</span> 
     </span>
    </p>
   </div>
   <div class='ocr_carea' id='block_1_16' title="bbox 430 1727 2099 1800">
    <p class='ocr_par' dir='ltr' id='par_1_16' title="bbox 430 1727 2099 1800">
     <span class='ocr_line' id='line_1_16' title="bbox 430 1727 2099 1800; baseline -0.003 -17"><span class='ocrx_word' id='word_1_124' title='bbox 430 1751 515 1784; x_wconf 90' lang='grc' dir='ltr'>ναι</span> <span class='ocrx_word' id='word_1_125' title='bbox 560 1730 828 1799; x_wconf 83' lang='grc' dir='ltr'>γενέσθαι,</span> <span class='ocrx_word' id='word_1_126' title='bbox 874 1731 1166 1800; x_wconf 84' lang='grc' dir='ltr'>γενόμενον</span> <span class='ocrx_word' id='word_1_127' title='bbox 1222 1731 1276 1782; x_wconf 78' lang='grc' dir='ltr'>δὲ</span> <span class='ocrx_word' id='word_1_128' title='bbox 1336 1729 1570 1782; x_wconf 77' lang='grc' dir='ltr'>πενθεῖν.</span> <span class='ocrx_word' id='word_1_129' title='bbox 1619 1730 1827 1788; x_wconf 85' lang='grc' dir='ltr'>Ὄντως</span> <span class='ocrx_word' id='word_1_130' title='bbox 1886 1727 2099 1798; x_wconf 78' lang='grc' dir='ltr'>θρήνων</span> 
     </span>
    </p>
   </div>
   <div class='ocr_carea' id='block_1_17' title="bbox 429 1809 2099 1888">
    <p class='ocr_par' dir='ltr' id='par_1_17' title="bbox 429 1809 2099 1888">
     <span class='ocr_line' id='line_1_17' title="bbox 429 1809 2099 1888; baseline -0.004 -17"><span class='ocrx_word' id='word_1_131' title='bbox 429 1820 588 1884; x_wconf 79' lang='grc' dir='ltr'>ἄξιοι,</span> <span class='ocrx_word' id='word_1_132' title='bbox 626 1819 753 1872; x_wconf 78' lang='grc' dir='ltr'>ὅταν</span> <span class='ocrx_word' id='word_1_133' title='bbox 815 1817 1137 1888; x_wconf 82' lang='grc' dir='ltr'>παραστῶσι</span> <span class='ocrx_word' id='word_1_134' title='bbox 1191 1819 1267 1887; x_wconf 80' lang='grc' dir='ltr'>τῷ</span> <span class='ocrx_word' id='word_1_135' title='bbox 1324 1817 1523 1887; x_wconf 82' lang='grc' dir='ltr'>βήματι</span> <span class='ocrx_word' id='word_1_136' title='bbox 1576 1815 1670 1868; x_wconf 86' lang='grc' dir='ltr'>τοῦ</span> <span class='ocrx_word' id='word_1_137' title='bbox 1719 1815 1976 1884; x_wconf 75' lang='grc' dir='ltr'>Χριστοῦ,</span> <span class='ocrx_word' id='word_1_138' title='bbox 2011 1809 2099 1866; x_wconf 73' lang='grc' dir='ltr'>οἷα</span> 
     </span>
    </p>
   </div>
   <div class='ocr_carea' id='block_1_18' title="bbox 428 1899 2096 1976">
    <p class='ocr_par' dir='ltr' id='par_1_18' title="bbox 428 1899 2096 1976">
     <span class='ocr_line' id='line_1_18' title="bbox 428 1899 2096 1976; baseline -0.003 -19"><span class='ocrx_word' id='word_1_139' title='bbox 428 1906 748 1960; x_wconf 86' lang='grc' dir='ltr'>ἀκούσονται</span> <span class='ocrx_word' id='word_1_140' title='bbox 786 1907 1037 1976; x_wconf 78' lang='grc' dir='ltr'>ρήματα;</span> <span class='ocrx_word' id='word_1_141' title='bbox 1093 1899 1178 1957; x_wconf 73' lang='grc' dir='ltr'>οἶα</span> <span class='ocrx_word' id='word_1_142' title='bbox 1245 1907 1518 1957; x_wconf 90' lang='grc' dir='ltr'>πείσονται</span> <span class='ocrx_word' id='word_1_143' title='bbox 1587 1903 1921 1973; x_wconf 87' lang='grc' dir='ltr'>πράγματα;</span> <span class='ocrx_word' id='word_1_144' title='bbox 1962 1899 2096 1969; x_wconf 78' lang='grc' dir='ltr'>Είκῆ</span> 
     </span>
    </p>
   </div>
   <div class='ocr_carea' id='block_1_19' title="bbox 428 1987 2094 2062">
    <p class='ocr_par' dir='ltr' id='par_1_19' title="bbox 428 1987 2094 2062">
     <span class='ocr_line' id='line_1_19' title="bbox 428 1987 2094 2062; baseline -0.001 -18"><span class='ocrx_word' id='word_1_145' title='bbox 428 1993 626 2062; x_wconf 77' lang='grc' dir='ltr'>ἔζησαν</span> <span class='ocrx_word' id='word_1_146' title='bbox 659 1987 801 2046; x_wconf 71' lang='grc' dir='ltr'>οὗτοι</span> <span class='ocrx_word' id='word_1_147' title='bbox 823 2008 834 2020; x_wconf 74' lang='grc'><strong><em>⁸</em></strong></span> <span class='ocrx_word' id='word_1_148' title='bbox 881 1992 1081 2062; x_wconf 83' lang='grc' dir='ltr'>μᾶλλον</span> <span class='ocrx_word' id='word_1_149' title='bbox 1112 1992 1167 2044; x_wconf 80' lang='grc' dir='ltr'>δὲ</span> <span class='ocrx_word' id='word_1_150' title='bbox 1192 1993 1290 2044; x_wconf 84' lang='grc' dir='ltr'>ούκ</span> <span class='ocrx_word' id='word_1_151' title='bbox 1322 1991 1465 2060; x_wconf 88' lang='grc' dir='ltr'>είκῆ,</span> <span class='ocrx_word' id='word_1_152' title='bbox 1503 1991 1638 2044; x_wconf 83' lang='grc' dir='ltr'>ἀλλά</span> <span class='ocrx_word' id='word_1_153' title='bbox 1666 1991 1760 2043; x_wconf 78' lang='grc' dir='ltr'>καὶ</span> <span class='ocrx_word' id='word_1_154' title='bbox 1789 1991 1879 2042; x_wconf 76' lang='grc' dir='ltr'>ἐπὶ</span> <span class='ocrx_word' id='word_1_155' title='bbox 1919 1987 2094 2057; x_wconf 81' lang='grc' dir='ltr'>κακῷ.</span> 
     </span>
    </p>
   </div>
   <div class='ocr_carea' id='block_1_20' title="bbox 431 2074 2094 2150">
    <p class='ocr_par' dir='ltr' id='par_1_20' title="bbox 431 2074 2094 2150">
     <span class='ocr_line' id='line_1_20' title="bbox 431 2074 2094 2150; baseline -0.002 -19"><span class='ocrx_word' id='word_1_156' title='bbox 431 2081 536 2132; x_wconf 74' lang='grc' dir='ltr'>Καὶ</span> <span class='ocrx_word' id='word_1_157' title='bbox 565 2080 655 2132; x_wconf 78' lang='grc' dir='ltr'>ἐπὶ</span> <span class='ocrx_word' id='word_1_158' title='bbox 684 2080 886 2132; x_wconf 87' lang='grc' dir='ltr'>τούτων</span> <span class='ocrx_word' id='word_1_159' title='bbox 917 2079 1174 2150; x_wconf 72' lang='grc' dir='ltr'>εὔκαιρον</span> <span class='ocrx_word' id='word_1_160' title='bbox 1209 2082 1380 2133; x_wconf 83' lang='grc' dir='ltr'>εἰπεῖν</span> <span class='ocrx_word' id='word_1_161' title='bbox 1408 2097 1419 2108; x_wconf 90' lang='grc'><strong>·</strong></span> <span class='ocrx_word' id='word_1_162' title='bbox 1463 2079 1748 2150; x_wconf 86' lang='grc' dir='ltr'>Συμφέρον</span> <span class='ocrx_word' id='word_1_163' title='bbox 1789 2074 1858 2150; x_wconf 82' lang='grc' dir='ltr'>ἦν</span> <span class='ocrx_word' id='word_1_164' title='bbox 1890 2078 2094 2140; x_wconf 70' lang='grc' dir='ltr'>αὐτοῖς,</span> 
     </span>
    </p>
   </div>
   <div class='ocr_carea' id='block_1_21' title="bbox 430 2166 2100 2238">
    <p class='ocr_par' dir='ltr' id='par_1_21' title="bbox 430 2166 2100 2238">
     <span class='ocr_line' id='line_1_21' title="bbox 430 2166 2100 2238; baseline -0.001 -21"><span class='ocrx_word' id='word_1_165' title='bbox 430 2168 475 2217; x_wconf 84' lang='grc' dir='ltr'>εί</span> <span class='ocrx_word' id='word_1_166' title='bbox 501 2167 598 2218; x_wconf 84' lang='grc' dir='ltr'>οῦκ</span> <span class='ocrx_word' id='word_1_167' title='bbox 625 2166 1012 2236; x_wconf 82' lang='grc' dir='ltr'>ἐγεννήθησαν.</span> <span class='ocrx_word' id='word_1_168' title='bbox 1053 2166 1117 2218; x_wconf 88' lang='grc' dir='ltr'>Τί</span> <span class='ocrx_word' id='word_1_169' title='bbox 1141 2166 1249 2238; x_wconf 85' lang='grc' dir='ltr'>γὰρ</span> <span class='ocrx_word' id='word_1_170' title='bbox 1277 2167 1489 2235; x_wconf 72' lang='grc' dir='ltr'>ὄφελος,</span> <span class='ocrx_word' id='word_1_171' title='bbox 1540 2167 1658 2219; x_wconf 73' lang='grc' dir='ltr'>εἰπέ</span> <span class='ocrx_word' id='word_1_172' title='bbox 1701 2184 1812 2238; x_wconf 88' lang='grc' dir='ltr'>μοι,</span> <span class='ocrx_word' id='word_1_173' title='bbox 1848 2166 2100 2219; x_wconf 86' lang='grc' dir='ltr'>τοσοῦτον</span> 
     </span>
    </p>
   </div>
   <div class='ocr_carea' id='block_1_22' title="bbox 428 2253 2100 2324">
    <p class='ocr_par' dir='ltr' id='par_1_22' title="bbox 428 2253 2100 2324">
     <span class='ocr_line' id='line_1_22' title="bbox 428 2253 2100 2324; baseline 0 -19"><span class='ocrx_word' id='word_1_174' title='bbox 428 2253 699 2305; x_wconf 85' lang='grc' dir='ltr'>ἀναλῶσαι</span> <span class='ocrx_word' id='word_1_175' title='bbox 732 2254 920 2322; x_wconf 84' lang='grc' dir='ltr'>χρόνον</span> <span class='ocrx_word' id='word_1_176' title='bbox 952 2254 1044 2305; x_wconf 78' lang='grc' dir='ltr'>ἐπὶ</span> <span class='ocrx_word' id='word_1_177' title='bbox 1072 2254 1228 2324; x_wconf 81' lang='grc' dir='ltr'>κακῷ</span> <span class='ocrx_word' id='word_1_178' title='bbox 1257 2255 1355 2323; x_wconf 78' lang='grc' dir='ltr'>τῆς</span> <span class='ocrx_word' id='word_1_179' title='bbox 1376 2255 1582 2306; x_wconf 78' lang='grc' dir='ltr'>ἑαυτῶν</span> <span class='ocrx_word' id='word_1_180' title='bbox 1609 2255 1880 2324; x_wconf 74' lang='grc' dir='ltr'>κεφαλῆς;</span> <span class='ocrx_word' id='word_1_181' title='bbox 1911 2254 1972 2305; x_wconf 84' lang='grc' dir='ltr'><strong>Εἰ</strong></span> <span class='ocrx_word' id='word_1_182' title='bbox 1993 2253 2100 2322; x_wconf 81' lang='grc' dir='ltr'>γὰρ</span> 
     </span>
    </p>
   </div>
   <div class='ocr_carea' id='block_1_23' title="bbox 427 2338 2098 2411">
    <p class='ocr_par' dir='ltr' id='par_1_23' title="bbox 427 2338 2098 2411">
     <span class='ocr_line' id='line_1_23' title="bbox 427 2338 2098 2411; baseline -0.002 -19"><span class='ocrx_word' id='word_1_183' title='bbox 427 2343 545 2407; x_wconf 86' lang='grc' dir='ltr'>είκῆ</span> <span class='ocrx_word' id='word_1_184' title='bbox 581 2338 737 2410; x_wconf 88' lang='grc' dir='ltr'>μόνον</span> <span class='ocrx_word' id='word_1_185' title='bbox 758 2339 1021 2402; x_wconf 80' lang='grc' dir='ltr'>ἀνάλωτο,</span> <span class='ocrx_word' id='word_1_186' title='bbox 1048 2341 1147 2392; x_wconf 73' lang='grc' dir='ltr'>οὐκ</span> <span class='ocrx_word' id='word_1_187' title='bbox 1183 2341 1247 2393; x_wconf 85' lang='grc' dir='ltr'>ἀν</span> <span class='ocrx_word' id='word_1_188' title='bbox 1277 2342 1510 2411; x_wconf 76' lang='grc' dir='ltr'>ἢρκεσεν</span> <span class='ocrx_word' id='word_1_189' title='bbox 1531 2343 1564 2411; x_wconf 80' lang='grc' dir='ltr'>ἡ</span> <span class='ocrx_word' id='word_1_190' title='bbox 1590 2340 1782 2411; x_wconf 77' lang='grc' dir='ltr'>ζημία.</span> <span class='ocrx_word' id='word_1_191' title='bbox 1829 2341 1961 2392; x_wconf 80' lang='grc' dir='ltr'>Εἰπέ</span> <span class='ocrx_word' id='word_1_192' title='bbox 1988 2356 2098 2408; x_wconf 89' lang='grc' dir='ltr'>μοι,</span> 
     </span>
    </p>
   </div>
   <div class='ocr_carea' id='block_1_24' title="bbox 427 2427 2100 2497">
    <p class='ocr_par' dir='ltr' id='par_1_24' title="bbox 427 2427 2100 2497">
     <span class='ocr_line' id='line_1_24' title="bbox 427 2427 2100 2497; baseline -0.002 -18"><span class='ocrx_word' id='word_1_193' title='bbox 427 2429 590 2490; x_wconf 79' lang='grc' dir='ltr'>εἴτις</span> <span class='ocrx_word' id='word_1_194' title='bbox 640 2427 908 2496; x_wconf 76' lang='grc' dir='ltr'>μισθωτὸς</span> <span class='ocrx_word' id='word_1_195' title='bbox 955 2427 1246 2497; x_wconf 87' lang='grc' dir='ltr'>γενόμενος</span> <span class='ocrx_word' id='word_1_196' title='bbox 1294 2429 1501 2480; x_wconf 75' lang='grc' dir='ltr'>εἴκοσιν</span> <span class='ocrx_word' id='word_1_197' title='bbox 1549 2428 1644 2496; x_wconf 82' lang='grc' dir='ltr'>ἐτη</span> <span class='ocrx_word' id='word_1_198' title='bbox 1703 2429 2100 2480; x_wconf 83' lang='grc' dir='ltr'>κατακόπτοιτο</span> 
     </span>
    </p>
   </div>
   <div class='ocr_carea' id='block_1_25' title="bbox 429 2512 2098 2584">
    <p class='ocr_par' dir='ltr' id='par_1_25' title="bbox 429 2512 2098 2584">
     <span class='ocr_line' id='line_1_25' title="bbox 429 2512 2098 2584; baseline -0.002 -20"><span class='ocrx_word' id='word_1_199' title='bbox 429 2514 571 2584; x_wconf 81' lang='grc' dir='ltr'>εἰκῆ,</span> <span class='ocrx_word' id='word_1_200' title='bbox 612 2515 672 2566; x_wconf 82' lang='grc' dir='ltr'>ού</span> <span class='ocrx_word' id='word_1_201' title='bbox 731 2515 1023 2566; x_wconf 88' lang='grc' dir='ltr'>κλαύσεται</span> <span class='ocrx_word' id='word_1_202' title='bbox 1067 2515 1160 2566; x_wconf 71' lang='grc' dir='ltr'>καὶ</span> <span class='ocrx_word' id='word_1_203' title='bbox 1203 2513 1484 2583; x_wconf 85' lang='grc' dir='ltr'>θρηνήσει,</span> <span class='ocrx_word' id='word_1_204' title='bbox 1540 2515 1633 2567; x_wconf 73' lang='grc' dir='ltr'>καὶ</span> <span class='ocrx_word' id='word_1_205' title='bbox 1679 2512 1821 2576; x_wconf 80' lang='grc' dir='ltr'>δόξει</span> <span class='ocrx_word' id='word_1_206' title='bbox 1881 2512 2098 2566; x_wconf 90' lang='grc' dir='ltr'>πάντων</span> 
     </span>
    </p>
   </div>
   <div class='ocr_carea' id='block_1_26' title="bbox 428 2594 2096 2674">
    <p class='ocr_par' dir='ltr' id='par_1_26' title="bbox 428 2594 2096 2674">
     <span class='ocr_line' id='line_1_26' title="bbox 428 2594 2096 2674; baseline -0.001 -20"><span class='ocrx_word' id='word_1_207' title='bbox 428 2602 784 2674; x_wconf 87' lang='grc' dir='ltr'>ἐλεεινότερος</span> <span class='ocrx_word' id='word_1_208' title='bbox 826 2597 998 2665; x_wconf 84' lang='grc' dir='ltr'>εἷναι;</span> <span class='ocrx_word' id='word_1_209' title='bbox 1042 2602 1153 2665; x_wconf 74' lang='grc' dir='ltr'>Καὶ</span> <span class='ocrx_word' id='word_1_210' title='bbox 1203 2594 1356 2663; x_wconf 75' lang='grc' dir='ltr'>οὗτος</span> <span class='ocrx_word' id='word_1_211' title='bbox 1399 2603 1578 2654; x_wconf 79' lang='grc' dir='ltr'>πᾶσαν</span> <span class='ocrx_word' id='word_1_212' title='bbox 1626 2602 1722 2672; x_wconf 77' lang='grc' dir='ltr'>τὴν</span> <span class='ocrx_word' id='word_1_213' title='bbox 1784 2601 1926 2670; x_wconf 77' lang='grc' dir='ltr'>ζωὴν</span> <span class='ocrx_word' id='word_1_214' title='bbox 1973 2601 2096 2670; x_wconf 81' lang='grc' dir='ltr'>είκῆ</span> 
     </span>
    </p>
   </div>
   <div class='ocr_carea' id='block_1_27' title="bbox 429 2688 2098 2760">
    <p class='ocr_par' dir='ltr' id='par_1_27' title="bbox 429 2688 2098 2760">
     <span class='ocr_line' id='line_1_27' title="bbox 429 2688 2098 2760; baseline 0.001 -19"><span class='ocrx_word' id='word_1_215' title='bbox 429 2689 727 2757; x_wconf 78' lang='grc' dir='ltr'>κατεκόπη,</span> <span class='ocrx_word' id='word_1_216' title='bbox 769 2690 891 2743; x_wconf 83' lang='grc' dir='ltr'>οὺδέ</span> <span class='ocrx_word' id='word_1_217' title='bbox 923 2691 1054 2758; x_wconf 87' lang='grc' dir='ltr'>μίαν</span> <span class='ocrx_word' id='word_1_218' title='bbox 1084 2689 1299 2760; x_wconf 78' lang='grc' dir='ltr'>ἡμέραν</span> <span class='ocrx_word' id='word_1_219' title='bbox 1367 2689 1562 2759; x_wconf 77' lang='grc' dir='ltr'>ἔζησεν</span> <span class='ocrx_word' id='word_1_220' title='bbox 1611 2688 1808 2757; x_wconf 78' lang='grc' dir='ltr'>ἐαυτῷ,</span> <span class='ocrx_word' id='word_1_221' title='bbox 1853 2689 1987 2742; x_wconf 82' lang='grc' dir='ltr'>ἀλλά</span> <span class='ocrx_word' id='word_1_222' title='bbox 2031 2691 2098 2757; x_wconf 80' lang='grc' dir='ltr'>τῇ</span> 
     </span>
    </p>
   </div>
   <div class='ocr_carea' id='block_1_28' title="bbox 429 2776 2101 2847">
    <p class='ocr_par' dir='ltr' id='par_1_28' title="bbox 429 2776 2101 2847">
     <span class='ocr_line' id='line_1_28' title="bbox 429 2776 2101 2847; baseline -0.001 -21"><span class='ocrx_word' id='word_1_223' title='bbox 429 2779 627 2846; x_wconf 83' lang='grc' dir='ltr'>τρυφῇ,</span> <span class='ocrx_word' id='word_1_224' title='bbox 659 2779 723 2846; x_wconf 83' lang='grc' dir='ltr'>τῇ</span> <span class='ocrx_word' id='word_1_225' title='bbox 775 2777 1052 2846; x_wconf 67' lang='grc' dir='ltr'>ἀσελγείᾳ,</span> <span class='ocrx_word' id='word_1_226' title='bbox 1103 2780 1167 2846; x_wconf 82' lang='grc' dir='ltr'>τῇ</span> <span class='ocrx_word' id='word_1_227' title='bbox 1230 2776 1536 2847; x_wconf 77' lang='grc' dir='ltr'>πλεονεξίᾳ,</span> <span class='ocrx_word' id='word_1_228' title='bbox 1586 2779 1652 2846; x_wconf 81' lang='grc' dir='ltr'>τῇ</span> <span class='ocrx_word' id='word_1_229' title='bbox 1703 2776 1967 2846; x_wconf 80' lang='grc' dir='ltr'>ἁμαρτίᾳ,</span> <span class='ocrx_word' id='word_1_230' title='bbox 2021 2776 2101 2844; x_wconf 82' lang='grc' dir='ltr'>τῷ</span> 
     </span>
    </p>
   </div>
   <div class='ocr_carea' id='block_1_29' title="bbox 426 2859 2102 2933">
    <p class='ocr_par' dir='ltr' id='par_1_29' title="bbox 426 2859 2102 2933">
     <span class='ocr_line' id='line_1_29' title="bbox 426 2859 2102 2933; baseline 0.001 -19"><span class='ocrx_word' id='word_1_231' title='bbox 426 2863 674 2933; x_wconf 74' lang='grc' dir='ltr'>διαϐόλῳ.</span> <span class='ocrx_word' id='word_1_232' title='bbox 720 2864 919 2916; x_wconf 88' lang='grc' dir='ltr'>Τοῦτον</span> <span class='ocrx_word' id='word_1_233' title='bbox 955 2859 1046 2916; x_wconf 82' lang='grc' dir='ltr'>οῦν</span> <span class='ocrx_word' id='word_1_234' title='bbox 1074 2865 1134 2916; x_wconf 83' lang='grc' dir='ltr'>ού</span> <span class='ocrx_word' id='word_1_235' title='bbox 1164 2864 1510 2933; x_wconf 83' lang='grc' dir='ltr'>θρηνήσομεν</span> <span class='ocrx_word' id='word_1_236' title='bbox 1531 2881 1544 2928; x_wconf 88' lang='lat'>;</span> <span class='ocrx_word' id='word_1_237' title='bbox 1567 2864 1685 2916; x_wconf 85' lang='grc' dir='ltr'>εἰπέ</span> <span class='ocrx_word' id='word_1_238' title='bbox 1715 2881 1804 2932; x_wconf 90' lang='grc' dir='ltr'>μοι</span> <span class='ocrx_word' id='word_1_239' title='bbox 1829 2879 1841 2893; x_wconf 68' lang='grc' dir='ltr'><em>υ</em></span> <span class='ocrx_word' id='word_1_240' title='bbox 1881 2864 1950 2914; x_wconf 83' lang='grc' dir='ltr'>οῦ</span> <span class='ocrx_word' id='word_1_241' title='bbox 1986 2880 2102 2915; x_wconf 85' lang='grc' dir='ltr'>πει-</span> 
     </span>
    </p>
   </div>
   <div class='ocr_carea' id='block_1_30' title="bbox 431 2949 2095 3022">
    <p class='ocr_par' dir='ltr' id='par_1_30' title="bbox 431 2949 2095 3022">
     <span class='ocr_line' id='line_1_30' title="bbox 431 2949 2095 3022; baseline -0.001 -18"><span class='ocrx_word' id='word_1_242' title='bbox 431 2951 707 3022; x_wconf 80' lang='grc' dir='ltr'>ρασόμεθα</span> <span class='ocrx_word' id='word_1_243' title='bbox 743 2952 850 3004; x_wconf 81' lang='grc' dir='ltr'>τῶν</span> <span class='ocrx_word' id='word_1_244' title='bbox 885 2950 1146 3004; x_wconf 84' lang='grc' dir='ltr'>κινδύνων</span> <span class='ocrx_word' id='word_1_245' title='bbox 1179 2951 1522 3022; x_wconf 81' lang='grc' dir='ltr'>ἐξαρπάσαι;</span> <span class='ocrx_word' id='word_1_246' title='bbox 1561 2951 1717 3004; x_wconf 84' lang='grc' dir='ltr'>Ἐστι</span> <span class='ocrx_word' id='word_1_247' title='bbox 1746 2951 1875 3022; x_wconf 78' lang='grc' dir='ltr'>γάρ,</span> <span class='ocrx_word' id='word_1_248' title='bbox 1928 2949 2095 3015; x_wconf 81' lang='grc' dir='ltr'>ἔστιν,</span> 
     </span>
    </p>
   </div>
   <div class='ocr_carea' id='block_1_31' title="bbox 429 3037 2101 3109">
    <p class='ocr_par' dir='ltr' id='par_1_31' title="bbox 429 3037 2101 3109">
     <span class='ocr_line' id='line_1_31' title="bbox 429 3037 2101 3109; baseline 0.002 -23"><span class='ocrx_word' id='word_1_249' title='bbox 429 3037 525 3089; x_wconf 83' lang='grc' dir='ltr'>ὲάν</span> <span class='ocrx_word' id='word_1_250' title='bbox 557 3038 815 3108; x_wconf 84' lang='grc' dir='ltr'>θέλωμεν,</span> <span class='ocrx_word' id='word_1_251' title='bbox 839 3040 1047 3107; x_wconf 84' lang='grc' dir='ltr'>κούφην</span> <span class='ocrx_word' id='word_1_252' title='bbox 1081 3038 1228 3109; x_wconf 78' lang='grc' dir='ltr'>αὐτῷ</span> <span class='ocrx_word' id='word_1_253' title='bbox 1258 3039 1508 3107; x_wconf 86' lang='grc' dir='ltr'>γενέσθαι</span> <span class='ocrx_word' id='word_1_254' title='bbox 1544 3039 1640 3109; x_wconf 80' lang='grc' dir='ltr'>τὴν</span> <span class='ocrx_word' id='word_1_255' title='bbox 1674 3038 1891 3090; x_wconf 75' lang='grc' dir='ltr'>κόλασιν</span> <span class='ocrx_word' id='word_1_256' title='bbox 1916 3037 1962 3088; x_wconf 68' lang='grc' dir='ltr'>δ.</span> <span class='ocrx_word' id='word_1_257' title='bbox 2005 3040 2101 3090; x_wconf 76' lang='lat' dir='ltr'>&quot;Av</span> 
     </span>
    </p>
   </div>
   <div class='ocr_carea' id='block_1_32' title="bbox 428 3119 2101 3199">
    <p class='ocr_par' dir='ltr' id='par_1_32' title="bbox 428 3119 2101 3199">
     <span class='ocr_line' id='line_1_32' title="bbox 428 3119 2101 3199; baseline -0.001 -22"><span class='ocrx_word' id='word_1_258' title='bbox 428 3119 520 3178; x_wconf 84' lang='grc' dir='ltr'>οὖν</span> <span class='ocrx_word' id='word_1_259' title='bbox 554 3126 718 3195; x_wconf 85' lang='grc' dir='ltr'>εύχάς</span> <span class='ocrx_word' id='word_1_260' title='bbox 750 3127 889 3196; x_wconf 84' lang='grc' dir='ltr'>ὑπὲρ</span> <span class='ocrx_word' id='word_1_261' title='bbox 917 3126 1081 3179; x_wconf 86' lang='grc' dir='ltr'>αὑτοῦ</span> <span class='ocrx_word' id='word_1_262' title='bbox 1119 3127 1359 3197; x_wconf 83' lang='grc' dir='ltr'>ποιῶμεν</span> <span class='ocrx_word' id='word_1_263' title='bbox 1391 3126 1543 3199; x_wconf 73' lang='grc'>[175]</span> <span class='ocrx_word' id='word_1_264' title='bbox 1575 3129 1836 3195; x_wconf 75' lang='grc' dir='ltr'>συνεχεῖς,</span> <span class='ocrx_word' id='word_1_265' title='bbox 1859 3125 1924 3177; x_wconf 84' lang='grc' dir='ltr'>ἂν</span> <span class='ocrx_word' id='word_1_266' title='bbox 1946 3125 2101 3196; x_wconf 87' lang='grc' dir='ltr'>ἐλεη-</span> 
     </span>
    </p>
   </div>
   <div class='ocr_carea' id='block_1_33' title="bbox 433 3210 2104 3286">
    <p class='ocr_par' dir='ltr' id='par_1_33' title="bbox 433 3210 2104 3286">
     <span class='ocr_line' id='line_1_33' title="bbox 433 3210 2104 3286; baseline -0.001 -20"><span class='ocrx_word' id='word_1_267' title='bbox 433 3214 668 3284; x_wconf 87' lang='grc' dir='ltr'>μοσύνην</span> <span class='ocrx_word' id='word_1_268' title='bbox 703 3214 931 3283; x_wconf 83' lang='grc' dir='ltr'>διδῶμεν</span> <span class='ocrx_word' id='word_1_269' title='bbox 954 3229 967 3243; x_wconf 89' lang='grc'><strong>·</strong></span> <span class='ocrx_word' id='word_1_270' title='bbox 1002 3213 1102 3266; x_wconf 80' lang='grc' dir='ltr'>κᾶν</span> <span class='ocrx_word' id='word_1_271' title='bbox 1133 3215 1344 3275; x_wconf 87' lang='grc' dir='ltr'>ἐκεῖνος</span> <span class='ocrx_word' id='word_1_272' title='bbox 1366 3215 1583 3280; x_wconf 78' lang='grc' dir='ltr'>ἀνάξιος</span> <span class='ocrx_word' id='word_1_273' title='bbox 1616 3210 1673 3286; x_wconf 78' lang='grc' dir='ltr'>ᾖ,</span> <span class='ocrx_word' id='word_1_274' title='bbox 1730 3215 1878 3284; x_wconf 74' lang='grc' dir='ltr'>ἡμᾶς</span> <span class='ocrx_word' id='word_1_275' title='bbox 1905 3215 1934 3265; x_wconf 89' lang='lat'>6</span> <span class='ocrx_word' id='word_1_276' title='bbox 1972 3213 2104 3275; x_wconf 81' lang='grc' dir='ltr'>Θεὸς</span> 
     </span>
    </p>
   </div>
   <div class='ocr_carea' id='block_1_34' title="bbox 428 3302 2104 3372">
    <p class='ocr_par' dir='ltr' id='par_1_34' title="bbox 428 3302 2104 3372">
     <span class='ocr_line' id='line_1_34' title="bbox 428 3302 2104 3372; baseline 0.001 -20"><span class='ocrx_word' id='word_1_277' title='bbox 428 3303 828 3371; x_wconf 76' lang='grc' dir='ltr'>δυσωπήσεται,</span> <span class='ocrx_word' id='word_1_278' title='bbox 855 3303 917 3354; x_wconf 78' lang='lat' dir='ltr'>El</span> <span class='ocrx_word' id='word_1_279' title='bbox 952 3302 1037 3355; x_wconf 71' lang='grc' dir='ltr'>διὰ</span> <span class='ocrx_word' id='word_1_280' title='bbox 1069 3303 1280 3354; x_wconf 80' lang='grc' dir='ltr'>Παῦλον</span> <span class='ocrx_word' id='word_1_281' title='bbox 1312 3303 1529 3372; x_wconf 80' lang='grc' dir='ltr'>ἐτέρους</span> <span class='ocrx_word' id='word_1_282' title='bbox 1583 3303 1833 3368; x_wconf 85' lang='grc' dir='ltr'>διέσωσε,</span> <span class='ocrx_word' id='word_1_283' title='bbox 1893 3302 1986 3354; x_wconf 78' lang='grc' dir='ltr'>καὶ</span> <span class='ocrx_word' id='word_1_284' title='bbox 2037 3302 2104 3353; x_wconf 83' lang='grc' dir='ltr'>δι’</span> 
     </span>
    </p>
   </div>
   <div class='ocr_carea' id='block_1_35' title="bbox 427 3389 2105 3458">
    <p class='ocr_par' dir='ltr' id='par_1_35' title="bbox 427 3389 2105 3458">
     <span class='ocr_line' id='line_1_35' title="bbox 427 3389 2105 3458; baseline -0.002 -15"><span class='ocrx_word' id='word_1_285' title='bbox 427 3390 667 3451; x_wconf 73' lang='grc' dir='ltr'>ἀλλους·</span> <span class='ocrx_word' id='word_1_286' title='bbox 721 3389 893 3442; x_wconf 79' lang='grc' dir='ltr'>ἄλλων</span> <span class='ocrx_word' id='word_1_287' title='bbox 962 3389 1234 3458; x_wconf 81' lang='grc' dir='ltr'>φείδεται·</span> <span class='ocrx_word' id='word_1_288' title='bbox 1273 3389 1388 3451; x_wconf 79' lang='grc' dir='ltr'>πῶς</span> <span class='ocrx_word' id='word_1_289' title='bbox 1443 3390 1561 3458; x_wconf 73' lang='grc' dir='ltr'>οὐχὶ</span> <span class='ocrx_word' id='word_1_290' title='bbox 1616 3390 1710 3442; x_wconf 61' lang='grc' dir='ltr'>καὶ⁸</span> <span class='ocrx_word' id='word_1_291' title='bbox 1767 3389 1832 3441; x_wconf 89' lang='grc' dir='ltr'>δι’</span> <span class='ocrx_word' id='word_1_292' title='bbox 1869 3390 2014 3458; x_wconf 75' lang='grc' dir='ltr'>ἡμᾶς</span> <span class='ocrx_word' id='word_1_293' title='bbox 2044 3389 2105 3441; x_wconf 90' lang='lat'>16</span> 
     </span>
    </p>
   </div>
   <div class='ocr_carea' id='block_1_36' title="bbox 429 3474 2104 3546">
    <p class='ocr_par' dir='ltr' id='par_1_36' title="bbox 429 3474 2104 3546">
     <span class='ocr_line' id='line_1_36' title="bbox 429 3474 2104 3546; baseline 0.001 -20"><span class='ocrx_word' id='word_1_294' title='bbox 429 3474 564 3526; x_wconf 81' lang='grc' dir='ltr'>αὐτὸ</span> <span class='ocrx_word' id='word_1_295' title='bbox 597 3474 750 3527; x_wconf 83' lang='grc' dir='ltr'>τοῦτο</span> <span class='ocrx_word' id='word_1_296' title='bbox 779 3475 1107 3543; x_wconf 87' lang='grc' dir='ltr'>ἐργάσεται;</span> <span class='ocrx_word' id='word_1_297' title='bbox 1157 3477 1250 3527; x_wconf 84' lang='grc' dir='ltr'>Ἐκ</span> <span class='ocrx_word' id='word_1_298' title='bbox 1273 3476 1380 3527; x_wconf 82' lang='grc' dir='ltr'>τῶν</span> <span class='ocrx_word' id='word_1_299' title='bbox 1408 3476 1617 3528; x_wconf 81' lang='grc' dir='ltr'>ἐκείνου</span> <span class='ocrx_word' id='word_1_300' title='bbox 1665 3476 1990 3546; x_wconf 82' lang='grc' dir='ltr'>χρημάτων,</span> <span class='ocrx_word' id='word_1_301' title='bbox 2042 3477 2104 3527; x_wconf 81' lang='grc' dir='ltr'>ἐκ</span> 
     </span>
    </p>
   </div>
   <div class='ocr_carea' id='block_1_37' title="bbox 430 3560 2102 3634">
    <p class='ocr_par' dir='ltr' id='par_1_37' title="bbox 430 3560 2102 3634">
     <span class='ocr_line' id='line_1_37' title="bbox 430 3560 2102 3634; baseline 0.001 -22"><span class='ocrx_word' id='word_1_302' title='bbox 430 3562 539 3614; x_wconf 83' lang='grc' dir='ltr'>τῶν</span> <span class='ocrx_word' id='word_1_303' title='bbox 576 3562 704 3625; x_wconf 81' lang='grc' dir='ltr'>σῶν,</span> <span class='ocrx_word' id='word_1_304' title='bbox 740 3561 860 3614; x_wconf 84' lang='grc' dir='ltr'>ὅθεν</span> <span class='ocrx_word' id='word_1_305' title='bbox 897 3562 963 3615; x_wconf 87' lang='grc' dir='ltr'>ἂν</span> <span class='ocrx_word' id='word_1_306' title='bbox 996 3560 1181 3634; x_wconf 80' lang='grc' dir='ltr'>θέλῃς,</span> <span class='ocrx_word' id='word_1_307' title='bbox 1225 3562 1493 3633; x_wconf 78' lang='grc' dir='ltr'>βοήθησον</span> <span class='ocrx_word' id='word_1_308' title='bbox 1517 3581 1531 3595; x_wconf 76' lang='grc' dir='ltr'><strong>ο</strong></span> <span class='ocrx_word' id='word_1_309' title='bbox 1563 3564 1851 3627; x_wconf 80' lang='grc' dir='ltr'>ἐπίσταξον</span> <span class='ocrx_word' id='word_1_310' title='bbox 1903 3564 2102 3625; x_wconf 75' lang='grc' dir='ltr'>ἔλαιον,</span> 
     </span>
    </p>
   </div>
   <div class='ocr_carea' id='block_1_38' title="bbox 436 3648 2106 3719">
    <p class='ocr_par' dir='ltr' id='par_1_38' title="bbox 436 3648 2106 3719">
     <span class='ocr_line' id='line_1_38' title="bbox 436 3648 2106 3719; baseline 0.001 -17"><span class='ocrx_word' id='word_1_311' title='bbox 436 3649 634 3717; x_wconf 76' lang='grc' dir='ltr'>μᾶλλον</span> <span class='ocrx_word' id='word_1_312' title='bbox 666 3650 722 3702; x_wconf 85' lang='grc' dir='ltr'>δέ</span> <span class='ocrx_word' id='word_1_313' title='bbox 757 3648 925 3719; x_wconf 77' lang='grc' dir='ltr'>ὕδωρ.</span> <span class='ocrx_word' id='word_1_314' title='bbox 971 3649 1085 3702; x_wconf 83' lang='grc' dir='ltr'>Ούκ</span> <span class='ocrx_word' id='word_1_315' title='bbox 1138 3649 1250 3719; x_wconf 80' lang='grc' dir='ltr'>ἔχει</span> <span class='ocrx_word' id='word_1_316' title='bbox 1299 3649 1672 3719; x_wconf 78' lang='grc' dir='ltr'>ἐλεημοσύνας</span> <span class='ocrx_word' id='word_1_317' title='bbox 1727 3651 1935 3714; x_wconf 88' lang='grc' dir='ltr'>οίκείας</span> <span class='ocrx_word' id='word_1_318' title='bbox 1985 3654 2106 3703; x_wconf 88' lang='grc' dir='ltr'>ἐπι-</span> 
     </span>
    </p>
   </div>
   <div class='ocr_carea' id='block_1_39' title="bbox 430 3735 2103 3808">
    <p class='ocr_par' dir='ltr' id='par_1_39' title="bbox 430 3735 2103 3808">
     <span class='ocr_line' id='line_1_39' title="bbox 430 3735 2103 3808; baseline 0.002 -19"><span class='ocrx_word' id='word_1_319' title='bbox 430 3735 744 3800; x_wconf 83' lang='grc' dir='ltr'>δείξασθαι;</span> <span class='ocrx_word' id='word_1_320' title='bbox 776 3735 893 3788; x_wconf 82' lang='grc' dir='ltr'>Κᾶν</span> <span class='ocrx_word' id='word_1_321' title='bbox 933 3736 1282 3805; x_wconf 75' lang='grc' dir='ltr'>συγγενικὰς.</span> <span class='ocrx_word' id='word_1_322' title='bbox 1352 3738 1466 3790; x_wconf 86' lang='grc' dir='ltr'>Ούκ</span> <span class='ocrx_word' id='word_1_323' title='bbox 1507 3738 1619 3808; x_wconf 80' lang='grc' dir='ltr'>ἔχει</span> <span class='ocrx_word' id='word_1_324' title='bbox 1667 3739 1764 3803; x_wconf 81' lang='grc' dir='ltr'>τὰς</span> <span class='ocrx_word' id='word_1_325' title='bbox 1814 3739 1904 3792; x_wconf 78' lang='grc' dir='ltr'>ὑπ’</span> <span class='ocrx_word' id='word_1_326' title='bbox 1938 3740 2103 3792; x_wconf 79' lang='grc' dir='ltr'>αὑτοῦ</span> 
     </span>
    </p>
   </div>
   <div class='ocr_carea' id='block_1_40' title="bbox 435 3822 2105 3898">
    <p class='ocr_par' dir='ltr' id='par_1_40' title="bbox 435 3822 2105 3898">
     <span class='ocr_line' id='line_1_40' title="bbox 435 3822 2105 3898; baseline 0.002 -22"><span class='ocrx_word' id='word_1_327' title='bbox 435 3824 843 3894; x_wconf 85' lang='grc' dir='ltr'>γεγενημένας;</span> <span class='ocrx_word' id='word_1_328' title='bbox 872 3822 988 3877; x_wconf 81' lang='grc' dir='ltr'>Κᾶν</span> <span class='ocrx_word' id='word_1_329' title='bbox 1013 3823 1114 3886; x_wconf 90' lang='grc' dir='ltr'>τάς</span> <span class='ocrx_word' id='word_1_330' title='bbox 1145 3825 1284 3895; x_wconf 83' lang='grc' dir='ltr'>ὑπὲρ</span> <span class='ocrx_word' id='word_1_331' title='bbox 1317 3825 1504 3878; x_wconf 83' lang='grc' dir='ltr'>αὑτοῦ.</span> <span class='ocrx_word' id='word_1_332' title='bbox 1562 3825 1718 3878; x_wconf 65' lang='grc' dir='ltr'>Οὕτω</span> <span class='ocrx_word' id='word_1_333' title='bbox 1774 3827 1914 3894; x_wconf 81' lang='grc' dir='ltr'>μετὰ</span> <span class='ocrx_word' id='word_1_334' title='bbox 1963 3831 2105 3898; x_wconf 79' lang='grc' dir='ltr'>παῤ-</span> 
     </span>
    </p>
   </div>
   <div class='ocr_carea' id='block_1_41' title="bbox 439 3911 2108 3985">
    <p class='ocr_par' dir='ltr' id='par_1_41' title="bbox 439 3911 2108 3985">
     <span class='ocr_line' id='line_1_41' title="bbox 439 3911 2108 3985; baseline 0.001 -21"><span class='ocrx_word' id='word_1_335' title='bbox 439 3914 631 3984; x_wconf 81' lang='grc' dir='ltr'>ρησίαε</span> <span class='ocrx_word' id='word_1_336' title='bbox 661 3911 823 3963; x_wconf 79' lang='grc' dir='ltr'>αὑτὸν</span> <span class='ocrx_word' id='word_1_337' title='bbox 850 3913 1249 3982; x_wconf 78' lang='grc' dir='ltr'>παραιτήσεται</span> <span class='ocrx_word' id='word_1_338' title='bbox 1279 3913 1398 3965; x_wconf 90' lang='grc' dir='ltr'>τότε</span> <span class='ocrx_word' id='word_1_339' title='bbox 1439 3915 1472 3983; x_wconf 84' lang='grc' dir='ltr'>ή</span> <span class='ocrx_word' id='word_1_340' title='bbox 1525 3913 1685 3983; x_wconf 74' lang='grc' dir='ltr'>γυνὴ,</span> <span class='ocrx_word' id='word_1_341' title='bbox 1721 3913 1914 3984; x_wconf 89' lang='grc' dir='ltr'>λῦτρον</span> <span class='ocrx_word' id='word_1_342' title='bbox 1969 3916 2108 3985; x_wconf 71' lang='grc' dir='ltr'>ὑπὲρ</span> 
     </span>
    </p>
   </div>
   <div class='ocr_carea' id='block_1_42' title="bbox 435 3996 2108 4071">
    <p class='ocr_par' dir='ltr' id='par_1_42' title="bbox 435 3996 2108 4071">
     <span class='ocr_line' id='line_1_42' title="bbox 435 3996 2108 4071; baseline 0.001 -23"><span class='ocrx_word' id='word_1_343' title='bbox 435 3996 601 4049; x_wconf 80' lang='grc' dir='ltr'>αὐτοῦ</span> <span class='ocrx_word' id='word_1_344' title='bbox 652 3996 1018 4067; x_wconf 88' lang='grc' dir='ltr'>καταθεμένη.</span> <span class='ocrx_word' id='word_1_345' title='bbox 1076 3998 1227 4068; x_wconf 82' lang='grc' dir='ltr'>Ὂσῳ</span> <span class='ocrx_word' id='word_1_346' title='bbox 1273 3998 1536 4052; x_wconf 87' lang='grc' dir='ltr'>πλειόνων</span> <span class='ocrx_word' id='word_1_347' title='bbox 1596 4000 1818 4067; x_wconf 85' lang='grc' dir='ltr'>γέγονεν</span> <span class='ocrx_word' id='word_1_348' title='bbox 1858 4003 2108 4071; x_wconf 80' lang='grc' dir='ltr'>ἁμαρτη-</span> 
     </span>
    </p>
   </div>
   <div class='ocr_carea' id='block_1_43' title="bbox 439 4084 2108 4158">
    <p class='ocr_par' dir='ltr' id='par_1_43' title="bbox 439 4084 2108 4158">
     <span class='ocr_line' id='line_1_43' title="bbox 439 4084 2108 4158; baseline 0.001 -20"><span class='ocrx_word' id='word_1_349' title='bbox 439 4086 621 4154; x_wconf 83' lang='grc' dir='ltr'>μάτων</span> <span class='ocrx_word' id='word_1_350' title='bbox 643 4084 959 4147; x_wconf 86' lang='grc' dir='ltr'>ύπεύθυνος,</span> <span class='ocrx_word' id='word_1_351' title='bbox 989 4085 1230 4155; x_wconf 85' lang='grc' dir='ltr'>τοσούτῳ</span> <span class='ocrx_word' id='word_1_352' title='bbox 1261 4087 1526 4156; x_wconf 74' lang='grc' dir='ltr'>μειζόνως</span> <span class='ocrx_word' id='word_1_353' title='bbox 1551 4087 1698 4158; x_wconf 85' lang='grc' dir='ltr'>αῦτῴ</span> <span class='ocrx_word' id='word_1_354' title='bbox 1723 4089 1803 4140; x_wconf 86' lang='grc' dir='ltr'>δεῖ</span> <span class='ocrx_word' id='word_1_355' title='bbox 1825 4089 1922 4156; x_wconf 72' lang='grc' dir='ltr'>τῆς</span> <span class='ocrx_word' id='word_1_356' title='bbox 1952 4090 2108 4158; x_wconf 84' lang='grc' dir='ltr'>ἐλεη-</span> 
     </span>
    </p>
   </div>
   <div class='ocr_carea' id='block_1_44' title="bbox 440 4173 2108 4246">
    <p class='ocr_par' dir='ltr' id='par_1_44' title="bbox 440 4173 2108 4246">
     <span class='ocr_line' id='line_1_44' title="bbox 440 4173 2108 4246; baseline 0.002 -21"><span class='ocrx_word' id='word_1_357' title='bbox 440 4175 696 4241; x_wconf 87' lang='grc' dir='ltr'>μοσύνης.</span> <span class='ocrx_word' id='word_1_358' title='bbox 726 4173 799 4225; x_wconf 84' lang='grc' dir='ltr'>υύ</span> <span class='ocrx_word' id='word_1_359' title='bbox 850 4173 938 4226; x_wconf 80' lang='grc' dir='ltr'>διὰ</span> <span class='ocrx_word' id='word_1_360' title='bbox 987 4173 1149 4226; x_wconf 87' lang='grc' dir='ltr'>τοῦτο</span> <span class='ocrx_word' id='word_1_361' title='bbox 1194 4174 1248 4226; x_wconf 86' lang='grc' dir='ltr'>δὲ</span> <span class='ocrx_word' id='word_1_362' title='bbox 1306 4175 1486 4244; x_wconf 89' lang='grc' dir='ltr'>μόνον,</span> <span class='ocrx_word' id='word_1_363' title='bbox 1539 4175 1653 4227; x_wconf 83' lang='grc' dir='ltr'>ἀλλ’</span> <span class='ocrx_word' id='word_1_364' title='bbox 1693 4177 1772 4228; x_wconf 85' lang='grc' dir='ltr'>ὅτι</span> <span class='ocrx_word' id='word_1_365' title='bbox 1835 4176 1952 4228; x_wconf 83' lang='grc' dir='ltr'>ούδέ</span> <span class='ocrx_word' id='word_1_366' title='bbox 1988 4177 2108 4246; x_wconf 84' lang='grc' dir='ltr'>ίσην</span> 
     </span>
    </p>
   </div>
   <div class='ocr_carea' id='block_1_45' title="bbox 437 4260 2110 4332">
    <p class='ocr_par' dir='ltr' id='par_1_45' title="bbox 437 4260 2110 4332">
     <span class='ocr_line' id='line_1_45' title="bbox 437 4260 2110 4332; baseline 0.002 -21"><span class='ocrx_word' id='word_1_367' title='bbox 437 4260 548 4329; x_wconf 79' lang='grc' dir='ltr'>ἔχει</span> <span class='ocrx_word' id='word_1_368' title='bbox 583 4260 679 4329; x_wconf 77' lang='grc' dir='ltr'>τὴν</span> <span class='ocrx_word' id='word_1_369' title='bbox 716 4261 868 4329; x_wconf 81' lang='grc' dir='ltr'>ίσχὺν</span> <span class='ocrx_word' id='word_1_370' title='bbox 896 4260 1010 4324; x_wconf 90' lang='grc' dir='ltr'>νῦν,</span> <span class='ocrx_word' id='word_1_371' title='bbox 1041 4261 1155 4314; x_wconf 84' lang='grc' dir='ltr'>ἀλλ’</span> <span class='ocrx_word' id='word_1_372' title='bbox 1182 4261 1390 4314; x_wconf 77' lang='grc' dir='ltr'>ἐλάττω</span> <span class='ocrx_word' id='word_1_373' title='bbox 1424 4262 1622 4331; x_wconf 80' lang='grc' dir='ltr'>πολλῷ.</span> <span class='ocrx_word' id='word_1_374' title='bbox 1670 4262 1744 4314; x_wconf 85' lang='grc' dir='ltr'>Ού</span> <span class='ocrx_word' id='word_1_375' title='bbox 1805 4265 1912 4332; x_wconf 85' lang='grc' dir='ltr'>γάρ</span> <span class='ocrx_word' id='word_1_376' title='bbox 1963 4265 2110 4315; x_wconf 80' lang='grc' dir='ltr'>ἐστιν</span> 
     </span>
    </p>
   </div>
   <div class='ocr_carea' id='block_1_46' title="bbox 442 4347 2110 4420">
    <p class='ocr_par' dir='ltr' id='par_1_46' title="bbox 442 4347 2110 4420">
     <span class='ocr_line' id='line_1_46' title="bbox 442 4347 2110 4420; baseline 0.002 -21"><span class='ocrx_word' id='word_1_377' title='bbox 442 4351 576 4408; x_wconf 75' lang='grc' dir='ltr'>ἴσον,</span> <span class='ocrx_word' id='word_1_378' title='bbox 606 4350 766 4400; x_wconf 71' lang='grc' dir='ltr'>αὐτόν</span> <span class='ocrx_word' id='word_1_379' title='bbox 802 4366 920 4401; x_wconf 89' lang='grc' dir='ltr'>τινα</span> <span class='ocrx_word' id='word_1_380' title='bbox 943 4348 1192 4417; x_wconf 69' lang='grc' dir='ltr'>ποιῆσαι,</span> <span class='ocrx_word' id='word_1_381' title='bbox 1224 4351 1318 4401; x_wconf 75' lang='grc' dir='ltr'>καὶ</span> <span class='ocrx_word' id='word_1_382' title='bbox 1343 4350 1527 4420; x_wconf 73' lang='grc' dir='ltr'>ἕτερον</span> <span class='ocrx_word' id='word_1_383' title='bbox 1548 4350 1685 4418; x_wconf 87' lang='grc' dir='ltr'>ύπέρ</span> <span class='ocrx_word' id='word_1_384' title='bbox 1705 4350 1890 4403; x_wconf 77' lang='grc' dir='ltr'>αὐτοῦ.</span> <span class='ocrx_word' id='word_1_385' title='bbox 1910 4353 1997 4412; x_wconf 76' lang='grc' dir='ltr'>Ὡς</span> <span class='ocrx_word' id='word_1_386' title='bbox 2016 4347 2110 4403; x_wconf 82' lang='grc' dir='ltr'>οῦν</span> 
     </span>
    </p>
   </div>
   <div class='ocr_carea' id='block_1_47' title="bbox 438 4435 2110 4507">
    <p class='ocr_par' dir='ltr' id='par_1_47' title="bbox 438 4435 2110 4507">
     <span class='ocr_line' id='line_1_47' title="bbox 438 4435 2110 4507; baseline 0.001 -20"><span class='ocrx_word' id='word_1_387' title='bbox 438 4437 719 4497; x_wconf 82' lang='grc' dir='ltr'>ἐλάττονος</span> <span class='ocrx_word' id='word_1_388' title='bbox 732 4435 919 4506; x_wconf 82' lang='grc' dir='ltr'>οῦσης,</span> <span class='ocrx_word' id='word_1_389' title='bbox 936 4437 1075 4488; x_wconf 81' lang='grc' dir='ltr'>οῦτω</span> <span class='ocrx_word' id='word_1_390' title='bbox 1087 4437 1162 4505; x_wconf 83' lang='grc' dir='ltr'>τῷ</span> <span class='ocrx_word' id='word_1_391' title='bbox 1179 4437 1650 4506; x_wconf 66' lang='grc' dir='ltr'>πλήθειζμεγίστην</span> <span class='ocrx_word' id='word_1_392' title='bbox 1664 4438 1905 4506; x_wconf 80' lang='grc' dir='ltr'>ποιῶμεν</span> <span class='ocrx_word' id='word_1_393' title='bbox 1920 4439 2110 4507; x_wconf 71' lang='grc' dir='ltr'>αὐτὴν,</span> 
     </span>
    </p>
   </div>
   <div class='ocr_carea' id='block_1_48' title="bbox 513 4523 2108 4595">
    <p class='ocr_par' dir='ltr' id='par_1_48' title="bbox 513 4523 2108 4595">
     <span class='ocr_line' id='line_1_48' title="bbox 513 4523 2108 4595; baseline -0.001 -18"><span class='ocrx_word' id='word_1_394' title='bbox 513 4524 604 4593; x_wconf 77' lang='grc' dir='ltr'>Μὴ</span> <span class='ocrx_word' id='word_1_395' title='bbox 628 4528 754 4592; x_wconf 78' lang='grc' dir='ltr'>περὶ</span> <span class='ocrx_word' id='word_1_396' title='bbox 783 4525 1022 4593; x_wconf 78' lang='grc' dir='ltr'>σήματα,</span> <span class='ocrx_word' id='word_1_397' title='bbox 1055 4523 1129 4593; x_wconf 79' lang='grc' dir='ltr'>μὴ</span> <span class='ocrx_word' id='word_1_398' title='bbox 1151 4524 1278 4594; x_wconf 72' lang='grc' dir='ltr'>περὶ</span> <span class='ocrx_word' id='word_1_399' title='bbox 1304 4526 1531 4592; x_wconf 79' lang='grc' dir='ltr'>ἐντάφια</span> <span class='ocrx_word' id='word_1_400' title='bbox 1545 4524 1920 4594; x_wconf 77' lang='grc' dir='ltr'>άσχολώμεθα.</span> <span class='ocrx_word' id='word_1_401' title='bbox 1949 4525 2108 4595; x_wconf 90' lang='grc' dir='ltr'>Περί-</span> 
     </span>
    </p>
   </div>
   <div class='ocr_carea' id='block_1_49' title="bbox 443 4607 2109 4676">
    <p class='ocr_par' dir='ltr' id='par_1_49' title="bbox 443 4607 2109 4676">
     <span class='ocr_line' id='line_1_49' title="bbox 443 4607 2109 4676; baseline 0.001 -16"><span class='ocrx_word' id='word_1_402' title='bbox 443 4624 639 4675; x_wconf 86' lang='grc' dir='ltr'>στησον</span> <span class='ocrx_word' id='word_1_403' title='bbox 671 4609 870 4676; x_wconf 80' lang='grc' dir='ltr'>χήρας·</span> <span class='ocrx_word' id='word_1_404' title='bbox 907 4607 1065 4659; x_wconf 88' lang='grc' dir='ltr'>τοῦτο</span> <span class='ocrx_word' id='word_1_405' title='bbox 1094 4607 1342 4673; x_wconf 83' lang='grc' dir='ltr'>ἐντάφιον</span> <span class='ocrx_word' id='word_1_406' title='bbox 1377 4608 1645 4676; x_wconf 87' lang='grc' dir='ltr'>μέγιστον.</span> <span class='ocrx_word' id='word_1_407' title='bbox 1673 4608 1806 4659; x_wconf 83' lang='grc' dir='ltr'>Είπέ</span> <span class='ocrx_word' id='word_1_408' title='bbox 1841 4608 2074 4676; x_wconf 72' lang='grc' dir='ltr'>τοῦνομα</span> <span class='ocrx_word' id='word_1_409' title='bbox 2095 4626 2109 4640; x_wconf 85' lang='grc'><strong>·</strong></span> 
     </span>
    </p>
   </div>
   <div class='ocr_carea' id='block_1_50' title="bbox 443 4690 2107 4761">
    <p class='ocr_par' dir='ltr' id='par_1_50' title="bbox 443 4690 2107 4761">
     <span class='ocr_line' id='line_1_50' title="bbox 443 4690 2107 4761; baseline -0.001 -17"><span class='ocrx_word' id='word_1_410' title='bbox 443 4691 623 4752; x_wconf 86' lang='grc' dir='ltr'>πάσας</span> <span class='ocrx_word' id='word_1_411' title='bbox 681 4690 936 4742; x_wconf 86' lang='grc' dir='ltr'>κέλευσον</span> <span class='ocrx_word' id='word_1_412' title='bbox 994 4691 1133 4761; x_wconf 79' lang='grc' dir='ltr'>ὑπὲρ</span> <span class='ocrx_word' id='word_1_413' title='bbox 1183 4690 1348 4743; x_wconf 82' lang='grc' dir='ltr'>αὑτοῦ</span> <span class='ocrx_word' id='word_1_414' title='bbox 1402 4690 1674 4742; x_wconf 86' lang='grc' dir='ltr'>ποιεῖσθαι</span> <span class='ocrx_word' id='word_1_415' title='bbox 1744 4690 1840 4752; x_wconf 82' lang='grc' dir='ltr'>τὰς</span> <span class='ocrx_word' id='word_1_416' title='bbox 1880 4691 2107 4760; x_wconf 84' lang='grc' dir='ltr'>δεήσεις,</span> 
     </span>
    </p>
   </div>
   <div class='ocr_carea' id='block_1_51' title="bbox 445 4771 2111 4842">
    <p class='ocr_par' dir='ltr' id='par_1_51' title="bbox 445 4771 2111 4842">
     <span class='ocr_line' id='line_1_51' title="bbox 445 4771 2111 4842; baseline 0.001 -17"><span class='ocrx_word' id='word_1_417' title='bbox 445 4774 664 4834; x_wconf 72' lang='grc' dir='ltr'>καὶτὰς</span> <span class='ocrx_word' id='word_1_418' title='bbox 701 4771 977 4842; x_wconf 82' lang='grc' dir='ltr'>ἱκετηρίας</span> <span class='ocrx_word' id='word_1_419' title='bbox 1002 4789 1014 4802; x_wconf 96' lang='grc'><strong>·</strong></span> <span class='ocrx_word' id='word_1_420' title='bbox 1047 4772 1361 4842; x_wconf 87' lang='grc' dir='ltr'>δυσωπήσει</span> <span class='ocrx_word' id='word_1_421' title='bbox 1388 4772 1546 4825; x_wconf 85' lang='grc' dir='ltr'>τοῦτο</span> <span class='ocrx_word' id='word_1_422' title='bbox 1589 4773 1678 4825; x_wconf 82' lang='grc' dir='ltr'>τὸν</span> <span class='ocrx_word' id='word_1_423' title='bbox 1728 4773 1883 4836; x_wconf 76' lang='grc' dir='ltr'>Θεὸν,</span> <span class='ocrx_word' id='word_1_424' title='bbox 1919 4776 1965 4825; x_wconf 86' lang='grc' dir='ltr'>εἰ</span> <span class='ocrx_word' id='word_1_425' title='bbox 2015 4776 2111 4827; x_wconf 73' lang='grc' dir='ltr'>καὶ</span> 
     </span>
    </p>
   </div>
   <div class='ocr_carea' id='block_1_52' title="bbox 451 4853 2112 4925">
    <p class='ocr_par' dir='ltr' id='par_1_52' title="bbox 451 4853 2112 4925">
     <span class='ocr_line' id='line_1_52' title="bbox 451 4853 2112 4925; baseline 0.003 -20"><span class='ocrx_word' id='word_1_426' title='bbox 451 4853 526 4924; x_wconf 84' lang='grc' dir='ltr'>μὴ</span> <span class='ocrx_word' id='word_1_427' title='bbox 567 4853 656 4905; x_wconf 74' lang='grc' dir='ltr'>ὑπ’</span> <span class='ocrx_word' id='word_1_428' title='bbox 686 4853 872 4918; x_wconf 81' lang='grc' dir='ltr'>αὐτοῦ,</span> <span class='ocrx_word' id='word_1_429' title='bbox 915 4854 1047 4906; x_wconf 85' lang='grc' dir='ltr'>ἀλλά</span> <span class='ocrx_word' id='word_1_430' title='bbox 1091 4854 1155 4907; x_wconf 84' lang='grc' dir='ltr'>δι’</span> <span class='ocrx_word' id='word_1_431' title='bbox 1222 4855 1385 4907; x_wconf 83' lang='grc' dir='ltr'>αὑτὸν</span> <span class='ocrx_word' id='word_1_432' title='bbox 1447 4855 1632 4925; x_wconf 75' lang='grc' dir='ltr'>ἕτερος</span> <span class='ocrx_word' id='word_1_433' title='bbox 1682 4856 1854 4919; x_wconf 84' lang='grc' dir='ltr'>αῖτιος</span> <span class='ocrx_word' id='word_1_434' title='bbox 1905 4857 2112 4923; x_wconf 88' lang='grc' dir='ltr'>γίνεται</span> 
     </span>
    </p>
   </div>
   <div class='ocr_carea' id='block_1_53' title="bbox 447 4937 2104 5009">
    <p class='ocr_par' dir='ltr' id='par_1_53' title="bbox 447 4937 2104 5009">
     <span class='ocr_line' id='line_1_53' title="bbox 447 4937 2104 5009; baseline 0.005 -24"><span class='ocrx_word' id='word_1_435' title='bbox 447 4937 547 5005; x_wconf 78' lang='grc' dir='ltr'>τῆς</span> <span class='ocrx_word' id='word_1_436' title='bbox 579 4937 966 5004; x_wconf 85' lang='grc' dir='ltr'>ἐλεημοσύνης.</span> <span class='ocrx_word' id='word_1_437' title='bbox 1023 4937 1133 4987; x_wconf 77' lang='grc' dir='ltr'>Καὶ</span> <span class='ocrx_word' id='word_1_438' title='bbox 1180 4939 1338 4990; x_wconf 84' lang='grc' dir='ltr'>τοῦτο</span> <span class='ocrx_word' id='word_1_439' title='bbox 1362 4938 1539 5008; x_wconf 82' lang='grc' dir='ltr'>δόγμα</span> <span class='ocrx_word' id='word_1_440' title='bbox 1575 4941 1674 5008; x_wconf 77' lang='grc' dir='ltr'>τῆς</span> <span class='ocrx_word' id='word_1_441' title='bbox 1700 4938 1794 4990; x_wconf 90' lang='lat'>106</span> <span class='ocrx_word' id='word_1_442' title='bbox 1828 4939 1960 4992; x_wconf 82' lang='grc' dir='ltr'>Θεοῦ</span> <span class='ocrx_word' id='word_1_443' title='bbox 1995 4941 2104 5009; x_wconf 84' lang='grc' dir='ltr'>φιλ-</span> 
     </span>
    </p>
   </div>
   <div class='ocr_carea' id='block_1_54' title="bbox 449 5021 2110 5094">
    <p class='ocr_par' dir='ltr' id='par_1_54' title="bbox 449 5021 2110 5094">
     <span class='ocr_line' id='line_1_54' title="bbox 449 5021 2110 5094; baseline 0.002 -22"><span class='ocrx_word' id='word_1_444' title='bbox 449 5021 761 5092; x_wconf 84' lang='grc' dir='ltr'>ανθρωπίας</span> <span class='ocrx_word' id='word_1_445' title='bbox 821 5021 956 5075; x_wconf 88' lang='grc' dir='ltr'>ἐστί.</span> <span class='ocrx_word' id='word_1_446' title='bbox 1001 5021 1180 5089; x_wconf 84' lang='grc' dir='ltr'>Χῆραι</span> <span class='ocrx_word' id='word_1_447' title='bbox 1224 5021 1586 5090; x_wconf 78' lang='grc' dir='ltr'>περιεστῶσαι</span> <span class='ocrx_word' id='word_1_448' title='bbox 1622 5023 1715 5074; x_wconf 75' lang='grc' dir='ltr'>καὶ</span> <span class='ocrx_word' id='word_1_449' title='bbox 1757 5022 2110 5094; x_wconf 83' lang='grc' dir='ltr'>δακρύουσαι,</span> 
     </span>
    </p>
   </div>
   <div class='ocr_carea' id='block_1_55' title="bbox 447 5102 2113 5173">
    <p class='ocr_par' dir='ltr' id='par_1_55' title="bbox 447 5102 2113 5173">
     <span class='ocr_line' id='line_1_55' title="bbox 447 5102 2113 5173; baseline 0.004 -19"><span class='ocrx_word' id='word_1_450' title='bbox 447 5105 569 5173; x_wconf 78' lang='grc' dir='ltr'>οὐχὶ</span> <span class='ocrx_word' id='word_1_451' title='bbox 593 5102 686 5154; x_wconf 89' lang='grc' dir='ltr'>τοῦ</span> <span class='ocrx_word' id='word_1_452' title='bbox 725 5103 1010 5171; x_wconf 80' lang='grc' dir='ltr'>παρόντος,</span> <span class='ocrx_word' id='word_1_453' title='bbox 1055 5103 1189 5155; x_wconf 85' lang='grc' dir='ltr'>ἀλλά</span> <span class='ocrx_word' id='word_1_454' title='bbox 1237 5103 1330 5155; x_wconf 71' lang='grc' dir='ltr'>καὶ</span> <span class='ocrx_word' id='word_1_455' title='bbox 1375 5103 1465 5154; x_wconf 82' lang='grc' dir='ltr'>τοῦ</span> <span class='ocrx_word' id='word_1_456' title='bbox 1528 5105 1808 5172; x_wconf 84' lang='grc' dir='ltr'>μέλλοντος</span> <span class='ocrx_word' id='word_1_457' title='bbox 1865 5106 2113 5160; x_wconf 86' lang='grc' dir='ltr'>δύνανται</span> 
     </span>
    </p>
   </div>
   <div class='ocr_carea' id='block_1_56' title="bbox 451 5184 2115 5257">
    <p class='ocr_par' dir='ltr' id='par_1_56' title="bbox 451 5184 2115 5257">
     <span class='ocr_line' id='line_1_56' title="bbox 451 5184 2115 5257; baseline 0.003 -22"><span class='ocrx_word' id='word_1_458' title='bbox 451 5186 756 5256; x_wconf 71' lang='grc' dir='ltr'>ἐξαρπάσαι</span> <span class='ocrx_word' id='word_1_459' title='bbox 789 5184 1036 5238; x_wconf 86' lang='grc' dir='ltr'>θανάτου.</span> <span class='ocrx_word' id='word_1_460' title='bbox 1079 5185 1269 5238; x_wconf 70' lang='grc' dir='ltr'>Πολλοὶ</span> <span class='ocrx_word' id='word_1_461' title='bbox 1295 5186 1389 5237; x_wconf 76' lang='grc' dir='ltr'>καὶ</span> <span class='ocrx_word' id='word_1_462' title='bbox 1422 5187 1485 5237; x_wconf 85' lang='grc' dir='ltr'>ἐκ</span> <span class='ocrx_word' id='word_1_463' title='bbox 1509 5185 1616 5236; x_wconf 86' lang='grc' dir='ltr'>τῶν</span> <span class='ocrx_word' id='word_1_464' title='bbox 1667 5188 1752 5254; x_wconf 77' lang='grc' dir='ltr'>ὑφ’</span> <span class='ocrx_word' id='word_1_465' title='bbox 1791 5188 1993 5257; x_wconf 88' lang='grc' dir='ltr'>ἐτέρων</span> <span class='ocrx_word' id='word_1_466' title='bbox 2048 5189 2115 5240; x_wconf 82' lang='grc' dir='ltr'>δι’</span> 
     </span>
    </p>
   </div>
   <div class='ocr_carea' id='block_1_57' title="bbox 453 5267 2117 5340">
    <p class='ocr_par' dir='ltr' id='par_1_57' title="bbox 453 5267 2117 5340">
     <span class='ocr_line' id='line_1_57' title="bbox 453 5267 2117 5340; baseline 0.001 -21"><span class='ocrx_word' id='word_1_467' title='bbox 453 5270 645 5330; x_wconf 71' lang='grc' dir='ltr'>αὐτοὺς</span> <span class='ocrx_word' id='word_1_468' title='bbox 683 5268 1063 5336; x_wconf 83' lang='grc' dir='ltr'>γεγενημένων</span> <span class='ocrx_word' id='word_1_469' title='bbox 1097 5267 1476 5338; x_wconf 81' lang='grc' dir='ltr'>ἐλεημοσυνῶν</span> <span class='ocrx_word' id='word_1_470' title='bbox 1537 5267 1843 5320; x_wconf 78' lang='grc' dir='ltr'>ἀπώναντο.</span> <span class='ocrx_word' id='word_1_471' title='bbox 1891 5271 1949 5322; x_wconf 78' lang='grc' dir='ltr'>ΕΞ</span> <span class='ocrx_word' id='word_1_472' title='bbox 2009 5269 2117 5340; x_wconf 88' lang='grc' dir='ltr'>γάρ</span> 
     </span>
    </p>
   </div>
   <div class='ocr_carea' id='block_1_58' title="bbox 454 5345 2114 5421">
    <p class='ocr_par' dir='ltr' id='par_1_58' title="bbox 454 5345 2114 5421">
     <span class='ocr_line' id='line_1_58' title="bbox 454 5345 2114 5421; baseline 0.003 -20"><span class='ocrx_word' id='word_1_473' title='bbox 454 5353 547 5402; x_wconf 73' lang='grc' dir='ltr'>καὶ</span> <span class='ocrx_word' id='word_1_474' title='bbox 578 5351 650 5418; x_wconf 77' lang='grc' dir='ltr'>μὴ</span> <span class='ocrx_word' id='word_1_475' title='bbox 684 5350 886 5410; x_wconf 86' lang='grc' dir='ltr'>τέλεον,</span> <span class='ocrx_word' id='word_1_476' title='bbox 918 5349 1191 5417; x_wconf 81' lang='grc' dir='ltr'>ἀλλ’ὅμως</span> <span class='ocrx_word' id='word_1_477' title='bbox 1228 5350 1577 5420; x_wconf 79' lang='grc' dir='ltr'>παραμυθίαν</span> <span class='ocrx_word' id='word_1_478' title='bbox 1600 5345 1756 5421; x_wconf 75' lang='grc' dir='ltr'>εὗρόν</span> <span class='ocrx_word' id='word_1_479' title='bbox 1783 5369 1929 5404; x_wconf 91' lang='grc' dir='ltr'>τινα·</span> <span class='ocrx_word' id='word_1_480' title='bbox 1973 5355 2114 5415; x_wconf 67' lang='grc' dir='ltr'>ἐπεὶ,</span> 
     </span>
    </p>
   </div>
   <div class='ocr_carea' id='block_1_59' title="bbox 455 5433 2120 5503">
    <p class='ocr_par' dir='ltr' id='par_1_59' title="bbox 455 5433 2120 5503">
     <span class='ocr_line' id='line_1_59' title="bbox 455 5433 2120 5503; baseline 0.002 -18"><span class='ocrx_word' id='word_1_481' title='bbox 455 5437 501 5486; x_wconf 85' lang='grc' dir='ltr'>εἰ</span> <span class='ocrx_word' id='word_1_482' title='bbox 525 5437 598 5502; x_wconf 83' lang='grc' dir='ltr'>μὴ</span> <span class='ocrx_word' id='word_1_483' title='bbox 629 5434 780 5484; x_wconf 78' lang='grc' dir='ltr'>τοῦτό</span> <span class='ocrx_word' id='word_1_484' title='bbox 805 5434 944 5497; x_wconf 83' lang='grc' dir='ltr'>ἐστι,</span> <span class='ocrx_word' id='word_1_485' title='bbox 977 5434 1092 5495; x_wconf 73' lang='grc' dir='ltr'>πῶς</span> <span class='ocrx_word' id='word_1_486' title='bbox 1116 5433 1181 5484; x_wconf 75' lang='grc' dir='ltr'>τὰ</span> <span class='ocrx_word' id='word_1_487' title='bbox 1207 5434 1391 5485; x_wconf 84' lang='grc' dir='ltr'>παιδία</span> <span class='ocrx_word' id='word_1_488' title='bbox 1420 5434 1648 5498; x_wconf 78' lang='grc' dir='ltr'>σώζεται</span> <span class='ocrx_word' id='word_1_489' title='bbox 1675 5453 1687 5499; x_wconf 89' lang='grc'>;</span> <span class='ocrx_word' id='word_1_490' title='bbox 1718 5435 1981 5503; x_wconf 53' lang='grc' dir='ltr'>καίτοιγε</span> <span class='ocrx_word' id='word_1_491' title='bbox 2005 5439 2120 5489; x_wconf 85' lang='grc' dir='ltr'>ἐκεῖ</span> 
     </span>
    </p>
   </div>
   <div class='ocr_carea' id='block_1_60' title="bbox 455 5515 2118 5587">
    <p class='ocr_par' dir='ltr' id='par_1_60' title="bbox 455 5515 2118 5587">
     <span class='ocr_line' id='line_1_60' title="bbox 455 5515 2118 5587; baseline 0.002 -19"><span class='ocrx_word' id='word_1_492' title='bbox 455 5517 605 5568; x_wconf 71' lang='grc' dir='ltr'>οὐδὲν</span> <span class='ocrx_word' id='word_1_493' title='bbox 640 5515 774 5566; x_wconf 75' lang='grc' dir='ltr'>αὐτὰ</span> <span class='ocrx_word' id='word_1_494' title='bbox 804 5516 1064 5584; x_wconf 75' lang='grc' dir='ltr'>εἰσφέρει,</span> <span class='ocrx_word' id='word_1_495' title='bbox 1090 5515 1202 5566; x_wconf 82' lang='grc' dir='ltr'>ἀλλ’</span> <span class='ocrx_word' id='word_1_496' title='bbox 1234 5518 1281 5566; x_wconf 89' lang='grc' dir='ltr'>οἱ</span> <span class='ocrx_word' id='word_1_497' title='bbox 1314 5519 1490 5582; x_wconf 82' lang='grc' dir='ltr'>γονεῖς</span> <span class='ocrx_word' id='word_1_498' title='bbox 1512 5518 1570 5568; x_wconf 80' lang='grc' dir='ltr'>τὸ</span> <span class='ocrx_word' id='word_1_499' title='bbox 1598 5520 1731 5569; x_wconf 81' lang='grc' dir='ltr'>πᾶν·</span> <span class='ocrx_word' id='word_1_500' title='bbox 1760 5520 1854 5571; x_wconf 75' lang='grc' dir='ltr'>καὶ</span> <span class='ocrx_word' id='word_1_501' title='bbox 1876 5519 2118 5587; x_wconf 77' lang='grc' dir='ltr'>γυναιξὶν</span> 
     </span>
    </p>
   </div>
   <div class='ocr_carea' id='block_1_61' title="bbox 457 5598 2115 5670">
    <p class='ocr_par' dir='ltr' id='par_1_61' title="bbox 457 5598 2115 5670">
     <span class='ocr_line' id='line_1_61' title="bbox 457 5598 2115 5670; baseline 0.004 -20"><span class='ocrx_word' id='word_1_502' title='bbox 457 5598 718 5667; x_wconf 74' lang='grc' dir='ltr'>ἐχαρίσθη</span> <span class='ocrx_word' id='word_1_503' title='bbox 754 5600 934 5649; x_wconf 74' lang='grc' dir='ltr'>παιδία</span> <span class='ocrx_word' id='word_1_504' title='bbox 989 5599 1269 5660; x_wconf 72' lang='grc' dir='ltr'>πολλάκις,</span> <span class='ocrx_word' id='word_1_505' title='bbox 1323 5599 1474 5651; x_wconf 70' lang='grc' dir='ltr'>οὐδὲν</span> <span class='ocrx_word' id='word_1_506' title='bbox 1529 5601 1666 5653; x_wconf 72' lang='grc' dir='ltr'>αὐτὰ</span> <span class='ocrx_word' id='word_1_507' title='bbox 1721 5605 2115 5670; x_wconf 79' lang='grc' dir='ltr'>είσενεγκόντα.</span> 
     </span>
    </p>
   </div>
   <div class='ocr_carea' id='block_1_62' title="bbox 459 5682 2119 5756">
    <p class='ocr_par' dir='ltr' id='par_1_62' title="bbox 459 5682 2119 5756">
     <span class='ocr_line' id='line_1_62' title="bbox 459 5682 2119 5756; baseline 0.004 -22"><span class='ocrx_word' id='word_1_508' title='bbox 459 5683 664 5743; x_wconf 70' lang='grc' dir='ltr'>Πολλὰς</span> <span class='ocrx_word' id='word_1_509' title='bbox 701 5683 829 5748; x_wconf 77' lang='grc' dir='ltr'>ἡμῖν</span> <span class='ocrx_word' id='word_1_510' title='bbox 865 5683 890 5732; x_wconf 88' lang='lat'>6</span> <span class='ocrx_word' id='word_1_511' title='bbox 921 5683 1048 5742; x_wconf 70' lang='grc' dir='ltr'>Θεὸς</span> <span class='ocrx_word' id='word_1_512' title='bbox 1070 5682 1161 5734; x_wconf 79' lang='grc' dir='ltr'>τοῦ</span> <span class='ocrx_word' id='word_1_513' title='bbox 1197 5684 1459 5746; x_wconf 73' lang='grc' dir='ltr'>σώζεσθαι</span> <span class='ocrx_word' id='word_1_514' title='bbox 1487 5683 1720 5735; x_wconf 77' lang='grc' dir='ltr'>δέδωκεν</span> <span class='ocrx_word' id='word_1_515' title='bbox 1747 5686 1920 5748; x_wconf 74' lang='grc' dir='ltr'>όδοῦς,</span> <span class='ocrx_word' id='word_1_516' title='bbox 1960 5689 2119 5756; x_wconf 86' lang='grc' dir='ltr'>μόνον</span> 
     </span>
    </p>
   </div>
   <div class='ocr_carea' id='block_1_63' title="bbox 463 5766 856 5834">
    <p class='ocr_par' dir='ltr' id='par_1_63' title="bbox 463 5766 856 5834">
     <span class='ocr_line' id='line_1_63' title="bbox 463 5766 856 5834; baseline 0 -18"><span class='ocrx_word' id='word_1_517' title='bbox 463 5766 535 5834; x_wconf 74' lang='grc' dir='ltr'>μὴ</span> <span class='ocrx_word' id='word_1_518' title='bbox 571 5767 856 5834; x_wconf 74' lang='grc' dir='ltr'>ἁμελὼμεν</span> 
     </span>
    </p>
   </div>
   <div class='ocr_carea' id='block_1_64' title="bbox 516 5871 2121 5939">
    <p class='ocr_par' dir='ltr' id='par_1_64' title="bbox 516 5871 2121 5939">
     <span class='ocr_line' id='line_1_64' title="bbox 516 5871 2121 5939; baseline 0.003 -21"><span class='ocrx_word' id='word_1_519' title='bbox 516 5873 538 5895; x_wconf 73' lang='grc'>⁴¹</span> <span class='ocrx_word' id='word_1_520' title='bbox 586 5871 680 5918; x_wconf 69' lang='lat' dir='ltr'>Alii</span> <span class='ocrx_word' id='word_1_521' title='bbox 711 5874 871 5931; x_wconf 77' lang='grc' dir='ltr'>ὥσπερ</span> <span class='ocrx_word' id='word_1_522' title='bbox 903 5873 991 5932; x_wconf 74' lang='grc' dir='ltr'>γάρ</span> <span class='ocrx_word' id='word_1_523' title='bbox 1012 5872 1048 5918; x_wconf 78' lang='grc' dir='ltr'>εἰ</span> <span class='ocrx_word' id='word_1_524' title='bbox 1069 5871 1239 5932; x_wconf 75' lang='grc' dir='ltr'>κύριος.</span> <span class='ocrx_word' id='word_1_525' title='bbox 1339 5871 1366 5908; x_wconf 69' lang='grc' dir='ltr'>δ</span> <span class='ocrx_word' id='word_1_526' title='bbox 1395 5871 1528 5939; x_wconf 66' lang='lat' dir='ltr'><strong>Unus</strong></span> <span class='ocrx_word' id='word_1_527' title='bbox 1552 5874 1755 5933; x_wconf 74' lang='grc' dir='ltr'>θέλωμεν</span> <span class='ocrx_word' id='word_1_528' title='bbox 1795 5877 1968 5936; x_wconf 74' lang='grc' dir='ltr'>ἡμέραν</span> <span class='ocrx_word' id='word_1_529' title='bbox 1994 5878 2121 5936; x_wconf 70' lang='grc' dir='ltr'>αὐτῷ</span> 
     </span>
    </p>
   </div>
   <div class='ocr_carea' id='block_1_65' title="bbox 459 5934 2122 5994">
    <p class='ocr_par' dir='ltr' id='par_1_65' title="bbox 459 5934 2122 5994">
     <span class='ocr_line' id='line_1_65' title="bbox 459 5934 2122 5994; baseline 0.007 -19"><span class='ocrx_word' id='word_1_530' title='bbox 459 5935 668 5986; x_wconf 59' lang='grc' dir='ltr'>γενέσθαι</span> <span class='ocrx_word' id='word_1_531' title='bbox 705 5935 787 5988; x_wconf 74' lang='grc' dir='ltr'>τὴν</span> <span class='ocrx_word' id='word_1_532' title='bbox 829 5935 1038 5979; x_wconf 68' lang='grc' dir='ltr'>κόλασιν,</span> <span class='ocrx_word' id='word_1_533' title='bbox 1129 5938 1148 5956; x_wconf 68' lang='grc' dir='ltr'>ε·</span> <span class='ocrx_word' id='word_1_534' title='bbox 1180 5935 1355 5978; x_wconf 63' lang='lat' dir='ltr'>Vocem</span> <span class='ocrx_word' id='word_1_535' title='bbox 1401 5934 1586 5987; x_wconf 76' lang='grc' dir='ltr'>ἀλλους,</span> <span class='ocrx_word' id='word_1_536' title='bbox 1619 5949 1712 5994; x_wconf 73' lang='lat' dir='ltr'>qua</span> <span class='ocrx_word' id='word_1_537' title='bbox 1742 5934 1964 5984; x_wconf 59' lang='lat' dir='ltr'>carebunt</span> <span class='ocrx_word' id='word_1_538' title='bbox 2002 5934 2122 5988; x_wconf 22' lang='lat' dir='ltr'>cdll‘i</span> 
     </span>
    </p>
   </div>
   <div class='ocr_carea' id='block_1_66' title="bbox 463 5996 1653 6050">
    <p class='ocr_par' dir='ltr' id='par_1_66' title="bbox 463 5996 1653 6050">
     <span class='ocr_line' id='line_1_66' title="bbox 463 5996 1653 6050; baseline 0.001 -8"><span class='ocrx_word' id='word_1_539' title='bbox 463 6005 650 6050; x_wconf 67' lang='lat' dir='ltr'>omum,</span> <span class='ocrx_word' id='word_1_540' title='bbox 688 6007 800 6043; x_wconf 79' lang='lat' dir='ltr'>mss.</span> <span class='ocrx_word' id='word_1_541' title='bbox 843 5998 1129 6042; x_wconf 68' lang='lat' dir='ltr'>mu‘lurilalc</span> <span class='ocrx_word' id='word_1_542' title='bbox 1188 5997 1491 6042; x_wconf 61' lang='lat' dir='ltr'>ilhvruiuuu.</span> <span class='ocrx_word' id='word_1_543' title='bbox 1524 5996 1653 6043; x_wconf 64' lang='lat' dir='ltr'>lim-1.</span> 
     </span>
    </p>
   </div>
   <div class='ocr_carea' id='block_1_67' title="bbox 1207 382 3052 447">
    <p class='ocr_par' dir='ltr' id='par_1_67' title="bbox 1207 382 3052 447">
     <span class='ocr_line' id='line_1_67' title="bbox 1207 382 3052 447; baseline -0.003 0"><span class='ocrx_word' id='word_1_544' title='bbox 1207 393 1264 447; x_wconf 85' lang='lat' dir='ltr'>S.</span> <span class='ocrx_word' id='word_1_545' title='bbox 1305 389 1591 447; x_wconf 72' lang='lat' dir='ltr'>JOANNIS</span> <span class='ocrx_word' id='word_1_546' title='bbox 1623 384 2112 443; x_wconf 71' lang='lat' dir='ltr'>CIIRYSOSTOMI</span> <span class='ocrx_word' id='word_1_547' title='bbox 2153 383 2474 439; x_wconf 75' lang='lat' dir='ltr'>ARCHIEP.</span> <span class='ocrx_word' id='word_1_548' title='bbox 2507 382 3052 441; x_wconf 69' lang='lat' dir='ltr'>CONSTANTINOP.</span> 
     </span>
    </p>
   </div>
   <div class='ocr_carea' id='block_1_68' title="bbox 3779 389 3879 444">
    <p class='ocr_par' dir='ltr' id='par_1_68' title="bbox 3779 389 3879 444">
     <span class='ocr_line' id='line_1_68' title="bbox 3779 389 3879 444; baseline 0 -1"><span class='ocrx_word' id='word_1_549' title='bbox 3779 389 3879 444; x_wconf 82' lang='lat' dir='ltr'>I70</span> 
     </span>
    </p>
   </div>
   <div class='ocr_carea' id='block_1_69' title="bbox 2273 495 3879 574">
    <p class='ocr_par' dir='ltr' id='par_1_69' title="bbox 2273 495 3879 574">
     <span class='ocr_line' id='line_1_69' title="bbox 2273 495 3879 574; baseline 0.002 -22"><span class='ocrx_word' id='word_1_550' title='bbox 2273 500 2334 552; x_wconf 86' lang='grc' dir='ltr'>ε’.</span> <span class='ocrx_word' id='word_1_551' title='bbox 2387 499 2450 552; x_wconf 85' lang='grc' dir='ltr'>Τί</span> <span class='ocrx_word' id='word_1_552' title='bbox 2477 495 2590 562; x_wconf 86' lang='grc' dir='ltr'>οῦν,</span> <span class='ocrx_word' id='word_1_553' title='bbox 2613 502 2678 555; x_wconf 79' lang='grc' dir='ltr'>ἀν</span> <span class='ocrx_word' id='word_1_554' title='bbox 2707 519 2788 565; x_wconf 89' lang='grc' dir='ltr'>τις</span> <span class='ocrx_word' id='word_1_555' title='bbox 2822 498 3062 574; x_wconf 72' lang='grc' dir='ltr'>πένηςῇ,</span> <span class='ocrx_word' id='word_1_556' title='bbox 3097 503 3267 573; x_wconf 86' lang='grc' dir='ltr'>φησί;</span> <span class='ocrx_word' id='word_1_557' title='bbox 3301 503 3467 556; x_wconf 89' lang='grc' dir='ltr'>Πάλιν</span> <span class='ocrx_word' id='word_1_558' title='bbox 3517 503 3647 574; x_wconf 77' lang='grc' dir='ltr'>ἐρῶ,</span> <span class='ocrx_word' id='word_1_559' title='bbox 3679 503 3740 556; x_wconf 87' lang='lat'>16</span> <span class='ocrx_word' id='word_1_560' title='bbox 3773 521 3879 556; x_wconf 76' lang='lat'><strong>1:0-</strong></span> 
     </span>
    </p>
   </div>
   <div class='ocr_carea' id='block_1_70' title="bbox 2202 586 3880 662">
    <p class='ocr_par' dir='ltr' id='par_1_70' title="bbox 2202 586 3880 662">
     <span class='ocr_line' id='line_1_70' title="bbox 2202 586 3880 662; baseline 0.004 -24"><span class='ocrx_word' id='word_1_561' title='bbox 2202 586 2264 640; x_wconf 71' lang='grc' dir='ltr'>λὺ</span> <span class='ocrx_word' id='word_1_562' title='bbox 2300 587 2398 657; x_wconf 78' lang='grc' dir='ltr'>τῆς</span> <span class='ocrx_word' id='word_1_563' title='bbox 2459 588 2826 660; x_wconf 74' lang='grc' dir='ltr'>ἐλεημοσύνης</span> <span class='ocrx_word' id='word_1_564' title='bbox 2865 591 2963 643; x_wconf 74' lang='grc' dir='ltr'>οὐκ</span> <span class='ocrx_word' id='word_1_565' title='bbox 3023 592 3086 642; x_wconf 84' lang='grc' dir='ltr'>ἐκ</span> <span class='ocrx_word' id='word_1_566' title='bbox 3139 590 3246 642; x_wconf 79' lang='grc' dir='ltr'>τῶν</span> <span class='ocrx_word' id='word_1_567' title='bbox 3288 589 3577 660; x_wconf 86' lang='grc' dir='ltr'>διδομένων</span> <span class='ocrx_word' id='word_1_568' title='bbox 3627 591 3880 662; x_wconf 75' lang='grc' dir='ltr'>κρίνεται</span> 
     </span>
    </p>
   </div>
   <div class='ocr_carea' id='block_1_71' title="bbox 2205 673 3882 748">
    <p class='ocr_par' dir='ltr' id='par_1_71' title="bbox 2205 673 3882 748">
     <span class='ocr_line' id='line_1_71' title="bbox 2205 673 3882 748; baseline 0.001 -23"><span class='ocrx_word' id='word_1_569' title='bbox 2205 673 2388 742; x_wconf 88' lang='grc' dir='ltr'>μόνον,</span> <span class='ocrx_word' id='word_1_570' title='bbox 2417 673 2550 726; x_wconf 90' lang='grc' dir='ltr'>ἀλλά</span> <span class='ocrx_word' id='word_1_571' title='bbox 2591 675 2682 727; x_wconf 68' lang='grc' dir='ltr'>καὶ</span> <span class='ocrx_word' id='word_1_572' title='bbox 2705 677 2768 728; x_wconf 85' lang='grc' dir='ltr'>ἐκ</span> <span class='ocrx_word' id='word_1_573' title='bbox 2814 675 2911 744; x_wconf 80' lang='grc' dir='ltr'>τῆς</span> <span class='ocrx_word' id='word_1_574' title='bbox 2979 675 3370 746; x_wconf 87' lang='grc' dir='ltr'>προαιρέσεως.</span> <span class='ocrx_word' id='word_1_575' title='bbox 3422 678 3601 730; x_wconf 86' lang='grc' dir='ltr'>Μόνον</span> <span class='ocrx_word' id='word_1_576' title='bbox 3650 679 3724 748; x_wconf 82' lang='grc' dir='ltr'>μὴ</span> <span class='ocrx_word' id='word_1_577' title='bbox 3768 677 3882 747; x_wconf 80' lang='grc' dir='ltr'>δῷς</span> 
     </span>
    </p>
   </div>
   <div class='ocr_carea' id='block_1_72' title="bbox 2201 759 3880 829">
    <p class='ocr_par' dir='ltr' id='par_1_72' title="bbox 2201 759 3880 829">
     <span class='ocr_line' id='line_1_72' title="bbox 2201 759 3880 829; baseline 0.003 -17"><span class='ocrx_word' id='word_1_578' title='bbox 2201 760 2419 813; x_wconf 70' lang='grc' dir='ltr'>ἔλαττον</span> <span class='ocrx_word' id='word_1_579' title='bbox 2463 759 2563 828; x_wconf 80' lang='grc' dir='ltr'>τῆς</span> <span class='ocrx_word' id='word_1_580' title='bbox 2617 760 2920 828; x_wconf 80' lang='grc' dir='ltr'>δυνάμεως,</span> <span class='ocrx_word' id='word_1_581' title='bbox 2968 763 3063 815; x_wconf 74' lang='grc' dir='ltr'>καὶ</span> <span class='ocrx_word' id='word_1_582' title='bbox 3109 763 3170 815; x_wconf 89' lang='grc' dir='ltr'>τὸ</span> <span class='ocrx_word' id='word_1_583' title='bbox 3208 764 3315 816; x_wconf 80' lang='grc' dir='ltr'>πᾶν</span> <span class='ocrx_word' id='word_1_584' title='bbox 3349 764 3614 829; x_wconf 81' lang='grc' dir='ltr'>ἐξέτισας.</span> <span class='ocrx_word' id='word_1_585' title='bbox 3656 765 3720 816; x_wconf 94' lang='grc' dir='ltr'>Τί</span> <span class='ocrx_word' id='word_1_586' title='bbox 3758 759 3880 826; x_wconf 76' lang='grc' dir='ltr'>οὖν,</span> 
     </span>
    </p>
   </div>
   <div class='ocr_carea' id='block_1_73' title="bbox 2203 844 3883 924">
    <p class='ocr_par' dir='ltr' id='par_1_73' title="bbox 2203 844 3883 924">
     <span class='ocr_line' id='line_1_73' title="bbox 2203 844 3883 924; baseline 0.001 -22"><span class='ocrx_word' id='word_1_587' title='bbox 2203 849 2356 918; x_wconf 82' lang='grc' dir='ltr'>φησὶ,</span> <span class='ocrx_word' id='word_1_588' title='bbox 2385 848 2450 902; x_wconf 77' lang='grc' dir='ltr'>ἂν</span> <span class='ocrx_word' id='word_1_589' title='bbox 2481 848 2687 918; x_wconf 80' lang='grc' dir='ltr'>ἔρημος</span> <span class='ocrx_word' id='word_1_590' title='bbox 2787 851 2880 902; x_wconf 79' lang='grc' dir='ltr'>καὶ</span> <span class='ocrx_word' id='word_1_591' title='bbox 2910 849 3078 914; x_wconf 78' lang='grc' dir='ltr'>ξένος,</span> <span class='ocrx_word' id='word_1_592' title='bbox 3119 853 3215 905; x_wconf 74' lang='grc' dir='ltr'>καὶ</span> <span class='ocrx_word' id='word_1_593' title='bbox 3251 852 3453 922; x_wconf 80' lang='grc' dir='ltr'>μηδένα</span> <span class='ocrx_word' id='word_1_594' title='bbox 3489 853 3622 924; x_wconf 74' lang='grc' dir='ltr'>ἔχῃς</span> <span class='ocrx_word' id='word_1_595' title='bbox 3667 853 3766 906; x_wconf 83' lang='grc' dir='ltr'>Διά</span> <span class='ocrx_word' id='word_1_596' title='bbox 3822 853 3883 905; x_wconf 87' lang='grc' dir='ltr'>τί</span> 
     </span>
    </p>
   </div>
   <div class='ocr_carea' id='block_1_74' title="bbox 2200 936 3886 1009">
    <p class='ocr_par' dir='ltr' id='par_1_74' title="bbox 2200 936 3886 1009">
     <span class='ocr_line' id='line_1_74' title="bbox 2200 936 3886 1009; baseline 0.001 -20"><span class='ocrx_word' id='word_1_597' title='bbox 2200 939 2308 1006; x_wconf 74' lang='grc' dir='ltr'>γὰρ</span> <span class='ocrx_word' id='word_1_598' title='bbox 2341 936 2541 1006; x_wconf 85' lang='grc' dir='ltr'>μηδένα</span> <span class='ocrx_word' id='word_1_599' title='bbox 2576 937 2724 1006; x_wconf 61' lang='lat' dir='ltr'>Exn;</span> <span class='ocrx_word' id='word_1_600' title='bbox 2766 936 2884 988; x_wconf 88' lang='grc' dir='ltr'>είπέ</span> <span class='ocrx_word' id='word_1_601' title='bbox 2948 957 3059 1006; x_wconf 87' lang='grc' dir='ltr'>μοι.</span> <span class='ocrx_word' id='word_1_602' title='bbox 3111 940 3303 1009; x_wconf 84' lang='grc' dir='ltr'>Τούτῳ</span> <span class='ocrx_word' id='word_1_603' title='bbox 3361 941 3512 1009; x_wconf 81' lang='grc' dir='ltr'>αὐτῷ</span> <span class='ocrx_word' id='word_1_604' title='bbox 3564 942 3748 994; x_wconf 88' lang='grc' dir='ltr'>δίδωσι</span> <span class='ocrx_word' id='word_1_605' title='bbox 3798 941 3886 994; x_wconf 82' lang='grc' dir='ltr'>δί-</span> 
     </span>
    </p>
   </div>
   <div class='ocr_carea' id='block_1_75' title="bbox 2201 1025 3881 1100">
    <p class='ocr_par' dir='ltr' id='par_1_75' title="bbox 2201 1025 3881 1100">
     <span class='ocr_line' id='line_1_75' title="bbox 2201 1025 3881 1100; baseline 0.004 -24"><span class='ocrx_word' id='word_1_606' title='bbox 2201 1041 2323 1094; x_wconf 88' lang='grc' dir='ltr'>κην,</span> <span class='ocrx_word' id='word_1_607' title='bbox 2371 1025 2451 1078; x_wconf 82' lang='grc' dir='ltr'>δτι</span> <span class='ocrx_word' id='word_1_608' title='bbox 2513 1025 2720 1096; x_wconf 86' lang='grc' dir='ltr'>μηδένα</span> <span class='ocrx_word' id='word_1_609' title='bbox 2775 1025 2917 1077; x_wconf 80' lang='grc' dir='ltr'>οὕτω</span> <span class='ocrx_word' id='word_1_610' title='bbox 2980 1026 3153 1095; x_wconf 85' lang='grc' dir='ltr'>φίλον,</span> <span class='ocrx_word' id='word_1_611' title='bbox 3197 1027 3370 1092; x_wconf 76' lang='grc' dir='ltr'>οὕτως</span> <span class='ocrx_word' id='word_1_612' title='bbox 3437 1030 3689 1099; x_wconf 76' lang='grc' dir='ltr'>ἐνάρετον</span> <span class='ocrx_word' id='word_1_613' title='bbox 3739 1029 3881 1100; x_wconf 73' lang='grc' dir='ltr'>ἔχει.</span> 
     </span>
    </p>
   </div>
   <div class='ocr_carea' id='block_1_76' title="bbox 2201 1109 3882 1189">
    <p class='ocr_par' dir='ltr' id='par_1_76' title="bbox 2201 1109 3882 1189">
     <span class='ocr_line' id='line_1_76' title="bbox 2201 1109 3882 1189; baseline 0.001 -24"><span class='ocrx_word' id='word_1_614' title='bbox 2201 1113 2372 1167; x_wconf 89' lang='grc' dir='ltr'>Τοῦτο</span> <span class='ocrx_word' id='word_1_615' title='bbox 2434 1109 2526 1166; x_wconf 83' lang='grc' dir='ltr'>οῦν</span> <span class='ocrx_word' id='word_1_616' title='bbox 2577 1113 2806 1180; x_wconf 88' lang='grc' dir='ltr'>γίνεται,</span> <span class='ocrx_word' id='word_1_617' title='bbox 2864 1113 2970 1178; x_wconf 85' lang='grc' dir='ltr'>ἵνα,</span> <span class='ocrx_word' id='word_1_618' title='bbox 3005 1115 3109 1167; x_wconf 71' lang='grc' dir='ltr'>κᾶν</span> <span class='ocrx_word' id='word_1_619' title='bbox 3139 1115 3293 1168; x_wconf 73' lang='grc' dir='ltr'>αὐτοὶ</span> <span class='ocrx_word' id='word_1_620' title='bbox 3325 1117 3400 1186; x_wconf 84' lang='grc' dir='ltr'>μὴ</span> <span class='ocrx_word' id='word_1_621' title='bbox 3428 1110 3579 1188; x_wconf 80' lang='grc' dir='ltr'>ὦμεν</span> <span class='ocrx_word' id='word_1_622' title='bbox 3610 1118 3882 1189; x_wconf 84' lang='grc' dir='ltr'>ἐνάρετοι,</span> 
     </span>
    </p>
   </div>
   <div class='ocr_carea' id='block_1_77' title="bbox 2203 1201 3886 1276">
    <p class='ocr_par' dir='ltr' id='par_1_77' title="bbox 2203 1201 3886 1276">
     <span class='ocr_line' id='line_1_77' title="bbox 2203 1201 3886 1276; baseline 0.002 -22"><span class='ocrx_word' id='word_1_623' title='bbox 2203 1201 2592 1272; x_wconf 74' lang='grc' dir='ltr'>σπουδάζωμεν</span> <span class='ocrx_word' id='word_1_624' title='bbox 2627 1203 2876 1273; x_wconf 81' lang='grc' dir='ltr'>ἑταίρους</span> <span class='ocrx_word' id='word_1_625' title='bbox 2913 1203 3007 1255; x_wconf 74' lang='grc' dir='ltr'>καὶ</span> <span class='ocrx_word' id='word_1_626' title='bbox 3039 1203 3226 1272; x_wconf 85' lang='grc' dir='ltr'>φίλους</span> <span class='ocrx_word' id='word_1_627' title='bbox 3260 1205 3556 1273; x_wconf 86' lang='grc' dir='ltr'>ἐναρέτους</span> <span class='ocrx_word' id='word_1_628' title='bbox 3589 1206 3750 1276; x_wconf 79' lang='grc' dir='ltr'>ἔχειν,</span> <span class='ocrx_word' id='word_1_629' title='bbox 3782 1207 3886 1258; x_wconf 78' lang='grc' dir='ltr'>καὶ</span> 
     </span>
    </p>
   </div>
   <div class='ocr_carea' id='block_1_78' title="bbox 2201 1290 3881 1362">
    <p class='ocr_par' dir='ltr' id='par_1_78' title="bbox 2201 1290 3881 1362">
     <span class='ocr_line' id='line_1_78' title="bbox 2201 1290 3881 1362; baseline 0.001 -20"><span class='ocrx_word' id='word_1_630' title='bbox 2201 1293 2436 1357; x_wconf 87' lang='grc' dir='ltr'>γυναῖκα</span> <span class='ocrx_word' id='word_1_631' title='bbox 2463 1293 2556 1342; x_wconf 81' lang='grc' dir='ltr'>κα).</span> <span class='ocrx_word' id='word_1_632' title='bbox 2576 1290 2708 1347; x_wconf 81' lang='grc' dir='ltr'>υἱὸν.</span> <span class='ocrx_word' id='word_1_633' title='bbox 2742 1291 2818 1352; x_wconf 82' lang='grc' dir='ltr'>ὡς</span> <span class='ocrx_word' id='word_1_634' title='bbox 2849 1290 3220 1362; x_wconf 88' lang='grc' dir='ltr'>καρπούμενοί</span> <span class='ocrx_word' id='word_1_635' title='bbox 3278 1309 3330 1344; x_wconf 89' lang='grc' dir='ltr'>τι</span> <span class='ocrx_word' id='word_1_636' title='bbox 3385 1293 3482 1344; x_wconf 81' lang='grc' dir='ltr'>καὶ</span> <span class='ocrx_word' id='word_1_637' title='bbox 3529 1292 3595 1344; x_wconf 87' lang='grc' dir='ltr'>δι’</span> <span class='ocrx_word' id='word_1_638' title='bbox 3656 1293 3838 1347; x_wconf 64' lang='grc' dir='ltr'>αὒτῶν</span> <span class='ocrx_word' id='word_1_639' title='bbox 3863 1309 3881 1323; x_wconf 78' lang='grc' dir='ltr'><strong><em>ο</em></strong></span> 
     </span>
    </p>
   </div>
   <div class='ocr_carea' id='block_1_79' title="bbox 2206 1377 3884 1451">
    <p class='ocr_par' dir='ltr' id='par_1_79' title="bbox 2206 1377 3884 1451">
     <span class='ocr_line' id='line_1_79' title="bbox 2206 1377 3884 1451; baseline 0.004 -23"><span class='ocrx_word' id='word_1_640' title='bbox 2206 1377 2401 1448; x_wconf 77' lang='grc' dir='ltr'>μικρὸν</span> <span class='ocrx_word' id='word_1_641' title='bbox 2459 1378 2557 1447; x_wconf 80' lang='grc' dir='ltr'>μὲν</span> <span class='ocrx_word' id='word_1_642' title='bbox 2611 1379 3006 1447; x_wconf 83' lang='grc' dir='ltr'>καρπούμενοι,</span> <span class='ocrx_word' id='word_1_643' title='bbox 3035 1379 3412 1449; x_wconf 78' lang='grc' dir='ltr'>καρπούμενοι</span> <span class='ocrx_word' id='word_1_644' title='bbox 3442 1381 3497 1433; x_wconf 85' lang='grc' dir='ltr'>δέ</span> <span class='ocrx_word' id='word_1_645' title='bbox 3529 1382 3700 1451; x_wconf 84' lang='grc' dir='ltr'>ὅμως.</span> <span class='ocrx_word' id='word_1_646' title='bbox 3780 1381 3884 1434; x_wconf 76' lang='grc' dir='ltr'>Ἂν</span> 
     </span>
    </p>
   </div>
   <div class='ocr_carea' id='block_1_80' title="bbox 2203 1465 3884 1537">
    <p class='ocr_par' dir='ltr' id='par_1_80' title="bbox 2203 1465 3884 1537">
     <span class='ocr_line' id='line_1_80' title="bbox 2203 1465 3884 1537; baseline 0.002 -20"><span class='ocrx_word' id='word_1_647' title='bbox 2203 1465 2536 1537; x_wconf 78' lang='grc' dir='ltr'>σπουδάσῃς,</span> <span class='ocrx_word' id='word_1_648' title='bbox 2569 1467 2642 1536; x_wconf 84' lang='grc' dir='ltr'>μὴ</span> <span class='ocrx_word' id='word_1_649' title='bbox 2675 1466 3032 1529; x_wconf 81' lang='grc' dir='ltr'>πλουτοῦσαν,</span> <span class='ocrx_word' id='word_1_650' title='bbox 3057 1466 3174 1519; x_wconf 80' lang='grc' dir='ltr'>ἀλλ’</span> <span class='ocrx_word' id='word_1_651' title='bbox 3206 1468 3411 1537; x_wconf 73' lang='grc' dir='ltr'>εὐλαϐῆ</span> <span class='ocrx_word' id='word_1_652' title='bbox 3439 1472 3671 1535; x_wconf 85' lang='grc' dir='ltr'>γυναῖκα</span> <span class='ocrx_word' id='word_1_653' title='bbox 3737 1471 3884 1535; x_wconf 80' lang='grc' dir='ltr'>ἀγαο</span> 
     </span>
    </p>
   </div>
   <div class='ocr_carea' id='block_1_81' title="bbox 2199 1552 3886 1626">
    <p class='ocr_par' dir='ltr' id='par_1_81' title="bbox 2199 1552 3886 1626">
     <span class='ocr_line' id='line_1_81' title="bbox 2199 1552 3886 1626; baseline 0.001 -20"><span class='ocrx_word' id='word_1_654' title='bbox 2199 1552 2413 1621; x_wconf 88' lang='grc' dir='ltr'>γέσθαι,</span> <span class='ocrx_word' id='word_1_655' title='bbox 2451 1552 2649 1624; x_wconf 85' lang='grc' dir='ltr'>ταύτης</span> <span class='ocrx_word' id='word_1_656' title='bbox 2685 1554 2712 1592; x_wconf 77' lang='grc' dir='ltr'><strong><em>ἀ</em></strong></span> <span class='ocrx_word' id='word_1_657' title='bbox 2745 1553 3028 1626; x_wconf 82' lang='grc' dir='ltr'>ἀπολαύσῃ</span> <span class='ocrx_word' id='word_1_658' title='bbox 3074 1554 3173 1624; x_wconf 80' lang='grc' dir='ltr'>τῆς</span> <span class='ocrx_word' id='word_1_659' title='bbox 3225 1556 3602 1625; x_wconf 72' lang='grc' dir='ltr'>παραμυθίας.</span> <span class='ocrx_word' id='word_1_660' title='bbox 3647 1557 3886 1626; x_wconf 78' lang='grc' dir='ltr'>Ὁμοίως</span> 
     </span>
    </p>
   </div>
   <div class='ocr_carea' id='block_1_82' title="bbox 2202 1640 3883 1712">
    <p class='ocr_par' dir='ltr' id='par_1_82' title="bbox 2202 1640 3883 1712">
     <span class='ocr_line' id='line_1_82' title="bbox 2202 1640 3883 1712; baseline 0.002 -21"><span class='ocrx_word' id='word_1_661' title='bbox 2202 1640 2267 1692; x_wconf 82' lang='grc' dir='ltr'>ἄν</span> <span class='ocrx_word' id='word_1_662' title='bbox 2301 1641 2631 1712; x_wconf 82' lang='grc' dir='ltr'>σπουδάσης,</span> <span class='ocrx_word' id='word_1_663' title='bbox 2697 1642 2772 1711; x_wconf 82' lang='grc' dir='ltr'>μὴ</span> <span class='ocrx_word' id='word_1_664' title='bbox 2821 1642 3152 1694; x_wconf 89' lang='grc' dir='ltr'>πλουτοῦντα</span> <span class='ocrx_word' id='word_1_665' title='bbox 3210 1643 3327 1696; x_wconf 77' lang='grc' dir='ltr'>υἱὸν</span> <span class='ocrx_word' id='word_1_666' title='bbox 3388 1643 3730 1706; x_wconf 83' lang='grc' dir='ltr'>καταλιπεῖν,</span> <span class='ocrx_word' id='word_1_667' title='bbox 3763 1642 3883 1697; x_wconf 78' lang='grc' dir='ltr'>ἀλλ’</span> 
     </span>
    </p>
   </div>
   <div class='ocr_carea' id='block_1_83' title="bbox 2201 1729 3885 1800">
    <p class='ocr_par' dir='ltr' id='par_1_83' title="bbox 2201 1729 3885 1800">
     <span class='ocr_line' id='line_1_83' title="bbox 2201 1729 3885 1800; baseline 0.002 -21"><span class='ocrx_word' id='word_1_668' title='bbox 2201 1729 2426 1799; x_wconf 72' lang='grc' dir='ltr'>εὐλαὸἧ,</span> <span class='ocrx_word' id='word_1_669' title='bbox 2485 1730 2581 1782; x_wconf 58' lang='grc' dir='ltr'>καλ⁵</span> <span class='ocrx_word' id='word_1_670' title='bbox 2642 1729 2934 1800; x_wconf 91' lang='grc' dir='ltr'>θυγάτριον</span> <span class='ocrx_word' id='word_1_671' title='bbox 3004 1730 3242 1800; x_wconf 77' lang='grc' dir='ltr'>σεμνὸν,</span> <span class='ocrx_word' id='word_1_672' title='bbox 3310 1731 3405 1785; x_wconf 80' lang='grc' dir='ltr'>καὶ</span> <span class='ocrx_word' id='word_1_673' title='bbox 3469 1731 3612 1784; x_wconf 78' lang='grc' dir='ltr'>οὓτω</span> <span class='ocrx_word' id='word_1_674' title='bbox 3676 1730 3885 1800; x_wconf 84' lang='grc' dir='ltr'>ταύτης</span> 
     </span>
    </p>
   </div>
   <div class='ocr_carea' id='block_1_84' title="bbox 2200 1817 3882 1890">
    <p class='ocr_par' dir='ltr' id='par_1_84' title="bbox 2200 1817 3882 1890">
     <span class='ocr_line' id='line_1_84' title="bbox 2200 1817 3882 1890; baseline 0.002 -22"><span class='ocrx_word' id='word_1_675' title='bbox 2200 1817 2482 1887; x_wconf 80' lang='grc' dir='ltr'>ἀπολαύσῃ</span> <span class='ocrx_word' id='word_1_676' title='bbox 2543 1819 2644 1886; x_wconf 75' lang='grc' dir='ltr'>τῆς</span> <span class='ocrx_word' id='word_1_677' title='bbox 2702 1818 3074 1887; x_wconf 84' lang='grc' dir='ltr'>παραμυθίας.</span> <span class='ocrx_word' id='word_1_678' title='bbox 3145 1818 3242 1870; x_wconf 70' lang='lat' dir='ltr'>“Av</span> <span class='ocrx_word' id='word_1_679' title='bbox 3305 1817 3478 1870; x_wconf 85' lang='grc' dir='ltr'>ταῦτα</span> <span class='ocrx_word' id='word_1_680' title='bbox 3548 1818 3882 1890; x_wconf 82' lang='grc' dir='ltr'>σπουδάσῃς,</span> 
     </span>
    </p>
   </div>
   <div class='ocr_carea' id='block_1_85' title="bbox 2201 1904 3886 1976">
    <p class='ocr_par' dir='ltr' id='par_1_85' title="bbox 2201 1904 3886 1976">
     <span class='ocr_line' id='line_1_85' title="bbox 2201 1904 3886 1976; baseline 0.001 -20"><span class='ocrx_word' id='word_1_681' title='bbox 2201 1904 2294 1956; x_wconf 77' lang='grc' dir='ltr'>καὶ</span> <span class='ocrx_word' id='word_1_682' title='bbox 2317 1905 2476 1966; x_wconf 76' lang='grc' dir='ltr'>αὐτὸς</span> <span class='ocrx_word' id='word_1_683' title='bbox 2529 1904 2626 1975; x_wconf 81' lang='grc' dir='ltr'>ἐση</span> <span class='ocrx_word' id='word_1_684' title='bbox 2673 1906 2930 1967; x_wconf 84' lang='grc' dir='ltr'>τοιοῦτος.</span> <span class='ocrx_word' id='word_1_685' title='bbox 2982 1907 3091 1958; x_wconf 54' lang='grc' dir='ltr'>Καὶ⁵</span> <span class='ocrx_word' id='word_1_686' title='bbox 3140 1904 3299 1958; x_wconf 81' lang='grc' dir='ltr'>τοῦτο</span> <span class='ocrx_word' id='word_1_687' title='bbox 3357 1906 3522 1976; x_wconf 82' lang='grc' dir='ltr'>μέρος</span> <span class='ocrx_word' id='word_1_688' title='bbox 3563 1906 3784 1976; x_wconf 76' lang='grc' dir='ltr'>ἀρετῆς,</span> <span class='ocrx_word' id='word_1_689' title='bbox 3820 1907 3886 1958; x_wconf 85' lang='grc' dir='ltr'>τὸ</span> 
     </span>
    </p>
   </div>
   <div class='ocr_carea' id='block_1_86' title="bbox 2199 1991 3882 2061">
    <p class='ocr_par' dir='ltr' id='par_1_86' title="bbox 2199 1991 3882 2061">
     <span class='ocr_line' id='line_1_86' title="bbox 2199 1991 3882 2061; baseline 0.002 -18"><span class='ocrx_word' id='word_1_690' title='bbox 2199 1991 2474 2054; x_wconf 82' lang='grc' dir='ltr'>τοιούτους</span> <span class='ocrx_word' id='word_1_691' title='bbox 2501 1992 2773 2061; x_wconf 77' lang='grc' dir='ltr'>αἱρεῖσθαι</span> <span class='ocrx_word' id='word_1_692' title='bbox 2805 1992 2898 2045; x_wconf 85' lang='grc' dir='ltr'>καί</span> <span class='ocrx_word' id='word_1_693' title='bbox 2925 1992 3133 2061; x_wconf 83' lang='grc' dir='ltr'>φίλους,</span> <span class='ocrx_word' id='word_1_694' title='bbox 3155 1993 3522 2060; x_wconf 78' lang='grc' dir='ltr'>κα¹ιγυναίκα,</span> <span class='ocrx_word' id='word_1_695' title='bbox 3551 1995 3644 2046; x_wconf 73' lang='grc' dir='ltr'>καὶ</span> <span class='ocrx_word' id='word_1_696' title='bbox 3668 1993 3882 2046; x_wconf 84' lang='grc' dir='ltr'>παιδία.</span> 
     </span>
    </p>
   </div>
   <div class='ocr_carea' id='block_1_87' title="bbox 2271 2080 3883 2149">
    <p class='ocr_par' dir='ltr' id='par_1_87' title="bbox 2271 2080 3883 2149">
     <span class='ocr_line' id='line_1_87' title="bbox 2271 2080 3883 2149; baseline 0.001 -16"><span class='ocrx_word' id='word_1_697' title='bbox 2271 2081 2385 2134; x_wconf 83' lang='grc' dir='ltr'>Ούκ</span> <span class='ocrx_word' id='word_1_698' title='bbox 2422 2080 2544 2149; x_wconf 88' lang='grc' dir='ltr'>είκῆ</span> <span class='ocrx_word' id='word_1_699' title='bbox 2580 2081 2887 2149; x_wconf 66' lang='grc' dir='ltr'>προσφορά).</span> <span class='ocrx_word' id='word_1_700' title='bbox 2915 2081 3055 2148; x_wconf 83' lang='grc' dir='ltr'>ὑπὲρ</span> <span class='ocrx_word' id='word_1_701' title='bbox 3082 2080 3189 2132; x_wconf 83' lang='grc' dir='ltr'>τῶν</span> <span class='ocrx_word' id='word_1_702' title='bbox 3226 2080 3568 2134; x_wconf 79' lang='grc' dir='ltr'>ἀπελθόντων</span> <span class='ocrx_word' id='word_1_703' title='bbox 3616 2081 3883 2148; x_wconf 84' lang='grc' dir='ltr'>γίνονται,</span> 
     </span>
    </p>
   </div>
   <div class='ocr_carea' id='block_1_88' title="bbox 2201 2166 3888 2238">
    <p class='ocr_par' dir='ltr' id='par_1_88' title="bbox 2201 2166 3888 2238">
     <span class='ocr_line' id='line_1_88' title="bbox 2201 2166 3888 2238; baseline 0.002 -18"><span class='ocrx_word' id='word_1_704' title='bbox 2201 2169 2300 2220; x_wconf 81' lang='grc' dir='ltr'>οῦκ</span> <span class='ocrx_word' id='word_1_705' title='bbox 2325 2166 2447 2236; x_wconf 82' lang='grc' dir='ltr'>εἰκῆ</span> <span class='ocrx_word' id='word_1_706' title='bbox 2471 2168 2760 2237; x_wconf 84' lang='grc' dir='ltr'>ἱκετηρίαι,</span> <span class='ocrx_word' id='word_1_707' title='bbox 2790 2169 2889 2220; x_wconf 86' lang='grc' dir='ltr'>ούκ</span> <span class='ocrx_word' id='word_1_708' title='bbox 2920 2169 3040 2238; x_wconf 88' lang='grc' dir='ltr'>είκῆ</span> <span class='ocrx_word' id='word_1_709' title='bbox 3072 2167 3470 2238; x_wconf 86' lang='grc' dir='ltr'>ἐλεημοσύναι·</span> <span class='ocrx_word' id='word_1_710' title='bbox 3502 2168 3672 2220; x_wconf 86' lang='grc' dir='ltr'>ταῦτα</span> <span class='ocrx_word' id='word_1_711' title='bbox 3704 2169 3888 2223; x_wconf 82' lang='grc' dir='ltr'>πάντα</span> 
     </span>
    </p>
   </div>
   <div class='ocr_carea' id='block_1_89' title="bbox 2202 2255 3886 2326">
    <p class='ocr_par' dir='ltr' id='par_1_89' title="bbox 2202 2255 3886 2326">
     <span class='ocr_line' id='line_1_89' title="bbox 2202 2255 3886 2326; baseline 0.001 -18"><span class='ocrx_word' id='word_1_712' title='bbox 2202 2259 2261 2308; x_wconf 86' lang='lat'>16</span> <span class='ocrx_word' id='word_1_713' title='bbox 2296 2256 2518 2324; x_wconf 84' lang='grc' dir='ltr'>Πνεῦμα</span> <span class='ocrx_word' id='word_1_714' title='bbox 2542 2255 2770 2319; x_wconf 80' lang='grc' dir='ltr'>διέταξε,</span> <span class='ocrx_word' id='word_1_715' title='bbox 2797 2256 2864 2308; x_wconf 73' lang='grc' dir='ltr'>δι’</span> <span class='ocrx_word' id='word_1_716' title='bbox 2897 2256 3139 2326; x_wconf 80' lang='grc' dir='ltr'>ἀλλήλων</span> <span class='ocrx_word' id='word_1_717' title='bbox 3167 2259 3312 2325; x_wconf 75' lang='grc' dir='ltr'>ἡμᾶς</span> <span class='ocrx_word' id='word_1_718' title='bbox 3339 2255 3664 2324; x_wconf 82' lang='grc' dir='ltr'>ὠφελεῖσθαι</span> <span class='ocrx_word' id='word_1_719' title='bbox 3700 2256 3886 2325; x_wconf 80' lang='grc' dir='ltr'>βουλό-</span> 
     </span>
    </p>
   </div>
   <div class='ocr_carea' id='block_1_90' title="bbox 2206 2336 3882 2410">
    <p class='ocr_par' dir='ltr' id='par_1_90' title="bbox 2206 2336 3882 2410">
     <span class='ocr_line' id='line_1_90' title="bbox 2206 2336 3882 2410; baseline -0.002 -19"><span class='ocrx_word' id='word_1_720' title='bbox 2206 2339 2536 2407; x_wconf 79' lang='grc' dir='ltr'>μενον.“ορα</span> <span class='ocrx_word' id='word_1_721' title='bbox 2571 2343 2678 2410; x_wconf 84' lang='grc' dir='ltr'>γάρ</span> <span class='ocrx_word' id='word_1_722' title='bbox 2697 2357 2708 2369; x_wconf 88' lang='grc'>·</span> <span class='ocrx_word' id='word_1_723' title='bbox 2742 2339 3041 2407; x_wconf 82' lang='grc' dir='ltr'>Ὠφελεῖται</span> <span class='ocrx_word' id='word_1_724' title='bbox 3061 2338 3211 2410; x_wconf 66' lang='grc'>[1761</span> <span class='ocrx_word' id='word_1_725' title='bbox 3230 2339 3533 2402; x_wconf 78' lang='grc' dir='ltr'>ἐκεῖνοςδιὰ</span> <span class='ocrx_word' id='word_1_726' title='bbox 3562 2338 3677 2399; x_wconf 84' lang='grc' dir='ltr'>σοῦ,</span> <span class='ocrx_word' id='word_1_727' title='bbox 3697 2336 3882 2409; x_wconf 74' lang='grc' dir='ltr'>ὠφελῇ</span> 
     </span>
    </p>
   </div>
   <div class='ocr_carea' id='block_1_91' title="bbox 2204 2426 3886 2497">
    <p class='ocr_par' dir='ltr' id='par_1_91' title="bbox 2204 2426 3886 2497">
     <span class='ocr_line' id='line_1_91' title="bbox 2204 2426 3886 2497; baseline 0 -20"><span class='ocrx_word' id='word_1_728' title='bbox 2204 2429 2267 2479; x_wconf 77' lang='grc' dir='ltr'>σὺ</span> <span class='ocrx_word' id='word_1_729' title='bbox 2326 2427 2392 2480; x_wconf 85' lang='grc' dir='ltr'>δι’</span> <span class='ocrx_word' id='word_1_730' title='bbox 2448 2430 2686 2478; x_wconf 83' lang='grc' dir='ltr'>ἐκεῖνον·</span> <span class='ocrx_word' id='word_1_731' title='bbox 2751 2428 3160 2496; x_wconf 82' lang='grc' dir='ltr'>κατεφρόνησας</span> <span class='ocrx_word' id='word_1_732' title='bbox 3223 2429 3545 2497; x_wconf 82' lang='grc' dir='ltr'>χρημάτων,</span> <span class='ocrx_word' id='word_1_733' title='bbox 3587 2426 3886 2496; x_wconf 81' lang='grc' dir='ltr'>προαχθεὶς</span> 
     </span>
    </p>
   </div>
   <div class='ocr_carea' id='block_1_92' title="bbox 2201 2513 3888 2584">
    <p class='ocr_par' dir='ltr' id='par_1_92' title="bbox 2201 2513 3888 2584">
     <span class='ocr_line' id='line_1_92' title="bbox 2201 2513 3888 2584; baseline 0.001 -18"><span class='ocrx_word' id='word_1_734' title='bbox 2201 2513 2538 2584; x_wconf 87' lang='grc' dir='ltr'>ἐργάσασθαί</span> <span class='ocrx_word' id='word_1_735' title='bbox 2560 2531 2611 2565; x_wconf 86' lang='grc' dir='ltr'>τι</span> <span class='ocrx_word' id='word_1_736' title='bbox 2647 2515 2890 2581; x_wconf 88' lang='grc' dir='ltr'>γενναῖον</span> <span class='ocrx_word' id='word_1_737' title='bbox 2910 2530 2922 2542; x_wconf 91' lang='grc'><strong>·</strong></span> <span class='ocrx_word' id='word_1_738' title='bbox 2958 2514 3050 2566; x_wconf 85' lang='grc' dir='ltr'>καὶ</span> <span class='ocrx_word' id='word_1_739' title='bbox 3075 2515 3138 2566; x_wconf 82' lang='grc' dir='ltr'>σὺ</span> <span class='ocrx_word' id='word_1_740' title='bbox 3165 2514 3313 2582; x_wconf 81' lang='grc' dir='ltr'>αὐτῷ</span> <span class='ocrx_word' id='word_1_741' title='bbox 3341 2519 3437 2583; x_wconf 76' lang='grc' dir='ltr'>τῆς</span> <span class='ocrx_word' id='word_1_742' title='bbox 3468 2515 3764 2584; x_wconf 82' lang='grc' dir='ltr'>σωτηρίας,</span> <span class='ocrx_word' id='word_1_743' title='bbox 3787 2515 3888 2567; x_wconf 68' lang='grc' dir='ltr'>καὶ</span> 
     </span>
    </p>
   </div>
   <div class='ocr_carea' id='block_1_93' title="bbox 2202 2601 3887 2672">
    <p class='ocr_par' dir='ltr' id='par_1_93' title="bbox 2202 2601 3887 2672">
     <span class='ocr_line' id='line_1_93' title="bbox 2202 2601 3887 2672; baseline -0.001 -17"><span class='ocrx_word' id='word_1_744' title='bbox 2202 2603 2360 2664; x_wconf 80' lang='grc' dir='ltr'>αὐτὸς</span> <span class='ocrx_word' id='word_1_745' title='bbox 2389 2604 2472 2654; x_wconf 69' lang='grc' dir='ltr'>σο).</span> <span class='ocrx_word' id='word_1_746' title='bbox 2498 2602 2596 2672; x_wconf 80' lang='grc' dir='ltr'>τῆς</span> <span class='ocrx_word' id='word_1_747' title='bbox 2628 2602 2997 2670; x_wconf 86' lang='grc' dir='ltr'>ἐλεημοσύνης</span> <span class='ocrx_word' id='word_1_748' title='bbox 3053 2601 3276 2670; x_wconf 88' lang='grc' dir='ltr'>γέγονεν</span> <span class='ocrx_word' id='word_1_749' title='bbox 3320 2603 3510 2664; x_wconf 70' lang='grc' dir='ltr'>αἴτιος.</span> <span class='ocrx_word' id='word_1_750' title='bbox 3556 2601 3646 2671; x_wconf 83' lang='grc' dir='ltr'>Μὴ</span> <span class='ocrx_word' id='word_1_751' title='bbox 3707 2601 3887 2671; x_wconf 84' lang='grc' dir='ltr'>ἀμφί-</span> 
     </span>
    </p>
   </div>
   <div class='ocr_carea' id='block_1_94' title="bbox 2203 2689 3887 2759">
    <p class='ocr_par' dir='ltr' id='par_1_94' title="bbox 2203 2689 3887 2759">
     <span class='ocr_line' id='line_1_94' title="bbox 2203 2689 3887 2759; baseline 0.002 -19"><span class='ocrx_word' id='word_1_752' title='bbox 2203 2689 2386 2751; x_wconf 81' lang='grc' dir='ltr'>6αλλε,</span> <span class='ocrx_word' id='word_1_753' title='bbox 2421 2692 2504 2742; x_wconf 85' lang='grc' dir='ltr'>ὅτι</span> <span class='ocrx_word' id='word_1_754' title='bbox 2533 2689 2888 2759; x_wconf 80' lang='grc' dir='ltr'>καρπώσεται</span> <span class='ocrx_word' id='word_1_755' title='bbox 2934 2706 2985 2740; x_wconf 86' lang='grc' dir='ltr'>τι</span> <span class='ocrx_word' id='word_1_756' title='bbox 3019 2691 3274 2758; x_wconf 86' lang='grc' dir='ltr'>χρηστόν.</span> <span class='ocrx_word' id='word_1_757' title='bbox 3328 2691 3439 2759; x_wconf 79' lang='grc' dir='ltr'>(Ιύχ</span> <span class='ocrx_word' id='word_1_758' title='bbox 3491 2689 3676 2751; x_wconf 82' lang='grc' dir='ltr'>ἁπλῶς</span> <span class='ocrx_word' id='word_1_759' title='bbox 3704 2691 3731 2740; x_wconf 97' lang='lat'>6</span> <span class='ocrx_word' id='word_1_760' title='bbox 3764 2689 3887 2743; x_wconf 84' lang='grc' dir='ltr'>διά-</span> 
     </span>
    </p>
   </div>
   <div class='ocr_carea' id='block_1_95' title="bbox 2203 2775 3888 2848">
    <p class='ocr_par' dir='ltr' id='par_1_95' title="bbox 2203 2775 3888 2848">
     <span class='ocr_line' id='line_1_95' title="bbox 2203 2775 3888 2848; baseline 0 -19"><span class='ocrx_word' id='word_1_761' title='bbox 2203 2793 2358 2840; x_wconf 89' lang='grc' dir='ltr'>κονος</span> <span class='ocrx_word' id='word_1_762' title='bbox 2384 2778 2502 2846; x_wconf 73' lang='grc' dir='ltr'>βοᾷο</span> <span class='ocrx_word' id='word_1_763' title='bbox 2546 2777 2716 2848; x_wconf 78' lang='grc' dir='ltr'>’Υπὲρ</span> <span class='ocrx_word' id='word_1_764' title='bbox 2734 2776 2841 2829; x_wconf 82' lang='grc' dir='ltr'>τῶν</span> <span class='ocrx_word' id='word_1_765' title='bbox 2864 2777 2922 2827; x_wconf 83' lang='grc' dir='ltr'>ἐν</span> <span class='ocrx_word' id='word_1_766' title='bbox 2949 2775 3169 2846; x_wconf 86' lang='grc' dir='ltr'>Χριστῷ</span> <span class='ocrx_word' id='word_1_767' title='bbox 3198 2779 3633 2846; x_wconf 85' lang='grc' dir='ltr'>κεκοιμημένων,</span> <span class='ocrx_word' id='word_1_768' title='bbox 3659 2778 3752 2830; x_wconf 73' lang='grc' dir='ltr'>καὶ</span> <span class='ocrx_word' id='word_1_769' title='bbox 3775 2779 3888 2830; x_wconf 82' lang='grc' dir='ltr'>τῶν</span> 
     </span>
    </p>
   </div>
   <div class='ocr_carea' id='block_1_96' title="bbox 2203 2864 3889 2935">
    <p class='ocr_par' dir='ltr' id='par_1_96' title="bbox 2203 2864 3889 2935">
     <span class='ocr_line' id='line_1_96' title="bbox 2203 2864 3889 2935; baseline 0.001 -17"><span class='ocrx_word' id='word_1_770' title='bbox 2203 2867 2300 2928; x_wconf 72' lang='grc' dir='ltr'>τὰς</span> <span class='ocrx_word' id='word_1_771' title='bbox 2338 2865 2528 2934; x_wconf 83' lang='grc' dir='ltr'>μνείας</span> <span class='ocrx_word' id='word_1_772' title='bbox 2561 2865 2700 2934; x_wconf 80' lang='grc' dir='ltr'>ὑπὲρ</span> <span class='ocrx_word' id='word_1_773' title='bbox 2736 2864 2911 2917; x_wconf 69' lang='grc' dir='ltr'>αὐτῶν</span> <span class='ocrx_word' id='word_1_774' title='bbox 2946 2865 3382 2933; x_wconf 82' lang='grc' dir='ltr'>ἐπιτελουμένων</span> <span class='ocrx_word' id='word_1_775' title='bbox 3405 2881 3417 2894; x_wconf 89' lang='grc'><strong>·</strong></span> <span class='ocrx_word' id='word_1_776' title='bbox 3451 2867 3547 2935; x_wconf 75' lang='grc' dir='ltr'>οὐχ</span> <span class='ocrx_word' id='word_1_777' title='bbox 3581 2869 3608 2918; x_wconf 88' lang='lat'>6</span> <span class='ocrx_word' id='word_1_778' title='bbox 3635 2866 3889 2930; x_wconf 83' lang='grc' dir='ltr'>διάκονός</span> 
     </span>
    </p>
   </div>
   <div class='ocr_carea' id='block_1_97' title="bbox 2203 2949 3889 3022">
    <p class='ocr_par' dir='ltr' id='par_1_97' title="bbox 2203 2949 3889 3022">
     <span class='ocr_line' id='line_1_97' title="bbox 2203 2949 3889 3022; baseline 0.001 -18"><span class='ocrx_word' id='word_1_779' title='bbox 2203 2955 2348 3004; x_wconf 90' lang='grc' dir='ltr'>ἐστιν</span> <span class='ocrx_word' id='word_1_780' title='bbox 2412 2954 2439 3004; x_wconf 93' lang='lat'>6</span> <span class='ocrx_word' id='word_1_781' title='bbox 2483 2951 2686 3020; x_wconf 82' lang='grc' dir='ltr'>ταύτην</span> <span class='ocrx_word' id='word_1_782' title='bbox 2738 2952 2920 3012; x_wconf 71' lang='grc' dir='ltr'>ἀφιεὶς</span> <span class='ocrx_word' id='word_1_783' title='bbox 2955 2949 3050 3020; x_wconf 82' lang='grc' dir='ltr'>τὴν</span> <span class='ocrx_word' id='word_1_784' title='bbox 3082 2952 3284 3019; x_wconf 79' lang='grc' dir='ltr'>φωνὴν,</span> <span class='ocrx_word' id='word_1_785' title='bbox 3313 2952 3447 3004; x_wconf 83' lang='grc' dir='ltr'>ἀλλά</span> <span class='ocrx_word' id='word_1_786' title='bbox 3474 2953 3534 3004; x_wconf 86' lang='grc' dir='ltr'>τὸ</span> <span class='ocrx_word' id='word_1_787' title='bbox 3565 2953 3784 3022; x_wconf 87' lang='grc' dir='ltr'>Πνεῦμα</span> <span class='ocrx_word' id='word_1_788' title='bbox 3823 2957 3889 3008; x_wconf 85' lang='lat'>16</span> 
     </span>
    </p>
   </div>
   <div class='ocr_carea' id='block_1_98' title="bbox 2203 3037 3888 3112">
    <p class='ocr_par' dir='ltr' id='par_1_98' title="bbox 2203 3037 3888 3112">
     <span class='ocr_line' id='line_1_98' title="bbox 2203 3037 3888 3112; baseline -0.001 -19"><span class='ocrx_word' id='word_1_789' title='bbox 2203 3042 2358 3107; x_wconf 84' lang='grc' dir='ltr'>ἆγιον</span> <span class='ocrx_word' id='word_1_790' title='bbox 2388 3051 2410 3078; x_wconf 80' lang='grc' dir='ltr'>ε</span> <span class='ocrx_word' id='word_1_791' title='bbox 2435 3057 2448 3069; x_wconf 85' lang='lat'><strong><em>°</em></strong></span> <span class='ocrx_word' id='word_1_792' title='bbox 2484 3039 2545 3091; x_wconf 87' lang='lat'>16</span> <span class='ocrx_word' id='word_1_793' title='bbox 2573 3039 2626 3090; x_wconf 85' lang='grc' dir='ltr'>δὲ</span> <span class='ocrx_word' id='word_1_794' title='bbox 2659 3039 2902 3108; x_wconf 83' lang='grc' dir='ltr'>χάρισμα</span> <span class='ocrx_word' id='word_1_795' title='bbox 2937 3037 3099 3106; x_wconf 90' lang='grc' dir='ltr'>λέγω.</span> <span class='ocrx_word' id='word_1_796' title='bbox 3130 3039 3194 3090; x_wconf 87' lang='grc' dir='ltr'>Τί</span> <span class='ocrx_word' id='word_1_797' title='bbox 3221 3039 3438 3105; x_wconf 86' lang='grc' dir='ltr'>λέγεις;</span> <span class='ocrx_word' id='word_1_798' title='bbox 3480 3037 3566 3091; x_wconf 84' lang='grc' dir='ltr'>Ἐν</span> <span class='ocrx_word' id='word_1_799' title='bbox 3607 3043 3793 3111; x_wconf 72' lang='grc' dir='ltr'>χερσὶν</span> <span class='ocrx_word' id='word_1_800' title='bbox 3851 3045 3888 3112; x_wconf 73' lang='grc' dir='ltr'><strong>ἡ</strong></span> 
     </span>
    </p>
   </div>
   <div class='ocr_carea' id='block_1_99' title="bbox 2205 3126 3889 3197">
    <p class='ocr_par' dir='ltr' id='par_1_99' title="bbox 2205 3126 3889 3197">
     <span class='ocr_line' id='line_1_99' title="bbox 2205 3126 3889 3197; baseline 0.002 -18"><span class='ocrx_word' id='word_1_801' title='bbox 2205 3128 2364 3180; x_wconf 91' lang='grc' dir='ltr'>θυσία</span> <span class='ocrx_word' id='word_1_802' title='bbox 2385 3167 2398 3191; x_wconf 96' lang='grc'>,</span> <span class='ocrx_word' id='word_1_803' title='bbox 2432 3129 2524 3179; x_wconf 74' lang='grc' dir='ltr'>καὶ</span> <span class='ocrx_word' id='word_1_804' title='bbox 2557 3127 2731 3180; x_wconf 88' lang='grc' dir='ltr'>πάντα</span> <span class='ocrx_word' id='word_1_805' title='bbox 2781 3126 3067 3194; x_wconf 88' lang='grc' dir='ltr'>πρόκειται</span> <span class='ocrx_word' id='word_1_806' title='bbox 3121 3127 3535 3197; x_wconf 81' lang='grc' dir='ltr'>ηὐτρεπισμένα</span> <span class='ocrx_word' id='word_1_807' title='bbox 3559 3144 3573 3158; x_wconf 73' lang='grc' dir='ltr'><strong>ο</strong></span> <span class='ocrx_word' id='word_1_808' title='bbox 3627 3130 3889 3196; x_wconf 81' lang='grc' dir='ltr'>πάρεισιν</span> 
     </span>
    </p>
   </div>
   <div class='ocr_carea' id='block_1_100' title="bbox 2207 3213 3889 3286">
    <p class='ocr_par' dir='ltr' id='par_1_100' title="bbox 2207 3213 3889 3286">
     <span class='ocr_line' id='line_1_100' title="bbox 2207 3213 3889 3286; baseline 0.001 -17"><span class='ocrx_word' id='word_1_809' title='bbox 2207 3215 2447 3284; x_wconf 74' lang='grc' dir='ltr'>ἄγγελοι,</span> <span class='ocrx_word' id='word_1_810' title='bbox 2489 3215 2818 3284; x_wconf 77' lang='grc' dir='ltr'>άρχάγγελοι</span> <span class='ocrx_word' id='word_1_811' title='bbox 2842 3231 2853 3242; x_wconf 90' lang='grc'><strong>·</strong></span> <span class='ocrx_word' id='word_1_812' title='bbox 2899 3214 3162 3283; x_wconf 87' lang='grc' dir='ltr'>πάρεστιν</span> <span class='ocrx_word' id='word_1_813' title='bbox 3192 3217 3218 3266; x_wconf 91' lang='lat'>6</span> <span class='ocrx_word' id='word_1_814' title='bbox 3247 3215 3371 3276; x_wconf 74' lang='grc' dir='ltr'>Υἱὸς</span> <span class='ocrx_word' id='word_1_815' title='bbox 3399 3213 3492 3266; x_wconf 86' lang='grc' dir='ltr'>τοῦ</span> <span class='ocrx_word' id='word_1_816' title='bbox 3536 3216 3670 3268; x_wconf 78' lang='grc' dir='ltr'>Θεοῦ</span> <span class='ocrx_word' id='word_1_817' title='bbox 3697 3234 3710 3247; x_wconf 92' lang='grc'><strong>·</strong></span> <span class='ocrx_word' id='word_1_818' title='bbox 3745 3218 3889 3286; x_wconf 83' lang='grc' dir='ltr'>μετά</span> 
     </span>
    </p>
   </div>
   <div class='ocr_carea' id='block_1_101' title="bbox 2206 3302 3890 3374">
    <p class='ocr_par' dir='ltr' id='par_1_101' title="bbox 2206 3302 3890 3374">
     <span class='ocr_line' id='line_1_101' title="bbox 2206 3302 3890 3374; baseline 0 -18"><span class='ocrx_word' id='word_1_819' title='bbox 2206 3305 2473 3372; x_wconf 85' lang='grc' dir='ltr'>τοσαύτης</span> <span class='ocrx_word' id='word_1_820' title='bbox 2523 3303 2725 3371; x_wconf 85' lang='grc' dir='ltr'>φρίκης</span> <span class='ocrx_word' id='word_1_821' title='bbox 2781 3303 3077 3372; x_wconf 77' lang='grc' dir='ltr'>ἑστήκασιν</span> <span class='ocrx_word' id='word_1_822' title='bbox 3134 3302 3406 3364; x_wconf 68' lang='grc' dir='ltr'>ἅπαντες·</span> <span class='ocrx_word' id='word_1_823' title='bbox 3474 3304 3890 3374; x_wconf 79' lang='grc' dir='ltr'>παρεστήκασιν</span> 
     </span>
    </p>
   </div>
   <div class='ocr_carea' id='block_1_102' title="bbox 2207 3387 3889 3460">
    <p class='ocr_par' dir='ltr' id='par_1_102' title="bbox 2207 3387 3889 3460">
     <span class='ocr_line' id='line_1_102' title="bbox 2207 3387 3889 3460; baseline 0.002 -20"><span class='ocrx_word' id='word_1_824' title='bbox 2207 3391 2400 3442; x_wconf 80' lang='grc' dir='ltr'>ἐκεῖνοι</span> <span class='ocrx_word' id='word_1_825' title='bbox 2439 3388 2690 3458; x_wconf 68' lang='grc' dir='ltr'>βοῶντες,</span> <span class='ocrx_word' id='word_1_826' title='bbox 2753 3388 2970 3440; x_wconf 75' lang='grc' dir='ltr'>πάντων</span> <span class='ocrx_word' id='word_1_827' title='bbox 3029 3387 3341 3455; x_wconf 59' lang='grc' dir='ltr'>σιγώντων</span> <span class='ocrx_word' id='word_1_828' title='bbox 3401 3389 3495 3442; x_wconf 74' lang='grc' dir='ltr'>καὶ</span> <span class='ocrx_word' id='word_1_829' title='bbox 3549 3391 3654 3460; x_wconf 77' lang='grc' dir='ltr'>ἡγῇ</span> <span class='ocrx_word' id='word_1_830' title='bbox 3698 3392 3889 3455; x_wconf 81' lang='grc' dir='ltr'>ἁπλῶς</span> 
     </span>
    </p>
   </div>
   <div class='ocr_carea' id='block_1_103' title="bbox 2207 3473 3890 3544">
    <p class='ocr_par' dir='ltr' id='par_1_103' title="bbox 2207 3473 3890 3544">
     <span class='ocr_line' id='line_1_103' title="bbox 2207 3473 3890 3544; baseline 0.022 -38"><span class='ocrx_word' id='word_1_831' title='bbox 2207 3477 2450 3544; x_wconf 60' lang='grc' dir='ltr'>γίνεσθαι</span> <span class='ocrx_word' id='word_1_832' title='bbox 2479 3477 2545 3527; x_wconf 63' lang='grc' dir='ltr'>τὰ</span> <span class='ocrx_word' id='word_1_833' title='bbox 2579 3475 2868 3542; x_wconf 75' lang='grc' dir='ltr'>γινόμενα;</span> <span class='ocrx_word' id='word_1_834' title='bbox 2900 3473 3106 3526; x_wconf 72' lang='grc' dir='ltr'>Οὐκοῦν</span> <span class='ocrx_word' id='word_1_835' title='bbox 3141 3475 3234 3526; x_wconf 70' lang='grc' dir='ltr'>καὶ</span> <span class='ocrx_word' id='word_1_836' title='bbox 3263 3475 3331 3527; x_wconf 82' lang='grc' dir='ltr'>τὰ</span> <span class='ocrx_word' id='word_1_837' title='bbox 3361 3474 3495 3528; x_wconf 73' lang='grc' dir='ltr'>ἄλλα</span> <span class='ocrx_word' id='word_1_838' title='bbox 3532 3476 3746 3539; x_wconf 74' lang='grc' dir='ltr'>ἀπλῶςο</span> <span class='ocrx_word' id='word_1_839' title='bbox 3791 3479 3890 3530; x_wconf 66' lang='grc' dir='ltr'>καὶ</span> 
     </span>
    </p>
   </div>
   <div class='ocr_carea' id='block_1_104' title="bbox 2207 3562 3890 3636">
    <p class='ocr_par' dir='ltr' id='par_1_104' title="bbox 2207 3562 3890 3636">
     <span class='ocr_line' id='line_1_104' title="bbox 2207 3562 3890 3636; baseline 0.001 -19"><span class='ocrx_word' id='word_1_840' title='bbox 2207 3565 2273 3618; x_wconf 75' lang='grc' dir='ltr'>τὰ</span> <span class='ocrx_word' id='word_1_841' title='bbox 2297 3566 2434 3634; x_wconf 75' lang='grc' dir='ltr'>ὑπὲρ</span> <span class='ocrx_word' id='word_1_842' title='bbox 2464 3564 2560 3631; x_wconf 74' lang='grc' dir='ltr'>τῆς</span> <span class='ocrx_word' id='word_1_843' title='bbox 2605 3562 2948 3632; x_wconf 82' lang='grc' dir='ltr'>Ἐκκλησίας,</span> <span class='ocrx_word' id='word_1_844' title='bbox 2975 3565 3068 3614; x_wconf 73' lang='grc' dir='ltr'>καὶ</span> <span class='ocrx_word' id='word_1_845' title='bbox 3092 3565 3158 3614; x_wconf 86' lang='grc' dir='ltr'>τά</span> <span class='ocrx_word' id='word_1_846' title='bbox 3194 3563 3330 3632; x_wconf 82' lang='grc' dir='ltr'>ὑπὲρ</span> <span class='ocrx_word' id='word_1_847' title='bbox 3365 3563 3472 3616; x_wconf 85' lang='grc' dir='ltr'>τῶν</span> <span class='ocrx_word' id='word_1_848' title='bbox 3496 3565 3686 3634; x_wconf 87' lang='grc' dir='ltr'>ίερέων</span> <span class='ocrx_word' id='word_1_849' title='bbox 3713 3581 3890 3636; x_wconf 80' lang='grc' dir='ltr'>προσ-</span> 
     </span>
    </p>
   </div>
   <div class='ocr_carea' id='block_1_105' title="bbox 2211 3649 3885 3724">
    <p class='ocr_par' dir='ltr' id='par_1_105' title="bbox 2211 3649 3885 3724">
     <span class='ocr_line' id='line_1_105' title="bbox 2211 3649 3885 3724; baseline 0.002 -21"><span class='ocrx_word' id='word_1_850' title='bbox 2211 3654 2504 3722; x_wconf 81' lang='grc' dir='ltr'>φερόμενα,</span> <span class='ocrx_word' id='word_1_851' title='bbox 2541 3652 2632 3703; x_wconf 76' lang='grc' dir='ltr'>καὶ</span> <span class='ocrx_word' id='word_1_852' title='bbox 2660 3651 2724 3701; x_wconf 77' lang='grc' dir='ltr'>τὰ</span> <span class='ocrx_word' id='word_1_853' title='bbox 2760 3651 2898 3719; x_wconf 82' lang='grc' dir='ltr'>ὑπὲρ</span> <span class='ocrx_word' id='word_1_854' title='bbox 2939 3649 3030 3702; x_wconf 89' lang='grc' dir='ltr'>τοῦ</span> <span class='ocrx_word' id='word_1_855' title='bbox 3061 3650 3459 3720; x_wconf 82' lang='grc' dir='ltr'>πληρώματος;</span> <span class='ocrx_word' id='word_1_856' title='bbox 3496 3653 3586 3724; x_wconf 80' lang='grc' dir='ltr'>Μὴ</span> <span class='ocrx_word' id='word_1_857' title='bbox 3634 3653 3846 3720; x_wconf 89' lang='grc' dir='ltr'>γένοιτο</span> <span class='ocrx_word' id='word_1_858' title='bbox 3872 3673 3885 3685; x_wconf 93' lang='grc'><strong>·</strong></span> 
     </span>
    </p>
   </div>
   <div class='ocr_carea' id='block_1_106' title="bbox 2207 3738 3891 3812">
    <p class='ocr_par' dir='ltr' id='par_1_106' title="bbox 2207 3738 3891 3812">
     <span class='ocr_line' id='line_1_106' title="bbox 2207 3738 3891 3812; baseline 0.001 -20"><span class='ocrx_word' id='word_1_859' title='bbox 2207 3739 2344 3792; x_wconf 78' lang='grc' dir='ltr'>ἀλλὰ</span> <span class='ocrx_word' id='word_1_860' title='bbox 2393 3739 2570 3790; x_wconf 78' lang='grc' dir='ltr'>πάντα</span> <span class='ocrx_word' id='word_1_861' title='bbox 2629 3738 2767 3807; x_wconf 89' lang='grc' dir='ltr'>μετά</span> <span class='ocrx_word' id='word_1_862' title='bbox 2818 3738 3051 3798; x_wconf 85' lang='grc' dir='ltr'>πίστεως</span> <span class='ocrx_word' id='word_1_863' title='bbox 3105 3740 3333 3805; x_wconf 89' lang='grc' dir='ltr'>γίνεται.</span> <span class='ocrx_word' id='word_1_864' title='bbox 3392 3738 3456 3791; x_wconf 88' lang='grc' dir='ltr'>Τί</span> <span class='ocrx_word' id='word_1_865' title='bbox 3517 3741 3614 3792; x_wconf 77' lang='grc' dir='ltr'>οἴει</span> <span class='ocrx_word' id='word_1_866' title='bbox 3647 3740 3710 3792; x_wconf 86' lang='grc' dir='ltr'>τό</span> <span class='ocrx_word' id='word_1_867' title='bbox 3745 3741 3891 3812; x_wconf 81' lang='grc' dir='ltr'>ὑπὲρ</span> 
     </span>
    </p>
   </div>
   <div class='ocr_carea' id='block_1_107' title="bbox 2213 3824 3889 3899">
    <p class='ocr_par' dir='ltr' id='par_1_107' title="bbox 2213 3824 3889 3899">
     <span class='ocr_line' id='line_1_107' title="bbox 2213 3824 3889 3899; baseline 0.001 -21"><span class='ocrx_word' id='word_1_868' title='bbox 2213 3826 2505 3896; x_wconf 82' lang='grc' dir='ltr'>μαρτύρων</span> <span class='ocrx_word' id='word_1_869' title='bbox 2527 3824 2952 3895; x_wconf 87' lang='grc' dir='ltr'>προσφέρεσθαι,</span> <span class='ocrx_word' id='word_1_870' title='bbox 2982 3824 3042 3876; x_wconf 87' lang='lat'>16</span> <span class='ocrx_word' id='word_1_871' title='bbox 3070 3825 3335 3895; x_wconf 73' lang='grc' dir='ltr'>κληθῆναι</span> <span class='ocrx_word' id='word_1_872' title='bbox 3360 3827 3417 3878; x_wconf 91' lang='grc' dir='ltr'>ἐν</span> <span class='ocrx_word' id='word_1_873' title='bbox 3438 3826 3618 3896; x_wconf 80' lang='grc' dir='ltr'>ἐκείνῃ</span> <span class='ocrx_word' id='word_1_874' title='bbox 3638 3829 3701 3895; x_wconf 72' lang='grc' dir='ltr'>τῇ</span> <span class='ocrx_word' id='word_1_875' title='bbox 3733 3827 3889 3899; x_wconf 71' lang='grc' dir='ltr'>ὥρας</span> 
     </span>
    </p>
   </div>
   <div class='ocr_carea' id='block_1_108' title="bbox 2212 3907 3892 3986">
    <p class='ocr_par' dir='ltr' id='par_1_108' title="bbox 2212 3907 3892 3986">
     <span class='ocr_line' id='line_1_108' title="bbox 2212 3907 3892 3986; baseline 0.001 -22"><span class='ocrx_word' id='word_1_876' title='bbox 2212 3914 2329 3964; x_wconf 74' lang='grc' dir='ltr'>Κᾶν</span> <span class='ocrx_word' id='word_1_877' title='bbox 2367 3914 2641 3982; x_wconf 77' lang='grc' dir='ltr'>μάρτυρες</span> <span class='ocrx_word' id='word_1_878' title='bbox 2671 3907 2793 3973; x_wconf 80' lang='grc' dir='ltr'>ὦσι,</span> <span class='ocrx_word' id='word_1_879' title='bbox 2823 3911 2924 3962; x_wconf 84' lang='grc' dir='ltr'>κᾶν</span> <span class='ocrx_word' id='word_1_880' title='bbox 2956 3913 3097 3980; x_wconf 76' lang='grc' dir='ltr'>ὑπὲρ</span> <span class='ocrx_word' id='word_1_881' title='bbox 3126 3913 3436 3982; x_wconf 88' lang='grc' dir='ltr'>μαρτύρων,</span> <span class='ocrx_word' id='word_1_882' title='bbox 3494 3915 3702 3981; x_wconf 88' lang='grc' dir='ltr'>μεγάλη</span> <span class='ocrx_word' id='word_1_883' title='bbox 3757 3915 3892 3986; x_wconf 74' lang='grc' dir='ltr'>τιμὴ</span> 
     </span>
    </p>
   </div>
   <div class='ocr_carea' id='block_1_109' title="bbox 2212 3997 3892 4070">
    <p class='ocr_par' dir='ltr' id='par_1_109' title="bbox 2212 3997 3892 4070">
     <span class='ocr_line' id='line_1_109' title="bbox 2212 3997 3892 4070; baseline 0.002 -18"><span class='ocrx_word' id='word_1_884' title='bbox 2212 4003 2272 4052; x_wconf 89' lang='lat'>16</span> <span class='ocrx_word' id='word_1_885' title='bbox 2311 3999 2700 4068; x_wconf 76' lang='grc' dir='ltr'>ὀνομασθῆναι,</span> <span class='ocrx_word' id='word_1_886' title='bbox 2734 3997 2826 4050; x_wconf 79' lang='lat'>106</span> <span class='ocrx_word' id='word_1_887' title='bbox 2859 3999 3127 4050; x_wconf 86' lang='grc' dir='ltr'>Δεσπότου</span> <span class='ocrx_word' id='word_1_888' title='bbox 3185 4001 3471 4070; x_wconf 86' lang='grc' dir='ltr'>παρόντος,</span> <span class='ocrx_word' id='word_1_889' title='bbox 3503 4000 3596 4052; x_wconf 84' lang='grc' dir='ltr'>τοῦ</span> <span class='ocrx_word' id='word_1_890' title='bbox 3651 4001 3892 4055; x_wconf 84' lang='grc' dir='ltr'>θανάτου</span> 
     </span>
    </p>
   </div>
   <div class='ocr_carea' id='block_1_110' title="bbox 2212 4084 3887 4157">
    <p class='ocr_par' dir='ltr' id='par_1_110' title="bbox 2212 4084 3887 4157">
     <span class='ocr_line' id='line_1_110' title="bbox 2212 4084 3887 4157; baseline -0.001 -17"><span class='ocrx_word' id='word_1_891' title='bbox 2212 4086 2630 4155; x_wconf 83' lang='grc' dir='ltr'>ἐπιτελουμένου</span> <span class='ocrx_word' id='word_1_892' title='bbox 2657 4085 2884 4148; x_wconf 84' lang='grc' dir='ltr'>ἐκείνου,</span> <span class='ocrx_word' id='word_1_893' title='bbox 2915 4086 3011 4154; x_wconf 83' lang='grc' dir='ltr'>τῆς</span> <span class='ocrx_word' id='word_1_894' title='bbox 3046 4087 3279 4156; x_wconf 83' lang='grc' dir='ltr'>φρικτῆς</span> <span class='ocrx_word' id='word_1_895' title='bbox 3304 4084 3324 4124; x_wconf 67' lang='grc' dir='ltr'>ί</span> <span class='ocrx_word' id='word_1_896' title='bbox 3369 4085 3581 4152; x_wconf 86' lang='grc' dir='ltr'>θυσίας,</span> <span class='ocrx_word' id='word_1_897' title='bbox 3611 4087 3720 4139; x_wconf 78' lang='grc' dir='ltr'>τῶν</span> <span class='ocrx_word' id='word_1_898' title='bbox 3746 4089 3887 4157; x_wconf 81' lang='grc' dir='ltr'>ἀφά-</span> 
     </span>
    </p>
   </div>
   <div class='ocr_carea' id='block_1_111' title="bbox 2209 4171 3888 4245">
    <p class='ocr_par' dir='ltr' id='par_1_111' title="bbox 2209 4171 3888 4245">
     <span class='ocr_line' id='line_1_111' title="bbox 2209 4171 3888 4245; baseline 0.002 -19"><span class='ocrx_word' id='word_1_899' title='bbox 2209 4192 2317 4226; x_wconf 84' lang='grc' dir='ltr'>των</span> <span class='ocrx_word' id='word_1_900' title='bbox 2338 4175 2670 4245; x_wconf 85' lang='grc' dir='ltr'>μυστηρίων.</span> <span class='ocrx_word' id='word_1_901' title='bbox 2703 4171 2967 4244; x_wconf 82' lang='grc' dir='ltr'>Καθάπερ</span> <span class='ocrx_word' id='word_1_902' title='bbox 2999 4174 3106 4243; x_wconf 79' lang='grc' dir='ltr'>γάρ</span> <span class='ocrx_word' id='word_1_903' title='bbox 3130 4172 3439 4244; x_wconf 80' lang='grc' dir='ltr'>καθημένου</span> <span class='ocrx_word' id='word_1_904' title='bbox 3470 4173 3563 4226; x_wconf 86' lang='grc' dir='ltr'>τοῦ</span> <span class='ocrx_word' id='word_1_905' title='bbox 3598 4174 3888 4244; x_wconf 84' lang='grc' dir='ltr'>βασιλέως,</span> 
     </span>
    </p>
   </div>
   <div class='ocr_carea' id='block_1_112' title="bbox 2195 4260 3889 4337">
    <p class='ocr_par' dir='ltr' id='par_1_112' title="bbox 2195 4260 3889 4337">
     <span class='ocr_line' id='line_1_112' title="bbox 2195 4260 3889 4337; baseline -0.001 -21"><span class='ocrx_word' id='word_1_906' title='bbox 2195 4265 2309 4317; x_wconf 83' lang='grc' dir='ltr'>-ὄσα</span> <span class='ocrx_word' id='word_1_907' title='bbox 2344 4263 2410 4315; x_wconf 81' lang='grc' dir='ltr'>ἄν</span> <span class='ocrx_word' id='word_1_908' title='bbox 2434 4279 2515 4324; x_wconf 86' lang='grc' dir='ltr'>τις</span> <span class='ocrx_word' id='word_1_909' title='bbox 2545 4261 2822 4330; x_wconf 85' lang='grc' dir='ltr'>βούληται,</span> <span class='ocrx_word' id='word_1_910' title='bbox 2843 4260 3028 4312; x_wconf 87' lang='grc' dir='ltr'>ἀνύει·</span> <span class='ocrx_word' id='word_1_911' title='bbox 3062 4261 3372 4330; x_wconf 80' lang='grc' dir='ltr'>ἐγερθέντος</span> <span class='ocrx_word' id='word_1_912' title='bbox 3404 4262 3480 4322; x_wconf 86' lang='grc' dir='ltr'>δὲ,</span> <span class='ocrx_word' id='word_1_913' title='bbox 3518 4263 3616 4314; x_wconf 82' lang='grc' dir='ltr'>ὅσα</span> <span class='ocrx_word' id='word_1_914' title='bbox 3643 4263 3709 4316; x_wconf 84' lang='grc' dir='ltr'>ἂν</span> <span class='ocrx_word' id='word_1_915' title='bbox 3731 4264 3889 4337; x_wconf 79' lang='grc' dir='ltr'>λέγῃ,</span> 
     </span>
    </p>
   </div>
   <div class='ocr_carea' id='block_1_113' title="bbox 2212 4348 3894 4420">
    <p class='ocr_par' dir='ltr' id='par_1_113' title="bbox 2212 4348 3894 4420">
     <span class='ocr_line' id='line_1_113' title="bbox 2212 4348 3894 4420; baseline -0.001 -16"><span class='ocrx_word' id='word_1_916' title='bbox 2212 4352 2334 4420; x_wconf 83' lang='grc' dir='ltr'>είκῆ</span> <span class='ocrx_word' id='word_1_917' title='bbox 2383 4351 2529 4419; x_wconf 68' lang='grc' dir='ltr'>ἐρεῖο</span> <span class='ocrx_word' id='word_1_918' title='bbox 2576 4348 2719 4401; x_wconf 86' lang='grc' dir='ltr'>οῦτω</span> <span class='ocrx_word' id='word_1_919' title='bbox 2774 4349 2866 4400; x_wconf 75' lang='grc' dir='ltr'>καὶ</span> <span class='ocrx_word' id='word_1_920' title='bbox 2908 4348 3050 4408; x_wconf 92' lang='grc' dir='ltr'>τότε,</span> <span class='ocrx_word' id='word_1_921' title='bbox 3083 4350 3186 4410; x_wconf 79' lang='grc' dir='ltr'>ἓως</span> <span class='ocrx_word' id='word_1_922' title='bbox 3241 4348 3306 4400; x_wconf 84' lang='grc' dir='ltr'>ἂν</span> <span class='ocrx_word' id='word_1_923' title='bbox 3361 4351 3641 4420; x_wconf 88' lang='grc' dir='ltr'>πρόκειται</span> <span class='ocrx_word' id='word_1_924' title='bbox 3685 4352 3752 4403; x_wconf 85' lang='grc' dir='ltr'>τά</span> <span class='ocrx_word' id='word_1_925' title='bbox 3783 4353 3894 4405; x_wconf 86' lang='grc' dir='ltr'>τῶν</span> 
     </span>
    </p>
   </div>
   <div class='ocr_carea' id='block_1_114' title="bbox 2219 4435 3895 4506">
    <p class='ocr_par' dir='ltr' id='par_1_114' title="bbox 2219 4435 3895 4506">
     <span class='ocr_line' id='line_1_114' title="bbox 2219 4435 3895 4506; baseline 0.003 -18"><span class='ocrx_word' id='word_1_926' title='bbox 2219 4436 2552 4506; x_wconf 87' lang='grc' dir='ltr'>μυστηρίων,</span> <span class='ocrx_word' id='word_1_927' title='bbox 2596 4437 2730 4487; x_wconf 73' lang='grc' dir='ltr'>πᾶσι</span> <span class='ocrx_word' id='word_1_928' title='bbox 2787 4435 2919 4504; x_wconf 84' lang='grc' dir='ltr'>τιμὴ</span> <span class='ocrx_word' id='word_1_929' title='bbox 2974 4435 3201 4505; x_wconf 84' lang='grc' dir='ltr'>μεγίστη</span> <span class='ocrx_word' id='word_1_930' title='bbox 3234 4437 3293 4488; x_wconf 86' lang='lat'>16</span> <span class='ocrx_word' id='word_1_931' title='bbox 3334 4438 3552 4506; x_wconf 78' lang='grc' dir='ltr'>μνήμης</span> <span class='ocrx_word' id='word_1_932' title='bbox 3586 4437 3895 4502; x_wconf 78' lang='grc' dir='ltr'>ἀξιοῦσθαι.</span> 
     </span>
    </p>
   </div>
   <div class='ocr_carea' id='block_1_115' title="bbox 2219 4517 3894 4597">
    <p class='ocr_par' dir='ltr' id='par_1_115' title="bbox 2219 4517 3894 4597">
     <span class='ocr_line' id='line_1_115' title="bbox 2219 4517 3894 4597; baseline 0.002 -20"><span class='ocrx_word' id='word_1_933' title='bbox 2219 4526 2360 4594; x_wconf 88' lang='grc' dir='ltr'>Ὅρα</span> <span class='ocrx_word' id='word_1_934' title='bbox 2389 4524 2516 4593; x_wconf 85' lang='grc' dir='ltr'>γάρ·</span> <span class='ocrx_word' id='word_1_935' title='bbox 2551 4522 2994 4590; x_wconf 83' lang='grc' dir='ltr'>Καταγγέλλεται</span> <span class='ocrx_word' id='word_1_936' title='bbox 3019 4517 3137 4574; x_wconf 78' lang='grc' dir='ltr'>τότε</span> <span class='ocrx_word' id='word_1_937' title='bbox 3159 4525 3218 4574; x_wconf 87' lang='lat'>16</span> <span class='ocrx_word' id='word_1_938' title='bbox 3244 4525 3540 4593; x_wconf 80' lang='grc' dir='ltr'>μυστήριον</span> <span class='ocrx_word' id='word_1_939' title='bbox 3556 4525 3616 4580; x_wconf 89' lang='lat'>16</span> <span class='ocrx_word' id='word_1_940' title='bbox 3643 4529 3894 4597; x_wconf 79' lang='grc' dir='ltr'>φρικτὸν,</span> 
     </span>
    </p>
   </div>
   <div class='ocr_carea' id='block_1_116' title="bbox 2213 4608 3899 4684">
    <p class='ocr_par' dir='ltr' id='par_1_116' title="bbox 2213 4608 3899 4684">
     <span class='ocr_line' id='line_1_116' title="bbox 2213 4608 3899 4684; baseline 0.002 -21"><span class='ocrx_word' id='word_1_941' title='bbox 2213 4612 2294 4664; x_wconf 84' lang='grc' dir='ltr'>ὅτι</span> <span class='ocrx_word' id='word_1_942' title='bbox 2335 4611 2474 4680; x_wconf 84' lang='grc' dir='ltr'>ὑπὲρ</span> <span class='ocrx_word' id='word_1_943' title='bbox 2504 4611 2602 4680; x_wconf 84' lang='grc' dir='ltr'>τῆς</span> <span class='ocrx_word' id='word_1_944' title='bbox 2627 4608 2952 4678; x_wconf 77' lang='grc' dir='ltr'>οἰκουμένης</span> <span class='ocrx_word' id='word_1_945' title='bbox 2989 4609 3184 4661; x_wconf 78' lang='grc' dir='ltr'>ἔδωκεν</span> <span class='ocrx_word' id='word_1_946' title='bbox 3237 4612 3428 4664; x_wconf 78' lang='grc' dir='ltr'>ἑαυτὸν</span> <span class='ocrx_word' id='word_1_947' title='bbox 3459 4613 3486 4663; x_wconf 90' lang='lat'>6</span> <span class='ocrx_word' id='word_1_948' title='bbox 3517 4612 3650 4676; x_wconf 84' lang='grc' dir='ltr'>Θεός</span> <span class='ocrx_word' id='word_1_949' title='bbox 3677 4629 3690 4641; x_wconf 74' lang='grc'><strong><em>⁸</em></strong></span> <span class='ocrx_word' id='word_1_950' title='bbox 3755 4617 3899 4684; x_wconf 70' lang='grc' dir='ltr'>μετὰ</span> 
     </span>
    </p>
   </div>
   <div class='ocr_carea' id='block_1_117' title="bbox 2213 4697 3900 4768">
    <p class='ocr_par' dir='ltr' id='par_1_117' title="bbox 2213 4697 3900 4768">
     <span class='ocr_line' id='line_1_117' title="bbox 2213 4697 3900 4768; baseline 0.004 -18"><span class='ocrx_word' id='word_1_951' title='bbox 2213 4699 2306 4751; x_wconf 85' lang='grc' dir='ltr'>τοῦ</span> <span class='ocrx_word' id='word_1_952' title='bbox 2370 4697 2645 4766; x_wconf 79' lang='grc' dir='ltr'>θαύματος</span> <span class='ocrx_word' id='word_1_953' title='bbox 2697 4697 2909 4749; x_wconf 87' lang='grc' dir='ltr'>ἐκείνου</span> <span class='ocrx_word' id='word_1_954' title='bbox 2955 4698 3224 4766; x_wconf 80' lang='grc' dir='ltr'>εὐκαίρως</span> <span class='ocrx_word' id='word_1_955' title='bbox 3267 4700 3677 4768; x_wconf 77' lang='grc' dir='ltr'>ὑπομιμνήσκει</span> <span class='ocrx_word' id='word_1_956' title='bbox 3732 4704 3900 4756; x_wconf 80' lang='grc' dir='ltr'>αὐτὸν</span> 
     </span>
    </p>
   </div>
   <div class='ocr_carea' id='block_1_118' title="bbox 2214 4784 3898 4860">
    <p class='ocr_par' dir='ltr' id='par_1_118' title="bbox 2214 4784 3898 4860">
     <span class='ocr_line' id='line_1_118' title="bbox 2214 4784 3898 4860; baseline 0.002 -20"><span class='ocrx_word' id='word_1_957' title='bbox 2214 4787 2321 4840; x_wconf 78' lang='grc' dir='ltr'>τῶν</span> <span class='ocrx_word' id='word_1_958' title='bbox 2351 4784 2769 4857; x_wconf 79' lang='grc' dir='ltr'>ἡμαρτηκότων.</span> <span class='ocrx_word' id='word_1_959' title='bbox 2803 4784 3070 4853; x_wconf 81' lang='grc' dir='ltr'>Καθάπερ</span> <span class='ocrx_word' id='word_1_960' title='bbox 3097 4786 3201 4854; x_wconf 84' lang='grc' dir='ltr'>γάρ</span> <span class='ocrx_word' id='word_1_961' title='bbox 3233 4787 3359 4838; x_wconf 82' lang='grc' dir='ltr'>ὅταν</span> <span class='ocrx_word' id='word_1_962' title='bbox 3387 4788 3626 4840; x_wconf 77' lang='grc' dir='ltr'>ἐπινίκια</span> <span class='ocrx_word' id='word_1_963' title='bbox 3654 4790 3762 4842; x_wconf 85' lang='grc' dir='ltr'>τῶν</span> <span class='ocrx_word' id='word_1_964' title='bbox 3800 4791 3898 4860; x_wconf 75' lang='grc' dir='ltr'>βα-</span> 
     </span>
    </p>
   </div>
   <div class='ocr_carea' id='block_1_119' title="bbox 2217 4871 3898 4949">
    <p class='ocr_par' dir='ltr' id='par_1_119' title="bbox 2217 4871 3898 4949">
     <span class='ocr_line' id='line_1_119' title="bbox 2217 4871 3898 4949; baseline 0.004 -24"><span class='ocrx_word' id='word_1_965' title='bbox 2217 4873 2405 4927; x_wconf 81' lang='grc' dir='ltr'>σιλέων</span> <span class='ocrx_word' id='word_1_966' title='bbox 2427 4874 2647 4941; x_wconf 79' lang='grc' dir='ltr'>ἄγηται,</span> <span class='ocrx_word' id='word_1_967' title='bbox 2675 4872 2792 4924; x_wconf 82' lang='grc' dir='ltr'>τότε</span> <span class='ocrx_word' id='word_1_968' title='bbox 2823 4871 3193 4942; x_wconf 80' lang='grc' dir='ltr'>εὐφημοῦνται</span> <span class='ocrx_word' id='word_1_969' title='bbox 3225 4873 3322 4942; x_wconf 85' lang='grc' dir='ltr'>μὲν</span> <span class='ocrx_word' id='word_1_970' title='bbox 3354 4874 3444 4927; x_wconf 71' lang='grc' dir='ltr'>καὶ</span> <span class='ocrx_word' id='word_1_971' title='bbox 3473 4876 3586 4929; x_wconf 82' lang='grc' dir='ltr'>ὅσοι</span> <span class='ocrx_word' id='word_1_972' title='bbox 3615 4878 3713 4949; x_wconf 84' lang='grc' dir='ltr'>τῆς</span> <span class='ocrx_word' id='word_1_973' title='bbox 3742 4880 3898 4947; x_wconf 90' lang='grc' dir='ltr'>νίκης</span> 
     </span>
    </p>
   </div>
   <div class='ocr_carea' id='block_1_120' title="bbox 2216 4960 3901 5032">
    <p class='ocr_par' dir='ltr' id='par_1_120' title="bbox 2216 4960 3901 5032">
     <span class='ocr_line' id='line_1_120' title="bbox 2216 4960 3901 5032; baseline 0.003 -19"><span class='ocrx_word' id='word_1_974' title='bbox 2216 4960 2600 5030; x_wconf 82' lang='grc' dir='ltr'>ἐκοινώνησαν,</span> <span class='ocrx_word' id='word_1_975' title='bbox 2653 4960 2904 5029; x_wconf 83' lang='grc' dir='ltr'>ἀφίενται</span> <span class='ocrx_word' id='word_1_976' title='bbox 2953 4960 3008 5012; x_wconf 86' lang='grc' dir='ltr'>δέ</span> <span class='ocrx_word' id='word_1_977' title='bbox 3057 4961 3149 5013; x_wconf 70' lang='grc' dir='ltr'>καὶ</span> <span class='ocrx_word' id='word_1_978' title='bbox 3181 4961 3294 5014; x_wconf 81' lang='grc' dir='ltr'>ὅσοι</span> <span class='ocrx_word' id='word_1_979' title='bbox 3329 4963 3385 5014; x_wconf 88' lang='grc' dir='ltr'>ἐν</span> <span class='ocrx_word' id='word_1_980' title='bbox 3418 4963 3636 5032; x_wconf 87' lang='grc' dir='ltr'>δεσμοῖς</span> <span class='ocrx_word' id='word_1_981' title='bbox 3673 4969 3782 5018; x_wconf 81' lang='grc' dir='ltr'>είσι</span> <span class='ocrx_word' id='word_1_982' title='bbox 3813 4967 3901 5018; x_wconf 76' lang='grc' dir='ltr'>διά</span> 
     </span>
    </p>
   </div>
   <div class='ocr_carea' id='block_1_121' title="bbox 2217 5051 3901 5126">
    <p class='ocr_par' dir='ltr' id='par_1_121' title="bbox 2217 5051 3901 5126">
     <span class='ocr_line' id='line_1_121' title="bbox 2217 5051 3901 5126; baseline 0.002 -20"><span class='ocrx_word' id='word_1_983' title='bbox 2217 5056 2306 5107; x_wconf 83' lang='lat' dir='ltr'><strong>16v</strong></span> <span class='ocrx_word' id='word_1_984' title='bbox 2337 5055 2526 5125; x_wconf 89' lang='grc' dir='ltr'>καιρόν</span> <span class='ocrx_word' id='word_1_985' title='bbox 2545 5072 2558 5084; x_wconf 79' lang='grc'><em>’</em></span> <span class='ocrx_word' id='word_1_986' title='bbox 2589 5051 2949 5124; x_wconf 86' lang='grc' dir='ltr'>παρελθόντος</span> <span class='ocrx_word' id='word_1_987' title='bbox 2974 5053 3028 5105; x_wconf 90' lang='grc' dir='ltr'>δέ</span> <span class='ocrx_word' id='word_1_988' title='bbox 3051 5053 3144 5105; x_wconf 86' lang='grc' dir='ltr'>τοῦ</span> <span class='ocrx_word' id='word_1_989' title='bbox 3183 5053 3394 5125; x_wconf 88' lang='grc' dir='ltr'>καιροῦ,</span> <span class='ocrx_word' id='word_1_990' title='bbox 3427 5057 3456 5107; x_wconf 88' lang='lat'>6</span> <span class='ocrx_word' id='word_1_991' title='bbox 3499 5055 3570 5124; x_wconf 59' lang='lat' dir='ltr'>pub</span> <span class='ocrx_word' id='word_1_992' title='bbox 3590 5055 3770 5126; x_wconf 82' lang='grc' dir='ltr'>τυχὼν</span> <span class='ocrx_word' id='word_1_993' title='bbox 3802 5060 3901 5110; x_wconf 73' lang='grc' dir='ltr'>οῦκ</span> 
     </span>
    </p>
   </div>
   <div class='ocr_carea' id='block_1_122' title="bbox 2219 5141 3902 5216">
    <p class='ocr_par' dir='ltr' id='par_1_122' title="bbox 2219 5141 3902 5216">
     <span class='ocr_line' id='line_1_122' title="bbox 2219 5141 3902 5216; baseline 0.002 -22"><span class='ocrx_word' id='word_1_994' title='bbox 2219 5143 2299 5194; x_wconf 80' lang='grc' dir='ltr'>ἐτι</span> <span class='ocrx_word' id='word_1_995' title='bbox 2322 5143 2463 5205; x_wconf 77' lang='grc' dir='ltr'>τινὸς</span> <span class='ocrx_word' id='word_1_996' title='bbox 2479 5141 2772 5196; x_wconf 89' lang='grc' dir='ltr'>ἀπολαύει·</span> <span class='ocrx_word' id='word_1_997' title='bbox 2808 5141 2948 5194; x_wconf 73' lang='grc' dir='ltr'>οὕτω</span> <span class='ocrx_word' id='word_1_998' title='bbox 2977 5141 3041 5212; x_wconf 82' lang='grc' dir='ltr'>δὴ</span> <span class='ocrx_word' id='word_1_999' title='bbox 3069 5145 3162 5194; x_wconf 74' lang='grc' dir='ltr'>καὶ</span> <span class='ocrx_word' id='word_1_1000' title='bbox 3191 5142 3447 5207; x_wconf 84' lang='grc' dir='ltr'>ἐνταῦθα,</span> <span class='ocrx_word' id='word_1_1001' title='bbox 3480 5141 3588 5194; x_wconf 87' lang='grc' dir='ltr'>τῶν</span> <span class='ocrx_word' id='word_1_1002' title='bbox 3615 5145 3902 5216; x_wconf 68' lang='grc' dir='ltr'>ἐπινικίων</span> 
     </span>
    </p>
   </div>
   <div class='ocr_carea' id='block_1_123' title="bbox 2220 5227 3903 5302">
    <p class='ocr_par' dir='ltr' id='par_1_123' title="bbox 2220 5227 3903 5302">
     <span class='ocr_line' id='line_1_123' title="bbox 2220 5227 3903 5302; baseline 0.002 -19"><span class='ocrx_word' id='word_1_1003' title='bbox 2220 5227 2370 5294; x_wconf 68' lang='grc' dir='ltr'>οὗτος</span> <span class='ocrx_word' id='word_1_1004' title='bbox 2395 5233 2422 5283; x_wconf 89' lang='lat'>6</span> <span class='ocrx_word' id='word_1_1005' title='bbox 2453 5232 2660 5302; x_wconf 87' lang='grc' dir='ltr'>καιρός.</span> <span class='ocrx_word' id='word_1_1006' title='bbox 2708 5231 2952 5294; x_wconf 78' lang='grc' dir='ltr'>Ὁσάκις</span> <span class='ocrx_word' id='word_1_1007' title='bbox 2980 5231 3089 5300; x_wconf 86' lang='grc' dir='ltr'>γὰρ</span> <span class='ocrx_word' id='word_1_1008' title='bbox 3135 5230 3229 5289; x_wconf 85' lang='grc' dir='ltr'>ἂν,</span> <span class='ocrx_word' id='word_1_1009' title='bbox 3295 5231 3481 5302; x_wconf 71' lang='grc' dir='ltr'>φησὶν,</span> <span class='ocrx_word' id='word_1_1010' title='bbox 3515 5232 3759 5299; x_wconf 79' lang='grc' dir='ltr'>ἐσθίητε</span> <span class='ocrx_word' id='word_1_1011' title='bbox 3793 5233 3903 5286; x_wconf 75' lang='grc' dir='ltr'>τὸν</span> 
     </span>
    </p>
   </div>
   <div class='ocr_carea' id='block_1_124' title="bbox 2220 5317 3902 5388">
    <p class='ocr_par' dir='ltr' id='par_1_124' title="bbox 2220 5317 3902 5388">
     <span class='ocr_line' id='line_1_124' title="bbox 2220 5317 3902 5388; baseline 0.002 -18"><span class='ocrx_word' id='word_1_1012' title='bbox 2220 5319 2400 5385; x_wconf 73' lang='grc' dir='ltr'>ἄρτον</span> <span class='ocrx_word' id='word_1_1013' title='bbox 2436 5318 2676 5382; x_wconf 75' lang='grc' dir='ltr'>τοῦτον,</span> <span class='ocrx_word' id='word_1_1014' title='bbox 2713 5317 2821 5369; x_wconf 82' lang='grc' dir='ltr'>τὸν</span> <span class='ocrx_word' id='word_1_1015' title='bbox 2853 5317 3114 5371; x_wconf 75' lang='grc' dir='ltr'>θάνατον</span> <span class='ocrx_word' id='word_1_1016' title='bbox 3145 5317 3252 5370; x_wconf 81' lang='grc' dir='ltr'>τοῦ</span> <span class='ocrx_word' id='word_1_1017' title='bbox 3286 5318 3508 5384; x_wconf 78' lang='grc' dir='ltr'>Κυρίου</span> <span class='ocrx_word' id='word_1_1018' title='bbox 3570 5320 3902 5388; x_wconf 63' lang='grc' dir='ltr'>καταγγέλ-</span> 
     </span>
    </p>
   </div>
   <div class='ocr_carea' id='block_1_125' title="bbox 2219 5403 3904 5474">
    <p class='ocr_par' dir='ltr' id='par_1_125' title="bbox 2219 5403 3904 5474">
     <span class='ocr_line' id='line_1_125' title="bbox 2219 5403 3904 5474; baseline 0.003 -17"><span class='ocrx_word' id='word_1_1019' title='bbox 2219 5407 2373 5460; x_wconf 72' lang='grc' dir='ltr'>λετε.</span> <span class='ocrx_word' id='word_1_1020' title='bbox 2406 5405 2497 5474; x_wconf 83' lang='grc' dir='ltr'>Μὴ</span> <span class='ocrx_word' id='word_1_1021' title='bbox 2529 5405 2592 5473; x_wconf 77' lang='grc' dir='ltr'>δὴ</span> <span class='ocrx_word' id='word_1_1022' title='bbox 2628 5403 2815 5465; x_wconf 82' lang='grc' dir='ltr'>ἁπλῶς</span> <span class='ocrx_word' id='word_1_1023' title='bbox 2844 5403 3177 5474; x_wconf 88' lang='grc' dir='ltr'>προσίωμεν,</span> <span class='ocrx_word' id='word_1_1024' title='bbox 3212 5403 3347 5474; x_wconf 83' lang='grc' dir='ltr'>μηδέ</span> <span class='ocrx_word' id='word_1_1025' title='bbox 3393 5405 3467 5466; x_wconf 82' lang='grc' dir='ltr'>ὡς</span> <span class='ocrx_word' id='word_1_1026' title='bbox 3520 5405 3675 5474; x_wconf 77' lang='grc' dir='ltr'>ἔτυχε</span> <span class='ocrx_word' id='word_1_1027' title='bbox 3726 5407 3904 5462; x_wconf 87' lang='grc' dir='ltr'>ταῦτα</span> 
     </span>
    </p>
   </div>
   <div class='ocr_carea' id='block_1_126' title="bbox 2225 5491 3902 5564">
    <p class='ocr_par' dir='ltr' id='par_1_126' title="bbox 2225 5491 3902 5564">
     <span class='ocr_line' id='line_1_126' title="bbox 2225 5491 3902 5564; baseline 0.004 -21"><span class='ocrx_word' id='word_1_1028' title='bbox 2225 5493 2462 5561; x_wconf 89' lang='grc' dir='ltr'>γίνεσθαι</span> <span class='ocrx_word' id='word_1_1029' title='bbox 2487 5493 2814 5562; x_wconf 74' lang='grc' dir='ltr'>νομίζωμεν.</span> <span class='ocrx_word' id='word_1_1030' title='bbox 2851 5492 3056 5554; x_wconf 80' lang='grc' dir='ltr'>Ἀλλως</span> <span class='ocrx_word' id='word_1_1031' title='bbox 3087 5492 3143 5543; x_wconf 85' lang='grc' dir='ltr'>δὲ</span> <span class='ocrx_word' id='word_1_1032' title='bbox 3205 5491 3496 5561; x_wconf 87' lang='grc' dir='ltr'>μαρτύρων</span> <span class='ocrx_word' id='word_1_1033' title='bbox 3553 5497 3902 5564; x_wconf 73' lang='grc' dir='ltr'>μεμνήμεθα,</span> 
     </span>
    </p>
   </div>
   <div class='ocr_carea' id='block_1_127' title="bbox 2223 5579 3910 5651">
    <p class='ocr_par' dir='ltr' id='par_1_127' title="bbox 2223 5579 3910 5651">
     <span class='ocr_line' id='line_1_127' title="bbox 2223 5579 3910 5651; baseline 0.002 -19"><span class='ocrx_word' id='word_1_1034' title='bbox 2223 5581 2504 5634; x_wconf 74' lang='grc' dir='ltr'>καὶτοῦτο</span> <span class='ocrx_word' id='word_1_1035' title='bbox 2566 5583 2643 5642; x_wconf 86' lang='grc' dir='ltr'>είς</span> <span class='ocrx_word' id='word_1_1036' title='bbox 2690 5580 2890 5641; x_wconf 82' lang='grc' dir='ltr'>πίστιν,</span> <span class='ocrx_word' id='word_1_1037' title='bbox 2945 5581 3026 5632; x_wconf 82' lang='grc' dir='ltr'>ὅτι</span> <span class='ocrx_word' id='word_1_1038' title='bbox 3074 5581 3133 5631; x_wconf 87' lang='grc' dir='ltr'>οὺ</span> <span class='ocrx_word' id='word_1_1039' title='bbox 3185 5579 3756 5651; x_wconf 79' lang='grc' dir='ltr'>τέθνηκενόΚύριος’</span> <span class='ocrx_word' id='word_1_1040' title='bbox 3813 5588 3910 5638; x_wconf 63' lang='grc' dir='ltr'>καὶ</span> 
     </span>
    </p>
   </div>
   <div class='ocr_carea' id='block_1_128' title="bbox 2220 5668 3907 5740">
    <p class='ocr_par' dir='ltr' id='par_1_128' title="bbox 2220 5668 3907 5740">
     <span class='ocr_line' id='line_1_128' title="bbox 2220 5668 3907 5740; baseline 0.002 -18"><span class='ocrx_word' id='word_1_1041' title='bbox 2220 5669 2378 5723; x_wconf 84' lang='grc' dir='ltr'>τοῦτο</span> <span class='ocrx_word' id='word_1_1042' title='bbox 2431 5669 2524 5722; x_wconf 91' lang='grc' dir='ltr'>τοῦ</span> <span class='ocrx_word' id='word_1_1043' title='bbox 2573 5669 2978 5722; x_wconf 81' lang='grc' dir='ltr'>τεθανατώσθαι</span> <span class='ocrx_word' id='word_1_1044' title='bbox 3033 5669 3122 5720; x_wconf 88' lang='lat' dir='ltr'><strong>16v</strong></span> <span class='ocrx_word' id='word_1_1045' title='bbox 3175 5668 3403 5722; x_wconf 89' lang='grc' dir='ltr'>θάνατον</span> <span class='ocrx_word' id='word_1_1046' title='bbox 3471 5675 3733 5740; x_wconf 85' lang='grc' dir='ltr'>σημεῖον,</span> <span class='ocrx_word' id='word_1_1047' title='bbox 3807 5674 3907 5725; x_wconf 72' lang='grc' dir='ltr'>τού</span> 
     </span>
    </p>
   </div>
   <div class='ocr_carea' id='block_1_129' title="bbox 2285 5809 3911 5872">
    <p class='ocr_par' dir='ltr' id='par_1_129' title="bbox 2285 5809 3911 5872">
     <span class='ocr_line' id='line_1_129' title="bbox 2285 5809 3911 5872; baseline -0.001 -12"><span class='ocrx_word' id='word_1_1048' title='bbox 2285 5811 2308 5850; x_wconf 65' lang='grc'><strong><em>⁸</em></strong></span> <span class='ocrx_word' id='word_1_1049' title='bbox 2359 5813 2496 5860; x_wconf 69' lang='lat' dir='ltr'><strong>Alius</strong></span> <span class='ocrx_word' id='word_1_1050' title='bbox 2537 5811 2734 5869; x_wconf 82' lang='grc' dir='ltr'>γυναῖκα</span> <span class='ocrx_word' id='word_1_1051' title='bbox 2769 5811 2848 5856; x_wconf 81' lang='grc' dir='ltr'>καί</span> <span class='ocrx_word' id='word_1_1052' title='bbox 2895 5810 3136 5871; x_wconf 80' lang='grc' dir='ltr'>θυγάτριον</span> <span class='ocrx_word' id='word_1_1053' title='bbox 3174 5810 3432 5871; x_wconf 85' lang='grc' dir='ltr'>ἀγαγέσθαι</span> <span class='ocrx_word' id='word_1_1054' title='bbox 3477 5809 3666 5869; x_wconf 64' lang='grc' dir='ltr'>σεμνὸν,</span> <span class='ocrx_word' id='word_1_1055' title='bbox 3709 5811 3911 5872; x_wconf 68' lang='grc' dir='ltr'>ταύτης.</span> 
     </span>
    </p>
   </div>
   <div class='ocr_carea' id='block_1_130' title="bbox 2231 5873 3906 5932">
    <p class='ocr_par' dir='ltr' id='par_1_130' title="bbox 2231 5873 3906 5932">
     <span class='ocr_line' id='line_1_130' title="bbox 2231 5873 3906 5932; baseline 0.001 -12"><span class='ocrx_word' id='word_1_1056' title='bbox 2231 5877 2254 5904; x_wconf 76' lang='grc' dir='ltr'>ε</span> <span class='ocrx_word' id='word_1_1057' title='bbox 2293 5874 2454 5921; x_wconf 71' lang='grc' dir='ltr'>Μοιιιί.</span> <span class='ocrx_word' id='word_1_1058' title='bbox 2497 5875 2627 5919; x_wconf 73' lang='lat'><strong>0616</strong></span> <span class='ocrx_word' id='word_1_1059' title='bbox 2656 5875 2803 5931; x_wconf 69' lang='grc' dir='ltr'>ἅγιον.</span> <span class='ocrx_word' id='word_1_1060' title='bbox 2836 5873 3126 5918; x_wconf 62' lang='lat' dir='ltr'>Parin-Mam</span> <span class='ocrx_word' id='word_1_1061' title='bbox 3149 5881 3430 5932; x_wconf 67' lang='lat' dir='ltr'>negantem,</span> <span class='ocrx_word' id='word_1_1062' title='bbox 3469 5873 3906 5931; x_wconf 53' lang='lat' dir='ltr'>qua&#39;seuleuliam</span> 
     </span>
    </p>
   </div>
   <div class='ocr_carea' id='block_1_131' title="bbox 2230 5932 3911 5990">
    <p class='ocr_par' dir='ltr' id='par_1_131' title="bbox 2230 5932 3911 5990">
     <span class='ocr_line' id='line_1_131' title="bbox 2230 5932 3911 5990; baseline -0.002 -7"><span class='ocrx_word' id='word_1_1063' title='bbox 2230 5935 2409 5990; x_wconf 74' lang='lat' dir='ltr'><strong>lurbal.</strong></span> <span class='ocrx_word' id='word_1_1064' title='bbox 2434 5950 2540 5983; x_wconf 85' lang='lat' dir='ltr'>cum</span> <span class='ocrx_word' id='word_1_1065' title='bbox 2565 5935 2818 5989; x_wconf 67' lang='lat' dir='ltr'>(Iomuml.,</span> <span class='ocrx_word' id='word_1_1066' title='bbox 2850 5936 2958 5980; x_wconf 71' lang='lat' dir='ltr'>Sav.</span> <span class='ocrx_word' id='word_1_1067' title='bbox 2982 5941 3032 5980; x_wconf 80' lang='lat' dir='ltr'>cl</span> <span class='ocrx_word' id='word_1_1068' title='bbox 3059 5947 3172 5980; x_wconf 75' lang='lat' dir='ltr'>mss.</span> <span class='ocrx_word' id='word_1_1069' title='bbox 3199 5932 3504 5981; x_wconf 76' lang='lat' dir='ltr'>sustulimus.</span> <span class='ocrx_word' id='word_1_1070' title='bbox 3530 5932 3664 5979; x_wconf 76' lang='grc' dir='ltr'>Ευιτ.</span> <span class='ocrx_word' id='word_1_1071' title='bbox 3812 5939 3911 5984; x_wconf 70' lang='lat' dir='ltr'>Al”</span> 
     </span>
    </p>
   </div>
   <div class='ocr_carea' id='block_1_132' title="bbox 2239 5995 3874 6058">
    <p class='ocr_par' dir='ltr' id='par_1_132' title="bbox 2239 5995 3874 6058">
     <span class='ocr_line' id='line_1_132' title="bbox 2239 5995 3874 6058; baseline 0 -14"><span class='ocrx_word' id='word_1_1072' title='bbox 2239 5999 2465 6058; x_wconf 67' lang='grc' dir='ltr'>παροιτος</span> <span class='ocrx_word' id='word_1_1073' title='bbox 2520 6003 2601 6051; x_wconf 70' lang='grc' dir='ltr'>τῆς</span> <span class='ocrx_word' id='word_1_1074' title='bbox 2643 5999 2796 6053; x_wconf 68' lang='grc' dir='ltr'>μνείας</span> <span class='ocrx_word' id='word_1_1075' title='bbox 2845 5997 3199 6053; x_wconf 76' lang='grc' dir='ltr'>ἐπιτελουμένης</span> <span class='ocrx_word' id='word_1_1076' title='bbox 3253 5995 3430 6048; x_wconf 63' lang='grc' dir='ltr'>ἐκείνης</span> <span class='ocrx_word' id='word_1_1077' title='bbox 3488 5999 3570 6048; x_wconf 73' lang='grc' dir='ltr'>τῆς</span> <span class='ocrx_word' id='word_1_1078' title='bbox 3629 6008 3874 6057; x_wconf 70' lang='grc' dir='ltr'>φορεγτης</span> 
     </span>
    </p>
   </div>
  </div>
