4088 6326
245 370 344 423 υἷε)

243 487 418 540 luctus
450 492 506 539 et
544 482 956 554 philosophicus
984 490 1069 537 est
1097 491 1150 536 et
1180 481 1480 534 doctrinam
1513 479 1674 533 habet
1705 477 1842 530 mul-

239 593 349 633 tam
376 595 392 642 ;
425 578 516 633 ille
542 591 674 632 vero
701 592 764 631 ex
801 575 1236 645 pusillanimitate
1269 571 1645 643 proficiscitur.
1689 571 1745 626 Si
1775 571 1846 623 ita

234 672 552 739 lugerenms
565 683 776 732 omnes,
796 667 912 721 illos
928 668 1165 720 viventes
1180 663 1847 731 emendassentus.Quem-

232 763 532 817 admodum
552 764 594 815 si
629 774 815 829 posses
834 759 1117 829 pharmaca
1137 758 1393 813 adhibere
1420 799 1434 822 ,
1473 773 1594 827 qum
1615 765 1842 809 mortem

234 857 385 908 illam
425 853 767 921 corporalem
797 861 1082 917 arcerent,
1115 851 1398 905 adhiberes
1430 850 1646 920 utique:
1682 849 1750 901 ita
1793 856 1847 901 et

232 964 402 1012 Inuic,
435 949 480 1001 si
516 946 654 1000 hanc
683 946 890 1010 lugercs
917 953 1146 998 mortem
1169 984 1182 1004 ,
1212 954 1264 996 et
1292 958 1318 995 a
1352 953 1401 996 te
1429 951 1475 996 et
1510 942 1577 994 ab
1609 941 1697 994 illo
1724 955 1841 993 eam

231 1039 409 1107 ipsam
442 1054 676 1092 arceres.
709 1036 862 1090 Nunc
888 1046 1064 1090 autem
1096 1035 1323 1102 mnigma
1346 1047 1427 1087 est
1456 1033 1596 1100 quod
1625 1031 1838 1097 accidit,

229 1130 380 1199 quod
411 1145 539 1184 cum
569 1131 838 1199 possimus
866 1126 1125 1196 impedire
1152 1128 1440 1194 quominus
1465 1140 1611 1178 mors
1639 1124 1722 1177 illa
1754 1138 1844 1176 ac-

228 1223 379 1276 cidat
399 1265 415 1286 ,
451 1238 558 1274 non
589 1221 972 1291 impediamus;
1005 1218 1098 1273 sed
1129 1234 1250 1272 eum
1279 1218 1506 1282 accidit,
1541 1217 1838 1286 lugeamus.

232 1315 379 1369 Vere
411 1313 665 1384 laerymis
695 1313 838 1382 digni
869 1320 991 1365 sunt
1017 1329 1029 1363 :
1062 1326 1182 1364 cum
1211 1310 1496 1364 adstalmut
1520 1320 1645 1362 ante
1676 1309 1840 1362 tribu-

232 1409 320 1460 nal
351 1406 556 1460 Clu-isti
581 1448 593 1469 ,
623 1407 797 1473 qualia
829 1404 986 1457 verba
1024 1403 1276 1465 audient,
1317 1401 1490 1470 qualia
1535 1400 1841 1468 patientur?

233 1499 460 1552 Frustra
493 1499 743 1552 vixerunt
771 1495 824 1550 bi
848 1537 863 1561 ,
896 1498 1002 1549 imo
1033 1511 1135 1546 nun
1166 1493 1379 1552 frustra.
1411 1492 1502 1546 sed
1535 1493 1586 1545 in
1620 1491 1836 1544 malum.

232 1591 310 1642 De
341 1591 449 1642 illis
476 1588 661 1642 dicere
692 1603 786 1656 par
814 1596 891 1639 est
926 1605 938 1638 :
972 1586 1173 1639 [Bonum
1207 1597 1325 1637 erat
1357 1585 1457 1638 illis
1477 1626 1491 1649 ,
1520 1583 1563 1637 si
1595 1584 1702 1637 nati
1733 1598 1836 1638 non

230 1680 464 1733 fuissent
493 1678 685 1748 (Marc.
720 1679 804 1730 14.
836 1676 952 1744 '2l).
985 1677 1115 1743 Quae
1146 1675 1365 1736 utilitas,
1395 1689 1599 1744 qumso,
1633 1683 1836 1728 tautttm

231 1772 508 1823 insumere
556 1777 767 1836 tempus
815 1769 866 1819 in
912 1767 1102 1833 cuntis
1144 1767 1224 1818 sui
1269 1766 1509 1818 malum?
1552 1763 1606 1820 Si
1642 1763 1834 1818 frustra

225 1865 407 1917 solum
429 1865 756 1930 insumptum
776 1859 984 1925 fuisset,
1006 1875 1109 1914 non
1133 1870 1332 1913 tantum
1355 1859 1539 1912 fuisset
1557 1858 1832 1912 damnum.

229 1957 325 2010 hic
373 1955 505 2008 mihi
533 1995 548 2018 ,
581 1956 625 2007 si
656 1953 778 2021 quis
807 1951 1170 2004 mercenarius
1201 1949 1386 2018 viginti
1426 1963 1597 2003 annos
1640 1948 1834 2002 frustra

225 2046 442 2116 perdat,
467 2060 645 2099 annon
673 2043 901 2112 plorabit
928 2051 983 2096 et
1012 2042 1191 2107 ﬂebit,
1220 2041 1568 2110 omniumque
1599 2041 1837 2094 miserri-

223 2156 346 2194 mus
377 2155 500 2194 esse
531 2136 838 2192 videbitur?
868 2139 936 2190 At
963 2135 1048 2190 hic
1075 2144 1239 2191 totam
1268 2136 1425 2188 vitam
1458 2149 1608 2188 suam
1640 2134 1832 2189 frustra

223 2232 498 2302 perdidit,
541 2245 719 2300 neque
750 2231 833 2285 vel
866 2245 972 2284 uno
1003 2229 1092 2284 die
1120 2229 1221 2283 sibi
1252 2228 1422 2292 vixit,
1455 2227 1550 2282 sed
1584 2227 1791 2282 deliciis
1815 2271 1830 2295 ,

223 2325 477 2390 luxuria,
508 2325 782 2386 avaritim,
816 2331 1037 2391 peccato
1059 2361 1074 2387 ,
1104 2320 1342 2376 diabolo.
1378 2321 1592 2384 Annon,
1624 2334 1829 2389 qtursn,

221 2419 371 2472 hunc
399 2415 742 2486 lugebimus?
773 2431 950 2468 annon
983 2414 1304 2469 conabimur
1331 2430 1359 2468 a
1394 2413 1646 2483 periculis
1672 2430 1832 2468 crue-

218 2509 317 2562 re.’
348 2509 644 2562 Possumus
663 2549 678 2570 ,
709 2517 857 2561 certe
886 2522 1190 2576 possumus,
1216 2506 1260 2560 si
1289 2507 1534 2572 velimus,
1562 2506 1680 2576 ejus
1706 2522 1831 2573 sup-

198 2598 617 2667 plieiumlevius
631 2597 872 2653 efficere.
896 2599 952 2652 Si
987 2599 1293 2669 frequenter
1316 2598 1589 2651 orati0nes
1620 2613 1717 2666 pro
1739 2597 1831 2653 illo

217 2693 534 2754 {nitidamus,
567 2694 611 2745 si
641 2693 1041 2763 cleemosyuam
1069 2691 1263 2745 demus
1289 2708 1304 2756 ;
1332 2692 1542 2746 etiamsi
1578 2691 1667 2746 ille
1695 2691 1832 2744 indi-

214 2803 353 2854 gnus
381 2787 470 2849 sit,
508 2800 604 2839 nos
640 2785 779 2840 Deus
810 2785 1079 2839 exaudiet.
1111 2781 1165 2840 Si
1198 2794 1416 2854 prepler
1443 2784 1663 2838 Paulum
1695 2783 1830 2836 alios

213 2880 490 2942 servavit,
539 2887 594 2932 et
635 2888 858 2946 propter
887 2877 1023 2930 alios
1065 2877 1271 2946 parcit,
1304 2892 1401 2929 cur
1443 2891 1548 2929 non
1595 2875 1826 2945 idipsum

215 2980 442 3037 prOptcr
468 2984 566 3022 nos
596 2969 758 3021 etiam
790 2967 985 3022 faciet?
1020 2969 1094 3022 Ex
1127 2967 1273 3020 illius
1307 2968 1576 3036 pecuniis,
1602 2983 1668 3022 ex
1698 2969 1824 3032 tuis,

213 3058 358 3112 unde
388 3057 646 3124 volueris,
675 3058 804 3126 juva
836 3077 848 3112 :
873 3059 1069 3112 instilla
1099 3063 1297 3122 oleum,
1333 3058 1440 3112 imo
1469 3073 1681 3128 aquam.
1709 3057 1823 3113 Non

208 3160 392 3218 potest
436 3151 815 3221 eleemnsynas
846 3150 1091 3220 proprias
1135 3151 1434 3205 exhibere?
1479 3149 1679 3205 Saltem
1728 3166 1823 3205 co-

206 3253 500 3312 gnatorum
533 3244 803 3299 exhibeat.
838 3243 954 3298 Non
991 3252 1166 3312 potest
1205 3259 1232 3294 a
1268 3260 1325 3297 se
1372 3243 1580 3296 factas?
1620 3244 1820 3298 Saltem

207 3349 311 3404 pro
337 3350 396 3388 se
427 3334 617 3388 factas.
643 3335 733 3389 Sic
758 3350 881 3388 cum
907 3334 1098 3389 fiducia
1129 3336 1301 3404 ipsum
1335 3344 1461 3388 tunc
1491 3335 1823 3404 deprecahi-

207 3436 298 3480 tur
339 3443 512 3492 uxor,
564 3428 792 3493 pretium
839 3413 1228 3496 redemptionis
1277 3444 1372 3496 pro
1401 3428 1490 3481 illo
1519 3429 1816 3496 deponens.

204 3521 327 3586 Quo
361 3522 604 3589 pluribus
631 3521 728 3575 fuit
765 3524 999 3591 peccatis
1039 3523 1305 3577 obnoxius
1330 3565 1343 3586 ,
1376 3539 1442 3576 eo
1473 3527 1641 3593 magis
1682 3541 1818 3593 Opus

206 3611 371 3664 habet
400 3613 765 3683 eleemosyna.
809 3613 993 3682 Neque
1025 3629 1154 3666 vero
1185 3625 1404 3682 prepter
1438 3615 1539 3669 hoc
1571 3624 1772 3669 tantum
1800 3657 1814 3680 ,

201 3703 303 3755 sed
330 3702 454 3770 quia
491 3717 592 3755 non
622 3717 806 3772 parem
841 3717 982 3756 nunc
1010 3704 1115 3756 vim
1147 3704 1340 3769 habet,
1387 3705 1492 3758 imo
1519 3706 1687 3758 multo
1717 3706 1815 3758 tui-

203 3809 418 3847 norem.
449 3793 563 3847 Non
596 3809 692 3863 par
717 3794 858 3848 enim
889 3808 977 3849 res
1002 3803 1112 3861 est,
1147 3795 1317 3863 ipsum
1343 3794 1586 3863 qua-dam
1611 3795 1808 3862 facere,

199 3897 255 3940 ct
286 3888 451 3940 alium
486 3904 582 3955 pro
612 3888 749 3956 ipso.
777 3888 907 3941 Cum
942 3890 1121 3956 itaque
1149 3889 1325 3940 minor
1351 3891 1450 3951 sit,
1486 3905 1578 3957 per
1599 3891 1808 3958 c0piam

200 3979 467 4033 faciamus
496 3979 639 4032 illam
668 3979 950 4048 majorem.

273 4069 627 4141 Elecmosymz
653 4082 860 4141 prosunt
893 4072 1166 4139 defunctis.
1196 4102 1269 4114 --
1296 4072 1376 4128 Ne
1423 4074 1564 4128 circa
1612 4079 1804 4129 monu-

198 4171 409 4228 menta,
445 4177 510 4214 ne
538 4163 680 4216 circa
712 4165 1031 4231 sepulcralia
1079 4179 1300 4233 Operam
1350 4165 1562 4221 demus.
1616 4167 1805 4221 Patro-

194 4254 385 4306 cinare
417 4252 610 4317 viduis,
658 4253 758 4307 hoc
785 4255 1087 4324 sepulcralc
1115 4253 1348 4310 officium
1378 4267 1460 4311 est
1488 4259 1802 4314 maximum.

196 4345 298 4398 Dic
321 4359 519 4399 nomen
551 4363 564 4399 :
599 4359 790 4400 omnes
813 4347 928 4399 illas
950 4346 1082 4415 jubc
1111 4363 1207 4417 pro
1231 4349 1347 4416 ipso
1371 4365 1561 4418 preces
1593 4361 1646 4405 et
1673 4367 1800 4419 sup-

195 4436 519 4508 plicationes
568 4438 862 4492 emittere:
899 4438 1002 4492 huc
1046 4439 1213 4495 Deum
1267 4441 1540 4510 placabit;
1591 4444 1800 4498 etiamsi

193 4546 306 4585 non
343 4544 440 4599 per
466 4530 642 4596 illum,
670 4539 726 4584 at
758 4541 982 4601 prepter
1009 4533 1156 4586 illum
1186 4533 1325 4587 alius
1357 4544 1546 4589 auctor
1572 4536 1641 4589 sit
1665 4537 1802 4592 elee-

192 4638 462 4692 mosynm.
499 4622 568 4676 Et
592 4623 694 4677 hoc
717 4633 1095 4693 argumentum
1126 4632 1214 4680 est
1242 4626 1438 4682 divinzc
1475 4629 1794 4684 clementitc.

194 4714 388 4767 Vidua:
436 4714 845 4770 circumstantes
890 4723 945 4769 et
997 4717 1380 4787 lacrymantes,
1433 4734 1539 4773 non
1580 4734 1610 4772 a
1657 4735 1798 4788 pra:-

190 4814 380 4866 scnte,
414 4805 507 4858 sed
539 4820 570 4858 a
596 4804 773 4858 futura
807 4817 977 4860 morte
1012 4817 1239 4876 possunt
1268 4825 1480 4865 eruere.
1542 4810 1692 4865 Multi
1730 4815 1799 4865 ab

191 4896 555 4967 elcemosynis
586 4897 813 4949 aliorum
845 4913 941 4967 pro
967 4912 1026 4954 se
1047 4898 1200 4954 factis
1221 4899 1384 4970 adjuti
1411 4910 1550 4955 sunt.
1578 4902 1632 4956 Si
1653 4903 1796 4956 enim

192 5001 304 5040 non
327 4987 551 5040 omnino
581 4987 688 5040 sint
715 4988 946 5052 liberati,
972 4990 1161 5044 saltem
1202 4992 1435 5062 aliquam
1472 4994 1794 5048 invenerunt

191 5081 642 5135 consvlationem.
673 5080 803 5134 Nam
835 5082 878 5135 si
909 5080 1011 5136 hoc
1043 5099 1148 5136 non
1180 5093 1344 5144 esset,
1373 5086 1642 5153 quomodo
1667 5101 1795 5154 pne»

189 5172 297 5225 ruli
347 5173 740 5227 scrvarentur?
790 5174 1051 5244 siquidem
1099 5175 1230 5229 nihil
1281 5175 1350 5228 illi
1398 5175 1651 5242 afferunt,
1699 5177 1795 5232 sed

192 5273 363 5318 totum
420 5275 671 5336 parentes
720 5283 733 5319 :
786 5278 841 5320 et
889 5268 1204 5324 mulieribus
1261 5268 1442 5324 donati
1485 5281 1610 5325 sunt
1649 5286 1796 5341 sape

189 5359 368 5426 pueri,
428 5358 519 5428 qui
569 5357 698 5410 nihil
750 5359 817 5412 ad
865 5359 995 5414 illud
1037 5360 1354 5415 intulerunt.
1407 5362 1600 5420 Multas
1652 5363 1794 5418 Deus

191 5452 351 5506 nobis
397 5452 586 5506 salutis
629 5451 778 5506 dedit
823 5454 971 5518 vias,
1021 5453 1181 5507 modo
1229 5469 1333 5508 non
1383 5458 1738 5526 negligamus.

254 5552 336 5604 ι’,
359 5545 498 5610 Quid
530 5561 683 5616 ergo,
722 5546 954 5616 inquies,
987 5548 1030 5602 si
1072 5549 1193 5616 quis
1225 5564 1426 5617 pauper
1453 5550 1560 5603 sit?
1587 5549 1793 5604 Rursas

187 5639 365 5694 dicam
400 5656 412 5690 :
447 5637 820 5712 Eleemosyna:
835 5641 987 5711 copia
1016 5657 1122 5696 non
1151 5658 1214 5696 ex
1241 5642 1382 5696 datis
1405 5654 1659 5712 pensatur
1678 5658 1790 5696 mo-

189 5733 282 5790 do.
325 5730 419 5784 sed
448 5732 609 5785 etiam
640 5747 701 5786 ex
741 5734 1036 5802 proposito.
1071 5733 1298 5788 Tantum
1349 5749 1415 5788 ne
1459 5734 1554 5789 des
1590 5738 1788 5798 minus,

192 5841 350 5898 quam
381 5825 662 5882 facultates
690 5825 884 5892 ferant,
914 5837 965 5882 et
999 5837 1164 5882 totmn
1195 5827 1420 5881 soli-isti.
1447 5829 1582 5891 Quid
1615 5847 1742 5897 ergo
1769 5872 1780 5893 ,

1212 368 1275 422 ΙΝ
1317 366 1493 421 ACTA
1539 364 1818 422 Al‘OSTOl

1933 361 2063 418 LU.\i.
2110 363 2335 418 ιιολιιι.
2383 363 2524 420 XXI.
3469 366 3530 418 l7

1960 474 2193 545 inquies,
2229 477 2274 533 si
2303 477 2454 533 solus
2483 478 2555 533 sit
2580 485 2634 532 et
2659 478 2996 548 peregrinus,
3045 479 3425 549 neminemque
3467 478 3566 533 ba-

1956 565 2121 620 beat?
2158 566 2288 636 Cur,
2333 583 2541 639 quaeso,
2600 569 2873 624 neminem
2922 569 3121 624 habet?
3165 569 3279 624 line
3325 571 3444 640 ipso
3478 571 3566 625 ille

1957 674 2145 727 pmnas
2192 660 2305 727 dat,
2356 661 2500 731 quod
2530 662 2802 717 neminem
2835 662 2913 716 sic
2937 663 3194 724 amicum,
3243 663 3324 720 sic
3365 665 3565 718 virtute

1956 749 2239 819 praeditum
2266 753 2482 807 habeat.
2516 753 2701 823 Itaque
2733 753 2838 808 hoc
2868 754 2936 807 ita
2965 770 3024 808 se
3053 753 3236 817 habet,
3273 765 3329 809 ut
3372 761 3416 811 si
3466 771 3564 810 nos
3649 802 3651 804 .

1954 843 2154 899 virtute
2193 845 2400 914 prmditi
2438 861 2545 899 non
2587 847 2781 913 simus,
2825 861 3084 901 curemus
3129 848 3318 902 saltem
3365 849 3564 904 virtute

1954 935 2213 1002 prmditos
2251 937 2456 991 amicos
2486 937 2708 1001 habere,
2744 953 3080 1009 uxoremque
3112 939 3237 993 item
3263 951 3317 993 et
3350 941 3514 995 lilium
3542 983 3559 1008 ,

1951 1038 2009 1081 ut
2036 1028 2271 1083 fruetmn
2300 1031 2588 1099 quemdam
2631 1048 2726 1102 per
2753 1033 2877 1086 illos
2907 1034 3302 1104 percipiamus;
3338 1052 3559 1105 parvum

1950 1122 2190 1190 quidem,
2225 1125 2319 1179 sed
2352 1134 2531 1180 tamen
2563 1127 2943 1197 percipianius.
2969 1128 3024 1183 Si
3048 1144 3206 1183 cures
3240 1130 3402 1198 piam,
3453 1148 3559 1186 non

1949 1213 2191 1279 divitem,
2227 1215 2428 1272 ducere
2462 1235 2685 1272 uxorem
2713 1222 2730 1252 ί
2753 1262 2766 1282 ,
2798 1220 2898 1275 hac
2926 1220 3119 1277 frueris
3140 1223 3511 1279 consolatiOne
3543 1243 3555 1279 :

1943 1304 2304 1374 similiterque
2343 1309 2385 1361 si
2414 1324 2572 1364 cures
2599 1313 2764 1364 tilium
2792 1328 2895 1365 non
2921 1314 3255 1383 opulentum,
3286 1315 3380 1370 sed
3413 1317 3557 1386 pittm

1950 1397 2277 1467 relinquere,
2309 1401 2353 1454 si
2379 1402 2542 1455 tiliam
2574 1415 2806 1471 castam,
2839 1405 2941 1459 hac
2977 1407 3104 1460 item
3137 1407 3337 1462 frueris
3371 1425 3560 1463 conso-

1951 1488 2171 1544 latione.
2205 1490 2260 1545 Si
2308 1492 2422 1546 hate
2464 1510 2644 1559 cures,
2695 1507 2748 1549 tu
2775 1513 2990 1567 quoque
3031 1497 3152 1553 talis
3180 1501 3310 1554 eris.
3344 1501 3404 1556 Et
3443 1502 3558 1557 hare

1947 1596 2070 1650 pars
2101 1585 2311 1639 virtutis
2335 1597 2438 1652 est,
2467 1588 2602 1642 tales
2626 1589 2825 1658 eligere
2855 1592 3081 1657 amicos,
3111 1609 3356 1662 uxorem,
3394 1597 3553 1652 ﬁlius.

2020 1673 2315 1730 Oblalt'oues
2340 1695 2432 1748 pro
2461 1678 2739 1747 defunctis.
2767 1711 2838 1720 —
2871 1681 2985 1736 Non
3019 1683 3214 1738 frustra
3247 1687 3555 1744 oblatioocs

1946 1782 2041 1833 pro
2069 1767 2336 1824 defunctis
2369 1770 2532 1837 fiunt,
2568 1789 2674 1827 non
2714 1776 2910 1828 frustra
2951 1791 3177 1847 preces,
3223 1795 3326 1834 non
3359 1782 3552 1836 frustra

1944 1859 2307 1930 cli-emosynm
2339 1881 2350 1914 :
2385 1863 2500 1917 lnec
2529 1866 2708 1918 omnia
2756 1866 2993 1935 Spiritus
3037 1869 3324 1940 dispesuit,
3367 1875 3554 1929 volens

1945 1960 1997 2002 ut
2047 1965 2144 2004 nos
2196 1962 2385 2006 mutuo
2421 1954 2697 2024 juventus.
2762 1957 2896 2012 Vide
2937 1975 3170 2030 namque
3206 1981 3218 2016 :
3253 1964 3342 2019 ille
3375 1982 3469 2034 per
3502 1977 3552 2021 te

1945 2041 2228 2096 utilitatem
2270 2047 2485 2112 areipit,
2519 2057 2574 2100 tu
2607 2060 2825 2118 pr0ptcr
2853 2050 3002 2104 illum
3029 2054 3233 2122 juvaris
3263 2074 3275 2108 :
3308 2035 3553 2112 contem-

1945 2132 2096 2199 psisti
2139 2150 2293 2202 Opes,
2329 2137 2582 2192 inductus
2612 2141 2676 2194 ad
2701 2143 2826 2209 quid
2855 2159 3121 2213 generose
3149 2150 3546 2216 prtestandum;

1942 2231 1996 2276 et
2037 2233 2089 2276 ιιι
2131 2225 2228 2292 ipsi
2259 2226 2466 2293 salutis,
2495 2238 2549 2282 et
2581 2230 2668 2284 ille
2701 2231 2792 2285 tibi
2817 2233 3179 2306 cleemosyna:
3207 2249 3396 2294 auctor
3425 2241 3544 2296 fuit.

1941 2312 2018 2367 Ne
2045 2315 2282 2381 dubites,
2315 2319 2488 2387 ipsum
2519 2321 2647 2390 quid
2683 2323 2804 2377 boni
2835 2325 3215 2396 decerpturum
3249 2351 3388 2386 esse.
3432 2335 3546 2389 Non

1941 2407 2136 2460 frustra
2170 2409 2370 2464 clamat
2399 2410 2661 2468 diaconus
2695 2433 2706 2466 :
2741 2415 2843 2470 Pro
2875 2416 2940 2470 iis
2969 2421 3057 2488 qui
3095 2419 3146 2473 in
3185 2421 3400 2486 Christo
3452 2427 3551 2482 de-

1940 2499 2105 2553 functi
2135 2512 2282 2563 sunt,
2315 2511 2371 2556 et
2393 2519 2488 2572 pro
2517 2505 2583 2559 iis
2610 2507 2699 2576 qui
2732 2509 2946 2562 illurqu
2975 2515 3288 2568 memoriam
3315 2519 3543 2573 faciunt:

1941 2606 2045 2644 non
2087 2592 2349 2647 diaconus
2379 2595 2517 2650 hanc
2545 2598 2743 2652 emittit
2773 2616 2984 2665 vocem,
3033 2608 3126 2658 sed
3159 2606 3392 2674 Spiritus
3417 2628 3546 2667 san-

1936 2694 2090 2748 ctus;
2125 2684 2247 2739 dico
2276 2698 2458 2740 autem
2489 2688 2689 2742 donum
2720 2693 2858 2759 ejus.
2891 2695 3028 2762 Quid
3058 2697 3235 2751 dicis?
3281 2700 3335 2754 ln
3375 2706 3548 2758 mani-

1939 2776 2037 2829 bus
2079 2788 2162 2832 est
2213 2778 2408 2843 hostia,
2461 2792 2512 2834 et
2550 2785 2730 2836 (unitia
2785 2798 2967 2854 parata
3020 2801 3265 2856 prostant
3303 2811 3315 2845 :
3348 2794 3546 2850 adsunt

1935 2873 2131 2939 angeli,
2167 2873 2475 2943 archangeli
2504 2891 2518 2939 ;
2551 2875 2706 2930 adest
2737 2876 2900 2932 Filius
2929 2880 3023 2934 Dei
3051 2899 3064 2945 ;
3095 2899 3215 2937 cum
3244 2893 3392 2941 tanto
3421 2887 3547 2943 hor-

1934 2978 2058 3016 rorc
2090 2963 2306 3018 adstant
2336 2980 2559 3032 omnes;
2620 2968 2835 3022 adstant
2865 2971 2941 3024 illi
2973 2972 3272 3030 clamantes
3294 2980 3546 3035 omnibus

1932 3054 2220 3109 silentibus
2253 3077 2264 3110 :
2297 3067 2351 3111 et
2380 3069 2535 3127 putas
2569 3060 2682 3114 luce
2721 3060 2918 3117 frustra
2969 3065 3128 3119 lieri‘!
3176 3066 3317 3138 Ergo
3356 3079 3411 3125 et
3437 3073 3541 3126 alia

1933 3147 2150 3212 frustra,
2183 3159 2238 3204 et
2281 3165 2403 3220 quae
2455 3169 2551 3220 pro
2587 3152 2846 3218 Ecclesia,
2884 3166 2936 3209 et
2961 3172 3082 3226 quze
3111 3173 3209 3226 pro
3240 3163 3541 3218 sacerdoti-

1931 3240 2029 3293 bus
2072 3240 2389 3306 ofl‘eruutur,
2438 3251 2493 3297 et
2532 3259 2652 3312 qua»
2684 3261 2779 3314 pro
2809 3247 3144 3314 plenitmline
3176 3249 3301 3322 (a)?
3352 3253 3537 3317 Absit;

1927 3333 2021 3387 sed
2051 3336 2228 3386 omnia
2260 3350 2384 3388 cum
2414 3336 2517 3389 fide
2549 3339 2699 3390 fiunt.
2730 3339 2866 3404 Quid
2903 3352 3056 3408 putas
3085 3358 3184 3410 pro
3210 3347 3541 3416 martyribus

1926 3427 2131 3495 olferri,
2177 3429 2321 3498 quod
2354 3440 2613 3485 vocentur
2643 3431 2693 3483 in
2725 3432 2810 3484 illa
2840 3433 3017 3486 hora?
3075 3435 3226 3490 Licet
3269 3449 3538 3510 martyres

1925 3523 2051 3582 sint,
2084 3525 2245 3575 etiam
2281 3527 2377 3590 pro
2406 3523 2752 3593 martyribus,
2811 3541 3035 3595 magnus
3067 3527 3242 3583 honor
3272 3535 3536 3588 nominari

1927 3613 2155 3668 Domino
2185 3625 2476 3684 prmsentc,
2518 3619 2643 3669 dum
2680 3634 2826 3671 mors
2856 3619 2943 3672 illa
2976 3621 3272 3688 perficitur,
3309 3624 3537 3681 horren-

1922 3707 2048 3760 dum
2082 3708 2428 3774 sacrificium,
2455 3706 2746 3764 ineffabilia
2768 3715 3044 3783 mysteria.
3065 3715 3530 3781 Quemadmodum

1920 3800 2065 3852 enim
2094 3799 2317 3854 sedente
2346 3799 2698 3868 Imperatore,
2734 3819 3089 3874 qmecumque
3121 3810 3351 3866 voluerit
3376 3821 3531 3883 quis-

1923 3891 2083 3957 piam,
2133 3892 2386 3961 perlicit;
2438 3894 2526 3945 ubi
2569 3903 2750 3948 autem
2800 3900 3122 3961 surrexerit,
3177 3917 3533 3975 qua'cumquo

1917 3985 2134 4044 dixerit,
2167 3984 2364 4040 frustra
2389 3985 2518 4039 dicit
2555 4005 2568 4037 τ
2598 3987 2667 4040 ita
2695 3998 2748 4041 et
2782 3996 2932 4054 tunc,
2975 3993 3233 4060 quamdiu
3286 4009 3532 4064 prostant

1919 4079 2198 4147 mysteria,
2242 4078 2496 4132 omnibus
2542 4079 2716 4132 honor
2758 4082 3029 4136 maximus
3059 4092 3144 4137 est
3184 4086 3233 4139 in
3267 4092 3529 4144 memoria

1917 4169 2126 4222 haberi.
2164 4169 2294 4224 Vide
2319 4170 2465 4224 "enim
2493 4187 2506 4223 :
2535 4174 2884 4227 annuntiatur
2907 4184 3033 4230 tunc
3061 4181 3371 4248 mysterium
3400 4182 3529 4237 hor-

1913 4261 2163 4328 rendum,
2189 4263 2329 4333 quod
2355 4279 2452 4333 pro
2479 4264 2680 4319 mundo
2702 4267 2936 4335 seipsum
2967 4268 3108 4323 Deus
3128 4269 3335 4327 dederit
3363 4292 3375 4328 :
3402 4290 3525 4332 cum

1915 4358 2172 4412 miraculo
2202 4358 2294 4411 illo
2325 4370 2630 4428 opportune
2662 4370 2927 4414 memorat
2953 4362 3041 4415 ille
3068 4378 3183 4430 eos,
3215 4366 3304 4435 qui
3337 4383 3524 4436 pecca-

1913 4461 2122 4507 verunt.
2172 4451 2324 4508 Sicut
2361 4453 2505 4506 enim
2553 4452 2768 4522 quando
2817 4454 3162 4523 triumphalia
3207 4474 3392 4530 regum
3425 4463 3524 4518 du-

1911 4556 2126 4608 cuntur,
2185 4545 2705 4610 tuuceelebrantur
2746 4546 2909 4600 etiam
2966 4558 3233 4619 quotquot
3277 4553 3520 4612 victoriae

1911 4638 2040 4692 socii
2078 4636 2328 4701 fuerunt;
2359 4636 2703 4690 dimittuntur
2733 4638 2896 4692 etiam
2931 4639 2987 4703 ii,
3042 4643 3130 4709 qui
3183 4645 3234 4696 in
3292 4646 3521 4704 vinculis

1909 4738 2055 4795 sunt,
2081 4729 2150 4781 o-b
2181 4728 2440 4797 temporis
2471 4728 2878 4794 celebritatem;
2932 4732 3119 4800 elapso
3161 4745 3340 4790 autem
3380 4749 3519 4794 tem-

1910 4838 2059 4890 pore,
2085 4823 2172 4890 qui
2201 4821 2332 4875 nihil
2364 4829 2689 4892 assequutus
2718 4831 2820 4886 est,
2847 4824 2995 4879 nullo
3025 4823 3219 4881 fruitur
3251 4847 3262 4881 :
3295 4831 3362 4884 ita
3387 4847 3518 4891 sane

1911 4913 2015 4976 hic,
2045 4912 2447 4982 trimuphalium
2480 4923 2690 4981 tempus
2717 4925 2821 4966 est.
2872 4914 3004 4968 Nam
3035 4916 3128 4978 ait,
3158 4917 3515 4982 Quotiescum-

1905 5024 2002 5076 que
2028 5007 2347 5059 mmtducatis
2376 5022 2561 5074 panem
2589 5007 2744 5072 hunc,
2798 5017 3012 5061 mortem
3060 5008 3269 5064 Domini
3311 5031 3517 5070 annun-

1906 5100 2044 5152 tiatis
2072 5099 2146 5167 (l.
2186 5098 2304 5152 Cor.
2347 5100 2430 5151 ll.
2459 5098 2573 5163 9.6).
2633 5099 2816 5169 Itaque
2853 5115 2921 5155 ne
2965 5111 3260 5174 utcumque
3287 5111 3518 5181 acceda-

1909 5210 2049 5256 mus,
2085 5210 2183 5248 nec
2212 5202 2416 5247 temere
2453 5193 2569 5247 haec
2598 5191 2712 5248 fieri
2739 5203 3011 5263 putemus.
3042 5197 3295 5267 Alioquin
3329 5212 3514 5257 autem

1907 5297 2173 5358 martyres
2199 5299 2584 5348 memoramus,
2609 5296 2662 5339 et
2687 5284 2788 5340 hoc
2814 5286 2865 5340 in
2896 5286 3078 5353 ﬁdem,
3107 5291 3249 5360 quod
3269 5293 3380 5360 jam
3412 5296 3519 5348 lto-

1909 5379 2088 5432 minns
2119 5387 2367 5433 mortuus
2408 5394 2512 5431 non
2543 5378 2610 5430 sit
2637 5394 2649 5444 ;
2686 5386 2737 5432 et
2763 5379 2866 5434 hoc
2900 5381 3109 5451 signum
3140 5393 3223 5438 est
3247 5397 3516 5441 mortuam

1969 5516 1985 5546 ί
2022 5513 2162 5563 Alius
2185 5513 2356 5571 habet,
2380 5513 2422 5562 si
2454 5526 2594 5563 cures
2615 5526 2712 5562 non
2736 5511 2937 5563 divitem
2971 5523 3058 5566 sed
3083 5519 3216 5581 piam
3237 5525 3283 5569 et
3313 5533 3514 5584 gravem

1902 5578 2082 5629 ducere
2106 5589 2323 5628 uxorem.

1964 5653 2035 5702 (ut
2065 5647 2314 5690 llounteus
2335 5645 2572 5703 opinatur
2599 5640 2705 5690 haec
2729 5644 2788 5690 ad
2812 5644 2950 5712 illam
2973 5641 3196 5712 liturgite
3216 5646 3519 5712 particulam

1896 5712 2148 5765 spectare.
2192 5718 2241 5760 ιις
2279 5716 2468 5762 summa;
2500 5719 2660 5764 ςύρανῶιι
2691 5719 2885 5767 πλήρωμα.
2919 5707 3046 5764 Quid
3074 5706 3112 5753 si
3141 5706 3385 5762 dicamus,
3414 5709 3521 5759 ha-c

1898 5769 1956 5831 ad
1989 5766 2229 5816 Ecclesiae
2255 5769 2626 5828 plenitudinem
2651 5766 2849 5831 referri,
2868 5783 2982 5830 quae
3004 5772 3154 5818 etiam
3178 5776 3384 5817 vocatur
3407 5776 3522 5831 ple-

1901 5829 2074 5879 nitudo
2099 5837 2406 5889 sanctorum,
2429 5833 2545 5892 quia
2572 5829 2728 5880 sancti
2759 5830 2808 5878 in
2833 5829 2925 5879 hac
2950 5833 3052 5879 vita
3073 5832 3311 5889 precibus
3336 5829 3513 5895 egent.
