4078 6318
525 414 618 472 ι’ῖι

530 525 648 567 esse
695 512 964 566 mortem,
1010 493 1152 567 quod
1199 493 1287 546 ille
1327 498 1567 544 mortuus
1606 481 1782 536 fuerit.
1816 477 1939 531 11ωο
1986 487 2107 528 cum

529 603 784 660 sciamus,
839 589 1240 648 consideremus
1284 589 1507 652 quantas
1555 583 1837 645 possumus
1862 564 2110 621 consola-

531 700 707 751 tiones
754 687 1021 745 defunctis
1069 681 1336 738 conferre,
1381 672 1499 726 vice
1551 668 1928 736 lacrymarum,
1997 656 2111 708 vice

527 789 770 846 lletunm,
807 783 924 834 vice
970 775 1456 830 monumentorum,
1489 759 1864 825 elcemosynas
1894 763 2108 816 nempe,

529 867 1629 914 ______________________——-—

1639 852 2540 876 ____________________.____.

1295 394 1348 449 S.
1389 385 1664 447 JUANNIS
1689 374 2157 439 CllllYSOS’l‘O)“
2200 371 2513 429 AllClllEl’.
2551 362 3087 422 CONS’I‘ANTINOP.
3708 351 3814 405 I79.

2218 469 2507 526 orationes,
2533 465 2866 520 oblationes:
2899 472 2952 514 nt
2975 470 3027 512 ct
3048 457 3120 512 illi
3147 467 3200 510 et
3222 468 3318 508 nos
3343 451 3602 522 promissa
3623 463 3810 502 Conse-

2216 573 2442 630 quamur
2465 557 2600 611 bona
2627 597 2642 619 ,
2682 557 2852 624 gratia
2879 563 2935 607 et
2963 549 3289 617 benignitate
3330 539 3591 608 nnigcniti
3637 537 3758 592 Filii
3788 576 3809 598 .

2220 654 2434 721 quicum
2460 651 2600 705 Patri
2630 659 2682 703 et
2721 647 2938 716 Spiritui
2972 653 3156 698 sancto
3182 640 3346 708 gloria
3374 680 3386 701 ,
3413 635 3606 698 honor,
3641 632 3813 700 impo-

2221 747 2381 809 rimn,
2399 758 2540 798 nunc
2558 750 2612 796 et
2630 754 2864 809 semper,
2886 747 2939 792 et
2960 737 3012 790 in
3031 734 3225 789 saecula
3247 728 3587 786 surculorum.
3609 723 3810 777 Amen.

2547 830 3811 864 ..Μ-..α

1920 911 2270 976 HOMILIA
2314 910 2525 972 XXII.

525 1085 652 1140 Car.
697 1079 780 1134 10.
823 1091 873 1128 v.
916 1073 967 1127 1.
1010 1067 1098 1122 Vir
1125 1074 1291 1119 autem
1309 1058 1513 1131 quidam
1537 1058 1647 1108 erat
1672 1065 1724 1102 tn
1753 1044 1983 1100 Casarea
2016 1054 2120 1093 no-

588 1177 719 1228 mine
737 1169 1017 1229 Cornelius,
1050 1157 1275 1216 centurio
1305 1169 1367 1207 ex
1392 1149 1619 1209 cohorte,
1643 1158 1757 1212 qua
1780 1147 1985 1192 vocatur
2011 1131 2124 1186 Ita-

598 1272 716 1332 lica,
746 1266 801 1319 2.
839 1261 1099 1332 religiosus
1143 1267 1202 1305 ac
1243 1248 1420 1302 timens
1466 1241 1626 1295 Deum
1663 1251 1777 1290 cum
1803 1231 1938 1287 omni
1964 1228 2113 1281 domo

598 1378 710 1425 sua,
758 1325 953 1427 facien;
987 1350 1324 1414 eleentosynas
1353 1335 1539 1391 multas
1565 1329 1717 1402 plebi,
1763 1334 1807 1380 et
1841 1325 2113 1392 deprecans

601 1455 758 1508 Deum
804 1459 998 1513 semper
1026 1456 1044 1496 :
1072 1440 1125 1494 5.
1165 1437 1210 1489 is
1257 1431 1380 1487 vidit
1418 1430 1470 1482 in
1509 1425 1618 1479 risu
1666 1417 1932 1486 manifeste
1967 1408 2112 1481 quasi

596 1551 722 1603 liora
751 1542 852 1596 diei
881 1553 1036 1600 nona,
1084 1531 1319 1602 angelum
1361 1522 1456 1577 Dei
1498 1521 1831 1573 introeuntem
1857 1511 1924 1562 ad
1949 1523 2032 1568 se,
2065 1513 2113 1558 et

597 1640 841 1692 dicentem
871 1627 984 1691 sibi,
1016 1600 1237 1682 Corneli.
1265 1619 1320 1673 4.
1348 1616 1408 1669 At
1433 1612 1521 1667 ille
1545 1611 1744 1662 intuens
1775 1618 1907 1664 eum,
1938 1600 2114 1651 timore

592 1738 854 1797 correptus
873 1723 1043 1777 dixit:
1073 1715 1207 1783 Quid
1236 1721 1325 1774 est,
1363 1699 1617 1760 Domine?
1648 1697 1790 1752 Dixit
1813 1702 1978 1746 autem
2002 1687 2112 1743 illi:

598 1823 866 1879 Orationes
897 1826 998 1870 tua:
1024 1821 1069 1866 et
1096 1810 1421 1875 elcemosyna
1449 1809 1548 1853 tua:
1571 1791 1906 1849 ascenderunt
1939 1787 1991 1838 in
2019 1799 2114 1836 mc-

595 1915 810 1970 moriam
840 1910 892 1962 in
919 1911 1188 1973 conspectu
1222 1896 1334 1951 Dei.

598 2012 651 2062 1.
692 2005 789 2059 llic
837 2014 944 2055 non
989 2003 1106 2050 erat
1148 1987 1384 2050 Judacus,
1435 1995 1533 2036 nec
1571 1974 1784 2030 Vivebat
1815 1966 2110 2026 secundum

529 2104 738 2171 legem;
779 2091 873 2149 sed
908 2091 1016 2160 jam
1049 2082 1515 2155 praeoccupaverat
1540 2069 1838 2125 institutum
1869 2062 1992 2116 vita:
2019 2073 2114 2112 no—

523 2205 713 2248 strum.
749 2187 814 2242 Et
843 2183 964 2238 vide
987 2179 1119 2234 duos
1140 2173 1444 2231 credentes,
1471 2161 1774 2219 eunuchum
1798 2158 1850 2211 in
1872 2154 2034 2214 Gaza,
2058 2159 2114 2205 et

526 2288 684 2344 hunc,
716 2278 904 2333 ambos
932 2274 981 2327 in
1009 2263 1353 2339 dignitatibus
1382 2255 1723 2312 constitutos,
1759 2256 2111 2316 magnamque

524 2380 590 2431 dc
615 2373 719 2429 illis
755 2367 989 2424 habitam
1038 2337 1243 2417 curam.
1290 2350 1396 2407 Sed
1431 2363 1496 2402 ne
1525 2352 1679 2417 putes
1704 2341 1773 2394 ob
1803 2337 2107 2407 dignitates.

526 2470 638 2524 Non
663 2481 724 2522 ea
759 2464 826 2517 de
869 2472 1050 2518 causa,
1096 2449 1269 2512 absit;
1301 2441 1393 2499 scd
1428 2446 1643 2510 propter
1671 2433 1942 2503 pietatem.
1988 2424 2111 2479 Ideo

524 2563 810 2632 dignitates
843 2551 1026 2624 posita:
1053 2552 1196 2606 sunt,
1220 2549 1277 2593 ut.
1307 2534 1478 2605 major
1498 2530 1666 2600 pietas
1688 2526 1938 2580 eluceret.
1966 2518 2113 2571 Mira-

525 2612 681 2709 liilitts
702 2612 896 2721 quippe
921 2652 1022 2704 est,
1056 2651 1175 2692 cum
1198 2631 1317 2703 quis
1343 2629 1394 2682 in
1422 2622 1620 2679 divitiis
1649 2627 1706 2672 et
1729 2612 1967 2686 potentia
1985 2626 2113 2665 con-

1707 2708 1719 2721 .
1855 2719 1864 2721 4
1909 2714 1920 2721 ,
1979 2700 2110 2721 ῃᾘ,

525 2700 758 2806 stitutus,
785 2700 903 2792 t'alis
925 2730 1099 2786 luerit.
1129 2700 1290 2779 Certe
1319 2731 1504 2786 magna
1536 2712 1678 2767 illius
1707 2708 1822 2762 laus
1843 2714 1945 2767 est,
1970 2700 2111 2772 quod

527 2846 723 2892 tantam
755 2822 1232 2901 peregrinationem
1257 2810 1550 2878 susciperet
1577 2846 1591 2869 ,
1625 2815 1724 2856 ncc
1754 2797 1844 2852 tali
1874 2805 2114 2861 tempore

529 2935 579 2983 in
613 2930 694 2980 via
727 2922 1006 2978 lectionem
1034 2908 1431 2968 intermitteret,
1479 2907 1533 2953 et
1564 2893 1701 2965 quod
1733 2905 1894 2947 curru
1931 2895 2113 2940 vectus

531 3021 826 3087 l'hilippnm
859 3010 1165 3067 advocaret,
1192 2997 1465 3063 multaque
1493 2989 1593 3042 alia
1626 3005 1640 3042 :
1669 2996 1921 3052 magnum
1953 2977 2113 3031 etiam

531 3115 584 3168 in
741 3117 844 3168 est,
880 3098 1022 3172 quod
1049 3096 1420 3159 clecmosynas
1450 3090 1504 3136 et
1535 3091 1718 3149 preces
1744 3073 2033 3131 emitteret,
2062 3074 2118 3121 et

528 3208 581 3260 in
613 3212 760 3255 tanto
787 3159 1081 3266 principatu
1110 3184 1224 3256 pius
1251 3185 1412 3234 esset.
1461 3170 1612 3227 Unde
1651 3175 1704 3222 ct
1731 3165 1800 3219 ab
1830 3165 1931 3216 hoc
1967 3159 2115 3214 illum

534 3306 715 3352 notum
746 3291 874 3344 facit
904 3305 916 3339 :
951 3292 1004 3338 ct
1044 3278 1236 3334 merito
1258 3314 1273 3337 ,
1307 3280 1366 3322 ttt
1404 3283 1471 3321 ne
1502 3263 1620 3333 quis
1649 3261 1854 3314 diceret
1900 3251 2115 3308 mentiri

536 3389 930 3456 Scripturarum
977 3369 1273 3427 historiam.
1304 3360 1386 3414 Ex
1410 3358 1631 3417 cohorte,
1659 3349 1850 3419 inquit,
1882 3359 1995 3415 qua:
2028 3358 2116 3395 vo-

531 3440 740 3535 cabalur
779 3469 980 3525 Italica.
1012 3452 1218 3519 Cohors
1258 3451 1334 3524 (α)
1368 3457 1504 3511 erat,
1538 3443 1588 3498 id
1617 3440 1756 3513 quod
1787 3451 1926 3491 nunc
1956 3449 2116 3487 voca-

535 3587 653 3626 mus
675 3574 977 3620 numerum.
1012 3553 1133 3607 Pius
1160 3565 1218 3601 ac
1251 3545 1428 3598 timens
1459 3538 1621 3591 Deunt
1650 3548 1764 3587 cum
1793 3527 1928 3583 omni
1967 3527 2116 3579 domo

534 3679 648 3718 sua.
677 3658 801 3713 ll-xc
842 3651 990 3712 dicit,
1037 3659 1103 3699 ne
1132 3649 1285 3712 putes
1323 3636 1392 3689 ob
1426 3632 1738 3700 dignitatem
1766 3623 1882 3692 cjns
1908 3621 1983 3675 sic
2012 3619 2121 3672 dis-

535 3761 815 3828 pensatnm
856 3744 1041 3799 fuisse.
1090 3731 1313 3803 Quando
1343 3726 1560 3782 Paulum
1592 3717 1782 3772 adduci
1813 3711 2116 3784 Oportebat,

541 3803 644 3905 itan
677 3840 914 3912 angelus,
947 3830 1039 3887 sed
1064 3830 1178 3899 ipse
1219 3821 1472 3877 Dominus
1503 3819 1758 3882 apparet;
1790 3819 1966 3875 neque
1998 3803 2120 3856 mit-

539 3941 601 3994 tit
629 3896 777 3990 eumv
800 3929 863 3983 ad
906 3896 1137 3994 aliquam
1181 3932 1244 3971 ex
1276 3907 1558 3967 duodecim
1597 3904 1721 3967 illis,
1755 3897 1849 3955 sed
1876 3896 1941 3950 ad
1974 3897 2118 3948 Ana-

539 4033 702 4089 niam.
735 4025 828 4079 llic
855 4036 979 4075 vero
1006 4023 1212 4072 contra,
1237 4004 1581 4077 coryplncum
1615 3997 1794 4060 mittit,
1823 4003 1882 4046 ut
1911 3990 2118 4058 Philip-

538 4139 664 4196 pum
685 4120 749 4173 ad
773 4113 1096 4171 eunuchum,
1120 4105 1327 4158 illorum
1351 4091 1642 4152 inﬁrmitati
1661 4106 1718 4143 sc
1739 4095 2119 4152 attemperans,

1509 4187 1518 4196 _
1709 4192 1748 4196 ,ί
1797 4189 1806 4196 _
1890 4175 2017 4196 ,λγ-Μ
2069 4183 2114 4196 Α.

541 4175 607 4196 Γ-
636 4175 639 4176 ν

538 4219 841 4278 decensque
891 4198 1158 4275 quomodo
1204 4192 1395 4248 talibus
1447 4187 1523 4241 nti
1569 4189 1832 4253 oporteat.
1890 4175 2020 4229 Nam
2066 4183 2119 4227 et

541 4307 786 4365 Christus
829 4272 971 4364 sarpc
999 4296 1218 4361 apparet
1263 4286 1348 4346 iis,
1399 4281 1488 4351 qui
1519 4277 1658 4332 mala
1699 4272 1990 4342 patiuntur,
2026 4279 2124 4318 nec

546 4406 771 4473 possunt
800 4406 892 4461 per
921 4404 979 4443 se
1009 4381 1286 4439 accedere.
1316 4373 1451 4430 Vide
1478 4380 1655 4425 autem
1683 4378 1737 4422 et
1767 4365 1852 4419 hic
1873 4405 1886 4426 ,
1917 4373 2121 4429 qttmso,

1296 4470 1306 4473 μ
1621 4471 1625 4473 .
1794 4457 1804 4470 ο
1875 4451 2095 4473 ηιμ..-

547 4451 690 4549 aliud
719 4488 1077 4551 elecmosynac
1102 4470 1437 4528 encomium:
1488 4473 1546 4516 ut
1582 4471 1635 4515 et
1663 4460 1769 4513 illic
1794 4457 1845 4510 in
1875 4451 2122 4507 Tabitha.

557 4587 643 4639 l'ir
672 4583 804 4652 pius,
837 4573 1025 4643 inquit,
1054 4578 1097 4621 et
1124 4566 1301 4618 timens
1340 4559 1499 4610 Deum
1539 4569 1650 4606 cum
1680 4549 1816 4604 omni
1843 4548 1990 4599 domo
2010 4558 2122 4596 sua.

553 4678 842 4734 Audiamus
894 4670 1150 4738 quotquot
1191 4653 1514 4711 domesticos
1560 4646 1687 4701 nihil
1731 4653 2000 4698 curamus.
2031 4637 2127 4690 llic

552 4781 728 4824 antctn
774 4773 830 4819 ct
870 4759 1096 4815 militum
1131 4763 1313 4806 curam
1355 4742 1591 4815 gerebat,
1641 4747 1693 4792 ct
1733 4734 2127 4800 elcetnosynant

554 4859 809 4927 erogabat
833 4851 977 4907 omni
1011 4844 1225 4917 populo.
1271 4839 1360 4894 Sic
1401 4845 1454 4890 et
1496 4834 1741 4900 dogmata
1775 4835 1829 4881 et
1853 4824 1959 4876 vita
1993 4820 2133 4873 illius

555 4963 702 5011 recta
735 4949 967 5002 luerunt.
1006 4936 1141 4989 Vidit
1173 4935 1223 4985 in
1249 4932 1356 4984 visu
1387 4925 1670 4994 manifrste,
1700 4917 1843 4989 quasi
1876 4917 2000 4966 hora
2036 4911 2134 4962 diei

557 5063 715 5109 nona,
758 5037 988 5108 angelum
1020 5029 1112 5082 Dei
1142 5028 1473 5078 introeuntem
1490 5016 1553 5066 ad
1576 5029 1647 5074 se,
1677 5021 1722 5064 et
1749 5009 1989 5061 dicentem
2020 5002 2133 5065 sibi,

559 5094 777 5191 Corneli.
819 5094 994 5194 Quare
1023 5119 1165 5173 videt
1200 5108 1491 5181 angelum?
1533 5104 1598 5160 Ut
1623 5101 1817 5157 certior
1849 5098 1996 5151 ﬁeret
2036 5094 2136 5146 Pc-

561 5240 711 5289 trns;
743 5225 851 5276 imo
882 5231 987 5269 non
1014 5212 1123 5272 ille,
1162 5206 1253 5260 sed
1281 5204 1367 5256 alii
1396 5197 1738 5254 inﬁrmiores.
1773 5188 1926 5243 Nona
1961 5194 2139 5238 antem

567 5323 687 5372 liora
707 5357 721 5372 .
760 5306 973 5382 quando
1000 5302 1142 5357 curis
1170 5298 1305 5351 liber
1335 5296 1384 5347 in
1411 5294 1588 5362 qnicte
1615 5292 1752 5350 erat,
1786 5297 1905 5335 cum
1940 5279 1990 5330 in
2019 5291 2139 5330 ora-

566 5409 798 5463 tionibus
820 5412 873 5457 et
904 5401 955 5453 in
983 5391 1394 5464 compnnctione
1419 5382 1749 5438 versabatur.
1802 5375 2014 5429 Intuens
2052 5387 2140 5421 au-

568 5514 666 5556 tem
699 5499 864 5558 illum,
896 5494 1068 5545 timore
1096 5491 1375 5551 corn-plus,
1409 5477 1554 5530 dixit.
1607 5471 1738 5524 Vide
1764 5466 2008 5537 angelum
2042 5477 2144 5514 non

633 5595 703 5652 (a)
751 5587 804 5652 in
829 5585 994 5634 Graeco
1018 5581 1215 5648 legitur,
1235 5588 1370 5652 ἐπιτεα
1389 5609 1399 5625 .
1421 5565 1547 5630 quod
1572 5562 1863 5652 adlhliltqram
1901 5555 2139 5652 l;t3't‘ltl.‘l:t‘r:.L-

1282 5648 1299 5652 -
1353 5645 1447 5652 --_-
1983 5629 2064 5652 ην,
2131 5650 2139 5652 _

633 5618 682 5640 ιη
753 5618 804 5636 lu
831 5618 994 5634 υιυυνν
1020 5618 1064 5627 ιν
1106 5618 1215 5631 .-ς-η,
1244 5618 1323 5622 _..-_
1353 5618 1358 5619 ,
1390 5618 1399 5625 ,

571 5643 665 5711 tur,
688 5618 840 5711 inira.
869 5653 1010 5693 Porro
1048 5618 1175 5702 siira
1203 5645 1253 5686 et
1276 5618 1453 5683 eo‘bors‘
1487 5627 1611 5711 aptid
1635 5624 1873 5686 Polybium
1896 5618 2139 5666 dil'l'erunt.

1189 5700 1213 5711 ··
1320 5703 1330 5711 ι
1421 5694 1527 5711 --·-...
1553 5704 1562 5711 ,
1587 5695 1719 5711 ..λυ-ι..
1750 5696 1787 5711 ς.
1823 5709 1837 5711 ,
1869 5697 1930 5711 ι--
1958 5687 2000 5711 ιιι
2032 5680 2139 5711 eum

573 5680 647 5703 tur
691 5680 710 5699 0
733 5680 840 5698 Illu-
870 5680 1010 5693 ιν-ιν
1048 5680 1072 5689 υ
1108 5680 1175 5686 η..
1206 5680 1252 5686 ν,
1285 5680 1343 5683 --κ

572 5680 727 5763 (ἰιειέεέ
752 5710 1002 5760 cohortem
1044 5680 1338 5763 tamdicunt
1357 5730 1369 5750 ,
1385 5680 1531 5763 cujus:
1552 5680 1729 5763 ductor
1750 5696 1932 5744 101576;;
1958 5687 2008 5726 et
2032 5680 2149 5724 Sunt.

577 5779 774 5825 tortasse
812 5767 1066 5832 quingenti
1091 5751 1280 5810 milites.
1320 5751 1479 5816 Polyb.
1506 5752 1537 5799 l.
1564 5751 1594 5797 6
1617 5763 1628 5797 :
1656 5761 1714 5832 κεί
1735 5760 1776 5795 τὸ
1796 5759 1856 5805 μὶν
1879 5759 1981 5804 ut”;
2000 5752 2150 5832 Exaalz'n

1517 5815 1662 5832 μη-..
1943 5805 2150 5832 Amm,"

2112 5763 2128 5785 ν)

578 5801 774 5825 turmam:
812 5801 1066 5832 ιμιιυηνιιι.
1092 5801 1280 5810 ......-ν.,.
1321 5801 1332 5805 -
1356 5801 1452 5816 -.θη
1797 5801 1804 5805 _
1883 5801 1888 5804 ἡ
1929 5801 1935 5803 _

578 5850 787 5887 uati-mw.
811 5856 942 5892 τστμι,
969 5843 1028 5877 ni.
1053 5843 1211 5892 σηῖςιαν,
1242 5848 1300 5870 ιιι
1325 5812 1784 5892 σημιὶδν·¹(;35ξιὶὼυιι.
1832 5820 1891 5855 .-iC
1941 5801 2151 5864 singulas

574 5878 1009 5966 pxrtcsapjiélldt‘it
1032 5878 1268 5940 ordinem,
1297 5878 1588 5940 mmnpulum
1611 5913 1621 5931 ,
1648 5882 1849 5933 stqnunt.

2223 1036 2402 1091 statim
2430 1037 2698 1092 dicentem
2718 1053 2837 1106 qua:
2869 1036 3108 1090 dicturus
3142 1041 3276 1094 erat,
3305 1029 3397 1085 sed
3429 1027 3571 1098 prius
3596 1023 3814 1080 solven-

2223 1137 2327 1183 tem
2357 1140 2578 1194 metum,
2601 1139 2656 1185 et
2677 1140 2912 1185 mcntcm
2943 1129 3059 1197 ejus
3089 1127 3406 1196 erigentem.
3433 1121 3566 1175 Nam
3588 1134 3657 1172 ex
3687 1119 3813 1169 risu

2219 1229 2395 1275 metus
2424 1221 2554 1287 luit;
2586 1221 2678 1276 sed
2707 1231 2880 1277 metus
2910 1220 3234 1281 moderatus,
3255 1214 3343 1284 qui
3373 1215 3519 1266 illum
3544 1214 3811 1264 intentum

2219 1312 2467 1413 redderet
2517 1323 2741 1368 tantum.
2803 1312 3006 1367 Deinde
3045 1311 3209 1366 verba
3259 1319 3458 1362 metum
3508 1305 3812 1365 solverunt,

2220 1401 2329 1457 imo
2356 1405 2530 1473 potius
2561 1404 2745 1459 laudes
2783 1405 2886 1459 illis
2915 1404 3180 1472 adjuncta:
3219 1398 3426 1454 timoris
3461 1396 3811 1466 aSperitatent

2219 1498 2546 1568 mitigarunt.
2581 1497 2718 1552 Audi
2761 1511 2890 1552 vero
2920 1512 3036 1566 quae
3065 1495 3227 1548 verba
3259 1509 3272 1543 :
3317 1489 3586 1543 Orationes
3622 1498 3722 1539 tua:
3761 1492 3816 1537 et

2215 1590 2544 1661 eleemosyna:
2569 1599 2668 1643 tum
2697 1588 3031 1643 ascenderunt
3055 1588 3106 1638 in
3134 1583 3428 1638 memoriam
3453 1580 3505 1633 in
3535 1586 3815 1647 conspectu

2216 1680 2335 1735 Dei.
2365 1683 2418 1737 5.
2458 1680 2607 1734 Nunc
2656 1696 2775 1751 ergo
2819 1681 2960 1733 mitte
3005 1679 3138 1732 viros
3183 1677 3236 1730 in
3276 1673 3500 1743 Joppen,
3544 1682 3590 1726 et
3619 1667 3816 1722 accersi

2219 1775 2478 1828 Simonem
2506 1778 2794 1842 quemdam,
2829 1772 2913 1841 qui
2955 1769 3339 1840 cognominatur
3364 1764 3570 1818 Petrus.
3618 1760 3696 1816 Ne
3742 1758 3815 1812 ad

2217 1866 2378 1921 alium
2412 1866 2647 1930 veniant,
2684 1879 2789 1918 non
2820 1879 2847 1916 a
2881 1861 3200 1932 cognomine
3233 1865 3437 1912 tantum
3463 1896 3478 1922 ,
3520 1853 3616 1909 sed
3647 1852 3814 1906 etiam

2218 1974 2247 2012 a
2285 1959 2402 2012 loco
2431 1958 2601 2010 virum
2638 1957 2883 2010 denotat.
2915 1954 2967 2008 6.
3009 1951 3104 2005 llic
3135 1951 3428 2020 Itospitatur
3464 1945 3603 2016 apud
3634 1944 3814 2000 Simo-

2219 2067 2330 2104 nem
2358 2049 2622 2120 quemdam
2652 2048 2928 2102 coriarium
2945 2086 2960 2113 ,
2995 2046 3146 2114 cujus
3169 2053 3242 2097 est
3265 2042 3448 2094 domus
3467 2041 3620 2108 juxta
3647 2051 3811 2088 mare.

2221 2142 2466 2196 Vidistin‘
2512 2139 2786 2212 quomodo
2836 2137 3104 2208 apostoli,
3156 2134 3463 2190 solitudinis
3509 2140 3564 2184 et
3613 2129 3818 2200 quietis

2217 2245 2480 2301 amantes,
2508 2234 2826 2290 rcmotiores
2853 2233 3061 2286 urbium
3087 2238 3266 2299 partes
3290 2223 3650 2282 sectarentur?
3671 2221 3816 2289 Quid

2219 2329 2399 2397 igitur,
2453 2327 2496 2380 si
2525 2327 2842 2395 contigisset
2888 2324 3050 2377 alium
3084 2334 3204 2376 esse
3239 2319 3512 2374 Simonem
3542 2324 3593 2370 et
3638 2317 3817 2384 ipsum

2216 2418 2542 2474 curiarium?
2595 2417 2700 2473 Sed
2758 2425 2813 2470 et
2877 2415 3038 2468 aliam
3107 2420 3288 2465 notam
3334 2408 3612 2471 habebat,
3666 2405 3817 2476 quod

2219 2514 2478 2570 habitaret
2499 2512 2647 2582 juxta
2671 2525 2819 2564 mare
2852 2527 2866 2561 :
2900 2511 2999 2562 tria
3029 2514 3205 2561 autem
3239 2504 3325 2558 illa
3355 2517 3461 2555 non
3490 2513 3819 2554 concurrere

2220 2614 2487 2676 poterant.
2538 2603 2647 2658 Nec
2681 2602 2835 2665 dixit,
2866 2614 3053 2670 quare,
3087 2613 3155 2653 ne
3184 2597 3482 2657 resolutum
3525 2593 3816 2654 redderet;

2221 2699 2315 2753 sed
2345 2696 2580 2763 dimisit,
2622 2704 2681 2748 ut
2723 2692 2973 2748 audiendi
3005 2689 3271 2745 desiderio
3313 2683 3624 2741 teneretur?
3657 2685 3711 2740 7.
3747 2681 3819 2736 Et

2221 2807 2334 2844 cum
2359 2789 2662 2843 discessisset
2690 2786 2919 2857 angelus,
2953 2787 3042 2853 qui
3061 2781 3356 2850 loquebatur
3379 2775 3634 2839 Cornelio,
3663 2790 3818 2828 uoca-

2221 2886 2288 2939 rit
2315 2885 2440 2936 duos
2477 2881 2778 2935 domesticos
2825 2895 2964 2942 sttos,
2995 2886 3043 2930 et
3072 2875 3280 2928 militem
3307 2881 3603 2926 metuentem
3627 2867 3820 2921 Domi-

2222 2994 2364 3044 nunt,
2399 2977 2539 3030 exiis
2567 2975 2650 3043 qui
2682 2973 2759 3026 illi
2789 2970 3059 3042 parebant.
3089 2967 3142 3021 8.
3194 2964 3388 3029 Quibus
3417 2978 3532 3016 cum
3560 2969 3822 3012 narrasset

2223 3073 2415 3136 omnia,
2463 3070 2596 3122 misit
2634 3067 2751 3120 illos
2796 3067 2850 3118 in
2888 3062 3111 3132 Joppcn.
3162 3058 3350 3113 Vidcn’
3388 3056 3535 3110 illum
3565 3054 3680 3108 haec
3709 3068 3822 3105 non

2223 3167 2340 3219 sine
2369 3177 2526 3216 causa
2559 3161 2762 3224 dicere,
2809 3155 2902 3212 scd
2932 3164 2989 3208 ut
3017 3151 3327 3208 ostenderet
3357 3163 3472 3214 eos,
3518 3146 3606 3216 qui
3659 3161 3822 3216 pares

2225 3257 2353 3309 bant
2381 3254 2473 3318 illi,
2507 3252 2639 3306 tales
2669 3249 2876 3304 fuisse?
2926 3245 2993 3300 Et
3040 3261 3155 3298 cum
3179 3250 3431 3296 narrasset
3470 3240 3574 3292 illis
3603 3239 3776 3291 omnia
3803 3280 3822 3300 ,

2225 3348 2413 3418 inquit.
2449 3344 2578 3399 Vide
2605 3358 2763 3413 quam
2797 3341 3006 3395 alienus
3026 3339 3093 3393 sit
3116 3353 3143 3390 a
3181 3335 3339 3390 fastu.
3374 3333 3488 3387 Non
3517 3330 3677 3394 dixit,
3717 3329 3826 3383 νο-

2224 3451 2343 3496 cate
2369 3438 2496 3494 mihi
2521 3437 2739 3491 Petrum
2763 3451 2778 3499 ;
2811 3432 2904 3487 sed
2929 3440 2984 3484 ut
3005 3423 3559 3489 suaderetrnarravit
3586 3421 3766 3474 omnia
3805 3437 3819 3472 :

2225 3535 2305 3589 sic
2334 3547 2448 3587 rem
2474 3531 2562 3584 ille
2592 3527 2816 3598 provide
2844 3526 3054 3595 agebat.
3105 3520 3222 3576 Non
3251 3517 3395 3572 cnint
3426 3514 3596 3570 voluit
3621 3529 3688 3567 cx
3719 3529 3826 3566 au-

2225 3624 2475 3680 ctoritate
2524 3622 2670 3675 illttm
2721 3631 3001 3673 accersere
3032 3633 3044 3668 :
3081 3614 3201 3668 ideo
3232 3619 3432 3664 narrat.
3476 3607 3656 3676 lisque
3685 3605 3829 3658 adeo

2228 3717 2503 3771 modestus
2529 3721 2645 3768 erat
2674 3711 2856 3770 homo,
2899 3704 3110 3762 etiamsi
3140 3702 3271 3756 nihil
3311 3713 3560 3768 magnum
3597 3696 3827 3766 cogitari

2229 3816 2412 3878 posset
2434 3808 2500 3861 de
2527 3806 2641 3858 viro
2667 3802 2805 3873 apud
2829 3799 3116 3856 coriarium
3147 3795 3482 3850 diversante.
3515 3790 3566 3845 9.
3605 3790 3827 3844 Postera

2228 3912 2398 3955 autem
2438 3900 2539 3965 die,
2591 3898 2685 3949 iter
2722 3895 2826 3948 illis
2866 3890 3189 3962 facientibus,
3223 3895 3267 3940 et
3296 3882 3830 3956 appropinquantibus

2228 3993 2437 4058 civitati,
2483 3989 2708 4044 ascendit
2759 3986 2940 4039 Petrus
2973 3984 3025 4036 in
3055 3980 3320 4050 superiora
3346 3977 3482 4030 circa
3507 3975 3685 4027 horam
3711 3990 3832 4027 sea-

2233 4099 2355 4142 tam.
2390 4084 2523 4139 Vide
2562 4079 2832 4150 quomodo
2862 4076 3092 4146 Spiritus
3126 4084 3365 4138 tempora
3394 4075 3708 4127 connectat,
3761 4080 3830 4118 ac

2234 4194 2404 4248 neque
2444 4179 2598 4231 citius
2642 4186 2814 4241 neque
2849 4168 3058 4222 tardius
3092 4180 3205 4218 rem
3235 4161 3411 4217 iaciat.
3450 4157 3709 4217 Ascendit,
3744 4156 3830 4208 in-

2234 4275 2366 4343 quit,
2402 4270 2585 4325 Petrus
2614 4269 2665 4320 in
2693 4264 2975 4333 superiora,
3022 4267 3078 4312 ut
3111 4263 3278 4310 oraret
3316 4254 3451 4307 circa
3491 4252 3669 4303 horam
3712 4264 3830 4302 sex-

2236 4379 2340 4422 tam
2369 4381 2386 4418 :
2428 4365 2529 4418 hoc
2570 4370 2670 4424 est,
2720 4369 2964 4411 seorsum
2993 4361 3047 4406 et
3079 4351 3128 4404 in
3158 4348 3360 4418 quiete,
3390 4344 3541 4413 quasi
3567 4343 3617 4394 itt
3639 4355 3830 4395 cama-

2234 4456 2486 4513 cnlo.10.
2535 4453 2596 4507 Et
2628 4467 2739 4505 cum
2785 4450 3019 4509 csurirct,
3067 4442 3226 4496 voluit
3263 4449 3487 4509 gustare.
3517 4433 3834 4487 Paranttbus

2234 4562 2400 4606 autem
2422 4549 2544 4613 illis,
2590 4545 2766 4598 cecidit
2805 4556 2956 4609 super
2985 4553 3097 4590 eum
3123 4533 3304 4587 mentis
3331 4544 3582 4593 excessus,
3629 4538 3675 4580 et
3705 4527 3835 4580 vidit

2238 4644 2414 4698 ca'lum
2440 4651 2688 4708 apertum.
2737 4634 2872 4700 Quid
2903 4641 2985 4686 cst
3016 4629 3212 4682 mentis
3233 4638 3488 4679 excessus
3512 4623 3535 4675 ?
3563 4621 3834 4690 Spiritna-

2241 4736 2325 4794 lis,
2358 4733 2546 4799 inquit,
2595 4724 2976 4793 contemplatio
3016 4718 3213 4774 accidit
3241 4717 3313 4770 illi
3347 4732 3360 4769 :
3388 4731 3452 4769 ex
3481 4727 3730 4781 corpore.
3778 4721 3840 4765 ut

2242 4825 2310 4879 ita
2344 4825 2535 4884 dicam,
2567 4817 2800 4874 excessit
2829 4814 3025 4867 anima.
3059 4811 3145 4864 11.
3199 4808 3260 4860 Et
3301 4807 3424 4860 vidit
3470 4805 3650 4858 cwlum
3679 4819 3840 4871 aper-

2245 4928 2367 4980 tum,
2393 4926 2439 4968 ct
2461 4914 2765 4966 descendens
2786 4925 2872 4960 vas
2900 4902 3154 4973 quoddam
3176 4900 3305 4953 t'clttt
3338 4899 3546 4950 linteum
3571 4909 3839 4962 magnum,

2243 5021 2414 5080 quatiu
2449 5007 2633 5059 initiis
2673 5000 2896 5055 submitti
2923 4997 2984 5050 de
3011 4995 3133 5048 ca'lo
3171 4993 3221 5044 iu
3252 5002 3438 5044 terram
3474 5003 3492 5040 :
3536 4986 3622 5039 12.
3657 4986 3708 5037 in
3737 4999 3844 5051 quo

2244 5111 2422 5157 crantt
2463 5099 2576 5150 ttnia
2606 5090 2952 5164 quadrupedia
2993 5097 3169 5148 terrae,
3202 5094 3247 5135 et
3281 5081 3450 5134 bestii?
3495 5087 3539 5129 et
3585 5076 3846 5144 serpentia

2247 5207 2292 5248 ct
2322 5189 2550 5246 volatilia
2580 5185 2711 5238 ca'li.
2742 5184 2828 5236 15.
2863 5180 2924 5233 Et
2959 5183 3094 5249 facta
3123 5183 3193 5228 est
3227 5187 3321 5225 vox
3350 5170 3417 5221 ad
3443 5183 3558 5220 eum
3589 5181 3606 5219 :
3647 5165 3842 5234 Surge,

2253 5286 2420 5344 Putre,
2446 5280 2637 5341 occide,
2671 5286 2713 5329 et
2745 5273 3013 5325 manduca.
3048 5268 3135 5320 M.
3166 5264 3247 5316 Ait
3274 5272 3445 5314 autent
3479 5258 3665 5311 Petrus
3693 5272 3712 5308 :
3744 5256 3850 5308 Ab-

2249 5382 2332 5440 sit,
2367 5376 2603 5432 Domine,
2639 5371 2754 5438 quia
2783 5379 3056 5430 numquam
3079 5355 3377 5411 manducavi
3407 5365 3554 5406 omne
3581 5365 3854 5402 commune

2253 5483 2296 5527 et
2329 5467 2666 5523 immundum.
2719 5461 2801 5513 15.
2852 5457 2916 5510 Et
2956 5470 3052 5507 vox
3097 5453 3278 5502 iterum
3325 5444 3547 5500 secundo
3590 5442 3656 5494 ad
3682 5456 3800 5492 eunt
3833 5455 3854 5492 :

2256 5563 2403 5632 Quod
2429 5562 2561 5613 Deus
2592 5553 2894 5625 puriﬁcavit,
2926 5560 2978 5601 tu
3007 5557 3268 5599 commune
3287 5555 3349 5592 ne
3381 5535 3589 5590 dixeris.
3617 5533 3703 5585 16.
3737 5530 3857 5584 Hoc

2252 5666 2415 5710 autem
2441 5658 2626 5722 factum
2659 5657 2729 5700 est
2770 5659 2923 5712 usque
2964 5638 3145 5700 tertio;
3177 5643 3223 5686 et
3260 5632 3429 5685 statint
3478 5634 3736 5694 receptum
3782 5633 3860 5677 est

2257 5767 2340 5805 tius
2369 5751 2417 5798 in
2449 5747 2649 5796 car/um.

2333 5842 2386 5893 ἆ.
2422 5836 2557 5903 Quid
2606 5834 2705 5886 hoc.
2735 5829 2851 5885 est?
2887 5822 3195 5896 Symbolum
3239 5817 3401 5872 totius
3429 5810 3578 5868 orbis
3617 5823 3706 5865 res
3748 5817 3860 5861 cst.
