4088 6326
238 366 335 424 173
1227 352 1290 409 ιΝ
1332 348 1511 406 ACTA
1554 344 2083 404 APOSTOlJJIiUM.
2128 342 2364 399 HOMIL.
2408 340 2578 398 XXII.

236 483 406 536 llomo
435 476 855 534 lncircumcisus
890 480 1027 539 erat,
1066 468 1307 539 nihilque
1350 478 1637 521 commune
1674 460 1837 515 ‘nabe-

238 574 323 626 bat
348 586 472 625 cum
503 569 730 626 Juda'is.
777 566 910 635 Quia
960 566 1119 633 igitur
1165 574 1356 615 omnes
1397 559 1547 613 illum
1577 566 1637 609 ιιι
1666 565 1837 608 trans-

238 677 540 733 gressorem
568 659 876 715 accusaturi
906 665 1083 717 erant.
1130 664 1185 709 et
1225 652 1331 708 illis
1371 649 1658 706 admodum
1690 646 1839 701 cordi

237 764 351 810 erat
381 772 397 810 :
432 754 739 809 necessario
772 750 860 806 ille
888 750 966 802 sic
1002 764 1116 803 rem
1165 744 1481 815 temperavit
1510 752 1565 795 ut
1592 740 1795 795 diceret
1824 753 1837 790 :

243 844 541 914 Numquam
581 842 817 906 comedi;
867 855 973 894 non
1018 838 1160 908 quod
1205 838 1438 897 timeret,
1477 833 1656 896 absit;
1687 829 1779 883 sed
1810 844 1840 882 a

235 935 465 1006 Spiritu,
499 946 555 987 ut
598 933 730 995 dixi,
763 933 839 986 sic
869 929 1160 999 dispositus
1208 926 1327 989 fuit,
1369 935 1423 978 ιιι
1466 922 1837 977 defensionem

237 1028 462 1082 haberet
490 1034 679 1080 contra
708 1040 822 1087 eos,
856 1023 943 1092 qui
976 1037 1036 1076 se
1060 1027 1395 1078 accusarent,
1430 1015 1570 1085 quod
1606 1012 1839 1067 resdtis—

234 1132 315 1173 set
344 1137 356 1171 :
389 1133 581 1187 magna
616 1118 760 1170 enim
791 1131 916 1169 cura
947 1113 1054 1167 illis
1082 1120 1220 1175 erat,
1270 1118 1327 1164 ut
1376 1108 1461 1163 lex
1510 1113 1836 1160 servaretur.

235 1212 313 1267 Ad
342 1222 534 1281 gentes
567 1210 893 1262 mittebatur.
926 1206 1003 1262 Ne
1034 1205 1194 1275 igitur
1222 1202 1274 1257 lti
1304 1202 1464 1256 etiam
1498 1201 1648 1253 illum
1678 1212 1839 1251 accu-

235 1314 444 1371 sarent,
472 1316 524 1359 ut
557 1304 688 1369 dixi,
725 1303 838 1356 lnec
868 1303 937 1355 ita
962 1300 1267 1371 dispensata
1292 1305 1416 1352 sunt
1445 1314 1457 1349 :
1486 1302 1576 1348 aut
1604 1309 1671 1348 ne
1691 1292 1841 1346 vide-

236 1410 383 1454 retur
425 1398 704 1468 phantasia
740 1394 984 1467 quaedam
1024 1408 1168 1458 esse,
1193 1392 1329 1447 dixit
1359 1409 1371 1444 :
1403 1391 1565 1453 Absit,
1598 1387 1835 1453 Domine,

231 1495 352 1562 quia
390 1509 667 1560 numquam
716 1490 1017 1544 manducavi
1070 1502 1335 1542 commune
1363 1496 1452 1537 aut
1496 1482 1838 1537 inunuudutn.

232 1586 396 1641 Facta
430 1593 512 1639 est
547 1594 725 1638 autem
749 1598 850 1637 vox
882 1581 948 1635 ad
980 1582 1123 1633 illutn
1156 1597 1168 1631 :
1204 1578 1331 1645 Qtta.’
1364 1576 1499 1630 Deus
1528 1574 1837 1645 pttri/icavil,

230 1687 286 1729 tu
312 1693 584 1730 commune
613 1693 676 1729 ne
699 1675 911 1728 dixeris.
942 1673 1051 1727 lloe
1082 1670 1291 1725 videtur
1319 1669 1534 1740 quidem
1581 1668 1645 1721 ad
1690 1666 1837 1720 illum

229 1768 361 1831 dici,
394 1777 565 1822 totum
597 1772 725 1821 vero
750 1764 951 1821 Iudaeis
975 1764 1189 1818 dicitur.
1217 1761 1352 1817 Nam
1392 1761 1436 1816 si
1481 1759 1733 1830 Magister
1760 1759 1840 1812 itt-

227 1865 505 1928 crcpatur,
554 1858 725 1912 multo
764 1858 935 1927 magis
969 1856 1043 1910 hi.
1080 1855 1328 1910 Linteum
1359 1868 1491 1923 ergo
1535 1862 1617 1907 est
1664 1862 1837 1917 terra;

229 1952 358 2007 fera:
385 1960 567 2006 autem
596 1952 651 2006 in
676 1952 765 2005 illa
794 1950 1024 2021 gentiles
1047 1968 1061 2014 ;
1089 1948 1216 2002 illud
1243 1962 1391 2010 vero,
1424 1944 1611 1999 Occide
1632 1954 1676 1998 et
1695 1961 1841 1997 man-

228 2044 383 2105 duca,
414 2043 682 2113 significat
730 2043 850 2097 illos
877 2041 1134 2095 accedere
1162 2040 1360 2093 debere
1386 2056 1399 2103 ;
1432 2037 1574 2108 quod
1602 2051 1729 2090 vero
1762 2044 1841 2090 ter

230 2138 340 2197 fiat.
371 2136 424 2191 id
454 2137 777 2204 baptismum
805 2134 1089 2205 significat.
1117 2132 1279 2195 Absit,
1299 2130 1540 2195 Domine,
1562 2146 1840 2199 numquam

227 2228 540 2281 manducavi
568 2244 836 2281 commune
864 2237 951 2280 aut
982 2225 1323 2279 immundum.
1362 2224 1426 2279 Et
1455 2238 1571 2289 cur,
1606 2223 1837 2293 inquies,

226 2319 601 2374 contradixit?
629 2319 708 2374 Ne
738 2320 858 2389 quis
888 2318 1115 2383 diceret,
1147 2317 1315 2372 Deum
1344 2316 1634 2369 tentavisse
1664 2314 1838 2379 illum,

226 2414 368 2468 sicut
400 2413 791 2474 Abrahamum,
824 2427 948 2467 cum
974 2412 1161 2481 jussus
1186 2419 1270 2465 est
1298 2410 1467 2463 filium
1500 2409 1730 2463 hostiam
1763 2408 1841 2461 of-

227 2508 372 2562 ferre
398 2526 413 2573 ;
443 2510 585 2562 sicut
617 2517 673 2562 et
716 2507 1044 2577 Philippum,
1075 2504 1289 2575 quando
1320 2504 1525 2573 rogavit
1571 2503 1838 2570 Christus,

228 2603 366 2665 Quot
397 2617 559 2669 panes
581 2600 818 2652 habetis?
848 2598 1219 2667 interrogavit,
1247 2613 1352 2650 non
1386 2606 1443 2649 ιιι
1467 2596 1720 2660 disceret,
1745 2594 1839 2649 sed

227 2700 444 2745 tentans
484 2692 655 2744 illum.
686 2692 848 2750 Atqui
881 2691 931 2743 in
965 2690 1082 2759 lege
1113 2690 1181 2744 de
1224 2690 1437 2745 mundis
1458 2698 1510 2744 et
1548 2688 1839 2743 immundis

225 2782 488 2837 distincte
522 2791 855 2853 prazeeperat
901 2782 1130 2853 Moyses,
1182 2791 1288 2835 tam
1320 2783 1371 2835 in
1404 2791 1569 2847 terra,
1598 2796 1756 2850 quam
1787 2781 1838 2834 in

226 2877 363 2929 mari
393 2893 406 2928 :
434 2885 670 2929 attamen
696 2890 868 2943 neque
894 2876 971 2929 sic
997 2876 1218 2929 sciebat.
1248 2876 1337 2929 l7.
1362 2872 1487 2928 Cum
1510 2886 1677 2927 autem
1701 2874 1841 2943 apud

226 2983 282 3019 se
307 2967 563 3020 dubitaret
609 2966 796 3021 Petrus
823 2983 843 3023 :
871 2984 987 3037 qua:
1011 2977 1137 3021 esset
1167 2968 1310 3033 visio,
1345 2984 1494 3034 quam
1535 2967 1770 3020 viderat:
1794 2977 1840 3021 et

228 3075 343 3113 ecce
370 3059 487 3121 viri,
520 3060 606 3129 qui
629 3059 769 3113 missi
795 3070 938 3113 eram
959 3076 991 3112 a
1018 3058 1274 3122 Cornelio,
1300 3059 1607 3127 inquirentes
1634 3058 1841 3111 domum

229 3151 487 3217 Simonis,
518 3152 820 3205 adstiterant
848 3152 916 3205 ad
932 3153 1175 3221 januam.
1206 3151 1290 3206 18.
1320 3150 1385 3203 Et
1411 3168 1529 3203 cum
1556 3162 1837 3217 vocassent,

225 3247 613 3318 interrogabant
643 3248 686 3300 si
718 3246 920 3311 Simon,
954 3247 1043 3315 qui
1072 3246 1465 3316 cognominatur
1496 3243 1702 3311 Petrus,
1734 3245 1842 3297 illic

227 3340 433 3392 haberet
479 3338 777 3408 hospitium.
808 3337 1033 3392 Miraute
1066 3338 1117 3391 in
1150 3337 1447 3406 semetipsa
1468 3347 1522 3391 et
1560 3337 1841 3391 dubitante

228 3430 414 3496 Petro,
446 3430 670 3484 veniunt
698 3439 1003 3500 opportune
1034 3429 1156 3496 viri,
1188 3430 1275 3499 qui
1319 3428 1705 3483 dubitationem
1734 3428 1844 3482 sol-

227 3530 360 3575 vaut
393 3538 407 3574 :
439 3522 705 3590 siquidem
752 3531 806 3576 et
847 3520 1141 3591 Josephum
1190 3521 1435 3575 dubitare
1486 3521 1747 3588 permisit,
1788 3529 1844 3575 et

228 3622 361 3668 tunc
387 3612 768 3683 archangelum
808 3613 958 3667 misit
988 3611 1203 3675 (Matth.
1229 3612 1287 3665 2.
1336 3612 1444 3683 l3).
1481 3611 1661 3667 Facile
1691 3628 1843 3666 nam-

226 3720 339 3771 que
384 3706 561 3757 anima
604 3704 926 3758 solutionem
958 3703 1175 3773 accipit,
1208 3719 1326 3773 qua:
1376 3702 1522 3773 prius
1555 3703 1837 3757 dubitavit.

228 3796 348 3851 Non
382 3796 471 3851 ditt
504 3810 655 3867 ergo,
686 3812 860 3865 neque
886 3805 1043 3850 antea
1080 3796 1362 3859 dubitavit,
1407 3796 1499 3851 sed
1528 3798 1668 3853 circa
1704 3806 1840 3850 tem-

228 3906 334 3959 pus
362 3887 592 3959 prandii.
627 3888 714 3946 i9.
751 3886 906 3941 Petro
928 3878 1096 3940 autem
1124 3888 1378 3959 cogitante
1401 3888 1463 3939 de
1484 3888 1692 3945 visione.
1715 3887 1843 3940 dixit

229 3982 466 4051 Spiritus
502 3982 548 4033 ei
576 3996 595 4033 :
626 3980 756 4033 Ecce
797 3980 892 4033 viri
934 3988 1166 4049 quierunt
1201 3988 1266 4031 te.
1316 3978 1408 4033 20.
1449 3977 1618 4049 Surge
1651 3982 1839 4047 itaque,

226 4072 505 4137 descende,
534 4080 580 4125 et
605 4072 731 4124 vade
766 4088 882 4123 cum
910 4070 981 4124 eis
1008 4070 1136 4123 nihil
1163 4069 1421 4135 dubitans,
1454 4070 1572 4137 quia
1602 4087 1705 4141 ego.
1730 4070 1844 4124 misi

227 4182 335 4220 eos.
374 4165 498 4219 Haec
526 4166 651 4219 item
685 4166 787 4218 alia
837 4173 920 4219 est
964 4162 1207 4218 defensio
1239 4162 1379 4217 Petri
1410 4162 1475 4216 ad
1508 4162 1841 4232 discipulos;

227 4268 292 4311 ut
320 4256 532 4313 discant
554 4266 608 4311 et
632 4256 930 4311 dubitatum
971 4255 1157 4323 fuisse,
1188 4266 1244 4312 et
1275 4257 1447 4325 ipsum
1478 4255 1731 4311 didicisse
1765 4257 1846 4311 ni-

228 4349 307 4403 hil
337 4363 461 4405 esse
490 4349 862 4403 dubitandum.
896 4348 1029 4414 Quia
1050 4364 1163 4418 ego,
1196 4348 1385 4417 inquit,
1410 4348 1523 4400 misi
1543 4348 1679 4402 illos.
1710 4347 1845 4404 Vide

227 4452 432 4511 quanta
458 4441 526 4494 sit
563 4440 794 4510 Spiritus
826 4450 1082 4510 potestas.
1118 4439 1269 4507 Quod
1299 4448 1478 4493 autem
1522 4442 1646 4494 facit
1679 4442 1842 4508 Deus,

230 4532 365 4586 illttd
408 4531 605 4586 dicitur
633 4532 862 4600 Spiritus
901 4530 1097 4585 facere.
1134 4532 1371 4601 Angelus
1402 4548 1529 4586 vero
1578 4548 1681 4586 non
1730 4535 1841 4597 ita;

227 4623 329 4677 sed
357 4639 479 4677 cum
524 4624 671 4693 prius
708 4624 954 4690 dixisset,
991 4622 1259 4678 Orationes
1298 4634 1399 4678 tua:
1428 4634 1471 4677 et
1514 4628 1846 4697 cleemosgntc

229 4728 355 4780 tute,
416 4726 544 4771 tunc
591 4716 685 4776 ait,
740 4715 903 4780 Mitte,
956 4724 1013 4769 ut
1060 4716 1312 4771 ostendat
1366 4716 1562 4771 istliinc
1620 4718 1843 4772 missum

230 4805 404 4859 fuisse
434 4823 447 4856 :
478 4803 709 4875 Spiritus
759 4821 906 4872 vero,
949 4806 1072 4875 quia
1124 4805 1384 4860 Dominus
1428 4818 1530 4869 est,
1580 4808 1687 4879 Ego
1729 4810 1846 4863 illos

228 4897 372 4949 misi.
420 4896 511 4949 2|.
563 4894 885 4951 Descendens
923 4907 1095 4950 autem
1137 4896 1326 4951 Petrus
1369 4898 1436 4950 ad
1480 4900 1632 4965 viros,
1676 4902 1845 4954 dixit:

234 4987 373 5043 Ecce
402 5006 495 5061 ego
520 5006 654 5053 sum,
686 5007 832 5057 quem
862 4992 1122 5058 qttwritis,‘
1152 5007 1267 5062 qua:
1308 5008 1465 5046 causa
1509 5004 1603 5059 est,
1638 5005 1848 5064 propter

231 5099 391 5150 quam
417 5084 664 5137 venistis?
707 5083 797 5137 22.
836 5085 933 5151 Qui
967 5086 1203 5138 dixerunt
1234 5101 1252 5138 :
1284 5084 1552 5141 Cornelius
1594 5091 1843 5155 centurio,

232 5176 314 5227 uir
327 5174 505 5244 justus
549 5186 598 5229 et
642 5177 822 5231 timens
868 5175 1052 5242 Deum,
1094 5188 1141 5230 et
1184 5178 1523 5231 testimonium
1553 5180 1743 5236 habens
1784 5185 1847 5235 ab

234 5268 475 5321 universa
505 5278 651 5337 gente
673 5266 993 5334 Judworum,
1025 5287 1324 5339 responsum
1356 5272 1547 5339 accepit
1578 5274 1639 5326 ab
1667 5277 1847 5344 angelo

236 5372 415 5413 sancto
444 5375 700 5414 accersere
720 5371 767 5414 te
797 5361 849 5413 in
874 5363 1079 5414 domum
1108 5379 1273 5425 suam,
1306 5372 1351 5415 et
1378 5364 1557 5418 audire
1585 5367 1729 5419 verba
1758 5368 1847 5421 abs

235 5463 305 5505 te.
348 5450 562 5505 Laudes
588 5452 887 5521 proferunt,
918 5463 975 5506 ut
1020 5454 1279 5508 suadeant
1307 5455 1448 5525 quod
1496 5458 1718 5525 angelus
1750 5474 1846 5527 ap-

236 5545 481 5615 paruerit
500 5544 572 5600 ci.
606 5546 695 5600 25.
732 5544 1072 5600 Introduceus
1100 5564 1217 5617 ergo
1244 5564 1345 5611 eos,
1377 5550 1564 5617 recepit
1605 5550 1843 5618 hospitio.

238 5634 450 5700 \‘ideu‘,
483 5635 621 5691 unde
651 5634 743 5691 fiat
776 5637 983 5691 initium
1009 5639 1291 5708 gentium?
1322 5639 1362 5691 A
1398 5640 1513 5693 viro
1545 5642 1636 5711 pio
1664 5644 1751 5711 qui
1784 5644 1848 5699 ab

235 5725 491 5794 operibus
535 5727 731 5799 dignus
762 5728 905 5782 \‘istts
934 5739 1035 5783 est.
1082 5729 1215 5783 Nam
1265 5730 1308 5785 si
1356 5732 1438 5787 vel
1484 5748 1541 5788 re
1585 5734 1653 5787 ita
1696 5747 1844 5803 gesta

232 5818 577 5879 oﬂeuduntur
602 5822 777 5879 Juda-i
808 5840 819 5875 :
857 5823 900 5879 si
932 5840 1017 5879 res
1049 5840 1151 5878 non
1200 5826 1409 5894 fuisset,
1455 5828 1581 5896 quid
1629 5845 1733 5883 non
1765 5829 1842 5884 di-

3462 343 3569 397 ΠΛ

1950 459 2084 513 eiuri
2114 458 2311 513 erant?
2339 455 2708 525 lntroduccns,
2734 454 2924 528 inquit,
2958 457 3075 512 illos
3106 468 3291 526 recepit
3320 458 3564 528 hospitio.

1954 550 2086 606 Vide
2128 560 2324 621 quanta
2373 552 2655 606 securitas.
2699 550 2779 607 Ne
2825 550 2956 621 quid
2998 550 3105 607 illis
3153 567 3316 621 grave
3358 553 3572 607 accidat

1951 644 2096 712 ipsos
2127 644 2435 708 introducit,
2460 652 2518 699 et
2540 643 2768 699 fidenter
2790 659 2913 699 cum
2942 644 3051 699 illis
3072 645 3299 700 victitat.
3325 646 3571 717 Sequenti

1950 744 2118 788 autem
2144 738 2224 788 die
2258 734 2442 789 Petrus
2470 753 2685 806 surgens
2713 736 2970 805 profectus
2992 746 3063 791 est
3094 754 3209 791 cum
3238 738 3360 800 illis,
3393 751 3436 792 et
3458 741 3571 810 qui-

1950 828 2069 881 dam
2098 845 2161 883 ea:
2187 828 2432 897 fratribus
2453 830 2515 882 ab
2538 828 2713 897 Joltpe
2733 832 2961 883 comitati
2984 842 3101 885 sunt
3126 848 3261 885 eum.
3279 832 3369 886 Ἡ.
3391 832 3569 886 Altera

1949 929 2117 974 autem
2154 921 2236 975 die
2277 922 2580 977 introierunt
2616 921 2925 977 Cwsaream.
2964 923 3193 993 Insignis
3224 925 3305 978 vir
3341 935 3480 989 erat,
3514 936 3572 979 ut

1953 1015 2007 1069 in
2027 1015 2219 1085 insigni
2245 1016 2375 1070 urbe
2397 1030 2635 1070 versans.
2664 1016 2842 1083 Quare
2870 1017 2920 1070 in
2949 1015 3042 1071 illo
3064 1016 3243 1070 omnia
3271 1018 3430 1071 simul
3458 1018 3571 1083 dis-

1952 1120 2268 1181 pensantur,
2324 1119 2485 1180 atque
2526 1126 2555 1164 a
2602 1108 2785 1163 Iudaea
2837 1124 2923 1164 res
2966 1110 3190 1179 incipit;
3234 1111 3380 1164 velut
3425 1113 3565 1181 quod

1952 1218 2058 1255 non
2088 1201 2403 1265 dormienti,
2435 1200 2529 1255 sed
2562 1200 2823 1270 vigilanti,
2852 1211 3012 1269 atque
3036 1203 3177 1271 quod
3223 1203 3455 1257 interdiu
3484 1221 3570 1257 res

1949 1295 2194 1359 accidat;
2224 1297 2367 1350 circa
2404 1309 2600 1348 nonam
2633 1294 2778 1349 enim
2818 1294 3005 1347 horam
3041 1314 3051 1345 :
3085 1294 3155 1347 ita
3202 1295 3303 1348 sibi
3349 1295 3447 1361 ipsi
3486 1306 3570 1349 at-

1952 1388 2223 1443 tendebat.
2269 1387 2376 1442 Sed
2400 1387 2647 1455 superius
2676 1387 2815 1441 dicta
2850 1395 3179 1457 repetamus,
3218 1388 3281 1441 Et
3310 1390 3438 1442 dixit
3471 1403 3570 1445 an.-

1949 1481 2092 1551 gclus
2125 1496 2143 1534 :
2176 1478 2448 1534 Orationes
2472 1489 2575 1532 tua:
2596 1489 2641 1533 et
2664 1484 2998 1550 etcemosgnaz
3028 1491 3128 1533 tua:
3156 1485 3495 1535 ascenderunt
3518 1485 3570 1535 in

1951 1575 2247 1628 memoriam
2277 1574 2329 1627 in
2356 1583 2629 1643 conspectu
2659 1571 2773 1627 Dei.
2818 1573 2951 1629 Ilinc
2985 1574 3156 1643 palam
3190 1584 3292 1640 est,
3320 1577 3570 1645 angelum

1949 1666 2145 1720 emissa
2185 1681 2316 1721 voce
2345 1666 2493 1719 illum
2523 1666 2910 1736 appellavisse,
2942 1674 3103 1737 atque
3134 1668 3203 1721 ita
3234 1668 3367 1722 vidit
3398 1670 3569 1723 illum.

1950 1758 2102 1825 Quod
2133 1760 2179 1814 si
2209 1775 2315 1814 non
2347 1768 2613 1824 vocasset,
2648 1776 2751 1813 non
2781 1761 2965 1827 utique
2984 1760 3210 1815 vidisset
3240 1780 3252 1813 :
3287 1763 3356 1816 ita
3392 1763 3539 1817 inten
3561 1796 3574 1805 -

1951 1860 2034 1905 tus
2058 1862 2172 1906 erat
2217 1851 2318 1917 rei,
2366 1866 2530 1920 quam
2555 1850 2769 1920 agebat.
2819 1849 2887 1903 Et
2930 1852 3125 1905 accersi
3169 1852 3449 1917 Simonem,
3486 1856 3575 1925 qui

1949 1948 2337 2018 coynominatur
2388 1945 2595 1999 Petrus.
2652 1946 2871 2000 Interim
2918 1946 3061 2015 quod
3108 1947 3173 2001 ad
3223 1948 3370 2001 utilia
3421 1949 3570 2001 illum

1949 2051 2238 2097 vacaturus
2272 2041 2360 2104 sit,
2390 2038 2671 2104 declarat;
2700 2040 2767 2094 ad
2796 2055 2917 2109 qua:
2949 2054 3079 2093 vero
3102 2041 3274 2105 utilia,
3308 2042 3569 2094 nonduin.

1948 2135 2036 2191 Sic
2076 2150 2251 2204 neque
2295 2134 2486 2188 Petrus
2535 2142 2703 2188 totum
2754 2133 3030 2197 declarat;
3065 2132 3159 2187 sed
3208 2135 3405 2203 ubique
3449 2145 3577 2188 sunt

1948 2229 2174 2284 succisa:
2196 2228 2556 2287 narrationes.
2586 2236 2643 2281 ιιι
2664 2227 2947 2281 audientes
2967 2226 3225 2281 excitent.
3252 2228 3339 2280 Sic
3368 2237 3420 2280 et
3448 2227 3569 2280 Phi-

1949 2322 2152 2392 lippum
2184 2321 2357 2375 solum
2395 2329 2551 2374 vocat
2590 2322 2641 2373 in
2690 2318 3063 2373 solitudinem.
3112 2318 3352 2371 Ascendit
3399 2329 3573 2371 autent

1950 2412 2135 2468 Petrus
2161 2412 2229 2465 ad
2252 2413 2540 2481 superiora,
2569 2421 2621 2464 ut
2650 2420 2819 2465 oraret
2858 2412 2994 2464 circa
3021 2412 3203 2464 horam
3248 2421 3463 2465 sextam.
3502 2410 3573 2464 Et

1948 2506 2128 2559 cecidit
2162 2521 2314 2574 super
2346 2520 2458 2558 eum
2504 2505 2685 2556 mentis
2717 2519 2972 2567 excessus,
3026 2513 3072 2556 et
3118 2503 3245 2556 vidit
3291 2518 3378 2556 vas
3409 2506 3546 2567 quod
3560 2536 3576 2543 -

1949 2598 2069 2649 dam
2100 2597 2233 2651 velut
2265 2597 2501 2650 linteum.
2537 2595 2839 2664 Perpende,
2871 2595 3146 2664 quomodo
3192 2612 3367 2666 neque
3406 2596 3575 2653 fames

1947 2692 2123 2760 coegit
2157 2706 2280 2744 eum
2307 2703 2529 2744 currere
2554 2688 2621 2743 ad
2652 2689 2960 2743 sintlonem.
2989 2688 3068 2743 Ne
3101 2705 3228 2743 vero
3256 2691 3427 2759 magis
3460 2690 3573 2743 lia:-

1948 2786 2138 2839 sitaret
2157 2784 2369 2848 Petrus,
2389 2782 2537 2838 audit
2560 2798 2748 2837 vocem
2772 2782 3039 2837 dicentem
3067 2800 3079 2835 :
3109 2784 3364 2855 Surgens,
3397 2782 3569 2845 Petre,

1948 2884 2114 2928 macta
2142 2884 2187 2927 et
2214 2874 2490 2927 manduca.
2540 2872 2705 2929 Forte
2741 2874 2794 2928 in
2826 2889 2999 2944 genua
3046 2874 3410 2945 procumbens
3441 2875 3575 2928 vidit

1949 2968 2210 3022 visionem
2244 2986 2257 3021 :
2294 2967 2505 3023 videtur
2537 2968 2667 3021 mihi
2699 2978 2921 3038 propter
2950 2967 3393 3037 praedicationem
3426 2968 3576 3021 illam

1949 3061 2169 3116 vidisse.
2210 3061 2364 3127 Quod
2411 3077 2542 3116 vero
2584 3061 2825 3116 divinum
2868 3070 3018 3117 esset
3053 3062 3128 3125 id,
3160 3061 3303 3132 quod
3334 3062 3574 3124 videbat,

1951 3153 2075 3209 hinc
2102 3154 2446 3209 manifestum
2474 3164 2576 3220 est,
2604 3154 2745 3223 quod
2776 3154 2904 3210 illud
2926 3170 3160 3224 superne
3188 3154 3571 3215 descenderet,

1951 3258 2061 3303 tum
2093 3249 2276 3310 etiam,
2307 3249 2450 3322 quod
2484 3249 2597 3316 ipse
2627 3248 2678 3302 in
2705 3264 2931 3304 excessu
2967 3250 3163 3303 mentis
3186 3258 3334 3305 esset
3364 3268 3376 3301 :
3412 3253 3575 3302 Item-

1948 3357 2054 3410 que
2098 3340 2242 3411 quod
2283 3357 2385 3395 vox
2434 3341 2558 3395 inde
2606 3340 2859 3409 ferretur,
2902 3342 3047 3412 quod
3094 3342 3224 3397 illud
3275 3352 3356 3397 ter
3399 3343 3573 3407 fieret,

1948 3436 2093 3505 quod
2124 3436 2316 3489 caelum
2352 3441 2678 3505 aperiretur,
2721 3437 2864 3505 quod
2907 3436 3037 3491 illud
3080 3436 3206 3492 inde
3251 3437 3478 3498 veniret,
3522 3446 3577 3492 et

1951 3532 2075 3585 illuc
2128 3532 2481 3600 arriperetur,
2520 3546 2774 3600 magnum
2815 3541 2932 3586 erat
2973 3530 3229 3586 indicium
3285 3548 3400 3587 rem
3451 3546 3573 3586 esse

1952 3636 2173 3692 prorsus
2200 3622 2459 3676 divinam.

2024 3717 2075 3769 5.
2118 3716 2228 3769 Cur
2261 3731 2390 3770 vero
2420 3717 2497 3770 sic
2528 3731 2616 3775 res
2660 3716 2879 3787 agitur?
2934 3717 3162 3788 Propter
3206 3731 3324 3778 eos.
3378 3717 3576 3785 quibus

1952 3818 2137 3879 postea
2171 3808 2298 3862 illud
2330 3820 2645 3863 narraturus
2668 3821 2785 3864 erat
2817 3831 2829 3865 :
2864 3827 2984 3865 nam
3012 3814 3128 3881 ipse
3156 3812 3265 3880 jam
3294 3812 3583 3867 audierat:

1952 3898 2020 3954 In
2050 3900 2182 3953 viam
2210 3902 2434 3971 gentinnt
2466 3918 2528 3957 ne
2560 3902 2787 3956 abieritis
2819 3902 3037 3974 (Matth.
3067 3904 3151 3959 10.
3180 3905 3256 3973 5).
3291 3906 3355 3957 lit
3384 3919 3452 3959 ne
3479 3906 3581 3959 nti;
3633 3912 3639 3921 ’

1953 3991 2109 4045 reris.
2140 3990 2197 4047 Si
2226 3994 2370 4047 enim
2414 3994 2830 4049 circumcisione
2866 4004 2924 4052 et
2953 3996 3166 4051 victima
3214 4013 3348 4064 opus
3395 3997 3578 4050 ltalnnt

1954 4084 2190 4149 Paulus;
2230 4086 2400 4138 multo
2442 4088 2613 4157 magis
2650 4096 2779 4143 tunc
2810 4090 2961 4143 initio
2990 4091 3413 4159 pra-dicationis,
3442 4108 3565 4145 cum

1954 4184 2137 4231 essent
2163 4175 2341 4231 adhuc
2371 4177 2722 4245 infirmiores,
2750 4180 2833 4236 his
2864 4197 3001 4251 opus
3031 4183 3319 4238 habebant.
3355 4184 3415 4237 Et
3442 4201 3576 4249 ecce,

1955 4268 2150 4338 inquit,
2179 4270 2275 4322 viri
2302 4272 2444 4325 missi
2473 4289 2504 4324 a
2531 4272 2769 4327 Cornelio
2798 4276 3107 4328 adstiterant
3136 4278 3205 4331 ad
3228 4280 3447 4347 januam
3482 4294 3501 4331 :
3534 4289 3577 4331 et

1955 4376 2071 4423 cum
2096 4374 2382 4427 vocassent,
2413 4364 2798 4435 interrogabant
2826 4368 2867 4421 si
2899 4367 3105 4433 Simon,
3132 4370 3216 4439 qui
3246 4372 3579 4440 cegnontina-

1956 4464 2040 4507 tur
2070 4452 2274 4516 Petrus,
2308 4457 2417 4510 illic
2446 4458 2652 4512 haberet
2683 4460 2981 4531 hospitium.
3015 4461 3095 4516 Eo
3120 4463 3263 4532 quod
3293 4464 3413 4517 vilis
3434 4474 3581 4518 βεδε-ι

1954 4545 2179 4610 domus,
2234 4549 2393 4613 infra,
2450 4566 2555 4605 non
2602 4560 2783 4607 autem
2841 4554 3085 4615 vicinos.
3146 4556 3575 4626 interrogabant.

1957 4640 2115 4694 Petro
2144 4652 2312 4694 autem
2357 4643 2465 4696 [nec
2512 4659 2682 4697 secum
2720 4646 2992 4715 cogitante.
3026 4646 3154 4700 dixit
3186 4648 3263 4701 illi
3294 4648 3523 4715 Spin’tus
3556 4666 3575 4702 :

1958 4730 2187 4801 Surgens
2217 4731 2486 4795 descende,
2521 4742 2566 4786 et
2595 4734 2722 4787 vade
2752 4736 2884 4790 nihil
2908 4736 3173 4801 haesitans,
3202 4739 3322 4805 quia
3350 4756 3441 4808 ego
3465 4740 3578 4792 misi

1956 4842 2060 4878 eos.
2095 4824 2256 4888 Vide;
2293 4840 2397 4877 non
2427 4825 2567 4879 dixit
2595 4845 2607 4880 :
2635 4828 2766 4882 Ideo
2805 4828 2948 4883 enim
2985 4830 3119 4882 visio
3149 4832 3399 4899 apparuit
3442 4830 3533 4883 tibi
3564 4851 3576 4893 ;

1956 4916 2072 4979 sed,
2099 4913 2210 4985 Ego
2228 4916 2343 4969 illos
2364 4918 2499 4983 misi,
2519 4919 2816 4975 ostendens
2833 4921 2912 4975 sic
2928 4922 3411 4991 obtetnperandutn
3433 4942 3578 4990 esse,

1959 5023 2059 5061 nec
2087 5008 2324 5063 rationes
2362 5025 2482 5064 esse
2510 5011 2822 5080 exigendas.
2854 5013 2998 5068 Satis
3028 5016 3173 5069 enim
3204 5026 3340 5081 erat,
3371 5027 3429 5069 ιιι
3455 5035 3575 5073 cer-

1957 5103 2063 5157 tior
2093 5103 2267 5167 fieret,
2295 5104 2435 5171 quod
2466 5104 2535 5157 ab
2577 5105 2667 5159 illo
2707 5106 3025 5170 audivisset,
3059 5109 3171 5163 lloc
3210 5108 3316 5174 fac,
3354 5111 3455 5165 hoc
3501 5114 3579 5165 lo-

1958 5210 2163 5262 quere;
2194 5211 2294 5249 nec
2337 5197 2465 5265 quid
2516 5198 2651 5251 ultra
2680 5200 3034 5269 quaerendum
3070 5212 3206 5257 erat.
3253 5203 3577 5260 Descendens

1957 5299 2125 5340 autem
2155 5286 2343 5340 Petrus
2369 5289 2501 5342 dixit
2534 5305 2550 5342 :
2579 5290 2709 5344 Ecce
2736 5308 2825 5362 ego
2850 5311 2985 5355 sum,
3014 5312 3162 5363 quem
3195 5299 3443 5365 qna'ritis.
3473 5301 3579 5353 (Ii'r

1960 5394 2066 5431 non
2091 5380 2270 5433 statim
2302 5379 2420 5434 illos
2444 5382 2654 5451 recipit,
2680 5384 2774 5437 sed
2796 5386 3031 5455 qumrit?
3058 5387 3282 5441 Videbat
3317 5390 3435 5443 illos
3457 5407 3578 5445 08M}

1961 5469 2159 5523 milites
2195 5486 2209 5523 :
2243 5470 2362 5525 ideo
2411 5488 2516 5526 non
2555 5474 2873 5543 simpliciter
2920 5479 3253 5548 interrogat;
3302 5482 3395 5535 sed
3432 5496 3577 5551 νομι-

1961 5575 2119 5628 quam
2148 5559 2321 5617 fassus
2352 5573 2456 5627 est,
2486 5578 2545 5617 se
2578 5566 2750 5637 ipsum
2780 5582 2923 5634 esse,
2951 5582 3078 5624 tunc
3100 5571 3293 5639 quaerit
3313 5574 3580 5630 adventus

1958 5667 2198 5717 causam,
2232 5662 2287 5707 ιιι
2317 5671 2384 5708 ne
2413 5665 2713 5724 putaretur,
2738 5675 2794 5712 se
2828 5660 2951 5714 ideo
2978 5662 3263 5727 sciscitari,
3290 5668 3441 5734 quasi
3472 5670 3577 5723 vel-

1962 5742 2034 5795 let
2064 5758 2187 5799 sese
2216 5748 2510 5801 occultare.
2557 5748 2621 5803 Et
2650 5751 2976 5817 sciscitatur,
3012 5764 3070 5808 ut
3110 5756 3155 5810 si
3190 5762 3371 5811 statim
3417 5776 3578 5830 urge-

1964 5842 2129 5893 retun.
2161 5852 2283 5892 cum
2314 5836 2418 5893 illis
2450 5837 2549 5895 iret
2574 5856 2589 5905 ;
2617 5840 2700 5895 sin
2727 5842 2924 5911 minus,
2963 5844 3081 5901 illos
3108 5845 3341 5919 hospitio
3367 5851 3581 5917 rxcipe~
