4088 6326
628 372 729 426 175

624 497 725 543 ret.
784 485 889 538 Cur
929 492 1108 536 autem
1158 481 1341 536 dicunt
1387 482 1457 535 illi
1498 497 1510 533 :
1552 480 1771 533 Accersit
1821 488 1866 531 te
1910 481 1961 531 in
2009 478 2213 529 domum

621 576 808 634 suam!
836 576 970 643 Quia
996 574 1073 628 sic
1105 575 1205 627 illis
1237 581 1580 642 praeceperat.
1613 570 1860 624 Fortasse
1891 584 2037 631 vero,
2063 568 2211 633 quasi

622 672 879 724 rationem
908 683 1004 738 pro
1042 668 1131 722 illo
1173 666 1380 731 dantes,
1412 666 1598 719 dicunt
1628 680 1639 715 :
1670 662 1745 716 Ni:
1772 664 1993 715 damnes
2026 660 2210 723 illum;

621 776 724 815 non
751 762 899 831 quasi
930 769 982 815 te
1010 768 1356 815 contemnens
1383 757 1542 820 misit,
1585 756 1676 809 sed
1705 754 1906 824 jussus.
1948 751 2213 806 Cornelius

616 869 734 908 vero
764 853 1082 923 exspectabat
1111 852 1246 916 illos,
1280 850 1565 902 convocatis
1594 848 1822 917 cognatis
1856 846 1959 898 suis
1980 885 1993 905 ,
2032 854 2079 897 et
2120 859 2209 896 ne-

616 946 851 999 cessariis
872 945 1065 997 aiiiicir.
1096 942 1226 997 Jure
1259 958 1272 993 :
1302 955 1477 1011 neque
1502 942 1643 994 enim
1668 938 1867 1007 justum
1901 938 2089 990 fuisset
2115 950 2210 990 co-

615 1048 808 1107 gnatos
850 1048 904 1093 et
942 1038 1140 1091 amicos
1167 1052 1274 1089 non
1315 1036 1470 1089 simul
1511 1034 1700 1089 adduci
1734 1051 1746 1085 :
1779 1031 2014 1102 alioquin
2057 1044 2208 1097 vero,

617 1130 724 1183 illic
758 1139 1048 1196 pra-sentes
1073 1130 1243 1198 magis
1268 1128 1500 1182 audituri
1528 1136 1699 1181 erant.

690 1218 1040 1290 Eleeiuosyna:
1081 1221 1237 1274 virtus
1276 1220 1695 1289 prcedicamr.—-
1720 1216 1968 1281 Vidistis,
2011 1224 2207 1285 quanta

613 1314 682 1365 sit
720 1312 1077 1383 eleemosynte
1120 1312 1307 1377 virtus,
1357 1321 1410 1365 et
1454 1312 1506 1365 in
1554 1312 1715 1381 priori
1760 1320 1811 1364 ct
1859 1311 1915 1365 in
1957 1308 2205 1379 praesenti

613 1403 906 1464 sermone?
937 1405 1027 1458 llla
1058 1420 1085 1456 a
1121 1414 1462 1473 temporanea
1494 1413 1667 1457 morte
1699 1402 1961 1465 liberavit,
1996 1401 2111 1454 tunc
2139 1399 2207 1453 ab

613 1504 813 1549 atterna
845 1513 857 1548 :
894 1494 1005 1548 haec
1033 1506 1087 1549 et
1107 1494 1301 1563 januas
1326 1495 1440 1548 caeli
1468 1495 1695 1564 aperuit.
1727 1494 1877 1558 \‘iile,
1909 1492 2092 1562 quanti
2128 1491 2205 1545 fe-

613 1588 746 1643 cerit
774 1588 911 1655 quod
943 1588 1127 1641 credat
1155 1586 1456 1650 Cornelius,
1500 1597 1555 1641 ut
1596 1598 1649 1641 et
1689 1586 1909 1654 angelus
1944 1583 2201 1647 mittatur,

612 1690 666 1733 et
703 1679 929 1747 Spiritus
963 1691 1232 1749 cperetur,
1278 1691 1330 1733 et
1368 1680 1730 1749 apostolorum
1760 1677 2080 1749 corypliaius
2108 1675 2206 1728 ad-

611 1784 851 1838 vocetur,
889 1774 1111 1843 talisque
1141 1786 1395 1843 appareat
1427 1775 1579 1839 visio,
1605 1788 1670 1827 ac
1697 1774 1825 1826 nihil
1859 1780 2001 1826 retro
2033 1768 2202 1823 relin-

610 1874 821 1932 quatur.
868 1864 1005 1929 Quot
1046 1876 1197 1918 erant
1246 1866 1607 1927 centuriones,
1666 1865 1887 1930 tribuni,
1934 1878 2108 1933 reges,
2151 1872 2203 1916 et

610 1958 786 2010 nullus
816 1974 994 2011 eorum
1026 1958 1211 2013 eadem
1254 1968 1617 2028 consequutus
1654 1968 1755 2013 est.
1796 1960 2203 2020 Audite,omnes

608 2061 805 2119 qiiotqii
833 2060 866 2103 it
900 2052 949 2104 in
992 2056 1228 2107 exeriitu
1265 2056 1395 2108 estis
1420 2097 1435 2120 ,
1480 2063 1737 2121 quotquot
1780 2068 1933 2121 reges
1972 2052 2200 2120 stipatis.

611 2139 740 2193 Pius
781 2154 907 2209 erat,
943 2146 1131 2212 inquit,
1176 2156 1223 2197 et
1252 2150 1430 2199 timens
1470 2144 1632 2198 Deum
1663 2162 1681 2199 :
1710 2146 1959 2214 quodque
2003 2144 2196 2210 majus.

612 2235 732 2288 talis
771 2247 885 2289 erat
914 2236 1038 2291 Cum
1081 2240 1218 2290 omni
1247 2240 1400 2292 domo
1429 2255 1543 2292 sua.
1582 2237 1653 2291 Ita
1694 2249 1809 2292 erat
1852 2237 1974 2291 huic
2016 2238 2200 2295 rei,in-

608 2338 803 2393 tentus,
835 2342 889 2382 Itt
923 2346 1025 2383 non
1056 2332 1331 2385 niodo'sna
1365 2332 1499 2385 bene
1526 2332 1882 2399 dispensaret,
1913 2331 2005 2384 sed
2039 2331 2196 2384 etiam

606 2419 659 2473 in
693 2420 884 2476 familia
918 2439 1011 2477 sua
1045 2425 1272 2493 iilipsuin
1306 2425 1523 2479 faceret.
1550 2425 1664 2479 Non
1690 2426 1831 2479 enim
1871 2433 1927 2477 ut
1957 2437 2075 2488 nos,
2106 2423 2197 2492 qui

605 2511 735 2564 nihil
769 2529 871 2567 non
914 2517 1140 2583 agimus,
1172 2526 1229 2569 ut
1257 2533 1352 2569 nos
1393 2517 1619 2570 ministri
1650 2517 1903 2578 timeant;
1934 2524 1993 2568 ut
2020 2524 2196 2568 autem

607 2604 677 2670 pii
711 2605 837 2669 sint,
867 2622 971 2659 non
1006 2609 1154 2660 item.
1187 2607 1284 2662 llic
1310 2624 1439 2663 vero
1469 2624 1575 2662 non
1621 2609 1717 2671 sic,
1764 2607 1856 2661 sed
1900 2623 2019 2660 cum
2052 2608 2198 2660 omni

606 2695 767 2749 domo
790 2711 881 2750 sua
917 2700 1079 2752 Deum
1105 2700 1325 2754 timebat
1357 2716 1369 2753 :
1406 2715 1505 2755 nec
1533 2700 1694 2754 modo
1718 2700 1869 2769 quasi
1897 2698 2199 2752 communis

608 2794 757 2851 pater
786 2798 902 2841 erat
926 2790 1165 2843 omnium
1188 2791 1418 2859 quicum
1452 2792 1566 2859 ipso
1587 2801 1759 2854 erant,
1791 2790 1884 2844 sed
1916 2789 2079 2843 etiam
2101 2790 2199 2842 iiii-

606 2877 755 2930 litum
786 2894 1026 2933 suorum.
1075 2881 1230 2945 Audi,
1280 2882 1406 2951 quid
1454 2881 1595 2935 aliud
1636 2882 1813 2937 dicant
1846 2899 1859 2933 :
1894 2882 2198 2935 necessario

605 2972 747 3024 enim
808 2972 934 3026 illud
982 2972 1194 3028 additur
1238 2993 1251 3028 :
1303 2974 1664 3029 Testimonium
1713 2974 1900 3029 [urbem
1946 2976 2009 3029 ub
2060 2976 2197 3029 omni

606 3072 791 3127 gente;
822 3079 887 3116 ne
927 3064 1045 3132 quis
1075 3064 1278 3119 diceret
1305 3082 1318 3117 :
1347 3065 1504 3133 Quid,
1556 3067 1600 3119 si
1632 3066 2034 3120 incircunicisus
2075 3067 2199 3123 e8t?

608 3152 672 3205 Et
696 3152 886 3216 Jiidzei,
920 3156 1107 3225 inquit.
1142 3156 1492 3210 testificantur
1513 3157 1581 3211 ei.
1614 3156 1757 3227 Ergo
1779 3158 1909 3211 nihil
1940 3174 2036 3226 par
2057 3159 2199 3213 elee-

606 3260 844 3316 mosyna:
882 3266 895 3301 :
922 3250 1025 3302 imo
1057 3258 1198 3302 tanta
1228 3250 1302 3303 rei
1337 3251 1412 3303 vis
1443 3259 1545 3314 est,
1579 3250 1792 3317 quando
1822 3265 1886 3304 ex
1928 3252 2197 3320 penuariis

609 3344 753 3410 puris
776 3343 1133 3411 prolunditur,
1167 3356 1223 3398 ut
1261 3361 1345 3404 ea.
1383 3361 1502 3414 qua:
1533 3361 1597 3399 ex
1639 3345 1835 3413 injuste
1878 3346 2041 3409 partis
2084 3361 2197 3399 ma-

608 3446 754 3496 nant.
788 3439 979 3492 similia
1011 3438 1119 3491 sint
1144 3438 1271 3493 fonti
1301 3440 1467 3492 lutum
1500 3438 1764 3493 eniittenli
1790 3455 1804 3503 ;
1833 3454 1952 3508 qiire
1978 3453 2105 3493 vero
2131 3454 2196 3493 ex

603 3535 745 3603 iuste
776 3534 958 3601 partis,
988 3532 1143 3586 alveo
1174 3533 1397 3601 limpido
1428 3541 1481 3587 et
1517 3549 1668 3600 puro,
1706 3534 1755 3585 iii
1798 3534 2045 3602 paradiso
2078 3548 2196 3586 ma-

606 3625 771 3688 nanti,
806 3624 893 3692 qui
934 3625 1110 3677 suavis
1154 3625 1289 3687 visu,
1330 3629 1508 3678 suavis
1543 3633 1596 3677 et
1627 3634 1788 3689 tactu,
1822 3624 1948 3693 quid
1994 3624 2112 3679 lene
2143 3633 2197 3679 et

605 3715 853 3782 frigidum
881 3714 1014 3768 ilans
1050 3714 1100 3767 in
1128 3714 1371 3768 meridie.
1402 3715 1489 3769 Sic
1514 3724 1596 3770 est
1631 3724 1682 3768 et
1710 3716 2072 3786 eleeinosyna.
2116 3716 2195 3768 Ad

609 3807 749 3863 hunc
778 3806 975 3863 fontem
1010 3808 1333 3876 nonpopuli
1378 3810 1615 3870 arbores,
1647 3824 1750 3863 n0n
1785 3809 1913 3877 pini,
1954 3824 2061 3863 non
2104 3824 2198 3863 cu-

606 3899 801 3966 pressi,
826 3899 919 3951 sed
952 3898 1145 3967 planta:
1175 3898 1276 3951 illis
1308 3898 1460 3965 longe
1493 3899 1741 3953 meliores
1780 3908 1833 3954 et
1863 3901 2196 3968 proceriores

606 3998 729 4041 sunt
761 4006 773 4040 :
804 4004 957 4043 amor
986 3990 1097 4052 Dei,
1135 3990 1249 4044 laus
1276 3990 1573 4056 hominum,
1601 3993 1767 4062 gloria
1801 3995 1851 4046 in
1884 3994 2070 4059 Deum,
2100 3996 2194 4050 be-

607 4078 904 4133 nevolentia
955 4082 1234 4147 omnium,
1288 4093 1630 4151 peccatorum
1685 4084 1940 4149 abolitio,
2004 4086 2193 4139 fiducia

608 4174 795 4237 multa,
825 4189 983 4242 opum
1009 4183 1373 4245 contemptus,
1403 4176 1763 4247 cleemosyna,
1798 4193 1892 4246 per
1920 4194 2077 4245 quam
2109 4194 2197 4232 ca-

608 4265 781 4319 ritatis
809 4266 985 4334 planta
1016 4270 1269 4323 nutritur.
1298 4269 1438 4323 Nihil
1466 4270 1606 4323 enim
1632 4272 1709 4325 sic
1745 4272 2021 4326 caritatem
2048 4272 2196 4327 alere

607 4356 765 4420 solet,
801 4368 855 4410 ut
879 4358 919 4411 si
948 4360 1067 4427 quis
1098 4361 1401 4415 misericors
1447 4360 1626 4416 fuerit.
1669 4362 1795 4418 Hrec
1826 4380 2003 4417 ramos
2036 4365 2085 4417 in
2115 4365 2195 4418 al-

608 4459 717 4501 tum
752 4450 908 4518 erigit
936 4468 948 4502 :
982 4450 1067 4504 hic
1100 4452 1287 4505 melior
1317 4452 1435 4507 fons
1473 4464 1558 4507 est
1588 4454 1697 4514 illo,
1730 4456 1817 4520 qui
1866 4456 1915 4508 in
1949 4456 2196 4524 paradiso

608 4552 745 4607 erat,
778 4558 881 4597 non
928 4545 979 4598 in
1022 4557 1253 4614 quatuor
1291 4548 1464 4615 capita
1496 4547 1718 4605 divisus.
1761 4548 1853 4601 sed
1896 4549 1959 4602 ad
2006 4550 2193 4602 cadum

608 4632 777 4701 ipsum
810 4635 1117 4703 pertingens
1146 4654 1159 4690 :
1196 4637 1279 4691 hic
1308 4638 1445 4706 paiit
1475 4636 1691 4691 ﬂuvium
1734 4638 1877 4690 illum
1917 4640 2193 4693 salientem

616 4725 668 4776 in
695 4724 851 4777 vitam
880 4737 1130 4781 mternain
1157 4729 1337 4793 (Joan.
1367 4730 1419 4781 4.
1458 4728 1543 4797 14)
1576 4748 1586 4782 :
1623 4731 1673 4781 in
1718 4730 1858 4784 hunc
1889 4747 2033 4783 mors
2065 4733 2197 4786 inci-

608 4815 763 4874 dens,
788 4818 935 4884 quasi
964 4820 1190 4871 scintilla
1216 4820 1513 4873 absumitur
1538 4839 1565 4873 :i
1594 4823 1736 4874 fonte.
1768 4841 1779 4873 :
1813 4824 1947 4876 adeo
1972 4823 2057 4877 hic
2083 4825 2197 4877 iilii-

608 4923 837 4974 cumqiie
875 4908 1057 4972 stillet,
1103 4925 1290 4979 magna
1342 4923 1594 4979 operatur
1639 4914 1797 4968 bona.
1834 4916 1929 4969 llic
1976 4917 2192 4970 ﬂuvium

609 4997 747 5064 ignis
770 5001 916 5064 quasi
935 5000 1217 5053 scintillam
1242 5002 1567 5069 exstinguit:
1594 5005 1679 5058 hic
1699 5022 1931 5059 vermrm
1951 5009 2095 5060 illum
2125 5010 2193 5061 ita

610 5088 836 5143 sulToeat
863 5092 1013 5159 quasi
1047 5092 1292 5145 nihilum.
1317 5094 1415 5161 Qui
1448 5093 1785 5159 hunchabet,
1822 5114 1925 5150 non
1945 5100 2195 5151 dentibus

606 5182 812 5234 stridet.
847 5183 920 5235 Ex
948 5199 1080 5251 aqua
1109 5184 1208 5237 iSIa
1238 5185 1281 5237 si
1313 5202 1415 5254 qua
1445 5187 1587 5240 stilla
1614 5188 1857 5241 inciderit
1890 5190 1939 5241 in
1962 5192 2188 5255 vincula,

609 5274 801 5327 scindit
820 5276 902 5328 illa
930 5295 937 5327 :
962 5278 1006 5331 si
1042 5278 1091 5330 in
1122 5278 1364 5333 foriiaces
1384 5281 1646 5343 inciderit,
1675 5298 1863 5335 omnes
1882 5286 2189 5353 exstinguit.

679 5372 731 5420 «δ.
774 5368 915 5421 Sicut
951 5371 1039 5424 ille
1072 5372 1188 5423 fons
1216 5373 1467 5439 paradisi,
1502 5390 1604 5427 non
1632 5376 1787 5429 modo
1815 5376 2008 5430 ﬂuenta
2034 5380 2191 5430 eniit-

612 5459 691 5521 tit,
720 5459 879 5510 niodo
910 5460 1139 5514 siccatur
1168 5461 1440 5530 (alioquin
1460 5464 1567 5529 jam
1599 5465 1715 5519 fons
1744 5482 1847 5521 non
1868 5465 2062 5537 esset),
2096 5471 2187 5522 sed

606 5565 823 5616 semper
868 5554 1089 5604 sratiirit
1120 5570 1132 5604 :
1170 5554 1238 5605 ita
1266 5565 1319 5607 et
1353 5554 1472 5607 fons
1514 5566 1696 5610 noster
1734 5574 1948 5626 semper
1994 5560 2190 5629 largius

610 5640 804 5693 ﬂuenta
850 5640 1085 5694 effundat
1130 5642 1195 5695 ad
1231 5659 1323 5698 eos
1356 5646 1621 5708 maxime,
1682 5648 1769 5715 qui
1820 5650 2185 5704 misericordia

605 5744 812 5798 egeant,
850 5743 899 5785 iit
934 5732 1050 5786 fons
1081 5746 1308 5788 maneat.
1342 5737 1450 5791 lloc
1476 5738 1696 5793 hilarem
1729 5739 1899 5793 reddit
1922 5758 2063 5803 eum,
2098 5744 2185 5812 qui

604 5826 791 5902 accipit
828 5844 834 5876 :
868 5828 963 5880 hoc
1003 5828 1341 5896 cleemosvna
1370 5840 1481 5893 est,
1536 5833 1576 5884 si
1620 5849 1724 5887 non
1756 5834 1911 5887 modo
1943 5837 2181 5903 rapidum

1370 364 1427 418 S.
1467 360 1743 418 JOANNIS
1770 357 2244 415 (lllltYSOSTUMl
2300 358 2616 414 Alitlllllil’.
2652 359 3185 417 CONSTANTINOP.

3829 368 3922 420 176

2327 478 2584 530 ﬂuentum
2618 479 2845 540 emittat,
2879 480 2973 533 sed
2997 480 3156 533 etiam
3182 490 3519 547 perpetuum.
3546 480 3603 533 Si
3638 482 3743 546 vis,
3771 481 3922 551 Qttzit-i

2322 586 2385 623 ex
2432 569 2663 623 fontibus
2706 571 2798 624 tibi
2830 572 2921 626 Dei
2962 573 3388 627 misericordiam
3436 573 3743 642 impliiere,
3778 586 3834 629 et
3869 586 3921 628 tu

2324 661 2522 716 fontem
2570 662 2788 717 habeto.
2819 663 2960 718 Nihil
3010 666 3082 718 illi
3114 682 3210 733 par
3246 674 3351 720 est.
3383 665 3435 719 Si
3469 674 3522 718 tn
3559 665 3727 719 fontis
3766 666 3927 733 hujus

2319 768 2412 808 ora
2445 756 2745 823 aperueris,
2783 756 2943 810 fontis
2975 757 3066 811 Di-i
3097 758 3220 811 talia
3252 767 3415 812 erunt
3440 767 3556 824 ora,
3583 769 3639 812 ut
3661 761 3924 830 abyssum

2319 861 2533 901 omnem
2568 858 2845 919 superent.
2888 850 3235 905 Oceasionem
3264 854 3436 905 solum
3479 855 3670 922 qurerit
3701 870 3729 908 a
3765 856 3925 909 nobis

2318 940 2563 1007 accipere
2607 941 2767 1007 Deus,
2798 952 2849 997 et
2884 943 3159 1011 profundit
3190 944 3327 998 bona
3378 962 3439 1000 ex
3476 950 3749 1014 pcnnariis
3784 951 3919 1002 suis.

2315 1030 2447 1083 Cum
2484 1033 2719 1094 insumit,
2777 1049 2897 1087 cum
2942 1035 3220 1100 impendit,
3257 1046 3379 1089 tune
3430 1038 3581 1091 dives
3625 1051 3747 1100 est,
3798 1050 3924 1093 tunc

2316 1122 2624 1189 opulentus.
2648 1123 2889 1191 Magnum
2916 1137 2996 1179 est
3014 1142 3075 1180 os
3102 1125 3261 1180 fontis
3291 1129 3430 1184 illius
3457 1149 3466 1181 :
3492 1146 3683 1199 purum
3715 1142 3772 1185 et
3792 1132 3911 1183 lim-

2316 1211 2495 1279 pidum
2528 1212 2643 1281 ejus
2673 1213 2955 1268 ﬂuentum.
2988 1216 3039 1271 Si
3084 1217 3226 1271 hunc
3266 1234 3369 1271 non
3417 1220 3687 1285 ohslruas,
3740 1237 3921 1290 neque

2316 1303 2462 1356 illum
2490 1304 2757 1359 obstrues.
2796 1306 2950 1359 Nulla
2986 1308 3307 1361 infructuosa
3334 1310 3485 1377 juxta
3520 1311 3664 1363 illum
3698 1322 3805 1365 stet
3828 1328 3920 1365 ar-

2316 1396 2433 1463 bor,
2465 1415 2531 1453 ne
2560 1399 2842 1454 humorem
2870 1401 3014 1453 illum
3049 1400 3314 1454 absumat.
3347 1402 3525 1456 llalies
3558 1402 3814 1457 divitias?
3846 1404 3922 1457 No

2314 1488 2521 1557 plaiites
2568 1491 2676 1545 illic
2726 1492 2918 1545 salices
2954 1493 3111 1553 ;Ialis
3157 1504 3237 1547 est
3285 1494 3427 1546 enim
3469 1495 3587 1563 ejus
3618 1496 3916 1563 voluptas:

2312 1583 2478 1636 multa
2506 1584 2753 1651 insumit,
2789 1595 2841 1639 et
2868 1585 2997 1637 nihil
3046 1587 3099 1638 in
3133 1601 3191 1639 se
3218 1586 3487 1651 Ostendit,
3538 1586 3624 1640 sei
3680 1587 3915 1643 fructum

2314 1675 2507 1743 perdit.
2530 1675 2608 1729 Ne
2629 1676 2837 1745 plantes
2859 1677 3097 1737 salicem,
3126 1693 3192 1731 ne
3217 1678 3418 1747 pinum,
3450 1694 3547 1731 ncc
3570 1680 3696 1747 quid
3716 1680 3913 1745 simile,

2310 1769 2450 1838 quod
2482 1780 2763 1823 consumat
2798 1782 2849 1823 et
2879 1770 3067 1824 inutile
3104 1771 3171 1823 sit
3204 1789 3216 1823 :
3250 1772 3368 1824 talis
3395 1772 3535 1826 enim
3567 1783 3649 1826 est
3682 1773 3914 1827 vestium

2310 1862 2586 1929 voluptas;
2620 1862 2735 1917 visu
2766 1862 3004 1931 pulchra:
3033 1872 3175 1927 sunt,
3208 1862 3302 1917 sed
3331 1862 3395 1915 ad
3429 1863 3558 1916 nihil
3594 1865 3781 1918 utiles.
3816 1864 3915 1917 liii-

2309 1955 2396 2023 ple
2420 1953 2652 2008 surculis
2682 1973 2694 2005 :
2728 1956 2904 2008 omnia
2947 1954 3219 2008 fructifera
3246 1954 3452 2017 plaiites
3482 1956 3535 2008 in
3561 1971 3755 2011 manus
3791 1974 3913 2025 pati-

2308 2061 2496 2115 perum
2520 2060 2872 2116 qnmcumque
2888 2047 3143 2100 volueris.
3170 2046 3308 2100 Nihil
3335 2047 3431 2102 hac
3456 2059 3597 2102 terra
3625 2051 3909 2120 pinguius;

2308 2141 2552 2208 quamvis
2587 2154 2746 2208 parva
2780 2141 2847 2194 sit
2898 2157 3087 2193 manus
3132 2142 3423 2210 capacitas,
3475 2153 3717 2199 attamen
3750 2148 3913 2199 arbor

2311 2231 2397 2283 illa
2424 2231 2654 2300 plantata
2685 2231 2750 2284 ad
2786 2246 2952 2299 usque
2982 2232 3168 2285 czeluin
3206 2234 3489 2302 pertingit,
3522 2247 3574 2288 et
3608 2236 3762 2289 firma
3788 2249 3908 2290 stat.

2308 2320 2419 2375 Hoc
2452 2332 2534 2376 est
2566 2338 2691 2377 vere
2720 2324 2981 2392 plantare.
3012 2324 3144 2379 Nam
3174 2327 3315 2393 quod
3346 2329 3397 2380 in
3441 2337 3582 2382 terra
3612 2330 3906 2399 plantatur,

2304 2415 2347 2467 si
2380 2432 2483 2469 non
2510 2430 2669 2480 nunc,
2701 2426 2821 2485 post
2850 2427 3069 2470 centum
3097 2432 3269 2471 annos
3302 2419 3514 2485 peribit.
3536 2420 3642 2474 Cur
3686 2423 3910 2478 arbores

2306 2508 2534 2577 plantas,
2568 2509 2762 2577 quibus
2795 2523 2900 2561 nou
2943 2509 3171 2570 frueris;
3222 2510 3316 2563 sed
3365 2521 3649 2581 antequam
3688 2512 3904 2577 fruaris,

2306 2618 2451 2655 mors
2479 2604 2737 2656 invadens
2770 2612 2819 2655 te
2849 2604 3115 2671 abripiet?
3150 2603 3274 2658 lla-c
3302 2606 3482 2671 arbor,
3514 2621 3637 2660 cuni
3664 2620 3908 2661 mortuus

2304 2692 2489 2761 fueris,
2522 2704 2647 2748 tunc
2675 2694 2765 2748 tibi
2797 2694 3024 2749 frucmm
3065 2696 3234 2750 dabit.
3272 2696 3326 2751 Si
3358 2697 3562 2765 plautas
3588 2739 3600 2762 ,
3633 2714 3703 2753 ne
3731 2700 3781 2753 in
3813 2716 3907 2769 ga-

2304 2787 2621 2853 strimargiie
2668 2799 2857 2840 venire
2908 2788 3152 2855 plantes,
3200 2803 3265 2842 ne
3294 2788 3346 2841 in
3378 2804 3649 2842 secessum
3704 2789 3909 2845 fructus

2301 2888 2488 2941 exeat;
2531 2877 2623 2931 sed
2656 2877 2835 2946 planta
2886 2879 2936 2930 in
2981 2876 3185 2933 afﬂiCto
3229 2890 3439 2944 ventre,
3491 2889 3547 2932 ut
3591 2878 3803 2934 fructus
3842 2883 3905 2935 ad

2302 2970 2493 3024 cadum
2517 2970 2728 3023 exsiliat
2762 2990 2775 3024 :
2823 2985 3008 3025 recrea
3036 2972 3271 3026 animam
3302 2975 3550 3041 pauperis
3577 2974 3629 3027 in
3660 2978 3907 3045 angustia

2303 3062 2592 3126 versantis,
2623 3070 2679 3114 ut
2722 3078 2790 3116 ne
2822 3062 2981 3116 latam
3013 3071 3153 3117 tuam
3187 3064 3326 3117 viam
3358 3077 3556 3119 aretes.
3591 3065 3710 3120 Non
3736 3070 3905 3133 vides,

2303 3155 2574 3223 quomodo
2601 3157 2845 3222 arbores,
2877 3173 2994 3227 quin
3024 3160 3142 3213 sine
3175 3175 3425 3213 mensura
3455 3163 3736 3231 rigantur,
3766 3180 3796 3218 a
3826 3181 3909 3219 ra-

2304 3248 2425 3302 dice
2462 3258 2915 3317 COrrumpantnr;
2950 3266 3067 3319 qum
3099 3262 3275 3305 autem
3303 3267 3424 3305 cum
3458 3269 3713 3307 mensura
3743 3297 3758 3320 ,
3789 3272 3909 3310 cre-

2303 3342 2494 3396 scant?
2525 3342 2596 3396 ita
2626 3353 2680 3396 et
2709 3355 2760 3395 iu
2797 3358 2861 3397 ne
2888 3353 3132 3397 ventrem
3157 3354 3303 3398 tuum
3340 3355 3465 3413 potu
3495 3346 3819 3416 ingurgites,
3845 3364 3910 3403 nc

2305 3434 2800 3501 piitreseatarboris
2824 3433 2973 3487 radix
3003 3449 3014 3483 :
3038 3445 3218 3503 potum
3252 3435 3317 3488 da
3341 3437 3565 3499 sitienti,
3595 3449 3650 3491 ut
3673 3438 3907 3494 fructum

2303 3524 2457 3578 ferat.
2492 3525 2621 3592 Quae
2649 3525 2925 3579 moderate
2954 3537 3136 3594 potum
3168 3528 3457 3597 accipiunt,
3485 3545 3593 3583 non
3621 3531 3909 3599 putrefacit

2303 3616 2407 3680 sol,
2429 3617 2521 3671 sed
2554 3632 2674 3684 quae
2698 3616 3055 3673 immoderate
3087 3618 3102 3649 ¹
3136 3634 3149 3670 :
3177 3618 3294 3672 talis
3320 3620 3520 3689 quippe
3546 3630 3631 3675 est
3651 3623 3787 3677 solis
3819 3640 3909 3678 iia-

2303 3719 2441 3763 tiira.
2480 3710 2687 3780 Ubique
2718 3710 2855 3765 mala
2902 3720 2988 3766 est
3029 3712 3404 3767 immoderatio
3432 3731 3445 3768 :
3473 3714 3710 3784 ideoque
3762 3718 3906 3772 illam

2303 3802 2699 3865 exscindainus,
2736 3812 2793 3856 iit
2818 3818 2935 3872 qum
2958 3804 3192 3873 petimus
3221 3818 3596 3874 assequamur.
3623 3806 3679 3860 In
3710 3807 3910 3862 altissi-

2302 3897 2405 3950 mis
2450 3896 2580 3950 locis
2609 3898 2862 3950 dicuntur
2902 3897 3077 3951 fontes
3118 3898 3270 3952 oriri.
3315 3899 3454 3969 Ergo
3484 3900 3653 3954 simus
3702 3912 3759 3956 et
3811 3917 3908 3957 nos

2302 3992 2482 4043 animo
2508 3991 2787 4052 soblimes,
2823 4000 2875 4043 et
2903 3990 3247 4061 eleeinosyna
3275 3992 3383 4045 cito
3413 3992 3674 4047 manabit.
3723 3993 3907 4065 Neque

2301 4084 2443 4136 cnim
2471 4093 2645 4151 potest
2667 4082 2913 4137 sublimis
2954 4084 3130 4137 anima
3166 4101 3271 4137 non
3304 4086 3631 4149 misericors,
3664 4098 3722 4141 et
3755 4089 3908 4142 mise-

2304 4172 2473 4227 ricnrs
2504 4188 2609 4227 non
2640 4175 2885 4228 sublimis
2908 4190 3052 4229 esse.
3083 4176 3183 4241 Qui
3212 4191 3340 4245 ergo
3369 4178 3627 4245 pecunias
3649 4178 3904 4248 despicit,

2304 4264 2485 4317 radice
2512 4264 2778 4319 malorum
2806 4267 3053 4335 superior
3079 4275 3180 4322 est.
3203 4266 3404 4323 Fontes
3433 4268 3485 4322 in
3517 4268 3755 4325 desertis
3784 4282 3907 4325 sunt

2303 4368 2362 4412 ut
2390 4358 2675 4427 plurimum
2710 4377 2720 4411 :
2754 4368 2807 4412 et
2836 4374 2933 4413 nos
2960 4361 3191 4414 animam
3223 4376 3290 4416 ex
3318 4362 3549 4416 tumultu
3584 4363 3901 4428 educamus,

2303 4457 2356 4502 et
2385 4448 2524 4517 apud
2578 4465 2675 4503 nos
2727 4450 2985 4504 scaturiet
3035 4452 3401 4523 eleemosyna.
3454 4452 3656 4509 Fontes
3706 4466 3907 4523 quanto

2304 4542 2472 4608 magis
2500 4550 2812 4608 purgantur,
2854 4548 3001 4594 tanto
3033 4542 3307 4596 uberiores
3328 4553 3490 4598 sunt:
3525 4545 3594 4597 ita
3626 4560 3728 4599 nos
3773 4563 3905 4615 quo-

2301 4648 2425 4700 que,
2451 4648 2555 4701 quo
2584 4634 2751 4701 magis
2772 4634 3124 4699 insuinemus,
3149 4644 3203 4688 et
3221 4635 3389 4705 magis
3417 4636 3552 4690 bona
3581 4641 3899 4692 scaturient.

2302 4722 2400 4788 Qui
2432 4724 2630 4775 fontem
2672 4723 2850 4786 habet,
2887 4738 2992 4776 non
3028 4724 3179 4779 timet
3209 4743 3219 4777 :
3253 4725 3296 4779 si
3325 4740 3457 4789 ergo
3486 4738 3535 4780 et
3570 4744 3671 4782 nos
3703 4729 3902 4783 fontem

2306 4814 2595 4867 habeamus
2626 4814 3051 4882 eleeiiiosyuam,
3080 4831 3183 4869 non
3212 4818 3539 4873 timebimus.
3576 4818 3675 4872 llic
3705 4823 3905 4889 quippe

2302 4904 2424 4958 fons
2446 4904 2510 4957 ail
2538 4915 2742 4973 potum,
2778 4904 2843 4957 ad
2875 4905 3260 4972 irrigatidnein,
3294 4908 3360 4961 ad
3400 4908 3652 4971 rediiicia,
3684 4912 3749 4964 ad
3785 4928 3901 4963 oni-

2305 5000 2389 5052 nia
2438 4999 2591 5051 nobis
2638 4999 2788 5051 utilis
2838 5007 2939 5051 est.
2974 4998 3117 5051 Nihil
3166 4999 3267 5054 hoc
3301 5010 3424 5069 potu
3457 5004 3653 5056 melius
3685 5020 3699 5056 :
3736 5006 3905 5057 nesrit

2302 5090 2389 5145 hic
2423 5091 2540 5145 fons
2569 5092 2886 5145 ebrietatem
2918 5091 3171 5146 inducere
3199 5110 3212 5147 :
3249 5093 3440 5146 melius
3478 5104 3562 5148 est
3594 5095 3757 5150 talem
3811 5095 3903 5149 ha-

2303 5183 2427 5235 bere
2457 5182 2681 5247 fontem,
2713 5198 2871 5250 quam
2904 5183 3018 5235 auri
3047 5182 3222 5237 fontes
3249 5185 3521 5238 emittere.
3552 5184 3711 5239 Omni
3747 5187 3900 5239 auri-

2301 5274 2410 5329 fera
2468 5286 2607 5328 terra
2656 5276 2847 5329 melior
2887 5283 2962 5327 est
3017 5276 3215 5340 anima,
3266 5293 3385 5344 qua:
3437 5276 3743 5343 huiusmodi
3805 5280 3903 5333 fert

2300 5383 2507 5419 aurum.
2535 5366 2649 5418 Non
2684 5367 2826 5418 enim
2860 5366 2910 5417 in
2947 5366 3083 5419 hanc
3112 5368 3311 5435 regiam
3340 5409 3354 5431 ,
3384 5367 3475 5419 scil
3513 5368 3562 5420 iu
3606 5385 3899 5436 supernam

2303 5459 2577 5510 nobiscum
2612 5457 2877 5509 concedit.
2911 5457 3019 5509 Hoc
3045 5472 3231 5509 aurum
3264 5467 3638 5512 ornamentum
3668 5470 3754 5514 est
3796 5462 3895 5514 Fce

2299 5548 2475 5602 C‘CSlil',
2510 5549 2596 5601 Dei
2632 5564 2733 5600 :cx
2782 5547 2881 5599 hoc
2930 5564 3063 5600 auro
3112 5548 3339 5600 eflicitiir
3390 5549 3597 5617 gladius
3642 5552 3899 5621 Spiritus,

2297 5642 2503 5711 gladius
2527 5655 2620 5709 per
2646 5655 2803 5707 quem
2834 5639 2995 5691 draco
3020 5638 3337 5693 dissecatur.
3369 5640 3443 5693 Ev
3480 5641 3578 5694 hoc
3610 5642 3757 5695 fonti-
3783 5658 3897 5711 pro~

2361 5780 2373 5807 ¹
2414 5776 2575 5827 Codex
2607 5788 2733 5821 unus
2764 5774 2943 5822 liabet:
2976 5772 3022 5823 Si
3068 5780 3227 5834 potum
3258 5774 3507 5823 moderate
3553 5774 3772 5836 dfi‘t‘is,
3811 5789 3899 5827 ueri

2296 5840 2547 5901 pllil't’f-li'lt
2573 5840 2639 5887 sol
2657 5851 2671 5895 ;
2698 5838 2737 5887 δί
2762 5844 2918 5886 autem
2946 5836 3274 5891 iiinttodcrutit.
3304 5844 3399 5895 put-
3417 5836 3579 5895 efui'it.
