4078 6318
156 419 237 472 lTl
1097 417 1158 471 IN
1202 415 1382 470 ACTA
1426 411 1956 470 AI’USTOLORUM.
2000 416 2228 471 nomn.
2277 419 2466 498 XXIII.

155 535 298 588 deum
327 531 538 601 lapides
568 532 822 603 pretiosi,
864 531 954 601 qui
999 540 1159 599 caput
1215 531 1356 600 regis
1410 537 1620 582 ornant.
1679 527 1754 582 Ne

158 629 315 696 itaque
345 627 690 695 negligamus
721 633 916 684 tantas,
940 625 1154 679 divitias
1179 641 1193 687 ;
1223 624 1317 678 sed
1353 624 1572 693 largiter
1611 623 1756 677 elee-

157 733 416 790 mosynam
466 718 803 781 inferamus,
849 727 905 772 ut
955 718 1045 772 Dei
1079 719 1409 788 benignitate
1441 718 1746 786 dignemur,

3381 425 3478 479 178

1864 532 2033 601 gratia
2063 541 2116 586 et
2147 533 2587 590 miserationibus
2617 536 2876 606 unigeniti
2909 536 3026 608 ejus
3058 537 3214 601 Filii,
3243 540 3325 592 cui
3358 555 3473 593 om-

1863 627 1947 679 nis
1971 627 2162 696 glona,
2194 634 2370 682 honor
2384 640 2437 684 et
2461 631 2745 701 imperium
2771 647 2873 685 una
2891 647 3014 686 cum
3037 642 3227 687 sancto
3244 632 3469 703 Spiritu,

1862 717 1914 770 in
1944 719 2137 772 smcula
2165 722 2509 789 saeculorum.
2535 725 2731 777 Amen.

1547 925 1898 1008 HOMqulA
1959 929 2203 991 ΧΧΠΙ.

147 1067 266 1124 (Συ.
297 1071 388 1125 10.
440 1087 495 1124 ν.
527 1071 620 1124 23.
655 1069 894 1140 Sequenti
941 1081 1107 1122 autem
1149 1073 1261 1132 aie,
1294 1071 1499 1138 inquit,
1534 1087 1746 1140 surgens

213 1160 395 1216 Petrus
416 1205 432 1227 ,
463 1166 725 1232 profectus
749 1173 821 1215 est
851 1180 965 1215 cunt
992 1163 1095 1215 illis
1121 1179 1141 1214 :
1168 1173 1214 1214 et
1241 1164 1448 1233 quidam
1475 1178 1539 1215 et:
1569 1163 1745 1232 fratri-

209 1253 296 1307 bus
317 1257 384 1306 ab
405 1252 580 1324 Joppe
605 1271 722 1306 cum
745 1255 833 1307 illo
872 1265 1106 1307 venerunt
1152 1252 1451 1306 Cresia-eam.
1496 1253 1586 1307 2i.
1617 1252 1744 1308 Cor-

207 1349 366 1400 nelius
393 1363 511 1399 vero
552 1348 877 1415 exspectabat
905 1346 1042 1410 illos,
1069 1347 1355 1399 convocatis
1384 1348 1610 1417 cognatis
1633 1348 1739 1401 suis

205 1451 250 1492 et
292 1440 595 1494 necessariis
636 1441 837 1492 amicis.

203 1534 252 1587 1.
303 1533 602 1602 Postquam
637 1533 781 1586 viros
824 1533 1162 1599 Ιιοεμίιειιῑιει·
1203 1533 1484 1593 tractavit,
1527 1531 1738 1600 egredi-

142 1635 216 1677 tur
251 1640 374 1678 cnm
409 1625 552 1678 illis:
590 1633 756 1678 recte.
805 1625 958 1678 Prius
990 1625 1216 1693 benigne
1257 1639 1377 1676 cum
1410 1625 1511 1676 illis
1555 1624 1660 1690 :tgll
1694 1625 1732 1688 ',

141 1728 311 1786 utpote
340 1734 409 1772 ex
445 1720 638 1773 itinere
669 1718 936 1788 fatigatis,
961 1719 1169 1787 sibique
1200 1717 1492 1770 familiares
1523 1718 1730 1782 reddit,

138 1811 456 1880 dentemque
481 1826 582 1864 una
615 1811 994 1880 proficiscitur.
1031 1811 1275 1881 Sequenti
1298 1821 1465 1862 autem
1507 1812 1622 1874 die,
1654 1811 1732 1862 in-

137 1905 269 1969 quit,
313 1920 534 1974 surgens
571 1903 755 1956 Petrus
779 1944 794 1969 ,
830 1904 1086 1971 profectus
1111 1915 1180 1956 est
1222 1919 1334 1955 cum
1374 1903 1514 1956 illis:
1548 1914 1592 1955 et
1617 1903 1731 1969 qui-

137 1996 240 2046 dam
266 2000 483 2065 fratres.
511 1994 627 2049 Non
659 1996 811 2048 Solus
838 2035 852 2059 ,
885 1995 976 2049 sed
1001 2003 1055 2048 et
1082 1995 1169 2048 alii
1193 2011 1313 2048 cum
1349 1995 1438 2046 illo
1472 1995 1728 2058 veniunt;

138 2088 282 2156 idque
308 2104 435 2142 cum
476 2089 707 2157 quadam
735 2089 1064 2157 providentia
1087 2129 1101 2152 ,
1133 2098 1189 2140 ut
1219 2100 1402 2155 postea
1436 2096 1598 2139 testes
1639 2103 1728 2141 cs-

133 2191 271 2245 seut,
314 2182 539 2250 quando
571 2181 730 2235 Petro
759 2196 892 2251 Opus
940 2181 1040 2233 fuit
1084 2181 1414 2234 defensione.
1462 2180 1729 2233 Cornelius

133 2290 232 2326 tero
269 2275 604 2345 exspectabat
644 2276 760 2328 illos
785 2317 800 2340 ,
833 2275 1375 2343 convocatis'cognatis
1405 2274 1512 2327 suis
1552 2285 1597 2326 et
1640 2289 1725 2325 ne-

131 2369 348 2422 cessariis
389 2369 590 2422 amicis.
623 2368 736 2423 Hoc
766 2369 923 2422 amici
952 2409 966 2430 ,
998 2368 1098 2420 hoc
1128 2369 1196 2437 pii
1229 2368 1325 2421 viri
1368 2375 1449 2421 est
1475 2409 1489 2433 ,
1527 2367 1575 2419 in
1611 2367 1727 2421 tali-

132 2458 216 2512 bus
245 2460 410 2514 bonis
461 2461 668 2515 amicos
712 2476 823 2529 pra:
853 2460 1102 2512 omnibus
1144 2460 1318 2512 facere
1349 2459 1547 2512 Socios.
1597 2457 1726 2512 Jure

132 2550 217 2604 bos
235 2563 397 2606 vocat
429 2552 627 2622 quibus
659 2553 892 2618 fidebat,
921 2553 987 2606 de
1023 2551 1215 2605 talibus
1245 2551 1478 2604 maxime
1510 2565 1726 2619 semper

131 2643 434 2710 disserens,
490 2661 610 2712 qua:
659 2644 859 2698 frustra
911 2643 1146 2698 fortasse
1193 2644 1314 2697 aliis
1360 2643 1722 2711 exposuisset.

132 2732 378 2788 Videntur
428 2744 610 2788 autem
661 2736 792 2788 mihi
840 2745 893 2789 et
939 2736 1095 2789 mnici
1143 2745 1198 2789 et
1236 2736 1448 2804 cognati
1492 2736 1558 2787 ab
1609 2736 1724 2804 ipso

129 2823 278 2879 fuisse
313 2827 572 2879 instituti.
601 2826 693 2881 25.
725 2826 855 2881 Cum
895 2821 1150 2881 introisset
1175 2838 1341 2881 autem
1376 2828 1559 2881 Petrus
1584 2871 1598 2893 ,
1632 2831 1723 2882 ob-

127 2917 244 2969 riam
279 2920 414 2971 venit
451 2920 551 2988 ipsi
597 2919 896 2986 Cornelius,
929 2931 972 2975 et
1014 2922 1280 2990 procidcus
1307 2922 1375 2974 ad
1417 2923 1566 2988 pedes
1608 2924 1720 2992 ejus

127 3009 360 3064 adoravit.
388 3011 482 3066 26.
524 3011 705 3066 Petrus
737 3030 852 3066 vero
906 3015 1062 3066 eretrit
1093 3031 1204 3066 eum
1228 3054 1242 3079 ,
1273 3015 1442 3067 dicens
1467 3029 1484 3067 :
1516 3013 1719 3084 Surge;

128 3120 230 3154 nam
274 3115 319 3157 et
352 3121 447 3175 ego
479 3106 630 3158 homo
660 3123 786 3159 sum.
824 3107 936 3160 lloc
966 3107 1090 3171 facit
1117 3150 1130 3171 ,
1167 3108 1542 3162 lmmilitatem.
1566 3124 1716 3162 suam

126 3197 408 3251 ostendens
432 3241 448 3263 ,
479 3198 724 3268 aliosque
752 3199 954 3253 docens
982 3200 1196 3270 Deoque
1222 3201 1422 3271 gratias
1446 3203 1582 3271 agit,
1617 3203 1716 3255 de—

123 3286 385 3357 claratque
425 3304 486 3342 se
510 3331 522 3350 ,
554 3291 761 3343 etiamsi
808 3291 988 3360 jussus
1020 3293 1128 3356 sit,
1161 3310 1223 3346 ex
1271 3310 1330 3348 se
1361 3303 1534 3348 tamen
1579 3296 1719 3349 mul-

130 3387 224 3430 taut
273 3378 482 3434 habere
538 3381 812 3450 pietatem.
859 3384 995 3449 Quid
1048 3400 1177 3454 ergo
1229 3386 1462 3440 Petrus?
1505 3386 1718 3458 Surge;

123 3486 230 3520 nam
256 3481 304 3523 et
331 3488 426 3542 ego
458 3472 612 3526 homo
653 3491 786 3526 sunt.
824 3473 1030 3540 Viden‘,
1064 3477 1339 3546 quomodo
1367 3488 1489 3531 ante
1534 3480 1713 3531 omnia

122 3561 231 3614 illus
253 3563 454 3617 docent
474 3605 491 3629 ,
519 3581 585 3618 ne
615 3567 742 3636 quid
773 3582 1020 3637 magnum
1055 3569 1120 3622 de
1142 3585 1200 3621 se
1224 3570 1498 3622 sentiant?
1527 3569 1617 3622 27.
1649 3570 1717 3622 Et

120 3653 314 3718 loquens
342 3671 462 3707 cum
485 3655 576 3709 illo
596 3696 611 3717 ,
643 3657 849 3710 intravit
876 3674 894 3710 :
921 3669 967 3711 et
997 3660 1184 3712 invenit
1212 3660 1401 3713 ntaltos
1428 3661 1511 3731 qui
1536 3678 1716 3715 conve-

121 3755 322 3810 nerant,
376 3745 469 3800 28.
516 3747 746 3817 dixitque
785 3748 854 3800 ad
883 3749 1040 3802 illos:
1083 3749 1184 3803 Vos
1234 3752 1406 3815 scitis,
1462 3753 1714 3822 quomodo

119 3838 453 3894 abominatum
487 3841 551 3893 sit
581 3843 685 3894 viro
707 3840 891 3895 Judteo
917 3845 1160 3913 conjungi
1233 3854 1322 3896 aut
1349 3847 1585 3898 accedere
1649 3847 1716 3898 ad

119 3932 469 4001 alienigenam.
508 3932 672 3999 Vide,
709 3944 768 3987 ut
795 3935 974 3988 statim
1007 3936 1072 3988 de
1109 3937 1199 3989 Dei
1234 3937 1565 4005 benignitate
1606 3938 1717 3992 dis-

119 4035 280 4088 serat,
317 4025 682 4095 ostendatque
723 4026 895 4095 ipsum
939 4043 1132 4095 magna
1181 4027 1285 4082 illis
1318 4030 1562 4098 largitum
1595 4045 1716 4084 esse

120 4114 264 4168 lunia.
292 4115 417 4171 Non
451 4118 554 4170 hoc
579 4118 750 4170 solum
781 4118 1152 4172 admirandum
1183 4120 1268 4173 hic
1293 4132 1396 4186 est,
1420 4122 1570 4190 quod-
1590 4123 1711 4177 talia

121 4210 390 4276 laquatur;
430 4208 528 4262 sed
571 4220 625 4262 et
652 4211 923 4278 quomodo
956 4212 1116 4266 simul
1158 4223 1210 4266 et
1245 4229 1433 4283 magna
1469 4214 1715 4283 loquatur

118 4311 162 4352 ct
189 4303 436 4356 modeste
466 4313 608 4372 agat.
640 4303 758 4357 Non
787 4305 920 4358 dixit
944 4306 1089 4360 enim
1116 4324 1129 4360 :
1161 4306 1268 4361 Nos
1298 4309 1385 4377 qui
1418 4307 1486 4361 ad
1538 4309 1712 4362 uetui-

122 4411 225 4447 nem
249 4395 524 4451 accedere
555 4395 838 4466 dignantur
858 4439 871 4461 ,
900 4398 965 4452 ad
993 4415 1087 4452 vos
1117 4401 1396 4464 venimus;
1429 4401 1521 4456 sed
1548 4403 1713 4471 quid?

130 4485 214 4540 Vos
233 4489 379 4541 scitis
407 4488 577 4556 (Deus
601 4488 702 4542 hoc
725 4490 912 4558 jussit,
939 4491 1135 4561 inquit)
1161 4537 1171 4554 ,
1201 4494 1432 4563 iniquunt
1464 4510 1571 4547 esse
1595 4513 1716 4548 con-

117 4581 246 4646 jungi
291 4589 385 4631 aut
414 4580 655 4633 accedere
682 4582 750 4633 ad
791 4581 1146 4650 alienigenam.
1200 4584 1401 4638 Deinde
1434 4602 1501 4640 ne
1542 4587 1593 4638 in
1623 4588 1714 4640 illo

119 4671 252 4738 grati.
275 4686 332 4724 m
389 4681 628 4737 statuat,
673 4673 888 4728 subdit:
932 4674 994 4727 Et
1025 4677 1148 4729 nti/ti
1177 4675 1318 4730 Deus
1344 4679 1594 4741 ostendit,
1631 4697 1717 4734 ne-

121 4768 288 4815 minem
342 4779 662 4818 communem
716 4776 802 4818 aut
857 4769 1173 4822 immundum
1217 4770 1385 4823 dicere
1438 4773 1712 4824 hominem.

121 4852 220 4906 llac
255 4853 573 4925 snlijungit,
611 4871 678 4911 ne
705 4857 947 4913 rideatur
976 4861 1182 4914 adulari
1221 4863 1340 4931 ipsi.
1369 4863 1461 4917 29.
1499 4863 1716 4932 Propter

119 4947 240 5011 quod
265 4948 382 5000 sine
403 4949 808 5005 contradictione
853 4953 963 5004 veni
991 4955 1285 5007 accersitus.
1322 4955 1397 5009 Ne
1426 4965 1674 5024 putarent
1695 4997 1713 5024 ,

119 5042 207 5092 etsi
240 5056 326 5093 res
362 5040 544 5094 illicita
571 5051 754 5107 esset,
784 5058 842 5099 se
872 5055 1059 5113 utpote
1091 5048 1320 5116 principi
1350 5064 1412 5102 ea
1451 5048 1517 5103 de
1550 5065 1712 5104 causa

119 5133 536 5201 obtemperasse,
566 5136 660 5190 sed
695 5145 863 5192 totum
891 5139 1003 5194 Deo
1035 5141 1390 5211 imputarent,
1421 5161 1523 5196 non
1553 5145 1713 5200 modo

118 5227 362 5297 tOttjUItgl
387 5271 402 5294 ,
434 5228 527 5282 scd
556 5231 717 5283 etiam
752 5233 1010 5288 accedere
1039 5250 1145 5288 non
1181 5235 1341 5290 licere
1367 5236 1515 5290 dicit.
1549 5235 1694 5291 Inter

119 5336 235 5388 rogo
263 5336 386 5390 ergo
407 5361 422 5384 ,
459 5337 607 5391 quant
637 5322 700 5376 ob
726 5340 935 5378 causant
961 5328 1244 5381 acccrsistis
1271 5344 1365 5381 me.
1404 5330 1516 5382 Non
1564 5332 1687 5394 iguo

121 5424 238 5463 rans
281 5412 579 5483 interrogat
610 5431 622 5466 :
658 5415 863 5470 sciebat
891 5417 1033 5471 enim
1066 5428 1233 5474 totum
1267 5420 1453 5475 Petrus
1490 5439 1518 5475 a
1553 5424 1715 5475 visio-

121 5522 172 5558 ne
228 5503 497 5559 edoctus:
540 5507 788 5562 audierat
841 5509 1002 5563 etiam
1052 5528 1078 5564 a
1131 5513 1430 5576 militibus;
1463 5515 1556 5569 sed
1602 5516 1714 5568 vult

169 5660 184 5689 ι
230 5654 284 5730 la
307 5670 413 5730 uno
435 5660 728 5730 exemplari,
748 5663 826 5712 bis
844 5665 1049 5730 oinissis
1073 5667 1240 5730 verbis
1259 5703 1273 5724 ,
1300 5675 1549 5730 postquam
1590 5668 1716 5720 uiros

117 5717 420 5791 sospitaliter.
437 5717 676 5791 tractabit.
696 5717 953 5791 {greditur
979 5741 1087 5776 non
1112 5727 1211 5778 illis
1237 5717 1432 5789 arcete,
1461 5731 1523 5778 al.
1549 5717 1625 5778 his
1644 5717 1717 5780 in;

117 5789 306 5875 {3:22
334 5783 709 5875 ’Z’Zl‘f.."f‘.’:.".-‘t'!‘.’.
726 5783 1095 5875 éi‘t'tj‘f‘autf-
1117 5783 1499 5875 "osurus
1526 5795 1714 5863 ίιιίιίιιιῖι

118 5847 330 5918 teter—iri,
356 5847 441 5896 sed
463 5847 642 5900 melius
662 5850 899 5902 incititur
923 5852 984 5900 ab
1008 5847 1103 5903 illis
1127 5847 1325 5914 verbis",
1360 5862 1610 5918 pastquavn
1649 5856 1713 5905 ri-

119 5916 200 5964 αὖ,
231 5917 312 5956 ιἰς
317 5944 329 5956 ο

1857 1075 1976 1129 illos
2011 1077 2239 1143 primum
2287 1078 2567 1147 confiteri,
2601 1091 2655 1134 et
2685 1080 2806 1136 lidci
2849 1081 3114 1135 obnoxios
3157 1081 3290 1134 licri.
3326 1083 3461 1146 Quid

1851 1182 1979 1236 ergo
2001 1171 2325 1226 Cornelius?
2347 1172 2460 1225 Non
2491 1175 2649 1236 dixit,
2680 1174 2796 1229 Non
2831 1176 2923 1228 tibi
2952 1175 3147 1228 milites
3169 1175 3462 1229 dixerunt?

1850 1261 1943 1312 sed
1976 1260 2131 1329 vide,
2167 1278 2327 1332 quam
2362 1276 2643 1321 mansuete
2675 1277 2726 1320 ct
2758 1267 3032 1321 humiliter
3067 1270 3338 1328 loquatur.
3366 1269 3455 1322 5t).

1851 1350 1890 1403 Α
1922 1365 2106 1417 quarta
2150 1355 2232 1408 die
2261 1372 2418 1423 usque
2450 1361 2500 1411 in
2534 1360 2665 1412 lianc
2695 1360 2873 1413 ltorunt
2905 1377 3043 1413 erant
3082 1363 3324 1433 jejunum
3345 1401 3360 1425 ,
3412 1371 3458 1412 et

1846 1457 1981 1494 nona
2023 1444 2149 1498 ltora
2179 1464 2316 1499 erant
2345 1466 2497 1501 orans
2539 1451 2590 1504 in
2620 1451 2772 1504 donto
2805 1469 2916 1504 mea
2941 1470 2958 1505 .'
2988 1463 3034 1505 et
3063 1470 3176 1506 ecce
3217 1457 3290 1506 rir
3319 1456 3454 1505 stetit

1845 1550 2016 1584 eorum
2045 1553 2123 1588 me
2153 1540 2203 1590 in
2233 1544 2411 1592 restim
2462 1541 2733 1611 splendido
2760 1586 2773 1605 ,
2820 1554 2864 1598 et
2907 1547 2977 1596 ait
3002 1560 3021 1597 :
3068 1546 3157 1600 51.
3207 1543 3415 1599 Corneli
3437 1587 3453 1610 ,

1843 1627 2084 1678 exaudita
2112 1639 2186 1681 est
2212 1632 2375 1684 oratio
2402 1644 2489 1684 tua
2513 1676 2526 1697 ,
2561 1646 2608 1686 et
2635 1634 2967 1705 rleemosgna’
2991 1646 3093 1689 tua:
3113 1639 3452 1690 ascenderunt

1842 1717 1892 1770 in
1927 1723 2224 1774 memoriam
2252 1724 2303 1776 in
2336 1739 2608 1793 conspectu
2640 1726 2758 1781 Dei.
2796 1728 2859 1781 Et
2889 1747 3024 1781 nona
3055 1732 3199 1794 liora,
3238 1732 3403 1800 inquit
3433 1770 3448 1796 ,

1840 1828 2014 1868 orans.
2045 1816 2180 1880 Quid
2214 1817 2315 1871 hoc
2342 1821 2463 1873 est?
2495 1820 2712 1874 \‘idetur
2747 1824 2876 1876 mihi
2922 1825 3020 1877 sibi
3053 1835 3292 1892 tempora
3323 1841 3452 1879 con-

1839 1905 2078 1960 stitnisse
2103 1911 2452 1964 accuratioris
2476 1913 2597 1966 vitae
2627 1914 2676 1967 iu
2707 1915 3027 1983 quibusdam
3053 1917 3279 1971 diebus:
3312 1918 3452 1971 idco-

1838 2012 1940 2062 que
1972 1999 2076 2064 ait,
2125 2001 2167 2052 A
2200 2013 2383 2069 quarta
2431 2005 2531 2056 die.
2579 2006 2713 2061 Vide
2736 2048 2750 2071 ,
2786 2021 2984 2077 quanta
3018 2026 3103 2064 res
3134 2012 3201 2064 sit
3249 2014 3446 2066 oratio.

1837 2090 2063 2157 Quando
2095 2094 2146 2146 in
2177 2096 2375 2164 pietate
2405 2099 2652 2166 profecit,
2690 2111 2813 2154 tunc
2844 2114 3069 2173 apparet
3099 2106 3171 2159 illi
3199 2108 3444 2174 angelus.

1840 2183 1962 2239 llzec
1983 2201 2082 2239 una
2109 2186 2225 2242 dies
2245 2201 2390 2254 erat;
2415 2206 2478 2246 ea
2504 2209 2606 2261 qua
2631 2194 2881 2254 abierunt
2902 2197 2956 2261 ii,
2981 2201 3070 2265 qui
3097 2199 3244 2253 missi
3267 2211 3444 2266 erant,

1837 2293 1977 2340 una;
2017 2297 2119 2348 qua
2153 2296 2439 2349 venerunt,
2474 2301 2661 2340 rursus
2691 2305 2832 2354 una;
2867 2300 2921 2343 et
2948 2301 3137 2361 quarta
3169 2293 3444 2362 apparuit,

1837 2370 1904 2423 ita
1936 2383 1991 2425 ut
2022 2375 2091 2426 sit
2118 2375 2352 2428 secunda
2383 2388 2504 2444 post
2535 2395 2674 2444 eam,
2701 2396 2805 2450 qua
2833 2396 3083 2450 prcontns
3104 2396 3208 2440 est.
3238 2386 3302 2440 Et
3324 2405 3440 2440 ecce

1834 2465 1907 2515 rir
1925 2468 2060 2518 stetit
2078 2484 2248 2520 coram
2268 2487 2347 2522 nte
2366 2471 2416 2524 in
2438 2482 2567 2524 veste
2581 2471 2999 2541 splendida..\'on
3019 2479 3269 2548 angelum
3283 2480 3438 2546 dicit;

1836 2558 1905 2610 ita
1929 2559 2134 2614 alienus
2153 2571 2267 2615 erat
2291 2580 2316 2614 a
2340 2563 2498 2618 fasttt.
2523 2564 2588 2618 Et
2609 2567 2711 2620 ait:
2733 2568 2954 2633 Corneli,
2977 2572 3215 2624 exaudita
3238 2583 3443 2627 estora-

1832 2651 1901 2702 tio
1937 2662 2059 2716 tua,
2091 2663 2139 2707 et
2180 2654 2514 2727 eleentosynw
2545 2667 2644 2711 ture
2689 2663 3028 2715 ascenderant
3064 2665 3114 2716 in
3146 2669 3439 2718 memoriam

1829 2743 1882 2795 in
1913 2757 2185 2813 conspectu
2229 2747 2340 2801 Dei.
2367 2751 2456 2804 32.
2486 2750 2636 2805 Mitte
2674 2769 2793 2823 ergo
2825 2755 2877 2809 in
2908 2754 3114 2826 JOppen
3136 2799 3150 2821 ,
3181 2768 3228 2810 et
3252 2759 3443 2813 accersi

1831 2837 2132 2905 Simonem,
2165 2844 2253 2910 qui
2279 2847 2674 2914 cognominatur
2695 2847 2883 2903 Petrus
2913 2867 2931 2904 :
2957 2852 3037 2904 ltic
3068 2853 3356 2919 ltospitatur
3386 2855 3436 2908 in

1827 2932 1979 2984 domo
2009 2934 2237 2989 Simonis
2259 2938 2467 2991 coriarii
2499 2940 2655 3008 juxta
2686 2958 2826 2995 mare
2851 2957 2870 2995 :
2896 2943 2983 3012 qui
3025 2945 3105 2996 ubi
3138 2947 3396 2998 mlrenerit
3424 2989 3437 3009 ,

1826 3027 2058 3092 loquetur
2088 3027 2195 3082 tibi.
2228 3029 2316 3084 55.
2365 3030 2644 3102 Confestim
2674 3050 2794 3104 ergo
2823 3035 2938 3088 misi
2963 3035 3031 3088 ad
3061 3047 3107 3088 te
3133 3051 3153 3090 :
3183 3048 3228 3089 et
3260 3048 3311 3090 tu
3342 3040 3428 3090 [ιε-

1826 3138 1889 3176 ne
1914 3123 2078 3188 fecisti
2105 3124 2368 3178 vcuicndo.
2406 3124 2561 3179 Nunc
2591 3145 2709 3198 ergo
2745 3145 2920 3182 omnes
2960 3145 3051 3182 nos
3081 3131 3132 3182 in
3159 3143 3432 3199 conspectu

1825 3211 1921 3266 Dei
1962 3215 2234 3280 adsumus,
2266 3228 2320 3268 ut
2352 3219 2624 3272 audiamus
2650 3221 2851 3284 onmia,
2891 3236 3005 3288 quae
3046 3223 3135 3274 tibi
3179 3239 3432 3292 prtecepm

1823 3315 1939 3360 sunt
1980 3324 2009 3358 a
2042 3307 2171 3362 Deo.
2206 3307 2330 3363 Ideo
2361 3310 2534 3373 dixit,
2571 3309 2684 3375 Qua
2713 3311 2775 3364 de
2797 3329 2954 3366 causa
2980 3315 3267 3368 accersistis
3299 3332 3378 3368 me
3403 3318 3429 3369 Ρ

1825 3410 1882 3452 ttt
1911 3400 2024 3453 inec
2064 3401 2141 3454 sic
2170 3403 2328 3455 Verba
2358 3403 2519 3456 dicat.
2553 3405 2641 3458 5i.
2686 3404 2939 3472 Aperiens
2961 3415 3129 3457 autent
3164 3405 3347 3459 Petrus
3375 3425 3431 3459 os

1825 3511 1974 3547 suum
1993 3535 2007 3560 ,
2041 3495 2169 3547 dixit
2195 3512 2213 3548 :
2245 3494 2310 3547 ltt
2339 3497 2544 3548 veritate
2567 3498 2789 3566 comperi
2811 3538 2826 3561 ,
2859 3498 2997 3565 quod
3020 3513 3124 3550 non
3166 3499 3231 3552 sit
3257 3516 3431 3568 perso-

1824 3603 2006 3639 narunt
2049 3597 2283 3656 acceptor
2309 3587 2480 3652 Deus;
2526 3588 2615 3642 55.
2648 3589 2736 3641 sed
2783 3590 2836 3642 in
2878 3590 3016 3643 omni
3046 3600 3222 3659 gente,
3253 3591 3341 3659 qui
3368 3591 3431 3643 ti-

1824 3689 1922 3733 met
1965 3679 2114 3732 illunt
2144 3689 2190 3732 et
2218 3691 2458 3749 operatur
2478 3682 2738 3750 justitiant
2760 3724 2774 3747 ,
2805 3693 3041 3752 acceptus
3072 3683 3150 3737 illi
3193 3693 3286 3737 est.
3319 3683 3434 3738 Hoc

1823 3780 1940 3836 est,
1990 3773 2102 3824 sive
2134 3772 2484 3842 prmpittiatiis
2514 3774 2599 3837 sit,
2634 3774 2748 3828 sive
2790 3775 3166 3828 circumcisus.
3219 3775 3333 3830 lloc
3379 3787 3434 3830 ιιι

1824 3864 2023 3919 Paulus
2073 3866 2151 3920 sic
2195 3866 2475 3930 declarat,
2526 3866 2648 3921 Non
2696 3879 2769 3922 est
2822 3885 3156 3938 personarum
3203 3871 3432 3939 acceprio

1822 3960 1964 4024 apud
2005 3958 2165 4012 Deum
2197 3959 2374 4029 (Rom.
2406 3960 2461 4012 2.
2498 3961 2607 4032 ll).
2641 3960 2800 4015 Nunc
2829 3979 2951 4034 ergo
2982 3962 3227 4017 adsumus
3257 3980 3433 4018 ontnrs

1822 4068 1948 4114 nos,
1983 4052 2196 4122 inquit,
2245 4053 2300 4106 in
2348 4067 2621 4123 conspectu
2672 4053 2789 4107 Dei.
2840 4054 2973 4110 Vide
3018 4065 3216 4125 quanta
3249 4056 3384 4109 fides
3418 4098 3430 4117 _.

1823 4155 2020 4215 quanta
2046 4147 2237 4214 pietas.
2259 4146 2475 4200 Sciebat
2500 4146 2626 4200 nihil
2653 4146 2948 4202 luunanum
2978 4147 3158 4203 dicere
3188 4149 3428 4211 Petrum;

1822 4237 1960 4291 Deus
1988 4238 2206 4291 ostendit
2236 4239 2392 4307 nti/ti,
2425 4239 2578 4292 dixit.
2612 4237 2737 4293 ideo
2764 4249 2817 4293 et
2845 4241 2971 4293 illud
2997 4281 3011 4304 ,
3040 4241 3301 4296 Adsumus
3325 4283 3341 4308 ,
3373 4251 3427 4295 at

1824 4334 2094 4386 audiamus
2120 4334 2294 4385 omnia
2317 4375 2331 4396 ,
2363 4349 2477 4400 qua:
2498 4333 2585 4385 tibi
2616 4342 2870 4403 prtecepta
2899 4346 3014 4388 sunt
3042 4351 3075 4387 α
3109 4333 3235 4388 Dro.
3279 4335 3420 4401 Quid

1824 4429 1998 4497 ergo?
2029 4443 2153 4481 unm
2201 4436 2457 4494 acceptus
2485 4435 2566 4480 est
2593 4426 2668 4479 illi
2702 4427 2776 4493 is,
2806 4426 2896 4495 qui
2943 4437 3027 4481 est
3067 4427 3118 4481 iu
3165 4427 3428 4481 Perside?

1825 4521 1879 4574 Si
1912 4500 2104 4589 dignus
2134 4519 2233 4581 sit,
2270 4519 2338 4572 ita
2366 4529 2617 4586 ﬂCl'eplllS
2646 4519 2747 4572 erit
2769 4560 2784 4584 ,
2817 4529 2870 4572 ut
2903 4518 3060 4572 fidem
3085 4531 3426 4589 assequatur.

1825 4612 1960 4666 llinc
1989 4613 2150 4666 etiam
2197 4611 2504 4666 eunuchum
2531 4627 2595 4664 ex
2623 4610 2895 4679 zEthiopia
2928 4627 3033 4665 non
3061 4612 3324 4682 despexit.
3365 4615 3431 4667 Et

1823 4704 1988 4774 quid,
2041 4704 2284 4773 inquies,
2333 4704 2535 4757 dixeris
2579 4704 2648 4757 de
2693 4704 2960 4775 religiosis
2998 4707 3126 4758 viris
3155 4747 3168 4769 ,
3198 4707 3285 4775 qui
3333 4705 3429 4759 de—

1825 4797 1994 4865 specti
2046 4796 2512 4862 fuerttnt?Absit,
2560 4812 2720 4851 neruo
2775 4798 3061 4868 religiosus
3110 4798 3408 4870 despicitur

1825 4889 1940 4944 Non
1970 4900 2146 4960 potest
2173 4893 2352 4955 enim,
2384 4906 2492 4944 non
2525 4901 2704 4959 potest
2733 4892 2920 4960 utique
2948 4892 3151 4959 despici
3182 4894 3271 4961 qui
3304 4893 3424 4946 talis

1824 4991 1927 5037 est.
1961 4983 2024 5036 In
2057 4985 2194 5037 omni
2222 4993 2368 5054 gente
2389 5025 2401 5047 ,
2438 4984 2646 5054 inquit,
2681 4985 2769 5054 qui
2800 4986 2941 5038 timet
2974 4983 3137 5038 Demn
3165 4995 3212 5039 et
3248 5002 3428 5053 Opt‘J'Ito

1827 5087 1908 5129 tttr
1927 5077 2204 5144 justitiam.
2238 5075 2508 5130 Justitiam
2543 5086 2697 5129 vocat
2736 5093 2951 5131 omnem
2983 5078 3259 5132 virtutem.

1896 5169 1948 5222 2.
1985 5167 2162 5226 Vides.
2190 5180 2242 5220 ut
2268 5169 2537 5236 deprimat
2563 5169 2705 5222 illius
2727 5169 3009 5222 sublimem
3041 5183 3280 5226 St‘nSlllll,
3306 5185 3426 5220 eum

1825 5263 1955 5317 dicit
1982 5281 1993 5316 :
2026 5261 2090 5315 In
2119 5263 2256 5316 omni
2281 5274 2425 5333 gente
2453 5264 2537 5331 qui
2567 5265 2702 5314 timet
2728 5261 2917 5324 Deunt,
2942 5273 3181 5332 acceptus
3213 5275 3282 5314 est
3311 5262 3429 5314 illi?

1826 5372 1887 5409 ac
1935 5355 1980 5410 si
2028 5355 2267 5418 diceret,
2316 5355 2595 5409 Neminem
2647 5356 2891 5425 repellit,
2924 5371 3113 5409 omnes
3142 5355 3429 5410 credentes

1826 5449 2081 5505 admittit.
2111 5447 2328 5504 Deinde.
2365 5458 2422 5502 ut
2453 5465 2518 5503 ne
2543 5448 2825 5503 videantur
2858 5450 2996 5503 inter
3018 5450 3256 5516 abjectos
3285 5465 3426 5510 esse.

1826 5541 2007 5594 subdit
2036 5559 2048 5594 :
2074 5541 2163 5595 56.
2200 5539 2416 5593 Verbum
2439 5541 2574 5609 quod
2601 5542 2734 5593 misit
2760 5542 2880 5607 ﬁliis
2913 5539 3100 5606 Israel,
3122 5542 3434 5595 annuntiims

1827 5651 2001 5704 pacem
2035 5650 2122 5702 per
2144 5632 2321 5685 Jesum
2355 5631 2612 5686 Christum
2639 5650 2654 5685 :
2689 5634 2768 5684 hic
2799 5643 2870 5686 est
2900 5635 3124 5686 omnium
3155 5633 3428 5688 Dominus.

1831 5725 1954 5778 "ac
1981 5725 2107 5777 dicit
2141 5725 2189 5776 in
2222 5726 2840 5793 pramentiumgratiam,
2864 5735 2918 5777 ut
2951 5725 3056 5777 illis
3095 5725 3433 5792 persuadeat.

1828 5816 1953 5870 Ideo
1979 5824 2168 5881 curat,
2202 5826 2262 5868 ut
2303 5815 2583 5867 (Iornclius
2627 5818 2892 5884 loquntur.
2938 5813 3189 5877 Verbum,
3221 5815 3432 5883 inquit,

1824 5911 1959 5979 quod
1990 5909 2127 5966 misit
2173 5909 2297 5979 [iliis
2322 5907 2510 5965 lsrael.
2547 5908 2705 5977 Vide,
2735 5907 3078 5965 illis‘ittterim
3115 5908 3203 5963 dat
3239 5924 3431 5979 pra-ro-
