4088 6326
112 443 183 495 ικι

110 555 324 608 maxime
347 545 476 604 illos
508 544 747 602 terrebat
780 559 792 595 :
827 538 951 606 Ipse
986 544 1058 589 est
1080 575 1095 600 ,
1124 532 1210 602 qui
1237 527 1537 584 constitutus
1578 531 1650 574 est
1676 537 1707 572 a

113 651 200 704 Deo
227 645 392 713 iudex
418 644 651 697 vivarum
673 649 720 692 et
749 643 1086 689 mortuorum.
1121 626 1257 681 Hinc
1298 620 1543 691 sequitur
1569 615 1706 670 vali-

108 745 221 799 dum
268 747 655 810 argumentum
691 748 721 786 a
761 723 1041 800 prophetis
1083 741 1096 778 :
1130 719 1207 775 illi
1247 719 1389 772 enim
1424 714 1711 810 in‘-tnagiia

109 806 502 888 existimatione
525 834 699 881 erant.
727 818 866 875 Huic
886 831 1059 870 omnes
1089 809 1350 882 praphelte
1373 806 1715 858 testimonium

113 926 389 994 perhibent.
428 919 723 987 Postquam
758 913 950 966 timore
979 901 1275 976 perculsit,
1322 907 1452 950 tunc
1476 890 1715 994 :eniarq

115 979 329 1081 inducit,
363 1031 472 1069 non
500 979 712 1070 ab-ilio,
741 1004 833 1060 sed
864 1018 893 1056 a
923 997 1201 1070 prephetis
1223 993 1442 1044 dictam.
1476 984 1542 1040 Et
1569 979 1715 1081 quod

115 1072 348 1164 terribile
374 1115 514 1169 erat,
544 1101 612 1155 ab
641 1099 772 1162 illo;
803 1093 944 1166 quod
977 1099 1156 1144 autem
1189 1082 1393 1144 mitius,
1423 1093 1454 1132 a
1487 1072 1721 1146 prophe-

115 1207 168 1258 tis
195 1199 667 1274 proficiscebatur.
696 1193 971 1259 Quotquot
1000 1185 1139 1238 hanc
1165 1174 1541 1274 remissionem
1582 1180 1717 1274 c‘on:

117 1259 319 1366 seq-unti
349 1297 484 1347 estis
507 1329 523 1355 ,
571 1293 831 1356 quotquot
862 1280 1020 1334 fidem
1065 1272 1206 1328 nacti
1243 1269 1373 1322 estis
1398 1283 1413 1332 ;
1437 1277 1562 1318 cum
1591 1259 1719 1314 doni

117 1365 538 1459 magnitudinem
569 1376 900 1436 didiceritis,
932 1373 1180 1432 obsecro,
1219 1365 1354 1459 date,
1380 1372 1623 1459 opera-tn,
1652 1367 1721 1408 ne

119 1449 524 1536 hem-factorem
591 1468 915 1526 contumelia
981 1461 1250 1517 alliciatis.
1323 1449 1719 1508 RemiSsionem

121 1586 350 1641 namque
377 1564 702 1633 consequuti
731 1575 938 1622 smnus,
968 1572 1073 1609 non
1104 1563 1161 1608 ut
1186 1549 1486 1606 deteriores
1516 1539 1722 1597 efﬁcia-

121 1679 251 1724 mur,
286 1660 387 1714 sed
415 1665 473 1712 ut
500 1657 671 1709 multo
695 1652 948 1707 meliores
975 1658 1027 1703 et
1058 1642 1478 1715 prmstantiores.

183 1754 328 1808 Deus
351 1767 455 1804 non
479 1759 553 1802 est
581 1763 736 1800 causa
764 1742 1035 1797 mulorum.
1064 1765 1135 1778 ——
1164 1735 1334 1790 Nemo
1361 1731 1522 1802 igitur
1545 1727 1724 1789 dicat,

123 1848 286 1901 Deum
311 1857 438 1898 esse
464 1839 622 1895 nobis
641 1850 862 1893 causam
889 1833 1175 1894 malorum,
1205 1825 1348 1899 quod
1381 1838 1487 1878 nou
1518 1819 1724 1891 puniat,

122 1953 211 1992 nec
260 1933 587 2004 supplicium
634 1929 854 1984 inferat.
899 1927 991 1980 hic
1030 1923 1173 1978 enim
1216 1919 1369 1983 mihi,
1399 1918 1444 1972 si
1477 1914 1729 1984 princeps

122 2030 387 2099 quispiam
431 2034 646 2093 captum
695 2016 1020 2075 homicidam
1060 2012 1353 2075 dimiserit,
1385 2024 1450 2061 an
1493 2020 1728 2076 sequen-

123 2126 248 2176 tium
302 2120 538 2176 cmdium
587 2125 776 2171 auctor
817 2127 939 2168 esse
977 2105 1344 2181 judicabitur?
1383 2103 1621 2157 Minime.
1669 2099 1734 2151 Et

123 2213 431 2282 quomodo,
461 2211 588 2266 dum
631 2208 810 2277 impiis
855 2207 1051 2275 linguis
1093 2201 1354 2256 audemus
1391 2197 1502 2251 Deo
1541 2202 1733 2248 contu-

126 2307 341 2360 meliam
387 2303 622 2366 inferre,
654 2316 761 2354 non
794 2298 1076 2358 timemus,
1111 2308 1211 2347 nec
1253 2283 1734 2345 exhorrescimns?

125 2399 257 2465 Quid
289 2396 438 2452 enim
467 2411 574 2449 non
599 2393 818 2450 dicent?
838 2389 964 2460 quid
989 2403 1092 2442 non
1122 2382 1446 2454 loquentur?
1474 2380 1593 2449 Ipse
1615 2393 1734 2447 per-

127 2493 290 2555 misit,
319 2490 573 2560 inquiunt
601 2505 614 2542 :
639 2486 922 2556 oportebat
946 2483 1091 2538 enim
1123 2481 1316 2552 dignos
1337 2476 1606 2548 supplicio
1629 2491 1736 2528 non

130 2583 422 2645 honorare,
473 2597 580 2634 non
624 2592 910 2644 compare,
936 2591 1042 2629 non
1094 2575 1325 2644 primatu
1357 2568 1596 2638 dignari,
1641 2565 1738 2620 sed

132 2677 322 2743 mnire
344 2685 402 2728 et
426 2674 642 2737 ulcisci;
681 2671 769 2725 ille
796 2684 925 2725 vero
953 2678 1162 2731 contra,
1187 2667 1314 2720 dum
1342 2663 1464 2718 illos
1489 2662 1738 2723 honorat,

130 2766 266 2821 tales
300 2767 449 2835 ipsos
478 2763 663 2820 efficit.
695 2763 790 2828 Ne,
821 2776 1004 2834 qumso
1033 2768 1088 2815 et
1113 2773 1231 2821 oro,
1265 2771 1334 2812 ne
1355 2754 1618 2825 quispiam
1648 2766 1745 2805 no-

132 2871 298 2912 strum
335 2858 501 2912 talem
541 2859 754 2911 emittat
791 2872 1000 2910 vocem.
1036 2853 1219 2908 Satius
1248 2851 1406 2906 fuerit
1442 2848 1745 2903 sexcenties

133 2952 337 3014 defodi,
362 2966 522 3020 quant
551 2950 720 3004 Deum
752 2965 848 3018 per
878 2962 975 3002 nos
1003 2947 1127 3000 talia
1154 2945 1360 2998 audire.
1393 2941 1648 2996 Dicebant
1671 2937 1746 2990 illi

135 3057 186 3099 et
222 3045 403 3100 Judmi
439 3061 454 3098 :
502 3043 604 3110 Qui
643 3043 862 3096 destrui:
899 3041 1177 3110 templum,
1210 3048 1257 3092 et
1294 3037 1346 3090 in
1379 3035 1537 3090 tribus
1572 3033 1748 3085 diebus

136 3137 426 3204 retudi/ica:
466 3135 616 3198 illud,
651 3133 793 3188 salva
821 3135 1173 3194 temetipsum;
1199 3138 1253 3183 et
1285 3143 1494 3182 rursum
1524 3143 1536 3179 :
1566 3124 1626 3180 Si
1655 3122 1748 3176 Fi-

138 3230 232 3280 lius
272 3226 374 3280 Dei
419 3243 503 3290 es,
538 3224 785 3280 descende
811 3226 875 3278 de
899 3239 1050 3277 cruce
1091 3220 1302 3293 (Matth.
1341 3219 1436 3273 27.
1479 3216 1595 3286 40).
1642 3213 1751 3269 Sed

139 3322 254 3376 hmc
294 3321 406 3376 illis
451 3328 578 3373 sunt
606 3319 878 3387 graviora.
931 3315 1008 3370 Nc
1061 3315 1240 3383 itaque
1292 3326 1390 3382 per
1446 3324 1544 3364 uos
1593 3309 1754 3362 liceat

139 3413 314 3482 ipsum
361 3412 468 3466 dici
502 3410 794 3478 iniquitatis
825 3408 1101 3462 doctorem
1126 3447 1140 3469 ,
1176 3419 1351 3473 neque
1379 3418 1447 3456 ex
1483 3402 1614 3472 ipsis
1636 3400 1754 3452 hla-

138 3505 409 3572 Sphemiis
439 3502 704 3573 supplicio
733 3499 956 3554 obnoxii
980 3497 1282 3552 efficiamur
1315 3496 1460 3564 (nam
1494 3494 1587 3552 ait,
1622 3490 1757 3544 Pro—

143 3608 251 3663 pter
292 3613 380 3649 vos
411 3612 592 3648 nomen
619 3610 786 3648 meum
814 3594 1198 3663 blasphematur
1233 3591 1287 3642 in
1315 3587 1544 3658 gentibus
1576 3584 1754 3657 [Rom.

139 3691 192 3743 2.
216 3688 316 3762 24]
346 3692 364 3758 )
402 3706 415 3740 :
444 3687 637 3741 demus
666 3701 917 3755 operam,
951 3694 1007 3738 ut
1051 3681 1321 3738 contraria
1365 3679 1639 3737 dicantur,
1672 3675 1756 3727 di-

143 3799 303 3850 gnam
349 3782 637 3835 vocatione
680 3789 860 3832 nostra
893 3777 1054 3830 vitam
1085 3774 1366 3837 ducentes,
1405 3782 1460 3825 et
1482 3771 1549 3824 ad
1585 3768 1760 3836 bapti-

141 3891 261 3929 sma
293 3873 613 3945 adoptionis
651 3871 990 3926 accedentes.
1029 3867 1166 3921 Vere
1199 3880 1432 3934 namque
1459 3876 1649 3931 magna
1677 3869 1763 3914 est

144 3971 224 4022 vis
253 3966 536 4036 baptismi,
561 3980 680 4034 qua:
703 3963 827 4017 doni
852 3969 1132 4015 consortes
1154 3959 1290 4011 alios
1315 3972 1379 4009 ex
1411 3955 1530 4008 aliis
1554 3951 1721 4007 efficit
1745 3966 1760 4004 :

145 4075 253 4112 non
306 4059 438 4113 sinit
485 4057 732 4110 homines
761 4069 885 4108 esse
932 4050 1199 4103 homines.
1248 4048 1390 4109 Fac,
1446 4054 1503 4099 ut
1547 4042 1766 4112 gentilis

144 4153 340 4209 credat
373 4165 624 4219 magnam
651 4162 772 4203 esse
798 4146 1028 4212 Spiritus
1058 4143 1328 4203 virtutem,
1358 4155 1477 4209 qua:
1506 4134 1762 4190 transfor-

143 4255 283 4306 niet,
309 4259 436 4314 qua:
469 4251 812 4295 transmntet.
842 4237 949 4292 Cur
970 4246 1243 4290 extremos
1266 4233 1463 4286 halitus
1484 4238 1769 4297 exspectas

147 4347 205 4390 ut
255 4336 538 4406 fugitivus,
590 4341 647 4386 ut
685 4332 1002 4391 sceleratus,
1050 4337 1104 4380 ut
1145 4327 1236 4396 qui
1281 4339 1386 4378 non
1427 4322 1628 4376 debeas
1657 4318 1770 4374 Deo

148 4428 382 4482 vivere?
414 4441 512 4479 cur
541 4426 609 4476 ita
641 4422 863 4476 affectus
894 4437 973 4483 es,
1007 4434 1069 4472 ac
1099 4418 1144 4471 si
1176 4416 1528 4469 inhumanum
1561 4419 1614 4465 et
1643 4426 1768 4464 cru-

146 4524 332 4577 delent
359 4522 592 4575 haberes
624 4515 953 4570 Dominum?
985 4511 1112 4581 quid
1142 4509 1382 4579 frigidius
1405 4550 1418 4571 ,
1449 4506 1575 4576 quid
1607 4504 1773 4558 mise-

149 4615 389 4668 rabilius
439 4612 539 4675 iis,
582 4609 673 4677 qui
718 4617 844 4660 tunc
877 4606 1139 4673 baptisma
1181 4602 1450 4669 accipiunt
1473 4599 1496 4650 ἰ’
1527 4598 1773 4652 Amicum

149 4717 202 4758 te
251 4704 388 4758 fecit
430 4700 596 4764 Deus,
639 4711 691 4752 et
735 4696 986 4751 omnibus
1015 4695 1264 4764 dignatus
1293 4703 1374 4745 est
1407 4692 1581 4755 bonis,
1626 4698 1684 4743 ut
1721 4697 1778 4744 et

149 4798 271 4868 ipse
296 4811 397 4869 ea,
417 4809 539 4865 qua:
565 4791 723 4846 amici
751 4801 897 4856 sunt,
923 4788 1200 4850 exhibeas.
1232 4786 1324 4841 Dic
1347 4785 1498 4850 mihi,
1523 4785 1566 4839 si
1591 4800 1779 4854 quem-

150 4893 301 4957 piam
352 4885 569 4955 injuriis
608 4893 661 4937 et
703 4883 912 4952 probris
943 4881 1216 4935 affecisses
1244 4879 1622 4946 sexcentisque
1649 4891 1779 4930 coo-

151 4981 316 5034 viciis
347 4991 666 5042 ouerasses,
696 4985 750 5029 et
781 4977 831 5028 in
864 4991 1054 5028 manus
1094 4975 1210 5042 ejus
1239 4971 1563 5026 incidentem
1610 4981 1660 5024 te
1692 4969 1782 5022 ille

152 5072 412 5127 vicissim
461 5069 778 5131 honorat-et,
827 5079 883 5121 et
928 5082 1147 5119 suorum
1198 5065 1436 5117 omnium
1470 5072 1780 5116 consortem

150 5165 397 5226 faceret,
429 5169 484 5216 et
516 5162 656 5214 inter
684 5161 885 5212 amicos
916 5174 1014 5228 pro
1042 5157 1206 5211 illatis
1234 5155 1441 5223 iniuriis
1471 5164 1521 5208 te
1549 5170 1782 5209 corona-

155 5265 267 5319 ret,
305 5264 474 5322 teque
508 5262 563 5305 ut
592 5265 910 5320 germanum
942 5248 1109 5303 filium
1149 5250 1346 5302 habere
1370 5248 1595 5312 diceret,
1629 5247 1786 5301 dein-

156 5345 351 5413 deque
381 5343 563 5397 subito
605 5353 907 5397 moreretur
941 5359 954 5394 :
983 5356 1162 5394 annon
1196 5340 1450 5394 damnum
1499 5339 1626 5392 illud
1666 5355 1789 5393 esse

157 5435 564 5491 existimares?
595 5449 773 5488 annon
806 5435 1037 5496 diceres,
1075 5433 1278 5487 Vellem
1313 5433 1462 5486 ίΙΙιιιιι
1493 5433 1700 5497 vivere,
1734 5442 1792 5484 ut

159 5547 393 5600 possem
444 5531 618 5584 vicem
671 5529 899 5584 reddere
948 5545 1011 5582 ac
1056 5529 1374 5597 rependere,
1429 5543 1497 5581 ne
1552 5528 1792 5596 ingratus

158 5641 298 5696 erga
351 5624 760 5679 benefactorum
804 5624 1064 5677 viderer?
1093 5622 1208 5676 Jam
1243 5624 1319 5676 sic
1356 5637 1481 5690 erga
1517 5622 1790 5694 hominem

159 5720 406 5772 affectus
444 5731 547 5780 es;
581 5726 636 5770 et
674 5732 796 5770 cum
828 5716 896 5770 de
929 5716 1036 5770 Deo
1064 5717 1260 5785 agitur,
1307 5716 1374 5768 ita
1408 5713 1674 5769 decedere
1703 5729 1796 5767 cu-

161 5826 282 5874 ras,
341 5820 400 5863 ut
431 5821 508 5865 tot
551 5826 838 5865 munerum
885 5810 1058 5865 datori
1107 5813 1277 5865 vicem
1328 5827 1435 5864 non
1486 5809 1794 5880 rependas?

164 5903 314 5969 Quin
369 5904 541 5971 potius
577 5913 704 5957 tunc
733 5902 951 5968 accede,
995 5919 1115 5958 eum
1162 5915 1316 5975 potes
1359 5905 1502 5976 paria
1548 5903 1792 5958 reddere.

1065 418 1131 474 IN
1171 415 1349 471 ACTA
1391 403 1919 468 APOSTULORUM.
1963 402 2197 459 llOMlL.
2245 404 2436 459 XXIII.

3326 407 3428 468 182

1817 517 1925 571 Cur
1952 514 2132 587 fugis?
2171 518 2365 583 Etiam,
2395 519 2644 589 inquies;
2679 520 2773 575 sed
2799 537 2905 576 non
2938 538 3154 593 possum
3183 541 3268 580 me
3295 541 3430 581 con-

1818 611 2012 666 tinere.
2041 612 2184 682 Ergo
2215 612 2568 682 impossibilia
2601 618 2851 685 praecepit
2885 617 3061 672 Deus?
3091 618 3228 674 llinc
3250 621 3430 676 omnia

1817 706 2076 760 subversa
2105 716 2251 774 sunt,
2277 708 2401 764 hinc
2426 708 2659 764 mundus
2686 721 2974 780 corruptus
2996 721 3099 776 est,
3124 713 3246 782 quia
3275 728 3438 768 nemo

1833 808 1972 853 :urat
2009 801 2306 854 secundum
2342 801 2506 854 Deum
2547 803 2751 858 vivere.
2782 805 3166 860 Catechmueni
3206 806 3307 861 hoc
3343 821 3440 860 cu-

1823 901 2006 946 rantes
2033 933 2048 956 ,
2081 893 2288 946 nullam
2332 893 2400 947 de
2431 904 2576 948 recta
2611 897 2715 949 vita
2757 895 2958 950 habent
2984 897 3437 963 Sollicitudinem;

1823 988 1912 1053 qui
1943 999 2071 1039 vero
2097 986 2207 1054 jam
2238 997 2364 1040 sunt
2393 987 2699 1055 illuminati,
2731 989 2923 1043 horum
2955 990 3068 1052 alii,
3102 992 3224 1064 quia
3265 991 3442 1046 adhuc

1824 1089 1945 1128 cum
1993 1077 2144 1144 pueri
2196 1087 2380 1132 essent
2430 1078 2696 1148 baptisma
2744 1092 3103 1149 acceperunt;
3146 1082 3272 1144 alii,
3317 1084 3440 1153 quia

1825 1165 2145 1222 differebant
2177 1178 2231 1223 et
2261 1170 2314 1222 in
2341 1168 2535 1224 morbo
2565 1171 2783 1225 denmm
2832 1172 2885 1226 id
2927 1183 3287 1243 acceperunt,
3320 1175 3442 1240 quia

1829 1260 2035 1314 nullum
2069 1260 2340 1317 habebant
2379 1263 2616 1318 studium
2649 1265 2865 1319 vivendi
2899 1265 3200 1320 secundum
3233 1268 3402 1320 Deum
3426 1308 3440 1328 ,

1829 1367 2004 1422 neque
2058 1353 2112 1407 hi
2157 1353 2386 1408 studiosi
2436 1364 2598 1421 sunt;
2647 1357 2738 1425 qui
2787 1367 2967 1410 autem
3013 1359 3155 1412 bene
3205 1359 3447 1412 valentes

1827 1455 2176 1514 acceperunt,
2214 1462 2398 1515 parum
2429 1458 2483 1502 et
2513 1448 2612 1516 ipsi
2661 1447 2824 1502 studii
2865 1448 3144 1512 exhibent,
3179 1458 3233 1503 et
3265 1450 3446 1502 statim

1830 1538 2082 1593 ardentes
2118 1539 2330 1605 effecti,
2367 1552 2550 1608 postea
2596 1550 2650 1595 et
2697 1541 2796 1609 ipsi
2842 1542 3017 1610 ignem
3046 1543 3446 1596 exstinxertmt.

1832 1633 2026 1685 Annon
2061 1642 2213 1700 potes
2245 1634 2550 1701 negotiari?
2575 1648 2641 1686 an
2672 1634 2741 1687 ab
2764 1650 2935 1687 uxore
2963 1643 3014 1687 te
3041 1632 3261 1702 separo?
3285 1636 3323 1685 Α
3353 1632 3453 1685 for-

1834 1726 2103 1779 nicatione
2125 1725 2368 1781 secludo.
2399 1725 2533 1780 Num
2562 1741 2589 1778 a
2622 1728 2972 1795 pecuniarum
3005 1742 3102 1779 usu
3130 1725 3335 1779 arceo?
3369 1725 3452 1778 Ah

1835 1819 2057 1872 avaritia
2107 1829 2311 1872 tantum
2363 1830 2418 1892 et
2461 1822 2669 1889 rapina.
2715 1821 2853 1874 Num
2883 1835 3020 1890 eogo
3051 1832 3119 1882 te,
3173 1830 3227 1874 ut
3270 1820 3449 1873 omnia

1836 1910 2121 1965 effundas?
2154 1912 2330 1966 Pauca
2364 1922 2570 1967 tantmu
2612 1929 2676 1966 ex
2722 1912 3068 1967 facultatibus
3105 1912 3290 1982 egenis
3331 1928 3453 1965 ero:

1838 2020 1963 2074 gare
1987 2004 2153 2074 juheo
2185 2004 2539 2071 (Abundantia
2569 2016 2756 2070 vestra,
2788 2005 2980 2076 inquit,
3003 2005 3072 2056 ad
3119 2004 3328 2058 illorum
3371 2008 3455 2058 iu-

1838 2097 2007 2164 Opiam
2031 2096 2105 2168 [2.
2133 2097 2250 2151 Cor.
2272 2098 2325 2152 8.
2355 2097 2565 2171 H]):ac
2587 2114 2761 2166 neque
2791 2101 2859 2151 ita
2885 2100 3292 2168 persuademus.
3318 2097 3455 2152 Num

1839 2191 1903 2245 ad
1929 2190 2280 2260 jejunandum
2311 2193 2601 2262 cogimus?
2631 2194 2959 2248 Ebrietatem
2988 2204 3042 2248 et
3080 2194 3259 2264 gulam
3309 2193 3460 2247 cohi-

1842 2285 2052 2339 hemus.
2101 2285 2192 2339 Illa
2238 2297 2580 2355 amputanms
2624 2304 2743 2357 qua:
2778 2288 2868 2340 tibi
2904 2288 3288 2355 turpitudinem
3331 2287 3462 2341 affe-

1841 2388 1968 2432 runt
1994 2395 2005 2431 :
2031 2395 2151 2447 qua:
2173 2380 2395 2433 velante
2421 2379 2724 2450 gehennam
2752 2379 3460 2449 fugit-udaetodiohabenda

1842 2483 1965 2523 esse
2005 2479 2059 2522 tu
2108 2471 2223 2538 ipse
2260 2471 2466 2525 fateris.
2504 2471 2642 2526 Num
2683 2474 2751 2526 ab
2789 2473 3148 2527 oblectatione
3177 2482 3231 2526 et
3264 2472 3464 2542 gaudio

1845 2562 2038 2613 arceo?
2063 2564 2101 2612 Α
2129 2562 2267 2630 turpi
2291 2574 2440 2616 certe
2471 2571 2524 2615 et
2547 2564 2784 2633 indigno.

1918 2654 1974 2707 4.
2016 2653 2154 2719 Quid
2197 2653 2400 2708 times?
2428 2654 2555 2724 quid
2586 2655 2889 2709 formidas?
2920 2654 3061 2724 Quid
3105 2655 3328 2710 tretnis?
3357 2655 3462 2712 Ubi

1848 2749 2202 2812 connuhium,
2233 2748 2320 2802 ubi
2359 2763 2520 2818 opum
2553 2749 2800 2814 facultas,
2835 2749 2922 2802 ubi
2955 2749 3267 2804 moderatus
3289 2749 3465 2811 cibus,

1850 2856 1970 2910 quae
1997 2841 2203 2910 peccati
2230 2841 2444 2894 occasio
2475 2842 2592 2894 est?
2628 2841 2790 2910 Atqui
2832 2843 3002 2896 exteri
3046 2842 3316 2896 contraria
3365 2844 3468 2895 im-

1855 2942 2067 3002 perant,
2102 2944 2155 2986 et
2183 2933 2313 3001 ipsis
2344 2933 2772 3002 obtemperatur.
2802 2933 2917 2988 Non
2948 2936 3091 2989 enim
3132 2951 3196 2988 ex
3229 2935 3315 2996 iis,
3349 2950 3471 3004 quae

1854 3036 2187 3098 suppetunt,
2229 3029 2485 3097 exigunt;
2530 3029 2624 3082 sed
2657 3029 2862 3093 dicunt,
2891 3029 3122 3083 Tantum
3154 3033 3283 3082 dare
3310 3043 3474 3098 Opor-

1858 3133 1932 3176 tet
1976 3140 1989 3174 :
2033 3122 2080 3176 si
2125 3133 2492 3192 paupertatem
2524 3123 2808 3188 ohtendas,
2855 3139 3030 3192 neque
3075 3123 3152 3176 sic
3182 3124 3473 3179 desistunt.

1855 3215 2107 3272 Christus
2133 3225 2313 3270 autem
2345 3232 2451 3270 nou
2497 3217 2574 3271 sic
2601 3234 2614 3280 ;
2645 3215 2740 3270 sed
2785 3218 2881 3282 ait,
2927 3215 3009 3269 Ex
3052 3217 3116 3272 iis
3157 3234 3278 3288 quae
3310 3216 3478 3273 habes

1859 3309 2007 3373 dato,
2037 3317 2199 3376 teque
2231 3310 2281 3361 in
2312 3310 2487 3377 primo
2515 3309 2707 3363 ordine
2728 3311 3076 3363 constituam.
3113 3310 3343 3364 Rursum
3375 3311 3476 3376 illi,

1861 3399 1916 3453 Si
1947 3400 2050 3465 vis,
2084 3401 2255 3462 aiunt,
2291 3400 2471 3453 clarus
2500 3413 2642 3462 esse,
2675 3399 2924 3469 relinque
2956 3409 3186 3468 patrem,
3227 3412 3478 3466 matrem,

1862 3504 2140 3562 cognatos,
2175 3492 2528 3558 domesticos,
2569 3501 2625 3545 et
2661 3493 2712 3546 in
2745 3493 2887 3560 regia
2920 3493 3131 3557 adesto,
3169 3495 3220 3548 in
3255 3495 3437 3549 labore
3461 3537 3476 3558 .

1865 3587 2107 3648 miseria,
2131 3588 2412 3645 servitute.
2435 3588 2694 3641 mrnnmis
2710 3590 3092 3658 sexcentisque
3115 3590 3273 3643 itmlis
3298 3608 3311 3644 :
3333 3589 3482 3643 Chri-

1865 3689 1980 3732 stus
2007 3695 2137 3732 vero
2160 3695 2266 3733 non
2296 3679 2390 3742 sic,
2424 3681 2517 3734 sed
2537 3721 2551 3744 ,
2577 3679 2708 3734 Esto
2739 3679 2883 3733 domi
2913 3696 3035 3736 cum
3068 3697 3235 3736 uxore
3262 3691 3316 3735 et
3345 3682 3483 3741 lihe-

1866 3771 1963 3832 ris,
1989 3782 2039 3825 et
2068 3772 2146 3825 sic
2202 3781 2292 3824 tua
2340 3772 2589 3840 diSpone,
2636 3781 2693 3826 ut
2731 3773 2913 3843 quiete
2961 3783 3009 3826 et
3065 3774 3183 3826 sine
3230 3773 3487 3843 periculis

1869 3865 2033 3918 vivas.
2067 3865 2264 3930 Etiam,
2291 3865 2522 3935 inquies,
2552 3866 2645 3920 sed
2679 3867 2771 3920 ille
2805 3882 2937 3936 opes
2965 3866 3298 3936 pollicetur?
3325 3868 3485 3937 Atqui

1873 3957 1959 4012 hic
2001 3973 2224 4026 regnum
2275 3959 2558 4027 promittit,
2611 3958 2720 4012 imo
2768 3969 2822 4013 et
2867 3975 2996 4029 opes
3039 3975 3161 4013 cum
3193 3960 3325 4017 illo:
3362 3976 3488 4014 tiam

1871 4051 1944 4103 ait
1977 4067 1988 4102 :
2027 4049 2249 4114 Quarile
2295 4050 2515 4119 primunt
2546 4067 2759 4121 regnum
2789 4052 3030 4105 caelorum
3056 4093 3070 4116 ,
3101 4061 3148 4104 et
3180 4051 3288 4104 lucc
3318 4052 3492 4104 omnia

1874 4143 2183 4211 adjicientur
2218 4145 2354 4196 vobis
2385 4143 2402 4213 (
2430 4143 2618 4196 Matth.
2653 4143 2705 4197 6.
2745 4144 2877 4212 55).
2912 4144 3001 4198 Ille
3034 4163 3100 4198 ne
3133 4146 3184 4199 in
3215 4147 3490 4214 augmenti

1874 4234 2090 4302 quidem
2125 4243 2367 4302 partem,
2413 4235 2500 4289 hic
2541 4251 2668 4288 vero
2709 4235 3116 4289 antecedenter.
3159 4235 3349 4288 Junior
3395 4238 3490 4304 fui,

1878 4327 2080 4396 inquit;
2116 4329 2297 4381 etenim
2338 4330 2480 4381 senui
2509 4347 2526 4382 .'
2556 4339 2600 4382 et
2633 4345 2732 4381 non
2775 4329 2878 4380 ridi
2915 4330 3112 4396 jusmm
3155 4329 3451 4383 derelictum
3475 4371 3492 4390 .

1879 4438 1970 4475 nec
2000 4437 2167 4476 semen
2193 4424 2304 4491 ejus
2333 4439 2566 4491 qurerens
2594 4439 2776 4492 panem
2801 4422 2970 4492 (Psal.
3004 4424 3089 4476 5b.
3121 4423 3236 4494 ‘25).
3271 4424 3498 4493 Incipia-

1881 4529 2002 4568 mus
2033 4530 2164 4584 ergo
2198 4515 2424 4568 virtutes
2457 4515 2628 4577 adire,
2664 4516 2871 4568 initium
2904 4531 3199 4582 ponamus,
3238 4516 3379 4569 illam
3407 4533 3498 4570 so-

1882 4606 1986 4659 lam
2019 4607 2397 4674 suscipiamns,
2429 4615 2483 4659 et
2514 4606 2720 4659 videbis
2747 4607 2924 4675 qualia
2953 4608 3112 4661 liena.
3136 4607 3272 4660 Num
3297 4608 3502 4677 absque

1883 4697 2070 4752 labore
2101 4698 2187 4751 illa
2216 4698 2459 4766 operaris
2481 4741 2495 4762 ,
2539 4700 2627 4768 qui
2659 4699 2712 4752 in
2741 4700 2823 4751 his
2866 4699 2933 4751 ita
2969 4700 3145 4752 mollis
3175 4700 3274 4752 es?
3302 4699 3500 4762 Etiam,

1887 4788 2118 4858 inquies,
2150 4789 2236 4842 illa
2261 4790 2379 4843 sine
2405 4790 2607 4854 labore,
2636 4791 2749 4843 lure
2770 4805 2890 4843 cum
2917 4790 3120 4845 labore.
3149 4793 3332 4858 Apage
3357 4809 3369 4844 :
3397 4806 3502 4845 non

1889 4884 1958 4936 ita
1993 4899 2080 4938 res
2112 4893 2214 4948 est,
2248 4901 2354 4937 non
2385 4885 2457 4937 ita
2490 4886 2671 4953 utique
2698 4899 2712 4947 ;
2744 4885 2837 4939 sed
2867 4885 2909 4938 si
2942 4899 3069 4938 vere
3096 4884 3343 4937 dicamus
3367 4926 3382 4949 ,
3419 4884 3506 4938 illa

1889 4991 2008 5029 cum
2041 4975 2226 5029 labore
2257 4983 2311 5029 et
2337 4975 2540 5030 sudore
2569 4975 2758 5044 majori
2783 4992 2796 5040 ;
2829 4975 2944 5029 hare
2974 4991 3099 5029 vero
3119 5016 3134 5040 ,
3168 4975 3212 5028 si
3239 4975 3469 5029 velimus
3493 5017 3507 5041 ,

1892 5067 2045 5122 facile
2075 5067 2446 5136 perficiuntur.

1963 5159 2232 5228 Baptisma
2260 5177 2360 5213 non
2388 5158 2750 5225 diﬂ'erendum.
2786 5192 2856 5201 —
2887 5160 2963 5216 Ne
2994 5162 3320 5231 resiliamus,
3352 5179 3509 5234 rogo,

1893 5268 1920 5306 a
1949 5253 2144 5308 divinis
2179 5253 2473 5324 mysteriis.
2512 5253 2589 5309 Ne
2622 5255 2672 5308 id
2713 5263 2946 5322 spectes,
2979 5255 3122 5325 quod
3167 5258 3232 5323 is,
3264 5258 3353 5327 qui
3385 5268 3511 5310 ante

1899 5356 1949 5399 te
1982 5346 2316 5400 illuminatus
2345 5355 2450 5412 est,
2490 5347 2769 5417 improbus
2797 5349 2865 5401 sit
2894 5348 3115 5403 effectus
3147 5363 3198 5403 et
3229 5366 3258 5404 a
3289 5366 3385 5419 spe
3416 5366 3512 5405 sua

1896 5439 2181 5505 exciderit,
2220 5456 2322 5493 neu
2356 5450 2406 5494 le
2437 5442 2552 5509 ipso
2582 5424 2949 5511 segnior‘fias.
2984 5443 3116 5497 Nam
3147 5445 3288 5499 inter
3317 5446 3516 5500 milites

1901 5531 2149 5587 videmus
2196 5530 2349 5598 alios,
2398 5534 2488 5603 qui
2534 5549 2638 5586 non
2683 5546 2905 5590 strenue
2949 5536 3132 5590 militia
3181 5536 3512 5607 funguntur,

1902 5624 2037 5677 alios
2069 5635 2247 5678 autem
2282 5627 2646 5693 conspicuos:
2696 5643 2871 5696 neque
2905 5629 3110 5699 ignavis
3137 5629 3242 5682 iliis
3278 5632 3514 5684 attendi-

1904 5733 2044 5785 mus,
2082 5719 2175 5774 sed
2211 5719 2501 5789 pra-claros
2528 5721 2868 5776 {emulamun
2921 5723 3003 5777 Ad
3051 5723 3167 5777 hare
3207 5725 3517 5791 considera,

1903 5824 2033 5880 quot
2068 5824 2184 5885 post
2221 5815 2480 5884 baptisma
2525 5816 2702 5886 angeli
2753 5833 2848 5886 pro
2886 5817 3196 5872 hominibus
3237 5819 3358 5873 facti
3387 5819 3516 5873 sint.

1906 5903 2060 5959 Time
2093 5907 2350 5961 illt‘t‘l'lillll
2384 5908 2546 5962 futuri
2578 5910 2965 5966 conditionem.
3004 5911 3070 5967 Ut
3117 5912 3199 5966 fur
3227 5925 3410 5978 noctu,
3443 5915 3521 5969 sit:
