4088 6326
645 430 747 484 185

643 558 785 596 nzors
812 539 981 592 veniet
1009 535 1082 606 (ἓ.
1113 533 1253 587 Petr.
1283 533 1334 586 5.
1373 531 1493 597 10);
1520 541 1689 596 neque
1720 527 1892 579 solum
1922 531 1977 574 ιιι
2007 522 2111 579 fur.
2135 519 2229 572 sed

641 634 790 687 nobis
821 629 1212 684 dormientibus
1245 624 1478 685 invadet,
1509 632 1564 676 et
1610 619 1944 688 negligentes
1975 614 2228 682 abripiet.

646 727 768 780 Ideo
801 725 940 779 Deus
980 721 1213 777 futurum
1247 718 1461 786 reliquit
1499 715 1784 775 incertum,
1828 719 1882 764 ut
1909 722 2123 776 semper
2162 706 2233 758 ob

643 819 905 873 incertam
929 813 1378 882 exsliectationcm
1411 810 1459 861 in
1482 807 1675 860 virtute
1691 799 2085 873 degamus.Sed
2116 799 2230 853 cle-

645 925 798 962 tuens
822 915 924 972 est,
961 906 1186 974 inquies.
1222 903 1509 969 Quousque
1532 895 1776 968 frigidum
1805 892 1928 948 illud
1956 901 2006 946 et
2038 891 2235 944 ridicu-

645 1002 754 1053 lum
795 998 994 1050 tlicttun
1043 990 1404 1061 proferemus?
1454 989 1564 1056 Ego
1603 1000 1706 1039 non
1748 983 1905 1038 modo
1946 982 2232 1051 benignum

648 1107 768 1145 esse
797 1091 958 1142 Deum
995 1087 1135 1147 dico,
1164 1083 1256 1136 sed
1295 1092 1347 1134 et
1381 1080 1506 1133 nihil
1535 1094 1655 1133 esse
1687 1077 1776 1130 illo
1808 1074 2109 1144 benignius,
2142 1072 2231 1140 qui

649 1180 848 1233 utiliter
870 1177 1046 1230 omnia
1079 1184 1260 1227 nostra
1291 1175 1586 1239 dispenset.
1633 1169 1775 1235 Quot
1810 1169 1956 1220 vides
1988 1164 2234 1218 homines

650 1289 742 1341 per
771 1285 983 1322 omnem
1026 1277 1236 1320 aetatem
1283 1263 1632 1332 elephantiasi
1686 1259 2026 1315 laborantes?
2051 1268 2174 1327 quot
2206 1273 2235 1312 a

647 1377 814 1431 prtma
852 1370 1008 1413 mtale
1039 1359 1102 1410 ad
1135 1364 1401 1410 senectam
1433 1369 1600 1422 usque
1640 1368 1810 1407 ca‘cus
1833 1393 1846 1412 ,
1879 1352 2015 1407 alios
2053 1359 2234 1418 postea

646 1471 818 1509 εει-(ξοδ
863 1453 1051 1514 factos,
1081 1450 1214 1504 alios
1259 1450 1308 1500 in
1343 1456 1656 1516 paupertate
1678 1489 1692 1510 ,
1727 1447 1862 1498 alios
1899 1445 1950 1496 in
1988 1443 2234 1505 vinculis,

648 1548 782 1598 alios
812 1546 862 1598 in
893 1543 1140 1604 metallis,
1165 1541 1302 1594 alios
1343 1539 1469 1592 inibi
1491 1538 1904 1594 contumulatos.
1929 1537 2068 1590 alios
2099 1535 2238 1589 bello

650 1636 1037 1703 interemptus?
1068 1639 1486 1702 .-\tn'ion,qu:eso,
1523 1630 1637 1684 hzec
1665 1645 1731 1684 ex
1763 1629 2091 1698 benignitate
2117 1641 2239 1696 pro-

653 1727 997 1782 ﬁciscuntur?
1024 1742 1200 1778 annon
1228 1726 1339 1778 ha-c
1370 1731 1576 1792 poti-rat
1599 1723 1858 1790 impedire
1884 1721 1926 1774 si
1952 1719 2239 1774 voluisset?

650 1820 743 1874 sed
774 1821 1034 1888 pertnisit.
1069 1819 1260 1873 Etiam.
1288 1817 1512 1884 inquies.
1539 1814 1618 1868 Tu
1643 1830 1769 1867 vero
1791 1813 1877 1867 dic
1901 1811 2050 1876 mihi,
2074 1817 2240 1881 quare

648 1910 865 1978 quidam
898 1925 999 1962 non
1031 1924 1058 1961 a
1092 1909 1256 1975 prima
1301 1918 1458 1961 nitate
1487 1906 1656 1959 czeci?
1699 1905 1811 1959 Non
1839 1905 2038 1964 dicam,
2065 1902 2240 1956 donec

653 2001 954 2069 pollit‘cat'is
999 2000 1125 2053 tuihi
1161 2011 1211 2053 te
1243 1998 1648 2053 illuminandum
1676 2013 1797 2052 esse
1824 2037 1837 2059 ,
1870 2009 1924 2049 et
1966 1996 2240 2049 illumina-

659 2102 768 2147 ttnn
799 2102 944 2147 recte
975 2095 1136 2146 vitam
1170 2092 1532 2146 instituturum
1566 2105 1704 2146 esse.
1745 2089 1858 2143 Non
1891 2089 2009 2143 licet
2038 2088 2129 2142 tibi
2159 2099 2240 2140 ta-

650 2183 717 2236 lia
750 2185 961 2237 solvere
989 2198 1003 2238 :
1036 2198 1207 2251 neque
1236 2183 1378 2235 enim
1427 2182 1710 2249 voluptatis
1735 2179 1901 2250 gratia
1932 2193 2110 2233 sermo
2135 2187 2237 2232 est.

650 2274 780 2328 Nam
809 2274 934 2328 licet
961 2274 1096 2326 hanc
1125 2273 1348 2334 siilvam,
1378 2273 1478 2324 alia
1505 2272 1755 2325 succedet
1781 2271 2008 2340 qurestio
2039 2289 2053 2326 :
2086 2270 2245 2341 abys-

650 2380 742 2420 sus
768 2367 909 2419 enim
939 2364 1290 2433 qua-stiOuum
1317 2375 1396 2417 cst
1416 2362 1710 2430 Scriptura.
1731 2361 1908 2427 Quare
1936 2377 2039 2414 non
2068 2360 2242 2414 solutn

654 2474 720 2510 tte
745 2456 1107 2509 assuefaciatis
1130 2471 1243 2519 vos,
1279 2464 1333 2507 ιιι
1361 2454 1680 2508 solutionem
1705 2453 1977 2522 qttmratis,
2004 2451 2098 2506 sed
2121 2467 2238 2506 om-

653 2550 802 2611 nino,
837 2559 892 2601 ιιι
924 2564 989 2601 ne
1021 2550 1270 2615 quzeratis
1303 2566 1312 2599 :
1346 2547 1578 2616 alioquin
1631 2563 1918 2613 numquam
1949 2545 2068 2599 ﬁnis
2098 2561 2243 2615 qtae-

651 2641 881 2692 stiunmn
910 2641 1029 2693 erit.
1061 2639 1189 2699 Nam
1213 2641 1255 2691 si
1292 2640 1425 2692 hanc
1449 2637 2243 2706 solvam,milleqtnestionibus

657 2730 792 2782 viam
839 2731 1096 2798 aperiam.
1134 2730 1285 2784 Unde
1323 2730 1591 2784 discamus
1624 2731 1792 2799 magis
1834 2731 1934 2783 hoc
1975 2745 2237 2799 quaerere,

652 2836 809 2887 quam
840 2821 1060 2887 quaesita
1089 2824 1318 2874 solvere.
1351 2820 1532 2890 Neque
1559 2823 1699 2876 enim
1731 2823 1773 2875 si
1804 2823 2090 2884 solvamus,
2127 2837 2245 2875 om-

651 2911 779 2964 nino
807 2911 1097 2975 solvimus;
1126 2915 1218 2964 sed
1256 2915 1548 2966 secundum
1581 2914 1869 2966 humanum
1904 2913 2239 2967 ratiocinium

651 3005 864 3072 propria
890 3004 1074 3058 talimn
1099 3005 1293 3058 solutio
1326 3005 1455 3059 litlcs
1494 3016 1607 3070 est;
1649 3007 1788 3060 scire
1826 3021 2036 3076 nempe,
2077 3007 2239 3060 Deum

655 3097 832 3148 omnia
859 3096 1032 3161 juste,
1077 3097 1302 3165 benigne
1332 3107 1385 3151 et
1419 3098 1620 3150 utiliter
1653 3096 1848 3160 facere,
1879 3111 2052 3167 neque
2083 3112 2242 3166 posse

656 3185 773 3250 ejus
829 3187 1086 3240 rationem
1139 3189 1542 3256 comprehendi.
1597 3188 1721 3242 Haec
1759 3204 1860 3242 una
1901 3190 2096 3244 solutio
2133 3199 2237 3254 est,

652 3293 821 3346 nequ:
850 3279 950 3330 alia
985 3280 1176 3333 melior
1221 3283 1465 3339 habetur.
1499 3282 1629 3347 Qua:
1660 3283 1824 3345 enim,
1856 3297 2058 3351 quaeso,
2091 3282 2241 3335 solu-

653 3373 727 3422 tio
757 3383 835 3424 est
859 3376 880 3424 ?
905 3370 1136 3424 Omnino
1165 3388 1267 3426 noii
1303 3373 1438 3426 ultra
1462 3388 1703 3442 qua-rere
1732 3374 1804 3435 id,
1835 3373 1973 3439 quod
2003 3373 2240 3426 solutum

656 3473 759 3515 est.
789 3461 843 3516 Si
876 3463 975 3514 hoc
1006 3463 1098 3515 tibi
1147 3464 1472 3533 persuadeas
1494 3506 1509 3527 ,
1553 3480 1745 3532 nempe
1775 3464 2102 3533 providentia
2145 3463 2239 3518 Dei

652 3551 830 3603 omnia
873 3552 1256 3612 administrari,
1303 3553 1392 3622 qui
1443 3554 1547 3607 alia
1593 3556 1848 3623 permittit
1889 3570 1989 3624 qua
2034 3554 2241 3608 ratione

651 3645 765 3714 ipse
793 3646 957 3710 novit,
989 3648 1088 3699 alia
1129 3657 1303 3702 autem
1351 3656 1621 3717 Operatur,
1650 3649 1718 3702 ab
1755 3648 1900 3702 οηιηί
1940 3648 2237 3717 quaestione

1389 415 1447 470 S.
1479 409 1754 468 JO.\N.\'lS
1791 399 2267 461 CIIRYSOSTOSII
2294 398 2610 456 AltClllEl’.
2653 394 3189 452 CONSTANTINOP.
3845 394 3932 448 liii

2345 517 2596 570 liberatus
2625 529 2706 581 cs,
2734 525 2789 568 et
2832 514 3114 569 solutionis
3150 513 3356 568 lucrum
3390 512 3698 583 percepisti.
3745 511 3851 566 Sed
3877 515 3940 563 ad

2345 608 2683 678 propositum
2714 617 3070 662 revertamur.
3103 608 3234 673 Quia
3265 607 3426 676 igitur
3449 607 3599 660 vides
3622 615 3702 660 tot
3731 608 3784 659 in
3815 620 3942 673 sup.

2345 700 2514 770 pliciis
2539 714 2680 765 esse,
2715 699 2992 770 Deumque
3037 698 3154 753 hare
3192 701 3370 755 omnia
3416 708 3774 767 permittere:
3807 702 3944 752 vale-

2342 790 2526 846 tudine
2554 791 2801 858 corporis
2829 801 2979 844 utere
2999 791 3064 843 ad
3088 791 3285 844 anima:
3314 790 3695 845 valetudinem.
3726 788 3835 844 Sed
3865 788 3944 842 di-

2341 899 2432 939 ces
2460 900 2474 936 :
2506 884 2641 950 Quid
2672 883 2802 937 mihi
2831 899 2967 952 opus
3009 893 3090 936 est
3130 883 3405 936 laboribus
3449 891 3505 938 et
3549 882 3788 943 miseria.
3826 895 3944 936 cum

2345 977 2474 1030 mihi
2503 977 2661 1031 liceat
2681 976 2860 1030 omnia
2889 976 3004 1029 sine
3036 975 3221 1030 labare
3251 976 3503 1029 solvere?
3531 974 3644 1036 lloc
3669 986 3820 1028 certe
3840 989 3946 1027 nun

2346 1068 2686 1124 manifestum
2733 1078 2838 1123 est.
2888 1067 3158 1136 Contingit
3199 1070 3343 1120 enim
3385 1079 3441 1119 ιιι
3485 1084 3588 1120 non
3637 1065 3806 1118 modo
3843 1080 3945 1116 non

2345 1162 2462 1213 sine
2490 1159 2672 1213 labore
2694 1159 2890 1223 solvas,
2926 1158 3018 1211 sed
3045 1159 3206 1212 etiam
3238 1167 3290 1210 nt
3317 1157 3568 1210 omnibus
3593 1166 3828 1210 Onustus
3852 1155 3947 1207 de-

2345 1250 2524 1306 cedas.
2551 1249 2818 1304 Ctetcrum
2851 1249 3061 1304 etiamsi
3097 1249 3198 1301 hoc
3230 1249 3572 1302 manifestum
3604 1257 3757 1302 esset
3781 1289 3796 1311 ,
3844 1260 3944 1298 non

2347 1340 2598 1396 ferendus
2630 1351 2807 1395 tamen
2836 1340 2922 1395 hic
2951 1355 3133 1395 sermo
3154 1347 3317 1395 esst-t.
3352 1340 3405 1392 lu
3426 1338 3718 1392 certamina
3748 1338 3947 1391 traxit:

2345 1449 2492 1487 arma
2535 1433 2705 1502 posita
2744 1443 2868 1486 sunt
2909 1448 3092 1486 ani-ea.
3141 1431 3273 1486 Cum
3309 1442 3587 1502 Oportet-et
3613 1432 3698 1483 illa
3733 1447 3948 1486 sumi-rc

2346 1537 2402 1582 ct
2448 1536 2699 1591 tractare,
2746 1537 2800 1580 tu
2851 1527 2928 1580 vis
2982 1526 3237 1595 inglorius
3281 1526 3508 1590 servari,
3542 1525 3787 1593 nihilque
3830 1524 3947 1577 boni

2347 1621 2580 1689 cperari.
2614 1619 2710 1674 Dic
2739 1619 2889 1684 mihi,
2911 1620 2954 1675 si
2985 1620 3182 1673 bellum
3208 1621 3452 1683 instaret,
3483 1634 3686 1688 rexque
3711 1618 3943 1681 adesset,

2347 1725 2402 1770 et
2434 1715 2570 1768 alios
2609 1717 2820 1770 videres
2851 1717 2902 1769 in
2952 1715 3156 1769 medias
3201 1716 3490 1786 phalangas
3535 1730 3595 1767 se
3635 1714 3946 1772 immittere.

2345 1806 2618 1860 medentes
2653 1815 2710 1861 et
2749 1807 3060 1860 iunmncros
3087 1807 3399 1861 vulneribus
3437 1805 3761 1869 al‘ticientes,
3794 1805 3949 1859 alios-

2347 1911 2452 1970 que
2480 1902 2530 1954 in
2562 1900 2832 1968 singulare
2851 1911 3124 1955 certamen
3145 1900 3553 1967 descendentes,
3587 1900 3724 1954 alios
3748 1902 3948 1955 saltan-

2350 2003 2452 2058 tes,
2481 1994 2614 2046 alios
2645 2009 2814 2062 equos
2844 1994 3132 2063 agitantes,
3157 2008 3185 2046 a
3219 2009 3344 2064 rege
3374 1993 3597 2056 laudari,
3629 1995 3681 2047 in
3715 1995 3949 2048 admira-

2351 2086 2494 2139 tione
2537 2085 2742 2146 haberi,
2779 2084 3052 2153 plausilms
3081 2087 3279 2152 excipi,
3327 2086 3606 2151 cor0nari;
3652 2087 3796 2139 alios
3825 2101 3949 2139 eon-

2353 2187 2458 2237 tra,
2491 2177 2579 2245 qui
2610 2186 2857 2245 optarent
2887 2176 3016 2230 nihil
3052 2177 3174 2230 mali
3207 2177 3334 2246 pati,
3374 2187 3428 2231 et
3462 2177 3681 2230 ultimos
3710 2187 3948 2231 tenerent

2351 2269 2567 2322 ordines
2591 2286 2606 2323 :
2638 2268 2940 2338 deindeque
2961 2269 3136 2324 soluto
3165 2270 3326 2335 bello,
3353 2269 3490 2324 alios
3514 2270 3718 2333 vocari,
3751 2269 3952 2340 magnis

2352 2361 2668 2414 tnuneribns
2699 2359 2892 2429 excipi,
2927 2369 2980 2414 et
3008 2361 3303 2421 celebrari;
3353 2361 3564 2415 illorum
3590 2375 3723 2414 veto
3752 2377 3824 2414 ne
3860 2376 3952 2412 no-

2351 2467 2472 2505 men
2503 2450 2721 2521 quidem
2747 2453 2993 2521 profcrri,
3023 2451 3119 2507 sed
3145 2468 3304 2506 unam
3330 2453 3556 2507 salutem
3585 2453 3842 2522 accipere
3868 2451 3955 2505 bo-

2350 2560 2542 2598 norum
2585 2544 2890 2599 mercedem
2923 2563 2936 2599 :
2969 2560 3038 2599 ex
3071 2552 3315 2598 utrorum
3351 2559 3576 2598 numero
3601 2559 3727 2598 esse
3756 2544 3956 2599 velles?

2351 2634 2572 2688 Etiamsi
2608 2633 2852 2703 lapideus
2874 2649 3045 2700 esses,
3078 2635 3288 2690 etiamsi
3320 2634 3724 2690 insensibilibus
3771 2645 3830 2688 et
3877 2633 3954 2687 in-

2352 2726 2602 2779 animatis
2636 2726 2909 2795 ignavior;
2952 2741 3132 2780 annon
3160 2726 3358 2781 millies
3399 2737 3612 2795 optares
3646 2742 3711 2780 ex
3746 2726 3954 2781 illorum

2351 2831 2579 2872 numero
2605 2819 2768 2873 esse?
2812 2819 2982 2872 Etiam
3020 2833 3117 2872 oro
3155 2827 3210 2874 et
3238 2819 3485 2873 obsecro.
3539 2819 3765 2873 Etiamsi
3817 2820 3954 2872 enim

2351 2920 2675 2980 pugnantem
2705 2910 2900 2966 cadere
2926 2920 3224 2980 oporteret,
3249 2928 3424 2966 annon
3451 2913 3578 2967 illud
3601 2922 3829 2967 strenue
3849 2923 3956 2967 erat

2347 3005 2696 3075 eligendum?
2725 3004 2839 3060 Non
2878 3004 3030 3060 vides
3059 3019 3173 3068 eos,
3203 3005 3294 3074 qui
3341 3006 3392 3058 in
3432 3005 3514 3058 his
3547 3005 3702 3060 bellis
3734 3005 3954 3063 cadunt.

2347 3112 2507 3167 quam
2539 3098 2647 3151 sint
2674 3099 2806 3151 clari
2839 3107 2894 3152 et
2932 3098 3198 3168 gloriosi?
3234 3099 3396 3168 Atqui
3435 3107 3556 3167 post
3583 3108 3822 3153 mortem
3855 3114 3956 3152 nou

2351 3198 2578 3259 possunt
2605 3205 2634 3243 a
2666 3205 2794 3261 rege
2826 3191 3099 3245 honorari.
3131 3191 3186 3246 In
3218 3193 3308 3246 illo
3333 3201 3515 3246 autem
3548 3193 3693 3247 bello
3723 3193 3860 3247 nihil
3886 3204 3958 3247 t2-

2352 3281 2424 3345 le,
2452 3281 2548 3335 sed
2577 3282 2798 3334 omnino
2825 3284 3150 3352 conspicuus
3171 3283 3301 3348 eris,
3330 3285 3374 3338 si
3401 3285 3685 3338 cicatrices
3714 3284 3917 3339 habeas
3943 3303 3956 3336 :

2347 3388 2479 3442 quas
2496 3375 2699 3428 utinam
2719 3391 2815 3429 nos
2833 3392 3021 3430 omnes
3036 3375 3296 3431 exhibere
3319 3377 3610 3444 possimus.
3628 3378 3795 3430 etiam
3809 3389 3956 3433 extra

2349 3469 2814 3536 persequutiones,
2842 3469 2894 3522 in
2915 3468 3134 3524 Christo
3159 3468 3288 3524 Iesu
3326 3469 3556 3524 Dmnino
3597 3479 3816 3533 nostro,
3841 3471 3960 3539 qui-

2345 3574 2466 3612 cum
2489 3560 2628 3613 Patri
2651 3570 2704 3614 et
2729 3560 2950 3629 Spiritui
2973 3571 3164 3615 sancto
3191 3561 3380 3630 gloria,
3413 3561 3730 3629 imperium,
3763 3560 3956 3625 honor,

2351 3665 2492 3706 nunc
2521 3661 2577 3706 et
2605 3665 2842 3721 semper,
2887 3661 2942 3706 et
2985 3653 3037 3705 iu
3079 3651 3276 3707 szecula
3308 3653 3655 3707 smculorum.
3691 3655 3887 3708 Amen.

699 3781 3804 3803 Ἠ

2043 3857 2392 3918 HOMILIA
2427 3857 2668 3918 XXIV.

624 4013 778 4071 'Cttr.
812 4018 897 4072 10.
929 4035 978 4071 v.
1012 4019 1098 4074 44.
1127 4020 1304 4074 Adhuc
1333 4022 1563 4091 loquente
1595 4019 1748 4073 Petro
1783 4019 1929 4073 verba
1960 4020 2086 4086 haec,
2116 4021 2244 4073 ι’ρεὶ-

724 4111 797 4163 dit
825 4111 1050 4182 Spiritus
1088 4127 1291 4167 sanctus
1327 4130 1480 4182 super
1517 4131 1691 4167 omnes
1717 4114 1802 4182 qui
1835 4114 2104 4167 audiebant
2133 4130 2242 4167 ver-

724 4205 859 4259 bum.
889 4209 978 4261 45.
1014 4205 1080 4260 Ει
1111 4209 1472 4277 obstupuerunt
1514 4225 1577 4262 ex
1621 4209 1998 4261 circumcisione
2043 4209 2236 4274 fideles,

725 4299 811 4364 qui
850 4310 1082 4352 venerant
1124 4317 1236 4352 cum
1278 4299 1448 4363 Petro,
1481 4302 1598 4370 quia
1626 4310 1671 4353 et
1701 4301 1751 4353 in
1793 4301 2020 4354 nationes
2050 4301 2241 4352 donum

733 4390 957 4457 Spiritus
985 4393 1143 4443 sancti
1170 4390 1385 4457 effusum
1414 4402 1483 4446 est
1509 4409 1527 4445 :
1556 4393 1642 4446 46.
1672 4393 1944 4446 audiebant
1971 4393 2101 4446 enim
2125 4394 2243 4447 illo:

727 4483 983 4552 loquentes
1010 4485 1217 4555 linguis,
1247 4495 1291 4538 rt
1321 4486 1702 4555 magniﬁcantes
1731 4485 1914 4540 Deum.

725 4576 776 4628 1.
831 4575 958 4628 Vide
1010 4577 1100 4630 Dei
1148 4577 1526 4632 teconontiam.
1578 4577 1691 4631 Non
1742 4578 1983 4647 permisit
2037 4577 2240 4632 absolvi

651 4681 973 4728 sermonem,
1009 4683 1180 4737 neque
1204 4684 1267 4723 ex
1305 4678 1574 4738 praecepto
1599 4669 1739 4723 Petri
1762 4669 2084 4738 baptismum
2102 4669 2237 4733 dari;

654 4756 744 4808 sed
777 4759 895 4825 quia
928 4771 1158 4813 mentem
1190 4760 1512 4816 exhibebant
1553 4761 1872 4818 mirabilem.
1901 4769 1954 4815 et
1983 4761 2240 4815 doctriuze

656 4848 969 4914 principium
1001 4865 1333 4920 acceperant,
1358 4854 1752 4922 credebantque
1777 4854 2096 4921 baptismum
2121 4870 2240 4909 esse

656 4942 1024 4997 remissionem
1051 4956 1414 5012 peccatorum,
1449 4959 1571 5001 tunc
1599 4949 1812 5002 advenit
1842 4949 2091 5016 Spiritus.
2127 4949 2241 5002 Hoc

653 5042 830 5084 autem
864 5033 1039 5096 tit-bat,
1073 5038 1193 5104 quia
1232 5038 1366 5091 Dens
1400 5039 1778 5106 prostiiciebat,
1815 5049 1870 5093 ut
1901 5041 2090 5094 Petrus
2121 5056 2240 5094 ma-

651 5139 810 5192 gnam
836 5125 1198 5180 defensionem
1236 5130 1467 5185 habt-ret.
1521 5131 1634 5184 Non
1675 5132 1834 5184 modo
1875 5141 2050 5186 autem
2083 5133 2242 5201 Spiri-

655 5226 763 5266 tum
796 5218 1083 5283 accipiunt,
1120 5220 1210 5273 sed
1239 5221 1428 5287 linguis
1465 5224 1836 5291 loquebantur,
1869 5224 1920 5276 id
1947 5223 2088 5292 quod
2121 5238 2236 5287 eOs,

653 5308 740 5376 qui
774 5323 1155 5372 convenerant,
1199 5313 1571 5381 obstupefecit.
1605 5316 1712 5369 Cur
1746 5317 1812 5369 ita
1850 5332 1933 5370 res
1965 5316 2243 5386 dispensa-

655 5407 775 5453 tur?
803 5404 1024 5471 i’topter
1054 5405 1266 5458 Judmos
1294 5427 1306 5460 :
1333 5410 1530 5461 ctenim
1565 5409 1663 5462 huc
1695 5410 1798 5462 illis
1825 5426 2072 5478 perosum
2103 5420 2238 5464 erat.

658 5493 778 5545 Iden
819 5497 1008 5566 ubique
1050 5514 1076 5549 a
1116 5499 1220 5552 Deo
1261 5510 1426 5553 totttm
1457 5501 1702 5555 efficitur.
1757 5503 1818 5555 Et
1859 5503 2046 5557 Petrus
2088 5504 2238 5572 quasi

655 5583 873 5638 fortuito
902 5589 1068 5653 adest,
1097 5590 1298 5646 ducens
1318 5594 1800 5660 oporteredemum
1829 5595 1944 5647 illos
1967 5595 2028 5647 ad
2053 5607 2240 5664 gentes

648 5679 929 5747 at't'ederc,
960 5695 1008 5734 et
1041 5686 1179 5751 quod
1214 5700 1431 5755 propter
1461 5704 1554 5739 eos
1583 5687 1631 5739 id
1659 5688 1768 5739 fieri
1804 5705 1895 5754 par
1917 5690 1982 5741 sit
2017 5707 2027 5740 :
2069 5706 2239 5758 neque

651 5774 883 5827 mireris.
917 5776 1044 5827 (ῖιιιιι
1079 5779 1220 5830 enim
1269 5790 1382 5846 post
1420 5790 1584 5841 tanta,
1617 5790 1668 5834 ct
1701 5782 1957 5834 (hes-areae
1989 5796 2041 5835 ct
2082 5781 2234 5834 .lcro-

653 5867 872 5934 sotvmis
902 5871 1266 5924 controversia
1300 5871 1472 5928 fuerit.
1510 5873 1632 5940 quid
1669 5891 1770 5926 non
1804 5877 1997 5926 lartrtm
2031 5875 2232 5928 iiiis-el.

2351 4020 2397 4074 si
2439 4021 2552 4075 lucc
2593 4038 2699 4074 non
2742 4021 3065 4092 subseqnuta
3093 4027 3317 4079 essent?
3348 4027 3471 4081 Ideo
3501 4027 3616 4081 lucc
3657 4029 3819 4082 modo
3847 4032 3958 4085 sin-

2349 4113 2520 4181 gulari
2552 4113 2706 4168 ﬁunt.
2740 4111 2875 4168 Vide
2911 4124 3091 4170 autem
3133 4119 3404 4185 quomodo
3436 4117 3631 4172 Petrus
3671 4123 3959 4176 necasione

2347 4217 2566 4276 accepta
2590 4222 2651 4263 se
2677 4208 2954 4263 defendat.
2991 4211 3145 4276 Quod
3173 4221 3350 4265 autem
3395 4223 3512 4280 post
3546 4214 3692 4266 illam
3725 4217 3960 4269 occasio-

2347 4313 2472 4352 nem
2502 4299 2844 4368 respondeat,
2887 4300 3009 4354 audi
3038 4305 3420 4371 evangelistam
3451 4315 3762 4360 narrantem
3793 4318 3846 4362 et
3873 4310 3959 4362 di-

2347 4401 2560 4446 centem
2590 4409 2603 4444 :
2635 4394 2724 4446 47.
2759 4392 2900 4446 Tunc
2927 4396 3189 4464 respondit
3214 4396 3398 4451 Petrus
3432 4415 3452 4452 :
3481 4398 3753 4469 Numquid
3774 4419 3958 4468 aquam

2347 4483 2458 4549 quis
2489 4484 2753 4552 prohibere
2775 4495 2956 4552 potest,
3002 4497 3055 4539 ut
3082 4505 3182 4540 non
3213 4490 3530 4555 buptizcntur
3559 4492 3630 4556 lii,
3664 4494 3754 4561 qui
3780 4495 3956 4560 Spiri-

2349 4584 2453 4627 tum
2481 4586 2708 4628 sanctum
2737 4590 3060 4648 acceperunt,
3088 4582 3220 4633 sicut
3249 4591 3294 4633 et
3321 4584 3450 4635 nos?
3481 4582 3674 4637 Viden’
3703 4601 3812 4654 quo
3841 4603 3954 4641 rem

2348 4665 2584 4730 deduxit,
2610 4676 2664 4722 et
2683 4684 2841 4738 quam
2865 4679 3086 4737 cuperet
3115 4672 3212 4726 hoc
3235 4672 3471 4728 elTerre?
3515 4676 3604 4729 Sic
3629 4676 3956 4744 jamdudum

2348 4757 2398 4811 in
2428 4761 2607 4812 animo
2637 4759 2887 4814 habebat.
2925 4759 3190 4832 Numquid
3219 4781 3424 4832 aquam,
3465 4765 3661 4835 inquit,
3697 4769 3812 4836 quis
3838 4787 3960 4836 pro-

2347 4852 2516 4906 hibere
2555 4855 2760 4921 potest?
2793 4855 2903 4908 lloc
2951 4855 3062 4909 fere
3095 4865 3176 4908 est
3225 4857 3551 4927 insurgentis
3594 4859 3646 4910 in
3695 4874 3824 4921 eos.
3861 4867 3956 4930 qui

2351 4946 2716 5012 prohiberent,
2747 4963 2806 5000 ac
2835 4947 3078 5002 dicerent
3117 4949 3216 5003 hoc
3258 4966 3360 5003 non
3403 4963 3654 5018 oportere
3682 4951 3820 5006 fieri.
3848 4953 3950 5006 Το-

2350 5046 2456 5091 tum
2489 5037 2679 5092 factum
2705 5051 2810 5102 est,
2843 5040 3032 5108 inquit,
3058 5042 3198 5110 quod
3225 5042 3394 5111 magis
3418 5045 3790 5098 necessarium
3814 5060 3952 5102 erat.

2347 5131 2604 5198 baptisma
2637 5148 2850 5200 nempe,
2877 5149 2983 5201 quo
3013 5149 3107 5188 nos
3141 5136 3389 5204 liaptizati
3417 5150 3624 5187 sumus.
3659 5137 3751 5190 48.
3787 5137 3959 5190 Iussit

2344 5222 2458 5275 illos
2499 5223 2746 5290 baptizari
2790 5226 2842 5276 in
2874 5226 3075 5279 nomine
3100 5225 3223 5279 Jcsu
3256 5227 3460 5280 Christi.
3511 5227 3806 5297 Postquam
3835 5245 3961 5285 sese

2349 5319 2610 5383 ptiremit.
2663 5318 2821 5386 jussit
2866 5318 2985 5372 illos
3032 5319 3312 5388 baptizari.
3363 5320 3484 5374 illos
3529 5336 3624 5389 per
3673 5337 3762 5375 res
3811 5322 3960 5390 ipsas

2346 5408 2631 5462 instituens
2667 5428 2678 5460 :
2725 5412 2857 5464 adeo
2892 5426 3075 5477 perosa
3123 5428 3210 5464 res
3250 5420 3365 5465 erat
3396 5411 3616 5466 Iuda-is.
3652 5413 3782 5467 Ideo
3805 5414 3960 5482 prius

2343 5515 2463 5554 sese
2498 5511 2707 5566 put-gat,
2741 5504 2983 5569 quamvis
3034 5519 3123 5558 res
3164 5505 3293 5571 ipsa:
3346 5505 3672 5564 clamarent.
3721 5517 3777 5560 et
3826 5517 3958 5563 tunc

2347 5596 2617 5661 DIXI‘CPDil.
2641 5595 2784 5648 Tunc
2801 5606 3105 5666 rogaverunt
3131 5614 3263 5661 eum,
3294 5609 3348 5650 ut
3373 5609 3594 5651 utaut-ret
3624 5599 3822 5658 aliquot
3844 5604 3958 5655 die-

2344 5688 2450 5739 bus.
2484 5687 2614 5740 lliuc
2639 5690 2759 5754 jure
2787 5688 2874 5742 ille
2898 5704 3018 5742 cmn
3041 5688 3229 5742 fiducia
3255 5701 3451 5743 manet.
3483 5689 3957 5759 (Cap.|1.)1..1u-

2343 5783 2542 5834 dierunt
2573 5793 2738 5834 autem
2780 5783 2999 5852 apostoli
3037 5793 3082 5835 et
3113 5787 3313 5853 fratres,
3347 5785 3432 5850 qui
3473 5793 3614 5836 erant
3643 5783 3698 5836 in
3735 5783 3954 5851 Judmt,

2341 5875 2579 5934 quoniam
2617 5882 2663 5926 t't
2695 5885 2860 5942 gutttcs
2897 5886 3189 5941 receperunt
3222 5877 3421 5930 rcrbum
3458 5874 3550 5928 1)θὶ
3604 5875 3654 5927 Ξ.
3691 5875 3818 5927 Cum
3851 5897 3955 5929 τιτι-
