4088 6326
157 444 241 492 Hii
1117 430 1179 484 1N
1223 428 1395 482 ACTA

143 570 235 607 tsm
263 555 575 607 ascendisset
624 549 807 602 l'trtrus
845 544 1244 612 Jerosolgmam,
1278 540 1622 608 .lisccptabant
1649 540 1745 590 ml-

143 662 310 699 rersus
357 643 513 696 illum
550 643 639 710 qui
670 650 813 694 erant
858 653 919 690 ea:
958 633 1360 697 circumcisione,
1401 632 1664 685 dicentes:
1694 631 1746 684 5.

145 741 312 804 Quare
333 737 558 789 introisti
591 736 660 786 ad
687 734 814 785 viros
840 729 1145 799 prteputium
1175 727 1430 786 habentes,
1461 734 1507 776 et
1534 722 1750 775 mandu-

143 830 266 880 custi
293 844 412 879 cum
439 827 544 878 illis
565 826 590 878 ?
634 825 821 877 [‘ostea
872 819 1232 889 Disceptabant
1275 816 1361 884 qui
1392 832 1454 869 ea:
1483 814 1748 868 circumci-

143 923 301 985 sione,
336 934 444 973 non
473 915 720 986 apostoli.
752 912 888 981 Quid
913 920 994 966 cst
1022 910 1170 976 illud,
1199 907 1607 976 Disceptabunt?
1634 906 1748 959 Non

143 1029 356 1081 parum,
392 1011 587 1079 inquit,
618 1006 1044 1062 oll'endebantur.
1081 1004 1146 1056 Et
1175 1001 1296 1054 vide
1317 1000 1442 1070 quid
1471 999 1744 1068 objiciunt.

143 1106 253 1158 Non
286 1105 494 1166 dicunt,
528 1101 640 1154 Cur
683 1095 1060 1152 annuntiaS'i?
1103 1093 1221 1153 sed.
1267 1092 1368 1145 Cur
1399 1108 1500 1143 una
1532 1091 1749 1143 mandu-

143 1197 314 1249 casti?
347 1196 538 1248 Petrus
585 1207 711 1246 vero
749 1206 853 1243 nou
885 1190 935 1241 in
969 1188 1070 1240 hoc
1111 1184 1303 1254 frigido
1336 1183 1480 1237 dicto
1509 1190 1750 1235 moratur

144 1293 289 1350 (mm
321 1285 572 1354 frigidum
606 1297 732 1337 vere
757 1277 926 1351 eral);
957 1277 1050 1332 sed
1079 1279 1129 1331 in
1163 1291 1357 1346 magno
1387 1275 1498 1340 illo,
1520 1275 1707 1328 dicens
1736 1293 1747 1325 :

145 1380 198 1432 Si
240 1378 505 1446 Spiritum
555 1376 626 1430 illi
669 1380 1002 1445 acceperant,
1047 1369 1318 1439 quomodo
1364 1367 1465 1421 hoc
1507 1381 1613 1419 non
1646 1366 1749 1418 illis

141 1467 552 1522 concedendum
599 1464 751 1519 erat?
796 1461 1077 1530 Quomodo
1127 1475 1255 1529 ergo
1297 1459 1349 1512 in
1397 1456 1749 1512 Samaritauis

145 1564 243 1616 hoc
277 1562 475 1615 factum
506 1576 612 1612 non
642 1567 742 1620 est,
776 1557 882 1610 imo
909 1555 1260 1618 contrarium,
1290 1570 1396 1606 non
1423 1551 1583 1605 modo
1600 1560 1741 1614 ante,

144 1654 234 1708 sed
282 1655 448 1706 etiam
493 1660 610 1720 post
655 1647 1016 1719 baptismmn?
1059 1645 1239 1714 Neque
1272 1644 1531 1714 indignati
1575 1653 1743 1696 sunt:

145 1748 251 1799 imo
282 1745 448 1799 etiam
483 1743 549 1797 ad
585 1757 703 1797 eam
748 1742 915 1810 ipsam
948 1755 1059 1793 rem
1108 1742 1391 1792 miserunt.
1429 1736 1627 1790 Verum
1663 1735 1748 1789 hic

147 1854 250 1889 non
283 1851 345 1890 ca
381 1835 446 1889 de
488 1850 547 1889 re
596 1843 888 1896 accusant;
920 1831 1163 1886 sciebant
1211 1831 1356 1884 enim
1404 1828 1506 1883 hoc
1547 1827 1748 1880 divina:

142 1931 329 1996 gratio
373 1943 532 1992 esse;
563 1927 680 1993 sed,
718 1927 906 1994 Quare,
952 1927 1230 1994 inquiunt,
1284 1923 1603 1976 manducain
1630 1938 1748 1974 cum

144 2021 286 2074 illis?
317 2020 568 2089 Alioquin
595 2034 723 2073 vero
751 2033 1000 2087 magnum
1025 2025 1077 2070 ct
1109 2016 1430 2068 immensum
1454 2013 1746 2067 discrimen

145 2125 258 2168 erat
287 2113 660 2166 Samaritanos
687 2112 824 2166 inter
872 2121 924 2163 et
968 2119 1175 2180 gentes.
1208 2110 1298 2163 Vel
1330 2110 1488 2164 ctiam
1524 2123 1617 2177 per
1637 2107 1748 2160 dis-

146 2207 520 2272 pcnsationem
553 2204 764 2269 accidit,
796 2203 937 2271 quod
992 2203 1036 2255 is
1093 2212 1398 2265 accusetur,
1445 2209 1499 2253 ut
1541 2200 1614 2253 illi
1660 2198 1744 2253 di-

145 2309 295 2352 scant
325 2317 338 2351 :
367 2312 542 2366 neque
574 2296 716 2351 enim
757 2295 948 2349 Petrus
992 2309 1105 2349 rem
1148 2293 1263 2346 sine
1295 2306 1453 2344 causa
1489 2291 1744 2344 narravit.

152 2390 278 2444 \‘idc
308 2400 514 2452 autem,
543 2405 703 2461 quam
735 2389 803 2442 sit
829 2404 857 2442 a
888 2387 1028 2441 l'astu
1070 2395 1125 2442 et
1155 2401 1284 2439 vana
1313 2386 1484 2454 glmia
1516 2385 1743 2438 alienus.

147 2485 276 2538 Nam
308 2485 386 2537 ait
410 2502 422 2535 :
448 2485 498 2537 4.
535 2481 796 2548 Incipiens
825 2482 1024 2544 Petrus,
1057 2480 1338 2551 exponebat
1366 2479 1467 2533 illis
1493 2496 1582 2549 per
1603 2477 1748 2531 ordi-

147 2596 277 2643 nem,
305 2578 480 2630 dicens
503 2593 519 2629 :
543 2577 592 2630 5.
630 2576 739 2645 Ego
759 2593 896 2630 erant
923 2576 974 2628 in
1002 2576 1200 2628 civitate
1227 2575 1398 2642 JOppe
1427 2590 1596 2626 orans.
1630 2571 1746 2626 Non

147 2671 272 2723 dicit
304 2684 495 2737 quare,
527 2669 609 2723 vel
636 2684 736 2737 qua
775 2668 1078 2722 occasione.
1132 2666 1200 2719 Et
1233 2667 1334 2719 vidi
1361 2666 1414 2719 in
1445 2666 1626 2718 mentis
1660 2681 1748 2719 ex-

146 2776 283 2813 cessu
320 2761 586 2823 visionem,
634 2760 940 2813 descendens
968 2775 1054 2812 vas
1083 2758 1343 2828 quoddam
1374 2758 1505 2811 velut
1537 2757 1748 2809 linteum

147 2869 410 2922 magnum,
453 2862 673 2921 quatuor
702 2853 860 2906 initiis
899 2853 1172 2906 demissum
1214 2854 1276 2904 de
1313 2853 1473 2917 cado,
1520 2861 1567 2904 et
1614 2851 1747 2904 venit

145 2960 296 3012 usque
325 2942 397 2994 ad
422 2959 518 2995 me.
553 2941 605 2995 6.
639 2941 703 2994 1η
731 2943 865 3008 quod
891 2943 1091 2995 intuens
1122 2941 1540 3004 considerabam;
1570 2951 1616 2993 et
1645 2941 1749 2994 vidi

145 3034 498 3102 quadrupedia
539 3044 704 3098 terrte,
749 3045 795 3086 ct
842 3035 1043 3098 bestias,
1097 3042 1143 3086 et
1183 3033 1404 3101 reptilia,
1447 3042 1491 3085 et
1521 3033 1748 3085 volatilia

146 3126 274 3177 cccli.
310 3125 366 3177 7.
412 3124 597 3178 Audivi
643 3133 815 3176 autem
856 3139 1024 3177 vocem
1066 3125 1310 3178 dicentem
1355 3125 1481 3177 mihi
1508 3141 1524 3177 :
1556 3124 1744 3196 Surge,

149 3213 313 3275 Petre,
344 3215 519 3267 occide
543 3224 588 3268 et
619 3216 894 3268 manduca.
927 3215 1064 3281 Quid
1113 3231 1208 3283 per
1240 3216 1354 3270 hinc
1381 3216 1563 3270 dicere
1591 3216 1747 3270 vult?

146 3306 284 3361 Satis
311 3316 452 3370 erat,
491 3308 680 3376 inquit,
713 3308 910 3363 vidisse
934 3309 1156 3363 linteum
1188 3309 1253 3362 ad
1287 3309 1387 3364 hoe
1418 3311 1748 3376 persuaden-

144 3397 265 3450 dum
293 3416 306 3461 ;
339 3407 576 3452 attamen
606 3415 706 3453 vox
732 3414 944 3469 quoque
971 3399 1177 3469 adjecta
1201 3401 1375 3471 est..8.
1405 3400 1527 3454 Dixi
1544 3413 1707 3455 autem
1727 3419 1746 3456 :

148 3488 508 3558 Nequaquam,
565 3488 812 3556 Domine,
863 3492 981 3556 quia
1032 3507 1298 3544 commune
1340 3503 1386 3544 et
1431 3493 1747 3546 immundum

143 3599 421 3652 numquam
454 3583 677 3636 introivit
716 3584 768 3636 iu
801 3600 857 3636 os
887 3600 1076 3636 meum.
1119 3583 1352 3639 Viden'?
1383 3585 1526 3655 quod
1565 3602 1744 3641 meum

141 3679 277 3737 erat,
308 3673 504 3741 inquit,
548 3672 648 3728 feci
681 3692 691 3726 :
726 3673 858 3738 dixi,
900 3675 1200 3744 Numquam
1249 3676 1482 3730 comedi.
1525 3677 1639 3732 lloe
1678 3677 1744 3732 ad

144 3763 211 3825 id,
244 3764 389 3833 quod
418 3763 666 3818 dicebant
698 3765 770 3819 illi
799 3783 812 3819 :
846 3765 1096 3831 Introisti,
1127 3777 1173 3820 et
1200 3769 1461 3821 comedisti
1485 3785 1598 3821 cum
1620 3770 1742 3822 illis.

145 3852 256 3908 lloc
298 3870 432 3910 vero
480 3871 585 3908 non
628 3856 762 3910 dixit
792 3858 1084 3912 Cornelio:
1125 3874 1300 3929 neque
1332 3860 1475 3914 enim
1520 3875 1745 3916 necesse

142 3955 272 3999 crat.
309 3947 364 4001 9.
421 3946 699 4016 Respondit
731 3958 896 4003 autem
930 3950 1054 4003 ini/ti
1089 3967 1186 4004 vox
1217 3953 1443 4005 secundo
1485 3953 1547 4006 de
1576 3953 1699 4006 cwlo
1727 3970 1744 4007 :

145 4037 271 4101 Qua:
297 4039 439 4093 Deus
469 4042 750 4104 mandavit,
786 4051 839 4094 tu
875 4059 936 4096 ne
963 4044 1253 4097 communia
1279 4045 1488 4097 dixeris.
1520 4047 1607 4100 lli.
1632 4044 1745 4098 llos

140 4143 309 4184 autem
352 4133 548 4201 factum
581 4143 654 4186 est
699 4143 772 4185 ter
799 4151 817 4186 :
851 4144 894 4187 et
935 4146 1156 4187 retracta
1185 4146 1302 4188 sunt
1332 4138 1502 4189 omnia
1541 4154 1745 4202 rursum

141 4224 191 4276 in
217 4226 417 4278 etclam.
446 4227 534 4280 Η.
583 4225 651 4279 Et
679 4243 790 4280 ecce
810 4228 905 4281 viri
930 4238 1028 4281 tres
1067 4229 1333 4298 confestim
1363 4232 1661 4284 adstiterunt
1692 4233 1744 4287 iu

141 4319 311 4382 domo,
336 4320 390 4371 in
419 4335 522 4388 qua
550 4336 710 4384 erant,
735 4321 876 4374 missi
903 4338 935 4374 a
960 4322 1191 4376 Ca’sarea
1211 4324 1278 4375 ad
1305 4341 1402 4377 me.
1437 4324 1628 4378 Narrat
1656 4341 1738 4391 ea,

141 4427 259 4477 qua:
289 4413 594 4466 necessaria
624 4423 777 4468 erant
803 4431 817 4479 ;
847 4415 948 4468 alia
983 4423 1141 4481 tacet,
1175 4416 1282 4470 imo
1313 4428 1367 4471 et
1392 4433 1487 4486 per
1512 4417 1626 4474 hmc
1654 4419 1743 4473 illa

140 4507 352 4568 probat.
390 4504 456 4558 Et
482 4505 624 4571 vide,
660 4506 930 4575 quomodo
961 4522 1083 4563 sese
1105 4519 1314 4578 purget,
1342 4511 1530 4565 nolens
1560 4511 1745 4566 docto-

139 4595 212 4648 ris
234 4597 557 4650 auctoritate
581 4597 656 4649 uti
685 4618 696 4650 :
731 4597 935 4652 sciebat
961 4598 1103 4652 enim
1135 4613 1194 4654 se
1219 4611 1420 4668 quanto
1448 4602 1743 4659 modestius

136 4687 474 4755 loquebatur,
513 4697 661 4742 tanto
704 4690 870 4759 magis
917 4691 1040 4745 illos
1079 4702 1361 4762 capturum
1393 4711 1537 4754 esse.
1571 4697 1740 4750 Num-

135 4797 290 4848 quam
324 4782 570 4850 introivit,
625 4783 816 4852 inquit,
856 4785 908 4837 in
950 4801 1006 4838 os
1046 4801 1210 4839 meum
1241 4803 1504 4842 commune
1541 4790 1619 4844 vel
1647 4792 1743 4844 im-

136 4875 386 4927 mundum
443 4875 508 4929 Et
537 4876 615 4929 sic
659 4885 827 4930 totum
871 4881 1188 4934 ceconomirc
1219 4880 1462 4935 defensio
1494 4893 1627 4936 erat.
1679 4883 1741 4938 Et

135 4985 252 5022 ecce
281 4980 377 5023 tres
404 4970 500 5023 viri
517 4972 783 5042 confestim
804 4972 1107 5027 adstiterant
1128 4975 1178 5026 in
1202 4976 1371 5037 domo,
1394 4977 1445 5029 in
1463 4994 1564 5046 qua
1579 4995 1736 5030 eram.

136 5060 224 5113 12.
265 5059 402 5115 Dixit
437 5073 608 5117 autem
638 5064 762 5117 mihi
789 5064 1039 5134 Spiritus,
1083 5077 1134 5119 ut
1170 5068 1294 5121 irent
1329 5085 1439 5120 cum
1480 5071 1582 5125 illis
1614 5071 1741 5125 nihil

138 5155 402 5208 luesitans.

205 5245 265 5300 2.
310 5247 496 5302 Viden’
537 5248 680 5317 quod
725 5248 955 5318 Spiritus
996 5250 1067 5304 sit
1115 5250 1425 5319 legislatio?
1479 5251 1739 5309 Venerunt

134 5350 306 5392 autem
335 5357 528 5394 mecum
550 5352 596 5395 et
625 5359 714 5396 sea:
739 5344 924 5404 fratres
953 5344 1056 5397 isti.
1091 5344 1228 5412 Quid
1259 5345 1418 5400 Petro
1447 5345 1732 5413 humilius,

132 5432 222 5499 qui
262 5433 421 5486 etiam
465 5433 553 5487 hic
607 5434 831 5489 fratrum
880 5436 1245 5490 testimonium
1272 5437 1533 5493 adhibet?
1574 5439 1737 5494 Vene-

134 5534 252 5575 runt
287 5536 449 5578 autem
494 5543 686 5579 mecum
719 5545 808 5581 sea:
839 5533 1062 5598 fratres,
1115 5539 1161 5582 et
1205 5529 1423 5601 ingressi
1465 5541 1640 5586 sumus
1686 5533 1738 5586 in

133 5615 340 5667 domum
371 5617 487 5671 viri.
538 5620 623 5672 13.
651 5618 896 5673 Narravit
921 5632 1088 5673 autem
1109 5622 1274 5689 nobis,
1306 5625 1558 5690 quomodo
1586 5625 1739 5678 vidis-

133 5716 205 5757 set
236 5707 473 5778 angelum
518 5710 570 5762 iu
618 5710 769 5765 domo
815 5728 910 5764 sua
953 5723 1190 5778 stantem,
1235 5723 1280 5766 et
1307 5715 1556 5768 dicentem
1595 5717 1690 5770 sibi
1721 5733 1738 5771 :

138 5795 191 5848 Μ
200 5798 290 5850 itte
312 5801 364 5854 in
390 5800 599 5870 Joppen
629 5804 782 5869 viros,
814 5813 862 5857 et
888 5806 1076 5859 accersi
1104 5804 1369 5860 Simonem
1399 5810 1736 5877 cognomina-

139 5901 249 5942 tum
283 5891 512 5962 Petrum,
543 5895 630 5949 14.
661 5897 749 5965 qui
777 5896 1007 5966 loquetur
1030 5897 1117 5953 tibi
1147 5897 1318 5968 verba,
1347 5899 1399 5953 in
1427 5901 1608 5971 quibus
1627 5903 1737 5957 sal-

1443 423 1963 479 .Xl’USTOlDlllN.
2012 422 2238 476 lltNlL.
2286 421 2452 476 XXIV

3365 420 3465 472 lSG

1863 554 1952 590 vus
1981 538 2078 590 eris
2111 547 2161 588 tu
2191 549 2235 590 et
2268 539 2499 590 universa
2529 539 2708 590 domus
2740 547 2847 590 tua.
2881 535 2996 590 Non
3039 536 3169 590 dixit
3209 551 3270 589 ea
3294 580 3307 600 ,
3348 555 3463 607 qum

1861 631 1927 683 ab
1956 631 2148 700 angelo
2192 631 2331 685 dicta
2379 631 2592 684 fuerant
2637 629 2892 685 Cornelio
2925 649 2935 682 :
2974 630 3246 684 Orationes
3281 642 3382 684 tua:
3418 640 3464 682 et

1860 722 2187 791 eieemosyna:
2211 731 2313 775 tua:
2335 723 2675 776 ascenderunt
2700 725 2752 775 in
2783 723 3080 775 memoriam
3107 723 3160 775 in
3189 733 3463 790 conspectu

1861 811 1977 877 Dei,
2009 822 2077 866 ne
2106 814 2224 867 illos
2245 813 2540 868 olTenderct
2567 830 2580 875 ;
2609 813 2704 867 sed
2732 829 2792 867 ea
2823 814 3010 877 verba,
3042 829 3163 883 quae
3190 811 3322 866 nihil
3353 827 3466 865 ma-

1858 903 1946 972 gni
1976 904 2332 972 prce-ferebant
2368 922 2378 957 :
2413 903 2670 973 Loquetur
2697 905 2785 958 tibi
2809 905 2976 966 verba,
3009 906 3060 958 iu
3083 903 3264 974 quibus
3291 904 3465 958 salvus

1857 997 1955 1049 eris
1988 1006 2040 1049 tu
2078 1005 2123 1050 et
2168 997 2402 1051 universa
2441 999 2625 1052 domus
2669 1009 2776 1050 tua.
2826 998 3032 1062 Vidcn‘,
3077 997 3350 1068 quomodo
3396 1014 3461 1050 ea

1857 1105 2014 1159 quam
2058 1091 2164 1144 dixi
2197 1091 2265 1145 de
2294 1105 2452 1147 caus‘a
2487 1091 2745 1145 l‘eStinet?
2793 1090 2861 1145 Et
2892 1092 3022 1144 nihil
3058 1090 3125 1145 de
3159 1092 3256 1144 viri
3304 1106 3443 1144 man.

1856 1182 2139 1236 suetudine
2166 1182 2312 1236 dicit.
2350 1183 2490 1252 Ergo
2522 1183 2724 1252 Spiritu
2754 1183 2997 1235 mittente
3017 1224 3031 1247 ,
3069 1181 3182 1235 Deo
3207 1181 3457 1251 jubcnte,

1857 1289 1952 1343 per
1981 1276 2229 1343 angelum
2260 1276 2382 1329 inde
2410 1287 2655 1337 vocante.
2689 1276 2812 1330 hinc
2841 1285 3067 1345 urgente
3088 1319 3101 1340 ,
3136 1291 3314 1329 rerum
3353 1275 3464 1328 dis-

1853 1368 2055 1420 crimen
2085 1367 2357 1432 solvente,
2386 1369 2512 1437 quid
2544 1368 2843 1422 faciendum
2874 1379 2988 1421 crat
3013 1369 3034 1421 ?
3063 1367 3168 1422 Sed
3201 1367 3331 1421 nihil
3359 1367 3455 1420 ho-

1856 1473 1971 1510 rum
2002 1458 2154 1523 dixit,
2181 1475 2366 1513 verum
2394 1477 2418 1510 a
2447 1461 2745 1528 posteriore
2768 1461 3055 1514 conﬁrmat
3080 1476 3093 1514 :
3125 1459 3269 1529 quod
3294 1462 3453 1513 etiam

1858 1564 1951 1617 per
1972 1564 2030 1604 se
2053 1549 2409 1604 indubitatum
2437 1561 2551 1605 erat
2576 1552 2964 1605 testimonium.
2994 1551 3059 1604 Et
3079 1566 3196 1611 cur.
3224 1550 3459 1620 inquies.

1856 1658 1960 1696 non
1994 1643 2095 1697 hoc
2125 1643 2322 1698 factum
2357 1655 2437 1699 cst
2469 1646 2688 1698 solum?
2725 1646 2800 1699 Ex
2833 1643 3127 1698 abundanti
3164 1645 3214 1697 lit
3257 1660 3282 1696 a
3316 1646 3425 1698 Deo
3448 1688 3460 1705 ,

1859 1744 1913 1788 ut
1941 1734 2345 1790 demonstretur
2371 1737 2696 1806 principium
2722 1752 2828 1790 non
2858 1737 2924 1790 ab
2950 1737 3200 1806 apostolo
3230 1751 3371 1789 esse.
3405 1738 3459 1788 Si

1855 1837 2033 1882 autem
2063 1844 2155 1882 sua
2183 1840 2373 1899 sponte
2401 1830 2491 1884 illo
2523 1830 2792 1899 prolectus
2822 1839 2966 1885 esset
2986 1873 3000 1896 ,
3026 1840 3079 1885 et
3107 1831 3236 1884 nihil
3270 1831 3486 1883 horum-

1856 1921 2054 1976 l‘actum
2103 1922 2320 1986 fuisset,
2373 1924 2662 1978 admodum
2706 1925 2896 1979 olfensi
2937 1924 3187 1979 fuissent.
3235 1926 3274 1978 A
3313 1925 3462 1994 priu-

1855 2015 1994 2086 cipio
2022 2017 2119 2070 sibi
2150 2028 2383 2071 mentem
2415 2018 2624 2071 illorum
2664 2018 2942 2081 conciliat,
2977 2015 3102 2070 dum
3135 2017 3265 2070 dicit
3305 2017 3409 2068 illis
3447 2035 3457 2067 :

1859 2107 1957 2171 Qui
1996 2107 2249 2178 Spiritum
2280 2120 2510 2161 sanctum
2561 2119 2885 2176 acceperunt,
2911 2111 3039 2162 sicut
3066 2119 3110 2161 et
3139 2126 3248 2161 nos.
3280 2109 3344 2162 Et
3367 2109 3463 2161 ile-

1856 2215 1972 2253 rum
2006 2218 2018 2252 :
2050 2202 2136 2256 15.
2167 2200 2293 2254 Cum
2326 2212 2494 2254 autem
2521 2204 2780 2270 cimiissent
2810 2204 2967 2272 loqui,
3005 2203 3190 2264 cecidit
3236 2202 3464 2270 Spiritus

1854 2302 2056 2346 sanctus
2087 2310 2238 2360 super
2266 2296 2402 2355 illos.
2435 2298 2562 2348 sicut
2589 2304 2633 2348 et
2663 2297 2713 2348 in
2746 2312 2837 2350 nos
2867 2297 2918 2348 in
2951 2296 3121 2348 initio.
3152 2295 3337 2362 Neque
3365 2294 3465 2347 hoc

1854 2395 2138 2439 contentus
2160 2427 2172 2449 ,
2207 2388 2426 2438 verbum
2455 2387 2665 2440 Domini
2697 2396 3108 2441 commemorat.
3141 2387 3228 2440 16.
3264 2385 3458 2438 Recor-

1855 2477 2005 2529 datus
2026 2487 2193 2531 autent
2229 2495 2340 2531 sum
2368 2480 2502 2532 verbi
2532 2479 2739 2540 Domini
2767 2481 2896 2534 sicut
2936 2481 3134 2532 dicebat
3164 2496 3180 2531 :
3226 2478 3457 2532 Joannes

1853 2568 2052 2636 quidem
2077 2569 2345 2638 baptizavit
2367 2587 2520 2639 aqua,
2552 2586 2637 2623 vos
2663 2580 2830 2624 autem
2858 2570 3240 2639 baptizabimini
3262 2570 3315 2622 in
3340 2570 3465 2637 Spi-

1854 2665 1956 2713 ritu
1975 2670 2149 2714 sancto
2182 2662 2198 2730 (
2228 2660 2413 2714 Matth.
2443 2663 2494 2716 5.
2530 2663 2587 2715 Η
2622 2664 2662 2733 ).
2708 2662 2893 2732 Itaque
2926 2662 3058 2715 nihil
3088 2663 3209 2714 novi
3241 2662 3460 2724 accidit,

1854 2751 1947 2807 sed
1985 2752 2034 2806 id
2063 2753 2204 2822 quod
2237 2753 2582 2823 prmdixerat.
2619 2758 2688 2808 At
2721 2771 2826 2808 non
2858 2756 3180 2825 Oportebat,
3217 2755 3427 2825 inquies
3448 2797 3461 2817 .

1855 2844 2110 2913 baptizari
2143 2863 2155 2899 :
2189 2846 2450 2917 baptisma
2479 2848 2623 2902 enim
2671 2847 2970 2918 perfectum
3005 2857 3119 2902 erat
3141 2891 3154 2913 ,
3190 2863 3313 2902 cum
3345 2847 3466 2917 Spi-

1854 2937 1989 2992 ritus
2018 2948 2236 2992 sanctus
2267 2940 2315 2992 in
2346 2940 2464 2994 illos
2492 2927 2794 2994 descendit.
2837 2941 2963 2995 ldco
3004 2957 3110 2994 non
3146 2941 3298 3007 dicit,
3324 2941 3467 2996 Jussi

1854 3027 1972 3081 illos
2002 3029 2147 3098 prius
2176 3029 2470 3098 baptizari;
2502 3031 2596 3085 sed
2625 3031 2792 3100 quid?
2834 3031 3100 3102 Numquid
3128 3049 3317 3101 aquam
3349 3049 3467 3100 pro-

1853 3121 2024 3173 hibere
2046 3121 2158 3190 quis
2190 3130 2369 3191 potest,
2405 3132 2459 3174 ut
2489 3138 2590 3175 non
2633 3123 2952 3190 baptizentur
2994 3123 3088 3176 lii?
3119 3124 3244 3177 hinc
3276 3134 3466 3178 osten-

1852 3211 2021 3277 dens,
2075 3227 2135 3268 se
2163 3229 2260 3268 suo
2298 3224 2446 3267 motu
2487 3213 2618 3268 nihil
2669 3213 2882 3270 fecisse.
2930 3214 3083 3282 Quod
3147 3216 3308 3285 igu'lur
3364 3231 3460 3269 nos

1854 3303 2208 3368 habebamus,
2241 3305 2314 3359 illi
2337 3315 2688 3376 acceperunt.
2730 3308 2817 3360 17.
2853 3306 2915 3361 Si
2941 3324 3060 3377 ergo
3085 3308 3316 3360 eamdem
3347 3324 3467 3377 gra-

1853 3398 1974 3450 tiam
2002 3398 2139 3451 dedit
2166 3397 2326 3465 Deus,
2364 3402 2554 3470 inquit,
2598 3403 2726 3453 sicut
2756 3411 2800 3455 ct
2832 3402 2994 3467 nobis,
3029 3403 3116 3470 qui
3146 3404 3462 3457 credidimus

1851 3490 1904 3541 in
1931 3488 2207 3543 Dominum
2234 3490 2408 3554 .lesunt
2441 3508 2457 3544 :
2485 3509 2576 3562 ego
2606 3494 2718 3562 quis
2748 3510 2907 3558 erant,
2941 3494 3027 3562 qui
3059 3511 3256 3562 possem
3286 3496 3466 3565 pro/ti-

1852 3579 1964 3634 bere
1995 3580 2198 3635 Deum?
2229 3582 2293 3636 Ut
2323 3598 2386 3636 ex
2418 3583 2709 3638 abundanti
2744 3585 2956 3638 illorum
2991 3600 3084 3639 ora
3117 3585 3426 3640 obstrueret
3450 3629 3464 3650 ,

1854 3671 1974 3727 idco
2002 3673 2225 3726 addidit.
2260 3672 2512 3729 Eamdem
2539 3678 2779 3745 gratiam.
2814 3675 3027 3741 Viden’,
3054 3679 3327 3747 quomodo
3357 3695 3464 3733 nou

1853 3767 2096 3833 permisit
2126 3766 2247 3820 illos
2271 3767 2450 3822 minus
2480 3767 2710 3834 habere,
2748 3769 2838 3839 qui
2871 3771 3038 3824 semel
3073 3771 3464 3826 credidissent?

1852 3859 2041 3914 Parem
2073 3861 2298 3931 gratiam
2330 3861 2478 3916 dedit
2522 3863 2627 3917 illis
2659 3863 2799 3918 Deus
2827 3906 2840 3930 ,
2889 3865 3105 3935 qualem
3138 3865 3296 3920 nobis
3317 3906 3331 3930 ,
3369 3869 3461 3935 qui

1853 3952 2176 4008 credidimus
2210 3955 2258 4006 in
2295 3954 2577 4007 Dominum
2631 3974 2640 4007 :
2687 3956 2866 4025 itaque
2915 3957 3030 4026 ipse
3077 3968 3268 4027 purgat
3321 3958 3462 4013 illos.

1851 4044 2035 4114 Neque
2076 4045 2242 4110 dicit,
2297 4045 2460 4100 Vobis
2486 4089 2500 4104 .
2553 4047 2685 4114 sed,
2722 4047 2930 4112 Nobis;
2978 4049 3100 4103 hinc
3133 4051 3297 4104 etiam
3343 4068 3464 4105 scr-

1851 4151 2065 4191 monem
2100 4138 2368 4206 mitigans.
2421 4138 2557 4205 Quid
2599 4154 2726 4209 ergo
2769 4140 3160 4209 indignatnini,
3196 4158 3316 4196 cum
3361 4158 3459 4197 nos

1852 4228 1994 4298 ipsos
2027 4229 2310 4297 participes
2332 4229 2610 4283 dicamus?
2637 4231 2723 4285 18.
2757 4230 2855 4284 llis
2881 4232 3094 4298 auditis,
3129 4234 3450 4302 quieverunt,

1850 4330 1895 4373 et
1925 4321 2338 4389 gloriﬁcaverunt
2383 4321 2550 4376 Deum
2577 4365 2590 4387 ,
2640 4325 2862 4379 dicentes
2907 4343 2922 4378 :
2957 4324 3122 4395 Igitur
3155 4337 3199 4380 et
3231 4328 3463 4397 gentibus

1851 4413 2196 4482 pwnitentiant
2223 4415 2360 4467 dedit
2395 4415 2528 4469 Deus
2554 4417 2623 4468 ad
2651 4419 2821 4470 vitam.
2871 4419 3054 4472 Viden'
3086 4421 3360 4490 quomodo
3390 4436 3457 4476 ex

1849 4505 2110 4559 concione
2141 4506 2283 4561 Petri
2316 4515 2485 4561 totum
2528 4508 2729 4563 factum
2763 4511 2868 4576 sit,
2903 4511 2991 4582 qui
3025 4527 3086 4565 ea
3108 4555 3122 4578 ,
3173 4529 3291 4581 qum
3326 4513 3461 4568 facta

1851 4594 2081 4661 fuerant,
2114 4604 2259 4652 recte
2283 4601 2626 4654 narraverit?
2657 4602 2779 4656 Ideo
2801 4603 3238 4671 gloriﬁcaverunt
3268 4607 3459 4668 Deum,

1848 4687 1992 4756 quod
2023 4690 2182 4743 etiam
2217 4690 2323 4744 illis
2356 4693 2725 4760 pmnitentiam
2769 4695 2981 4749 dederit
3017 4715 3028 4749 :
3074 4700 3145 4750 ita
3192 4697 3459 4754 humiliati

1848 4789 1971 4833 sunt
1993 4781 2059 4835 ab
2082 4781 2164 4836 his
2187 4785 2546 4839 sermonibus.
2581 4785 2716 4841 llinc
2745 4798 2927 4856 aperta
2954 4789 3172 4843 demum
3204 4793 3460 4860 gentibus

1843 4874 2005 4943 janua
2036 4875 2151 4929 fuit.
2188 4875 2315 4944 Sed,
2351 4879 2393 4932 si
2428 4879 2626 4948 placet,
2657 4882 2938 4949 superiora
2973 4895 3305 4953 repetamus.
3345 4885 3458 4938 Non

1846 4967 2001 5033 dixit,
2035 4969 2376 5038 Disceptabat
2405 4972 2597 5027 Petrus
2621 5014 2634 5036 ,
2668 4975 2762 5028 sed
2785 5015 2799 5039 ,
2838 4976 2935 5040 Qui
2964 4988 3108 5030 erant
3140 4995 3202 5030 ex
3229 4978 3453 5032 circum-

1847 5060 2074 5114 cisione:
2102 5063 2352 5130 quoniam
2384 5063 2498 5132 ipse
2523 5065 2756 5131 sciebat,
2783 5068 2926 5136 quod
2954 5072 3259 5135 parabatur.
3289 5071 3453 5140 Atqui

1849 5151 1978 5205 illud
2010 5155 2291 5222 oportebat
2324 5156 2542 5223 mirari,
2584 5159 2854 5226 quomodo
2884 5169 2934 5213 et
2966 5159 3452 5215 illi-credidissent.

1846 5243 2074 5309 Quando
2108 5245 2266 5316 igitur
2311 5248 2625 5313 audierunt,
2684 5250 2825 5320 qut-nl
2874 5252 3270 5314 credidissent,
3325 5254 3458 5307 nihil

1848 5338 1987 5406 passi
2038 5347 2195 5403 sunt;
2241 5339 2334 5393 sed
2384 5356 2504 5394 cum
2555 5341 2694 5396 Deus
2741 5343 2964 5413 largitus
3011 5352 3097 5398 est
3147 5343 3454 5413 Spiritum,

1845 5430 2060 5499 quando
2092 5430 2283 5486 Petrus
2328 5434 2633 5502 exponebat
2667 5435 2929 5490 visionem
2981 5452 3134 5490 suam
3157 5479 3169 5500 ,
3214 5438 3403 5491 dicens
3440 5456 3453 5491 :

1846 5523 1990 5578 Deus
2011 5525 2247 5578 ostendit
2270 5527 2421 5593 mihi,
2457 5544 2524 5581 ne
2550 5544 2705 5597 quem
2737 5529 3010 5584 hominem
3038 5530 3274 5584 dicerem
3303 5546 3453 5584 com-

1846 5633 2060 5673 munem
2092 5620 2175 5673 vel
2207 5621 2563 5676 immundum.
2613 5622 2701 5678 Sic
2732 5623 2821 5677 ille
2849 5624 2956 5692 jam
2987 5635 3144 5679 antea
3182 5623 3283 5678 hoc
3315 5626 3456 5678 scie-

1845 5711 1954 5766 bat.
2018 5712 2223 5768 Idcirco
2276 5729 2371 5784 pro
2416 5715 2668 5786 gentibus
2727 5731 3036 5772 sermonem
3092 5718 3452 5786 praeparavit,

1845 5806 2136 5862 ostendens
2180 5809 2299 5864 illas
2344 5809 2667 5866 adveniente
2715 5811 2820 5867 lide
2851 5828 2957 5866 non
3005 5811 3237 5882 amplius
3267 5822 3456 5882 gentes

1847 5899 2073 5958 futuras.
2101 5901 2243 5960 Nihil
2269 5903 2461 5959 mirum
2493 5919 2641 5975 ergo,
2669 5906 2714 5962 si
2744 5914 2868 5962 ante
2900 5906 3163 5979 baptisma
3192 5905 3452 5976 Spiritum
