4088 6326
637 420 733 472 18ῖ

633 527 977 595 acceperint:
1022 532 1203 575 nostro
1228 531 1442 589 quoque
1467 525 1708 584 tempore
1741 511 1841 564 hoc
1876 508 2067 561 factum
2098 514 2200 595 est.

632 618 727 672 llic
756 594 982 669 ostendit
1015 613 1225 676 Petrus,
1257 610 1393 679 quod
1425 608 1499 660 illi
1532 621 1635 658 non
1669 604 1805 655 sicut
1834 600 1923 653 alii
1959 594 2207 665 baptizati

631 710 769 770 sint,
815 703 908 758 sed
952 701 1121 757 multo
1160 700 1369 754 melius.
1414 697 1538 751 Ideo
1568 695 1643 748 sic
1672 709 1739 746 ex
1771 686 2059 745 abundanti
2094 699 2207 738 rem

630 795 883 863 disponit,
914 808 981 846 nc
1007 790 1132 861 quid
1153 790 1333 844 dicere
1362 787 1587 856 ροςείηι,
1619 783 1715 837 sed
1744 791 1800 836 ιιι
1828 781 1906 835 sic
1933 778 2032 833 sibi
2057 792 2209 846 pares

632 886 861 939 habeant
892 884 1031 938 illos.
1073 880 1139 935 Et
1170 886 1468 951 rogaverunt
1506 876 1653 929 illum
1679 915 1692 940 ,
1744 874 1945 941 inquit,
1999 876 2056 922 ut
2104 883 2213 919 ma-

633 986 788 1029 neret.
837 974 1018 1029 Videu‘
1065 970 1463 1041 quomodonon
1509 964 1840 1019 familiariter
1892 975 2017 1029 erga
2065 958 2211 1012 illum

632 1066 810 1123 affecti
842 1066 1062 1121 essent?
1089 1062 1261 1117 viden’
1290 1070 1544 1129 quantum
1573 1058 1745 1110 zelum
1774 1069 1867 1124 pro
1904 1053 2020 1121 lege
2046 1048 2213 1104 habe-

631 1158 793 1214 rent?
821 1157 935 1212 Non
964 1156 1272 1224 dignitatem
1306 1152 1447 1207 Petri
1476 1149 1692 1206 reveriti
1725 1155 1888 1212 sunt,
1934 1159 2039 1199 non
2070 1142 2211 1198 edita

636 1253 784 1320 signa
806 1291 821 1312 ,
853 1264 955 1301 non
986 1255 1187 1300 tantum
1218 1244 1345 1299 illud
1368 1257 1520 1312 opus,
1552 1239 1695 1311 quod
1743 1244 2046 1306 susceptum
2071 1242 2214 1289 esset

636 1344 887 1406 verbum;
935 1339 1028 1395 sed
1078 1340 1147 1394 ob
1192 1351 1349 1407 parva
1394 1335 1485 1389 illa
1533 1330 1902 1403 disceptabant
1966 1326 2021 1383 Si
2071 1328 2213 1382 enim

635 1437 766 1491 nihil
801 1435 987 1489 horum
1019 1432 1243 1496 inisset,
1288 1444 1396 1484 non
1440 1437 1522 1483 sat
1562 1426 1748 1481 fuisset
1786 1422 2103 1493 prmstitutn.
2146 1421 2216 1473 At

634 1542 739 1582 non
773 1528 842 1580 ita
872 1541 929 1580 se
959 1533 1150 1595 purgat
1175 1523 1362 1577 Petrus
1395 1537 1408 1573 :
1436 1517 1671 1590 prudens
1696 1516 1895 1586 quippe
1924 1520 2075 1577 erat;
2105 1511 2214 1565 imo

637 1634 740 1673 non
773 1633 839 1673 ex
871 1616 1146 1686 prudentia
1193 1614 1359 1683 ipsius
1380 1654 1394 1677 ,
1437 1612 1531 1666 sed
1560 1626 1625 1664 ex
1654 1608 1856 1677 Spiritu
1884 1606 2047 1661 verba
2080 1619 2205 1673 pro-

646 1707 1037 1761 lieiscebanlur.
1084 1705 1147 1759 Et
1174 1705 1226 1758 in
1256 1702 1567 1757 defensioue
1597 1715 1691 1755 sua
1720 1712 1779 1754 se
1809 1713 1913 1752 non
1944 1703 2215 1751 auctorem

637 1798 902 1862 ostendit,
934 1796 1249 1866 sedebique
1277 1794 1462 1848 Deum.
1513 1791 1580 1846 Et
1612 1798 1817 1844 tantum
1859 1803 1963 1841 non
1998 1788 2115 1842 illos
2139 1787 2219 1840 sic

635 1888 861 1945 affatur;
890 1888 1007 1954 Ipse
1036 1886 1180 1951 fecit,
1214 1894 1270 1938 ut
1299 1885 1351 1937 in
1381 1896 1605 1937 excessu
1636 1878 1831 1934 mentis
1860 1892 2037 1933 essem
2071 1895 2083 1931 :
2119 1889 2219 1945 ego

638 1980 779 2034 enim
810 1977 1126 2047 simpliciter
1154 1975 1372 2031 orabam
1408 1991 1419 2025 :
1456 1973 1545 2026 ille
1576 1985 1669 2025 vas
1699 1967 1827 2023 illud
1854 1966 2170 2021 monstravit
2201 1981 2216 2018 :

640 2086 739 2140 ego
768 2068 1194 2124 contradicebam
1227 2085 1239 2119 :
1270 2080 1481 2119 rursum
1505 2064 1591 2118 ille
1618 2062 1787 2128 dixit,
1821 2075 1994 2129 neque
2021 2059 2097 2113 sic
2118 2072 2218 2127 ego

636 2160 813 2223 audivi
850 2177 861 2211 :
893 2157 1118 2228 Spiritus
1132 2158 1286 2228 jussit
1311 2155 1450 2209 abire
1476 2171 1495 2208 .'
1526 2164 1580 2209 et
1609 2153 1795 2208 abiens
1822 2167 1927 2207 nou
1959 2165 2218 2205 accurre-

637 2253 757 2309 bam
788 2272 799 2305 ε
834 2251 940 2307 dixi
970 2251 1112 2322 quod
1144 2252 1283 2306 Deus
1326 2250 1571 2311 miserit;
1621 2256 1675 2302 et
1706 2256 1889 2315 postea
1931 2259 2103 2314 neque
2144 2243 2223 2299 sic

637 2345 932 2414 baptizavi,
963 2344 1057 2398 sed
1088 2358 1297 2398 rursum
1328 2342 1467 2395 Deus
1492 2350 1661 2395 totum
1684 2340 1881 2393 eﬂ'eeit.
1916 2339 2054 2408 Ergo
2083 2337 2222 2391 Deus

641 2436 761 2490 illos
789 2436 1096 2505 baptizavit,
1129 2449 1232 2489 non
1258 2448 1377 2503 ego.
1408 2433 1516 2487 Nec
1542 2432 1708 2498 dixit,
1743 2431 1872 2485 Post
1901 2431 2013 2484 haec
2040 2428 2220 2483 omnia

642 2540 819 2581 annon
849 2526 1128 2595 Oportebat
1163 2525 1376 2579 demum
1422 2538 1612 2593 aquam
1644 2520 1889 2576 addere?
1930 2519 2025 2575 sed
2068 2519 2222 2589 quasi

640 2616 771 2674 nihil
801 2617 1074 2681 deftceret,
1107 2614 1218 2687 Ego
1247 2616 1355 2684 quis
1378 2631 1538 2679 eram,
1568 2613 1772 2682 inquit,
1799 2612 1884 2683 qui
1907 2610 2223 2680 prohibeam

642 2708 846 2761 Deum?
886 2708 1071 2776 Papae,
1120 2708 1293 2776 qualis
1318 2706 1594 2761 defensio!
1647 2705 1830 2775 Neque
1861 2704 2003 2759 enim
2036 2704 2174 2757 dixit
2206 2720 2219 2755 :

644 2800 769 2854 1|.ec
795 2815 923 2869 ergo
952 2814 1076 2853 cum
1102 2799 1282 2853 sciatis
1303 2840 1318 2865 ,
1350 2798 1647 2869 quiescite;
1681 2796 1776 2852 sed
1802 2796 1929 2867 quid
1952 2797 1975 2851 ?
2010 2795 2226 2865 Excipit

642 2893 850 2947 illorum
902 2894 1176 2961 impetum,
1230 2902 1284 2946 et
1324 2892 1428 2945 illis
1457 2890 1828 2945 accusantibus
1885 2905 1945 2945 se
1987 2900 2219 2959 purgat:

645 2983 770 3048 Qui:
796 3001 935 3038 erant
972 2986 1057 3053 qui
1084 3000 1279 3051 possem
1307 2984 1570 3053 prohibere
1608 2981 1772 3036 Deum
1802 2985 1825 3038 ?
1855 2981 2008 3037 dixit.
2044 2981 2223 3038 Vehe-

642 3084 847 3130 menter
874 3086 928 3130 et
956 3077 1187 3146 graviter
1214 3090 1272 3131 se
1301 3074 1539 3129 defendit
1570 3091 1583 3127 :
1616 3074 1730 3128 Non
1762 3083 2004 3142 poteram
2038 3073 2223 3144 prohi-

644 3165 788 3220 bere.
821 3165 973 3221 Unde
1002 3165 1213 3221 tandem
1244 3165 1485 3221 deterriti
1509 3166 1860 3234 quieverunt,
1884 3173 1940 3220 et
1963 3164 2230 3235 gloriﬁca-

647 3266 838 3311 verunt
868 3258 1057 3311 Deum.

715 3350 770 3403 5.
801 3349 887 3403 Sic
912 3360 965 3402 et
994 3365 1089 3404 nos
1113 3357 1323 3419 oportet
1348 3349 1396 3401 in
1428 3348 1790 3417 proximorum
1827 3347 1982 3403 benis
2012 3346 2218 3417 glorifi-

646 3456 769 3497 care
801 3442 987 3505 Deum,
1021 3456 1123 3496 non
1158 3449 1337 3495 autem
1369 3441 1626 3495 insultare
1654 3440 1781 3507 illis,
1814 3440 1954 3494 sicut
1985 3440 2133 3494 multi
2161 3455 2227 3495 ex

646 3550 834 3589 recens
864 3534 1181 3588 illuminutis
1219 3534 1511 3599 insultant,
1542 3532 1755 3602 quando
1787 3532 1971 3587 vident
2006 3533 2143 3587 alios
2167 3532 2228 3585 il-

651 3626 933 3690 luminari,
966 3635 1020 3680 et
1065 3626 1242 3679 statim
1289 3622 1608 3694 demigrare.
1655 3622 1970 3678 Glorilleare
2019 3631 2231 3692 Oportet

652 3718 815 3771 Deum
845 3716 925 3769 vel
953 3715 1093 3785 quod
1123 3728 1342 3769 manere
1384 3729 1489 3767 nou
1517 3713 1798 3767 concedat.
1843 3713 2027 3782 itaque
2066 3722 2152 3777 tu,
2182 3712 2229 3765 si

656 3808 789 3860 velis
812 3848 825 3869 ,
859 3808 1029 3875 majus
1053 3804 1307 3875 accepisti
1336 3803 1565 3867 donum;
1591 3818 1695 3857 non
1726 3801 1868 3884 quod
1898 3801 2229 3855 illuminatus

652 3900 763 3967 sis(
788 3899 885 3952 hoc
908 3898 1052 3952 enim
1078 3898 1190 3966 ipse
1216 3906 1385 3952 tecum
1408 3911 1693 3951 commune
1720 3894 1938 3966 habet);
1969 3894 2063 3949 sed
2086 3894 2227 3965 quod

653 3988 719 4042 ad
765 3988 1019 4057 prmclare
1054 3988 1314 4058 agendqu
1359 3998 1568 4057 tempus
1592 3987 1882 4057 acceperis.
1921 3986 2011 4040 llle
2038 3986 2229 4039 stolam

656 4078 845 4142 induit,
880 4094 975 4133 nec
1016 4079 1331 4147 permissum
1357 4078 1404 4132 ei
1433 4077 1565 4141 fuit,
1596 4088 1650 4130 ut
1681 4076 1767 4129 illa
1796 4091 1854 4130 se
1881 4075 2230 4145 spectabilem

653 4172 906 4227 redderet
939 4189 950 4224 :
978 4170 1069 4224 tibi
1108 4171 1330 4224 multam
1361 4169 1508 4223 dedit
1541 4169 1679 4223 Deus
1707 4169 2015 4222 facultatem
2050 4167 2229 4221 utendi

654 4264 819 4316 armis
849 4270 907 4315 ut
933 4270 1175 4330 oportet,
1200 4270 1253 4315 et
1286 4261 1407 4313 ltiue
1450 4259 1535 4313 illa
1569 4258 1821 4326 experiri.
1869 4259 1960 4313 1110
2001 4268 2227 4328 migrat,

658 4353 776 4407 tidei
807 4362 1009 4406 tantum
1034 4352 1334 4406 mercedem
1364 4350 1568 4406 habens
1599 4367 1611 4403 :
1644 4359 1697 4404 tu
1724 4361 1835 4405 stas
1861 4351 1912 4404 in
1940 4350 2135 4416 stadio,
2178 4359 2232 4404 et

657 4444 849 4497 multas
878 4458 1099 4512 operum
1130 4441 1405 4501 mercedes
1430 4443 1672 4510 accipere
1700 4450 1871 4511 potes,
1900 4451 2058 4509 atque
2084 4448 2230 4495 tanto

662 4534 753 4588 illo
785 4533 1113 4602 splendidior
1138 4546 1397 4602 apparere
1418 4574 1431 4597 ,
1456 4540 1654 4601 quanto
1684 4532 1763 4585 801
1792 4531 2009 4584 minima
2038 4530 2191 4585 stella
2216 4572 2229 4595 ,

655 4634 855 4694 quanto
882 4624 986 4678 dux
1021 4624 1206 4677 ultimo
1233 4623 1418 4689 milite,
1462 4623 1565 4676 imo
1591 4630 1791 4691 quanto
1820 4637 1933 4676 rex.
1968 4622 2128 4692 Igitur
2157 4632 2237 4676 te-

657 4716 827 4782 ipsum
878 4700 1359 4779 critninarefimo
1406 4728 1472 4767 ne
1520 4713 1856 4780 erimineris,
1901 4712 1996 4767 sed
2026 4712 2234 4783 corrige

656 4822 867 4877 semper
894 4827 905 4861 :
937 4822 1040 4862 non
1067 4809 1219 4861 enim
1239 4806 1436 4860 sufﬁcit
1458 4806 1726 4859 criminari
1748 4844 1762 4868 ,
1791 4805 1913 4858 licet
1934 4803 2229 4859 decertare.

660 4900 903 4968 lh-jectus
932 4901 1028 4954 es?
1054 4900 1231 4970 gravia
1262 4916 1449 4970 passus
1476 4899 1572 4953 es?
1595 4898 1857 4967 Resurge,
1886 4898 2115 4968 teipsum
2140 4913 2231 4954 re-

658 5006 778 5044 crea
809 5008 821 5045 :
851 5002 960 5045 stas
990 4991 1164 5045 adhuc
1210 4992 1263 5044 in
1312 4990 1482 5044 studio
1503 5031 1515 5052 ,
1561 4989 1734 5044 adhuc
1766 4989 2030 5044 theatrum
2060 4988 2229 5044 adest.

658 5084 770 5137 Non
802 5084 970 5149 vides,
1002 5093 1128 5153 quot
1159 5084 1210 5137 in
1241 5098 1411 5152 pugna
1441 5082 1727 5151 prostrati,
1758 5098 1968 5136 rursum
1992 5082 2235 5137 decerta-

656 5179 813 5230 runt?
854 5179 1078 5231 Tantum
1127 5194 1193 5233 ne
1240 5190 1430 5248 sponte
1476 5178 1813 5233 suecumbas.
1858 5178 2077 5233 Beatum
2106 5179 2236 5235 dicis

655 5284 775 5321 eum
830 5271 915 5338 qui
970 5270 1249 5325 defunctus
1303 5270 1427 5326 est?
1489 5270 1743 5340 Teipsum
1802 5272 1969 5341 magis
2022 5271 2233 5327 beatum

658 5358 840 5414 ιιιιςῑιυ.
876 5359 1090 5414 Solutus
1113 5370 1195 5415 est
1220 5376 1249 5414 a
1280 5360 1507 5429 peccatis
1549 5360 1672 5415 ille?
1700 5360 1804 5416 Sed
1825 5404 1839 5427 ,
1869 5364 1911 5416 si
1944 5363 2096 5429 velis,
2129 5380 2233 5419 non

663 5451 821 5504 modo
848 5460 1065 5520 peccata
1110 5452 1331 5517 ablnes,
1391 5452 1496 5507 imo
1552 5455 1714 5508 etiam
1772 5453 1927 5508 bonis
1983 5456 2235 5525 operibus

663 5543 947 5598 instructus
976 5546 1105 5611 eris,
1143 5545 1283 5615 quod
1326 5545 1413 5601 ille
1440 5562 1542 5603 non
1574 5558 1768 5619 potest.
1818 5549 2109 5606 Passumus
2137 5564 2235 5606 nos

660 5637 802 5703 ipsos
834 5651 1103 5693 revocare.

736 5727 1048 5781 l’tenitentia:
1091 5731 1364 5798 pharmace
1411 5749 1594 5804 magna
1640 5742 1776 5787 sunt.
1804 5764 1875 5775 —
1897 5732 2079 5803 Magna
2110 5742 2234 5787 sunt

657 5820 989 5887 poenitentiae
1041 5820 1322 5890 pharmaca
1358 5840 1369 5878 :
1402 5838 1558 5880 nemo
1597 5825 1662 5879 dc
1705 5840 1761 5882 sc
1808 5825 2073 5896 desticret.
2136 5826 2228 5880 ille

1372 405 1425 457 S.
1468 398 1742 456 JOANNIS
1780 392 2247 452 CIIRYSOSTOW
2292 387 2605 442 Alltlllli-Il’.
2652 382 3185 439 CONSTANTINOP.

3822 382 3917 431 11ξῖ

2322 516 2443 553 vere
2476 498 2856 568 desperatione
2884 499 3074 567 dignus
3098 538 3112 561 ,
3147 497 3233 567 qui
3266 496 3513 564 desperat
3542 537 3555 549 .
3587 494 3675 546 ille
3703 510 3810 546 non
3838 498 3916 545 ut-

2322 602 2398 645 tra
2423 605 2570 658 spem
2614 590 2801 642 salutis
2833 589 2992 642 habet
3020 591 3059 641 ‘.
3110 588 3224 641 Non
3257 597 3361 640 tam
3388 602 3553 655 grave
3584 598 3668 639 est
3696 586 3751 638 in
3788 599 3915 653 pro-

2322 684 2540 737 fundum
2586 682 2851 736 malorum
2880 684 3066 736 venire
3090 723 3105 748 ,
3136 696 3294 751 quam
3322 690 3503 750 postea
3537 680 3649 733 illic
3683 680 3873 748 jacere
3904 696 3915 729 :

2321 790 2423 829 non
2454 774 2672 843 impium
2701 782 2784 828 est
2813 775 2864 827 in
2899 774 3220 843 profundum
3254 774 3511 828 malorum
3541 772 3884 827 descendere
3903 814 3916 836 ,

2320 866 2411 921 sed
2440 866 2509 919 ibi
2542 866 2774 934 positum
2798 874 3169 921 contemnere.
3193 866 3354 933 Num,
3379 880 3593 935 quaeso,
3631 864 3719 919 ubi
3746 866 3923 936 magis

2320 957 2605 1011 sollicitum
2658 970 2780 1011 esse
2808 964 3105 1025 oporteret,
3154 957 3227 1011 ibi
3271 955 3619 1011 contemnis?
3648 956 3757 1011 Tot
3784 971 3922 1011 cou-

2321 1050 2498 1106 fossus
2522 1051 2832 1105 vulneribus
2856 1091 2872 1116 ,
2902 1050 3183 1105 cecidisti?
3228 1049 3443 1104 Nullum
3491 1051 3688 1105 anima:
3719 1050 3925 1104 vulnus

2323 1144 2619 1199 insanabile
2650 1155 2734 1198 est
2764 1161 2778 1197 :
2808 1142 2905 1197 sed
2956 1144 3009 1197 in
3048 1156 3277 1213 corpore
3318 1142 3483 1196 multa
3512 1152 3639 1196 sunt
3664 1141 3794 1195 talia
3816 1184 3832 1212 ,
3867 1143 3924 1194 in

2320 1237 2496 1291 anima
2528 1236 2755 1291 nullum.
2784 1237 2878 1291 illa
2906 1245 3082 1290 tamen
3131 1235 3416 1305 diligenter
3440 1250 3634 1291 curare
3665 1249 3774 1290 non
3802 1236 3912 1291 de-

2321 1331 2593 1395 sistimus;
2623 1330 2738 1384 hrec
2765 1344 2896 1385 vero
2928 1330 3267 1403 negligimus.
3308 1328 3423 1382 Non
3452 1328 3600 1383 vides
3633 1330 3905 1383 latronem

2323 1422 2492 1486 illum,
2522 1437 2677 1492 quam
2704 1422 2850 1477 brevi
2876 1432 3117 1489 tempore
3141 1421 3398 1491 praeclara
3429 1419 3661 1475 fecerit?
3690 1435 3802 1475 non
3829 1422 3917 1475 vi~

2323 1514 2418 1569 des
2466 1522 2759 1584 martyres,
2789 1513 3063 1583 quomodo
3118 1513 3267 1568 brevi
3312 1523 3555 1583 tempore
3594 1522 3767 1568 totum
3797 1530 3927 1582 per-

2324 1605 2609 1661 fecerunt?
2640 1604 2709 1658 At
2738 1620 2844 1658 non
2872 1602 2982 1673 jam
3011 1613 3095 1659 est
3122 1604 3363 1674 martyrii
3394 1604 3646 1673 tempus?
3672 1603 3780 1660 Sed
3804 1619 3928 1659 cer-

2324 1697 2586 1751 taminum
2616 1704 2826 1766 tempus
2852 1703 2936 1750 est
2960 1737 2975 1763 ,
3014 1695 3058 1750 si
3088 1695 3314 1761 velimus
3340 1737 3355 1759 ,
3384 1704 3443 1749 ut
3467 1710 3614 1765 stepe
3638 1695 3783 1749 dixi.
3820 1695 3927 1762 Qui

2320 1792 2465 1845 enim
2494 1791 2699 1855 volunt,
2734 1790 2937 1859 inquit,
2968 1790 3019 1842 in
3047 1789 3252 1844 Clu-isto
3279 1788 3403 1844 Iesu
3434 1789 3513 1858 pie
3534 1789 3717 1854 vivere,
3752 1805 3927 1859 perse-

2320 1885 2614 1952 quutiouem
2657 1881 2915 1951 patientur
2942 1882 3017 1952 (‘2.
3052 1880 3184 1934 Tim.
3213 1882 3265 1935 5.
3299 1879 3410 1953 12).
3438 1879 3540 1946 Qui
3574 1882 3665 1950 pie,
3701 1881 3925 1945 vivunt,

2331 1990 2546 2043 semper
2578 1973 3049 2041 persequutiouem
3090 1974 3398 2043 patiuntur:
3443 1972 3489 2027 si
3520 1988 3626 2027 non
3654 1973 3721 2029 ab
3749 1974 3929 2027 homi-

2325 2067 2502 2131 nibus,
2530 2073 2677 2120 certe
2701 2080 2730 2118 a
2756 2061 3113 2131 daemonibus,
3144 2080 3263 2134 quze
3291 2079 3420 2119 sane
3448 2066 3664 2135 gravior
3692 2075 3781 2121 est
3809 2082 3929 2135 per-

2325 2158 2589 2225 sequutio.
2622 2158 2685 2211 Et
2726 2158 2901 2227 primo
2924 2173 2986 2211 ex
3017 2157 3221 2211 incuria
3260 2157 3399 2212 hanc
3428 2159 3696 2213 sustinent
3728 2159 3762 2212 ii
3788 2200 3806 2226 ,
3836 2160 3928 2228 qui

2326 2265 2431 2304 non
2462 2250 2701 2320 vigilant.
2736 2251 2817 2303 An
2847 2264 3063 2320 parvam
3095 2257 3249 2318 putas
3280 2252 3765 2320 persequutiouem
3796 2265 3922 2304 eum

2328 2342 2530 2395 incuria
2558 2340 2774 2395 vivere?
2800 2339 2911 2395 lioc
2953 2341 3195 2394 omnium
3238 2350 3324 2395 est
3367 2342 3780 2409 gravissimum,
3828 2341 3931 2395 hoc

2329 2433 2738 2501 persequutione
2768 2432 2939 2502 pejus.
2990 2432 3121 2486 Nam
3148 2435 3293 2488 velut
3342 2432 3517 2487 ﬂuxus
3547 2448 3803 2498 manans,
3841 2432 3927 2487 in-

2325 2525 2469 2578 curia
2506 2524 2741 2578 animam
2783 2524 2991 2579 emollit
3024 2541 3036 2577 :
3075 2524 3414 2595 idipsumque
3443 2535 3526 2580 est
3578 2528 3933 2595 persequutio

2326 2627 2381 2672 et
2414 2616 2652 2679 incuria,
2684 2615 2828 2685 quod
2873 2626 3032 2671 aestas
3080 2626 3133 2671 et
3187 2616 3379 2671 hiems.
3430 2616 3501 2671 Ut
3525 2626 3706 2671 autem
3759 2618 3932 2688 magis

2329 2709 2537 2764 ediscas
2585 2708 2823 2778 peiorem
2869 2724 2991 2765 esse
3044 2709 3184 2764 hanc
3236 2710 3751 2779 persequutiouem,
3806 2710 3933 2765 hinc

2330 2800 2916 2869 perpendezsomnum
2968 2800 3021 2853 in
3068 2800 3302 2854 animam
3364 2801 3636 2865 immittit,
3692 2802 3933 2856 oscitan-

2332 2892 2455 2944 tiam
2489 2901 2542 2945 et
2574 2890 2952 2961 negligentiam
2981 2907 3228 2962 magnam
3270 2891 3427 2956 indit,
3455 2893 3742 2961 passiones
3778 2893 3934 2947 undi-

2328 2997 2431 3052 que
2456 2984 2683 3049 excitat;
2732 2994 2906 3038 armat
2944 2982 3171 3049 fastum,
3221 2993 3395 3038 armat
3425 2984 3765 3055 voluptatem
3791 3028 3806 3051 ,
3841 3002 3931 3041 ar-

2331 3085 2439 3130 mat
2464 3077 2617 3141 iram,
2650 3077 2904 3132 invidiam
2928 3118 2942 3143 ,
2980 3092 3169 3131 vanam
3200 3078 3427 3147 gloriam
3454 3120 3469 3144 ,
3501 3080 3929 3135 mmutationem.

2332 3170 2401 3223 At
2438 3170 2486 3222 in
2512 3170 2934 3239 persequutioue
2978 3170 3112 3226 nihil
3157 3169 3346 3224 horum
3375 3169 3595 3225 turbare
3624 3172 3811 3235 valet;
3844 3187 3935 3228 ve-

2332 3276 2449 3314 rum
2482 3261 2640 3315 timor
2666 3260 2925 3315 invadens
2952 3300 2967 3325 ,
2996 3262 3146 3329 quasi
3174 3260 3404 3330 quodam
3432 3260 3604 3332 ﬂagro
3636 3262 3934 3319 latrantem

2331 3366 2518 3406 canem
2546 3353 2834 3421 impetens,
2868 3351 2967 3407 bos
2993 3367 3183 3407 omnes
3202 3352 3367 3406 animi
3393 3362 3572 3408 motus
3598 3369 3669 3409 ne
3694 3354 3936 3410 suboriri

2332 3446 2545 3515 quidem
2577 3446 2725 3499 sinit.
2754 3445 2886 3512 Quis
2930 3446 2981 3499 in
3027 3445 3441 3515 persequutioue
3468 3461 3606 3500 vana
3633 3448 3808 3517 gloria
3854 3446 3935 3503 cf-

2335 3540 2457 3594 ferri
2504 3540 2716 3609 potest?
2746 3541 2865 3609 quis
2915 3540 2968 3593 in
3002 3539 3275 3609 voluptate
3317 3538 3551 3609 degere?
3593 3536 3808 3604 Nemo;
3843 3539 3934 3594 sed

2337 3641 2538 3686 tremor
2583 3632 2779 3685 multus
2812 3640 2864 3686 et
2906 3640 3080 3686 metus
3121 3629 3317 3696 adest,
3351 3630 3441 3699 qui
3482 3644 3737 3700 magnam
3801 3632 3937 3700 parit

2336 3724 2813 3795 tranquillitatem,
2870 3723 3140 3794 placidum
3190 3731 3342 3793 parat
3388 3732 3638 3793 portum,
3696 3723 3936 3777 animam

2346 3816 2486 3885 piam
2508 3815 2699 3871 reddit.
2719 3816 2909 3871 Audivi
2937 3815 3226 3886 aliquando
3249 3825 3427 3885 patres
3451 3823 3670 3869 nostros
3691 3814 3939 3871 dicentes

2336 3907 2432 3976 (id
2465 3907 2606 3977 quod
2644 3922 2711 3961 ne
2740 3917 2924 3961 nostra
2968 3916 3128 3960 aetate
3176 3904 3267 3959 {lat
3292 3914 3456 3975 OplO;
3483 3904 3740 3974 iubemur
3786 3906 3933 3961 enim

2338 4000 2685 4053 tentationem
2717 4013 2822 4051 non
2858 4006 3038 4067 petere
3060 3995 3102 4067 ).
3135 3995 3279 4067 quod
3308 3996 3434 4051 olim
3470 4006 3715 4065 tempore
3750 4012 3939 4066 perse-

2335 4093 2607 4162 quutionis
2641 4092 2823 4148 videre
2864 4101 2977 4146 erat
3011 4094 3155 4146 viros
3199 4106 3328 4146 vere
3354 4090 3713 4145 Christianos.
3746 4090 3940 4146 Nullus

2335 4185 2637 4254 enim.opes
2668 4185 2911 4246 curabat,
2945 4199 3050 4239 non
3079 4197 3325 4245 uxorem.
3356 4196 3463 4237 non
3492 4180 3665 4249 filios,
3698 4197 3813 4238 non
3846 4183 3940 4238 do-

2336 4292 2517 4344 mum,
2570 4292 2674 4330 non
2717 4278 2943 4345 patriam
2976 4294 2989 4329 :
3022 4292 3124 4329 una
3163 4276 3413 4331 omnibus
3451 4289 3579 4330 cura
3620 4284 3744 4330 erat
3789 4291 3941 4331 suam

2336 4382 2553 4423 servare
2571 4370 2823 4421 animam.
2853 4367 2956 4421 Alii
2977 4370 3030 4421 in
3054 4368 3419 4423 monumentis
3445 4376 3502 4423 et
3528 4368 3827 4438 sepulcris,
3852 4370 3939 4423 alii

2339 4460 2391 4513 in
2422 4459 2649 4514 desertis
2681 4459 2938 4514 latebant.
2988 4458 3106 4514 Non
3157 4458 3332 4513 solum
3377 4467 3555 4513 autem
3587 4458 3727 4525 viri,
3761 4460 3860 4514 sed
3891 4470 3944 4515 et

2339 4552 2591 4606 mulieres
2621 4560 2822 4606 tenerae
2844 4566 2906 4605 ac
2931 4550 3177 4605 delicata:
3206 4559 3331 4604 tunc
3357 4549 3800 4614 occultabantur,
3820 4566 3939 4606 cum

2344 4654 2599 4714 perpetua
2636 4644 2773 4700 fame
2802 4643 3194 4700 conﬂictantes.
3243 4643 3427 4715 Cogita
3457 4659 3617 4715 ergo,
3654 4660 3789 4700 num
3821 4661 3940 4701 mu-

2339 4736 2457 4791 lieri
2487 4736 2551 4791 ad
2579 4736 2884 4806 sepulcrum
2931 4736 3121 4792 latenti
3161 4736 3491 4791 etancillam
3534 4737 3804 4792 ferentem
3828 4750 3942 4793 cte-

2340 4845 2460 4883 nam
2484 4829 2853 4899 exspectanti,
2888 4842 2952 4883 ac
2991 4842 3059 4882 nc
3085 4835 3370 4897 caperetur
3398 4826 3643 4893 timenti,
3692 4828 3941 4899 atquein

2339 4920 2585 4989 sepulcro
2608 4921 2758 4990 quasi
2801 4920 2852 4973 in
2893 4918 3115 4973 fornace
3142 4916 3387 4981 sedenti,
3420 4915 3639 4987 aliquod
3669 4919 3759 4973 vel
3789 4933 3941 4975 sum-

2339 5020 2525 5082 ptuum
2551 5011 2638 5067 vel
2667 5011 2985 5067 deliciarum
3015 5009 3341 5064 desiderium
3385 5008 3549 5065 fuerit
3577 5026 3593 5075 ;
3626 5026 3761 5065 num
3806 5020 3936 5067 tunc

2343 5102 2604 5171 putaverit
2628 5102 2710 5156 vel
2749 5101 2971 5156 delicias
2996 5100 3081 5155 vel
3122 5100 3378 5155 mundum
3406 5102 3720 5157 exsistere?
3750 5102 3945 5159 Videu'

2342 5209 2481 5249 nunc
2510 5194 2769 5264 majorem
2807 5207 2929 5249 esse
2959 5193 3427 5263 persequutiouem
3450 5233 3465 5258 ,
3493 5191 3625 5247 dum
3663 5195 3839 5250 animi
3868 5193 3944 5250 af-

2342 5286 2510 5342 fectus
2528 5288 2681 5358 quasi
2711 5287 2837 5342 ferte
2855 5302 2953 5341 nos
2981 5285 3276 5341 invadunt?
3300 5285 3451 5340 Nunc
3476 5293 3623 5341 certe
3648 5287 3837 5357 gravis
3863 5299 3945 5343 est

2345 5380 2688 5449 persequutio
2714 5419 2729 5441 ,
2759 5377 2887 5432 dum
2918 5386 3133 5447 putatur
3162 5376 3365 5432 nullam
3396 5391 3517 5433 esse
3553 5379 3942 5450 persequutio-

2344 5486 2489 5525 nem.
2522 5474 2589 5524 At
2615 5470 2757 5525 enim
2799 5468 2937 5523 istud
2971 5470 3167 5524 bellum
3196 5469 3298 5525 hoc
3328 5470 3708 5541 gravissimum
3734 5470 3899 5528 habet
3925 5516 3940 5539 ,

2343 5564 2482 5635 quod
2513 5580 2611 5634 pax
2644 5578 2764 5617 esse
2801 5561 3081 5629 credatur;
3117 5563 3189 5617 ita
3215 5571 3273 5617 ut
3297 5576 3447 5618 arma
3478 5578 3585 5619 non
3614 5579 3895 5619 sumamus
3918 5607 3938 5631 ,

2343 5669 2441 5710 nec
2468 5665 2654 5711 contra
2689 5653 2965 5709 inimicum
3012 5653 3355 5719 insurgamus
3386 5671 3399 5710 :
3429 5654 3610 5710 nullus
3640 5655 3897 5711 formidat
3919 5696 3939 5725 ς

3206 5756 3224 5785 1

2408 5835 2423 5864 ί
2462 5829 2554 5880 Alii
2578 5828 2781 5890 habent,
2802 5840 2897 5879 non
2930 5825 3062 5878 ultra
3087 5827 3291 5879 salutem
3315 5826 3478 5890 habet,
3500 5838 3654 5891 neque
3674 5839 3801 5889 δρα.
3860 5832 3866 5840 ·
