4088 6326
188 426 286 482 187

188 550 301 603 ἀλλ’
352 550 444 603 ὅτε
482 550 513 603 6
551 549 688 614 Θεὸς
733 549 1024 620 ἐχαρίσατο
1078 548 1138 601 τὸ
1184 546 1428 618 Πνεῦμα,
1482 546 1570 599 ὅτε
1609 546 1637 598 6
1671 543 1877 615 Πέτρος

188 636 416 710 ἐξετίθει
444 636 548 708 τὴν
606 637 803 691 ἐαυτοῦ
836 635 1116 697 ἔκστασιν,
1146 634 1359 703 λέγων·
1410 634 1470 687 '0
1525 632 1660 695 Θεὸς
1710 629 1879 696 ἔδειξὲ

190 742 281 795 μοι
318 724 530 795 μηδένα
568 725 748 777 κοινὸν
782 722 812 794 ἢ
868 722 1178 794 ἀκάθαρτον
1210 721 1390 791 λέγειν
1428 719 1738 791 ἄνθρωπον.
1770 717 1876 771 0'6—

181 829 297 874 τως
331 811 539 865 ἄνωθεν
572 811 687 881 ᾔδει
724 809 900 863 τοῦτο.
936 810 1027 862 Διὸ
1075 810 1168 862 καὶ
1210 805 1726 880 προκατασκευάζει
1788 808 1881 857 τὸν

183 898 346 967 λόγον
376 898 467 952 τὸν
506 898 649 968 ὑπὲρ
677 896 785 950 τῶν
804 896 992 963 ἐθνῶν,
1020 896 1255 960 δεικνὺς,
1282 897 1363 949 ὅτι
1390 896 1511 949 οὐδὲ
1533 895 1664 964 ἔθνη
1693 890 1880 946 λοιπὸν

180 980 253 1056 ῆν
318 987 419 1056 τῆς
475 985 768 1047 πίστεωςει
820 985 1300 1056 παραγενομένης.
1355 982 1523 1036 Οὐδὲν
1565 980 1881 1051 θαυμαστὸν

182 1076 389 1139 τοίνυν,
428 1074 477 1126 εί
533 1073 639 1145 πρὸ
694 1072 787 1126 τοῦ
850 1073 1229 1144 βαπτίσματος
1276 1071 1339 1125 τὸ
1386 1070 1615 1142 Πνεῦμα
1645 1070 1879 1124 ἔλαϐον

182 1170 282 1223 καὶ
344 1169 429 1239 ἐφ’
466 1168 625 1239 ἡμῶν
671 1167 829 1221 τοῦτο
887 1168 1132 1237 γέγονεν.
1196 1165 1461 1220 Ἐνταῦθα
1517 1164 1789 1243 δείκνυσιν
1854 1166 1883 1217 6

182 1258 419 1327 Πέτρος,
448 1258 529 1310 δτι
555 1256 673 1309 οὐδέ
700 1255 775 1318 ὡς
801 1256 849 1309 οί
880 1254 1057 1308 λοιποὶ
1083 1253 1515 1324 ἐϐαπτίσθησαν,
1534 1252 1671 1308 ἀλλά
1702 1252 1881 1323 πολλῷ

183 1346 422 1414 βέλτιον.
458 1342 559 1397 Διὰ
578 1343 736 1396 τοῦτο
761 1333 832 1396 δὲ’
850 1342 1024 1406 οὕτως
1057 1345 1121 1396 ἐκ
1152 1343 1472 1412 περιουσίας
1493 1344 1878 1411 οἰκονομεῖται,

181 1434 269 1485 ῖνα
316 1432 485 1503 μηδὲν
523 1430 688 1501 ἔχωσι
731 1428 928 1498 λέγειν,
965 1429 1104 1483 ἀλλὰ
1166 1430 1270 1483 κᾶν
1302 1429 1475 1493 οὕτως
1516 1431 1663 1491 ἴσους
1695 1428 1881 1492 αὐτοῖς

179 1519 473 1590 νομίσωσι.
529 1518 638 1573 Καὶ
701 1519 1022 1586 ἠρώτησαν
1077 1518 1284 1582 αὐτὸν,
1332 1517 1520 1587 φησὶν,
1559 1514 1875 1584 ἐπιμεῖναι.

191 1607 384 1678 Ὁρᾷς,
432 1607 550 1671 πῶς
604 1608 705 1659 οὐκ
738 1606 954 1669 οἰκείως
988 1606 1124 1676 πρὸς
1182 1605 1347 1658 αὐτὸν
1399 1604 1697 1668 διέκειντο;
1738 1598 1879 1665 εἶδες

179 1696 289 1749 τὸν
328 1695 513 1767 ζῆλον,
568 1690 679 1748 οἷον
710 1689 855 1765 εἶχον
901 1693 1041 1765 ὺπέρ
1088 1692 1182 1746 τοῦ
1215 1693 1410 1764 νόμους
1448 1692 1522 1745 Οὐ
1560 1690 1620 1745 τὸ
1659 1689 1877 1761 ἀξίωμα

185 1784 397 1854 Πέτρου
422 1782 751 1853 ᾐδέσθησαν,
780 1783 841 1836 οὐ
885 1782 956 1836 τά
999 1782 1269 1852 γενόμενα
1306 1783 1529 1850 σημεῖα,
1565 1780 1625 1833 οὗ
1646 1780 1707 1831 τὸ
1745 1796 1877 1833 κατ-

179 1872 435 1942 όρθωμα,
474 1872 597 1924 ὅσον
647 1865 715 1940 ἦν
766 1870 827 1923 τὸ
873 1870 1130 1934 δέξασθαι
1183 1870 1274 1922 τὸν
1326 1868 1516 1937 λόγον’
1567 1868 1682 1920 ἀλλ’
1738 1868 1877 1935 ὑπὲρ

177 1961 289 2013 τῶν
327 1954 541 2031 μικρῶν
571 1960 794 2013 ἐκείνων
818 1959 1164 2031 διεκρίνοντο.
1231 1959 1293 2011 Εἰ
1333 1958 1443 2029 γὰρ
1476 1957 1642 2029 μηδὲν
1668 1956 1875 2009 τούτων

176 2044 247 2119 ῆν
280 2050 332 2113 δ,
370 2050 469 2101 οὐκ
517 2050 681 2120 ἢρκει
732 2049 792 2102 τὸ
828 2048 1179 2120 κατόρθωμα.
1224 2048 1363 2101 Ἀλλ’
1399 2048 1498 2101 οὑκ
1523 2047 1874 2116 ἀπολογεῖται

178 2138 327 2191 οὕτω
386 2137 628 2209 Πέτροςο
695 2137 912 2201 συνετὸς
964 2137 1075 2209 γάρ
1126 2132 1193 2209 ἦν
1226 2154 1239 2167 ·
1287 2136 1486 2208 μᾶλλον
1548 2135 1603 2188 δέ
1655 2135 1715 2187 οὑ
1776 2134 1877 2204 τῆς

178 2225 454 2287 συνέσεως
496 2224 661 2278 αὐτοῦ
712 2221 802 2295 ἧν,
839 2225 975 2279 ἀλλὰ
1021 2225 1116 2277 τοῦ
1167 2225 1483 2296 Πνεῦματος
1520 2225 1588 2278 τὰ
1630 2224 1870 2295 ῥήματα.

176 2312 288 2365 Καὶ
329 2311 570 2365 δείκνυσι
610 2312 696 2365 διὰ
736 2313 837 2383 τῆς
901 2312 1196 2382 ἀπολογίας
1235 2313 1427 2366 ἐαυτὸν
1471 2311 1571 2383 μὲν
1631 2310 1871 2381 οὐδαμοῦ

176 2400 373 2462 αἴτιον,
418 2399 696 2470 πανταχοῦ
756 2399 812 2453 δέ
860 2400 951 2453 τὸν
1005 2401 1159 2455 Θεόν.
1223 2400 1334 2453 Καὶ
1394 2401 1678 2469 μονονουχὶ
1735 2397 1874 2468 πρὸς

174 2488 381 2550 αὐτοὺς
414 2487 571 2541 τοῦτο
618 2488 795 2557 λέγει’
848 2488 938 2541 Ἐν
969 2488 1225 2542 ἐκστάσει
1284 2505 1350 2557 με
1396 2486 1656 2555 γενέσθαι
1710 2484 1873 2547 αὐτὸς

175 2576 437 2648 ἐποίησεν
466 2594 479 2609 ο
543 2577 655 2646 ἐγὼ
708 2578 817 2649 γάρ
874 2578 1063 2641 άπλῶς
1104 2579 1541 2649 προσευχόμενος
1577 2578 1726 2648 ἥμην
1754 2592 1768 2605 ⁶
1806 2573 1873 2630 ’τὸ

176 2664 376 2728 σκεῦος
436 2664 598 2729 αὐτὸς
668 2665 904 2731 ἔδειξεν·
970 2666 1081 2735 ἐγὼ
1144 2668 1433 2721 ἁντεῖπον’
1493 2666 1656 2719 πάλιν
1708 2664 1872 2729 αὐτὸς

175 2748 352 2813 εἶπεν,
387 2752 483 2804 καὶ
526 2752 646 2805 οὐδέ
698 2752 872 2815 οὕτως
921 2754 1164 2824 ἥκουσα·
1236 2754 1306 2808 Τὸ
1353 2752 1596 2823 Πνεῦμα
1620 2752 1868 2807 ἐκέλευ-

173 2855 287 2894 σεν
316 2840 607 2896 ἀπελθεῖν
633 2858 646 2871 ·
685 2841 780 2893 καὶ
839 2841 989 2911 ὅμως
1044 2840 1296 2895 ἀπελθὼν
1326 2842 1426 2895 οὐκ
1478 2842 1785 2913 ἐπέδραμον
1817 2852 1865 2881 οο

173 2925 351 2992 εἷπον,
377 2931 459 2983 ὅτι
488 2930 516 2981 6
556 2930 687 2993 Θεὸς
723 2928 960 3000 ἔπεμψε,
994 2930 1091 2983 καὶ
1144 2930 1284 3000 μετά
1331 2930 1505 2983 ταῦτα
1543 2930 1665 2983 οὺδέ
1697 2930 1871 2993 οὕτως

173 3017 487 3081 ἐϐάπτισα,
557 3017 693 3070 ἀλλὰ
745 3017 908 3071 πάλιν
974 3020 1001 3071 ό
1059 3018 1192 3081 Θεὸς
1253 3017 1313 3071 τὸ
1365 3019 1475 3071 πᾶν
1547 3018 1867 3087 εἰργάσατο.

177 3110 320 3178 ’Λρα
352 3098 485 3172 Θεὸς
517 3108 714 3170 αὐτοὺς
763 3108 1078 3173 ἐϐάπτισεν,
1136 3108 1237 3161 οὐκ
1290 3106 1422 3175 ἐγώ.
1461 3107 1571 3160 Καὶ
1596 3108 1695 3159 οὑκ
1724 3103 1864 3159 εἶπε·

173 3194 393 3249 Τούτων
441 3195 742 3263 γεγονότων
786 3196 1078 3259 ἁπάντων,
1114 3197 1215 3248 οὐκ
1274 3194 1382 3248 ἔδει
1416 3195 1477 3248 τὸ
1516 3193 1661 3263 ὕδωρ
1703 3211 1868 3266 προσ-

171 3282 348 3335 θεῖναι
407 3283 627 3348 λοιπόν;
664 3282 777 3336 ἀλλ’
825 3283 900 3347 ὡς
941 3284 1155 3348 οὐδενὸς
1189 3283 1509 3346 λείποντος,
1562 3281 1713 3353 Ἐγὼ
1776 3282 1868 3349 τίς

174 3370 371 3440 ἤμην,
422 3373 589 3442 φησὶ,
645 3371 921 3427 κωλῦσαι
980 3371 1089 3426 τὸν
1145 3372 1294 3424 Θεόν
1324 3390 1342 3437 ;
1418 3370 1630 3437 Βαϐαὶ,
1687 3372 1775 3425 οία
1832 3371 1866 3441 ἡ

169 3457 475 3526 άπολογίαί
555 3459 615 3511 οὗ
663 3457 774 3528 γάρ
815 3454 976 3511 εἷπε·
1033 3458 1221 3513 Ταῦτα
1270 3454 1365 3513 οὖν
1408 3458 1611 3525 εἰδότες
1650 3460 1868 3530 ἡσυχά-

170 3547 291 3610 ζετε
317 3562 331 3575 ·
380 3546 519 3599 ἀλλὰ
547 3546 599 3599 τί
628 3562 641 3611 ;
703 3546 929 3617 Δέχεται
973 3546 1154 3599 αὐτῶν
1182 3548 1280 3618 τὴν
1311 3546 1488 3618 ὁρμὴν
1507 3588 1522 3612 ,
1572 3548 1666 3600 καὶ
1695 3549 1866 3614 ἐγκα-

169 3633 360 3689 λοῦσιν
409 3635 804 3703 ἀπολογεῖται·
880 3635 977 3703 Τίς
1043 3634 1209 3704 ἥμην
1267 3635 1529 3702 δυνατὸς
1592 3635 1867 3692 κωλῦσαι

168 3722 274 3776 τὸν
329 3723 523 3787 Θεόν;
575 3723 784 3791 λέγων’
842 3722 1051 3794 σφόδρα
1101 3723 1471 3794 ἐντρεπτικῶς
1513 3723 1607 3777 καὶ
1653 3723 1867 3794 βαρέως

168 3812 522 3885 χρησάμενος
573 3814 641 3884 τῇ
689 3811 994 3884 ἀπολογίᾳ’
1064 3811 1178 3865 υὺκ
1233 3812 1520 3883 ἠδυνάμην
1595 3812 1863 3869 κωλῦσαι.

170 3902 338 3955 Ὀθεν
395 3901 583 3955 λοιπὸν
645 3900 1011 3972 φοϐηθέντες,
1062 3900 1381 3970 ἡσύχασαν,
1445 3903 1539 3953 καὶ
1615 3901 1865 3966 ἐδόξαζον

167 3989 253 4043 τὸν
283 3989 452 4045 Θεόν.

233 4085 306 4148 γ’.
325 4078 489 4133 Οῦτω
504 4078 599 4131 καὶ
622 4078 766 4149 ἡμᾶς
798 4078 903 4150 χρὴ
932 4078 989 4131 ἐν
1013 4081 1126 4142 τοῖς
1154 4078 1261 4131 τῶν
1278 4077 1507 4148 πλησίον
1525 4078 1753 4148 ἀγαθοῖς
1774 4081 1863 4134 δο-

167 4167 359 4233 ξάζειν
382 4166 481 4219 τὸν
508 4165 661 4231 Θεὸν,
697 4166 813 4219 ἀλλ’
839 4166 939 4219 οὐκ
963 4166 1313 4238 ἐπηρεάζειν,
1334 4167 1588 4239 καθάπερ
1606 4168 1654 4220 οἱ
1677 4168 1864 4239 πολλοὶ

163 4252 272 4306 τῶν
306 4249 694 4320 νεοφωτίστων
723 4252 1150 4323 ἐπηρεάζουσιν,
1186 4253 1317 4306 ὅταν
1348 4252 1541 4317 ἄλλους
1572 4254 1724 4307 ἴδωσι
1757 4237 1865 4323 φω-

163 4340 459 4403 τισθέντας
490 4339 586 4393 καὶ
628 4339 791 4403 εὐθὺς
832 4339 1119 4403 ἀπιόντας.
1168 4340 1425 4405 Δοξάζειν
1458 4342 1539 4395 δεῖ
1579 4342 1670 4396 τὸν
1704 4342 1857 4409 Θεὸν,

164 4429 254 4482 καὶ
272 4430 360 4481 ὅτι
391 4427 578 4498 μένειν
593 4426 655 4479 οὐ
680 4430 975 4499 συγχωρεῖ.
997 4428 1159 4482 Ὥστε
1184 4427 1331 4501 [196]
1354 4430 1449 4482 καὶ
1472 4432 1537 4483 σὺ
1560 4432 1653 4485 ἐὰν
1679 4431 1858 4505 θέλῃς,

165 4516 391 4586 μείζονα
428 4515 624 4579 ἔλαϐες
656 4516 866 4587 δωρεάν
892 4533 905 4547 ·
935 4516 995 4570 οὐ
1033 4518 1174 4572 κατᾶ
1210 4518 1270 4572 τὸ
1316 4523 1575 4591 φώτισμα
1624 4521 1767 4589 λέγω
1802 4524 1857 4592 (ἡ

162 4603 271 4676 γάρ
301 4604 446 4675 αὐτή
478 4605 593 4657 ἐστι
630 4604 885 4658 κάκείνου
926 4606 1018 4658 καὶ
1062 4605 1205 4670 σοῦ),
1242 4607 1379 4661 ἀλλά
1406 4608 1548 4662 κατὰ
1584 4609 1643 4662 τὸ
1673 4609 1857 4663 λαϐεῖν

162 4692 515 4763 προθεσμίαν
588 4692 1015 4764 εὐδοκιμήσεως.
1086 4696 1328 4759 Ἐκεῖνος
1398 4697 1688 4752 ἐνεδύσατο
1758 4698 1857 4771 τὴν

163 4782 358 4854 στολὴν
385 4782 484 4834 καὶ
508 4781 608 4834 οὐκ
629 4781 804 4853 ἀφέθη
832 4785 1224 4857 ἐμπομπεῦσαι
1257 4787 1314 4837 ἐν
1341 4786 1478 4858 αὐτῇ
1512 4802 1524 4816 ·
1555 4787 1637 4840 σοὶ
1654 4788 1856 4859 πολλὴν

162 4868 363 4923 ἔδωκεν
389 4868 645 4933 ἐξουσίαν
677 4872 705 4923 6
732 4870 865 4934 Θεὸς
903 4873 1213 4943 χρήσασθαι
1242 4876 1352 4937 τοῖς
1382 4875 1570 4938 ὅπλοις
1591 4878 1672 4939 είς
1712 4877 1852 4944 δέον,

162 4957 251 5009 καὶ
277 4957 474 5011 λαϐεῖν
499 4957 681 5010 αὐτῶν
711 4959 960 5013 ἐντεῦθεν
997 4960 1098 5033 τὴν
1129 4965 1346 5034 πεῖραν.
1391 4964 1631 5029 Ἐκεῖνος
1665 4966 1854 5020 ἄπεισι

159 5046 255 5117 τῆς
286 5047 535 5110 πίστεως
568 5047 729 5118 μόνον
754 5047 891 5118 ἔχων
918 5051 1008 5103 τὸν
1036 5050 1229 5121 μισθόν
1265 5068 1278 5082 ’
1326 5054 1390 5106 σὺ
1422 5054 1662 5127 ἕστηκας
1690 5057 1746 5109 ἐν
1774 5054 1855 5125 τῷ

162 5135 363 5205 σταδίῳ
384 5134 500 5188 τῶν
522 5135 701 5207 ἐργων
728 5137 1025 5209 δυνάμενος
1048 5139 1231 5193 λαϐεῖν
1258 5142 1459 5207 πολλὰς
1476 5145 1574 5208 τὰς
1595 5146 1856 5214 ἀμοιϐὰς,

160 5224 252 5276 καὶ
278 5222 544 5277 τοσοῦτον
568 5225 782 5278 ἐκείνου
805 5226 1038 5298 φανῆναι
1061 5228 1461 5302 λαμπρότερος,
1499 5232 1623 5285 ὅσον
1649 5234 1676 5285 6
1700 5234 1853 5304 ἥλιος

157 5311 250 5364 τοῦ
290 5312 636 5383 μικροτάτου
668 5314 920 5385 ἀστέρος,
963 5316 1087 5370 ὅσον
1123 5320 1151 5370 6
1171 5320 1475 5390 στρατηγὸς
1497 5320 1593 5373 τοῦ
1618 5322 1851 5392 ἐσχάτου

161 5400 508 5471 στρατιώτου
532 5440 547 5465 ,
587 5402 786 5471 μᾶλλον
814 5403 870 5456 δέ
904 5404 1026 5458 ὅσον
1063 5407 1090 5457 6
1122 5406 1395 5477 βασιλεύς.
1434 5410 1637 5463 Σαυτὸν
1672 5413 1851 5466 τοίνυν

158 5488 318 5541 αἰτιῶ
340 5506 355 5519 ο
381 5486 589 5559 μᾶλλον
634 5489 689 5542 δέ
736 5490 811 5561 μὴ
848 5494 1027 5558 αἰτιῶ,
1061 5494 1197 5549 ἅλλα
1227 5497 1442 5569 διόρθου
1485 5499 1572 5553 άεί
1595 5516 1607 5529 ·
1638 5500 1699 5553 οὐ
1741 5492 1851 5573 γάρ

161 5574 319 5644 ἀρκεῖ
357 5576 425 5629 τὸ
475 5577 830 5631 αἰτιάσασθαι
861 5598 874 5611 ·
925 5580 1135 5646 ἔξεστιν
1178 5585 1658 5657 ἀναμαχέσασθαι.
1702 5592 1846 5643 Κατ-

161 5661 438 5733 ιϐλήθης;
476 5663 629 5719 δεινὰ
656 5664 892 5735 ἐπαθες;
946 5670 1258 5743 Ἀνάστηθι,
1288 5675 1599 5746 ἀνάκτησαι
1633 5684 1848 5736 σαυτόν’

160 5748 235 5840 ἐτι
268 5752 329 5805 ἐν
363 5750 450 5824 τῷ
482 5754 685 5825 σταδίῳ
716 5754 989 5828 ἕστηκας,
1025 5758 1103 5813 ἐτι
1133 5761 1195 5814 τὸ
1226 5762 1456 5835 θέατρον
1494 5770 1844 5840 συνέστηκεν.

161 5838 268 5909 υῦχ
300 5841 443 5912 ὁρᾷς
493 5843 649 5898 πόσοι
709 5849 1265 5916 καταπαλαισθέντες,
1303 5854 1529 5928 ὕστερον
1586 5838 1850 5931 ἀνεμαχέο

219 5982 439 6062 {Iden},
487 5985 573 6062 Διὸ
619 5990 699 6062 καὶ
739 5995 994 6062 προκ..τρν
1018 5994 1172 6056 λόγον.
1225 6000 1350 6047 Ποῖα
1395 6003 1499 6059 ἓθτη
1543 6006 1726 6062 λοιπὸν,
1760 6010 1845 6057 οὐκ

251 6045 265 6053 -
401 6046 418 6058 ‘
779 6041 787 6053 ι
952 6041 957 6042 ⁷
1056 6041 1065 6043 ⁷
1087 6041 1126 6056 ’θ
1165 6041 1172 6043 “
1229 6041 1350 6047 nn"
1395 6041 1484 6049 ’ν’-ν
1545 6041 1706 6053 ἰν-’.⁷11
1760 6041 1841 6057 VJ,‘

164 6041 373 6129 ξξιιξθςιη,
393 6055 580 6129 ηνῃτῇς
602 6052 822 6126 πίστεως.
952 6057 1084 6129 υμῃς
1120 6061 1157 6106 εἰ
1183 6062 1271 6129 γὰρ
1302 6066 1363 6121 μὴ
1398 6041 1580 6114 τοὺ-ἔων
1615 6046 1747 6119 οὐδέν
1771 6073 1841 6129 ἡν.

191 6099 324 6153 Idem
352 6108 590 6172 ἀπελθεῖν,
619 6115 695 6161 καὶ
722 6116 872 6173 οὕτως
896 6119 1125 6175 ἀπελθὼν,
1149 6099 1505 6183 νέκὲἐρέμυ-,Ϋ
1526 6099 1577 6113 ””
1776 6099 1797 6132 ’¹

1296 426 1364 479 ΙΝ
1402 423 1583 481 ACTA
1625 422 2165 485 APOSTOLORUM.
2210 425 2447 487 IIOMIL.
2493 430 2685 485 XXIV.

3576 436 3680 492 188

1991 564 2188 613 σαντο;
2240 551 2418 603 Μόνον
2470 550 2545 620 μὴ
2601 550 2742 603 ἑκὼν
2788 550 3130 623 καταπέσῃς.
3193 553 3541 623 Μακαρίζεις
3590 555 3684 610 τὸν

1986 635 2332 703 ἀπελθόντας
2388 637 2577 708 Πολλῷ
2630 638 2833 709 μᾶλλον
2872 638 3182 711 μακάρισον
3222 642 3443 695 σαυτόν.
3479 643 3680 716 Ἀφέθη

1990 725 2413 797 ἁμαρτημάτων
2455 728 2698 791 ἐκεῖνος;
2750 726 2913 793 Ἀλλ’,
2959 726 3055 781 ἐὰν
3088 726 3251 798 θέλῃς
3286 730 3383 793 σὺ,
3424 730 3486 782 οὐ
3522 731 3685 800 μόνον

1986 810 2056 863 τὰ
2095 812 2476 885 ἁμαρτήματα
2505 813 2768 885 ἀπονίψῃ,
2793 814 2931 867 ἀλλὰ
2964 816 3059 869 καὶ
3088 814 3493 887 κατορθώματα
3515 816 3683 884 ἕξεις,

1986 900 2124 967 ὅπερ
2168 902 2255 953 ἐπ’
2286 901 2495 955 ἐκείνου
2541 903 2604 955 οὐ
2657 901 2907 957 δυνατόν.
2940 902 3192 959 Ἔνεστιν
3232 905 3382 976 ἡμᾶς
3410 905 3683 961 ἀνακαλέ-

1990 987 2188 1042 σασθαι
2230 989 2479 1055 ἑαυτούς.

2056 1076 2289 1144 Μεγάλα
2316 1077 2417 1147 τῆς
2460 1080 2750 1148 μετανοίας
2786 1079 2862 1133 ’τά
2906 1080 3179 1151 φάρμακα
3206 1100 3219 1112 '
3255 1082 3449 1155 μηδεὶς
3484 1084 3681 1152 ἀπογι-

1990 1164 2247 1216 νωσκέτω
2273 1166 2491 1219 ἐαυτοῦ.
2538 1165 2779 1230 Ἐκεῖνος
2818 1166 2987 1232 ὅντως
3020 1166 3391 1235 ἀπογνώσεως
3432 1169 3603 1233 ἄξιος,
3653 1172 3681 1223 6

1990 1249 2388 1318 ἀπογινώσκων
2437 1253 2631 1305 ἑαυτοῦ
2659 1270 2671 1283 ·
2699 1255 2905 1317 ἐκεῖνος
2957 1255 3058 1308 οὐκ
3112 1255 3192 1309 ἔτι
3253 1256 3529 1327 σωτηρίας
3564 1256 3678 1327 ἔχει

1990 1337 2213 1402 ἐλπίδας
2238 1337 2285 1392 ἀ.
2313 1340 2389 1393 Οὐ
2420 1340 2480 1393 τὸ
2506 1342 2587 1404 είς
2619 1339 2781 1409 βάθος
2814 1340 3001 1394 κακῶν
3026 1342 3201 1395 ἐλθεῖν
3225 1342 3421 1408 δεινὸν,
3445 1343 3583 1398 ἀλλὰ
3617 1347 3678 1398 τὸ

1990 1424 2204 1480 κεῖσθαι
2253 1427 2394 1495 μετά
2428 1428 2490 1481 τὸ
2532 1428 2710 1481 ἐλθεῖν
2739 1446 2752 1459 ·
2776 1429 2839 1483 οὐ
2870 1428 2931 1482 τὸ
2964 1432 3043 1494 είς
3073 1429 3237 1500 βάθος
3277 1432 3467 1486 κακῶν
3502 1432 3678 1484 ἐλθεῖν

1987 1512 2203 1577 ἀσεϐὲς,
2257 1514 2396 1569 ἀλλά
2444 1515 2507 1568 τὸ
2557 1517 2974 1589 καταφρονῆσαι
3027 1518 3167 1588 μετά
3204 1518 3263 1572 τὸ
3292 1519 3487 1573 ἐλθεῖν.
3532 1521 3610 1573 Δι’
3649 1520 3678 1573 6

1986 1600 2223 1668 ὀφείλεις
2274 1604 2567 1674 μεριμνᾷν,
2629 1605 2753 1658 είπέ
2813 1623 2943 1675 μοι,
3003 1606 3205 1676 μᾶλλον
3263 1610 3675 1679 καταφρονεῖς;

1989 1688 2295 1760 Τραύματα
2321 1690 2560 1744 τοσαῦτα
2604 1691 2767 1763 ἔχων,
2813 1694 3113 1759 άνέπεσες;
3164 1693 3330 1748 Οὐδέν
3357 1694 3474 1748 ἐστι
3499 1694 3677 1764 ψυχῆς

1986 1776 2206 1830 ἀνίατον
2243 1777 2465 1849 τραῦμα
2493 1795 2506 1808 ⁸
2538 1780 2655 1841 ἀλλ’
2690 1782 2783 1833 ἐπὶ
2818 1781 2917 1851 μὲν
2946 1779 3200 1852 σώματος
3231 1782 3402 1836 πολλὰ
3430 1784 3677 1848 τοιαῦτα,

1984 1865 2079 1917 ἐπὶ
2110 1864 2167 1918 δέ
2195 1864 2297 1935 τῆς
2330 1866 2507 1936 ψυχῆς
2556 1867 2710 1921 οὐδέν
2741 1885 2752 1897 ·
2778 1869 2871 1921 καὶ
2908 1868 3050 1941 ὑπὲρ
3088 1870 3314 1923 ἐκείνων
3344 1870 3442 1940 μὲν
3478 1871 3540 1923 οὺ
3564 1871 3699 1923 δια-ι

1982 1953 2331 2026 λιμπάνομεν
2384 1957 2711 2027 κάμνοντες,
2766 1958 2909 2028 ὑπὲρ
2955 1959 3013 2013 δὲ
3060 1958 3269 2013 τούτων
3298 1960 3675 2032 ρᾳθυμοῦμεν.

1983 2042 2097 2111 Οὐχ
2124 2043 2258 2113 ὁρᾷς
2289 2043 2380 2096 τὸν
2414 2043 2619 2115 λῃστὴν
2640 2084 2653 2107 ,
2696 2045 2813 2109 πῶς
2847 2046 2905 2097 ἐν
2934 2045 3131 2117 βραχεῖ
3159 2048 3337 2119 χρόνῳ
3381 2048 3680 2118 κατώρθωσ-

1984 2146 2105 2195 σεν;
2137 2130 2236 2200 οὐχ
2274 2132 2407 2202 ὁρᾷς
2442 2132 2569 2195 τοὺς
2621 2133 2909 2204 μάρτυρας
2934 2173 2948 2196 ,
2992 2134 3111 2199 πῶς
3139 2136 3198 2188 ἐν
3238 2135 3433 2206 βραχεῖ
3469 2136 3530 2189 τὸ
3569 2138 3678 2190 πᾶν

1982 2220 2222 2288 ἦνυσαν;
2271 2219 2411 2273 Ἀλλ’
2437 2220 2537 2273 οὐκ
2577 2220 2727 2274 ἐστιν
2760 2222 2884 2292 ἄρτι
2918 2224 3223 2294 μαρτυρίου
3256 2225 3484 2295 καιρός;
3535 2225 3674 2277 Ἀλλ’

1980 2305 2209 2373 ἀγώνων
2236 2308 2352 2361 ἐστὶ
2379 2308 2572 2379 καιρὸς
2596 2348 2609 2371 ,
2642 2309 2670 2362 δ
2708 2309 2973 2374 πολλάκις
3002 2306 3155 2364 εἷπον
3180 2352 3195 2375 ,
3235 2314 3284 2365 εἰ
3319 2312 3674 2383 βουλοίμεθα.

1984 2396 2048 2446 Ol
2078 2394 2187 2461 γὰρ
2211 2394 2514 2462 θέλοντες,
2545 2397 2731 2467 φησιν,
2767 2398 3033 2464 εὐσεϐῶς
3076 2398 3183 2468 ζῇν
3208 2400 3278 2453 ἐν
3308 2399 3542 2469 Χριστῷ
3563 2401 3677 2469 ’1η-

1979 2481 2117 2547 σοῦ,
2140 2481 2604 2552 διωχθήσονται.
2635 2486 2696 2538 Οἱ
2728 2486 2972 2549 εὐσεϐῶς
3008 2486 3214 2551 ζῶντες
3244 2488 3331 2541 ἀεὶ
3360 2488 3674 2557 διώκονται,

1979 2568 2081 2622 κᾶν
2131 2569 2208 2641 μὴ
2259 2571 2410 2640 παρά
2454 2573 2760 2644 ἀνθρώπων
2782 2616 2797 2642 ,
2831 2575 2969 2629 ἀλλά
3004 2576 3157 2648 παρὰ
3188 2577 3484 2647 δαιμόνων,
3517 2578 3575 2642 ὃς
3609 2580 3674 2651 δὴ

1978 2658 2073 2711 καὶ
2099 2657 2487 2731 χαλεπώτερὸς
2516 2662 2634 2715 ἐστι
2664 2662 2926 2735 διωγμός.
2966 2666 3080 2719 Καὶ
3114 2665 3332 2737 πρῶτον
3373 2668 3466 2721 ὑπ’
3499 2668 3676 2737 αὐτῆς

1981 2746 2216 2815 μάλιστα
2233 2749 2332 2820 τῆς
2349 2749 2592 2813 ἀνέσεως
2612 2750 2805 2805 τοῦτον
2828 2753 3194 2824 ὑπομένουσιν
3219 2757 3266 2808 οἱ
3289 2755 3365 2826 μὴ
3386 2757 3673 2826 νήφοντες.

1981 2834 2051 2885 Ἦ
2083 2835 2280 2904 μικρὸν
2306 2834 2409 2888 οίει
2426 2836 2667 2907 διωγμὸν
2693 2838 2752 2892 τὸ
2776 2836 2833 2893 ἐν
2855 2840 3040 2893 ἀνέσει
3063 2836 3235 2908 εἷναι;
3260 2841 3433 2895 Τοῦτο
3454 2842 3675 2896 πάντων

1975 2923 2093 2976 ἐσιῆ⁵
2134 2923 2476 2997 βαρύτερον,
2528 2927 2687 2981 τοῦτο
2741 2929 2835 2982 καὶ
2882 2930 3130 3001 διωγμοῦ
3167 2934 3372 3002 χεῖρον.
3403 2933 3675 3003 Καθάπερ

1975 3009 2082 3081 γὰρ
2119 3013 2300 3083 ῥεῦμα
2329 3016 2590 3088 ἐπιρρέον
2630 3016 2662 3087 ὴ
2702 3015 2891 3080 άνεσις
2926 3020 3119 3087 χαυνοῖ
3146 3020 3247 3089 τὴν
3296 3020 3476 3091 ψυχήν
3520 3037 3534 3052 ο
3583 3022 3675 3074 καὶ

1974 3098 2113 3171 ὅπερ
2146 3101 2264 3153 ἐστὶ
2293 3101 2448 3173 θέρος
2484 3103 2577 3156 καὶ
2614 3103 2848 3175 χειμὼν,
2880 3104 3037 3159 τοῦτο
3066 3105 3309 3177 διωγμὸς
3345 3110 3439 3161 καὶ
3464 3108 3670 3172 ἄνεσις.

1977 3187 2096 3241 Ἵνα
2121 3189 2177 3241 δὲ
2216 3191 2397 3263 μάθῃς
2421 3193 2486 3245 ἐκ
2519 3194 2860 3264 περιουσίας,
2892 3195 2974 3247 ὅτι
3006 3194 3208 3265 χείρων
3235 3190 3394 3260 οὗτος
3433 3200 3461 3249 ό
3510 3198 3674 3266 διωγ-

1978 3277 2078 3347 μὸς
2099 3290 2147 3342 ο,
2166 3278 2359 3333 σκόπει
2382 3280 2873 3336 ἐντεῦθεν.”Υπνον
2903 3288 3135 3355 καταχεῖ
3159 3288 3223 3356 τῇ
3250 3285 3419 3358 ψυχῇ,
3448 3288 3672 3357 χάσμην

1974 3367 2179 3439 πολλὴν
2214 3368 2311 3421 καὶ
2343 3369 2619 3440 ρᾳθυμίαν
2647 3372 2901 3440 ἐμποιεῖ,
2937 3370 3007 3424 τὰ
3047 3371 3195 3444 πάθη
3235 3374 3496 3445 διεγείρει
3536 3376 3670 3428 πάν-

1972 3454 2151 3521 τοθεν,
2194 3456 2405 3522 ὁπλίζει
2443 3458 2634 3526 τῦφον,
2684 3458 2897 3524 ὁπλίζει
2942 3460 3163 3533 ἡδονὴν,
3213 3463 3426 3527 ὁπλίζει
3474 3463 3670 3535 θυμὸν,

1975 3542 2293 3612 βασκανίαν,
2315 3544 2663 3613 κενοδοξίαν,
2694 3545 2878 3617 ζῆλον.
2923 3547 3064 3600 Ἀλλ’
3096 3551 3154 3601 ἐν
3197 3550 3426 3622 διωγμῷ
3462 3552 3671 3606 τούτων

1975 3632 2128 3684 οὐδὲν
2168 3630 2405 3701 ἐνοχλεῖν
2438 3632 2664 3687 δύναται
2690 3650 2705 3666 ο
2732 3634 2849 3687 ἀλλ’
2883 3637 2910 3689 6
2938 3636 3105 3705 φόϐος
3133 3638 3468 3694 ἐπεισελθὼν
3501 3641 3669 3695 καθά-

1973 3736 2080 3790 περ
2105 3722 2212 3773 τινὶ
2239 3720 2463 3791 μάστιγι
2496 3722 2700 3792 σφόδρα
2720 3721 2858 3775 κύνα
2882 3724 3217 3779 ὑλακτοῦντα
3246 3726 3477 3799 πλήξας,
3494 3730 3668 3785 ταῦτα

1973 3795 2153 3862 πάντα
2179 3809 2246 3861 τὰ
2274 3808 2423 3878 πάθη
2453 3809 2576 3863 οὑδέ
2606 3808 2804 3879 γρῦξαι
2828 3812 2911 3882 ἐᾷ.
2943 3810 3099 3885 [197]
3123 3814 3215 3879 Τίς
3244 3816 3303 3868 ἐν
3325 3816 3554 3887 διωγμῷ
3572 3836 3665 3871 κε⁴

1973 3891 2262 3962 νοδοξῆσαι
2302 3892 2527 3947 δύναται
2552 3909 2565 3959 ;
2599 3894 2685 3958 τίς
2708 3897 2767 3948 ἐν
2788 3895 2947 3966 ἡδονῇ
2972 3897 3265 3965 γενέσθαι;
3293 3899 3504 3963 Οὐδείς·
3532 3889 3665 3954 ἀλλά

1970 3975 2171 4046 τρόμος
2197 3976 2366 4039 πολὺς
2396 3978 2491 4030 καὶ
2521 3977 2708 4047 φόϐος,
2756 3978 2961 4051 πολλὴν
3004 3981 3105 4051 τὴν
3149 3982 3396 4054 γαλήνην
3429 3984 3656 4054 ἐργαζὸ-

1974 4078 2158 4132 μενος,
2210 4063 2385 4117 εὖδιον
2438 4065 2531 4119 τὸν
2587 4065 2783 4137 λιμένα
2834 4069 3318 4138 παρασκευάζων,
3356 4071 3454 4142 τὴν
3485 4072 3663 4144 ψυχὴν

1970 4147 2176 4218 εὐλαϐῆ
2221 4149 2412 4205 ποιῶν.
2467 4152 2717 4205 ’Πκουσά
2763 4170 2894 4206 ποτε
2942 4155 3195 4227 πατέρων
3235 4155 3346 4208 τῶν
3376 4158 3662 4228 ἡμετέρων

1968 4234 2238 4303 λεγόντων
2270 4238 2376 4306 (ἐφ’
2408 4238 2575 4309 ἡμῶν.
2616 4240 2726 4310 γάρ
2770 4241 2845 4312 μὴ
2888 4241 3103 4310 γένοιτο
3130 4262 3142 4274 ·
3178 4244 3515 4315 κελευόμεθα
3556 4247 3660 4317 γάρ

1972 4322 2046 4394 μὴ
2078 4326 2251 4378 αἰτεῖν
2276 4328 2629 4399 πειρασμὸν),
2651 4330 2732 4381 ὅτι
2754 4331 2896 4383 κατὰ
2922 4330 3012 4383 τὸν
3042 4332 3283 4402 διωγμὸν
3314 4334 3405 4387 τὸν
3432 4334 3659 4388 παλαιὴν

1965 4406 2033 4481 ἦν
2061 4412 2187 4466 ἰδεῖν
2209 4413 2378 4477 ὅντως
2408 4416 2773 4488 Χριστιανοὺς
2811 4418 3033 4489 ἄνδρας.
3072 4420 3265 4484 υὺδεὶς
3297 4421 3404 4492 γάρ
3436 4425 3657 4494 χρημά-

1964 4518 2074 4555 των
2102 4504 2445 4577 ἐφρόντιζεν,
2473 4504 2649 4569 οὑδεὶς
2684 4508 2969 4574 γυναικὸς,
3008 4507 3184 4572 οὐδεὶς
3233 4510 3456 4575 παίδων,
3486 4513 3655 4577 οὐδεὶς

1964 4591 2163 4656 οἰκίας,
2194 4592 2370 4657 οὐδεὶς
2394 4594 2653 4664 πατρίδος
2679 4611 2691 4625 ·
2736 4594 2837 4665 μία
2869 4597 3036 4649 πᾶσιν
3062 4591 3131 4668 ῆν
3160 4599 3365 4669 σπουδὴ
3390 4640 3404 4662 ,
3432 4600 3531 4671 τὴν
3560 4601 3654 4670 ψυ-

1963 4680 2066 4751 χὴν
2106 4681 2411 4752 περισῶσαι
2440 4683 2671 4736 ἑαυτῶν.
2722 4684 2784 4736 Οί
2813 4684 2913 4754 μὲν
2938 4684 2995 4736 ἐν
3029 4686 3278 4757 μνήμασι
3316 4688 3409 4739 καὶ
3442 4688 3657 4756 τάφοις,

1962 4767 2011 4819 οἱ
2044 4766 2101 4819 δέ
2150 4768 2207 4821 ἐν
2248 4768 2511 4838 ἐρημίαις
2564 4769 2924 4839 ἐκρύπτοντο.
2984 4773 3061 4823 Οὐ
3119 4773 3280 4842 μόνον
3331 4774 3387 4825 δὲ
3442 4774 3657 4845 ἄνδρες,

1962 4854 2097 4907 ἀλλὰ
2129 4854 2146 4893 ί
2182 4857 2276 4908 καὶ
2311 4859 2569 4925 γυναῖκες
2604 4858 2812 4911 ἀπειλαὶ
2862 4860 2954 4912 καὶ
3006 4862 3279 4931 τρυφεραὶ
3319 4860 3439 4915 τότε
3489 4864 3643 4933 ἐκρύ-

1963 4960 2178 5007 πτοντο,
2214 4944 2456 5014 διηνεκεῖ
2484 4944 2793 5015 μαχόμεναι
2836 4946 3002 5018 λιμῷ.
3041 4947 3324 5018 Ἐννόησον
3344 4945 3458 5016 οὖν,
3500 4952 3656 5016 εἴτις

1960 5032 2335 5100 πολυτελείας,
2390 5036 2443 5087 εἴ
2483 5053 2568 5099 τις
2610 5038 2825 5107 τρυφῆς
2872 5038 3199 5109 ἐπεισῆλθεν
3229 5039 3294 5094 ἄν
3324 5060 3451 5095 ποτε
3491 5043 3655 5108 πόθος

1959 5125 2181 5189 γυναικὶ
2201 5126 2353 5189 παρὰ
2384 5124 2616 5197 λάρνακι
2640 5127 2997 5197 κρυπτομένῃ
3027 5128 3123 5180 καὶ
3153 5130 3528 5203 περιμενούσῃ
3555 5133 3653 5205 τὴν

1960 5209 2342 5282 θεραπαινίδα,
2379 5213 2527 5276 ὅπως
2555 5213 2687 5287 ἔλθῃ
2714 5213 3025 5285 κομίζουσα
3049 5212 3265 5271 δεῖπνον
3283 5259 3296 5282 ,
3332 5220 3424 5272 καὶ
3456 5221 3655 5290 φοϐου-

1961 5299 2120 5371 μένη,
2169 5302 2242 5372 μή
2290 5319 2409 5365 πως
2450 5301 2561 5371 άλῷ
2580 5343 2594 5365 ,
2642 5303 2736 5356 καὶ
2765 5302 3020 5375 καθάπερ
3050 5306 3108 5358 ἐν
3138 5307 3357 5379 καμίνῳ
3390 5309 3468 5381 τῷ
3494 5310 3655 5384 τάφῳ

1958 5389 2187 5461 κειμένῃ
2218 5407 2229 5419 ·
2264 5388 2376 5461 ἆρα
2403 5391 2512 5462 γὰρ
2542 5391 2932 5463 ἐνθυμήσεται,
2965 5394 3045 5446 ὅτι
3068 5395 3263 5463 γέγονέ
3296 5413 3424 5450 ποτε
3445 5402 3649 5473 τρυφὴ,

1956 5479 2038 5531 ὅτι
2088 5478 2293 5549 κόσμος
2339 5480 2474 5545 ὅλως
2521 5482 2703 5550 ἐστίν;
2746 5482 2909 5553 Ὁρᾷς
2960 5484 3043 5537 ὅτι
3085 5484 3179 5538 νῦν
3222 5486 3340 5539 ἐστι
3379 5490 3583 5557 μᾶλλον
3616 5493 3646 5542 6

1956 5568 2215 5638 διωγμὸς,
2271 5569 2521 5641 καθάπερ
2582 5570 2787 5641 θηρίων
2838 5570 2949 5626 τῶν
3012 5572 3203 5627 παθῶν
3248 5576 3651 5649 ἐπιτιθεμένων

1957 5657 2086 5727 ἡμῖν
2127 5658 2434 5725 πάντοθεν;
2489 5658 2601 5712 Νῦν
2642 5661 2791 5712 ἐστιν
2837 5663 2863 5713 ὀ
2913 5662 3149 5731 χαλεπὸς
3177 5664 3439 5734 διωγμὸς,
3469 5667 3647 5740 ταύτῃ

1954 5763 2035 5811 τε,
2066 5748 2161 5799 καὶ
2206 5747 2288 5800 ὃτι
2326 5747 2449 5800 οὐδὲ
2476 5747 2758 5818 νομίζεται
2781 5745 2921 5803 εἶναι
2945 5750 3207 5821 διωγμός.
3246 5754 3357 5807 Καὶ
3402 5757 3511 5828 γάρ
3552 5764 3647 5815 καὶ

1954 5834 2114 5887 τοῦτο
2138 5834 2251 5905 ἔχει
2282 5837 2341 5889 τὸ
2369 5836 2606 5907 χαλεπὸν
2636 5833 2790 5901 οὗτος
2819 5840 2847 5891 6
2874 5838 3133 5908 πόλεμος,
3171 5840 3229 5904 ὃς
3264 5844 3455 5915 εἰρήνη
3488 5849 3646 5917 νομί-

1955 5923 2133 5989 ζεται,
2173 5927 2263 5979 ἵνα
2298 5927 2373 5996 μὴ
2402 5926 2753 5997 ὁπλιζώμεθα
2792 5928 2911 5980 κατ’
2948 5928 3139 5991 αὑτοῦ,
3173 5931 3308 6001 μηδέ
3338 5932 3643 5989 διαναστιῦ-

3250 6032 3271 6057 ¹⁵
3467 6027 3542 6072 ἵνα
3591 6029 3659 6075 δὲ’

2018 6012 2043 6050 ἀ
2083 6015 2201 6067 Alii.
2223 6016 2381 6064 οὐκέτι
2412 6018 2653 6079 σωτηρίαν
2678 6019 2793 6079 ἔχει,
2829 6019 2936 6066 οὐδὲ
2966 6018 3171 6073 ἐλπίδας,

2020 6077 2063 6116 ἵν
2104 6079 2257 6116 δείξων
2306 6080 2374 6116 ὅτι
2420 6081 2564 6116 ηιῖτιη·
2609 6082 2779 6116 navium.
2814 6085 2838 6116 ὅ.
2885 6083 3088 6116 Σιωνηνκ
3193 6079 3202 6116 Ι

3236 6086 3368 6147 “IT,
3416 6089 3467 6137 οὐ
3496 6108 3521 6150 μ
3533 6110 3635 6140 ονον

1954 6077 2063 6133 ὑμῖν
2104 6079 2262 6131 δείξω,
2306 6080 2377 6126 ὅτι
2420 6077 2570 6133 οὖτωὲ,
2609 6077 2779 6139 γείςιων
2814 6085 2839 6129 6
2885 6083 3106 6143 διωγμος.

1966 6159 2015 6195 οε
2040 6148 2217 6206 ἅνδοες,
2240 6149 2380 6206 ἀλλὰ,
2405 6150 2588 6200 desunt
2617 6150 2665 6200 in
2692 6166 2788 6203 uno
2818 6156 2924 6203 cod.
