4084 6332
188 357 282 415 σεο
1093 342 1157 398 ΙΝ
1196 339 1377 398 ACTA
1417 336 1941 395 APOSTOLORUM.
1976 335 2205 393 HOMIL.
2245 337 2434 395 XXIV.
3378 338 3474 389 illi}

188 466 353 523 nullus
395 463 594 521 tremit.
646 461 703 519 Si
753 467 930 515 autem
982 472 1089 511 non
1132 454 1381 520 creditis,
1428 453 1755 521 interrogate

184 559 396 632 gentiles
423 557 516 628 qui
540 561 968 627 persequuntur,
995 548 1335 620 quandonam
1379 560 1469 600 res
1495 544 1759 599 Christia-

187 664 362 704 norum
407 646 710 701 accuratius
758 648 1095 711 gererentur,
1127 636 1469 709 quandouam
1499 632 1762 688 clariores

188 740 463 795 illiessent.
492 737 644 791 'l'uuc
674 732 956 804 pauciores
980 744 1206 785 numero
1231 738 1402 791 erant,
1432 725 1525 782 sed
1556 739 1762 795 magnas

186 840 326 885 erant
354 829 611 881 virtutum
639 825 856 879 divitias.
888 822 1017 891 Quzc
1047 820 1268 883 utilitas,
1294 834 1498 889 quasso,
1534 817 1759 871 multum

187 937 293 976 esse
316 919 538 984 frenum,
563 914 690 970 dum
712 914 965 986 possibile
987 925 1069 968 εει
1090 910 1296 981 lapides
1318 910 1583 980 pretiosos
1606 906 1761 962 ades-

187 1013 273 1067 se?
298 1010 409 1066 Non
440 1010 498 1063 in
524 1006 887 1073 multitudine,
917 1004 1013 1061 sed
1040 1004 1092 1058 in
1124 999 1336 1057 virtutis
1360 1000 1654 1071 splendore
1680 1009 1762 1056 to-

188 1114 284 1156 tum
306 1101 621 1155 arstimatur.
648 1098 788 1153 Elias
815 1110 952 1151 unus
982 1104 1120 1162 erat,
1143 1093 1237 1149 sed
1264 1091 1496 1148 mundus
1517 1107 1623 1146 non
1645 1098 1763 1146 erat

188 1192 264 1244 illo
288 1191 493 1260 dignus.
524 1188 684 1258 Atqui
708 1186 943 1241 mundus
969 1185 1137 1239 millia
1165 1184 1333 1238 multa
1356 1183 1758 1253 complectitur;

186 1282 267 1336 sed
292 1281 448 1335 millia
477 1296 586 1334 non
629 1286 789 1343 sunt,
816 1275 1032 1348 quando
1064 1290 1241 1346 neque
1270 1275 1361 1331 uni
1388 1283 1759 1344 comquantur.

189 1373 352 1427 Melior
398 1388 530 1425 unus
573 1372 768 1440 faciem
811 1370 1121 1425 voluntatem
1170 1367 1410 1434 Domini,
1437 1383 1592 1437 quam
1621 1365 1763 1421 mille

185 1467 328 1535 iniqui
348 1464 537 1536 (Eccli.
564 1466 651 1520 l6.
685 1464 763 1537 3).
791 1463 904 1519 lloc
931 1464 1146 1533 sapiens
1171 1461 1388 1531 quidam
1415 1458 1761 1516 subindicans

186 1557 297 1611 dicit
328 1573 341 1610 :
379 1554 462 1611 Ne
500 1556 754 1610 desideres
799 1555 1173 1608 multitudinem
1221 1554 1447 1622 ﬁliorum
1486 1552 1761 1625 inutilium

188 1645 332 1713 (Ibid.
372 1664 418 1701 υ.
464 1647 543 1716 1).
577 1646 642 1701 lli
675 1649 843 1717 magis
871 1645 1257 1715 blasphemiam
1288 1645 1343 1699 in
1376 1644 1543 1699 Deum
1575 1643 1761 1698 conci-

190 1752 316 1807 tant,
349 1756 503 1811 quam
541 1741 585 1795 si
606 1740 897 1795 Christiani
930 1754 1037 1793 non
1068 1748 1271 1794 essent.
1299 1738 1439 1805 Quid
1464 1737 1597 1791 mihi
1626 1750 1761 1806 opus

188 1846 258 1888 est
283 1820 659 1888 multitudine?
684 1832 1011 1887 Alimentum
1038 1831 1268 1900 amplius
1310 1830 1439 1899 igni.
1470 1829 1582 1883 Hoc
1615 1838 1669 1884 ct
1694 1844 1760 1884 ex

186 1940 389 1993 corpore
409 1924 727 1995 cognoveris
755 1942 768 1977 :
799 1923 991 1978 melior
1010 1923 1207 1992 quippe
1230 1931 1311 1977 est
1332 1922 1483 1977 cibus
1510 1920 1760 1975 modera-

188 2026 259 2071 tus
280 2032 394 2073 cum
442 2017 708 2085 sanitate,
741 2031 901 2087 quam
948 2015 1158 2071 delicia:
1184 2029 1305 2070 cum
1350 2014 1615 2069 molestia.
1648 2013 1762 2069 lloc

190 2110 475 2164 alimentum
494 2109 589 2163 illo
608 2108 838 2179 amplius
866 2123 879 2160 :
912 2106 1017 2162 hoc
1032 2106 1367 2171 alimentum,
1386 2104 1517 2161 illud
1543 2105 1762 2160 morbus

191 2210 277 2255 cst.
299 2200 417 2255 llaec
440 2201 561 2256 etin
580 2200 725 2255 bello
744 2202 861 2271 quis
890 2197 1120 2254 viderit:
1146 2198 1399 2254 meliores
1427 2211 1548 2253 esse
1573 2197 1762 2252 decem

195 2292 316 2345 riros
328 2301 574 2346 strenuos
600 2300 657 2345 et
682 2291 805 2345 belli
833 2292 1053 2361 peritos,
1075 2305 1233 2360 quam
1254 2291 1566 2344 innumeros
1587 2290 1761 2360 impe-

190 2382 325 2435 ritus.
348 2381 409 2436 lli
436 2390 795 2453 prteterquam
819 2381 963 2452 quod
994 2382 1129 2436 nihil
1160 2390 1472 2451 operantur,
1502 2381 1639 2437 alios
1670 2382 1760 2451 qui

189 2482 476 2541 operantur,
490 2474 933 2545 impediunt.l|oc
948 2476 1068 2530 etin
1088 2475 1207 2530 navi
1225 2476 1342 2545 quis
1362 2475 1762 2540 invenerit,me-

191 2564 331 2619 liores
347 2579 463 2620 esse
485 2577 678 2620 nautas
699 2565 834 2620 duos
856 2568 1078 2636 peritos,
1101 2582 1262 2636 quam
1282 2582 1527 2638 magnam
1552 2568 1762 2637 imperi-

190 2665 342 2709 torum
361 2657 570 2712 turbam
601 2674 615 2710 :
649 2656 701 2711 hi
736 2672 965 2728 namque
993 2658 1167 2710 navim
1196 2659 1357 2713 etiam
1389 2659 1757 2729 submergcnt.

248 2746 295 2800 4.
325 2746 443 2801 llmc
468 2748 613 2812 dico,
648 2763 753 2802 non
778 2747 920 2817 quod
951 2748 1347 2802 multitudinem
1380 2759 1610 2802 vestram
1633 2748 1762 2803 ode-

189 2837 293 2902 rim,
323 2838 411 2893 sed
441 2838 586 2908 quod
620 2839 782 2892 velim
814 2853 1004 2893 omnes
1030 2854 1151 2893 esse
1178 2839 1457 2908 probatos,
1490 2853 1589 2894 nec
1620 2841 1759 2894 mul-

191 2930 376 2983 titudiui
422 2930 611 2985 tidcre.
662 2930 827 2984 Multo
856 2930 1036 2999 plures
1066 2939 1189 2985 sunt
1215 2973 1230 2997 ,
1258 2932 1347 3000 qui
1382 2932 1433 2984 in
1460 2931 1761 3000 gehennam

190 3021 436 3087 incidunt;
468 3022 564 3078 scd
596 3024 769 3093 majus
793 3024 880 3077 illa
914 3032 997 3080 est
1023 3039 1273 3094 regnum,
1303 3025 1403 3077 etsi
1437 3040 1635 3093 paucos
1664 3025 1759 3078 ha-

189 3112 311 3166 beat.
349 3112 496 3169 Sicut
526 3130 691 3169 arena
738 3116 900 3169 maris
928 3125 1045 3169 erat
1083 3115 1374 3171 multitudo
1419 3117 1633 3186 populi;
1666 3117 1759 3171 sed

190 3220 306 3259 unus
326 3207 555 3261 servavit
584 3222 700 3262 eos.
735 3206 881 3263 Unus
913 3217 1029 3262 erat
1050 3206 1282 3277 Moyses,
1319 3208 1412 3262 scd
1449 3209 1569 3276 plus
1601 3224 1758 3278 quam

188 3315 351 3353 «naues
379 3300 549 3368 potuit
581 3316 593 3351 :
622 3315 759 3353 unus
781 3308 899 3355 erat
926 3299 1104 3364 Jesus,
1136 3302 1229 3354 sed
1264 3303 1388 3378 plus
1408 3302 1581 3369 potuit
1603 3317 1759 3370 quant

189 3402 414 3447 sexcenta
446 3393 636 3448 millia.
685 3392 801 3447 Non
832 3393 934 3449 hoc
974 3394 1146 3449 Solum
1193 3408 1477 3457 Curemus,
1510 3402 1567 3447 ut
1610 3395 1761 3447 multi

190 3484 296 3545 sint,
317 3486 405 3539 sed
433 3495 488 3541 et
516 3486 685 3555 magis
711 3528 726 3550 ,
759 3496 816 3540 ut
855 3487 960 3541 sint
993 3487 1234 3555 praaclari
1263 3504 1275 3539 :
1304 3501 1426 3540 cum
1458 3487 1562 3541 hoc
1587 3486 1761 3555 perle-

189 3586 311 3629 ctum
338 3576 514 3641 fuerit,
540 3588 664 3631 tunc
695 3578 823 3633 illud
846 3578 958 3632 lict.
992 3578 1161 3632 Nemo
1189 3577 1407 3632 domum
1436 3579 1616 3632 statim
1640 3593 1764 3648 spa-

191 3668 359 3722 tiosam
388 3670 501 3722 vult
544 3667 753 3733 facere,
787 3669 883 3723 sed
915 3670 1086 3738 primo
1120 3671 1330 3723 firmam
1358 3679 1411 3723 et
1444 3669 1722 3738 probatam
1745 3710 1760 3736 ,

189 3757 360 3814 deinde
387 3762 682 3830 spatiosam
719 3779 734 3814 :
767 3775 927 3815 nemo
968 3760 1310 3814 futtdamcnta
1336 3760 1464 3830 jacit
1487 3801 1503 3827 ,
1538 3768 1595 3813 ut
1623 3759 1765 3815 deri-

190 3850 373 3905 deatur.
405 3852 646 3906 Printum
680 3850 780 3907 hoc
807 3867 1115 3921 quaeramus
1136 3893 1149 3917 ,
1183 3850 1378 3907 deinde
1406 3850 1557 3906 illud.
1584 3850 1695 3905 Hoc
1718 3852 1763 3906 si

192 3940 249 3992 sit
273 3939 417 3995 facile
438 3952 493 3997 et
517 3941 650 3997 illud
678 3941 851 3997 aderit
881 3959 892 3993 :
925 3941 1053 3995 illud
1084 3950 1261 3996 autem
1285 3942 1330 3997 si
1355 3957 1461 3995 non
1482 3941 1636 4007 adsit,
1666 3942 1766 3995 bu-

189 4028 260 4095 jus
282 4034 437 4085 etiam
458 4034 503 4087 si
530 4034 623 4097 sit,
649 4033 789 4087 nulla
822 4034 1043 4087 utilitas.
1078 4033 1210 4087 Nam
1238 4034 1286 4088 si
1313 4036 1366 4089 in
1398 4035 1766 4109 Ecclesia-sint

192 4122 269 4188 qui
292 4123 415 4177 clari
442 4138 569 4179 esse
598 4124 831 4193 possint,
866 4125 973 4179 cito
1008 4125 1112 4180 erit
1156 4133 1212 4180 et
1263 4126 1550 4182 multitudo
1580 4145 1591 4180 :
1624 4126 1675 4180 hi
1720 4127 1763 4181 si

192 4228 280 4266 non
299 4215 421 4281 siut,
450 4232 741 4285 numquam
772 4219 875 4271 erit
898 4218 1041 4271 clara
1060 4218 1366 4273 multitudo.

253 4301 363 4356 Non
391 4316 534 4375 putat
567 4306 955 4377 Chrysastomus
985 4324 1049 4361 ex
1098 4310 1268 4363 multis
1312 4310 1535 4363 millibus
1563 4320 1765 4363 centum

190 4396 332 4449 salvos
348 4398 455 4465 {ore
469 4401 535 4453 de
555 4400 746 4469 populo
761 4402 1097 4467 sum—Quot
1118 4402 1314 4469 putatis
1338 4403 1389 4457 in
1423 4403 1553 4458 urbe
1583 4412 1765 4459 nostra

190 4502 319 4554 esse,
357 4491 445 4561 qui
494 4493 727 4547 salutem
766 4494 1193 4563 consequentur?
1232 4496 1513 4550 Molestum
1547 4496 1764 4566 quidem

190 4594 274 4646 est,
300 4583 435 4651 quod
464 4585 708 4638 dicturus
739 4599 879 4649 sum,
911 4585 1084 4639 dicam
1111 4596 1311 4642 tamen.
1334 4588 1393 4642 ln
1426 4599 1504 4643 tot
1534 4590 1767 4647 millibus

193 4686 281 4724 non
310 4686 429 4727 sunt
452 4684 673 4729 centum
696 4718 710 4741 ,
737 4677 825 4746 qui
860 4678 1084 4731 salutem
1115 4688 1549 4750 consequantur;
1584 4683 1675 4736 sed
1700 4682 1767 4737 de

192 4764 281 4819 illis
306 4766 462 4821 etiam
494 4768 705 4823 dubito.
733 4769 964 4834 Quanta,
998 4786 1201 4843 quaeso,
1231 4774 1466 4843 nequitia
1497 4774 1548 4827 in
1580 4775 1766 4830 adole-

192 4858 438 4912 scentibus
458 4900 473 4924 ,
498 4869 697 4927 quanta
721 4861 923 4915 desidia
956 4864 1005 4915 in
1036 4838 1380 4917 senioribus?
1409 4865 1578 4921 Nemo
1607 4882 1766 4936 quam

192 4956 438 5011 luxu-teret
480 4950 747 5004 educandi
784 4952 875 5004 lilii
926 4967 1111 5007 curant
1164 4954 1326 5009 habet
1353 4973 1365 5007 :
1392 4972 1551 5011 nemo
1583 4972 1768 5012 senem

193 5038 384 5106 videns,
420 5042 575 5095 illum
608 5043 799 5098 imitari
833 5045 1031 5098 studet.
1058 5045 1314 5117 Exempla
1343 5048 1411 5102 de
1440 5049 1616 5103 medio
1642 5051 1769 5104 sub-

194 5126 279 5181 lata
320 5143 439 5185 sunt
465 5149 477 5184 :
504 5133 706 5187 idcirco
756 5152 855 5188 nec
894 5135 1119 5204 juvenes
1152 5138 1286 5191 fiunt
1333 5140 1655 5193 admirandi.
1694 5141 1771 5197 Nc

196 5221 304 5275 mihi
332 5225 477 5279 dzcas
502 5268 513 5289 ,
548 5225 709 5279 Multa
741 5227 1013 5281 hominum
1044 5230 1193 5283 turba
1227 5246 1435 5285 sumus.
1471 5233 1583 5289 lloc
1616 5236 1769 5304 frigi-

192 5308 357 5366 dorum
389 5317 669 5374 hominum
703 5326 785 5370 est
810 5334 820 5367 :
849 5318 899 5371 id
931 5318 997 5373 de
1045 5321 1353 5377 hominibus
1386 5325 1580 5379 merito
1621 5326 1771 5380 dica-

198 5408 295 5463 tur,
322 5404 384 5457 de
418 5406 528 5459 Deo
556 5417 734 5458 autc-nt
758 5450 769 5462 .
804 5409 892 5476 qui
938 5426 1042 5461 non
1076 5426 1211 5479 opus
1249 5413 1411 5468 habet
1440 5416 1593 5470 nobis
1617 5458 1629 5481 ,
1665 5434 1769 5473 non

199 5492 323 5547 item.
348 5498 497 5561 Quod
527 5512 711 5550 autem
735 5500 895 5552 etiam
919 5500 983 5553 de
1009 5503 1114 5556 illis
1140 5504 1390 5573 frigidum
1420 5508 1490 5561 sit
1521 5510 1769 5577 verbum,

196 5584 317 5638 audi.
350 5587 449 5653 Qui
498 5589 700 5659 multos
749 5589 911 5645 habet
936 5592 1296 5661 domesticos,
1346 5600 1389 5651 si
1434 5599 1509 5653 illi
1542 5599 1771 5670 improbi

194 5686 300 5741 titul,
328 5689 455 5747 quot
484 5679 626 5733 mala
657 5682 928 5751 patietur?
960 5683 1058 5751 Ei,
1092 5686 1180 5756 qui
1214 5686 1421 5743 nullum
1455 5690 1635 5758 habet,
1671 5693 1772 5749 hoc

196 5769 378 5826 videtur
400 5787 567 5843 grave
596 5814 612 5840 ,
634 5775 775 5847 quod
809 5791 913 5831 non
955 5780 1218 5835 serviatur
1244 5798 1255 5835 :
1282 5783 1325 5836 is
1357 5800 1484 5841 vero
1505 5826 1518 5853 ,
1548 5786 1634 5856 qui
1668 5788 1765 5842 im-

1873 449 2071 519 probos
2100 448 2258 505 habet
2289 449 2537 517 famulos,
2562 464 2685 506 cum
2716 448 2826 505 illis
2849 449 2888 504 it
2917 448 2969 504 in
2997 449 3330 519 perniciem;
3355 466 3473 502 tua.

1864 543 2061 613 jusque
2081 551 2164 596 est
2190 542 2469 597 damnum.
2492 542 2723 598 Gravius
2754 541 2954 613 quippe
2987 550 3068 597 est
3096 542 3213 596 aliis
3238 556 3477 611 pugnare

1869 643 1925 690 et
1951 634 2252 703 decertare,
2286 650 2450 706 quam
2473 634 2574 690 sibi
2605 635 2705 705 ipsi
2735 636 2959 690 servire.
2996 634 3123 689 llzcc
3148 633 3291 700 dico,
3324 644 3379 687 ut
3409 653 3475 687 ue

1868 723 1990 797 quis
2015 726 2312 789 Ecclesiam
2336 727 2634 782 admiretur
2662 737 2880 796 propter
2912 727 3308 780 ιιιιιιιὶιιιιιὶυριη
3335 768 3347 789 ,
3377 728 3472 781 sed

1870 826 1929 872 ut
1952 832 2208 873 curemus
2254 818 2397 873 illam
2446 818 2849 873 multitudinem
2900 819 3099 873 claram
3128 818 3385 875 efﬁcere:
3419 831 3475 874 ut

1871 909 2236 979 unusquisque
2265 924 2417 964 suam
2445 920 2597 965 curet
2628 920 2857 979 partem,
2894 921 3078 965 utnon
3110 912 3334 975 amicos,
3366 928 3474 966 non

1870 1010 2150 1071 cognatos,
2181 1010 2240 1055 ut
2266 1014 2486 1071 semper
2511 1012 2721 1071 repeto,
2751 1017 2858 1057 non
2888 1002 3093 1056 vicinos
3127 1011 3356 1067 tantum,
3376 1005 3472 1059 sed

1870 1092 2032 1147 etiam
2064 1103 2360 1148 extraneos
2384 1093 2679 1163 pet-trahat.
2713 1094 2956 1165 Exempli
2984 1110 3166 1161 causa,
3194 1095 3252 1149 lit
3278 1098 3473 1160 oratio;

1864 1181 2046 1258 jaceat
2092 1182 2265 1253 frigidi
2308 1198 2498 1238 oumes
2541 1184 2769 1253 juvenes
2808 1196 2862 1240 et
2891 1201 3086 1253 senes,
3118 1199 3472 1258 purgamenta

1868 1277 2039 1346 magis
2058 1292 2217 1346 quam
2246 1278 2493 1346 juvenes,
2528 1278 2680 1344 risui,
2706 1278 3005 1343 cachinnis,
3042 1278 3236 1335 fabulis
3256 1282 3473 1336 incum-

1867 1367 2093 1435 bentes;
2127 1370 2387 1425 hoceuim
2402 1386 2504 1441 ego
2520 1370 2699 1425 audivi
2719 1389 2731 1435 ;
2752 1380 2807 1427 et
2832 1371 3061 1442 genibus
3092 1374 3201 1427 nixi
3232 1374 3369 1429 alios
3391 1375 3475 1429 di-

1868 1463 2051 1517 cteriis
2073 1462 2394 1533 impetentes
2418 1481 2429 1517 :
2458 1475 2510 1519 tu
2540 1465 2628 1535 qui
2652 1464 2802 1530 ades,
2827 1466 3042 1535 juvenis
3066 1478 3156 1520 aut
3177 1483 3366 1533 senex,
3393 1469 3475 1523 iu-

1868 1568 2026 1635 crepa
2053 1554 2099 1608 si
2131 1554 2333 1619 videas,
2360 1555 2735 1611 vehementius
2764 1557 2996 1622 incesse,
3024 1566 3078 1611 et
3107 1559 3150 1611 si
3176 1574 3281 1612 non
3316 1559 3470 1623 ferat,

1867 1645 2151 1700 diaconum
2186 1662 2314 1701 voca
2334 1688 2347 1713 ,
2397 1648 2633 1712 minare,
2666 1664 2786 1719 qum
2817 1664 2984 1719 penes
3014 1659 3064 1704 te
3093 1660 3219 1705 sunt
3266 1651 3424 1706 facito
3456 1670 3468 1706 :

1870 1748 1927 1792 et
1956 1738 2001 1792 si
2028 1738 2155 1807 quid
2206 1740 2401 1795 audeat
2444 1750 2631 1795 contra
2682 1750 2733 1796 te
2778 1740 2991 1805 facere,
3024 1743 3223 1798 multos
3257 1744 3478 1799 habebis

1867 1827 2163 1897 adjutores.
2188 1829 2321 1895 Quis
2354 1830 2496 1884 enim
2531 1832 2599 1884 ita
2635 1831 3026 1887 irrationabilis
3052 1843 3159 1900 est,
3192 1836 3278 1903 qui
3314 1847 3363 1890 te
3399 1838 3477 1890 vi-

1867 1918 2001 1973 dens
2034 1920 2154 1975 illos
2183 1921 2251 1975 dc
2280 1936 2341 1976 ea
2389 1937 2447 1977 re
2478 1922 2853 1993 objurgantem
2874 1965 2887 1987 ,
2922 1940 3027 1978 non
3075 1935 3182 1979 stet
3214 1928 3265 1979 in
3316 1936 3477 1997 parte

1868 2010 1992 2064 tua?
2020 2010 2247 2066 Discede
2276 2022 2489 2082 sumpta
2522 2015 2697 2083 precis
2745 2014 3021 2070 mercede.
3072 2015 3125 2068 lu
3155 2017 3269 2071 mdc
3290 2017 3471 2072 domi-

1869 2103 1987 2156 niea
2016 2102 2117 2157 hos
2146 2118 2334 2158 servos
2365 2105 2485 2157 aliis
2518 2104 2991 2161 benevolentiores
3017 2106 3344 2175 judicamus,
3378 2112 3469 2178 qui

1869 2194 2071 2248 nullum
2107 2209 2202 2250 vas
2234 2205 2387 2250 extra
2440 2195 2687 2250 ordinem
2725 2196 2911 2265 jacere
2938 2198 3142 2252 sinunt.
3176 2196 3229 2252 Si
3258 2199 3473 2255 videres

1868 2285 1920 2339 in
1966 2284 2129 2341 domo
2177 2300 2275 2341 vas
2319 2294 2637 2357 argenteum
2688 2295 2893 2342 temere
2944 2287 3087 2342 foras
3136 2289 3471 2359 projectum,

1868 2376 2081 2431 etiamsi
2113 2392 2220 2431 non
2244 2391 2396 2433 esses
2422 2377 2489 2433 ad
2520 2377 2624 2432 hoc
2653 2377 2938 2447 deputatus
2960 2422 2973 2445 ,
3008 2395 3185 2434 annon
3219 2381 3351 2436 illud
3378 2382 3475 2436 do-

1867 2482 2013 2521 mum
2041 2466 2317 2524 referres?
2361 2469 2405 2523 si
2458 2470 2840 2525 vestimentum
2891 2470 3225 2541 projectum,
3284 2474 3475 2526 ctiam-

1866 2560 1913 2613 si
1939 2575 2122 2615 curam
2151 2560 2268 2631 ejus
2308 2576 2416 2617 non
2464 2576 2716 2632 gereres,
2753 2563 2964 2617 (tiamsi
3011 2578 3135 2618 eum
3162 2604 3176 2630 ,
3225 2566 3311 2619 cui
3344 2580 3471 2620 cura

1866 2655 2177 2722 commissa,
2207 2655 2332 2710 odio
2368 2654 2628 2721 haberes,
2660 2671 2837 2710 annon
2871 2656 2939 2712 ob
2966 2655 3393 2713 benevolentiam
3420 2659 3474 2713 in

1867 2746 2145 2803 dominum
2176 2748 2308 2802 illud
2335 2758 2459 2818 apte
2483 2748 2814 2804 reduceres?
2833 2749 2908 2803 lta
2931 2757 2985 2804 et
3008 2764 3169 2803 nunc.
3197 2749 3323 2805 HiBC
3348 2766 3473 2806 vasa

1868 2848 1994 2894 sunt
2025 2858 2037 2893 :
2066 2840 2111 2894 si
2141 2840 2327 2895 videas
2351 2840 2438 2895 illa
2463 2841 2819 2910 incomposite
2836 2842 3091 2911 jacentis,
3123 2842 3287 2897 reduc
3309 2843 3360 2896 in
3388 2861 3477 2899 or-

1867 2932 2048 2986 dinem
2079 2950 2092 2985 :
2118 2931 2318 2987 accede
2343 2931 2409 2985 ad
2437 2947 2546 3000 me,
2572 2948 2679 2987 non
2710 2947 2902 2987 recuso
2928 2950 2941 2986 :
2965 2932 3051 2988 dic
3077 2932 3207 2987 mihi
3231 2914 3264 3001 ,i
3282 2934 3363 2989 fac
3388 2950 3477 2990 me

1868 3022 2154 3077 certiorem
2184 3041 2197 3077 :
2223 3037 2328 3076 non
2359 3037 2579 3093 possum
2604 3024 2785 3078 omnia
2816 3024 3034 3086 videre;
3070 3026 3352 3094 ignoscite.
3385 3026 3458 3081 Vi-

1868 3112 1990 3168 dete
2011 3153 2025 3178 ,
2047 3122 2244 3181 quanta
2274 3112 2513 3183 nequitia
2535 3112 2722 3168 urbem
2750 3124 3000 3184 occupat.
3023 3114 3157 3168 Num
3176 3116 3294 3171 sine
3314 3134 3476 3172 causa

1868 3204 2150 3271 dicebam,
2200 3221 2301 3261 nos
2327 3221 2450 3261 esse
2478 3220 2737 3261 acervum
2771 3206 2932 3273 fmni,
2966 3223 3113 3263 mare
3158 3209 3480 3280 ittCutnpusi-

1872 3297 2013 3351 tum?
2043 3296 2159 3351 Non
2188 3297 2310 3353 dico
2349 3297 2470 3352 illos
2504 3296 2625 3350 talia
2659 3295 2860 3363 facere,
2895 3299 2989 3353 scd
3019 3309 3165 3353 tanta
3193 3302 3472 3355 oscitantia

1870 3390 2134 3445 intrantes
2179 3390 2427 3445 laborare
2453 3432 2466 3455 ,
2513 3400 2572 3445 nt
2612 3390 2729 3445 ιιωο
2772 3406 2883 3447 non
2909 3392 3204 3462 corrigam.
3242 3394 3473 3451 Rursum

1868 3482 2007 3536 alios
2039 3482 2196 3537 video
2217 3522 2231 3547 ,
2260 3472 2638 3551 celloquentcs
2683 3492 2831 3536 stare
2856 3480 2983 3536 dum
3013 3482 3073 3536 fit
3100 3486 3310 3540 oratio:
3339 3487 3475 3542 alios

1871 3576 2227 3632 modestiores
2254 3577 2499 3643 scilicet,
2542 3592 2649 3631 non
2682 3577 2845 3632 modo
2874 3579 3001 3634 dum
3045 3580 3104 3633 lit
3130 3580 3305 3635 oratio
3326 3621 3338 3642 ,
3371 3581 3467 3634 sed

1870 3669 2031 3723 etiam
2052 3668 2178 3723 dum
2200 3668 2456 3725 sacerdos
2491 3670 2781 3725 benedicit.
2811 3671 2856 3725 υ
2880 3671 3189 3727 audaciam!
3223 3673 3479 3740 Quando-

1871 3774 1994 3814 nam
2022 3760 2125 3816 erit
2152 3760 2338 3815 salus?
2364 3760 2637 3831 quomodo
2667 3762 2967 3830 poterimus
3018 3765 3184 3819 Deum
3219 3766 3475 3835 placare?

1870 3850 1925 3904 Si
1956 3850 2037 3905 'ad
2086 3851 2269 3906 ludum
2316 3851 2481 3908 abeas
2505 3893 2520 3919 ,
2567 3852 2775 3909 videbis
2811 3868 3001 3908 omnes
3045 3856 3310 3911 concinne
3339 3858 3475 3911 εΙιοο

1871 3955 1993 3996 reas
2018 3951 2257 4012 agentes,
2285 3942 2527 4014 nihilque
2550 3945 2769 4016 negligi.
2793 3946 2943 4001 Sicut
2962 3962 3090 4018 ergo
3114 3948 3164 4002 in
3194 3948 3306 4020 lyra
3330 3953 3478 4006 varie

1871 4041 1927 4088 et
1953 4043 2099 4090 recte
2128 4036 2427 4105 composita
2458 4047 2579 4107 apta
2613 4038 2859 4109 quazdam
2887 4042 3210 4111 symphonia
3238 4058 3305 4098 ex
3333 4044 3475 4098 bono

1873 4128 2061 4183 ordine
2088 4128 2319 4185 efﬁcitur
2348 4146 2363 4184 :
2396 4131 2469 4186 ita
2501 4140 2555 4186 et
2598 4133 2686 4188 hic
2716 4148 2877 4187 unam
2924 4135 3165 4189 omnium
3200 4144 3255 4189 ct
3282 4151 3482 4193 conso-

1873 4236 1995 4276 nam
2047 4221 2382 4278 harmoniam
2426 4223 2571 4279 effici
2617 4240 2713 4295 par
2755 4235 2921 4282 esset.
2958 4226 3076 4283 Una
3109 4229 3251 4283 enim
3292 4246 3480 4285 sumus

1873 4311 2155 4379 Ecclesia,
2206 4315 2364 4368 unius
2417 4316 2611 4385 capitis
2662 4318 2905 4372 membra
2960 4318 3217 4374 decenter
3262 4330 3473 4389 aptata;

1874 4420 2036 4458 unum
2070 4419 2254 4459 sumus
2283 4420 2475 4461 omnes
2501 4422 2698 4477 corpus
2733 4427 2746 4463 :
2777 4409 2822 4463 si
2861 4409 2987 4479 quid
3034 4411 3335 4481 neglectum
3366 4414 3484 4469 fuc-

1873 4495 1960 4559 rit,
1999 4505 2166 4549 totum
2196 4496 2504 4566 neglectum
2528 4507 2584 4553 et
2609 4509 2922 4572 corruptum
2950 4502 3073 4556 erit.
3103 4503 3173 4556 Ita
3202 4513 3253 4558 et
3283 4506 3481 4559 multo-

1876 4603 1993 4640 rum
2048 4597 2255 4641 rectum
2306 4589 2552 4645 ordinem
2598 4593 2757 4648 unius
2802 4593 3130 4650 inordinatio
3177 4597 3481 4653 labefactat.

1875 4679 2135 4749 Quodque
2164 4681 2405 4736 terribile
2430 4693 2544 4749 est,
2585 4699 2692 4738 non
2742 4684 2847 4740 huc
2874 4686 2942 4741 ad
2975 4686 3159 4743 ludum
3186 4689 3476 4746 choream~

1876 4789 1981 4843 que
2020 4776 2314 4832 saltaturus
2341 4780 2493 4835 venis
2515 4821 2528 4844 ,
2554 4790 2609 4837 et
2641 4782 3032 4855 incompositus
3062 4796 3197 4841 stas.
3222 4789 3406 4845 Nescis
3436 4800 3487 4847 te

1878 4884 1999 4922 cum
2028 4872 2235 4941 angelis
2265 4875 2451 4929 stare?
2478 4875 2611 4931 Cum
2664 4879 2771 4933 illis
2813 4891 3000 4938 cantas
3031 4881 3369 4955 hynmosque
3395 4902 3486 4941 cc-

1879 4960 2089 5028 lcbras,
2121 4971 2174 5016 et
2202 4973 2313 5019 stas
2361 4967 2580 5022 ridens?
2610 4971 2803 5025 Annon
2834 4972 3031 5027 mirum
3064 4985 3145 5029 est
3168 5016 3183 5039 ,
3211 4975 3357 5045 quod
3390 4977 3489 5030 lul-

1880 5068 2001 5106 tnen
2034 5069 2137 5108 nou
2173 5055 2495 5113 immittatur
2521 5101 2537 5126 ,
2571 5078 2678 5116 non
2708 5063 2759 5116 in
2794 5065 2916 5120 illos
2947 5075 3188 5131 tantum,
3236 5068 3330 5123 sed
3356 5081 3409 5123 et
3437 5070 3486 5123 in

1880 5160 1978 5198 nos
2004 5148 2237 5201 omnes?
2269 5148 2386 5204 haec
2416 5151 2615 5221 quippe
2663 5152 2888 5209 fulmine
2930 5156 3091 5227 digna
3142 5168 3287 5213 sunt.
3320 5159 3491 5213 Adest

1881 5254 2010 5304 rex,
2045 5240 2190 5293 videt
2240 5245 2580 5309 exercitum;
2628 5255 2681 5299 tu
2726 5262 2855 5301 vero
2897 5248 3002 5303 illis
3033 5250 3338 5304 videntibus
3382 5260 3490 5305 stas

1881 5329 2060 5385 ridens
2085 5373 2099 5393 ,
2134 5333 2214 5387 vel
2248 5334 2517 5389 ridentem
2554 5338 2828 5407 negligis?
2858 5340 2962 5393 Sed
2994 5356 3277 5411 quousque
3310 5344 3489 5397 incre-

1881 5422 2106 5491 pamus?
2138 5439 2416 5494 quousque
2446 5428 2940 5497 reprehendimus?
2973 5434 3167 5485 Annon
3199 5440 3257 5484 ut
3284 5443 3486 5502 pestes.

1880 5530 2061 5569 annon
2092 5525 2148 5569 ut
2178 5529 2523 5587 corruptores
2548 5562 2561 5586 ,
2611 5537 2788 5575 annon
2820 5533 2875 5576 ut
2904 5534 3188 5593 corruptos
3230 5533 3285 5579 et
3312 5528 3493 5595 pt‘rtti-

1881 5607 2059 5660 ciosos
2093 5608 2396 5676 hujusmodi
2428 5614 2693 5680 homines,
2727 5615 3128 5686 innumerisque
3171 5618 3329 5672 malis
3368 5635 3485 5671 una~

1882 5708 1995 5753 stos
2026 5700 2092 5755 ab
2122 5702 2359 5758 Ecclesia
2409 5707 2531 5774 pelli
2565 5708 2941 5777 oportuisset?
2968 5704 3331 5769 Quandonam
3356 5712 3428 5765 illi
3462 5728 3491 5765 a

1885 5793 1995 5847 risu
2024 5794 2392 5866 abstincbunl,
2422 5800 2511 5870 qui
2540 5799 2593 5855 in
2627 5800 2757 5856 hora
2787 5802 3062 5857 tremenda
3092 5803 3491 5868 rident?t|tt‘~ltt-
