4084 6332
665 423 757 479 i9!

658 536 729 591 do
754 548 785 589 ι
814 528 967 601 nugis
996 525 1367 589 abstinebant,
1398 522 1487 593 qui
1519 524 1570 575 in
1602 526 1847 587 tempore
1894 510 2229 568 benedictio-

657 629 739 681 nis
765 621 1049 693 garriunt?
1082 635 1192 675 non
1227 622 1516 687 praesentes
1543 617 1859 711 reverentur
1883 645 1899 673 ,

655 716 882 773 timent?
927 726 1108 769 annon
1153 708 1352 765 sufficit
1395 703 1549 759 nobis
1596 700 1791 757 mentis
1818 693 2104 753 socordia?
2130 707 2235 747 non

652 812 782 863 satis
803 805 1043 877 estquod
1068 812 1282 858 orantes
1304 798 1411 853 alio
1437 807 1757 865 evagemur:
1788 787 1884 845 sed
1908 796 1963 842 et
1991 786 2158 840 risum
2183 791 2239 838 et

653 900 946 954 cachinnos
972 896 1170 952 multos
1196 886 1525 962 ingerimus?

723 990 910 1044 Contra
931 985 1135 1042 Theatri
1158 979 1631 1049 spectacula.—An
1660 976 1927 1031 theatrum
1945 970 2062 1025 hmc
2084 966 2236 1074 sunt?

653 1083 759 1139 Sed
809 1081 912 1136 hoc
942 1076 1363 1149 putoatheatris
1410 1073 1580 1128 oriri:
1628 1068 2045 1168 inobsequentes
2063 1068 2233 1168 "enim

652 1173 848 1228 multos
900 1181 954 1226 et
993 1169 1378 1239 incompositos
1410 1164 1669 1221 efliciunt.
1706 1161 1834 1229 Quae
1875 1159 1960 1212 hic
1998 1156 2231 1212 aedifica-

653 1280 775 1319 mus
809 1305 825 1328 ,
871 1264 979 1318 illic
1014 1262 1404 1317 destruuntur:
1450 1271 1624 1326 neque
1663 1254 1777 1351 hoc.
1822 1252 2029 1351 solum,
2061 1248 2233 1351 sedet

648 1356 769 1409 aliis
796 1352 1146 1409 immunditiis
1168 1364 1387 1406 necesse
1413 1356 1495 1404 est
1521 1348 1640 1402 illos
1666 1344 1882 1414 repleri.
1915 1343 1982 1397 Et
2009 1338 2231 1410 perinde

652 1450 728 1513 tit,
752 1461 814 1501 ac
834 1445 879 1503 si
900 1446 1020 1515 quis
1037 1458 1286 1513 campum
1311 1439 1603 1496 emundare
1651 1438 1778 1491 velit
1806 1476 1822 1501 ,
1867 1436 1919 1490 in
1948 1448 2107 1505 quem
2135 1447 2227 1487 su-

652 1557 814 1612 perne
838 1540 955 1595 fons
983 1540 1152 1593 lutum
1200 1537 1481 1599 immittat;
1505 1534 1633 1589 dum
1658 1533 1799 1633 enim
1822 1531 1989 1602 magis
2010 1542 2226 1633 purgas,

648 1633 791 1689 aliud
822 1632 1013 1688 influit.
1048 1631 1279 1701 ldipsum
1306 1629 1393 1684 hic
1423 1627 1619 1683 evenit.
1664 1626 1951 1695 Postquam
1991 1623 2136 1678 enim
2168 1622 2230 1677 il-

646 1728 748 1792 los,
780 1728 867 1796 qui
893 1742 958 1781 ex
989 1721 1627 1780 theatris-immunditiam
1655 1720 1966 1818 intulerant,
2000 1715 2226 1818 munda-

643 1821 900 1884 verimus,
929 1819 1025 1873 illo
1046 1824 1383 1872 revertentes
1406 1813 1506 1885 ipsi
1542 1812 1805 1883 majorem
1854 1809 2097 1865 referunt
2123 1809 2224 1907 im-

643 1910 959 1970 munditiam
988 1926 1002 1963 :
1035 1907 1185 1978 quasi
1202 1906 1383 1963 dedita
1411 1918 1573 1976 opera
1600 1904 1675 1959 sic
1692 1903 1954 1967 viventes,
1988 1908 2044 1954 ut
2070 1897 2226 1953 nobis

1402 410 1461 466 s.
1500 390 1776 465 JOANNIS
1812 396 2283 457 cnnvsosrosn
2316 394 2629 451 ARClllEP.
2672 400 3208 464 consummat.

3847 422 3941 479 193

2344 511 2611 579 negotium
2637 512 2939 574 lacessant:
2971 530 3025 573 et
3060 524 3289 580 redeunt
3319 526 3511 584 iterum
3541 533 3774 591 multum
3799 549 3935 595 stcr~

2343 606 2483 658 coris
2507 615 2798 675 gestantes,
2822 611 2873 664 iu
2901 615 3161 679 moribus,
3194 617 3244 672 in
3273 622 3522 687 motibus,
3544 625 3599 679 in
3628 629 3808 684 verbis
3833 673 3848 695 ,
3883 632 3933 686 in

2344 695 2450 750 risu
2472 738 2486 761 ,
2509 697 2559 750 in
2584 697 2810 754 desidia.
2843 702 3047 760 Deinde
3076 723 3173 762 nos
3192 719 3382 765 iterum
3408 712 3658 782 fodimus,
3683 722 3839 790 quasi
3870 725 3934 778 de

2341 786 2597 842 industria
2622 790 2904 861 fodientes,
2931 805 2987 850 ut
3014 797 3131 854 illos
3173 806 3400 859 mundos
3420 809 3730 867 emittentes
3750 855 3765 878 ,
3792 814 3935 884 ipsos

2342 894 2553 933 rursum
2599 882 2870 938 videamus
2905 901 3063 943 emno
3100 902 3345 950 onustos.
3404 897 3613 956 Idcirco
3652 908 3935 961 connnitto

2342 984 2436 1025 vos
2461 972 2587 1027 Deo.
2619 973 2807 1043 Etiam
2837 977 2961 1033 hinc
2990 981 3175 1048 vobis,
3204 986 3292 1055 qui
3323 988 3439 1042 sani
3465 993 3616 1059 estis,
3652 996 3933 1065 testificor,

2336 1062 2595 1131 judicium
2642 1067 2796 1123 vobis
2838 1080 2892 1125 et
2944 1072 3338 1133 damnationem
3387 1082 3517 1149 fore,
3551 1084 3595 1139 si
3641 1088 3763 1157 quis
3812 1104 3935 1144 cum

2340 1156 2484 1212 videt
2528 1160 2830 1222 inordinate
2857 1178 3099 1237 agentes,
3146 1175 3490 1247 maximeque
3539 1181 3935 1255 illotempore

2338 1249 2769 1321 confabulantes,
2797 1272 2903 1314 non
2937 1262 3277 1322 admonuerit
3312 1285 3412 1325 nec
3438 1278 3740 1331 correxerit
3787 1294 3887 1335 eos
3920 1296 3932 1333 :

2337 1341 2441 1397 hoc
2463 1346 2651 1402 melius
2680 1359 2763 1403 est
2791 1355 3103 1421 precatione
3149 1360 3285 1429 ipsa.
3336 1364 3553 1421 Dimitte
3602 1383 3829 1437 preces,
3880 1383 3939 1429 et

2338 1432 2487 1489 illum
2519 1436 2737 1509 increpa
2766 1459 2778 1497 :
2829 1444 2901 1499 ita
2932 1455 2987 1501 et
3017 1447 3090 1502 illi
3114 1451 3382 1520 proderis,
3415 1466 3470 1511 et
3510 1469 3562 1511 tn
3602 1432 3932 1520 lucraberis.

2334 1525 2425 1579 Sic
2479 1530 2777 1597 poterimus
2816 1549 3005 1593 omnes
3050 1541 3279 1598 salutem
3306 1554 3361 1599 et
3406 1562 3631 1618 regnum
3671 1555 3935 1611 cmiorum

2336 1621 2547 1689 assequi
2576 1636 2590 1673 :
2622 1638 2730 1693 quo
2762 1641 2860 1682 nos
2885 1644 3073 1687 omnes
3098 1631 3203 1689 frui
3231 1637 3528 1709 contingat,
3554 1646 3727 1712 gratia
3752 1656 3806 1701 et
3835 1648 3927 1703 bc-

2336 1710 2599 1781 nignitate
2626 1716 2836 1775 Domini
2867 1727 3037 1778 nostri
3091 1724 3219 1783 Jesu
3246 1727 3443 1785 Christi
3470 1774 3485 1798 ,
3539 1710 3754 1804 quicum
3782 1738 3934 1794 Patri

2334 1804 2600 1877 simulque
2632 1809 2856 1880 Spiritui
2888 1828 3077 1873 sancto
3105 1821 3308 1891 gloria,
3359 1825 3664 1894 imperium,
3700 1829 3886 1887 honor
3918 1874 3931 1899 ,

2337 1914 2479 1954 num:
2500 1910 2553 1955 et
2578 1918 2791 1974 semper
2815 1947 2830 1971 ,
2861 1910 2988 1964 etin
3016 1914 3213 1967 sarcula
3243 1918 3584 1973 saeculorum.
3616 1923 3815 1977 Amen.

652 2036 1781 2044 y—ﬁr’ﬂ
2020 2084 2366 2146 nemus
2410 2087 2617 2151 xxv.

638 2242 763 2295 Car.
796 2241 880 2295 ll.
908 2255 959 2291 ν.
996 2239 1082 2293 l9.
1134 2236 1159 2291 1
1171 2237 1226 2291 lli
1245 2236 1466 2307 quidem,
1505 2235 1589 2302 qui
1613 2232 1827 2301 dispersi
1858 2234 2057 2303 fuerant
2081 2245 2113 2281 a
2139 2229 2231 2281 tri-

708 2333 979 2397 bulatione,
1006 2346 1118 2401 qua
1140 2333 1276 2401 facta
1298 2334 1464 2400 fuerat
1483 2327 1543 2381 ob
1568 2326 1907 2395 Stephanum,
1924 2322 2227 2394 pertransie-

708 2434 823 2476 runt
868 2439 1023 2491 usque
1076 2421 1346 2475 Phoenicen
1395 2430 1440 2473 et
1485 2417 1709 2489 Cyprum
1761 2424 1808 2470 et
1863 2414 2222 2479 Antiochiam,

710 2517 895 2571 nemini
940 2515 1195 2584 loquentes
1241 2513 1466 2577 verbum,
1514 2512 1613 2566 nisi
1637 2511 1759 2565 solis
1783 2509 2003 2564 Iudaeis.

713 2608 767 2661 l.
823 2606 937 2661 Non
968 2620 1152 2673 parum
1183 2604 1247 2658 ad
1282 2604 1427 2659 verbi
1462 2603 1756 2673 profectum
1786 2600 2013 2656 contulit
2040 2614 2225 2669 perse-

642 2700 832 2769 quutio
868 2718 881 2752 :
914 2714 1035 2752 nam
1064 2696 1400 2769 Diligentibus
1429 2694 1623 2758 Deum,
1669 2694 1862 2763 inquit,
1926 2693 2095 2746 omnia
2135 2708 2223 2745 co-

635 2801 912 2860 operantur
932 2792 985 2843 in
1003 2788 1189 2843 bonum
1219 2788 1395 2859 (Rom.
1417 2789 1469 2842 8.
1492 2786 1604 2858 28).
1631 2786 1687 2841 Si
1710 2785 2087 2840 voluissentilli
2115 2785 2222 2840 Ec-

635 2882 850 2937 clesium
882 2896 1197 2952 propagare,
1256 2896 1361 2935 non
1402 2880 1545 2934 aliud
1599 2878 1851 2934 fecissent
1880 2896 1892 2932 :
1918 2878 1986 2933 de
2012 2877 2225 2947 disper-

638 2975 787 3027 sione
813 2974 1004 3044 loquor
1033 2973 1333 3028 doctorum.
1390 2972 1459 3028 Et
1504 2972 1625 3028 vide
1675 2987 1934 3044 quorsum
1988 2981 2213 3027 extensa

641 3063 798 3118 fuerit
856 3063 1186 3132 praedicatio.
1238 3062 1685 3129 Pertransierunt,
1745 3064 1937 3134 inquit,
1966 3079 2123 3134 usque
2154 3062 2222 3115 ad

642 3152 915 3208 Phanii-en
943 3165 991 3209 et
1034 3155 1256 3227 Cyprum
1287 3165 1330 3210 et
1358 3156 1718 3222 Antiochiam,
1750 3157 1936 3211 nemini
1963 3156 2223 3226 loquentes

633 3246 860 3311 verbum,
914 3248 1012 3302 nisi
1066 3248 1188 3303 solis
1230 3247 1449 3303 Judwis.
1500 3249 1683 3316 Vides,
1733 3248 2002 3319 quomodo
2042 3248 2220 3302 omnia

634 3341 775 3393 circa
803 3338 1114 3394 Cornelium
1150 3356 1243 3411 per
1269 3340 1727 3410 dispensationem
1754 3340 1891 3395 facta
1918 3340 2027 3393 sint
2054 3340 2077 3393 ?
2107 3340 2218 3395 lloc

633 3439 811 3485 autem
842 3440 894 3485 et
924 3430 992 3484 ad
1016 3430 1383 3485 defensionem
1413 3430 1608 3485 Christi
1640 3440 1693 3485 et
1718 3431 1787 3486 ad
1817 3431 2214 3486 accusationem

634 3521 942 3579 Judmorum
966 3520 1192 3576 confert.
1226 3521 1404 3592 Itaque
1430 3536 1549 3577 eum
1568 3521 1869 3592 Stephanus
1888 3524 2094 3576 occisus
2115 3530 2215 3588 est,

636 3630 756 3669 cum
778 3614 974 3670 Paulos
996 3614 1078 3669 bis
1106 3625 1184 3670 est
1216 3614 1547 3686 periclitatus
1569 3652 1584 3676 ,
1617 3629 1736 3667 cum
1764 3615 1991 3683 apostoli
2032 3614 2217 3685 ﬂagel-

633 3706 719 3761 Iati
744 3714 887 3771 sunt,
917 3721 1036 3760 cam
1066 3707 1259 3775 smpius
1290 3706 1467 3776 ejeCIi,
1498 3719 1623 3762 tunc
1646 3717 1853 3777 gentes,
1876 3718 1999 3763 tunc
2027 3708 2216 3763 Sama-

632 3798 1015 3866 ritanireccpti
1043 3808 1167 3852 sunt
1194 3817 1208 3853 :
1240 3799 1381 3868 quod
1409 3796 1463 3854 e't
1485 3800 1679 3855 Paulus
1738 3800 1935 3855 clamat
1982 3800 2211 3857 dicens:

644 3887 790 3943 Vobis
812 3890 1074 3957 oportebat
1108 3891 1329 3960 primunt
1381 3891 1518 3962 loqui
1545 3894 1746 3947 verbum
1786 3892 1877 3947 Dei
1904 3910 1922 3947 :
1948 3895 2036 3948 sed
2085 3912 2215 3966 quo—

630 3982 766 4034 niam
785 3982 1027 4053 repellitis
1060 3982 1227 4049 illud,
1279 3994 1327 4039 et
1372 3985 1608 4056 indignos
1652 4002 1735 4041 ros
1769 3988 2015 4057 judicatis
2041 4028 2056 4053 ,
2106 4006 2216 4044 erce

627 4078 962 4128 convertiiliur
981 4077 1049 4128 ad
1066 4085 1235 4146 gentes
1260 4076 1396 4148 (Act.
1431 4079 1483 4133 5.
1515 4078 1629 4148 46).
1664 4079 2002 4135 Circnicrunt
2034 4081 2208 4150 igitur,

626 4174 680 4219 et
706 4176 895 4235 gentes
923 4167 1354 4238 alloquebantur.
1384 4168 1474 4224 20.
1509 4166 1669 4224 Erant
1699 4182 1865 4225 autem
1890 4175 2099 4243 quidam
2120 4192 2211 4230 eo-

625 4273 737 4309 rum
760 4258 853 4311 viri
873 4256 1045 4329 Cyprii
1077 4269 1123 4313 et
1145 4258 1393 4330 Cyrencei,
1444 4262 1529 4331 qui
1580 4278 1695 4315 cum
1732 4265 1981 4319 venissent
2033 4266 2214 4323 Antio-

627 4350 815 4415 chiam,
841 4350 1171 4417 loquebantur
1191 4354 1259 4405 ad
1284 4350 1509 4419 Crazcos,
1546 4358 1905 4412 annuntiantes
1935 4357 2212 4414 Dominum

624 4440 822 4495 Jesum.
855 4441 946 4496 21.
974 4442 1040 4496 Et
1060 4454 1168 4497 erat
1196 4460 1377 4499 manus
1404 4443 1613 4499 Domini
1640 4464 1755 4500 cum
1778 4450 1847 4503 eis
1878 4465 1896 4503 :
1923 4451 2211 4521 multusque

626 4549 862 4587 numerus
884 4535 1192 4588 credentium
1216 4551 1484 4590 conuersus
1511 4550 1582 4592 est
1608 4539 1674 4591 ad
1704 4538 1978 4595 Dominum
2004 4543 2202 4600 lusum.

639 4624 788 4689 Vide,
819 4625 1023 4681 Crmcis
1050 4628 1381 4697 evangelium
1424 4632 1761 4685 annuntiant.
1801 4634 2101 4691 Verisimile
2128 4648 2211 4693 est

623 4718 764 4771 enim
791 4718 911 4775 illos
942 4719 1128 4776 Grmce
1155 4721 1401 4789 scivisse,
1435 4734 1487 4777 et
1520 4725 1818 4780 Antiochia:
1841 4729 2039 4782 multos
2070 4732 2205 4786 tales

625 4808 805 4864 fuisse.
825 4809 889 4863 Et
915 4820 1042 4877 erat,
1071 4812 1261 4881 inquit,
1292 4831 1469 4869 manus
1497 4813 1704 4869 Domini
1724 4835 1835 4871 cum
1858 4820 1995 4884 illis;
2024 4820 2073 4874 id
2102 4833 2204 4891 est,

622 4903 771 4970 signa
805 4901 1086 4957 faciebant.
1119 4904 1326 4970 Viden’,
1378 4922 1473 4960 cur
1514 4910 1674 4963 ctiam
1736 4925 1877 4965 nunc
1932 4915 2205 4984 signorum

621 4994 907 5047 necessitas
942 4992 1121 5060 fuerit,
1151 5005 1205 5047 ut
1256 4996 1538 5053 crederent
1568 5000 1589 5052 ?
1624 5001 1713 5053 9:2.
1748 5002 1985 5057 Pervenit
2038 5016 2205 5060 autent

622 5102 785 5139 sermo
811 5086 880 5139 ad
898 5103 1047 5140 aures
1068 5086 1331 5153 Ecclesiae,
1357 5106 1468 5158 qua:
1496 5100 1602 5144 erat
1647 5091 1984 5165 Jcrosolymis
2011 5138 2025 5161 ,
2055 5114 2207 5168 super

618 5180 761 5233 istis:
783 5189 830 5233 et
854 5180 1098 5233 miserunt
1127 5179 1413 5235 Barnabam
1441 5201 1595 5254 usque
1613 5186 1681 5239 ad
1704 5188 2050 5244 Antiochiam.
2095 5192 2206 5248 (iur

621 5284 761 5326 tanta
784 5273 998 5329 civitate
1026 5274 1245 5330 verbum
1285 5277 1577 5347 recipiente
1606 5296 1712 5334 nou
1746 5292 2009 5338 venerunt
2063 5286 2159 5355 ipsi
2187 5330 2200 5352 ,

621 5362 715 5415 sed
743 5364 1037 5420 Darnaham
1090 5367 1406 5423 miserunt?
1457 5370 1683 5442 Pr0pter
1710 5374 1943 5431 Jttdams.
2007 5379 2201 5435 Verum

619 5473 722 5511 non
764 5473 922 5528 parva
953 5476 1040 5516 res
1062 5461 1147 5515 hic
1166 5464 1385 5533 geritur,
1430 5465 1556 5520 dum
1594 5469 1671 5523 sic
1717 5470 1910 5527 Paulus
1955 5476 2090 5530 istuc
2115 5491 2203 5532 ac-

617 5550 757 5605 cedit
791 5570 802 5604 :
840 5568 1013 5622 neque
1056 5555 1170 5611 sine
1196 5573 1352 5614 causa
1375 5602 1388 5623 ,
1415 5559 1513 5616 sed
1536 5577 1655 5617 cum
1687 5580 1877 5633 magna
1910 5569 2198 5636 providen-

616 5646 685 5699 tia
719 5646 865 5701 illum
911 5658 1245 5717 aversantur,
1276 5670 1342 5709 ne
1373 5670 1477 5708 vox
1527 5657 1927 5727 praedicationis
1966 5665 2195 5737 tubaque

615 5737 863 5792 czriorum
892 5739 1237 5813 Jerosolyma:
1264 5746 1645 5805 includeretur.
1683 5752 1894 5820 Viden',
1928 5761 2199 5825 quomodo

620 5831 809 5900 utique
838 5832 1037 5887 malitia
1088 5850 1293 5905 eorum,
1328 5851 1384 5895 ut
1423 5857 1555 5912 opus
1583 5855 1717 5912 erat,
1750 5859 1802 5901 et
1829 5860 1879 5904 ut
1907 5852 2016 5922 ipse
2048 5856 2187 5910 vole-

2334 2231 2448 2298 bat,
2475 2234 2719 2293 Christus
2747 2249 3007 2312 uteretur,
3040 2256 3200 2319 atque
3221 2250 3346 2305 odio
3377 2253 3427 2307 in
3450 2254 3675 2312 Paulum
3704 2259 3769 2313 ad
3792 2262 3929 2316 auli-

2333 2323 2635 2383 ficationem
2659 2332 2914 2391 Ecclesiae
2941 2352 3003 2392 ex
3034 2342 3326 2410 gentibus?
3352 2345 3459 2401 Sed
3488 2349 3606 2405 vide
3638 2352 3780 2408 hunc
3796 2372 3934 2425 quo-

2331 2431 2435 2485 que
2450 2430 2691 2476 sanctum
2719 2466 2735 2491 ,
2771 2426 3067 2485 Darnabam
3097 2433 3238 2499 dico,
3263 2440 3536 2506 quomodo
3574 2460 3681 2499 non
3705 2461 3802 2502 sua
3842 2466 3924 2505 re-

2327 2509 2537 2579 spiciat,
2568 2515 2661 2569 sed
2692 2531 2871 2573 currat
2909 2522 3155 2583 Tarsum.
3196 2528 3283 2584 9.5.
3334 2533 3574 2601 Quicum
3604 2542 3839 2610 venisset,
3887 2554 3932 2600 et

2328 2600 2528 2654 uidisset
2573 2609 2793 2674 gratiam
2817 2610 2946 2678 Dei,
2989 2620 3194 2686 gavisus
3232 2630 3326 2688 est,
3357 2600 3402 2679 et
3428 2628 3725 2685 hortabatur
3755 2649 3930 2691 ontnes

2328 2693 2383 2746 in
2434 2700 2693 2765 proposito
2740 2706 2908 2760 cordis
2962 2726 3256 2778 permanere
3283 2717 3335 2770 in
3376 2716 3634 2778 Domino:
3674 2726 3767 2781 24.
3810 2732 3933 2799 quia

2328 2798 2432 2840 erat
2462 2790 2537 2843 vir
2560 2791 2719 2848 bonus
2740 2805 2784 2849 et
2811 2799 2989 2865 plenus
3013 2801 3213 2874 Spiritu
3240 2821 3415 2863 sancto
3441 2824 3489 2867 et
3514 2814 3637 2883 ﬁde.
3670 2816 3739 2871 Et
3759 2790 3929 2889 appo-

2324 2880 2421 2933 sita
2451 2892 2523 2936 est
2549 2887 2708 2939 multa
2734 2892 2879 2945 turba
2903 2892 3143 2951 Domino.
3177 2898 3266 2955 25.
3320 2880 3593 2977 Profectus
3637 2922 3710 2965 est
3748 2925 3924 2970 autem

2326 2972 2591 3030 Barnabas
2651 2977 2884 3049 Tarsum,
2919 2996 2971 3039 ut
3000 3004 3244 3057 qutereret
3287 2996 3506 3053 Sanlum
3540 3018 3559 3055 :
3611 3021 3761 3074 quem
3810 3025 3930 3063 cum

2327 3059 2615 3135 inuenisset,
2654 3074 2892 3141 perduxit
2933 3079 3275 3139 Antiochiam.
3336 3089 3582 3159 Optimus
3618 3059 3699 3151 vir
3727 3111 3849 3155 erat
3876 3115 3931 3161 et

2326 3159 2576 3230 simplex,
2610 3173 2771 3236 atque
2798 3168 2964 3226 Paulo
2993 3172 3293 3233 familiaris.
3325 3181 3451 3238 ldeo
3483 3188 3631 3243 venit
3660 3191 3727 3245 ad
3762 3159 3930 3251 athla

2328 3259 2455 3316 tam,
2484 3253 2550 3308 ad
2573 3255 2789 3324 ducem,
2816 3261 2883 3316 ad
2932 3269 3344 3326 monomachum
3365 3316 3380 3339 ,
3426 3277 3491 3330 ad
3522 3278 3738 3336 leonem
3773 3302 3787 3351 ;
3828 3303 3927 3341 ne-

2327 3344 2443 3398 scio
2466 3346 2593 3415 quid
2624 3347 2837 3418 dicam;
2863 3356 3121 3427 quidquid
3152 3364 3293 3417 enim
3343 3365 3571 3424 dixerim
3593 3413 3609 3436 ,
3655 3344 3926 3446 dignitate

2324 3434 2550 3494 inferius
2579 3440 2746 3499 Paulo
2777 3446 2897 3501 erit.
2924 3448 3081 3506 Venit
3108 3452 3175 3507 ad
3200 3459 3500 3514 venaticum
3529 3478 3724 3520 canent
3753 3509 3770 3536 ,
3811 3470 3927 3527 leo-

2323 3544 2421 3585 nes
2450 3532 2781 3591 occidentcm
2812 3578 2827 3604 ,
2878 3539 2945 3594 ad
2993 3550 3199 3599 taurqu
3250 3547 3482 3618 fortem,
3526 3553 3591 3609 ad
3639 3556 3921 3618 lucernam

2321 3622 2659 3691 splendidam
2684 3670 2700 3696 ,
2742 3630 2807 3685 ad
2848 3647 2908 3687 os
2938 3636 3053 3692 orbi
3086 3638 3373 3698 sufficiens.
3397 3644 3537 3702 Vere
3570 3648 3695 3706 ideo
3725 3654 3926 3712 Antio-

2320 3712 2456 3769 chia}
2496 3719 2667 3772 vocati
2724 3731 2849 3776 sunt
2900 3723 3189 3785 Christiani
3221 3773 3235 3799 ,
3288 3736 3410 3804 quia
3439 3737 3636 3797 Paulus
3663 3742 3738 3799 ibi
3776 3756 3927 3805 tanto

2323 3814 2563 3877 tempore
2586 3817 2803 3869 mansit.
2819 3816 2911 3873 ‘26.
2946 3818 3163 3876 Factum
3184 3835 3257 3879 est
3273 3838 3441 3883 autem
3465 3842 3515 3884 ut
3538 3849 3733 3889 annum
3760 3849 3925 3895 totum

2319 3913 2740 3973 congregarentur
2765 3908 2818 3961 in
2845 3908 3093 3983 Ecclesia,
3118 3926 3167 3970 et
3193 3917 3425 3975 docerent
3448 3925 3649 3980 turbam
3680 3933 3921 3998 multam,

2317 3992 2388 4043 ita
2438 4002 2492 4045 ut
2539 4002 3017 4068 cognominarentur
3073 4010 3292 4079 primunt
3336 4015 3621 4074 Antiochia:
3679 4025 3925 4096 discipuli

2317 4081 2610 4144 Christiani.
2636 4091 2751 4147 Non
2783 4110 2943 4165 parva
2974 4100 3204 4157 civitatis
3230 4106 3346 4159 laus
3376 4106 3510 4164 hme.
3563 4110 3676 4169 lloc
3727 4129 3923 4174 contra

2319 4189 2509 4233 omnes
2561 4182 2752 4239 adduci
2801 4196 2997 4255 potest,
3029 4193 3169 4261 quod
3204 4197 3371 4264 prima
3418 4204 3659 4258 omnium
3692 4222 3792 4263 ore
3830 4212 3923 4265 tali

2319 4276 2464 4323 tanto
2511 4280 2752 4343 tempore
2786 4276 3091 4337 frueretur:
3125 4286 3266 4343 unde
3300 4297 3355 4344 et
3400 4294 3575 4361 primo
3626 4298 3789 4355 isthic
3818 4303 3923 4360 hoc

2318 4361 2532 4418 nomine
2558 4364 2759 4436 dignati
2784 4381 2931 4426 sunt.
2957 4373 3142 4431 Viden'
3167 4379 3219 4434 in
3242 4395 3502 4451 quantum
3531 4388 3802 4461 fastigium
3837 4399 3922 4451 ci-

2316 4454 2530 4510 vitalem
2558 4462 2831 4532 extulerit,
2885 4467 3280 4543 eiarioremque
3325 4474 3554 4535 fecerit?
3595 4482 3711 4540 lloc
3764 4488 3922 4545 Pauli

2313 4562 2449 4616 opus
2476 4560 2577 4604 est.
2604 4550 2704 4607 Ubi
2738 4558 2835 4609 tria
2864 4558 3050 4627 millia,
3084 4563 3173 4619 ubi
3212 4568 3451 4638 quinque
3470 4570 3641 4629 millia
3663 4581 3925 4639 credide-

2316 4649 2457 4705 runt,
2504 4644 2589 4697 ubi
2622 4654 2764 4701 tanta
2794 4650 3077 4707 multitudo
3098 4694 3112 4719 ,
3148 4656 3222 4740 ibi
3263 4659 3397 4714 nihil
3422 4664 3527 4717 tale
3559 4665 3763 4724 factum
3788 4685 3914 4740 est;

2311 4733 2407 4786 sed
2463 4735 2635 4791 adhuc
2659 4738 2727 4794 de
2756 4742 2838 4795 via
2868 4743 2955 4796 illa
3009 4732 3213 4803 tantum
3263 4765 3385 4807 esse
3432 4754 3795 4818 dicebautur:
3828 4766 3922 4823 hic

2312 4839 2439 4880 vero
2467 4827 2751 4886 Christiani
2779 4838 3029 4904 appellati
3062 4850 3205 4896 sunt.
3252 4844 3341 4899 27.
3400 4847 3467 4903 In
3491 4851 3571 4905 his
3598 4867 3775 4910 autem
3798 4860 3919 4917 die-

2310 4918 2401 4973 bus
2433 4924 2794 4981 descenderunt
2822 4930 2883 4982 ab
2911 4929 3248 5007 Jerosolymis
3275 4942 3536 5009 prOphette
3558 4946 3919 5013 Antiochiam.

2311 5012 2573 5079 Quoniam
2605 5020 2761 5076 isthic
2786 5021 3012 5079 fructum
3036 5016 3394 5102 cle'emosyna:
3422 5038 3652 5107 plantari
3691 5060 3924 5115 oporte-

2310 5107 2398 5163 bat
2420 5151 2434 5174 ,
2468 5112 2670 5167 utiliter
2694 5117 3008 5186 providetur
3035 5130 3089 5176 ut
3113 5129 3391 5196 prophette
3422 5132 3517 5185 illo
3548 5107 3918 5200 descendant.

2313 5202 2393 5256 Tu
2419 5220 2551 5259 vero
2577 5208 2707 5262 mihi
2748 5212 3057 5270 consideres
3084 5218 3266 5286 velim,
3306 5225 3577 5280 neminem
3612 5244 3680 5284 ex
3705 5234 3920 5291 clario-

2307 5294 2457 5348 ribus
2486 5297 2673 5352 horum
2697 5300 2973 5359 doctorem
3000 5305 3165 5365 fuisse
3192 5329 3203 5363 :
3235 5312 3465 5383 Cyprios
3494 5319 3639 5375 enim
3665 5324 3921 5385 habuere

2309 5387 2579 5460 doctores,
2610 5391 2896 5465 Cyrenazos
2927 5409 2981 5454 et
3011 5400 3265 5476 Pauluml
3296 5408 3503 5465 etiamsi
3538 5412 3626 5467 hic
3654 5415 3783 5471 illos
3812 5437 3919 5476 su-

2308 5487 2575 5551 peraverit
2604 5487 2643 5557 ),
2677 5491 2817 5545 sicut
2860 5492 3057 5554 Paulus
3098 5497 3352 5556 doctores
3381 5501 3563 5559 habuit
3599 5508 3921 5571 Bai-nabant

2304 5585 2357 5627 et
2381 5581 2639 5634 Ananiam
2669 5596 2683 5647 ;
2711 5584 2806 5639 sed
2835 5586 2963 5642 nihil
2990 5590 3113 5647 inde
3144 5596 3322 5651 minor
3352 5597 3449 5652 fuit
3483 5618 3495 5653 :
3547 5601 3789 5661 habebat
3826 5620 3919 5665 ta-

2310 5684 2429 5724 men
2457 5681 2511 5726 et
2540 5672 2831 5733 Christum.
2860 5680 2951 5736 28.
3009 5683 3236 5757 Surgens
3260 5700 3427 5752 autem
3454 5710 3584 5748 unus
3611 5713 3676 5750 ex
3705 5700 3783 5754 eis
3813 5721 3917 5758 uo-

2306 5763 2438 5819 mine
2466 5766 2688 5835 Agabus,
2715 5772 3241 5847 signiﬁcabatfantem
3289 5800 3528 5856 magnam
3570 5791 3808 5859 futuram
3869 5801 3925 5852 in

2307 5860 2535 5918 universe
2571 5864 2711 5935 orbe,
2753 5883 2865 5937 qua?
2895 5871 3036 5939 facta
3064 5883 3137 5928 est
3158 5876 3250 5929 sub
3281 5876 3500 5935 Claudio
3540 5882 3763 5942 Ca’sare.
3798 5890 3921 5948 Nc-
