  <div class='ocr_page' id='page_1' title='image "/cluster/home/n/w/nwhite01/storage/ocr_20150623/60/pst.000005712601/198.png"; bbox 0 0 4078 6318; ppageno 0'>
   <div class='ocr_carea' id='block_1_1' title="bbox 197 402 2513 469">
    <p class='ocr_par' dir='ltr' id='par_1_1' title="bbox 197 402 2513 469">
     <span class='ocr_line' id='line_1_1' title="bbox 197 402 2513 469; baseline -0.004 0"><span class='ocrx_word' id='word_1_1' title='bbox 197 411 291 469; x_wconf 69' lang='grc'><strong>193</strong></span> <span class='ocrx_word' id='word_1_2' title='bbox 1167 407 1230 463; x_wconf 83' lang='grc' dir='ltr'><strong>ΙΝ</strong></span> <span class='ocrx_word' id='word_1_3' title='bbox 1271 406 1451 465; x_wconf 79' lang='lat' dir='ltr'><strong>ACTA</strong></span> <span class='ocrx_word' id='word_1_4' title='bbox 1491 402 2024 463; x_wconf 76' lang='lat' dir='ltr'><strong>APOSTOLORUM.</strong></span> <span class='ocrx_word' id='word_1_5' title='bbox 2066 403 2303 462; x_wconf 74' lang='lat' dir='ltr'><strong>llOMIL.</strong></span> <span class='ocrx_word' id='word_1_6' title='bbox 2345 406 2513 462; x_wconf 76' lang='lat' dir='ltr'><strong>XXV.</strong></span> 
     </span>
    </p>
   </div>
   <div class='ocr_carea' id='block_1_2' title="bbox 225 523 1800 596">
    <p class='ocr_par' dir='ltr' id='par_1_2' title="bbox 225 523 1800 596">
     <span class='ocr_line' id='line_1_2' title="bbox 225 523 1800 596; baseline -0.008 -8"><span class='ocrx_word' id='word_1_7' title='bbox 225 531 462 588; x_wconf 84' lang='lat' dir='ltr'><strong>cessario</strong></span> <span class='ocrx_word' id='word_1_8' title='bbox 490 527 585 586; x_wconf 87' lang='lat' dir='ltr'><strong>hie</strong></span> <span class='ocrx_word' id='word_1_9' title='bbox 613 528 813 583; x_wconf 88' lang='lat' dir='ltr'><strong>famem</strong></span> <span class='ocrx_word' id='word_1_10' title='bbox 831 539 1072 596; x_wconf 89' lang='lat' dir='ltr'><strong>magnam</strong></span> <span class='ocrx_word' id='word_1_11' title='bbox 1104 525 1334 579; x_wconf 87' lang='lat' dir='ltr'><strong>futuram</strong></span> <span class='ocrx_word' id='word_1_12' title='bbox 1364 523 1652 594; x_wconf 86' lang='lat' dir='ltr'><strong>signiftcat,</strong></span> <span class='ocrx_word' id='word_1_13' title='bbox 1680 535 1800 592; x_wconf 70' lang='lat' dir='ltr'><strong>qua:</strong></span> 
     </span>
    </p>
   </div>
   <div class='ocr_carea' id='block_1_3' title="bbox 201 614 1800 691">
    <p class='ocr_par' dir='ltr' id='par_1_3' title="bbox 201 614 1800 691">
     <span class='ocr_line' id='line_1_3' title="bbox 201 614 1800 691; baseline -0.007 -13"><span class='ocrx_word' id='word_1_14' title='bbox 201 623 381 689; x_wconf 89' lang='lat' dir='ltr'><strong>etiam,</strong></span> <span class='ocrx_word' id='word_1_15' title='bbox 407 631 469 675; x_wconf 82' lang='grc' dir='ltr'><strong>ιιι</strong></span> <span class='ocrx_word' id='word_1_16' title='bbox 500 621 766 691; x_wconf 71' lang='lat' dir='ltr'><strong>prredicta</strong></span> <span class='ocrx_word' id='word_1_17' title='bbox 795 619 986 684; x_wconf 70' lang='lat' dir='ltr'><strong>fuerat,</strong></span> <span class='ocrx_word' id='word_1_18' title='bbox 1015 618 1261 688; x_wconf 75' lang='lat' dir='ltr'><strong>conligit.</strong></span> <span class='ocrx_word' id='word_1_19' title='bbox 1283 617 1359 671; x_wconf 88' lang='lat' dir='ltr'><strong>Nc</strong></span> <span class='ocrx_word' id='word_1_20' title='bbox 1388 623 1638 686; x_wconf 89' lang='lat' dir='ltr'><strong>putarent</strong></span> <span class='ocrx_word' id='word_1_21' title='bbox 1657 614 1800 668; x_wconf 87' lang='lat' dir='ltr'><strong>enim</strong></span> 
     </span>
    </p>
   </div>
   <div class='ocr_carea' id='block_1_4' title="bbox 202 707 1802 786">
    <p class='ocr_par' dir='ltr' id='par_1_4' title="bbox 202 707 1802 786">
     <span class='ocr_line' id='line_1_4' title="bbox 202 707 1802 786; baseline -0.006 -16"><span class='ocrx_word' id='word_1_22' title='bbox 202 715 412 786; x_wconf 87' lang='lat' dir='ltr'><strong>quidam</strong></span> <span class='ocrx_word' id='word_1_23' title='bbox 439 715 566 770; x_wconf 91' lang='lat' dir='ltr'><strong>ideo</strong></span> <span class='ocrx_word' id='word_1_24' title='bbox 597 714 800 769; x_wconf 89' lang='lat' dir='ltr'><strong>famem</strong></span> <span class='ocrx_word' id='word_1_25' title='bbox 823 713 1058 778; x_wconf 96' lang='lat' dir='ltr'><strong>venisse,</strong></span> <span class='ocrx_word' id='word_1_26' title='bbox 1088 711 1227 781; x_wconf 90' lang='lat' dir='ltr'><strong>quod</strong></span> <span class='ocrx_word' id='word_1_27' title='bbox 1251 709 1697 765; x_wconf 88' lang='lat' dir='ltr'><strong>Christianismus</strong></span> <span class='ocrx_word' id='word_1_28' title='bbox 1719 707 1802 761; x_wconf 83' lang='lat' dir='ltr'><strong>in-</strong></span> 
     </span>
    </p>
   </div>
   <div class='ocr_carea' id='block_1_5' title="bbox 198 800 1802 879">
    <p class='ocr_par' dir='ltr' id='par_1_5' title="bbox 198 800 1802 879">
     <span class='ocr_line' id='line_1_5' title="bbox 198 800 1802 879; baseline -0.004 -18"><span class='ocrx_word' id='word_1_29' title='bbox 198 823 415 879; x_wconf 87' lang='lat' dir='ltr'><strong>gressus</strong></span> <span class='ocrx_word' id='word_1_30' title='bbox 441 817 622 871; x_wconf 90' lang='lat' dir='ltr'><strong>esset,</strong></span> <span class='ocrx_word' id='word_1_31' title='bbox 646 806 790 878; x_wconf 92' lang='lat' dir='ltr'><strong>quod</strong></span> <span class='ocrx_word' id='word_1_32' title='bbox 817 805 1091 861; x_wconf 66' lang='lat' dir='ltr'><strong>dtemones</strong></span> <span class='ocrx_word' id='word_1_33' title='bbox 1141 804 1567 859; x_wconf 75' lang='lat' dir='ltr'><strong>abscessissent:</strong></span> <span class='ocrx_word' id='word_1_34' title='bbox 1602 800 1802 872; x_wconf 65' lang='lat' dir='ltr'><strong>praedi-</strong></span> 
     </span>
    </p>
   </div>
   <div class='ocr_carea' id='block_1_6' title="bbox 199 893 1800 969">
    <p class='ocr_par' dir='ltr' id='par_1_6' title="bbox 199 893 1800 969">
     <span class='ocr_line' id='line_1_6' title="bbox 199 893 1800 969; baseline -0.002 -17"><span class='ocrx_word' id='word_1_35' title='bbox 199 899 268 952; x_wconf 87' lang='lat' dir='ltr'><strong>cit</strong></span> <span class='ocrx_word' id='word_1_36' title='bbox 293 899 526 966; x_wconf 77' lang='lat' dir='ltr'><strong>Spiritus</strong></span> <span class='ocrx_word' id='word_1_37' title='bbox 551 909 773 954; x_wconf 79' lang='lat' dir='ltr'><strong>sanctus</strong></span> <span class='ocrx_word' id='word_1_38' title='bbox 802 898 944 969; x_wconf 90' lang='lat' dir='ltr'><strong>quod</strong></span> <span class='ocrx_word' id='word_1_39' title='bbox 989 897 1221 951; x_wconf 90' lang='lat' dir='ltr'><strong>fulttrum</strong></span> <span class='ocrx_word' id='word_1_40' title='bbox 1252 903 1358 956; x_wconf 86' lang='lat' dir='ltr'><strong>est.</strong></span> <span class='ocrx_word' id='word_1_41' title='bbox 1382 895 1524 950; x_wconf 90' lang='lat' dir='ltr'><strong>sicut</strong></span> <span class='ocrx_word' id='word_1_42' title='bbox 1554 904 1608 950; x_wconf 91' lang='lat' dir='ltr'><strong>et</strong></span> <span class='ocrx_word' id='word_1_43' title='bbox 1636 893 1800 949; x_wconf 87' lang='lat' dir='ltr'><strong>Chri-</strong></span> 
     </span>
    </p>
   </div>
   <div class='ocr_carea' id='block_1_7' title="bbox 199 992 1286 1062">
    <p class='ocr_par' dir='ltr' id='par_1_7' title="bbox 199 992 1286 1062">
     <span class='ocr_line' id='line_1_7' title="bbox 199 992 1286 1062; baseline -0.004 -16"><span class='ocrx_word' id='word_1_44' title='bbox 199 1002 316 1048; x_wconf 89' lang='lat' dir='ltr'><strong>stus</strong></span> <span class='ocrx_word' id='word_1_45' title='bbox 342 993 507 1047; x_wconf 89' lang='lat' dir='ltr'><strong>multa</strong></span> <span class='ocrx_word' id='word_1_46' title='bbox 540 992 786 1062; x_wconf 74' lang='lat' dir='ltr'><strong>prmdixit</strong></span> <span class='ocrx_word' id='word_1_47' title='bbox 827 1007 946 1061; x_wconf 75' lang='lat' dir='ltr'><strong>qua:</strong></span> <span class='ocrx_word' id='word_1_48' title='bbox 972 999 1286 1046; x_wconf 90' lang='lat' dir='ltr'><strong>evenerunt.</strong></span> 
     </span>
    </p>
   </div>
   <div class='ocr_carea' id='block_1_8' title="bbox 270 1079 1800 1156">
    <p class='ocr_par' dir='ltr' id='par_1_8' title="bbox 270 1079 1800 1156">
     <span class='ocr_line' id='line_1_8' title="bbox 270 1079 1800 1156; baseline -0.004 -17"><span class='ocrx_word' id='word_1_49' title='bbox 270 1085 378 1139; x_wconf 87' lang='lat' dir='ltr'><strong>Cur</strong></span> <span class='ocrx_word' id='word_1_50' title='bbox 403 1089 566 1156; x_wconf 79' lang='lat' dir='ltr'><strong>fames</strong></span> <span class='ocrx_word' id='word_1_51' title='bbox 594 1083 802 1139; x_wconf 78' lang='lat' dir='ltr'><strong>uenerit.</strong></span> <span class='ocrx_word' id='word_1_52' title='bbox 824 1114 895 1123; x_wconf 91' lang='lat'><strong>—</strong></span> <span class='ocrx_word' id='word_1_53' title='bbox 915 1082 1029 1137; x_wconf 81' lang='lat' dir='ltr'><strong>Non</strong></span> <span class='ocrx_word' id='word_1_54' title='bbox 1055 1082 1176 1138; x_wconf 83' lang='lat' dir='ltr'><strong>ideo</strong></span> <span class='ocrx_word' id='word_1_55' title='bbox 1207 1083 1386 1152; x_wconf 90' lang='lat' dir='ltr'><strong>igitur,</strong></span> <span class='ocrx_word' id='word_1_56' title='bbox 1413 1085 1537 1156; x_wconf 90' lang='lat' dir='ltr'><strong>quia</strong></span> <span class='ocrx_word' id='word_1_57' title='bbox 1559 1079 1626 1136; x_wconf 93' lang='lat' dir='ltr'><strong>ab</strong></span> <span class='ocrx_word' id='word_1_58' title='bbox 1648 1079 1800 1135; x_wconf 91' lang='lat' dir='ltr'><strong>initio</strong></span> 
     </span>
    </p>
   </div>
   <div class='ocr_carea' id='block_1_9' title="bbox 199 1173 1803 1246">
    <p class='ocr_par' dir='ltr' id='par_1_9' title="bbox 199 1173 1803 1246">
     <span class='ocr_line' id='line_1_9' title="bbox 199 1173 1803 1246; baseline -0.003 -17"><span class='ocrx_word' id='word_1_59' title='bbox 199 1176 268 1229; x_wconf 83' lang='lat' dir='ltr'><strong>ita</strong></span> <span class='ocrx_word' id='word_1_60' title='bbox 304 1193 421 1231; x_wconf 91' lang='lat' dir='ltr'><strong>rem</strong></span> <span class='ocrx_word' id='word_1_61' title='bbox 453 1175 698 1232; x_wconf 90' lang='lat' dir='ltr'><strong>accidere</strong></span> <span class='ocrx_word' id='word_1_62' title='bbox 734 1175 1044 1246; x_wconf 81' lang='lat' dir='ltr'><strong>Oportebat;</strong></span> <span class='ocrx_word' id='word_1_63' title='bbox 1079 1173 1172 1230; x_wconf 91' lang='lat' dir='ltr'><strong>sed</strong></span> <span class='ocrx_word' id='word_1_64' title='bbox 1213 1185 1431 1244; x_wconf 90' lang='lat' dir='ltr'><strong>pr0pter</strong></span> <span class='ocrx_word' id='word_1_65' title='bbox 1479 1173 1618 1227; x_wconf 88' lang='lat' dir='ltr'><strong>mala</strong></span> <span class='ocrx_word' id='word_1_66' title='bbox 1669 1187 1803 1242; x_wconf 82' lang='lat' dir='ltr'><strong>apo-</strong></span> 
     </span>
    </p>
   </div>
   <div class='ocr_carea' id='block_1_10' title="bbox 198 1264 1800 1338">
    <p class='ocr_par' dir='ltr' id='par_1_10' title="bbox 198 1264 1800 1338">
     <span class='ocr_line' id='line_1_10' title="bbox 198 1264 1800 1338; baseline -0.003 -16"><span class='ocrx_word' id='word_1_67' title='bbox 198 1268 354 1322; x_wconf 83' lang='lat' dir='ltr'><strong>stolis</strong></span> <span class='ocrx_word' id='word_1_68' title='bbox 382 1268 526 1321; x_wconf 89' lang='lat' dir='ltr'><strong>illata</strong></span> <span class='ocrx_word' id='word_1_69' title='bbox 552 1284 566 1322; x_wconf 87' lang='lat'><strong>:</strong></span> <span class='ocrx_word' id='word_1_70' title='bbox 590 1282 712 1337; x_wconf 66' lang='lat' dir='ltr'><strong>qua:</strong></span> <span class='ocrx_word' id='word_1_71' title='bbox 738 1282 901 1338; x_wconf 91' lang='lat' dir='ltr'><strong>quum</strong></span> <span class='ocrx_word' id='word_1_72' title='bbox 929 1275 985 1322; x_wconf 94' lang='lat' dir='ltr'><strong>et</strong></span> <span class='ocrx_word' id='word_1_73' title='bbox 1010 1268 1218 1330; x_wconf 91' lang='lat' dir='ltr'><strong>tierent,</strong></span> <span class='ocrx_word' id='word_1_74' title='bbox 1243 1265 1629 1336; x_wconf 80' lang='lat' dir='ltr'><strong>aliquantisper</strong></span> <span class='ocrx_word' id='word_1_75' title='bbox 1660 1264 1800 1318; x_wconf 90' lang='lat' dir='ltr'><strong>Deus</strong></span> 
     </span>
    </p>
   </div>
   <div class='ocr_carea' id='block_1_11' title="bbox 198 1354 1799 1429">
    <p class='ocr_par' dir='ltr' id='par_1_11' title="bbox 198 1354 1799 1429">
     <span class='ocr_line' id='line_1_11' title="bbox 198 1354 1799 1429; baseline -0.001 -18"><span class='ocrx_word' id='word_1_76' title='bbox 198 1360 470 1429; x_wconf 79' lang='lat' dir='ltr'><strong>patienter</strong></span> <span class='ocrx_word' id='word_1_77' title='bbox 500 1359 737 1424; x_wconf 87' lang='lat' dir='ltr'><strong>ferebat;</strong></span> <span class='ocrx_word' id='word_1_78' title='bbox 770 1372 891 1413; x_wconf 91' lang='lat' dir='ltr'><strong>cum</strong></span> <span class='ocrx_word' id='word_1_79' title='bbox 935 1367 1117 1412; x_wconf 90' lang='lat' dir='ltr'><strong>autem</strong></span> <span class='ocrx_word' id='word_1_80' title='bbox 1150 1356 1223 1411; x_wconf 86' lang='lat' dir='ltr'><strong>illi</strong></span> <span class='ocrx_word' id='word_1_81' title='bbox 1256 1365 1576 1427; x_wconf 90' lang='lat' dir='ltr'><strong>pergerent,</strong></span> <span class='ocrx_word' id='word_1_82' title='bbox 1625 1354 1799 1409; x_wconf 85' lang='lat' dir='ltr'><strong>fames</strong></span> 
     </span>
    </p>
   </div>
   <div class='ocr_carea' id='block_1_12' title="bbox 195 1443 1796 1519">
    <p class='ocr_par' dir='ltr' id='par_1_12' title="bbox 195 1443 1796 1519">
     <span class='ocr_line' id='line_1_12' title="bbox 195 1443 1796 1519; baseline -0.002 -16"><span class='ocrx_word' id='word_1_83' title='bbox 195 1450 391 1506; x_wconf 86' lang='lat' dir='ltr'><strong>accidit</strong></span> <span class='ocrx_word' id='word_1_84' title='bbox 418 1467 433 1516; x_wconf 93' lang='lat'><strong>;</strong></span> <span class='ocrx_word' id='word_1_85' title='bbox 460 1465 578 1519; x_wconf 81' lang='lat' dir='ltr'><strong>qtne</strong></span> <span class='ocrx_word' id='word_1_86' title='bbox 613 1449 818 1504; x_wconf 78' lang='lat' dir='ltr'><strong>Judzeis</strong></span> <span class='ocrx_word' id='word_1_87' title='bbox 847 1447 1024 1503; x_wconf 90' lang='lat' dir='ltr'><strong>futura</strong></span> <span class='ocrx_word' id='word_1_88' title='bbox 1068 1448 1206 1502; x_wconf 89' lang='lat' dir='ltr'><strong>mala</strong></span> <span class='ocrx_word' id='word_1_89' title='bbox 1234 1445 1641 1517; x_wconf 78' lang='lat' dir='ltr'><strong>pramuntiahat.</strong></span> <span class='ocrx_word' id='word_1_90' title='bbox 1691 1443 1796 1500; x_wconf 92' lang='lat' dir='ltr'><strong>Sed</strong></span> 
     </span>
    </p>
   </div>
   <div class='ocr_carea' id='block_1_13' title="bbox 193 1538 1794 1611">
    <p class='ocr_par' dir='ltr' id='par_1_13' title="bbox 193 1538 1794 1611">
     <span class='ocr_line' id='line_1_13' title="bbox 193 1538 1794 1611; baseline -0.002 -16"><span class='ocrx_word' id='word_1_91' title='bbox 193 1543 297 1596; x_wconf 89' lang='lat' dir='ltr'><strong>etsi</strong></span> <span class='ocrx_word' id='word_1_92' title='bbox 329 1552 549 1611; x_wconf 85' lang='lat' dir='ltr'><strong>propter</strong></span> <span class='ocrx_word' id='word_1_93' title='bbox 574 1539 790 1595; x_wconf 75' lang='lat' dir='ltr'><strong>Judzeos</strong></span> <span class='ocrx_word' id='word_1_94' title='bbox 818 1541 985 1594; x_wconf 80' lang='lat' dir='ltr'><strong>fames</strong></span> <span class='ocrx_word' id='word_1_95' title='bbox 1016 1549 1183 1604; x_wconf 84' lang='lat' dir='ltr'><strong>esset,</strong></span> <span class='ocrx_word' id='word_1_96' title='bbox 1217 1549 1436 1609; x_wconf 82' lang='lat' dir='ltr'><strong>propter</strong></span> <span class='ocrx_word' id='word_1_97' title='bbox 1463 1538 1600 1592; x_wconf 85' lang='lat' dir='ltr'><strong>alios</strong></span> <span class='ocrx_word' id='word_1_98' title='bbox 1627 1553 1794 1606; x_wconf 86' lang='lat' dir='ltr'><strong>opor-</strong></span> 
     </span>
    </p>
   </div>
   <div class='ocr_carea' id='block_1_14' title="bbox 195 1629 1798 1702">
    <p class='ocr_par' dir='ltr' id='par_1_14' title="bbox 195 1629 1798 1702">
     <span class='ocr_line' id='line_1_14' title="bbox 195 1629 1798 1702; baseline -0.001 -17"><span class='ocrx_word' id='word_1_99' title='bbox 195 1633 344 1686; x_wconf 87' lang='lat' dir='ltr'><strong>tebat</strong></span> <span class='ocrx_word' id='word_1_100' title='bbox 389 1632 535 1685; x_wconf 83' lang='lat' dir='ltr'><strong>illam</strong></span> <span class='ocrx_word' id='word_1_101' title='bbox 589 1647 825 1687; x_wconf 89' lang='lat' dir='ltr'><strong>cessare.</strong></span> <span class='ocrx_word' id='word_1_102' title='bbox 865 1631 1000 1700; x_wconf 86' lang='lat' dir='ltr'><strong>Quid</strong></span> <span class='ocrx_word' id='word_1_103' title='bbox 1048 1631 1192 1686; x_wconf 90' lang='lat' dir='ltr'><strong>enim</strong></span> <span class='ocrx_word' id='word_1_104' title='bbox 1247 1629 1456 1702; x_wconf 76' lang='lat' dir='ltr'><strong>injuria:</strong></span> <span class='ocrx_word' id='word_1_105' title='bbox 1507 1629 1798 1685; x_wconf 81' lang='lat' dir='ltr'><strong>intulerant</strong></span> 
     </span>
    </p>
   </div>
   <div class='ocr_carea' id='block_1_15' title="bbox 191 1712 1794 1793">
    <p class='ocr_par' dir='ltr' id='par_1_15' title="bbox 191 1712 1794 1793">
     <span class='ocr_line' id='line_1_15' title="bbox 191 1712 1794 1793; baseline -0.001 -16"><span class='ocrx_word' id='word_1_106' title='bbox 191 1723 369 1777; x_wconf 76' lang='lat' dir='ltr'><strong>szci</strong></span> <span class='ocrx_word' id='word_1_107' title='bbox 391 1763 406 1786; x_wconf 93' lang='lat'><strong>,</strong></span> <span class='ocrx_word' id='word_1_108' title='bbox 425 1712 496 1776; x_wconf 68' lang='grc' dir='ltr'><strong>ἰιι</strong></span> <span class='ocrx_word' id='word_1_109' title='bbox 526 1723 790 1778; x_wconf 88' lang='lat' dir='ltr'><strong>malorum</strong></span> <span class='ocrx_word' id='word_1_110' title='bbox 822 1731 1004 1778; x_wconf 82' lang='lat' dir='ltr'><strong>essent</strong></span> <span class='ocrx_word' id='word_1_111' title='bbox 1043 1722 1374 1793; x_wconf 78' lang='lat' dir='ltr'><strong>participes?</strong></span> <span class='ocrx_word' id='word_1_112' title='bbox 1403 1720 1458 1778; x_wconf 92' lang='lat' dir='ltr'><strong>Si</strong></span> <span class='ocrx_word' id='word_1_113' title='bbox 1486 1731 1664 1776; x_wconf 88' lang='lat' dir='ltr'><strong>autem</strong></span> <span class='ocrx_word' id='word_1_114' title='bbox 1688 1735 1794 1776; x_wconf 92' lang='lat' dir='ltr'><strong>non</strong></span> 
     </span>
    </p>
   </div>
   <div class='ocr_carea' id='block_1_16' title="bbox 189 1811 1791 1884">
    <p class='ocr_par' dir='ltr' id='par_1_16' title="bbox 189 1811 1791 1884">
     <span class='ocr_line' id='line_1_16' title="bbox 189 1811 1791 1884; baseline -0.001 -18"><span class='ocrx_word' id='word_1_115' title='bbox 189 1823 418 1883; x_wconf 74' lang='lat' dir='ltr'><strong>promer</strong></span> <span class='ocrx_word' id='word_1_116' title='bbox 445 1812 683 1877; x_wconf 69' lang='lat' dir='ltr'><strong>Judceos,</strong></span> <span class='ocrx_word' id='word_1_117' title='bbox 719 1813 840 1867; x_wconf 92' lang='lat' dir='ltr'><strong>illos</strong></span> <span class='ocrx_word' id='word_1_118' title='bbox 866 1829 992 1884; x_wconf 90' lang='lat' dir='ltr'><strong>ergo</strong></span> <span class='ocrx_word' id='word_1_119' title='bbox 1013 1812 1274 1869; x_wconf 88' lang='lat' dir='ltr'><strong>clariores</strong></span> <span class='ocrx_word' id='word_1_120' title='bbox 1323 1811 1438 1867; x_wconf 83' lang='lat' dir='ltr'><strong>ﬁeri</strong></span> <span class='ocrx_word' id='word_1_121' title='bbox 1470 1811 1791 1882; x_wconf 90' lang='lat' dir='ltr'><strong>oportebat,</strong></span> 
     </span>
    </p>
   </div>
   <div class='ocr_carea' id='block_1_17' title="bbox 187 1905 1798 1977">
    <p class='ocr_par' dir='ltr' id='par_1_17' title="bbox 187 1905 1798 1977">
     <span class='ocr_line' id='line_1_17' title="bbox 187 1905 1798 1977; baseline 0.001 -19"><span class='ocrx_word' id='word_1_122' title='bbox 187 1907 338 1976; x_wconf 89' lang='lat' dir='ltr'><strong>quod</strong></span> <span class='ocrx_word' id='word_1_123' title='bbox 371 1922 471 1977; x_wconf 91' lang='lat' dir='ltr'><strong>pro</strong></span> <span class='ocrx_word' id='word_1_124' title='bbox 501 1908 639 1962; x_wconf 81' lang='lat' dir='ltr'><strong>virili</strong></span> <span class='ocrx_word' id='word_1_125' title='bbox 669 1923 765 1963; x_wconf 91' lang='lat' dir='ltr'><strong>sua</strong></span> <span class='ocrx_word' id='word_1_126' title='bbox 800 1905 1060 1974; x_wconf 78' lang='lat' dir='ltr'><strong>facerent,</strong></span> <span class='ocrx_word' id='word_1_127' title='bbox 1091 1905 1233 1977; x_wconf 90' lang='lat' dir='ltr'><strong>quod</strong></span> <span class='ocrx_word' id='word_1_128' title='bbox 1276 1905 1608 1972; x_wconf 89' lang='lat' dir='ltr'><strong>occiderent,</strong></span> <span class='ocrx_word' id='word_1_129' title='bbox 1641 1905 1798 1976; x_wconf 63' lang='lat' dir='ltr'><strong>punio</strong></span> 
     </span>
    </p>
   </div>
   <div class='ocr_carea' id='block_1_18' title="bbox 187 1999 1794 2072">
    <p class='ocr_par' dir='ltr' id='par_1_18' title="bbox 187 1999 1794 2072">
     <span class='ocr_line' id='line_1_18' title="bbox 187 1999 1794 2072; baseline -0.001 -14"><span class='ocrx_word' id='word_1_130' title='bbox 187 2017 350 2070; x_wconf 86' lang='lat' dir='ltr'><strong>rent,</strong></span> <span class='ocrx_word' id='word_1_131' title='bbox 385 2002 722 2072; x_wconf 73' lang='lat' dir='ltr'><strong>plt-ctercnt,</strong></span> <span class='ocrx_word' id='word_1_132' title='bbox 758 2001 994 2072; x_wconf 89' lang='lat' dir='ltr'><strong>undique</strong></span> <span class='ocrx_word' id='word_1_133' title='bbox 1020 2008 1492 2070; x_wconf 87' lang='lat' dir='ltr'><strong>persequerentur.</strong></span> <span class='ocrx_word' id='word_1_134' title='bbox 1528 1999 1596 2054; x_wconf 89' lang='lat' dir='ltr'><strong>Et</strong></span> <span class='ocrx_word' id='word_1_135' title='bbox 1635 1999 1794 2067; x_wconf 83' lang='lat' dir='ltr'><strong>vide,</strong></span> 
     </span>
    </p>
   </div>
   <div class='ocr_carea' id='block_1_19' title="bbox 185 2091 1795 2167">
    <p class='ocr_par' dir='ltr' id='par_1_19' title="bbox 185 2091 1795 2167">
     <span class='ocr_line' id='line_1_19' title="bbox 185 2091 1795 2167; baseline 0 -17"><span class='ocrx_word' id='word_1_136' title='bbox 185 2095 542 2167; x_wconf 90' lang='lat' dir='ltr'><strong>quandonam</strong></span> <span class='ocrx_word' id='word_1_137' title='bbox 571 2093 741 2150; x_wconf 88' lang='lat' dir='ltr'><strong>fames</strong></span> <span class='ocrx_word' id='word_1_138' title='bbox 773 2095 982 2149; x_wconf 85' lang='lat' dir='ltr'><strong>accidat</strong></span> <span class='ocrx_word' id='word_1_139' title='bbox 1019 2111 1032 2147; x_wconf 92' lang='lat'>:</span> <span class='ocrx_word' id='word_1_140' title='bbox 1058 2107 1180 2150; x_wconf 91' lang='lat' dir='ltr'><strong>cum</strong></span> <span class='ocrx_word' id='word_1_141' title='bbox 1201 2092 1400 2148; x_wconf 85' lang='lat' dir='ltr'><strong>ethnici</strong></span> <span class='ocrx_word' id='word_1_142' title='bbox 1425 2091 1536 2164; x_wconf 90' lang='lat' dir='ltr'><strong>jam</strong></span> <span class='ocrx_word' id='word_1_143' title='bbox 1561 2096 1795 2164; x_wconf 84' lang='lat' dir='ltr'><strong>suscepti</strong></span> 
     </span>
    </p>
   </div>
   <div class='ocr_carea' id='block_1_20' title="bbox 185 2197 398 2244">
    <p class='ocr_par' dir='ltr' id='par_1_20' title="bbox 185 2197 398 2244">
     <span class='ocr_line' id='line_1_20' title="bbox 185 2197 398 2244; baseline -0.009 0"><span class='ocrx_word' id='word_1_144' title='bbox 185 2197 369 2244; x_wconf 86' lang='lat' dir='ltr'><strong>essent</strong></span> <span class='ocrx_word' id='word_1_145' title='bbox 378 2224 398 2242; x_wconf 80' lang='grc' dir='ltr'><strong><em>ο</em></strong></span> 
     </span>
    </p>
   </div>
   <div class='ocr_carea' id='block_1_21' title="bbox 257 2276 1796 2348">
    <p class='ocr_par' dir='ltr' id='par_1_21' title="bbox 257 2276 1796 2348">
     <span class='ocr_line' id='line_1_21' title="bbox 257 2276 1796 2348; baseline 0.001 -16"><span class='ocrx_word' id='word_1_146' title='bbox 257 2280 312 2333; x_wconf 72' lang='lat'><strong>2.</strong></span> <span class='ocrx_word' id='word_1_147' title='bbox 340 2278 448 2336; x_wconf 91' lang='lat' dir='ltr'><strong>Sed</strong></span> <span class='ocrx_word' id='word_1_148' title='bbox 471 2279 514 2332; x_wconf 90' lang='lat' dir='ltr'><strong>si</strong></span> <span class='ocrx_word' id='word_1_149' title='bbox 539 2287 757 2348; x_wconf 89' lang='lat' dir='ltr'><strong>propter</strong></span> <span class='ocrx_word' id='word_1_150' title='bbox 779 2278 938 2344; x_wconf 91' lang='lat' dir='ltr'><strong>mala,</strong></span> <span class='ocrx_word' id='word_1_151' title='bbox 968 2278 1196 2348; x_wconf 86' lang='lat' dir='ltr'><strong>inquies.</strong></span> <span class='ocrx_word' id='word_1_152' title='bbox 1219 2276 1503 2345; x_wconf 79' lang='lat' dir='ltr'><strong>Oportebat</strong></span> <span class='ocrx_word' id='word_1_153' title='bbox 1526 2286 1675 2334; x_wconf 90' lang='lat' dir='ltr'><strong>certe</strong></span> <span class='ocrx_word' id='word_1_154' title='bbox 1697 2278 1796 2334; x_wconf 93' lang='lat' dir='ltr'><strong>hos</strong></span> 
     </span>
    </p>
   </div>
   <div class='ocr_carea' id='block_1_22' title="bbox 186 2371 1795 2439">
    <p class='ocr_par' dir='ltr' id='par_1_22' title="bbox 186 2371 1795 2439">
     <span class='ocr_line' id='line_1_22' title="bbox 186 2371 1795 2439; baseline -0.002 -8"><span class='ocrx_word' id='word_1_155' title='bbox 186 2373 378 2431; x_wconf 74' lang='lat' dir='ltr'><strong>eximi.</strong></span> <span class='ocrx_word' id='word_1_156' title='bbox 412 2373 546 2439; x_wconf 89' lang='lat' dir='ltr'><strong>Cur,</strong></span> <span class='ocrx_word' id='word_1_157' title='bbox 575 2372 661 2427; x_wconf 92' lang='lat' dir='ltr'><strong>dic</strong></span> <span class='ocrx_word' id='word_1_158' title='bbox 690 2372 862 2426; x_wconf 84' lang='lat' dir='ltr'><strong>mihi?</strong></span> <span class='ocrx_word' id='word_1_159' title='bbox 887 2387 1066 2427; x_wconf 88' lang='lat' dir='ltr'><strong>annon</strong></span> <span class='ocrx_word' id='word_1_160' title='bbox 1098 2382 1220 2427; x_wconf 91' lang='lat' dir='ltr'><strong>ante</strong></span> <span class='ocrx_word' id='word_1_161' title='bbox 1249 2371 1461 2427; x_wconf 80' lang='lat' dir='ltr'><strong>dixerat</strong></span> <span class='ocrx_word' id='word_1_162' title='bbox 1503 2372 1609 2427; x_wconf 89' lang='lat' dir='ltr'><strong>illis</strong></span> <span class='ocrx_word' id='word_1_163' title='bbox 1633 2371 1795 2427; x_wconf 82' lang='lat' dir='ltr'><strong>Chri-</strong></span> 
     </span>
    </p>
   </div>
   <div class='ocr_carea' id='block_1_23' title="bbox 184 2462 1809 2543">
    <p class='ocr_par' dir='ltr' id='par_1_23' title="bbox 184 2462 1809 2543">
     <span class='ocr_line' id='line_1_23' title="bbox 184 2462 1809 2543; baseline -0.002 -21"><span class='ocrx_word' id='word_1_164' title='bbox 184 2479 302 2522; x_wconf 87' lang='lat' dir='ltr'><strong>stus</strong></span> <span class='ocrx_word' id='word_1_165' title='bbox 332 2484 345 2520; x_wconf 92' lang='lat'>:</span> <span class='ocrx_word' id='word_1_166' title='bbox 373 2464 444 2520; x_wconf 83' lang='lat' dir='ltr'><strong>In</strong></span> <span class='ocrx_word' id='word_1_167' title='bbox 466 2465 657 2520; x_wconf 81' lang='lat' dir='ltr'><strong>mundo</strong></span> <span class='ocrx_word' id='word_1_168' title='bbox 684 2464 1058 2519; x_wconf 75' lang='lat' dir='ltr'><strong>tribulationem</strong></span> <span class='ocrx_word' id='word_1_169' title='bbox 1085 2463 1328 2517; x_wconf 84' lang='lat' dir='ltr'><strong>habebitis</strong></span> <span class='ocrx_word' id='word_1_170' title='bbox 1349 2462 1530 2538; x_wconf 84' lang='lat' dir='ltr'><strong>(Joan.</strong></span> <span class='ocrx_word' id='word_1_171' title='bbox 1555 2464 1640 2519; x_wconf 88' lang='grc'><strong>16.</strong></span> <span class='ocrx_word' id='word_1_172' title='bbox 1666 2462 1756 2536; x_wconf 77' lang='grc'><strong>55)</strong></span> <span class='ocrx_word' id='word_1_173' title='bbox 1773 2464 1809 2543; x_wconf 60' lang='lat'><strong>?~</strong></span> 
     </span>
    </p>
   </div>
   <div class='ocr_carea' id='block_1_24' title="bbox 185 2543 1797 2627">
    <p class='ocr_par' dir='ltr' id='par_1_24' title="bbox 185 2543 1797 2627">
     <span class='ocr_line' id='line_1_24' title="bbox 185 2543 1797 2627; baseline -0.001 -14"><span class='ocrx_word' id='word_1_174' title='bbox 185 2558 267 2613; x_wconf 84' lang='lat' dir='ltr'><strong>Tu</strong></span> <span class='ocrx_word' id='word_1_175' title='bbox 301 2573 454 2625; x_wconf 91' lang='lat' dir='ltr'><strong>vero,</strong></span> <span class='ocrx_word' id='word_1_176' title='bbox 483 2557 573 2627; x_wconf 89' lang='lat' dir='ltr'><strong>qui</strong></span> <span class='ocrx_word' id='word_1_177' title='bbox 606 2543 719 2611; x_wconf 69' lang='lat' dir='ltr'><strong>inec</strong></span> <span class='ocrx_word' id='word_1_178' title='bbox 742 2555 899 2619; x_wconf 89' lang='lat' dir='ltr'><strong>dicis,</strong></span> <span class='ocrx_word' id='word_1_179' title='bbox 927 2555 1061 2610; x_wconf 83' lang='lat' dir='ltr'><strong>forte</strong></span> <span class='ocrx_word' id='word_1_180' title='bbox 1081 2554 1325 2624; x_wconf 89' lang='lat' dir='ltr'><strong>adjicies,</strong></span> <span class='ocrx_word' id='word_1_181' title='bbox 1355 2567 1459 2610; x_wconf 90' lang='lat' dir='ltr'><strong>non</strong></span> <span class='ocrx_word' id='word_1_182' title='bbox 1492 2555 1797 2625; x_wconf 83' lang='lat' dir='ltr'><strong>Oportttisse</strong></span> 
     </span>
    </p>
   </div>
   <div class='ocr_carea' id='block_1_25' title="bbox 187 2645 1796 2719">
    <p class='ocr_par' dir='ltr' id='par_1_25' title="bbox 187 2645 1796 2719">
     <span class='ocr_line' id='line_1_25' title="bbox 187 2645 1796 2719; baseline 0.001 -17"><span class='ocrx_word' id='word_1_183' title='bbox 187 2649 310 2705; x_wconf 87' lang='lat' dir='ltr'><strong>illos</strong></span> <span class='ocrx_word' id='word_1_184' title='bbox 340 2647 623 2719; x_wconf 81' lang='lat' dir='ltr'><strong>flagellari.</strong></span> <span class='ocrx_word' id='word_1_185' title='bbox 652 2648 718 2702; x_wconf 83' lang='lat' dir='ltr'><strong>At</strong></span> <span class='ocrx_word' id='word_1_186' title='bbox 747 2647 870 2702; x_wconf 84' lang='lat' dir='ltr'><strong>vide</strong></span> <span class='ocrx_word' id='word_1_187' title='bbox 897 2647 1001 2702; x_wconf 91' lang='lat' dir='ltr'><strong>illis</strong></span> <span class='ocrx_word' id='word_1_188' title='bbox 1027 2645 1221 2702; x_wconf 80' lang='lat' dir='ltr'><strong>famem</strong></span> <span class='ocrx_word' id='word_1_189' title='bbox 1249 2646 1440 2702; x_wconf 90' lang='lat' dir='ltr'><strong>factam</strong></span> <span class='ocrx_word' id='word_1_190' title='bbox 1463 2661 1583 2702; x_wconf 89' lang='lat' dir='ltr'><strong>esse</strong></span> <span class='ocrx_word' id='word_1_191' title='bbox 1608 2647 1796 2703; x_wconf 92' lang='lat' dir='ltr'><strong>salutis</strong></span> 
     </span>
    </p>
   </div>
   <div class='ocr_carea' id='block_1_26' title="bbox 185 2739 1796 2812">
    <p class='ocr_par' dir='ltr' id='par_1_26' title="bbox 185 2739 1796 2812">
     <span class='ocr_line' id='line_1_26' title="bbox 185 2739 1796 2812; baseline -0.002 -13"><span class='ocrx_word' id='word_1_192' title='bbox 185 2759 408 2799; x_wconf 85' lang='lat' dir='ltr'><strong>causam</strong></span> <span class='ocrx_word' id='word_1_193' title='bbox 431 2783 445 2807; x_wconf 94' lang='lat'><strong>,</strong></span> <span class='ocrx_word' id='word_1_194' title='bbox 477 2742 837 2812; x_wconf 74' lang='lat' dir='ltr'><strong>eleemosynze</strong></span> <span class='ocrx_word' id='word_1_195' title='bbox 882 2741 1223 2796; x_wconf 86' lang='lat' dir='ltr'><strong>occasionem</strong></span> <span class='ocrx_word' id='word_1_196' title='bbox 1246 2781 1260 2804; x_wconf 92' lang='lat'><strong>,</strong></span> <span class='ocrx_word' id='word_1_197' title='bbox 1294 2739 1568 2810; x_wconf 89' lang='lat' dir='ltr'><strong>multaque</strong></span> <span class='ocrx_word' id='word_1_198' title='bbox 1608 2742 1796 2796; x_wconf 83' lang='lat' dir='ltr'><strong>conci-</strong></span> 
     </span>
    </p>
   </div>
   <div class='ocr_carea' id='block_1_27' title="bbox 187 2831 1794 2900">
    <p class='ocr_par' dir='ltr' id='par_1_27' title="bbox 187 2831 1794 2900">
     <span class='ocr_line' id='line_1_27' title="bbox 187 2831 1794 2900; baseline -0.001 -12"><span class='ocrx_word' id='word_1_199' title='bbox 187 2835 350 2889; x_wconf 84' lang='lat' dir='ltr'><strong>liasse</strong></span> <span class='ocrx_word' id='word_1_200' title='bbox 383 2833 549 2900; x_wconf 84' lang='lat' dir='ltr'><strong>bona,</strong></span> <span class='ocrx_word' id='word_1_201' title='bbox 581 2842 639 2887; x_wconf 94' lang='lat' dir='ltr'><strong>ut</strong></span> <span class='ocrx_word' id='word_1_202' title='bbox 667 2832 820 2887; x_wconf 90' lang='lat' dir='ltr'><strong>vobis</strong></span> <span class='ocrx_word' id='word_1_203' title='bbox 847 2831 1208 2897; x_wconf 88' lang='lat' dir='ltr'><strong>conciliasset,</strong></span> <span class='ocrx_word' id='word_1_204' title='bbox 1239 2832 1285 2886; x_wconf 88' lang='lat' dir='ltr'><strong>si</strong></span> <span class='ocrx_word' id='word_1_205' title='bbox 1321 2831 1666 2898; x_wconf 89' lang='lat' dir='ltr'><strong>voluissetis;</strong></span> <span class='ocrx_word' id='word_1_206' title='bbox 1699 2832 1794 2886; x_wconf 89' lang='lat' dir='ltr'><strong>sed</strong></span> 
     </span>
    </p>
   </div>
   <div class='ocr_carea' id='block_1_28' title="bbox 187 2925 1794 2996">
    <p class='ocr_par' dir='ltr' id='par_1_28' title="bbox 187 2925 1794 2996">
     <span class='ocr_line' id='line_1_28' title="bbox 187 2925 1794 2996; baseline 0 -16"><span class='ocrx_word' id='word_1_207' title='bbox 187 2927 461 2981; x_wconf 88' lang='lat' dir='ltr'><strong>noluistis.</strong></span> <span class='ocrx_word' id='word_1_208' title='bbox 496 2925 816 2980; x_wconf 67' lang='lat' dir='ltr'><strong>Pratdicitur</strong></span> <span class='ocrx_word' id='word_1_209' title='bbox 840 2934 1018 2980; x_wconf 90' lang='lat' dir='ltr'><strong>autem</strong></span> <span class='ocrx_word' id='word_1_210' title='bbox 1044 2964 1060 2991; x_wconf 93' lang='lat'><strong>,</strong></span> <span class='ocrx_word' id='word_1_211' title='bbox 1095 2934 1154 2979; x_wconf 91' lang='lat' dir='ltr'><strong>ut</strong></span> <span class='ocrx_word' id='word_1_212' title='bbox 1193 2925 1364 2996; x_wconf 92' lang='lat' dir='ltr'><strong>magis</strong></span> <span class='ocrx_word' id='word_1_213' title='bbox 1395 2925 1562 2994; x_wconf 87' lang='lat' dir='ltr'><strong>parati</strong></span> <span class='ocrx_word' id='word_1_214' title='bbox 1593 2925 1700 2980; x_wconf 92' lang='lat' dir='ltr'><strong>sint</strong></span> <span class='ocrx_word' id='word_1_215' title='bbox 1727 2925 1794 2980; x_wconf 92' lang='lat' dir='ltr'><strong>ad</strong></span> 
     </span>
    </p>
   </div>
   <div class='ocr_carea' id='block_1_29' title="bbox 185 3013 1797 3088">
    <p class='ocr_par' dir='ltr' id='par_1_29' title="bbox 185 3013 1797 3088">
     <span class='ocr_line' id='line_1_29' title="bbox 185 3013 1797 3088; baseline -0.001 -16"><span class='ocrx_word' id='word_1_216' title='bbox 185 3017 615 3088; x_wconf 80' lang='lat' dir='ltr'><strong>eleemosynatn,</strong></span> <span class='ocrx_word' id='word_1_217' title='bbox 645 3017 770 3087; x_wconf 89' lang='lat' dir='ltr'><strong>quia</strong></span> <span class='ocrx_word' id='word_1_218' title='bbox 795 3016 978 3086; x_wconf 88' lang='lat' dir='ltr'><strong>gravia</strong></span> <span class='ocrx_word' id='word_1_219' title='bbox 1003 3013 1148 3086; x_wconf 88' lang='lat' dir='ltr'><strong>passi</strong></span> <span class='ocrx_word' id='word_1_220' title='bbox 1173 3025 1318 3082; x_wconf 93' lang='lat' dir='ltr'><strong>sunt,</strong></span> <span class='ocrx_word' id='word_1_221' title='bbox 1349 3015 1438 3086; x_wconf 93' lang='lat' dir='ltr'><strong>qui</strong></span> <span class='ocrx_word' id='word_1_222' title='bbox 1462 3025 1616 3070; x_wconf 89' lang='lat' dir='ltr'><strong>erant</strong></span> <span class='ocrx_word' id='word_1_223' title='bbox 1643 3014 1797 3070; x_wconf 86' lang='lat' dir='ltr'><strong>Jero-</strong></span> 
     </span>
    </p>
   </div>
   <div class='ocr_carea' id='block_1_30' title="bbox 185 3107 1792 3182">
    <p class='ocr_par' dir='ltr' id='par_1_30' title="bbox 185 3107 1792 3182">
     <span class='ocr_line' id='line_1_30' title="bbox 185 3107 1792 3182; baseline -0.004 -15"><span class='ocrx_word' id='word_1_224' title='bbox 185 3111 448 3182; x_wconf 85' lang='lat' dir='ltr'><strong>solymis;</strong></span> <span class='ocrx_word' id='word_1_225' title='bbox 479 3118 638 3166; x_wconf 85' lang='lat' dir='ltr'><strong>antea</strong></span> <span class='ocrx_word' id='word_1_226' title='bbox 668 3119 846 3164; x_wconf 89' lang='lat' dir='ltr'><strong>autem</strong></span> <span class='ocrx_word' id='word_1_227' title='bbox 879 3108 1023 3164; x_wconf 88' lang='lat' dir='ltr'><strong>fame</strong></span> <span class='ocrx_word' id='word_1_228' title='bbox 1064 3123 1170 3163; x_wconf 92' lang='lat' dir='ltr'><strong>non</strong></span> <span class='ocrx_word' id='word_1_229' title='bbox 1198 3107 1536 3164; x_wconf 89' lang='lat' dir='ltr'><strong>laborabant.</strong></span> <span class='ocrx_word' id='word_1_230' title='bbox 1570 3108 1639 3163; x_wconf 84' lang='lat' dir='ltr'><strong>Et</strong></span> <span class='ocrx_word' id='word_1_231' title='bbox 1666 3109 1792 3164; x_wconf 83' lang='lat' dir='ltr'><strong>mit-</strong></span> 
     </span>
    </p>
   </div>
   <div class='ocr_carea' id='block_1_31' title="bbox 187 3199 1797 3270">
    <p class='ocr_par' dir='ltr' id='par_1_31' title="bbox 187 3199 1797 3270">
     <span class='ocr_line' id='line_1_31' title="bbox 187 3199 1797 3270; baseline -0.002 -13"><span class='ocrx_word' id='word_1_232' title='bbox 187 3212 376 3257; x_wconf 89' lang='lat' dir='ltr'><strong>tuntur</strong></span> <span class='ocrx_word' id='word_1_233' title='bbox 403 3201 676 3257; x_wconf 84' lang='lat' dir='ltr'><strong>Barnabas</strong></span> <span class='ocrx_word' id='word_1_234' title='bbox 702 3211 759 3257; x_wconf 91' lang='lat' dir='ltr'><strong>et</strong></span> <span class='ocrx_word' id='word_1_235' title='bbox 785 3200 982 3256; x_wconf 88' lang='lat' dir='ltr'><strong>Paulus</strong></span> <span class='ocrx_word' id='word_1_236' title='bbox 1010 3201 1384 3255; x_wconf 89' lang='lat' dir='ltr'><strong>ministraturi.</strong></span> <span class='ocrx_word' id='word_1_237' title='bbox 1416 3199 1508 3256; x_wconf 73' lang='lat'><strong>29.</strong></span> <span class='ocrx_word' id='word_1_238' title='bbox 1547 3199 1797 3270; x_wconf 74' lang='lat' dir='ltr'><strong>Discipuli</strong></span> 
     </span>
    </p>
   </div>
   <div class='ocr_carea' id='block_1_32' title="bbox 185 3292 1795 3366">
    <p class='ocr_par' dir='ltr' id='par_1_32' title="bbox 185 3292 1795 3366">
     <span class='ocr_line' id='line_1_32' title="bbox 185 3292 1795 3366; baseline -0.001 -18"><span class='ocrx_word' id='word_1_239' title='bbox 185 3306 356 3349; x_wconf 82' lang='lat' dir='ltr'><strong>autem</strong></span> <span class='ocrx_word' id='word_1_240' title='bbox 387 3305 539 3366; x_wconf 83' lang='lat' dir='ltr'><strong>prout</strong></span> <span class='ocrx_word' id='word_1_241' title='bbox 562 3295 772 3365; x_wconf 79' lang='lat' dir='ltr'><strong>quisque</strong></span> <span class='ocrx_word' id='word_1_242' title='bbox 801 3293 1108 3347; x_wconf 80' lang='lat' dir='ltr'><strong>abundabat.</strong></span> <span class='ocrx_word' id='word_1_243' title='bbox 1138 3292 1328 3348; x_wconf 80' lang='lat' dir='ltr'><strong>Viden’</strong></span> <span class='ocrx_word' id='word_1_244' title='bbox 1357 3292 1476 3347; x_wconf 92' lang='lat' dir='ltr'><strong>illos</strong></span> <span class='ocrx_word' id='word_1_245' title='bbox 1504 3294 1684 3347; x_wconf 89' lang='lat' dir='ltr'><strong>statim</strong></span> <span class='ocrx_word' id='word_1_246' title='bbox 1714 3303 1795 3347; x_wconf 69' lang='grc' dir='ltr'>ιιι-</span> 
     </span>
    </p>
   </div>
   <div class='ocr_carea' id='block_1_33' title="bbox 185 3385 1794 3458">
    <p class='ocr_par' dir='ltr' id='par_1_33' title="bbox 185 3385 1794 3458">
     <span class='ocr_line' id='line_1_33' title="bbox 185 3385 1794 3458; baseline -0.002 -14"><span class='ocrx_word' id='word_1_247' title='bbox 185 3403 293 3458; x_wconf 88' lang='lat' dir='ltr'><strong>que</strong></span> <span class='ocrx_word' id='word_1_248' title='bbox 331 3387 680 3442; x_wconf 83' lang='lat' dir='ltr'><strong>crediderunt</strong></span> <span class='ocrx_word' id='word_1_249' title='bbox 727 3385 956 3440; x_wconf 90' lang='lat' dir='ltr'><strong>fructum</strong></span> <span class='ocrx_word' id='word_1_250' title='bbox 1003 3387 1226 3453; x_wconf 90' lang='lat' dir='ltr'><strong>tulisse,</strong></span> <span class='ocrx_word' id='word_1_251' title='bbox 1260 3400 1385 3441; x_wconf 86' lang='lat' dir='ltr'><strong>non-</strong></span> <span class='ocrx_word' id='word_1_252' title='bbox 1407 3387 1473 3442; x_wconf 88' lang='lat' dir='ltr'><strong>iis</strong></span> <span class='ocrx_word' id='word_1_253' title='bbox 1514 3387 1675 3442; x_wconf 88' lang='lat' dir='ltr'><strong>modo</strong></span> <span class='ocrx_word' id='word_1_254' title='bbox 1703 3388 1794 3457; x_wconf 93' lang='lat' dir='ltr'><strong>qui</strong></span> 
     </span>
    </p>
   </div>
   <div class='ocr_carea' id='block_1_34' title="bbox 186 3477 1792 3549">
    <p class='ocr_par' dir='ltr' id='par_1_34' title="bbox 186 3477 1792 3549">
     <span class='ocr_line' id='line_1_34' title="bbox 186 3477 1792 3549; baseline 0 -17"><span class='ocrx_word' id='word_1_255' title='bbox 186 3493 390 3549; x_wconf 88' lang='lat' dir='ltr'><strong>prope,</strong></span> <span class='ocrx_word' id='word_1_256' title='bbox 423 3479 520 3533; x_wconf 85' lang='lat' dir='ltr'><strong>sed</strong></span> <span class='ocrx_word' id='word_1_257' title='bbox 549 3478 710 3532; x_wconf 91' lang='lat' dir='ltr'><strong>etiam</strong></span> <span class='ocrx_word' id='word_1_258' title='bbox 745 3478 809 3532; x_wconf 90' lang='lat' dir='ltr'><strong>iis</strong></span> <span class='ocrx_word' id='word_1_259' title='bbox 838 3477 929 3547; x_wconf 93' lang='lat' dir='ltr'><strong>qui</strong></span> <span class='ocrx_word' id='word_1_260' title='bbox 972 3477 1158 3547; x_wconf 87' lang='lat' dir='ltr'><strong>procul</strong></span> <span class='ocrx_word' id='word_1_261' title='bbox 1190 3478 1382 3532; x_wconf 88' lang='lat' dir='ltr'><strong>erant?</strong></span> <span class='ocrx_word' id='word_1_262' title='bbox 1410 3477 1522 3532; x_wconf 90' lang='lat' dir='ltr'><strong>Hoc</strong></span> <span class='ocrx_word' id='word_1_263' title='bbox 1552 3478 1680 3532; x_wconf 80' lang='lat' dir='ltr'><strong>mihi</strong></span> <span class='ocrx_word' id='word_1_264' title='bbox 1710 3480 1792 3532; x_wconf 92' lang='lat' dir='ltr'><strong>vi-</strong></span> 
     </span>
    </p>
   </div>
   <div class='ocr_carea' id='block_1_35' title="bbox 184 3568 1794 3640">
    <p class='ocr_par' dir='ltr' id='par_1_35' title="bbox 184 3568 1794 3640">
     <span class='ocr_line' id='line_1_35' title="bbox 184 3568 1794 3640; baseline -0.002 -14"><span class='ocrx_word' id='word_1_265' title='bbox 184 3572 345 3626; x_wconf 84' lang='lat' dir='ltr'><strong>detur</strong></span> <span class='ocrx_word' id='word_1_266' title='bbox 389 3569 478 3624; x_wconf 90' lang='lat' dir='ltr'><strong>hic</strong></span> <span class='ocrx_word' id='word_1_267' title='bbox 517 3569 699 3624; x_wconf 87' lang='lat' dir='ltr'><strong>dicere</strong></span> <span class='ocrx_word' id='word_1_268' title='bbox 719 3611 734 3631; x_wconf 90' lang='lat'><strong>,</strong></span> <span class='ocrx_word' id='word_1_269' title='bbox 763 3573 905 3640; x_wconf 88' lang='lat' dir='ltr'><strong>quod</strong></span> <span class='ocrx_word' id='word_1_270' title='bbox 949 3568 1076 3624; x_wconf 87' lang='lat' dir='ltr'><strong>alibi</strong></span> <span class='ocrx_word' id='word_1_271' title='bbox 1118 3569 1314 3624; x_wconf 90' lang='lat' dir='ltr'><strong>Paulus</strong></span> <span class='ocrx_word' id='word_1_272' title='bbox 1339 3569 1470 3624; x_wconf 87' lang='lat' dir='ltr'><strong>dicit</strong></span> <span class='ocrx_word' id='word_1_273' title='bbox 1501 3587 1515 3624; x_wconf 93' lang='lat'>:</span> <span class='ocrx_word' id='word_1_274' title='bbox 1545 3568 1794 3623; x_wconf 61' lang='lat' dir='ltr'><strong>Dextera:</strong></span> 
     </span>
    </p>
   </div>
   <div class='ocr_carea' id='block_1_36' title="bbox 185 3657 1795 3730">
    <p class='ocr_par' dir='ltr' id='par_1_36' title="bbox 185 3657 1795 3730">
     <span class='ocr_line' id='line_1_36' title="bbox 185 3657 1795 3730; baseline -0.002 -15"><span class='ocrx_word' id='word_1_275' title='bbox 185 3663 438 3715; x_wconf 76' lang='lat' dir='ltr'><strong>dederunt</strong></span> <span class='ocrx_word' id='word_1_276' title='bbox 467 3660 591 3713; x_wconf 88' lang='lat' dir='ltr'><strong>mihi</strong></span> <span class='ocrx_word' id='word_1_277' title='bbox 619 3670 668 3715; x_wconf 87' lang='lat' dir='ltr'><strong>et</strong></span> <span class='ocrx_word' id='word_1_278' title='bbox 695 3657 948 3714; x_wconf 72' lang='lat' dir='ltr'><strong>Barnabw</strong></span> <span class='ocrx_word' id='word_1_279' title='bbox 973 3660 1225 3714; x_wconf 82' lang='lat' dir='ltr'><strong>societatis</strong></span> <span class='ocrx_word' id='word_1_280' title='bbox 1245 3702 1259 3723; x_wconf 93' lang='lat'><strong>,</strong></span> <span class='ocrx_word' id='word_1_281' title='bbox 1290 3670 1488 3714; x_wconf 79' lang='lat' dir='ltr'><strong>tantum</strong></span> <span class='ocrx_word' id='word_1_282' title='bbox 1517 3668 1573 3712; x_wconf 90' lang='lat' dir='ltr'><strong>ut</strong></span> <span class='ocrx_word' id='word_1_283' title='bbox 1603 3676 1795 3730; x_wconf 83' lang='lat' dir='ltr'><strong>paupe-</strong></span> 
     </span>
    </p>
   </div>
   <div class='ocr_carea' id='block_1_37' title="bbox 184 3751 1790 3825">
    <p class='ocr_par' dir='ltr' id='par_1_37' title="bbox 184 3751 1790 3825">
     <span class='ocr_line' id='line_1_37' title="bbox 184 3751 1790 3825; baseline -0.001 -17"><span class='ocrx_word' id='word_1_284' title='bbox 184 3772 300 3808; x_wconf 79' lang='lat' dir='ltr'><strong>rum</strong></span> <span class='ocrx_word' id='word_1_285' title='bbox 338 3769 586 3807; x_wconf 79' lang='lat' dir='ltr'><strong>memores</strong></span> <span class='ocrx_word' id='word_1_286' title='bbox 617 3768 838 3806; x_wconf 85' lang='lat' dir='ltr'><strong>essemus</strong></span> <span class='ocrx_word' id='word_1_287' title='bbox 861 3754 876 3783; x_wconf 88' lang='grc'>¹</span> <span class='ocrx_word' id='word_1_288' title='bbox 914 3751 1056 3825; x_wconf 77' lang='lat' dir='ltr'><strong>(Gal.</strong></span> <span class='ocrx_word' id='word_1_289' title='bbox 1083 3752 1139 3806; x_wconf 73' lang='lat'><strong>9..</strong></span> <span class='ocrx_word' id='word_1_290' title='bbox 1172 3751 1224 3807; x_wconf 90' lang='lat'><strong>9.</strong></span> <span class='ocrx_word' id='word_1_291' title='bbox 1258 3753 1371 3823; x_wconf 87' lang='grc'><strong>10).</strong></span> <span class='ocrx_word' id='word_1_292' title='bbox 1404 3753 1634 3808; x_wconf 86' lang='lat' dir='ltr'><strong>Tantum</strong></span> <span class='ocrx_word' id='word_1_293' title='bbox 1667 3769 1790 3822; x_wconf 78' lang='lat' dir='ltr'><strong>pro-</strong></span> 
     </span>
    </p>
   </div>
   <div class='ocr_carea' id='block_1_38' title="bbox 185 3844 1792 3918">
    <p class='ocr_par' dir='ltr' id='par_1_38' title="bbox 185 3844 1792 3918">
     <span class='ocr_line' id='line_1_38' title="bbox 185 3844 1792 3918; baseline -0.001 -14"><span class='ocrx_word' id='word_1_294' title='bbox 185 3850 286 3904; x_wconf 84' lang='lat' dir='ltr'><strong>fuit</strong></span> <span class='ocrx_word' id='word_1_295' title='bbox 315 3849 508 3902; x_wconf 88' lang='lat' dir='ltr'><strong>fames.</strong></span> <span class='ocrx_word' id='word_1_296' title='bbox 553 3846 620 3902; x_wconf 85' lang='lat' dir='ltr'><strong>Et</strong></span> <span class='ocrx_word' id='word_1_297' title='bbox 645 3847 766 3902; x_wconf 84' lang='lat' dir='ltr'><strong>vide</strong></span> <span class='ocrx_word' id='word_1_298' title='bbox 806 3845 925 3902; x_wconf 92' lang='lat' dir='ltr'><strong>illos</strong></span> <span class='ocrx_word' id='word_1_299' title='bbox 953 3861 1020 3902; x_wconf 83' lang='lat' dir='ltr'><strong>ex</strong></span> <span class='ocrx_word' id='word_1_300' title='bbox 1062 3844 1204 3900; x_wconf 87' lang='lat' dir='ltr'><strong>fame</strong></span> <span class='ocrx_word' id='word_1_301' title='bbox 1244 3861 1418 3918; x_wconf 87' lang='lat' dir='ltr'><strong>neque</strong></span> <span class='ocrx_word' id='word_1_302' title='bbox 1461 3847 1511 3902; x_wconf 93' lang='lat' dir='ltr'><strong>in</strong></span> <span class='ocrx_word' id='word_1_303' title='bbox 1558 3847 1713 3903; x_wconf 86' lang='lat' dir='ltr'><strong>fletus</strong></span> <span class='ocrx_word' id='word_1_304' title='bbox 1739 3856 1792 3902; x_wconf 85' lang='lat' dir='ltr'><strong>et</strong></span> 
     </span>
    </p>
   </div>
   <div class='ocr_carea' id='block_1_39' title="bbox 186 3935 1790 4011">
    <p class='ocr_par' dir='ltr' id='par_1_39' title="bbox 186 3935 1790 4011">
     <span class='ocr_line' id='line_1_39' title="bbox 186 3935 1790 4011; baseline -0.001 -18"><span class='ocrx_word' id='word_1_305' title='bbox 186 3941 457 4011; x_wconf 80' lang='lat' dir='ltr'><strong>lacrymas</strong></span> <span class='ocrx_word' id='word_1_306' title='bbox 485 3938 750 4008; x_wconf 79' lang='lat' dir='ltr'><strong>erupisse,</strong></span> <span class='ocrx_word' id='word_1_307' title='bbox 785 3946 841 3991; x_wconf 85' lang='grc' dir='ltr'><strong>ιιι</strong></span> <span class='ocrx_word' id='word_1_308' title='bbox 880 3952 978 3991; x_wconf 91' lang='lat' dir='ltr'><strong>nos</strong></span> <span class='ocrx_word' id='word_1_309' title='bbox 1011 3935 1257 4003; x_wconf 83' lang='lat' dir='ltr'><strong>facimus,</strong></span> <span class='ocrx_word' id='word_1_310' title='bbox 1289 3938 1382 3993; x_wconf 87' lang='lat' dir='ltr'><strong>sed</strong></span> <span class='ocrx_word' id='word_1_311' title='bbox 1413 3938 1479 3993; x_wconf 90' lang='lat' dir='ltr'><strong>ad</strong></span> <span class='ocrx_word' id='word_1_312' title='bbox 1511 3954 1645 4009; x_wconf 91' lang='lat' dir='ltr'><strong>opus</strong></span> <span class='ocrx_word' id='word_1_313' title='bbox 1674 3955 1790 3995; x_wconf 80' lang='lat' dir='ltr'><strong>ma-</strong></span> 
     </span>
    </p>
   </div>
   <div class='ocr_carea' id='block_1_40' title="bbox 182 4027 1789 4101">
    <p class='ocr_par' dir='ltr' id='par_1_40' title="bbox 182 4027 1789 4101">
     <span class='ocr_line' id='line_1_40' title="bbox 182 4027 1789 4101; baseline 0.004 -20"><span class='ocrx_word' id='word_1_314' title='bbox 182 4046 349 4101; x_wconf 70' lang='lat' dir='ltr'><strong>gnum</strong></span> <span class='ocrx_word' id='word_1_315' title='bbox 378 4038 433 4083; x_wconf 91' lang='lat' dir='ltr'><strong>et</strong></span> <span class='ocrx_word' id='word_1_316' title='bbox 462 4030 660 4083; x_wconf 90' lang='lat' dir='ltr'><strong>bonum</strong></span> <span class='ocrx_word' id='word_1_317' title='bbox 687 4043 746 4083; x_wconf 90' lang='lat' dir='ltr'><strong>se</strong></span> <span class='ocrx_word' id='word_1_318' title='bbox 769 4027 1070 4093; x_wconf 87' lang='lat' dir='ltr'><strong>dedidisse;</strong></span> <span class='ocrx_word' id='word_1_319' title='bbox 1101 4045 1222 4083; x_wconf 92' lang='lat' dir='ltr'><strong>cum</strong></span> <span class='ocrx_word' id='word_1_320' title='bbox 1252 4030 1440 4099; x_wconf 85' lang='lat' dir='ltr'><strong>majori</strong></span> <span class='ocrx_word' id='word_1_321' title='bbox 1469 4046 1698 4100; x_wconf 84' lang='lat' dir='ltr'><strong>namque</strong></span> <span class='ocrx_word' id='word_1_322' title='bbox 1723 4033 1789 4087; x_wconf 86' lang='lat' dir='ltr'><strong>li-</strong></span> 
     </span>
    </p>
   </div>
   <div class='ocr_carea' id='block_1_41' title="bbox 184 4119 1789 4193">
    <p class='ocr_par' dir='ltr' id='par_1_41' title="bbox 184 4119 1789 4193">
     <span class='ocr_line' id='line_1_41' title="bbox 184 4119 1789 4193; baseline 0.002 -18"><span class='ocrx_word' id='word_1_323' title='bbox 184 4127 400 4176; x_wconf 81' lang='lat' dir='ltr'><strong>bertate</strong></span> <span class='ocrx_word' id='word_1_324' title='bbox 435 4119 800 4190; x_wconf 62' lang='lat' dir='ltr'><strong>praedicabant</strong></span> <span class='ocrx_word' id='word_1_325' title='bbox 828 4119 1072 4175; x_wconf 84' lang='lat' dir='ltr'><strong>verbum.</strong></span> <span class='ocrx_word' id='word_1_326' title='bbox 1107 4119 1216 4176; x_wconf 83' lang='lat' dir='ltr'><strong>Nec</strong></span> <span class='ocrx_word' id='word_1_327' title='bbox 1245 4121 1515 4188; x_wconf 80' lang='lat' dir='ltr'><strong>dicebant,</strong></span> <span class='ocrx_word' id='word_1_328' title='bbox 1545 4123 1672 4190; x_wconf 76' lang='lat' dir='ltr'><strong>Nos,</strong></span> <span class='ocrx_word' id='word_1_329' title='bbox 1700 4125 1789 4193; x_wconf 87' lang='lat' dir='ltr'><strong>qni</strong></span> 
     </span>
    </p>
   </div>
   <div class='ocr_carea' id='block_1_42' title="bbox 180 4207 1788 4284">
    <p class='ocr_par' dir='ltr' id='par_1_42' title="bbox 180 4207 1788 4284">
     <span class='ocr_line' id='line_1_42' title="bbox 180 4207 1788 4284; baseline 0.002 -17"><span class='ocrx_word' id='word_1_330' title='bbox 180 4212 432 4284; x_wconf 68' lang='lat' dir='ltr'><strong>Cyrenmi</strong></span> <span class='ocrx_word' id='word_1_331' title='bbox 459 4222 514 4266; x_wconf 89' lang='lat' dir='ltr'><strong>et</strong></span> <span class='ocrx_word' id='word_1_332' title='bbox 539 4207 719 4282; x_wconf 85' lang='lat' dir='ltr'><strong>Cyprii</strong></span> <span class='ocrx_word' id='word_1_333' title='bbox 750 4227 956 4278; x_wconf 91' lang='lat' dir='ltr'><strong>sumus,</strong></span> <span class='ocrx_word' id='word_1_334' title='bbox 991 4213 1129 4268; x_wconf 91' lang='lat' dir='ltr'><strong>hanc</strong></span> <span class='ocrx_word' id='word_1_335' title='bbox 1155 4215 1494 4284; x_wconf 77' lang='lat' dir='ltr'><strong>aggredimur</strong></span> <span class='ocrx_word' id='word_1_336' title='bbox 1520 4215 1788 4272; x_wconf 89' lang='lat' dir='ltr'><strong>civitatem</strong></span> 
     </span>
    </p>
   </div>
   <div class='ocr_carea' id='block_1_43' title="bbox 181 4303 1791 4376">
    <p class='ocr_par' dir='ltr' id='par_1_43' title="bbox 181 4303 1791 4376">
     <span class='ocr_line' id='line_1_43' title="bbox 181 4303 1791 4376; baseline 0.002 -18"><span class='ocrx_word' id='word_1_337' title='bbox 181 4303 524 4373; x_wconf 75' lang='lat' dir='ltr'><strong>Splendidam</strong></span> <span class='ocrx_word' id='word_1_338' title='bbox 552 4313 606 4357; x_wconf 93' lang='lat' dir='ltr'><strong>et</strong></span> <span class='ocrx_word' id='word_1_339' title='bbox 633 4319 908 4374; x_wconf 88' lang='lat' dir='ltr'><strong>magnam;</strong></span> <span class='ocrx_word' id='word_1_340' title='bbox 938 4304 1031 4359; x_wconf 86' lang='lat' dir='ltr'><strong>sed</strong></span> <span class='ocrx_word' id='word_1_341' title='bbox 1059 4307 1248 4376; x_wconf 72' lang='lat' dir='ltr'><strong>gratim</strong></span> <span class='ocrx_word' id='word_1_342' title='bbox 1276 4305 1366 4360; x_wconf 91' lang='lat' dir='ltr'><strong>Dei</strong></span> <span class='ocrx_word' id='word_1_343' title='bbox 1397 4306 1556 4362; x_wconf 82' lang='lat' dir='ltr'><strong>fidem</strong></span> <span class='ocrx_word' id='word_1_344' title='bbox 1591 4307 1791 4364; x_wconf 65' lang='lat' dir='ltr'><strong>haben~</strong></span> 
     </span>
    </p>
   </div>
   <div class='ocr_carea' id='block_1_44' title="bbox 183 4394 1786 4466">
    <p class='ocr_par' dir='ltr' id='par_1_44' title="bbox 183 4394 1786 4466">
     <span class='ocr_line' id='line_1_44' title="bbox 183 4394 1786 4466; baseline 0.004 -17"><span class='ocrx_word' id='word_1_345' title='bbox 183 4405 301 4458; x_wconf 88' lang='lat' dir='ltr'><strong>tes,</strong></span> <span class='ocrx_word' id='word_1_346' title='bbox 335 4404 392 4450; x_wconf 91' lang='lat' dir='ltr'><strong>et</strong></span> <span class='ocrx_word' id='word_1_347' title='bbox 420 4394 499 4448; x_wconf 91' lang='lat' dir='ltr'><strong>illi</strong></span> <span class='ocrx_word' id='word_1_348' title='bbox 529 4395 826 4450; x_wconf 85' lang='lat' dir='ltr'><strong>doctrinam</strong></span> <span class='ocrx_word' id='word_1_349' title='bbox 857 4397 1092 4466; x_wconf 80' lang='lat' dir='ltr'><strong>aggressi</strong></span> <span class='ocrx_word' id='word_1_350' title='bbox 1133 4404 1297 4464; x_wconf 89' lang='lat' dir='ltr'><strong>sunt,</strong></span> <span class='ocrx_word' id='word_1_351' title='bbox 1329 4408 1382 4452; x_wconf 92' lang='lat' dir='ltr'><strong>et</strong></span> <span class='ocrx_word' id='word_1_352' title='bbox 1414 4397 1468 4452; x_wconf 88' lang='lat' dir='ltr'><strong>lti</strong></span> <span class='ocrx_word' id='word_1_353' title='bbox 1496 4413 1599 4452; x_wconf 91' lang='lat' dir='ltr'><strong>non</strong></span> <span class='ocrx_word' id='word_1_354' title='bbox 1632 4399 1786 4454; x_wconf 61' lang='grc' dir='ltr'>ιιι·άί-</span> 
     </span>
    </p>
   </div>
   <div class='ocr_carea' id='block_1_45' title="bbox 178 4485 1788 4560">
    <p class='ocr_par' dir='ltr' id='par_1_45' title="bbox 178 4485 1788 4560">
     <span class='ocr_line' id='line_1_45' title="bbox 178 4485 1788 4560; baseline 0.006 -23"><span class='ocrx_word' id='word_1_355' title='bbox 178 4487 327 4554; x_wconf 80' lang='lat' dir='ltr'><strong>gnati</strong></span> <span class='ocrx_word' id='word_1_356' title='bbox 372 4493 503 4541; x_wconf 92' lang='lat' dir='ltr'><strong>sunt</strong></span> <span class='ocrx_word' id='word_1_357' title='bbox 541 4485 610 4540; x_wconf 86' lang='lat' dir='ltr'><strong>ab</strong></span> <span class='ocrx_word' id='word_1_358' title='bbox 655 4487 759 4542; x_wconf 89' lang='lat' dir='ltr'><strong>illis</strong></span> <span class='ocrx_word' id='word_1_359' title='bbox 795 4486 1063 4557; x_wconf 86' lang='lat' dir='ltr'><strong>quidpiam</strong></span> <span class='ocrx_word' id='word_1_360' title='bbox 1097 4489 1359 4544; x_wconf 90' lang='lat' dir='ltr'><strong>ediscere.</strong></span> <span class='ocrx_word' id='word_1_361' title='bbox 1395 4489 1525 4545; x_wconf 83' lang='lat' dir='ltr'><strong>Vide</strong></span> <span class='ocrx_word' id='word_1_362' title='bbox 1551 4505 1579 4544; x_wconf 90' lang='lat' dir='ltr'><strong>a</strong></span> <span class='ocrx_word' id='word_1_363' title='bbox 1612 4492 1788 4560; x_wconf 66' lang='lat' dir='ltr'><strong>parvis</strong></span> 
     </span>
    </p>
   </div>
   <div class='ocr_carea' id='block_1_46' title="bbox 177 4579 1788 4649">
    <p class='ocr_par' dir='ltr' id='par_1_46' title="bbox 177 4579 1788 4649">
     <span class='ocr_line' id='line_1_46' title="bbox 177 4579 1788 4649; baseline 0.006 -18"><span class='ocrx_word' id='word_1_364' title='bbox 177 4589 236 4632; x_wconf 86' lang='lat' dir='ltr'><strong>et</strong></span> <span class='ocrx_word' id='word_1_365' title='bbox 261 4579 471 4649; x_wconf 80' lang='lat' dir='ltr'><strong>exiguis</strong></span> <span class='ocrx_word' id='word_1_366' title='bbox 498 4580 676 4632; x_wconf 89' lang='lat' dir='ltr'><strong>omnia</strong></span> <span class='ocrx_word' id='word_1_367' title='bbox 710 4589 940 4647; x_wconf 83' lang='lat' dir='ltr'><strong>peracta,</strong></span> <span class='ocrx_word' id='word_1_368' title='bbox 973 4579 1405 4649; x_wconf 65' lang='lat' dir='ltr'><strong>praedicationem</strong></span> <span class='ocrx_word' id='word_1_369' title='bbox 1435 4593 1666 4648; x_wconf 86' lang='lat' dir='ltr'><strong>auctam,</strong></span> <span class='ocrx_word' id='word_1_370' title='bbox 1695 4599 1788 4640; x_wconf 90' lang='lat' dir='ltr'><strong>eos</strong></span> 
     </span>
    </p>
   </div>
   <div class='ocr_carea' id='block_1_47' title="bbox 175 4669 1784 4743">
    <p class='ocr_par' dir='ltr' id='par_1_47' title="bbox 175 4669 1784 4743">
     <span class='ocr_line' id='line_1_47' title="bbox 175 4669 1784 4743; baseline 0.005 -23"><span class='ocrx_word' id='word_1_371' title='bbox 175 4670 270 4740; x_wconf 81' lang='lat' dir='ltr'><strong>qui</strong></span> <span class='ocrx_word' id='word_1_372' title='bbox 303 4669 658 4737; x_wconf 69' lang='lat' dir='ltr'><strong>Jcresulytttis</strong></span> <span class='ocrx_word' id='word_1_373' title='bbox 681 4671 866 4725; x_wconf 81' lang='lat' dir='ltr'><strong>eadem</strong></span> <span class='ocrx_word' id='word_1_374' title='bbox 893 4686 1013 4725; x_wconf 89' lang='lat' dir='ltr'><strong>cum</strong></span> <span class='ocrx_word' id='word_1_375' title='bbox 1041 4671 1158 4725; x_wconf 84' lang='lat' dir='ltr'><strong>aliis</strong></span> <span class='ocrx_word' id='word_1_376' title='bbox 1191 4673 1438 4727; x_wconf 84' lang='lat' dir='ltr'><strong>omnibus</strong></span> <span class='ocrx_word' id='word_1_377' title='bbox 1467 4677 1784 4743; x_wconf 82' lang='lat' dir='ltr'><strong>sentientes,</strong></span> 
     </span>
    </p>
   </div>
   <div class='ocr_carea' id='block_1_48' title="bbox 175 4760 1782 4830">
    <p class='ocr_par' dir='ltr' id='par_1_48' title="bbox 175 4760 1782 4830">
     <span class='ocr_line' id='line_1_48' title="bbox 175 4760 1782 4830; baseline 0.002 -14"><span class='ocrx_word' id='word_1_378' title='bbox 175 4771 233 4816; x_wconf 91' lang='lat' dir='ltr'><strong>ct</strong></span> <span class='ocrx_word' id='word_1_379' title='bbox 261 4762 416 4830; x_wconf 85' lang='lat' dir='ltr'><strong>quasi</strong></span> <span class='ocrx_word' id='word_1_380' title='bbox 459 4776 618 4813; x_wconf 89' lang='lat' dir='ltr'><strong>unam</strong></span> <span class='ocrx_word' id='word_1_381' title='bbox 657 4760 876 4816; x_wconf 81' lang='lat' dir='ltr'><strong>domum</strong></span> <span class='ocrx_word' id='word_1_382' title='bbox 918 4762 1102 4817; x_wconf 85' lang='lat' dir='ltr'><strong>orbem</strong></span> <span class='ocrx_word' id='word_1_383' title='bbox 1146 4771 1312 4817; x_wconf 91' lang='lat' dir='ltr'><strong>totum</strong></span> <span class='ocrx_word' id='word_1_384' title='bbox 1348 4763 1549 4818; x_wconf 86' lang='lat' dir='ltr'><strong>haberi.</strong></span> <span class='ocrx_word' id='word_1_385' title='bbox 1584 4765 1782 4820; x_wconf 80' lang='lat' dir='ltr'><strong>Audie-</strong></span> 
     </span>
    </p>
   </div>
   <div class='ocr_carea' id='block_1_49' title="bbox 176 4851 1787 4922">
    <p class='ocr_par' dir='ltr' id='par_1_49' title="bbox 176 4851 1787 4922">
     <span class='ocr_line' id='line_1_49' title="bbox 176 4851 1787 4922; baseline 0.003 -16"><span class='ocrx_word' id='word_1_386' title='bbox 176 4867 303 4906; x_wconf 90' lang='lat' dir='ltr'><strong>rant</strong></span> <span class='ocrx_word' id='word_1_387' title='bbox 347 4852 492 4922; x_wconf 84' lang='lat' dir='ltr'><strong>quod</strong></span> <span class='ocrx_word' id='word_1_388' title='bbox 541 4851 781 4906; x_wconf 83' lang='lat' dir='ltr'><strong>Samaria</strong></span> <span class='ocrx_word' id='word_1_389' title='bbox 825 4853 1115 4922; x_wconf 88' lang='lat' dir='ltr'><strong>recepisset</strong></span> <span class='ocrx_word' id='word_1_390' title='bbox 1153 4855 1414 4920; x_wconf 88' lang='lat' dir='ltr'><strong>verbum,</strong></span> <span class='ocrx_word' id='word_1_391' title='bbox 1445 4866 1499 4910; x_wconf 92' lang='lat' dir='ltr'><strong>ct</strong></span> <span class='ocrx_word' id='word_1_392' title='bbox 1527 4856 1787 4911; x_wconf 88' lang='lat' dir='ltr'><strong>miserunt</strong></span> 
     </span>
    </p>
   </div>
   <div class='ocr_carea' id='block_1_50' title="bbox 177 4944 1786 5016">
    <p class='ocr_par' dir='ltr' id='par_1_50' title="bbox 177 4944 1786 5016">
     <span class='ocr_line' id='line_1_50' title="bbox 177 4944 1786 5016; baseline 0.004 -16"><span class='ocrx_word' id='word_1_393' title='bbox 177 4947 404 5000; x_wconf 74' lang='lat' dir='ltr'><strong>l&#39;etrnm</strong></span> <span class='ocrx_word' id='word_1_394' title='bbox 435 4957 490 5001; x_wconf 91' lang='lat' dir='ltr'><strong>ct</strong></span> <span class='ocrx_word' id='word_1_395' title='bbox 516 4944 778 5000; x_wconf 81' lang='lat' dir='ltr'><strong>Joannem</strong></span> <span class='ocrx_word' id='word_1_396' title='bbox 812 4963 825 5002; x_wconf 89' lang='lat'><strong>:</strong></span> <span class='ocrx_word' id='word_1_397' title='bbox 853 4946 1137 5002; x_wconf 87' lang='lat' dir='ltr'><strong>audierunt</strong></span> <span class='ocrx_word' id='word_1_398' title='bbox 1167 4949 1290 5016; x_wconf 84' lang='lat' dir='ltr'><strong>quid</strong></span> <span class='ocrx_word' id='word_1_399' title='bbox 1325 4948 1622 5004; x_wconf 73' lang='lat' dir='ltr'><strong>Antiochia:</strong></span> <span class='ocrx_word' id='word_1_400' title='bbox 1647 4952 1786 5006; x_wconf 88' lang='lat' dir='ltr'><strong>acci-</strong></span> 
     </span>
    </p>
   </div>
   <div class='ocr_carea' id='block_1_51' title="bbox 173 5038 1784 5099">
    <p class='ocr_par' dir='ltr' id='par_1_51' title="bbox 173 5038 1784 5099">
     <span class='ocr_line' id='line_1_51' title="bbox 173 5038 1784 5099; baseline 0.006 -10"><span class='ocrx_word' id='word_1_401' title='bbox 173 5039 384 5096; x_wconf 80' lang='lat' dir='ltr'><strong>disset.</strong></span> <span class='ocrx_word' id='word_1_402' title='bbox 421 5047 475 5092; x_wconf 89' lang='lat' dir='ltr'><strong>et</strong></span> <span class='ocrx_word' id='word_1_403' title='bbox 504 5039 722 5092; x_wconf 91' lang='lat' dir='ltr'><strong>tttittunt</strong></span> <span class='ocrx_word' id='word_1_404' title='bbox 761 5038 1078 5094; x_wconf 89' lang='lat' dir='ltr'><strong>Barnabam.</strong></span> <span class='ocrx_word' id='word_1_405' title='bbox 1118 5039 1336 5095; x_wconf 81' lang='lat' dir='ltr'><strong>Multum</strong></span> <span class='ocrx_word' id='word_1_406' title='bbox 1379 5043 1520 5096; x_wconf 90' lang='lat' dir='ltr'><strong>enim</strong></span> <span class='ocrx_word' id='word_1_407' title='bbox 1554 5053 1668 5097; x_wconf 90' lang='lat' dir='ltr'><strong>erat</strong></span> <span class='ocrx_word' id='word_1_408' title='bbox 1699 5044 1784 5099; x_wconf 91' lang='lat' dir='ltr'><strong>iti-</strong></span> 
     </span>
    </p>
   </div>
   <div class='ocr_carea' id='block_1_52' title="bbox 174 5131 1784 5204">
    <p class='ocr_par' dir='ltr' id='par_1_52' title="bbox 174 5131 1784 5204">
     <span class='ocr_line' id='line_1_52' title="bbox 174 5131 1784 5204; baseline 0.008 -23"><span class='ocrx_word' id='word_1_409' title='bbox 174 5132 326 5184; x_wconf 70' lang='lat' dir='ltr'><strong>neris</strong></span> <span class='ocrx_word' id='word_1_410' title='bbox 373 5132 604 5199; x_wconf 89' lang='lat' dir='ltr'><strong>spatium</strong></span> <span class='ocrx_word' id='word_1_411' title='bbox 628 5172 642 5195; x_wconf 93' lang='lat'><strong>,</strong></span> <span class='ocrx_word' id='word_1_412' title='bbox 689 5146 786 5186; x_wconf 89' lang='lat' dir='ltr'><strong>nec</strong></span> <span class='ocrx_word' id='word_1_413' title='bbox 822 5131 1318 5201; x_wconf 35' lang='lat' dir='ltr'><strong>oportebat-adhuc</strong></span> <span class='ocrx_word' id='word_1_414' title='bbox 1357 5138 1629 5204; x_wconf 83' lang='lat' dir='ltr'><strong>apostolos</strong></span> <span class='ocrx_word' id='word_1_415' title='bbox 1661 5138 1784 5193; x_wconf 83' lang='lat' dir='ltr'><strong>inde</strong></span> 
     </span>
    </p>
   </div>
   <div class='ocr_carea' id='block_1_53' title="bbox 242 5309 1780 5378">
    <p class='ocr_par' dir='ltr' id='par_1_53' title="bbox 242 5309 1780 5378">
     <span class='ocr_line' id='line_1_53' title="bbox 242 5309 1780 5378; baseline 0.009 -25"><span class='ocrx_word' id='word_1_416' title='bbox 242 5309 258 5337; x_wconf 72' lang='grc' dir='ltr'>ί</span> <span class='ocrx_word' id='word_1_417' title='bbox 298 5315 404 5357; x_wconf 79' lang='lat' dir='ltr'><strong>Post</strong></span> <span class='ocrx_word' id='word_1_418' title='bbox 422 5309 850 5378; x_wconf 28' lang='lat' dir='ltr'><strong>Averl;a,nte.more_s</strong></span> <span class='ocrx_word' id='word_1_419' title='bbox 875 5323 1100 5378; x_wconf 74' lang='lat' dir='ltr'><strong>essemus,</strong></span> <span class='ocrx_word' id='word_1_420' title='bbox 1128 5312 1324 5378; x_wconf 78' lang='lat' dir='ltr'><strong>quidam</strong></span> <span class='ocrx_word' id='word_1_421' title='bbox 1347 5317 1668 5378; x_wconf 77' lang='lat' dir='ltr'><strong>_.\tanu5eripti</strong></span> <span class='ocrx_word' id='word_1_422' title='bbox 1696 5317 1780 5367; x_wconf 89' lang='lat' dir='ltr'><strong>ad-</strong></span> 
     </span>
    </p>
   </div>
   <div class='ocr_carea' id='block_1_54' title="bbox 172 5369 1781 5428">
    <p class='ocr_par' dir='ltr' id='par_1_54' title="bbox 172 5369 1781 5428">
     <span class='ocr_line' id='line_1_54' title="bbox 172 5369 1781 5428; baseline 0.007 -12"><span class='ocrx_word' id='word_1_423' title='bbox 172 5371 300 5416; x_wconf 83' lang='lat' dir='ltr'><strong>dunt</strong></span> <span class='ocrx_word' id='word_1_424' title='bbox 323 5404 337 5424; x_wconf 92' lang='lat'><strong>,</strong></span> <span class='ocrx_word' id='word_1_425' title='bbox 364 5369 532 5418; x_wconf 78' lang='lat' dir='ltr'><strong>adhuc</strong></span> <span class='ocrx_word' id='word_1_426' title='bbox 557 5371 765 5421; x_wconf 83' lang='lat' dir='ltr'><strong>.tacobus</strong></span> <span class='ocrx_word' id='word_1_427' title='bbox 784 5372 982 5422; x_wconf 71' lang='lat' dir='ltr'><strong>t&#39;t&#39;t&#39;ebat.</strong></span> <span class='ocrx_word' id='word_1_428' title='bbox 1011 5369 1158 5422; x_wconf 65' lang='lat' dir='ltr'><strong>Miror</strong></span> <span class='ocrx_word' id='word_1_429' title='bbox 1177 5377 1298 5425; x_wconf 84' lang='lat' dir='ltr'><strong>hanc</strong></span> <span class='ocrx_word' id='word_1_430' title='bbox 1317 5376 1578 5425; x_wconf 73' lang='lat' dir='ltr'><strong>clausulam</strong></span> <span class='ocrx_word' id='word_1_431' title='bbox 1601 5369 1661 5428; x_wconf 82' lang='grc' dir='ltr'>’ίιι</span> <span class='ocrx_word' id='word_1_432' title='bbox 1693 5387 1781 5427; x_wconf 78' lang='lat' dir='ltr'><strong>Ma-</strong></span> 
     </span>
    </p>
   </div>
   <div class='ocr_carea' id='block_1_55' title="bbox 173 5432 1780 5495">
    <p class='ocr_par' dir='ltr' id='par_1_55' title="bbox 173 5432 1780 5495">
     <span class='ocr_line' id='line_1_55' title="bbox 173 5432 1780 5495; baseline 0.009 -18"><span class='ocrx_word' id='word_1_433' title='bbox 173 5432 441 5490; x_wconf 62' lang='lat' dir='ltr'><strong>:tuscriptis</strong></span> <span class='ocrx_word' id='word_1_434' title='bbox 474 5433 768 5495; x_wconf 71' lang='lat' dir='ltr'><strong>quihusdam</strong></span> <span class='ocrx_word' id='word_1_435' title='bbox 803 5435 1033 5483; x_wconf 82' lang='lat' dir='ltr'><strong>insertam</strong></span> <span class='ocrx_word' id='word_1_436' title='bbox 1066 5437 1256 5485; x_wconf 76' lang='lat' dir='ltr'><strong>haberi.</strong></span> <span class='ocrx_word' id='word_1_437' title='bbox 1283 5440 1401 5495; x_wconf 82' lang='lat' dir='ltr'><strong>Quid</strong></span> <span class='ocrx_word' id='word_1_438' title='bbox 1428 5443 1558 5487; x_wconf 88' lang='lat' dir='ltr'><strong>enim</strong></span> <span class='ocrx_word' id='word_1_439' title='bbox 1592 5443 1647 5488; x_wconf 86' lang='lat' dir='ltr'><strong>ad</strong></span> <span class='ocrx_word' id='word_1_440' title='bbox 1674 5456 1780 5491; x_wconf 88' lang='lat' dir='ltr'><strong>rem</strong></span> 
     </span>
    </p>
   </div>
   <div class='ocr_carea' id='block_1_56' title="bbox 195 5492 1779 5554">
    <p class='ocr_par' dir='ltr' id='par_1_56' title="bbox 195 5492 1779 5554">
     <span class='ocr_line' id='line_1_56' title="bbox 195 5492 1779 5554; baseline 0.008 -13"><span class='ocrx_word' id='word_1_441' title='bbox 195 5499 480 5554; x_wconf 57' lang='lat' dir='ltr'><strong>grassantem</strong></span> <span class='ocrx_word' id='word_1_442' title='bbox 522 5492 662 5550; x_wconf 83' lang='lat' dir='ltr'><strong>facit,</strong></span> <span class='ocrx_word' id='word_1_443' title='bbox 689 5496 726 5542; x_wconf 89' lang='lat' dir='ltr'><strong>si</strong></span> <span class='ocrx_word' id='word_1_444' title='bbox 762 5496 950 5544; x_wconf 78' lang='lat' dir='ltr'><strong>dicatur</strong></span> <span class='ocrx_word' id='word_1_445' title='bbox 997 5498 1074 5547; x_wconf 89' lang='lat' dir='ltr'><strong>hie</strong></span> <span class='ocrx_word' id='word_1_446' title='bbox 1115 5500 1270 5549; x_wconf 87' lang='lat' dir='ltr'><strong>adhuc</strong></span> <span class='ocrx_word' id='word_1_447' title='bbox 1293 5492 1528 5549; x_wconf 67' lang='grc' dir='ltr'>«Ῐςιυοὲιυιιι</span> <span class='ocrx_word' id='word_1_448' title='bbox 1556 5505 1779 5554; x_wconf 79' lang='lat' dir='ltr'><strong>vixisse?</strong></span> 
     </span>
    </p>
   </div>
   <div class='ocr_carea' id='block_1_57' title="bbox 227 5550 1779 5622">
    <p class='ocr_par' dir='ltr' id='par_1_57' title="bbox 227 5550 1779 5622">
     <span class='ocr_line' id='line_1_57' title="bbox 227 5550 1779 5622; baseline 0.008 -20"><span class='ocrx_word' id='word_1_449' title='bbox 227 5550 376 5622; x_wconf 64' lang='lat' dir='ltr'><strong>enide</strong></span> <span class='ocrx_word' id='word_1_450' title='bbox 403 5569 522 5622; x_wconf 80' lang='lat' dir='ltr'><strong>vero</strong></span> <span class='ocrx_word' id='word_1_451' title='bbox 543 5557 617 5622; x_wconf 78' lang='lat' dir='ltr'><strong>de</strong></span> <span class='ocrx_word' id='word_1_452' title='bbox 633 5569 732 5618; x_wconf 90' lang='lat' dir='ltr'><strong>quo</strong></span> <span class='ocrx_word' id='word_1_453' title='bbox 755 5555 943 5622; x_wconf 10' lang='lat' dir='ltr'><strong>Jacohor</strong></span> <span class='ocrx_word' id='word_1_454' title='bbox 963 5559 1039 5608; x_wconf 91' lang='lat' dir='ltr'><strong>hic</strong></span> <span class='ocrx_word' id='word_1_455' title='bbox 1062 5562 1261 5622; x_wconf 79' lang='lat' dir='ltr'><strong>agitur?</strong></span> <span class='ocrx_word' id='word_1_456' title='bbox 1283 5562 1496 5612; x_wconf 81' lang='lat' dir='ltr'><strong>Jacobus</strong></span> <span class='ocrx_word' id='word_1_457' title='bbox 1522 5550 1779 5614; x_wconf 23' lang='lat' dir='ltr'><strong>Cttitti‘l&#39;r&#39;a;</strong></span> 
     </span>
    </p>
   </div>
   <div class='ocr_carea' id='block_1_58' title="bbox 174 5617 1780 5680">
    <p class='ocr_par' dir='ltr' id='par_1_58' title="bbox 174 5617 1780 5680">
     <span class='ocr_line' id='line_1_58' title="bbox 174 5617 1780 5680; baseline 0.008 -16"><span class='ocrx_word' id='word_1_458' title='bbox 174 5623 257 5680; x_wconf 75' lang='lat' dir='ltr'><strong>ter</strong></span> <span class='ocrx_word' id='word_1_459' title='bbox 279 5617 485 5680; x_wconf 78' lang='lat' dir='ltr'><strong>Joannis</strong></span> <span class='ocrx_word' id='word_1_460' title='bbox 510 5617 662 5678; x_wconf 84' lang='lat' dir='ltr'><strong>paulo</strong></span> <span class='ocrx_word' id='word_1_461' title='bbox 680 5625 789 5680; x_wconf 83' lang='lat' dir='ltr'><strong>post</strong></span> <span class='ocrx_word' id='word_1_462' title='bbox 821 5619 982 5680; x_wconf 87' lang='lat' dir='ltr'><strong>gladio</strong></span> <span class='ocrx_word' id='word_1_463' title='bbox 1006 5617 1162 5671; x_wconf 63' lang='lat' dir='ltr'><strong>etrs&#39;tts</strong></span> <span class='ocrx_word' id='word_1_464' title='bbox 1187 5623 1357 5673; x_wconf 83' lang='lat' dir='ltr'><strong>fertur.</strong></span> <span class='ocrx_word' id='word_1_465' title='bbox 1383 5625 1594 5674; x_wconf 83' lang='lat' dir='ltr'><strong>.lacohus</strong></span> <span class='ocrx_word' id='word_1_466' title='bbox 1615 5637 1780 5677; x_wconf 90' lang='lat' dir='ltr'><strong>autem</strong></span> 
     </span>
    </p>
   </div>
   <div class='ocr_carea' id='block_1_59' title="bbox 175 5677 1776 5752">
    <p class='ocr_par' dir='ltr' id='par_1_59' title="bbox 175 5677 1776 5752">
     <span class='ocr_line' id='line_1_59' title="bbox 175 5677 1776 5752; baseline 0.01 -29"><span class='ocrx_word' id='word_1_467' title='bbox 175 5677 331 5752; x_wconf 65' lang='lat' dir='ltr'><strong>frater&quot;</strong></span> <span class='ocrx_word' id='word_1_468' title='bbox 357 5677 547 5752; x_wconf 66' lang='lat' dir='ltr'><strong>potnitti</strong></span> <span class='ocrx_word' id='word_1_469' title='bbox 585 5677 845 5743; x_wconf 67' lang='lat' dir='ltr'><strong>episcopus</strong></span> <span class='ocrx_word' id='word_1_470' title='bbox 877 5681 1322 5752; x_wconf 61' lang='lat' dir='ltr'><strong>Jerosolytnorttnt,</strong></span> <span class='ocrx_word' id='word_1_471' title='bbox 1369 5688 1572 5752; x_wconf 84' lang='lat' dir='ltr'><strong>inferius</strong></span> <span class='ocrx_word' id='word_1_472' title='bbox 1613 5704 1776 5752; x_wconf 84' lang='lat' dir='ltr'><strong>neque</strong></span> 
     </span>
    </p>
   </div>
   <div class='ocr_carea' id='block_1_60' title="bbox 174 5741 1778 5809">
    <p class='ocr_par' dir='ltr' id='par_1_60' title="bbox 174 5741 1778 5809">
     <span class='ocr_line' id='line_1_60' title="bbox 174 5741 1778 5809; baseline 0.01 -24"><span class='ocrx_word' id='word_1_473' title='bbox 174 5741 332 5809; x_wconf 60' lang='lat' dir='ltr'><strong>sun-vl</strong></span> <span class='ocrx_word' id='word_1_474' title='bbox 362 5743 409 5788; x_wconf 89' lang='lat' dir='ltr'><strong>iu</strong></span> <span class='ocrx_word' id='word_1_475' title='bbox 438 5744 561 5809; x_wconf 61' lang='lat' dir='ltr'><strong>vitis</strong></span> <span class='ocrx_word' id='word_1_476' title='bbox 587 5741 1040 5809; x_wconf 65' lang='lat' dir='ltr'><strong>t&#39;SS_o_nietttot&#39;;ttttr.</strong></span> <span class='ocrx_word' id='word_1_477' title='bbox 1070 5741 1140 5795; x_wconf 71' lang='grc' dir='ltr'><strong>λι]</strong></span> <span class='ocrx_word' id='word_1_478' title='bbox 1180 5741 1319 5808; x_wconf 70' lang='lat' dir='ltr'><strong>quid</strong></span> <span class='ocrx_word' id='word_1_479' title='bbox 1344 5764 1466 5809; x_wconf 74' lang='lat' dir='ltr'><strong>ergo</strong></span> <span class='ocrx_word' id='word_1_480' title='bbox 1489 5751 1665 5798; x_wconf 79' lang='lat' dir='ltr'><strong>dicitur</strong></span> <span class='ocrx_word' id='word_1_481' title='bbox 1697 5741 1778 5801; x_wconf 75' lang='lat' dir='ltr'><strong>hic</strong></span> 
     </span>
    </p>
   </div>
   <div class='ocr_carea' id='block_1_61' title="bbox 176 5802 1776 5865">
    <p class='ocr_par' dir='ltr' id='par_1_61' title="bbox 176 5802 1776 5865">
     <span class='ocr_line' id='line_1_61' title="bbox 176 5802 1776 5865; baseline 0.009 -15"><span class='ocrx_word' id='word_1_482' title='bbox 176 5802 408 5851; x_wconf 60' lang='grc' dir='ltr'>διιιυιιυιιι</span> <span class='ocrx_word' id='word_1_483' title='bbox 437 5819 482 5851; x_wconf 93' lang='grc' dir='ltr'><strong>ιιι</strong></span> <span class='ocrx_word' id='word_1_484' title='bbox 511 5805 633 5852; x_wconf 85' lang='lat' dir='ltr'><strong>vivis</strong></span> <span class='ocrx_word' id='word_1_485' title='bbox 657 5806 806 5856; x_wconf 78' lang='lat' dir='ltr'><strong>fuisse</strong></span> <span class='ocrx_word' id='word_1_486' title='bbox 830 5808 853 5856; x_wconf 66' lang='grc' dir='ltr'><strong>’ἐ</strong></span> <span class='ocrx_word' id='word_1_487' title='bbox 880 5815 930 5857; x_wconf 85' lang='lat' dir='ltr'><strong>et</strong></span> <span class='ocrx_word' id='word_1_488' title='bbox 954 5822 1037 5857; x_wconf 86' lang='lat' dir='ltr'><strong>cur</strong></span> <span class='ocrx_word' id='word_1_489' title='bbox 1067 5809 1108 5857; x_wconf 77' lang='lat' dir='ltr'><strong>id</strong></span> <span class='ocrx_word' id='word_1_490' title='bbox 1138 5802 1464 5862; x_wconf 52' lang='lat' dir='ltr'><strong>anianucusbs</strong></span> <span class='ocrx_word' id='word_1_491' title='bbox 1501 5814 1776 5865; x_wconf 69' lang='lat' dir='ltr'><strong>addiderint</strong></span> 
     </span>
    </p>
   </div>
   <div class='ocr_carea' id='block_1_62' title="bbox 175 5866 704 5928">
    <p class='ocr_par' dir='ltr' id='par_1_62' title="bbox 175 5866 704 5928">
     <span class='ocr_line' id='line_1_62' title="bbox 175 5866 704 5928; baseline 0.006 -15"><span class='ocrx_word' id='word_1_492' title='bbox 175 5877 275 5913; x_wconf 73' lang='lat' dir='ltr'><strong>non</strong></span> <span class='ocrx_word' id='word_1_493' title='bbox 296 5872 414 5914; x_wconf 62' lang='lat' dir='ltr'><strong>JJUS</strong></span> <span class='ocrx_word' id='word_1_494' title='bbox 441 5866 704 5928; x_wconf 70' lang='lat' dir='ltr'><strong>perspicio.</strong></span> 
     </span>
    </p>
   </div>
   <div class='ocr_carea' id='block_1_63' title="bbox 3417 414 3517 472">
    <p class='ocr_par' dir='ltr' id='par_1_63' title="bbox 3417 414 3517 472">
     <span class='ocr_line' id='line_1_63' title="bbox 3417 414 3517 472; baseline 0.02 -2"><span class='ocrx_word' id='word_1_495' title='bbox 3417 414 3517 472; x_wconf 69' lang='grc'><strong>191</strong></span> 
     </span>
    </p>
   </div>
   <div class='ocr_carea' id='block_1_64' title="bbox 1911 519 3518 594">
    <p class='ocr_par' dir='ltr' id='par_1_64' title="bbox 1911 519 3518 594">
     <span class='ocr_line' id='line_1_64' title="bbox 1911 519 3518 594; baseline 0.009 -20"><span class='ocrx_word' id='word_1_496' title='bbox 1911 519 2196 576; x_wconf 84' lang='lat' dir='ltr'><strong>discedere</strong></span> <span class='ocrx_word' id='word_1_497' title='bbox 2218 560 2235 587; x_wconf 94' lang='lat'><strong>,</strong></span> <span class='ocrx_word' id='word_1_498' title='bbox 2269 537 2338 577; x_wconf 90' lang='lat' dir='ltr'><strong>ne</strong></span> <span class='ocrx_word' id='word_1_499' title='bbox 2366 521 2573 594; x_wconf 86' lang='lat' dir='ltr'><strong>fugitivi</strong></span> <span class='ocrx_word' id='word_1_500' title='bbox 2615 537 2738 579; x_wconf 87' lang='lat' dir='ltr'><strong>esse</strong></span> <span class='ocrx_word' id='word_1_501' title='bbox 2784 523 3120 592; x_wconf 63' lang='lat' dir='ltr'><strong>viderentur,</strong></span> <span class='ocrx_word' id='word_1_502' title='bbox 3151 538 3204 583; x_wconf 92' lang='lat' dir='ltr'><strong>et</strong></span> <span class='ocrx_word' id='word_1_503' title='bbox 3231 545 3261 583; x_wconf 90' lang='lat' dir='ltr'><strong>a</strong></span> <span class='ocrx_word' id='word_1_504' title='bbox 3291 531 3406 588; x_wconf 86' lang='lat' dir='ltr'><strong>suis</strong></span> <span class='ocrx_word' id='word_1_505' title='bbox 3433 530 3518 588; x_wconf 87' lang='lat' dir='ltr'><strong>fu-</strong></span> 
     </span>
    </p>
   </div>
   <div class='ocr_carea' id='block_1_65' title="bbox 1907 611 3520 687">
    <p class='ocr_par' dir='ltr' id='par_1_65' title="bbox 1907 611 3520 687">
     <span class='ocr_line' id='line_1_65' title="bbox 1907 611 3520 687; baseline 0.009 -23"><span class='ocrx_word' id='word_1_506' title='bbox 1907 611 2071 682; x_wconf 84' lang='lat' dir='ltr'><strong>gisse.</strong></span> <span class='ocrx_word' id='word_1_507' title='bbox 2103 612 2252 668; x_wconf 88' lang='lat' dir='ltr'><strong>Tunc</strong></span> <span class='ocrx_word' id='word_1_508' title='bbox 2279 623 2458 669; x_wconf 88' lang='lat' dir='ltr'><strong>autem</strong></span> <span class='ocrx_word' id='word_1_509' title='bbox 2492 616 2802 672; x_wconf 85' lang='lat' dir='ltr'><strong>necessario</strong></span> <span class='ocrx_word' id='word_1_510' title='bbox 2830 620 3064 687; x_wconf 78' lang='lat' dir='ltr'><strong>separati</strong></span> <span class='ocrx_word' id='word_1_511' title='bbox 3095 631 3239 687; x_wconf 90' lang='lat' dir='ltr'><strong>sunt,</strong></span> <span class='ocrx_word' id='word_1_512' title='bbox 3273 639 3395 678; x_wconf 91' lang='lat' dir='ltr'><strong>eum</strong></span> <span class='ocrx_word' id='word_1_513' title='bbox 3425 629 3520 680; x_wconf 83' lang='lat' dir='ltr'><strong>de-</strong></span> 
     </span>
    </p>
   </div>
   <div class='ocr_carea' id='block_1_66' title="bbox 1908 705 3522 779">
    <p class='ocr_par' dir='ltr' id='par_1_66' title="bbox 1908 705 3522 779">
     <span class='ocr_line' id='line_1_66' title="bbox 1908 705 3522 779; baseline 0.006 -21"><span class='ocrx_word' id='word_1_514' title='bbox 1908 719 2056 758; x_wconf 88' lang='lat' dir='ltr'><strong>tnum</strong></span> <span class='ocrx_word' id='word_1_515' title='bbox 2097 705 2270 760; x_wconf 76' lang='lat' dir='ltr'><strong>Judzei</strong></span> <span class='ocrx_word' id='word_1_516' title='bbox 2319 705 2650 763; x_wconf 88' lang='lat' dir='ltr'><strong>insanabiles</strong></span> <span class='ocrx_word' id='word_1_517' title='bbox 2688 722 2809 763; x_wconf 89' lang='lat' dir='ltr'><strong>esse</strong></span> <span class='ocrx_word' id='word_1_518' title='bbox 2848 708 3180 779; x_wconf 89' lang='lat' dir='ltr'><strong>viderentur,</strong></span> <span class='ocrx_word' id='word_1_519' title='bbox 3213 728 3335 769; x_wconf 89' lang='lat' dir='ltr'><strong>cum</strong></span> <span class='ocrx_word' id='word_1_520' title='bbox 3378 715 3522 770; x_wconf 88' lang='lat' dir='ltr'><strong>bello</strong></span> 
     </span>
    </p>
   </div>
   <div class='ocr_carea' id='block_1_67' title="bbox 1903 793 3520 870">
    <p class='ocr_par' dir='ltr' id='par_1_67' title="bbox 1903 793 3520 870">
     <span class='ocr_line' id='line_1_67' title="bbox 1903 793 3520 870; baseline 0.011 -26"><span class='ocrx_word' id='word_1_521' title='bbox 1903 793 2015 864; x_wconf 85' lang='lat' dir='ltr'><strong>jam</strong></span> <span class='ocrx_word' id='word_1_522' title='bbox 2051 796 2366 852; x_wconf 89' lang='lat' dir='ltr'><strong>imminente</strong></span> <span class='ocrx_word' id='word_1_523' title='bbox 2399 798 2577 867; x_wconf 92' lang='lat' dir='ltr'><strong>perire</strong></span> <span class='ocrx_word' id='word_1_524' title='bbox 2608 797 2730 854; x_wconf 89' lang='lat' dir='ltr'><strong>illos</strong></span> <span class='ocrx_word' id='word_1_525' title='bbox 2757 799 3063 870; x_wconf 89' lang='lat' dir='ltr'><strong>oportebat,</strong></span> <span class='ocrx_word' id='word_1_526' title='bbox 3095 818 3218 858; x_wconf 92' lang='lat' dir='ltr'><strong>cum</strong></span> <span class='ocrx_word' id='word_1_527' title='bbox 3249 807 3520 861; x_wconf 88' lang='lat' dir='ltr'><strong>sententia</strong></span> 
     </span>
    </p>
   </div>
   <div class='ocr_carea' id='block_1_68' title="bbox 1909 886 3518 960">
    <p class='ocr_par' dir='ltr' id='par_1_68' title="bbox 1909 886 3518 960">
     <span class='ocr_line' id='line_1_68' title="bbox 1909 886 3518 960; baseline 0.011 -23"><span class='ocrx_word' id='word_1_528' title='bbox 1909 886 2115 954; x_wconf 91' lang='lat' dir='ltr'><strong>prolata</strong></span> <span class='ocrx_word' id='word_1_529' title='bbox 2146 895 2229 942; x_wconf 91' lang='lat' dir='ltr'><strong>cst</strong></span> <span class='ocrx_word' id='word_1_530' title='bbox 2262 904 2274 940; x_wconf 89' lang='lat'>:</span> <span class='ocrx_word' id='word_1_531' title='bbox 2305 891 2564 959; x_wconf 90' lang='lat' dir='ltr'><strong>quoniam</strong></span> <span class='ocrx_word' id='word_1_532' title='bbox 2595 890 2851 960; x_wconf 89' lang='lat' dir='ltr'><strong>quamdiu</strong></span> <span class='ocrx_word' id='word_1_533' title='bbox 2899 893 3098 950; x_wconf 81' lang='lat' dir='ltr'><strong>Paulus</strong></span> <span class='ocrx_word' id='word_1_534' title='bbox 3135 895 3364 954; x_wconf 84' lang='lat' dir='ltr'><strong>Romam</strong></span> <span class='ocrx_word' id='word_1_535' title='bbox 3412 914 3518 955; x_wconf 78' lang='lat' dir='ltr'><strong>non</strong></span> 
     </span>
    </p>
   </div>
   <div class='ocr_carea' id='block_1_69' title="bbox 1910 978 3519 1058">
    <p class='ocr_par' dir='ltr' id='par_1_69' title="bbox 1910 978 3519 1058">
     <span class='ocr_line' id='line_1_69' title="bbox 1910 978 3519 1058; baseline 0.008 -27"><span class='ocrx_word' id='word_1_536' title='bbox 1910 978 2095 1045; x_wconf 89' lang='lat' dir='ltr'><strong>venit,</strong></span> <span class='ocrx_word' id='word_1_537' title='bbox 2129 979 2239 1036; x_wconf 91' lang='lat' dir='ltr'><strong>illic</strong></span> <span class='ocrx_word' id='word_1_538' title='bbox 2265 989 2442 1038; x_wconf 85' lang='lat' dir='ltr'><strong>erant.</strong></span> <span class='ocrx_word' id='word_1_539' title='bbox 2471 981 2728 1038; x_wconf 83' lang='lat' dir='ltr'><strong>Exierunt</strong></span> <span class='ocrx_word' id='word_1_540' title='bbox 2759 993 2939 1041; x_wconf 88' lang='lat' dir='ltr'><strong>autem</strong></span> <span class='ocrx_word' id='word_1_541' title='bbox 2961 1025 2976 1050; x_wconf 93' lang='lat'><strong>,</strong></span> <span class='ocrx_word' id='word_1_542' title='bbox 3009 1002 3116 1043; x_wconf 91' lang='lat' dir='ltr'><strong>non</strong></span> <span class='ocrx_word' id='word_1_543' title='bbox 3142 989 3284 1058; x_wconf 86' lang='lat' dir='ltr'><strong>quod</strong></span> <span class='ocrx_word' id='word_1_544' title='bbox 3317 990 3519 1046; x_wconf 90' lang='lat' dir='ltr'><strong>bellum</strong></span> 
     </span>
    </p>
   </div>
   <div class='ocr_carea' id='block_1_70' title="bbox 1909 1067 3521 1151">
    <p class='ocr_par' dir='ltr' id='par_1_70' title="bbox 1909 1067 3521 1151">
     <span class='ocr_line' id='line_1_70' title="bbox 1909 1067 3521 1151; baseline 0.008 -29"><span class='ocrx_word' id='word_1_545' title='bbox 1909 1067 2160 1124; x_wconf 88' lang='lat' dir='ltr'><strong>timerent</strong></span> <span class='ocrx_word' id='word_1_546' title='bbox 2189 1087 2202 1124; x_wconf 89' lang='lat'><strong>:</strong></span> <span class='ocrx_word' id='word_1_547' title='bbox 2231 1072 2505 1141; x_wconf 90' lang='lat' dir='ltr'><strong>quomodo</strong></span> <span class='ocrx_word' id='word_1_548' title='bbox 2531 1074 2676 1128; x_wconf 90' lang='lat' dir='ltr'><strong>enim</strong></span> <span class='ocrx_word' id='word_1_549' title='bbox 2707 1073 3032 1142; x_wconf 91' lang='lat' dir='ltr'><strong>timuissent,</strong></span> <span class='ocrx_word' id='word_1_550' title='bbox 3063 1079 3153 1149; x_wconf 92' lang='lat' dir='ltr'><strong>qui</strong></span> <span class='ocrx_word' id='word_1_551' title='bbox 3181 1090 3521 1151; x_wconf 81' lang='lat' dir='ltr'><strong>Oppugnatu-</strong></span> 
     </span>
    </p>
   </div>
   <div class='ocr_carea' id='block_1_71' title="bbox 1906 1162 3520 1242">
    <p class='ocr_par' dir='ltr' id='par_1_71' title="bbox 1906 1162 3520 1242">
     <span class='ocr_line' id='line_1_71' title="bbox 1906 1162 3520 1242; baseline 0.009 -28"><span class='ocrx_word' id='word_1_552' title='bbox 1906 1175 1998 1215; x_wconf 81' lang='lat' dir='ltr'><strong>ros</strong></span> <span class='ocrx_word' id='word_1_553' title='bbox 2023 1162 2280 1218; x_wconf 82' lang='lat' dir='ltr'><strong>adibant?</strong></span> <span class='ocrx_word' id='word_1_554' title='bbox 2304 1164 2627 1236; x_wconf 90' lang='lat' dir='ltr'><strong>Bellumque</strong></span> <span class='ocrx_word' id='word_1_555' title='bbox 2655 1166 2872 1223; x_wconf 91' lang='lat' dir='ltr'><strong>demum</strong></span> <span class='ocrx_word' id='word_1_556' title='bbox 2900 1169 3130 1226; x_wconf 91' lang='lat' dir='ltr'><strong>infertur</strong></span> <span class='ocrx_word' id='word_1_557' title='bbox 3150 1173 3260 1242; x_wconf 89' lang='lat' dir='ltr'><strong>jam</strong></span> <span class='ocrx_word' id='word_1_558' title='bbox 3293 1175 3520 1229; x_wconf 89' lang='lat' dir='ltr'><strong>mortuis</strong></span> 
     </span>
    </p>
   </div>
   <div class='ocr_carea' id='block_1_72' title="bbox 1906 1255 3522 1326">
    <p class='ocr_par' dir='ltr' id='par_1_72' title="bbox 1906 1255 3522 1326">
     <span class='ocr_line' id='line_1_72' title="bbox 1906 1255 3522 1326; baseline 0.011 -19"><span class='ocrx_word' id='word_1_559' title='bbox 1906 1255 2188 1321; x_wconf 91' lang='lat' dir='ltr'><strong>apostolis,</strong></span> <span class='ocrx_word' id='word_1_560' title='bbox 2217 1265 2272 1311; x_wconf 91' lang='lat' dir='ltr'><strong>et</strong></span> <span class='ocrx_word' id='word_1_561' title='bbox 2298 1257 2439 1326; x_wconf 88' lang='lat' dir='ltr'><strong>qttod</strong></span> <span class='ocrx_word' id='word_1_562' title='bbox 2466 1258 2534 1313; x_wconf 91' lang='lat' dir='ltr'><strong>de</strong></span> <span class='ocrx_word' id='word_1_563' title='bbox 2564 1260 2670 1315; x_wconf 91' lang='lat' dir='ltr'><strong>illis</strong></span> <span class='ocrx_word' id='word_1_564' title='bbox 2699 1261 2902 1317; x_wconf 91' lang='lat' dir='ltr'><strong>dictum</strong></span> <span class='ocrx_word' id='word_1_565' title='bbox 2933 1273 3051 1319; x_wconf 91' lang='lat' dir='ltr'><strong>erat</strong></span> <span class='ocrx_word' id='word_1_566' title='bbox 3073 1266 3255 1322; x_wconf 80' lang='lat' dir='ltr'><strong>evenit</strong></span> <span class='ocrx_word' id='word_1_567' title='bbox 3287 1285 3304 1322; x_wconf 83' lang='lat'><strong>:</strong></span> <span class='ocrx_word' id='word_1_568' title='bbox 3328 1266 3522 1324; x_wconf 79' lang='lat' dir='ltr'><strong>Perve-</strong></span> 
     </span>
    </p>
   </div>
   <div class='ocr_carea' id='block_1_73' title="bbox 1906 1345 3519 1428">
    <p class='ocr_par' dir='ltr' id='par_1_73' title="bbox 1906 1345 3519 1428">
     <span class='ocr_line' id='line_1_73' title="bbox 1906 1345 3519 1428; baseline 0.009 -30"><span class='ocrx_word' id='word_1_569' title='bbox 1906 1345 1981 1398; x_wconf 89' lang='lat' dir='ltr'><strong>nit</strong></span> <span class='ocrx_word' id='word_1_570' title='bbox 2008 1362 2160 1416; x_wconf 82' lang='lat' dir='ltr'><strong>super</strong></span> <span class='ocrx_word' id='word_1_571' title='bbox 2199 1347 2317 1402; x_wconf 83' lang='lat' dir='ltr'><strong>illos</strong></span> <span class='ocrx_word' id='word_1_572' title='bbox 2343 1349 2422 1402; x_wconf 89' lang='lat' dir='ltr'><strong>ira</strong></span> <span class='ocrx_word' id='word_1_573' title='bbox 2450 1351 2502 1404; x_wconf 87' lang='lat' dir='ltr'><strong>in</strong></span> <span class='ocrx_word' id='word_1_574' title='bbox 2535 1352 2689 1420; x_wconf 78' lang='lat' dir='ltr'><strong>ﬁnem</strong></span> <span class='ocrx_word' id='word_1_575' title='bbox 2720 1353 2811 1423; x_wconf 93' lang='grc'><strong>(1.</strong></span> <span class='ocrx_word' id='word_1_576' title='bbox 2844 1352 3022 1409; x_wconf 87' lang='lat' dir='ltr'><strong>Thess.</strong></span> <span class='ocrx_word' id='word_1_577' title='bbox 3057 1355 3112 1410; x_wconf 77' lang='grc'><strong>2.</strong></span> <span class='ocrx_word' id='word_1_578' title='bbox 3148 1357 3274 1428; x_wconf 84' lang='grc'><strong>16).</strong></span> <span class='ocrx_word' id='word_1_579' title='bbox 3306 1359 3519 1425; x_wconf 86' lang='lat' dir='ltr'><strong>Quanto</strong></span> 
     </span>
    </p>
   </div>
   <div class='ocr_carea' id='block_1_74' title="bbox 1906 1436 3514 1520">
    <p class='ocr_par' dir='ltr' id='par_1_74' title="bbox 1906 1436 3514 1520">
     <span class='ocr_line' id='line_1_74' title="bbox 1906 1436 3514 1520; baseline 0.009 -30"><span class='ocrx_word' id='word_1_580' title='bbox 1906 1436 2068 1506; x_wconf 86' lang='lat' dir='ltr'><strong>igitur</strong></span> <span class='ocrx_word' id='word_1_581' title='bbox 2091 1439 2434 1495; x_wconf 89' lang='lat' dir='ltr'><strong>obscuriores</strong></span> <span class='ocrx_word' id='word_1_582' title='bbox 2461 1451 2638 1509; x_wconf 90' lang='lat' dir='ltr'><strong>erant,</strong></span> <span class='ocrx_word' id='word_1_583' title='bbox 2673 1453 2822 1500; x_wconf 91' lang='lat' dir='ltr'><strong>tanto</strong></span> <span class='ocrx_word' id='word_1_584' title='bbox 2854 1447 3022 1518; x_wconf 90' lang='lat' dir='ltr'><strong>magis</strong></span> <span class='ocrx_word' id='word_1_585' title='bbox 3049 1449 3221 1519; x_wconf 85' lang='lat' dir='ltr'><strong>gratia</strong></span> <span class='ocrx_word' id='word_1_586' title='bbox 3261 1449 3514 1520; x_wconf 87' lang='lat' dir='ltr'><strong>fulgebat,</strong></span> 
     </span>
    </p>
   </div>
   <div class='ocr_carea' id='block_1_75' title="bbox 1906 1529 3516 1612">
    <p class='ocr_par' dir='ltr' id='par_1_75' title="bbox 1906 1529 3516 1612">
     <span class='ocr_line' id='line_1_75' title="bbox 1906 1529 3516 1612; baseline 0.011 -31"><span class='ocrx_word' id='word_1_587' title='bbox 1906 1543 2001 1596; x_wconf 91' lang='lat' dir='ltr'><strong>per</strong></span> <span class='ocrx_word' id='word_1_588' title='bbox 2021 1529 2244 1599; x_wconf 82' lang='lat' dir='ltr'><strong>exiguos</strong></span> <span class='ocrx_word' id='word_1_589' title='bbox 2271 1547 2461 1603; x_wconf 86' lang='lat' dir='ltr'><strong>magna</strong></span> <span class='ocrx_word' id='word_1_590' title='bbox 2494 1532 2716 1591; x_wconf 86' lang='lat' dir='ltr'><strong>faciens.</strong></span> <span class='ocrx_word' id='word_1_591' title='bbox 2742 1535 2849 1592; x_wconf 89' lang='lat' dir='ltr'><strong>Sed</strong></span> <span class='ocrx_word' id='word_1_592' title='bbox 2877 1539 3155 1608; x_wconf 79' lang='lat' dir='ltr'><strong>superiora</strong></span> <span class='ocrx_word' id='word_1_593' title='bbox 3181 1552 3516 1612; x_wconf 91' lang='lat' dir='ltr'><strong>repetamus.</strong></span> 
     </span>
    </p>
   </div>
   <div class='ocr_carea' id='block_1_76' title="bbox 1908 1617 3513 1698">
    <p class='ocr_par' dir='ltr' id='par_1_76' title="bbox 1908 1617 3513 1698">
     <span class='ocr_line' id='line_1_76' title="bbox 1908 1617 3513 1698; baseline 0.012 -27"><span class='ocrx_word' id='word_1_594' title='bbox 1908 1617 2225 1676; x_wconf 83' lang='lat' dir='ltr'><strong>Ilortabatur</strong></span> <span class='ocrx_word' id='word_1_595' title='bbox 2249 1640 2442 1688; x_wconf 85' lang='lat' dir='ltr'><strong>omnes,</strong></span> <span class='ocrx_word' id='word_1_596' title='bbox 2475 1626 2666 1697; x_wconf 87' lang='lat' dir='ltr'><strong>inquit,</strong></span> <span class='ocrx_word' id='word_1_597' title='bbox 2700 1637 2754 1681; x_wconf 91' lang='lat' dir='ltr'><strong>ut</strong></span> <span class='ocrx_word' id='word_1_598' title='bbox 2784 1641 3141 1698; x_wconf 78' lang='lat' dir='ltr'><strong>permanerent</strong></span> <span class='ocrx_word' id='word_1_599' title='bbox 3165 1633 3219 1686; x_wconf 88' lang='lat' dir='ltr'><strong>in</strong></span> <span class='ocrx_word' id='word_1_600' title='bbox 3250 1633 3474 1689; x_wconf 86' lang='lat' dir='ltr'><strong>Domino</strong></span> <span class='ocrx_word' id='word_1_601' title='bbox 3499 1677 3513 1691; x_wconf 96' lang='lat'><strong>.</strong></span> 
     </span>
    </p>
   </div>
   <div class='ocr_carea' id='block_1_77' title="bbox 1903 1714 3517 1784">
    <p class='ocr_par' dir='ltr' id='par_1_77' title="bbox 1903 1714 3517 1784">
     <span class='ocr_line' id='line_1_77' title="bbox 1903 1714 3517 1784; baseline 0.012 -19"><span class='ocrx_word' id='word_1_602' title='bbox 1903 1714 2024 1783; x_wconf 78' lang='lat' dir='ltr'><strong>quia</strong></span> <span class='ocrx_word' id='word_1_603' title='bbox 2053 1726 2161 1770; x_wconf 87' lang='lat' dir='ltr'><strong>erat</strong></span> <span class='ocrx_word' id='word_1_604' title='bbox 2190 1717 2266 1771; x_wconf 85' lang='lat' dir='ltr'><strong>vir</strong></span> <span class='ocrx_word' id='word_1_605' title='bbox 2292 1716 2476 1774; x_wconf 87' lang='lat' dir='ltr'><strong>bonus.</strong></span> <span class='ocrx_word' id='word_1_606' title='bbox 2511 1719 2737 1775; x_wconf 77' lang='lat' dir='ltr'><strong>Videtur</strong></span> <span class='ocrx_word' id='word_1_607' title='bbox 2769 1722 2894 1776; x_wconf 89' lang='lat' dir='ltr'><strong>tnilti</strong></span> <span class='ocrx_word' id='word_1_608' title='bbox 2939 1723 3136 1779; x_wconf 87' lang='lat' dir='ltr'><strong>bonum</strong></span> <span class='ocrx_word' id='word_1_609' title='bbox 3169 1725 3352 1782; x_wconf 87' lang='lat' dir='ltr'><strong>dicere</strong></span> <span class='ocrx_word' id='word_1_610' title='bbox 3380 1729 3517 1784; x_wconf 87' lang='lat' dir='ltr'><strong>siut-</strong></span> 
     </span>
    </p>
   </div>
   <div class='ocr_carea' id='block_1_78' title="bbox 1904 1805 3518 1884">
    <p class='ocr_par' dir='ltr' id='par_1_78' title="bbox 1904 1805 3518 1884">
     <span class='ocr_line' id='line_1_78' title="bbox 1904 1805 3518 1884; baseline 0.011 -26"><span class='ocrx_word' id='word_1_611' title='bbox 1904 1805 2096 1874; x_wconf 90' lang='lat' dir='ltr'><strong>plicent</strong></span> <span class='ocrx_word' id='word_1_612' title='bbox 2119 1849 2132 1870; x_wconf 94' lang='lat'><strong>,</strong></span> <span class='ocrx_word' id='word_1_613' title='bbox 2167 1824 2274 1863; x_wconf 91' lang='lat' dir='ltr'><strong>non</strong></span> <span class='ocrx_word' id='word_1_614' title='bbox 2304 1808 2613 1866; x_wconf 89' lang='lat' dir='ltr'><strong>simulatum</strong></span> <span class='ocrx_word' id='word_1_615' title='bbox 2636 1853 2650 1876; x_wconf 86' lang='lat'><strong>,</strong></span> <span class='ocrx_word' id='word_1_616' title='bbox 2680 1815 2768 1882; x_wconf 92' lang='lat' dir='ltr'><strong>qtti</strong></span> <span class='ocrx_word' id='word_1_617' title='bbox 2805 1817 3032 1884; x_wconf 81' lang='lat' dir='ltr'><strong>proximi</strong></span> <span class='ocrx_word' id='word_1_618' title='bbox 3064 1818 3293 1872; x_wconf 91' lang='lat' dir='ltr'><strong>salutem</strong></span> <span class='ocrx_word' id='word_1_619' title='bbox 3325 1819 3518 1875; x_wconf 87' lang='lat' dir='ltr'><strong>admo-</strong></span> 
     </span>
    </p>
   </div>
   <div class='ocr_carea' id='block_1_79' title="bbox 1902 1899 3515 1977">
    <p class='ocr_par' dir='ltr' id='par_1_79' title="bbox 1902 1899 3515 1977">
     <span class='ocr_line' id='line_1_79' title="bbox 1902 1899 3515 1977; baseline 0.009 -23"><span class='ocrx_word' id='word_1_620' title='bbox 1902 1899 2029 1954; x_wconf 92' lang='lat' dir='ltr'><strong>dum</strong></span> <span class='ocrx_word' id='word_1_621' title='bbox 2069 1911 2312 1972; x_wconf 88' lang='lat' dir='ltr'><strong>cuperet.</strong></span> <span class='ocrx_word' id='word_1_622' title='bbox 2357 1902 2473 1958; x_wconf 85' lang='lat' dir='ltr'><strong>Non</strong></span> <span class='ocrx_word' id='word_1_623' title='bbox 2517 1906 2678 1960; x_wconf 91' lang='lat' dir='ltr'><strong>modo</strong></span> <span class='ocrx_word' id='word_1_624' title='bbox 2708 1916 2887 1962; x_wconf 90' lang='lat' dir='ltr'><strong>autem</strong></span> <span class='ocrx_word' id='word_1_625' title='bbox 2919 1908 2997 1962; x_wconf 90' lang='lat' dir='ltr'><strong>vir</strong></span> <span class='ocrx_word' id='word_1_626' title='bbox 3028 1909 3202 1965; x_wconf 86' lang='lat' dir='ltr'><strong>bonus</strong></span> <span class='ocrx_word' id='word_1_627' title='bbox 3231 1919 3349 1967; x_wconf 90' lang='lat' dir='ltr'><strong>erat</strong></span> <span class='ocrx_word' id='word_1_628' title='bbox 3373 1953 3387 1977; x_wconf 95' lang='lat'><strong>,</strong></span> <span class='ocrx_word' id='word_1_629' title='bbox 3418 1913 3515 1968; x_wconf 90' lang='lat' dir='ltr'><strong>sed</strong></span> 
     </span>
    </p>
   </div>
   <div class='ocr_carea' id='block_1_80' title="bbox 1902 1995 3518 2073">
    <p class='ocr_par' dir='ltr' id='par_1_80' title="bbox 1902 1995 3518 2073">
     <span class='ocr_line' id='line_1_80' title="bbox 1902 1995 3518 2073; baseline 0.007 -25"><span class='ocrx_word' id='word_1_630' title='bbox 1902 2004 1957 2049; x_wconf 93' lang='lat' dir='ltr'><strong>et</strong></span> <span class='ocrx_word' id='word_1_631' title='bbox 2001 1995 2190 2065; x_wconf 87' lang='lat' dir='ltr'><strong>plenus</strong></span> <span class='ocrx_word' id='word_1_632' title='bbox 2231 1997 2432 2067; x_wconf 88' lang='lat' dir='ltr'><strong>Spiritu</strong></span> <span class='ocrx_word' id='word_1_633' title='bbox 2476 2008 2665 2054; x_wconf 92' lang='lat' dir='ltr'><strong>sancto</strong></span> <span class='ocrx_word' id='word_1_634' title='bbox 2709 2009 2762 2054; x_wconf 89' lang='lat' dir='ltr'><strong>et</strong></span> <span class='ocrx_word' id='word_1_635' title='bbox 2807 2001 2934 2056; x_wconf 81' lang='lat' dir='ltr'><strong>fide.</strong></span> <span class='ocrx_word' id='word_1_636' title='bbox 2967 2002 3093 2057; x_wconf 90' lang='lat' dir='ltr'><strong>Ideo</strong></span> <span class='ocrx_word' id='word_1_637' title='bbox 3130 2020 3196 2058; x_wconf 80' lang='lat' dir='ltr'><strong>ex</strong></span> <span class='ocrx_word' id='word_1_638' title='bbox 3241 2004 3518 2073; x_wconf 80' lang='lat' dir='ltr'><strong>proposito</strong></span> 
     </span>
    </p>
   </div>
   <div class='ocr_carea' id='block_1_81' title="bbox 1902 2088 3518 2160">
    <p class='ocr_par' dir='ltr' id='par_1_81' title="bbox 1902 2088 3518 2160">
     <span class='ocr_line' id='line_1_81' title="bbox 1902 2088 3518 2160; baseline 0.006 -17"><span class='ocrx_word' id='word_1_639' title='bbox 1902 2088 2084 2143; x_wconf 88' lang='lat' dir='ltr'><strong>cordis</strong></span> <span class='ocrx_word' id='word_1_640' title='bbox 2124 2105 2315 2144; x_wconf 91' lang='lat' dir='ltr'><strong>omnes</strong></span> <span class='ocrx_word' id='word_1_641' title='bbox 2363 2090 2716 2158; x_wconf 87' lang='lat' dir='ltr'><strong>hortabatur;</strong></span> <span class='ocrx_word' id='word_1_642' title='bbox 2763 2093 2812 2148; x_wconf 91' lang='lat' dir='ltr'><strong>id</strong></span> <span class='ocrx_word' id='word_1_643' title='bbox 2855 2103 2973 2160; x_wconf 91' lang='lat' dir='ltr'><strong>est,</strong></span> <span class='ocrx_word' id='word_1_644' title='bbox 3014 2110 3134 2150; x_wconf 91' lang='lat' dir='ltr'><strong>cum</strong></span> <span class='ocrx_word' id='word_1_645' title='bbox 3176 2098 3426 2152; x_wconf 92' lang='lat' dir='ltr'><strong>encomio</strong></span> <span class='ocrx_word' id='word_1_646' title='bbox 3464 2107 3518 2153; x_wconf 89' lang='lat' dir='ltr'><strong>et</strong></span> 
     </span>
    </p>
   </div>
   <div class='ocr_carea' id='block_1_82' title="bbox 1903 2180 3514 2261">
    <p class='ocr_par' dir='ltr' id='par_1_82' title="bbox 1903 2180 3514 2261">
     <span class='ocr_line' id='line_1_82' title="bbox 1903 2180 3514 2261; baseline 0.007 -26"><span class='ocrx_word' id='word_1_647' title='bbox 1903 2180 2082 2237; x_wconf 86' lang='lat' dir='ltr'><strong>laude.</strong></span> <span class='ocrx_word' id='word_1_648' title='bbox 2113 2182 2180 2237; x_wconf 87' lang='lat' dir='ltr'><strong>Et</strong></span> <span class='ocrx_word' id='word_1_649' title='bbox 2201 2183 2479 2239; x_wconf 90' lang='lat' dir='ltr'><strong>considera</strong></span> <span class='ocrx_word' id='word_1_650' title='bbox 2504 2185 2667 2252; x_wconf 89' lang='lat' dir='ltr'><strong>quod,</strong></span> <span class='ocrx_word' id='word_1_651' title='bbox 2692 2196 2743 2242; x_wconf 91' lang='lat' dir='ltr'><strong>ut</strong></span> <span class='ocrx_word' id='word_1_652' title='bbox 2770 2195 2914 2242; x_wconf 92' lang='lat' dir='ltr'><strong>terra</strong></span> <span class='ocrx_word' id='word_1_653' title='bbox 2945 2188 3174 2261; x_wconf 83' lang='lat' dir='ltr'><strong>pinguis,</strong></span> <span class='ocrx_word' id='word_1_654' title='bbox 3206 2205 3514 2247; x_wconf 78' lang='lat' dir='ltr'><strong>sermonem</strong></span> 
     </span>
    </p>
   </div>
   <div class='ocr_carea' id='block_1_83' title="bbox 1904 2274 3516 2344">
    <p class='ocr_par' dir='ltr' id='par_1_83' title="bbox 1904 2274 3516 2344">
     <span class='ocr_line' id='line_1_83' title="bbox 1904 2274 3516 2344; baseline 0.007 -17"><span class='ocrx_word' id='word_1_655' title='bbox 1904 2274 2111 2344; x_wconf 92' lang='lat' dir='ltr'><strong>accepit</strong></span> <span class='ocrx_word' id='word_1_656' title='bbox 2137 2274 2250 2329; x_wconf 69' lang='lat' dir='ltr'><strong>ltzec</strong></span> <span class='ocrx_word' id='word_1_657' title='bbox 2278 2275 2489 2344; x_wconf 91' lang='lat' dir='ltr'><strong>civitas,</strong></span> <span class='ocrx_word' id='word_1_658' title='bbox 2514 2288 2567 2332; x_wconf 91' lang='lat' dir='ltr'><strong>et</strong></span> <span class='ocrx_word' id='word_1_659' title='bbox 2597 2277 2828 2333; x_wconf 75' lang='lat' dir='ltr'><strong>fructum</strong></span> <span class='ocrx_word' id='word_1_660' title='bbox 2861 2282 3086 2335; x_wconf 89' lang='lat' dir='ltr'><strong>multum</strong></span> <span class='ocrx_word' id='word_1_661' title='bbox 3114 2281 3380 2338; x_wconf 77' lang='lat' dir='ltr'><strong>exhibuit.</strong></span> <span class='ocrx_word' id='word_1_662' title='bbox 3408 2284 3516 2339; x_wconf 80' lang='lat' dir='ltr'><strong>Cur</strong></span> 
     </span>
    </p>
   </div>
   <div class='ocr_carea' id='block_1_84' title="bbox 1903 2366 3517 2437">
    <p class='ocr_par' dir='ltr' id='par_1_84' title="bbox 1903 2366 3517 2437">
     <span class='ocr_line' id='line_1_84' title="bbox 1903 2366 3517 2437; baseline 0.007 -18"><span class='ocrx_word' id='word_1_663' title='bbox 1903 2374 2082 2421; x_wconf 89' lang='lat' dir='ltr'><strong>autem</strong></span> <span class='ocrx_word' id='word_1_664' title='bbox 2113 2366 2282 2422; x_wconf 89' lang='lat' dir='ltr'><strong>Tarso</strong></span> <span class='ocrx_word' id='word_1_665' title='bbox 2309 2367 2532 2424; x_wconf 90' lang='lat' dir='ltr'><strong>Saulutn</strong></span> <span class='ocrx_word' id='word_1_666' title='bbox 2565 2369 2840 2426; x_wconf 90' lang='lat' dir='ltr'><strong>Barnabas</strong></span> <span class='ocrx_word' id='word_1_667' title='bbox 2866 2371 3108 2437; x_wconf 80' lang='lat' dir='ltr'><strong>abduxit,</strong></span> <span class='ocrx_word' id='word_1_668' title='bbox 3135 2384 3190 2428; x_wconf 92' lang='lat' dir='ltr'><strong>et</strong></span> <span class='ocrx_word' id='word_1_669' title='bbox 3217 2373 3321 2429; x_wconf 90' lang='lat' dir='ltr'><strong>huc</strong></span> <span class='ocrx_word' id='word_1_670' title='bbox 3349 2374 3517 2430; x_wconf 88' lang='lat' dir='ltr'><strong>dedu-</strong></span> 
     </span>
    </p>
   </div>
   <div class='ocr_carea' id='block_1_85' title="bbox 1904 2459 3517 2537">
    <p class='ocr_par' dir='ltr' id='par_1_85' title="bbox 1904 2459 3517 2537">
     <span class='ocr_line' id='line_1_85' title="bbox 1904 2459 3517 2537; baseline 0.007 -24"><span class='ocrx_word' id='word_1_671' title='bbox 1904 2459 2024 2514; x_wconf 82' lang='lat' dir='ltr'><strong>xit?</strong></span> <span class='ocrx_word' id='word_1_672' title='bbox 2054 2461 2171 2532; x_wconf 84' lang='lat' dir='ltr'><strong>Non</strong></span> <span class='ocrx_word' id='word_1_673' title='bbox 2198 2462 2315 2517; x_wconf 93' lang='lat' dir='ltr'><strong>sine</strong></span> <span class='ocrx_word' id='word_1_674' title='bbox 2341 2478 2527 2529; x_wconf 90' lang='lat' dir='ltr'><strong>causa,</strong></span> <span class='ocrx_word' id='word_1_675' title='bbox 2559 2463 2654 2519; x_wconf 94' lang='lat' dir='ltr'><strong>sed</strong></span> <span class='ocrx_word' id='word_1_676' title='bbox 2683 2465 2805 2535; x_wconf 91' lang='lat' dir='ltr'><strong>quia</strong></span> <span class='ocrx_word' id='word_1_677' title='bbox 2835 2464 2922 2520; x_wconf 92' lang='lat' dir='ltr'><strong>hic</strong></span> <span class='ocrx_word' id='word_1_678' title='bbox 2955 2466 3092 2522; x_wconf 86' lang='lat' dir='ltr'><strong>bona</strong></span> <span class='ocrx_word' id='word_1_679' title='bbox 3124 2481 3270 2537; x_wconf 87' lang='lat' dir='ltr'><strong>spes.</strong></span> <span class='ocrx_word' id='word_1_680' title='bbox 3300 2469 3517 2525; x_wconf 80' lang='lat' dir='ltr'><strong>civitas-</strong></span> 
     </span>
    </p>
   </div>
   <div class='ocr_carea' id='block_1_86' title="bbox 1901 2551 3516 2632">
    <p class='ocr_par' dir='ltr' id='par_1_86' title="bbox 1901 2551 3516 2632">
     <span class='ocr_line' id='line_1_86' title="bbox 1901 2551 3516 2632; baseline 0.007 -27"><span class='ocrx_word' id='word_1_681' title='bbox 1901 2565 2007 2620; x_wconf 87' lang='lat' dir='ltr'><strong>que</strong></span> <span class='ocrx_word' id='word_1_682' title='bbox 2037 2551 2212 2621; x_wconf 80' lang='lat' dir='ltr'><strong>major</strong></span> <span class='ocrx_word' id='word_1_683' title='bbox 2240 2563 2354 2607; x_wconf 89' lang='lat' dir='ltr'><strong>erat</strong></span> <span class='ocrx_word' id='word_1_684' title='bbox 2378 2595 2393 2616; x_wconf 91' lang='lat'><strong>,</strong></span> <span class='ocrx_word' id='word_1_685' title='bbox 2428 2569 2492 2610; x_wconf 90' lang='lat' dir='ltr'><strong>ac</strong></span> <span class='ocrx_word' id='word_1_686' title='bbox 2529 2570 2720 2626; x_wconf 89' lang='lat' dir='ltr'><strong>magna</strong></span> <span class='ocrx_word' id='word_1_687' title='bbox 2766 2556 3078 2612; x_wconf 90' lang='lat' dir='ltr'><strong>multitudo.</strong></span> <span class='ocrx_word' id='word_1_688' title='bbox 3109 2557 3361 2616; x_wconf 82' lang='lat' dir='ltr'><strong>Vidistin‘</strong></span> <span class='ocrx_word' id='word_1_689' title='bbox 3389 2577 3516 2632; x_wconf 85' lang='lat' dir='ltr'><strong>gra-</strong></span> 
     </span>
    </p>
   </div>
   <div class='ocr_carea' id='block_1_87' title="bbox 1903 2642 3514 2723">
    <p class='ocr_par' dir='ltr' id='par_1_87' title="bbox 1903 2642 3514 2723">
     <span class='ocr_line' id='line_1_87' title="bbox 1903 2642 3514 2723; baseline 0.011 -28"><span class='ocrx_word' id='word_1_690' title='bbox 1903 2642 2030 2696; x_wconf 92' lang='lat' dir='ltr'><strong>tiam</strong></span> <span class='ocrx_word' id='word_1_691' title='bbox 2073 2644 2256 2698; x_wconf 89' lang='lat' dir='ltr'><strong>omnia</strong></span> <span class='ocrx_word' id='word_1_692' title='bbox 2305 2647 2562 2715; x_wconf 81' lang='lat' dir='ltr'><strong>operari,</strong></span> <span class='ocrx_word' id='word_1_693' title='bbox 2613 2663 2718 2701; x_wconf 93' lang='lat' dir='ltr'><strong>non</strong></span> <span class='ocrx_word' id='word_1_694' title='bbox 2767 2648 3036 2704; x_wconf 84' lang='lat' dir='ltr'><strong>Paulum?</strong></span> <span class='ocrx_word' id='word_1_695' title='bbox 3079 2659 3135 2706; x_wconf 91' lang='lat' dir='ltr'><strong>et</strong></span> <span class='ocrx_word' id='word_1_696' title='bbox 3177 2656 3447 2723; x_wconf 84' lang='lat' dir='ltr'><strong>quomodo</strong></span> <span class='ocrx_word' id='word_1_697' title='bbox 3485 2672 3514 2712; x_wconf 88' lang='lat' dir='ltr'><strong>a</strong></span> 
     </span>
    </p>
   </div>
   <div class='ocr_carea' id='block_1_88' title="bbox 1901 2734 3514 2810">
    <p class='ocr_par' dir='ltr' id='par_1_88' title="bbox 1901 2734 3514 2810">
     <span class='ocr_line' id='line_1_88' title="bbox 1901 2734 3514 2810; baseline 0.011 -23"><span class='ocrx_word' id='word_1_698' title='bbox 1901 2734 2080 2804; x_wconf 81' lang='lat' dir='ltr'><strong>parvis</strong></span> <span class='ocrx_word' id='word_1_699' title='bbox 2114 2751 2199 2790; x_wconf 86' lang='lat' dir='ltr'><strong>res</strong></span> <span class='ocrx_word' id='word_1_700' title='bbox 2229 2745 2404 2806; x_wconf 62' lang='lat' dir='ltr'><strong>carpta</strong></span> <span class='ocrx_word' id='word_1_701' title='bbox 2433 2737 2543 2804; x_wconf 87' lang='lat' dir='ltr'><strong>sit;</strong></span> <span class='ocrx_word' id='word_1_702' title='bbox 2577 2739 2667 2794; x_wconf 91' lang='lat' dir='ltr'><strong>ubi</strong></span> <span class='ocrx_word' id='word_1_703' title='bbox 2694 2750 2872 2795; x_wconf 88' lang='lat' dir='ltr'><strong>autem</strong></span> <span class='ocrx_word' id='word_1_704' title='bbox 2901 2743 3187 2810; x_wconf 91' lang='lat' dir='ltr'><strong>inclaruit,</strong></span> <span class='ocrx_word' id='word_1_705' title='bbox 3221 2756 3348 2802; x_wconf 91' lang='lat' dir='ltr'><strong>tunc</strong></span> <span class='ocrx_word' id='word_1_706' title='bbox 3377 2751 3514 2804; x_wconf 91' lang='lat' dir='ltr'><strong>ntitti</strong></span> 
     </span>
    </p>
   </div>
   <div class='ocr_carea' id='block_1_89' title="bbox 1904 2826 3515 2898">
    <p class='ocr_par' dir='ltr' id='par_1_89' title="bbox 1904 2826 3515 2898">
     <span class='ocr_line' id='line_1_89' title="bbox 1904 2826 3515 2898; baseline 0.012 -19"><span class='ocrx_word' id='word_1_707' title='bbox 1904 2826 2244 2882; x_wconf 85' lang='lat' dir='ltr'><strong>Barnabam?</strong></span> <span class='ocrx_word' id='word_1_708' title='bbox 2273 2829 2340 2884; x_wconf 84' lang='lat' dir='ltr'><strong>Et</strong></span> <span class='ocrx_word' id='word_1_709' title='bbox 2362 2845 2460 2885; x_wconf 92' lang='lat' dir='ltr'><strong>cur</strong></span> <span class='ocrx_word' id='word_1_710' title='bbox 2491 2847 2597 2886; x_wconf 92' lang='lat' dir='ltr'><strong>non</strong></span> <span class='ocrx_word' id='word_1_711' title='bbox 2627 2844 2752 2889; x_wconf 91' lang='lat' dir='ltr'><strong>ante</strong></span> <span class='ocrx_word' id='word_1_712' title='bbox 2782 2835 3045 2891; x_wconf 91' lang='lat' dir='ltr'><strong>miserunt</strong></span> <span class='ocrx_word' id='word_1_713' title='bbox 3075 2837 3267 2893; x_wconf 88' lang='lat' dir='ltr'><strong>illum?</strong></span> <span class='ocrx_word' id='word_1_714' title='bbox 3295 2840 3515 2898; x_wconf 82' lang='lat' dir='ltr'><strong>Multam</strong></span> 
     </span>
    </p>
   </div>
   <div class='ocr_carea' id='block_1_90' title="bbox 1903 2920 3520 2996">
    <p class='ocr_par' dir='ltr' id='par_1_90' title="bbox 1903 2920 3520 2996">
     <span class='ocr_line' id='line_1_90' title="bbox 1903 2920 3520 2996; baseline 0.012 -24"><span class='ocrx_word' id='word_1_715' title='bbox 1903 2935 2083 2974; x_wconf 90' lang='lat' dir='ltr'><strong>rerum</strong></span> <span class='ocrx_word' id='word_1_716' title='bbox 2108 2920 2175 2974; x_wconf 90' lang='lat' dir='ltr'><strong>ad</strong></span> <span class='ocrx_word' id='word_1_717' title='bbox 2208 2935 2267 2976; x_wconf 79' lang='lat' dir='ltr'><strong>se</strong></span> <span class='ocrx_word' id='word_1_718' title='bbox 2295 2925 2656 2992; x_wconf 88' lang='lat' dir='ltr'><strong>spectantium</strong></span> <span class='ocrx_word' id='word_1_719' title='bbox 2685 2941 2870 2980; x_wconf 91' lang='lat' dir='ltr'><strong>curam</strong></span> <span class='ocrx_word' id='word_1_720' title='bbox 2901 2926 3201 2996; x_wconf 88' lang='lat' dir='ltr'><strong>habebant,</strong></span> <span class='ocrx_word' id='word_1_721' title='bbox 3234 2947 3335 2988; x_wconf 92' lang='lat' dir='ltr'><strong>nec</strong></span> <span class='ocrx_word' id='word_1_722' title='bbox 3365 2937 3520 2991; x_wconf 79' lang='lat' dir='ltr'><strong>vole-</strong></span> 
     </span>
    </p>
   </div>
   <div class='ocr_carea' id='block_1_91' title="bbox 1902 3010 3517 3095">
    <p class='ocr_par' dir='ltr' id='par_1_91' title="bbox 1902 3010 3517 3095">
     <span class='ocr_line' id='line_1_91' title="bbox 1902 3010 3517 3095; baseline 0.01 -30"><span class='ocrx_word' id='word_1_723' title='bbox 1902 3011 2030 3066; x_wconf 91' lang='lat' dir='ltr'><strong>bant</strong></span> <span class='ocrx_word' id='word_1_724' title='bbox 2071 3010 2272 3070; x_wconf 73' lang='lat' dir='ltr'><strong>Judceis</strong></span> <span class='ocrx_word' id='word_1_725' title='bbox 2312 3015 2603 3070; x_wconf 87' lang='lat' dir='ltr'><strong>accusandi</strong></span> <span class='ocrx_word' id='word_1_726' title='bbox 2636 3032 2695 3072; x_wconf 90' lang='lat' dir='ltr'><strong>se</strong></span> <span class='ocrx_word' id='word_1_727' title='bbox 2735 3018 2911 3074; x_wconf 88' lang='lat' dir='ltr'><strong>locum</strong></span> <span class='ocrx_word' id='word_1_728' title='bbox 2952 3018 3084 3076; x_wconf 90' lang='lat' dir='ltr'><strong>dare</strong></span> <span class='ocrx_word' id='word_1_729' title='bbox 3107 3063 3122 3088; x_wconf 95' lang='lat'><strong>,</strong></span> <span class='ocrx_word' id='word_1_730' title='bbox 3152 3023 3293 3092; x_wconf 91' lang='lat' dir='ltr'><strong>quod</strong></span> <span class='ocrx_word' id='word_1_731' title='bbox 3325 3036 3517 3095; x_wconf 89' lang='lat' dir='ltr'><strong>gentes</strong></span> 
     </span>
    </p>
   </div>
   <div class='ocr_carea' id='block_1_92' title="bbox 1899 3105 3511 3188">
    <p class='ocr_par' dir='ltr' id='par_1_92' title="bbox 1899 3105 3511 3188">
     <span class='ocr_line' id='line_1_92' title="bbox 1899 3105 3511 3188; baseline 0.011 -29"><span class='ocrx_word' id='word_1_732' title='bbox 1899 3105 2276 3174; x_wconf 86' lang='lat' dir='ltr'><strong>admitterent;</strong></span> <span class='ocrx_word' id='word_1_733' title='bbox 2295 3108 2396 3163; x_wconf 91' lang='lat' dir='ltr'><strong>etsi</strong></span> <span class='ocrx_word' id='word_1_734' title='bbox 2416 3109 2537 3180; x_wconf 85' lang='lat' dir='ltr'><strong>quia</strong></span> <span class='ocrx_word' id='word_1_735' title='bbox 2563 3110 2693 3182; x_wconf 91' lang='lat' dir='ltr'><strong>ipsis</strong></span> <span class='ocrx_word' id='word_1_736' title='bbox 2717 3114 3024 3170; x_wconf 85' lang='lat' dir='ltr'><strong>necessario</strong></span> <span class='ocrx_word' id='word_1_737' title='bbox 3040 3117 3316 3172; x_wconf 73' lang='lat' dir='ltr'><strong>commixti</strong></span> <span class='ocrx_word' id='word_1_738' title='bbox 3335 3130 3511 3188; x_wconf 91' lang='lat' dir='ltr'><strong>erant,</strong></span> 
     </span>
    </p>
   </div>
   <div class='ocr_carea' id='block_1_93' title="bbox 1899 3200 3517 3276">
    <p class='ocr_par' dir='ltr' id='par_1_93' title="bbox 1899 3200 3517 3276">
     <span class='ocr_line' id='line_1_93' title="bbox 1899 3200 3517 3276; baseline 0.011 -25"><span class='ocrx_word' id='word_1_739' title='bbox 1899 3200 2022 3268; x_wconf 89' lang='lat' dir='ltr'><strong>quia</strong></span> <span class='ocrx_word' id='word_1_740' title='bbox 2051 3200 2370 3272; x_wconf 88' lang='lat' dir='ltr'><strong>disceptatio</strong></span> <span class='ocrx_word' id='word_1_741' title='bbox 2400 3203 2644 3273; x_wconf 73' lang='lat' dir='ltr'><strong>qttmdam</strong></span> <span class='ocrx_word' id='word_1_742' title='bbox 2676 3206 2849 3258; x_wconf 86' lang='lat' dir='ltr'><strong>futura</strong></span> <span class='ocrx_word' id='word_1_743' title='bbox 2878 3217 2995 3260; x_wconf 89' lang='lat' dir='ltr'><strong>erat</strong></span> <span class='ocrx_word' id='word_1_744' title='bbox 3027 3208 3168 3264; x_wconf 88' lang='lat' dir='ltr'><strong>inter</strong></span> <span class='ocrx_word' id='word_1_745' title='bbox 3195 3209 3314 3266; x_wconf 82' lang='lat' dir='ltr'><strong>illos</strong></span> <span class='ocrx_word' id='word_1_746' title='bbox 3339 3254 3351 3276; x_wconf 92' lang='lat'><strong>,</strong></span> <span class='ocrx_word' id='word_1_747' title='bbox 3383 3213 3517 3267; x_wconf 84' lang='lat' dir='ltr'><strong>Cor-</strong></span> 
     </span>
    </p>
   </div>
   <div class='ocr_carea' id='block_1_94' title="bbox 1901 3292 3514 3365">
    <p class='ocr_par' dir='ltr' id='par_1_94' title="bbox 1901 3292 3514 3365">
     <span class='ocr_line' id='line_1_94' title="bbox 1901 3292 3514 3365; baseline 0.009 -19"><span class='ocrx_word' id='word_1_748' title='bbox 1901 3292 2026 3348; x_wconf 92' lang='lat' dir='ltr'><strong>nelii</strong></span> <span class='ocrx_word' id='word_1_749' title='bbox 2053 3304 2265 3364; x_wconf 85' lang='lat' dir='ltr'><strong>gestum</strong></span> <span class='ocrx_word' id='word_1_750' title='bbox 2295 3295 2588 3365; x_wconf 69' lang='lat' dir='ltr'><strong>prmeessit.</strong></span> <span class='ocrx_word' id='word_1_751' title='bbox 2621 3297 2772 3352; x_wconf 89' lang='lat' dir='ltr'><strong>Tunc</strong></span> <span class='ocrx_word' id='word_1_752' title='bbox 2799 3298 2960 3354; x_wconf 89' lang='lat' dir='ltr'><strong>etiam</strong></span> <span class='ocrx_word' id='word_1_753' title='bbox 2990 3301 3174 3357; x_wconf 90' lang='lat' dir='ltr'><strong>dicunt</strong></span> <span class='ocrx_word' id='word_1_754' title='bbox 3200 3322 3212 3359; x_wconf 91' lang='lat'><strong>:</strong></span> <span class='ocrx_word' id='word_1_755' title='bbox 3239 3303 3307 3360; x_wconf 89' lang='lat' dir='ltr'><strong>Ut</strong></span> <span class='ocrx_word' id='word_1_756' title='bbox 3335 3322 3433 3361; x_wconf 88' lang='lat' dir='ltr'><strong>nos</strong></span> <span class='ocrx_word' id='word_1_757' title='bbox 3462 3307 3514 3362; x_wconf 89' lang='lat' dir='ltr'><strong>itt</strong></span> 
     </span>
    </p>
   </div>
   <div class='ocr_carea' id='block_1_95' title="bbox 1897 3387 3516 3469">
    <p class='ocr_par' dir='ltr' id='par_1_95' title="bbox 1897 3387 3516 3469">
     <span class='ocr_line' id='line_1_95' title="bbox 1897 3387 3516 3469; baseline 0.011 -31"><span class='ocrx_word' id='word_1_758' title='bbox 1897 3394 2126 3456; x_wconf 81' lang='lat' dir='ltr'><strong>gentes,</strong></span> <span class='ocrx_word' id='word_1_759' title='bbox 2172 3387 2274 3458; x_wconf 89' lang='lat' dir='ltr'><strong>ipsi</strong></span> <span class='ocrx_word' id='word_1_760' title='bbox 2322 3404 2453 3444; x_wconf 92' lang='lat' dir='ltr'><strong>vero</strong></span> <span class='ocrx_word' id='word_1_761' title='bbox 2502 3391 2553 3444; x_wconf 94' lang='lat' dir='ltr'><strong>in</strong></span> <span class='ocrx_word' id='word_1_762' title='bbox 2599 3391 3090 3449; x_wconf 87' lang='lat' dir='ltr'><strong>eireumcisioncm.</strong></span> <span class='ocrx_word' id='word_1_763' title='bbox 3133 3395 3199 3450; x_wconf 87' lang='lat' dir='ltr'><strong>Et</strong></span> <span class='ocrx_word' id='word_1_764' title='bbox 3241 3400 3516 3469; x_wconf 86' lang='lat' dir='ltr'><strong>perpendo</strong></span> 
     </span>
    </p>
   </div>
   <div class='ocr_carea' id='block_1_96' title="bbox 1897 3482 3493 3551">
    <p class='ocr_par' dir='ltr' id='par_1_96' title="bbox 1897 3482 3493 3551">
     <span class='ocr_line' id='line_1_96' title="bbox 1897 3482 3493 3551; baseline 0.012 -21"><span class='ocrx_word' id='word_1_765' title='bbox 1897 3493 2058 3546; x_wconf 90' lang='lat' dir='ltr'><strong>quam</strong></span> <span class='ocrx_word' id='word_1_766' title='bbox 2105 3482 2420 3550; x_wconf 90' lang='lat' dir='ltr'><strong>tempestive</strong></span> <span class='ocrx_word' id='word_1_767' title='bbox 2458 3485 2751 3538; x_wconf 79' lang='lat' dir='ltr'><strong>necessitas</strong></span> <span class='ocrx_word' id='word_1_768' title='bbox 2781 3484 2936 3540; x_wconf 86' lang='lat' dir='ltr'><strong>famis</strong></span> <span class='ocrx_word' id='word_1_769' title='bbox 2964 3491 3493 3551; x_wconf 85' lang='lat' dir='ltr'><strong>communicationen</strong></span> 
     </span>
    </p>
   </div>
   <div class='ocr_carea' id='block_1_97' title="bbox 1899 3569 3515 3650">
    <p class='ocr_par' dir='ltr' id='par_1_97' title="bbox 1899 3569 3515 3650">
     <span class='ocr_line' id='line_1_97' title="bbox 1899 3569 3515 3650; baseline 0.012 -27"><span class='ocrx_word' id='word_1_770' title='bbox 1899 3569 2044 3624; x_wconf 91' lang='lat' dir='ltr'><strong>illam</strong></span> <span class='ocrx_word' id='word_1_771' title='bbox 2077 3573 2338 3641; x_wconf 88' lang='lat' dir='ltr'><strong>gentium,</strong></span> <span class='ocrx_word' id='word_1_772' title='bbox 2372 3573 2435 3628; x_wconf 89' lang='lat' dir='ltr'><strong>iis</strong></span> <span class='ocrx_word' id='word_1_773' title='bbox 2464 3575 2554 3645; x_wconf 90' lang='lat' dir='ltr'><strong>qui</strong></span> <span class='ocrx_word' id='word_1_774' title='bbox 2585 3574 2941 3648; x_wconf 78' lang='lat' dir='ltr'><strong>Jertzsulymis</strong></span> <span class='ocrx_word' id='word_1_775' title='bbox 2969 3591 3121 3636; x_wconf 88' lang='lat' dir='ltr'><strong>erant</strong></span> <span class='ocrx_word' id='word_1_776' title='bbox 3155 3582 3397 3650; x_wconf 83' lang='lat' dir='ltr'><strong>missam,</strong></span> <span class='ocrx_word' id='word_1_777' title='bbox 3433 3586 3515 3642; x_wconf 84' lang='lat' dir='ltr'><strong>in-</strong></span> 
     </span>
    </p>
   </div>
   <div class='ocr_carea' id='block_1_98' title="bbox 1898 3659 3510 3745">
    <p class='ocr_par' dir='ltr' id='par_1_98' title="bbox 1898 3659 3510 3745">
     <span class='ocr_line' id='line_1_98' title="bbox 1898 3659 3510 3745; baseline 0.014 -34"><span class='ocrx_word' id='word_1_778' title='bbox 1898 3659 2130 3714; x_wconf 76' lang='lat' dir='ltr'><strong>duxerit.</strong></span> <span class='ocrx_word' id='word_1_779' title='bbox 2160 3661 2451 3732; x_wconf 86' lang='lat' dir='ltr'><strong>Accipiunt</strong></span> <span class='ocrx_word' id='word_1_780' title='bbox 2475 3676 2655 3720; x_wconf 87' lang='lat' dir='ltr'><strong>autent</strong></span> <span class='ocrx_word' id='word_1_781' title='bbox 2684 3665 2753 3720; x_wconf 88' lang='lat' dir='ltr'><strong>ab</strong></span> <span class='ocrx_word' id='word_1_782' title='bbox 2782 3668 2904 3733; x_wconf 82' lang='lat' dir='ltr'><strong>illis,</strong></span> <span class='ocrx_word' id='word_1_783' title='bbox 2939 3671 3028 3740; x_wconf 81' lang='lat' dir='ltr'><strong>qui</strong></span> <span class='ocrx_word' id='word_1_784' title='bbox 3063 3689 3192 3740; x_wconf 93' lang='lat' dir='ltr'><strong>non,</strong></span> <span class='ocrx_word' id='word_1_785' title='bbox 3222 3676 3363 3730; x_wconf 91' lang='lat' dir='ltr'><strong>sicut</strong></span> <span class='ocrx_word' id='word_1_786' title='bbox 3387 3693 3510 3745; x_wconf 86' lang='lat' dir='ltr'><strong>nos,</strong></span> 
     </span>
    </p>
   </div>
   <div class='ocr_carea' id='block_1_99' title="bbox 1901 3749 3513 3835">
    <p class='ocr_par' dir='ltr' id='par_1_99' title="bbox 1901 3749 3513 3835">
     <span class='ocr_line' id='line_1_99' title="bbox 1901 3749 3513 3835; baseline 0.014 -32"><span class='ocrx_word' id='word_1_787' title='bbox 1901 3749 1954 3804; x_wconf 94' lang='lat' dir='ltr'><strong>in</strong></span> <span class='ocrx_word' id='word_1_788' title='bbox 1985 3750 2130 3806; x_wconf 90' lang='lat' dir='ltr'><strong>luctu</strong></span> <span class='ocrx_word' id='word_1_789' title='bbox 2167 3753 2504 3811; x_wconf 83' lang='lat' dir='ltr'><strong>calamitates</strong></span> <span class='ocrx_word' id='word_1_790' title='bbox 2537 3757 2779 3813; x_wconf 80' lang='lat' dir='ltr'><strong>ferebant</strong></span> <span class='ocrx_word' id='word_1_791' title='bbox 2805 3802 2820 3827; x_wconf 95' lang='lat'><strong>,</strong></span> <span class='ocrx_word' id='word_1_792' title='bbox 2851 3761 2944 3815; x_wconf 90' lang='lat' dir='ltr'><strong>sed</strong></span> <span class='ocrx_word' id='word_1_793' title='bbox 2975 3778 3096 3818; x_wconf 94' lang='lat' dir='ltr'><strong>eum</strong></span> <span class='ocrx_word' id='word_1_794' title='bbox 3129 3767 3320 3835; x_wconf 73' lang='lat' dir='ltr'><strong>majori</strong></span> <span class='ocrx_word' id='word_1_795' title='bbox 3351 3785 3513 3824; x_wconf 82' lang='lat' dir='ltr'><strong>secu-</strong></span> 
     </span>
    </p>
   </div>
   <div class='ocr_carea' id='block_1_100' title="bbox 1901 3842 3514 3928">
    <p class='ocr_par' dir='ltr' id='par_1_100' title="bbox 1901 3842 3514 3928">
     <span class='ocr_line' id='line_1_100' title="bbox 1901 3842 3514 3928; baseline 0.014 -34"><span class='ocrx_word' id='word_1_796' title='bbox 1901 3842 2078 3909; x_wconf 91' lang='lat' dir='ltr'><strong>ritate,</strong></span> <span class='ocrx_word' id='word_1_797' title='bbox 2108 3852 2292 3913; x_wconf 90' lang='lat' dir='ltr'><strong>utpote</strong></span> <span class='ocrx_word' id='word_1_798' title='bbox 2316 3846 2406 3916; x_wconf 90' lang='lat' dir='ltr'><strong>qui</strong></span> <span class='ocrx_word' id='word_1_799' title='bbox 2434 3849 2618 3916; x_wconf 89' lang='lat' dir='ltr'><strong>procul</strong></span> <span class='ocrx_word' id='word_1_800' title='bbox 2649 3859 2832 3906; x_wconf 89' lang='lat' dir='ltr'><strong>essent</strong></span> <span class='ocrx_word' id='word_1_801' title='bbox 2856 3851 2924 3906; x_wconf 91' lang='lat' dir='ltr'><strong>ab</strong></span> <span class='ocrx_word' id='word_1_802' title='bbox 2952 3853 3038 3919; x_wconf 93' lang='lat' dir='ltr'><strong>iis,</strong></span> <span class='ocrx_word' id='word_1_803' title='bbox 3069 3856 3156 3926; x_wconf 92' lang='lat' dir='ltr'><strong>qui</strong></span> <span class='ocrx_word' id='word_1_804' title='bbox 3186 3857 3514 3928; x_wconf 91' lang='lat' dir='ltr'><strong>impedirent</strong></span> 
     </span>
    </p>
   </div>
   <div class='ocr_carea' id='block_1_101' title="bbox 1900 3933 3512 4014">
    <p class='ocr_par' dir='ltr' id='par_1_101' title="bbox 1900 3933 3512 4014">
     <span class='ocr_line' id='line_1_101' title="bbox 1900 3933 3512 4014; baseline 0.012 -27"><span class='ocrx_word' id='word_1_805' title='bbox 1900 3933 2076 4003; x_wconf 92' lang='lat' dir='ltr'><strong>ipsos,</strong></span> <span class='ocrx_word' id='word_1_806' title='bbox 2106 3943 2161 3990; x_wconf 91' lang='lat' dir='ltr'><strong>et</strong></span> <span class='ocrx_word' id='word_1_807' title='bbox 2190 3936 2329 3992; x_wconf 89' lang='lat' dir='ltr'><strong>inter</strong></span> <span class='ocrx_word' id='word_1_808' title='bbox 2356 3937 2603 3994; x_wconf 87' lang='lat' dir='ltr'><strong>homines</strong></span> <span class='ocrx_word' id='word_1_809' title='bbox 2631 3951 2810 3997; x_wconf 92' lang='lat' dir='ltr'><strong>essent</strong></span> <span class='ocrx_word' id='word_1_810' title='bbox 2833 3984 2848 4010; x_wconf 95' lang='lat'><strong>,</strong></span> <span class='ocrx_word' id='word_1_811' title='bbox 2879 3945 2968 4014; x_wconf 89' lang='lat' dir='ltr'><strong>qui</strong></span> <span class='ocrx_word' id='word_1_812' title='bbox 2999 3961 3106 4001; x_wconf 84' lang='lat' dir='ltr'><strong>non</strong></span> <span class='ocrx_word' id='word_1_813' title='bbox 3137 3947 3389 4005; x_wconf 91' lang='lat' dir='ltr'><strong>timerent</strong></span> <span class='ocrx_word' id='word_1_814' title='bbox 3414 3951 3512 4006; x_wconf 81' lang='lat' dir='ltr'><strong>Ju-</strong></span> 
     </span>
    </p>
   </div>
   <div class='ocr_carea' id='block_1_102' title="bbox 1897 4026 3510 4101">
    <p class='ocr_par' dir='ltr' id='par_1_102' title="bbox 1897 4026 3510 4101">
     <span class='ocr_line' id='line_1_102' title="bbox 1897 4026 3510 4101; baseline 0.011 -21"><span class='ocrx_word' id='word_1_815' title='bbox 1897 4026 2046 4082; x_wconf 68' lang='grc' dir='ltr'><strong>(Ιιιξοε</strong></span> <span class='ocrx_word' id='word_1_816' title='bbox 2071 4047 2083 4082; x_wconf 91' lang='lat'>:</span> <span class='ocrx_word' id='word_1_817' title='bbox 2111 4027 2252 4098; x_wconf 85' lang='lat' dir='ltr'><strong>quod</strong></span> <span class='ocrx_word' id='word_1_818' title='bbox 2282 4029 2458 4099; x_wconf 87' lang='lat' dir='ltr'><strong>ipsum</strong></span> <span class='ocrx_word' id='word_1_819' title='bbox 2487 4045 2594 4086; x_wconf 93' lang='lat' dir='ltr'><strong>non</strong></span> <span class='ocrx_word' id='word_1_820' title='bbox 2623 4047 2810 4101; x_wconf 92' lang='lat' dir='ltr'><strong>parum</strong></span> <span class='ocrx_word' id='word_1_821' title='bbox 2836 4035 3192 4093; x_wconf 88' lang='lat' dir='ltr'><strong>conducebat.</strong></span> <span class='ocrx_word' id='word_1_822' title='bbox 3218 4040 3324 4096; x_wconf 90' lang='lat' dir='ltr'><strong>Sed</strong></span> <span class='ocrx_word' id='word_1_823' title='bbox 3348 4043 3510 4098; x_wconf 91' lang='lat' dir='ltr'><strong>etiam</strong></span> 
     </span>
    </p>
   </div>
   <div class='ocr_carea' id='block_1_103' title="bbox 1897 4119 3513 4202">
    <p class='ocr_par' dir='ltr' id='par_1_103' title="bbox 1897 4119 3513 4202">
     <span class='ocr_line' id='line_1_103' title="bbox 1897 4119 3513 4202; baseline 0.014 -28"><span class='ocrx_word' id='word_1_824' title='bbox 1897 4119 1952 4174; x_wconf 92' lang='lat' dir='ltr'><strong>in</strong></span> <span class='ocrx_word' id='word_1_825' title='bbox 1983 4119 2219 4192; x_wconf 89' lang='lat' dir='ltr'><strong>Cyprum</strong></span> <span class='ocrx_word' id='word_1_826' title='bbox 2267 4121 2567 4193; x_wconf 87' lang='lat' dir='ltr'><strong>migraruut</strong></span> <span class='ocrx_word' id='word_1_827' title='bbox 2587 4165 2603 4190; x_wconf 95' lang='lat'><strong>,</strong></span> <span class='ocrx_word' id='word_1_828' title='bbox 2639 4126 2729 4180; x_wconf 91' lang='lat' dir='ltr'><strong>ubi</strong></span> <span class='ocrx_word' id='word_1_829' title='bbox 2759 4142 2951 4198; x_wconf 83' lang='lat' dir='ltr'><strong>magna</strong></span> <span class='ocrx_word' id='word_1_830' title='bbox 2981 4133 3244 4188; x_wconf 89' lang='lat' dir='ltr'><strong>securitas</strong></span> <span class='ocrx_word' id='word_1_831' title='bbox 3275 4148 3389 4189; x_wconf 88' lang='lat' dir='ltr'><strong>erat</strong></span> <span class='ocrx_word' id='word_1_832' title='bbox 3411 4179 3425 4202; x_wconf 91' lang='lat'><strong>,</strong></span> <span class='ocrx_word' id='word_1_833' title='bbox 3456 4150 3513 4195; x_wconf 86' lang='lat' dir='ltr'><strong>et</strong></span> 
     </span>
    </p>
   </div>
   <div class='ocr_carea' id='block_1_104' title="bbox 1898 4211 3508 4298">
    <p class='ocr_par' dir='ltr' id='par_1_104' title="bbox 1898 4211 3508 4298">
     <span class='ocr_line' id='line_1_104' title="bbox 1898 4211 3508 4298; baseline 0.014 -35"><span class='ocrx_word' id='word_1_834' title='bbox 1898 4211 2071 4281; x_wconf 85' lang='lat' dir='ltr'><strong>major</strong></span> <span class='ocrx_word' id='word_1_835' title='bbox 2100 4212 2342 4269; x_wconf 86' lang='lat' dir='ltr'><strong>libertas.</strong></span> <span class='ocrx_word' id='word_1_836' title='bbox 2375 4213 2586 4270; x_wconf 82' lang='lat' dir='ltr'><strong>Nemini</strong></span> <span class='ocrx_word' id='word_1_837' title='bbox 2611 4259 2625 4285; x_wconf 93' lang='lat'><strong>,</strong></span> <span class='ocrx_word' id='word_1_838' title='bbox 2661 4218 2834 4290; x_wconf 89' lang='lat' dir='ltr'><strong>inquit</strong></span> <span class='ocrx_word' id='word_1_839' title='bbox 2857 4261 2872 4285; x_wconf 92' lang='lat'><strong>,</strong></span> <span class='ocrx_word' id='word_1_840' title='bbox 2905 4221 3240 4293; x_wconf 82' lang='lat' dir='ltr'><strong>loquebantur</strong></span> <span class='ocrx_word' id='word_1_841' title='bbox 3269 4230 3472 4286; x_wconf 81' lang='lat' dir='ltr'><strong>verbum</strong></span> <span class='ocrx_word' id='word_1_842' title='bbox 3494 4275 3508 4298; x_wconf 94' lang='lat'><strong>,</strong></span> 
     </span>
    </p>
   </div>
   <div class='ocr_carea' id='block_1_105' title="bbox 1897 4303 3510 4388">
    <p class='ocr_par' dir='ltr' id='par_1_105' title="bbox 1897 4303 3510 4388">
     <span class='ocr_line' id='line_1_105' title="bbox 1897 4303 3510 4388; baseline 0.015 -34"><span class='ocrx_word' id='word_1_843' title='bbox 1897 4303 1996 4358; x_wconf 83' lang='lat' dir='ltr'><strong>nisi</strong></span> <span class='ocrx_word' id='word_1_844' title='bbox 2021 4303 2244 4360; x_wconf 72' lang='lat' dir='ltr'><strong>Judteis.</strong></span> <span class='ocrx_word' id='word_1_845' title='bbox 2283 4305 2398 4360; x_wconf 83' lang='lat' dir='ltr'><strong>Non</strong></span> <span class='ocrx_word' id='word_1_846' title='bbox 2443 4307 2514 4363; x_wconf 90' lang='lat' dir='ltr'><strong>ob</strong></span> <span class='ocrx_word' id='word_1_847' title='bbox 2556 4317 2757 4364; x_wconf 92' lang='lat' dir='ltr'><strong>metum</strong></span> <span class='ocrx_word' id='word_1_848' title='bbox 2799 4310 3115 4382; x_wconf 88' lang='lat' dir='ltr'><strong>hominum,</strong></span> <span class='ocrx_word' id='word_1_849' title='bbox 3149 4334 3309 4388; x_wconf 91' lang='lat' dir='ltr'><strong>quem</strong></span> <span class='ocrx_word' id='word_1_850' title='bbox 3357 4322 3510 4379; x_wconf 91' lang='lat' dir='ltr'><strong>nihili</strong></span> 
     </span>
    </p>
   </div>
   <div class='ocr_carea' id='block_1_106' title="bbox 1896 4393 3510 4476">
    <p class='ocr_par' dir='ltr' id='par_1_106' title="bbox 1896 4393 3510 4476">
     <span class='ocr_line' id='line_1_106' title="bbox 1896 4393 3510 4476; baseline 0.014 -28"><span class='ocrx_word' id='word_1_851' title='bbox 1896 4393 2048 4451; x_wconf 74' lang='lat' dir='ltr'><strong>facie!</strong></span> <span class='ocrx_word' id='word_1_852' title='bbox 2071 4407 2163 4451; x_wconf 88' lang='lat' dir='ltr'><strong>aut</strong></span> <span class='ocrx_word' id='word_1_853' title='bbox 2189 4415 2203 4462; x_wconf 92' lang='lat'><strong>;</strong></span> <span class='ocrx_word' id='word_1_854' title='bbox 2236 4397 2333 4453; x_wconf 90' lang='lat' dir='ltr'><strong>sed</strong></span> <span class='ocrx_word' id='word_1_855' title='bbox 2361 4397 2539 4468; x_wconf 86' lang='lat' dir='ltr'><strong>legem</strong></span> <span class='ocrx_word' id='word_1_856' title='bbox 2569 4411 2881 4469; x_wconf 87' lang='lat' dir='ltr'><strong>servantes,</strong></span> <span class='ocrx_word' id='word_1_857' title='bbox 2913 4415 2966 4460; x_wconf 94' lang='lat' dir='ltr'><strong>et</strong></span> <span class='ocrx_word' id='word_1_858' title='bbox 2997 4407 3145 4476; x_wconf 88' lang='lat' dir='ltr'><strong>ipsos</strong></span> <span class='ocrx_word' id='word_1_859' title='bbox 3168 4410 3344 4466; x_wconf 90' lang='lat' dir='ltr'><strong>adhuc</strong></span> <span class='ocrx_word' id='word_1_860' title='bbox 3377 4415 3510 4470; x_wconf 69' lang='lat' dir='ltr'><strong>tole~</strong></span> 
     </span>
    </p>
   </div>
   <div class='ocr_carea' id='block_1_107' title="bbox 1898 4489 3510 4576">
    <p class='ocr_par' dir='ltr' id='par_1_107' title="bbox 1898 4489 3510 4576">
     <span class='ocr_line' id='line_1_107' title="bbox 1898 4489 3510 4576; baseline 0.012 -34"><span class='ocrx_word' id='word_1_861' title='bbox 1898 4497 2101 4544; x_wconf 89' lang='lat' dir='ltr'><strong>rantes.</strong></span> <span class='ocrx_word' id='word_1_862' title='bbox 2134 4489 2296 4544; x_wconf 75' lang='lat' dir='ltr'><strong>Erant</strong></span> <span class='ocrx_word' id='word_1_863' title='bbox 2321 4500 2490 4546; x_wconf 81' lang='lat' dir='ltr'><strong>autem</strong></span> <span class='ocrx_word' id='word_1_864' title='bbox 2518 4493 2729 4565; x_wconf 85' lang='lat' dir='ltr'><strong>quidam</strong></span> <span class='ocrx_word' id='word_1_865' title='bbox 2756 4496 3044 4552; x_wconf 77' lang='lat' dir='ltr'><strong>Antiochia:</strong></span> <span class='ocrx_word' id='word_1_866' title='bbox 3070 4499 3249 4571; x_wconf 78' lang='lat' dir='ltr'><strong>Cyprii</strong></span> <span class='ocrx_word' id='word_1_867' title='bbox 3277 4513 3323 4556; x_wconf 83' lang='lat' dir='ltr'><strong>et</strong></span> <span class='ocrx_word' id='word_1_868' title='bbox 3354 4504 3510 4576; x_wconf 79' lang='lat' dir='ltr'><strong>Cyre-</strong></span> 
     </span>
    </p>
   </div>
   <div class='ocr_carea' id='block_1_108' title="bbox 1898 4581 3506 4664">
    <p class='ocr_par' dir='ltr' id='par_1_108' title="bbox 1898 4581 3506 4664">
     <span class='ocr_line' id='line_1_108' title="bbox 1898 4581 3506 4664; baseline 0.01 -30"><span class='ocrx_word' id='word_1_869' title='bbox 1898 4582 2013 4635; x_wconf 76' lang='lat' dir='ltr'><strong>ntei.</strong></span> <span class='ocrx_word' id='word_1_870' title='bbox 2046 4581 2105 4634; x_wconf 91' lang='lat' dir='ltr'><strong>lli</strong></span> <span class='ocrx_word' id='word_1_871' title='bbox 2139 4583 2372 4637; x_wconf 70' lang='lat' dir='ltr'><strong>maxime</strong></span> <span class='ocrx_word' id='word_1_872' title='bbox 2401 4599 2505 4637; x_wconf 88' lang='lat' dir='ltr'><strong>non</strong></span> <span class='ocrx_word' id='word_1_873' title='bbox 2535 4585 2798 4641; x_wconf 88' lang='lat' dir='ltr'><strong>curabant</strong></span> <span class='ocrx_word' id='word_1_874' title='bbox 2821 4587 3059 4644; x_wconf 70' lang='lat' dir='ltr'><strong>Judzeos.</strong></span> <span class='ocrx_word' id='word_1_875' title='bbox 3094 4591 3196 4657; x_wconf 86' lang='lat' dir='ltr'><strong>Qui</strong></span> <span class='ocrx_word' id='word_1_876' title='bbox 3225 4595 3506 4664; x_wconf 76' lang='lat' dir='ltr'><strong>quttcban-</strong></span> 
     </span>
    </p>
   </div>
   <div class='ocr_carea' id='block_1_109' title="bbox 1897 4675 3507 4748">
    <p class='ocr_par' dir='ltr' id='par_1_109' title="bbox 1897 4675 3507 4748">
     <span class='ocr_line' id='line_1_109' title="bbox 1897 4675 3507 4748; baseline 0.014 -23"><span class='ocrx_word' id='word_1_877' title='bbox 1897 4684 1978 4727; x_wconf 84' lang='lat' dir='ltr'><strong>tur</strong></span> <span class='ocrx_word' id='word_1_878' title='bbox 1999 4675 2064 4728; x_wconf 87' lang='lat' dir='ltr'><strong>ad</strong></span> <span class='ocrx_word' id='word_1_879' title='bbox 2083 4675 2308 4743; x_wconf 74' lang='lat' dir='ltr'><strong>ercos,</strong></span> <span class='ocrx_word' id='word_1_880' title='bbox 2331 4679 2692 4733; x_wconf 68' lang='lat' dir='ltr'><strong>annuntiantcs</strong></span> <span class='ocrx_word' id='word_1_881' title='bbox 2714 4679 2989 4736; x_wconf 89' lang='lat' dir='ltr'><strong>Dominum</strong></span> <span class='ocrx_word' id='word_1_882' title='bbox 3010 4683 3211 4739; x_wconf 74' lang='lat' dir='ltr'><strong>Iesum.</strong></span> <span class='ocrx_word' id='word_1_883' title='bbox 3239 4687 3330 4742; x_wconf 82' lang='lat' dir='ltr'><strong>Fet</strong></span> <span class='ocrx_word' id='word_1_884' title='bbox 3348 4692 3507 4748; x_wconf 82' lang='lat' dir='ltr'><strong>lassis</strong></span> 
     </span>
    </p>
   </div>
   <div class='ocr_carea' id='block_1_110' title="bbox 1894 4766 3507 4840">
    <p class='ocr_par' dir='ltr' id='par_1_110' title="bbox 1894 4766 3507 4840">
     <span class='ocr_line' id='line_1_110' title="bbox 1894 4766 3507 4840; baseline 0.014 -23"><span class='ocrx_word' id='word_1_885' title='bbox 1894 4766 2035 4834; x_wconf 87' lang='lat' dir='ltr'><strong>quod</strong></span> <span class='ocrx_word' id='word_1_886' title='bbox 2065 4768 2332 4823; x_wconf 91' lang='lat' dir='ltr'><strong>nescirent</strong></span> <span class='ocrx_word' id='word_1_887' title='bbox 2359 4767 2647 4838; x_wconf 84' lang='lat' dir='ltr'><strong>Hebraice,</strong></span> <span class='ocrx_word' id='word_1_888' title='bbox 2673 4771 2891 4828; x_wconf 67' lang='lat' dir='ltr'><strong>Graecos</strong></span> <span class='ocrx_word' id='word_1_889' title='bbox 2920 4775 3040 4830; x_wconf 90' lang='lat' dir='ltr'><strong>illos</strong></span> <span class='ocrx_word' id='word_1_890' title='bbox 3067 4781 3350 4837; x_wconf 86' lang='lat' dir='ltr'><strong>vocabant.</strong></span> <span class='ocrx_word' id='word_1_891' title='bbox 3378 4783 3507 4840; x_wconf 80' lang='lat' dir='ltr'><strong>Cum</strong></span> 
     </span>
    </p>
   </div>
   <div class='ocr_carea' id='block_1_111' title="bbox 1895 4859 3503 4941">
    <p class='ocr_par' dir='ltr' id='par_1_111' title="bbox 1895 4859 3503 4941">
     <span class='ocr_line' id='line_1_111' title="bbox 1895 4859 3503 4941; baseline 0.013 -31"><span class='ocrx_word' id='word_1_892' title='bbox 1895 4860 2126 4924; x_wconf 69' lang='lat' dir='ltr'><strong>venisset,</strong></span> <span class='ocrx_word' id='word_1_893' title='bbox 2163 4860 2354 4931; x_wconf 89' lang='lat' dir='ltr'><strong>inquit,</strong></span> <span class='ocrx_word' id='word_1_894' title='bbox 2385 4859 2671 4929; x_wconf 83' lang='lat' dir='ltr'><strong>Barnabas,</strong></span> <span class='ocrx_word' id='word_1_895' title='bbox 2701 4875 2747 4919; x_wconf 91' lang='lat' dir='ltr'><strong>et</strong></span> <span class='ocrx_word' id='word_1_896' title='bbox 2778 4867 2983 4922; x_wconf 77' lang='lat' dir='ltr'><strong>t&#39;idisset</strong></span> <span class='ocrx_word' id='word_1_897' title='bbox 3011 4873 3229 4941; x_wconf 85' lang='lat' dir='ltr'><strong>gratiam</strong></span> <span class='ocrx_word' id='word_1_898' title='bbox 3257 4874 3369 4940; x_wconf 89' lang='lat' dir='ltr'><strong>Dei,</strong></span> <span class='ocrx_word' id='word_1_899' title='bbox 3398 4893 3503 4932; x_wconf 93' lang='lat' dir='ltr'><strong>non</strong></span> 
     </span>
    </p>
   </div>
   <div class='ocr_carea' id='block_1_112' title="bbox 1895 4952 3504 5038">
    <p class='ocr_par' dir='ltr' id='par_1_112' title="bbox 1895 4952 3504 5038">
     <span class='ocr_line' id='line_1_112' title="bbox 1895 4952 3504 5038; baseline 0.012 -32"><span class='ocrx_word' id='word_1_900' title='bbox 1895 4952 2224 5022; x_wconf 84' lang='lat' dir='ltr'><strong>diligentiam</strong></span> <span class='ocrx_word' id='word_1_901' title='bbox 2270 4953 2547 5011; x_wconf 91' lang='lat' dir='ltr'><strong>hominum</strong></span> <span class='ocrx_word' id='word_1_902' title='bbox 2571 5000 2586 5024; x_wconf 94' lang='lat'><strong>,</strong></span> <span class='ocrx_word' id='word_1_903' title='bbox 2618 4959 2918 5015; x_wconf 85' lang='lat' dir='ltr'><strong>hortabatur</strong></span> <span class='ocrx_word' id='word_1_904' title='bbox 2959 4964 3076 5018; x_wconf 87' lang='lat' dir='ltr'><strong>illos</strong></span> <span class='ocrx_word' id='word_1_905' title='bbox 3121 4983 3417 5038; x_wconf 80' lang='lat' dir='ltr'><strong>permanere</strong></span> <span class='ocrx_word' id='word_1_906' title='bbox 3451 4972 3504 5026; x_wconf 78' lang='lat' dir='ltr'><strong>in</strong></span> 
     </span>
    </p>
   </div>
   <div class='ocr_carea' id='block_1_113' title="bbox 1899 5045 3500 5132">
    <p class='ocr_par' dir='ltr' id='par_1_113' title="bbox 1899 5045 3500 5132">
     <span class='ocr_line' id='line_1_113' title="bbox 1899 5045 3500 5132; baseline 0.013 -36"><span class='ocrx_word' id='word_1_907' title='bbox 1899 5045 2134 5099; x_wconf 84' lang='lat' dir='ltr'><strong>Domino.</strong></span> <span class='ocrx_word' id='word_1_908' title='bbox 2170 5047 2334 5102; x_wconf 86' lang='lat' dir='ltr'><strong>Forte</strong></span> <span class='ocrx_word' id='word_1_909' title='bbox 2359 5051 2502 5118; x_wconf 86' lang='lat' dir='ltr'><strong>quod</strong></span> <span class='ocrx_word' id='word_1_910' title='bbox 2536 5051 2778 5107; x_wconf 88' lang='lat' dir='ltr'><strong>laudaret</strong></span> <span class='ocrx_word' id='word_1_911' title='bbox 2821 5054 3029 5109; x_wconf 89' lang='lat' dir='ltr'><strong>tttrbam</strong></span> <span class='ocrx_word' id='word_1_912' title='bbox 3058 5065 3111 5111; x_wconf 92' lang='lat' dir='ltr'><strong>ct</strong></span> <span class='ocrx_word' id='word_1_913' title='bbox 3139 5061 3500 5132; x_wconf 86' lang='lat' dir='ltr'><strong>approbaret,</strong></span> 
     </span>
    </p>
   </div>
   <div class='ocr_carea' id='block_1_114' title="bbox 1895 5136 3497 5218">
    <p class='ocr_par' dir='ltr' id='par_1_114' title="bbox 1895 5136 3497 5218">
     <span class='ocr_line' id='line_1_114' title="bbox 1895 5136 3497 5218; baseline 0.012 -29"><span class='ocrx_word' id='word_1_914' title='bbox 1895 5136 2016 5190; x_wconf 91' lang='lat' dir='ltr'><strong>ideo</strong></span> <span class='ocrx_word' id='word_1_915' title='bbox 2047 5137 2228 5205; x_wconf 88' lang='lat' dir='ltr'><strong>plures</strong></span> <span class='ocrx_word' id='word_1_916' title='bbox 2256 5142 2545 5196; x_wconf 86' lang='lat' dir='ltr'><strong>convertit.</strong></span> <span class='ocrx_word' id='word_1_917' title='bbox 2581 5142 2643 5197; x_wconf 83' lang='lat' dir='ltr'><strong>Et</strong></span> <span class='ocrx_word' id='word_1_918' title='bbox 2677 5159 2845 5212; x_wconf 87' lang='lat' dir='ltr'><strong>quare</strong></span> <span class='ocrx_word' id='word_1_919' title='bbox 2887 5163 2990 5199; x_wconf 93' lang='lat' dir='ltr'><strong>non</strong></span> <span class='ocrx_word' id='word_1_920' title='bbox 3025 5147 3192 5203; x_wconf 84' lang='lat' dir='ltr'><strong>Paulo</strong></span> <span class='ocrx_word' id='word_1_921' title='bbox 3222 5153 3497 5218; x_wconf 90' lang='lat' dir='ltr'><strong>scribunt,</strong></span> 
     </span>
    </p>
   </div>
   <div class='ocr_carea' id='block_1_115' title="bbox 1893 5228 3502 5300">
    <p class='ocr_par' dir='ltr' id='par_1_115' title="bbox 1893 5228 3502 5300">
     <span class='ocr_line' id='line_1_115' title="bbox 1893 5228 3502 5300; baseline 0.012 -19"><span class='ocrx_word' id='word_1_922' title='bbox 1893 5228 1985 5282; x_wconf 91' lang='lat' dir='ltr'><strong>sed</strong></span> <span class='ocrx_word' id='word_1_923' title='bbox 2020 5229 2316 5284; x_wconf 70' lang='lat' dir='ltr'><strong>liarnaham</strong></span> <span class='ocrx_word' id='word_1_924' title='bbox 2350 5233 2605 5287; x_wconf 87' lang='lat' dir='ltr'><strong>mittunt?</strong></span> <span class='ocrx_word' id='word_1_925' title='bbox 2632 5234 2880 5290; x_wconf 88' lang='lat' dir='ltr'><strong>Nondum</strong></span> <span class='ocrx_word' id='word_1_926' title='bbox 2913 5238 3007 5291; x_wconf 90' lang='lat' dir='ltr'><strong>viri</strong></span> <span class='ocrx_word' id='word_1_927' title='bbox 3038 5241 3288 5296; x_wconf 90' lang='lat' dir='ltr'><strong>virtutem</strong></span> <span class='ocrx_word' id='word_1_928' title='bbox 3335 5260 3502 5300; x_wconf 90' lang='lat' dir='ltr'><strong>nove-</strong></span> 
     </span>
    </p>
   </div>
   <div class='ocr_carea' id='block_1_116' title="bbox 1893 5321 3502 5404">
    <p class='ocr_par' dir='ltr' id='par_1_116' title="bbox 1893 5321 3502 5404">
     <span class='ocr_line' id='line_1_116' title="bbox 1893 5321 3502 5404; baseline 0.01 -30"><span class='ocrx_word' id='word_1_929' title='bbox 1893 5329 2044 5384; x_wconf 90' lang='lat' dir='ltr'><strong>rant;</strong></span> <span class='ocrx_word' id='word_1_930' title='bbox 2079 5321 2305 5391; x_wconf 89' lang='lat' dir='ltr'><strong>ideoque</strong></span> <span class='ocrx_word' id='word_1_931' title='bbox 2347 5325 2600 5379; x_wconf 84' lang='lat' dir='ltr'><strong>statuitur</strong></span> <span class='ocrx_word' id='word_1_932' title='bbox 2641 5335 2698 5379; x_wconf 88' lang='lat' dir='ltr'><strong>ttt</strong></span> <span class='ocrx_word' id='word_1_933' title='bbox 2736 5325 3011 5383; x_wconf 87' lang='lat' dir='ltr'><strong>Barnabas</strong></span> <span class='ocrx_word' id='word_1_934' title='bbox 3047 5340 3250 5387; x_wconf 89' lang='lat' dir='ltr'><strong>tantum</strong></span> <span class='ocrx_word' id='word_1_935' title='bbox 3283 5337 3502 5404; x_wconf 74' lang='lat' dir='ltr'><strong>proﬁci-</strong></span> 
     </span>
    </p>
   </div>
   <div class='ocr_carea' id='block_1_117' title="bbox 1892 5415 3500 5496">
    <p class='ocr_par' dir='ltr' id='par_1_117' title="bbox 1892 5415 3500 5496">
     <span class='ocr_line' id='line_1_117' title="bbox 1892 5415 3500 5496; baseline 0.01 -31"><span class='ocrx_word' id='word_1_936' title='bbox 1892 5425 2153 5468; x_wconf 87' lang='lat' dir='ltr'><strong>sceretur.</strong></span> <span class='ocrx_word' id='word_1_937' title='bbox 2179 5415 2311 5482; x_wconf 83' lang='lat' dir='ltr'><strong>Quia</strong></span> <span class='ocrx_word' id='word_1_938' title='bbox 2337 5433 2463 5471; x_wconf 90' lang='lat' dir='ltr'><strong>vero</strong></span> <span class='ocrx_word' id='word_1_939' title='bbox 2485 5427 2539 5472; x_wconf 93' lang='lat' dir='ltr'><strong>et</strong></span> <span class='ocrx_word' id='word_1_940' title='bbox 2566 5420 2850 5474; x_wconf 89' lang='lat' dir='ltr'><strong>tnultitudo</strong></span> <span class='ocrx_word' id='word_1_941' title='bbox 2872 5433 3007 5482; x_wconf 89' lang='lat' dir='ltr'><strong>erat,</strong></span> <span class='ocrx_word' id='word_1_942' title='bbox 3034 5434 3082 5477; x_wconf 89' lang='lat' dir='ltr'><strong>et</strong></span> <span class='ocrx_word' id='word_1_943' title='bbox 3110 5441 3266 5479; x_wconf 85' lang='lat' dir='ltr'><strong>nemo</strong></span> <span class='ocrx_word' id='word_1_944' title='bbox 3289 5426 3500 5496; x_wconf 81' lang='lat' dir='ltr'><strong>eberat,</strong></span> 
     </span>
    </p>
   </div>
   <div class='ocr_carea' id='block_1_118' title="bbox 1893 5503 3503 5584">
    <p class='ocr_par' dir='ltr' id='par_1_118' title="bbox 1893 5503 3503 5584">
     <span class='ocr_line' id='line_1_118' title="bbox 1893 5503 3503 5584; baseline 0.012 -28"><span class='ocrx_word' id='word_1_945' title='bbox 1893 5503 2013 5556; x_wconf 79' lang='lat' dir='ltr'><strong>ideo</strong></span> <span class='ocrx_word' id='word_1_946' title='bbox 2042 5506 2193 5560; x_wconf 80' lang='lat' dir='ltr'><strong>facile</strong></span> <span class='ocrx_word' id='word_1_947' title='bbox 2225 5505 2356 5560; x_wconf 83' lang='lat' dir='ltr'><strong>ﬁdes</strong></span> <span class='ocrx_word' id='word_1_948' title='bbox 2383 5509 2736 5577; x_wconf 83' lang='lat' dir='ltr'><strong>germinavit,</strong></span> <span class='ocrx_word' id='word_1_949' title='bbox 2767 5513 2999 5568; x_wconf 72' lang='lat' dir='ltr'><strong>maxime</strong></span> <span class='ocrx_word' id='word_1_950' title='bbox 3031 5517 3152 5584; x_wconf 90' lang='lat' dir='ltr'><strong>quia</strong></span> <span class='ocrx_word' id='word_1_951' title='bbox 3186 5519 3386 5572; x_wconf 91' lang='lat' dir='ltr'><strong>nullam</strong></span> <span class='ocrx_word' id='word_1_952' title='bbox 3419 5521 3503 5575; x_wconf 87' lang='lat' dir='ltr'><strong>hic</strong></span> 
     </span>
    </p>
   </div>
   <div class='ocr_carea' id='block_1_119' title="bbox 1893 5597 3501 5676">
    <p class='ocr_par' dir='ltr' id='par_1_119' title="bbox 1893 5597 3501 5676">
     <span class='ocr_line' id='line_1_119' title="bbox 1893 5597 3501 5676; baseline 0.011 -27"><span class='ocrx_word' id='word_1_953' title='bbox 1893 5597 2134 5651; x_wconf 77' lang='lat' dir='ltr'><strong>ferebant</strong></span> <span class='ocrx_word' id='word_1_954' title='bbox 2163 5602 2534 5666; x_wconf 74' lang='lat' dir='ltr'><strong>ttrttlationem,</strong></span> <span class='ocrx_word' id='word_1_955' title='bbox 2567 5611 2620 5656; x_wconf 91' lang='lat' dir='ltr'><strong>et</strong></span> <span class='ocrx_word' id='word_1_956' title='bbox 2648 5603 2769 5672; x_wconf 90' lang='lat' dir='ltr'><strong>quia</strong></span> <span class='ocrx_word' id='word_1_957' title='bbox 2801 5605 2997 5658; x_wconf 75' lang='lat' dir='ltr'><strong>Paulus</strong></span> <span class='ocrx_word' id='word_1_958' title='bbox 3027 5605 3370 5676; x_wconf 78' lang='lat' dir='ltr'><strong>pra-dicabat,</strong></span> <span class='ocrx_word' id='word_1_959' title='bbox 3403 5627 3501 5666; x_wconf 87' lang='lat' dir='ltr'><strong>nec</strong></span> 
     </span>
    </p>
   </div>
   <div class='ocr_carea' id='block_1_120' title="bbox 1885 5687 3499 5761">
    <p class='ocr_par' dir='ltr' id='par_1_120' title="bbox 1885 5687 3499 5761">
     <span class='ocr_line' id='line_1_120' title="bbox 1885 5687 3499 5761; baseline 0.012 -23"><span class='ocrx_word' id='word_1_960' title='bbox 1885 5687 1994 5757; x_wconf 82' lang='lat' dir='ltr'><strong>jam</strong></span> <span class='ocrx_word' id='word_1_961' title='bbox 2043 5689 2225 5759; x_wconf 73' lang='lat' dir='ltr'><strong>fugere</strong></span> <span class='ocrx_word' id='word_1_962' title='bbox 2275 5693 2586 5761; x_wconf 78' lang='lat' dir='ltr'><strong>cogebatur.</strong></span> <span class='ocrx_word' id='word_1_963' title='bbox 2632 5695 2799 5749; x_wconf 81' lang='lat' dir='ltr'><strong>Recte</strong></span> <span class='ocrx_word' id='word_1_964' title='bbox 2836 5707 3015 5751; x_wconf 88' lang='lat' dir='ltr'><strong>autem</strong></span> <span class='ocrx_word' id='word_1_965' title='bbox 3060 5716 3163 5753; x_wconf 90' lang='lat' dir='ltr'><strong>non</strong></span> <span class='ocrx_word' id='word_1_966' title='bbox 3196 5700 3270 5756; x_wconf 79' lang='lat' dir='ltr'><strong>illi</strong></span> <span class='ocrx_word' id='word_1_967' title='bbox 3303 5697 3499 5759; x_wconf 76' lang='lat' dir='ltr'><strong>famem</strong></span> 
     </span>
    </p>
   </div>
   <div class='ocr_carea' id='block_1_121' title="bbox 1893 5781 3498 5856">
    <p class='ocr_par' dir='ltr' id='par_1_121' title="bbox 1893 5781 3498 5856">
     <span class='ocr_line' id='line_1_121' title="bbox 1893 5781 3498 5856; baseline 0.009 -22"><span class='ocrx_word' id='word_1_968' title='bbox 1893 5781 2218 5850; x_wconf 70' lang='lat' dir='ltr'><strong>pt-artlieunt,</strong></span> <span class='ocrx_word' id='word_1_969' title='bbox 2255 5785 2347 5838; x_wconf 82' lang='lat' dir='ltr'><strong>sed</strong></span> <span class='ocrx_word' id='word_1_970' title='bbox 2400 5787 2676 5856; x_wconf 72' lang='lat' dir='ltr'><strong>pr0pltet.e</strong></span> <span class='ocrx_word' id='word_1_971' title='bbox 2699 5831 2711 5854; x_wconf 92' lang='lat'><strong>,</strong></span> <span class='ocrx_word' id='word_1_972' title='bbox 2743 5805 2810 5844; x_wconf 92' lang='lat' dir='ltr'><strong>ne</strong></span> <span class='ocrx_word' id='word_1_973' title='bbox 2843 5793 3059 5846; x_wconf 89' lang='lat' dir='ltr'><strong>onerosi</strong></span> <span class='ocrx_word' id='word_1_974' title='bbox 3095 5793 3167 5847; x_wconf 92' lang='lat' dir='ltr'><strong>illi</strong></span> <span class='ocrx_word' id='word_1_975' title='bbox 3197 5810 3318 5850; x_wconf 90' lang='lat' dir='ltr'><strong>esse</strong></span> <span class='ocrx_word' id='word_1_976' title='bbox 3346 5797 3498 5849; x_wconf 59' lang='lat' dir='ltr'><strong>video</strong></span> 
     </span>
    </p>
   </div>
   <div class='ocr_carea' id='block_1_122' title="bbox 1897 5874 3498 5958">
    <p class='ocr_par' dir='ltr' id='par_1_122' title="bbox 1897 5874 3498 5958">
     <span class='ocr_line' id='line_1_122' title="bbox 1897 5874 3498 5958; baseline 0.009 -29"><span class='ocrx_word' id='word_1_977' title='bbox 1897 5885 2101 5930; x_wconf 87' lang='lat' dir='ltr'><strong>rentur.</strong></span> <span class='ocrx_word' id='word_1_978' title='bbox 2137 5874 2312 5932; x_wconf 79' lang='lat' dir='ltr'><strong>Mirari</strong></span> <span class='ocrx_word' id='word_1_979' title='bbox 2355 5894 2481 5933; x_wconf 84' lang='lat' dir='ltr'><strong>vero</strong></span> <span class='ocrx_word' id='word_1_980' title='bbox 2518 5879 2692 5949; x_wconf 89' lang='lat' dir='ltr'><strong>subit,</strong></span> <span class='ocrx_word' id='word_1_981' title='bbox 2726 5896 2823 5935; x_wconf 88' lang='lat' dir='ltr'><strong>cur</strong></span> <span class='ocrx_word' id='word_1_982' title='bbox 2857 5883 3181 5941; x_wconf 87' lang='lat' dir='ltr'><strong>Antiucheni</strong></span> <span class='ocrx_word' id='word_1_983' title='bbox 3220 5885 3370 5958; x_wconf 82' lang='lat' dir='ltr'><strong>quasi</strong></span> <span class='ocrx_word' id='word_1_984' title='bbox 3399 5886 3498 5943; x_wconf 83' lang='lat' dir='ltr'><strong>de-</strong></span> 
     </span>
    </p>
   </div>
  </div>
