4084 6332
682 428 785 488 195

682 546 845 618 specti
875 562 979 601 non
1013 547 1440 616 indignarentur,
1472 541 1564 596 sed
1596 539 1832 594 cententi
1860 542 2049 589 essent
2079 531 2248 586 docto-

682 638 824 694 ribus
853 655 867 694 :
893 649 964 693 tta
993 653 1181 692 omnes
1212 634 1485 691 fervebant
1521 645 1643 700 erga
1676 640 1999 683 sermonem.
2027 623 2127 690 Qui
2158 633 2265 674 non

678 738 986 800 exspectato
1016 729 1171 786 laniis
1202 737 1460 798 tempore,
1487 723 1680 794 singuli
1709 737 1804 793 pro
1831 718 2080 774 facultate
2102 713 2264 768 mise-

680 830 822 876 runt.

748 915 801 968 5.
837 914 903 968 Et
932 914 1172 978 observa,
1204 911 1346 983 quod
1377 911 1515 966 inter
1536 908 1808 976 apostolos
1835 905 1950 960 aliis
1982 904 2082 958 hoc
2110 917 2261 957 com-

679 1004 944 1066 mittitur;
996 1005 1080 1060 hic
1121 1019 1248 1058 vero
1288 985 1482 1058 Paulus
1519 1010 1572 1056 et
1613 999 1881 1054 Barnabas
1917 995 2258 1063 deputantur.

678 1098 787 1154 Nec
813 1099 928 1170 sine
959 1097 1107 1168 gravi
1146 1112 1304 1152 causa
1342 1096 1392 1150 id
1425 1094 1692 1165 provisum
1723 1101 1804 1146 est
1830 1108 1842 1144 :
1869 1089 2104 1157 aliaquin
2135 1099 2262 1139 vero

679 1173 882 1243 initium
906 1196 1044 1255 erat,
1073 1196 1306 1258 tuncque
1339 1202 1442 1240 non
1469 1184 1750 1255 oportebat
1778 1179 1991 1235 offendi.
2026 1179 2092 1230 At
2123 1189 2262 1230 iiunc

677 1293 835 1332 nemo
869 1278 920 1332 id
957 1279 1113 1343 facit,
1144 1279 1268 1333 licet
1297 1277 1465 1331 fames
1499 1277 1568 1330 sit
1603 1275 1688 1329 illa
1715 1272 1945 1342 gravior.
1977 1268 2091 1323 Non
2117 1265 2259 1319 enim

675 1383 772 1436 par
809 1384 895 1422 res
936 1379 1019 1423 est
1062 1384 1402 1423 communem
1449 1367 1587 1421 ferre
1624 1364 2016 1423 calamitatem,
2050 1367 2100 1412 ct
2132 1357 2258 1411 dum

675 1471 864 1512 omnes
888 1457 1212 1512 abundantia
1237 1459 1501 1522 fruuntur,
1528 1453 1873 1525 pauperiores
1895 1460 2096 1506 tantum
2121 1449 2261 1502 fame

678 1551 938 1605 laborare.
973 1551 1121 1606 Tunc
1165 1549 1330 1603 fames
1360 1557 1478 1604 erat
1502 1589 1515 1612 ,
1548 1556 1602 1602 et
1640 1547 1729 1617 qui
1764 1545 1961 1600 dabant
2001 1553 2261 1612 pauperes

676 1640 805 1710 (Pro
835 1641 1074 1711 facultate
1099 1658 1190 1694 sua
1227 1641 1449 1712 singuli,
1477 1640 1670 1709 inquit)
1702 1657 1716 1692 :
1746 1653 1884 1692 nunc
1910 1652 2038 1692 vero
2064 1635 2258 1704 duplex

672 1744 752 1788 est
787 1733 976 1800 fames,
1009 1735 1146 1788 sicut
1175 1743 1228 1788 et
1254 1733 1450 1803 duplex
1480 1731 1802 1785 abundantia
1830 1746 1844 1782 :
1871 1729 2037 1783 faines
2061 1725 2255 1798 gravis,

676 1826 869 1891 fames,
906 1842 1011 1879 non
1048 1826 1295 1880 audiendi
1335 1827 1552 1880 verbum
1600 1823 1837 1888 Domini,
1871 1821 1964 1876 sed
1997 1837 2090 1890 per
2115 1822 2258 1874 elce-

672 1929 950 1987 mosynam
989 1917 1163 1970 cibum
1203 1915 1520 1984 accipiendi.
1567 1914 1717 1968 Tunc
1762 1923 1814 1966 ct
1850 1915 1936 1982 qui
1983 1912 2032 1964 in
2072 1909 2254 1964 Iudaea

673 2022 928 2075 pauperes
953 2017 1126 2073 erant,
1149 2017 1204 2061 et
1227 2006 1315 2077 qui
1346 2006 1640 2060 Antiochia:
1667 2004 1917 2074 pecunias
1943 1991 2253 2072 erogabant,

672 2098 809 2152 bono
838 2097 1147 2152 fruebantur
1173 2115 1186 2163 ;
1217 2106 1270 2152 et
1302 2097 1351 2150 hi
1387 2099 1554 2167 magis
1584 2113 1739 2168 quam
1770 2096 1842 2150 illi
1873 2113 1885 2148 :
1915 2109 2050 2148 nune
2078 2104 2255 2147 autem

668 2198 721 2242 et
751 2202 847 2242 nos
876 2199 926 2243 et
951 2204 1215 2259 pauperes
1245 2190 1296 2242 in
1327 2188 1464 2243 fame
1490 2206 1502 2240 :
1532 2189 1608 2242 illi
1632 2188 1773 2258 quod
1805 2185 2109 2242 necessario
2136 2184 2256 2239 cibo

671 2290 880 2349 egeant,
914 2296 1012 2335 nos
1038 2281 1177 2350 quod
1209 2280 1260 2335 in
1290 2283 1507 2350 penuria
1535 2281 1915 2335 misericordiae
1948 2280 2037 2333 Dei
2068 2278 2252 2332 simus.

672 2370 782 2424 lloe
806 2370 924 2425 cibo
953 2371 1083 2424 nihil
1106 2372 1273 2441 magis
1297 2371 1656 2425 necessarium
1681 2371 1855 2426 fuerit.
1883 2371 1978 2424 llic
2002 2384 2104 2422 non
2131 2367 2255 2423 sub-

666 2470 860 2516 euntur
888 2462 1056 2527 mala,
1089 2478 1208 2532 quae
1246 2477 1308 2517 ex
1353 2462 1628 2518 saturitate
1654 2463 1897 2516 oriuntur
1925 2478 1937 2515 :
1970 2462 2122 2530 hujus
2149 2460 2252 2515 cibi
2285 2513 2289 2516 .

669 2566 776 2606 non
805 2555 856 2605 in
888 2567 1158 2606 secessum
1184 2553 1444 2606 emittitur
1467 2567 1588 2621 pars
1614 2553 1864 2606 maxima.
1889 2552 2026 2606 Nihil
2055 2553 2254 2606 formo-

669 2645 780 2698 sius
803 2685 818 2710 ,
855 2644 983 2697 nihil
1015 2643 1401 2697 sanius.auima
1431 2660 1548 2712 qua:
1579 2644 1656 2698 sic
1691 2645 1887 2710 alitur;
1916 2643 2060 2697 omni
2091 2658 2254 2712 supe-

667 2734 776 2789 rior
802 2744 883 2788 est
910 2735 1117 2800 morbo,
1147 2735 1289 2786 omni
1318 2733 1478 2800 fame,
1511 2734 1652 2786 omni
1684 2734 1998 2802 intemperie
2024 2742 2076 2786 et
2101 2732 2257 2802 aegri-

667 2824 846 2879 tudine
879 2842 892 2877 :
922 2839 1079 2878 nemo
1119 2824 1263 2877 illam
1321 2838 1514 2894 capere
1554 2826 1786 2894 poterit;
1840 2824 1935 2879 sed
1975 2824 2110 2879 sicut
2151 2823 2249 2878 ad-

661 2916 990 2970 amantinum
1016 2930 1210 2984 corpus
1232 2930 1335 2969 non
1359 2916 1554 2970 ferrum
1578 2916 1785 2971 emdere
1799 2917 1957 2978 valet,
1983 2931 2087 2970 non
2110 2915 2250 2970 aliud

661 3008 870 3076 quidvis
899 3027 912 3062 :
941 3010 1019 3064 sic
1049 3024 1147 3062 nec
1180 3009 1411 3062 animam
1438 3009 1775 3078 eleemosyna
1804 3008 2065 3062 ﬁrmatam
2092 3009 2250 3077 quid-

663 3102 744 3154 vis
772 3115 965 3170 capere
998 3101 1211 3167 poterit.
1239 3099 1410 3166 Quid,
1441 3115 1656 3169 qua-so,
1691 3100 1834 3153 illam
1863 3115 2055 3168 capere
2086 3101 2252 3168 possit

664 3191 952 3262 umquam?
982 3192 1305 3261 paupertas?
1335 3191 1582 3256 lllinime;
1613 3193 1662 3244 in
1695 3193 1854 3260 regiis
1882 3193 2021 3246 enim
2055 3208 2252 3260 penna-

663 3285 754 3338 riis
796 3284 1096 3353 posita.est.
1143 3283 1223 3338 Au
1264 3283 1347 3336 fur
1382 3292 1435 3337 et
1475 3283 1654 3336 latro?
1685 3283 1788 3338 Sed
1819 3283 1938 3338 illos
1972 3284 2249 3352 perfodere

663 3377 894 3446 parietes
924 3391 1082 3430 nemo
1113 3376 1272 3430 valet.
1307 3378 1388 3430 An
1416 3376 1648 3430 vermis?
1679 3375 1783 3430 Sed
1818 3379 1916 3430 hac
1943 3376 2101 3430 etiam
2133 3392 2252 3444 per-

663 3469 801 3522 nicie
832 3467 1075 3538 superior
1100 3476 1184 3522 est
1209 3465 1298 3520 hic
1321 3467 1624 3521 thesaurus.
1651 3467 1731 3520 Au
1756 3467 1914 3520 timor
1938 3476 1991 3522 et
2018 3467 2250 3520 invidia?

661 3561 732 3612 At
759 3573 863 3611 non
898 3557 978 3612 his
1008 3558 1236 3627 capitur.
1281 3556 1657 3628 Sycolihantia:
1701 3569 1754 3612 et
1789 3558 2031 3612 insidiw?
2068 3557 2250 3627 Neque

662 3650 799 3717 illai;
831 3652 1108 3705 thesaurus
1136 3650 1330 3720 quippe
1353 3659 1434 3704 est
1465 3649 1788 3704 iuaccessus.
1822 3647 1926 3704 Sed
1957 3660 2108 3718 turpe
2135 3651 2248 3704 fuc-

663 3743 757 3806 rit,
790 3744 832 3794 si
866 3741 978 3795 haec
1007 3741 1179 3795 solum
1205 3758 1321 3811 qua:
1349 3742 1701 3813 eleemosyna:
1733 3741 1911 3795 insunt
1937 3741 2245 3808 ostendero,

662 3834 838 3888 missis
881 3835 943 3887 iis
980 3849 1100 3903 qua:
1143 3834 1409 3887 contraria
1448 3833 1549 3887 illis
1587 3841 1730 3886 sunt.
1762 3831 2071 3888 Non-modo
2103 3836 2243 3887 enim

664 3925 752 3977 illa
787 3925 854 3978 ab
894 3925 1039 3978 omni
1087 3924 1283 3978 invidia
1326 3935 1412 3978 est
1441 3925 1606 3979 libera
1629 3966 1644 3991 ,
1672 3924 1765 3979 sed
1797 3933 1849 3979 et
1877 3925 2246 3980 benedictione

661 4016 852 4070 fruitur
892 4016 1054 4069 inulta
1083 4015 1150 4069 ab
1180 4016 1244 4070 iis
1265 4056 1278 4080 ,
1309 4017 1398 4086 qui
1442 4015 1584 4070 iliam
1614 4016 1897 4087 accipiunt.
1928 4016 2076 4072 Sicut
2103 4018 2242 4072 enim

663 4107 935 4160 inhumani
966 4117 1018 4160 et
1045 4107 1292 4162 crudeles
1324 4123 1429 4161 non
1457 4107 1617 4162 laesos
1641 4107 1813 4161 solum
1847 4107 2044 4162 habent
2073 4107 2248 4162 inimi-

661 4213 790 4264 Cos,
819 4199 912 4253 sed
941 4201 1098 4252 etiam
1127 4193 1249 4265 eos,
1282 4199 1370 4269 qui
1402 4198 1528 4252 nihil
1568 4200 1691 4254 mali
1723 4200 1862 4268 passi
1895 4199 2050 4254 lazsos
2084 4200 2246 4255 misc-

663 4301 868 4353 rantnr,
899 4291 1322 4360 inhumanosque
1349 4301 1601 4346 accusant
1630 4310 1643 4346 :
1670 4294 1747 4347 sie
1771 4294 1863 4364 qui
1889 4294 2093 4364 magnis
2119 4293 2250 4348 affe-

661 4398 785 4438 cere
814 4384 985 4447 bonis,
1012 4400 1117 4439 non
1149 4400 1241 4440 eos
1266 4386 1352 4455 qui
1377 4401 1636 4456 accepere
1667 4396 1890 4455 tantum,
1915 4389 2006 4443 sed
2036 4399 2088 4444 et
2113 4391 2247 4449 alios

665 4473 860 4528 habent
884 4475 1205 4531 laudatores.
1234 4476 1369 4542 Quid
1402 4479 1467 4531 ah
1495 4479 1688 4533 invidia
1717 4481 1911 4535 liberos
1941 4483 2061 4536 dico
2088 4486 2138 4536 “2'
2165 4482 2247 4536 Ab

667 4566 1064 4621 insidiatoribus
1104 4569 1264 4621 etiam
1287 4611 1300 4634 ,
1333 4570 1534 4624 furibus
1570 4582 1622 4624 et
1661 4574 1919 4641 parietum
1949 4574 2247 4629 effr-actori—

667 4658 764 4713 bus
796 4661 1105 4716 liberantur.
1137 4661 1317 4732 Neque
1344 4661 1443 4717 hoc
1467 4664 1639 4718 solum
1668 4665 1807 4720 inest
1829 4667 1949 4721 boni
1976 4684 1990 4732 ;
2020 4668 2113 4722 sed
2142 4685 2246 4722 non

669 4753 827 4805 modo
854 4767 956 4807 non
987 4755 1239 4808 minuitur
1265 4754 1559 4810 substantia
1582 4799 1594 4821 ,
1625 4773 1810 4811 verum
1839 4760 1996 4813 etiam
2026 4771 2247 4830 augetur

666 4854 721 4899 et
753 4847 963 4898 crescit.
993 4843 1129 4911 Quid
1157 4847 1678 4905 Nabuchodonosnre
1715 4852 1957 4921 turpius?
1997 4853 2120 4921 quid
2153 4853 2248 4908 foe-

663 4935 827 4991 dius?
854 4936 978 5005 quid
1023 4937 1284 5007 iniquius?
1321 4938 1514 5007 Impius
1544 4951 1656 4994 erat
1688 4941 1846 4995 homo
1879 4959 1892 4994 :
1930 4943 2071 4997 mille
2108 4944 2246 4998 indi-

664 5030 743 5083 cia
764 5070 780 5094 ,
817 5029 961 5082 mille
990 5029 1137 5098 signa
1171 5030 1337 5097 vidit,
1371 5041 1424 5086 et
1464 5034 1777 5102 resipiscere
1808 5036 2005 5098 uoluit;
2035 5036 2126 5090 sed
2159 5037 2248 5090 Dei

667 5136 850 5175 servos
881 5139 930 5174 tn
961 5121 1226 5175 c:uninum
1252 5123 1448 5191 injecit,
1477 5125 1682 5178 etiamsi
1719 5135 1898 5192 postea
1928 5127 2246 5181 adoraverit.

664 5215 798 5281 Quid
838 5215 996 5285 igitur
1036 5215 1326 5284 propheta?
1366 5216 1474 5271 Rex
1499 5259 1513 5283 ,
1551 5217 1816 5271 consilium
1854 5236 2016 5272 nicum
2058 5221 2251 5288 placeat

667 5308 751 5363 tibi
783 5327 799 5361 :
826 5319 1029 5378 peccata
1061 5318 1148 5362 tua
1175 5309 1497 5380 eleemosynis
1518 5312 1722 5378 redime,
1751 5323 1796 5364 et
1824 5313 2110 5383 iniquitates
2141 5323 2253 5367 tuas

667 5400 1065 5455 miserationibus
1107 5419 1383 5473 pauperum
1414 5402 1590 5467 :forte
1628 5407 1717 5458 erit
1755 5408 1896 5459 venia
1934 5407 2127 5461 delictis
2155 5409 2254 5462 tuis

668 5490 826 5560 (Dim.
860 5493 911 5546 Ii.
943 5493 1057 5562 2i).
1094 5494 1215 5549 Il:cc
1243 5495 1313 5549 ita
1340 5496 1472 5550 dixit
1502 5512 1606 5550 non
1636 5497 1881 5551 dubitans
1910 5499 2084 5568 (valde
2110 5499 2249 5553 enim

671 5583 764 5639 sibi
797 5599 1106 5653 persuasum
1132 5587 1294 5656 erat),
1322 5589 1414 5641 sed
1446 5597 1499 5642 ut
1530 5588 1674 5643 illum
1710 5590 1758 5643 in
1787 5589 2040 5658 majorem
2069 5591 2249 5660 injicc'

669 5687 751 5733 ret
779 5679 1021 5732 timorem
1045 5721 1058 5743 ,
1086 5688 1139 5733 et
1169 5681 1418 5750 majorem
1453 5681 1566 5736 ha‘c
1601 5681 1823 5736 faciendi
1856 5684 2249 5740 necessitatem.

731 5818 749 5850 ι
785 5819 919 5871 Atius
940 5819 1062 5880 lucc,
1087 5817 1204 5883 quid
1228 5817 1286 5870 ab
1309 5819 1488 5871 invidia
1516 5820 1686 5874 liberos
1707 5821 1844 5884 dico,
1870 5821 2050 5871 omisit.

1351 422 1410 479 S.
1448 417 1724 477 JOANNIS
1761 409 2237 473 CllliYSOSTOStl
2275 407 2591 463 All‘ﬁlllliP.
2629 406 3162 466 CUNSTANTINOP.
3861 408 3946 465 196

2379 525 2511 580 Nam
2538 527 2582 580 si
2609 524 2926 581 affirmando
2963 525 3223 589 dixisset,
3255 523 3606 595 negligentior
3635 523 3723 578 ille
3751 522 3943 581 fuisstrt.

2371 615 2459 672 Sic
2485 625 2538 672 et
2563 631 2660 672 nos
2687 625 2811 671 tunc
2841 621 3072 673 maxime
3097 617 3354 688 quosdam
3384 632 3656 686 urgemus,
3682 634 3804 672 cum
3829 619 3938 673 dici-

2370 725 2487 764 mus
2514 701 2533 763 ε¹
2557 709 2781 765 Hortare
2812 710 2959 764 illum
2991 710 3184 774 talem;
3213 724 3314 765 nec
3336 709 3607 776 addimus,
3636 709 3786 764 illum
3812 713 3942 766 andi-

2371 811 2544 858 turum
2569 819 2788 871 prorsus
2807 819 2949 869 esse,
2980 805 3096 869 sed,
3123 803 3352 860 fortasse
3378 805 3682 860 auditurum
3711 825 3724 859 :
3750 822 3867 860 nam
3888 823 3943 861 ex

2367 893 2702 950 dubitatione
2742 895 2911 963 major
2946 905 3094 949 ortus
3132 894 3323 959 timor,
3358 897 3524 965 magis
3555 897 3802 966 impellit.
3835 897 3945 952 Ideo

2369 985 2421 1038 id
2454 986 2526 1039 illi
2557 1000 2662 1040 non
2692 986 3031 1040 manifestum
3061 987 3206 1041 fecit.
3236 986 3372 1054 Quid
3401 987 3579 1042 dicis?
3604 990 3835 1045 tantisne
3859 991 3947 1042 im-

2369 1077 2656 1147 pietatibus
2685 1079 2787 1132 erit
2820 1079 3016 1132 venia?
3045 1079 3239 1133 Etiam.

2443 1168 2606 1224 Omne
2631 1181 2892 1240 peccatum
2927 1182 3000 1226 est
3037 1173 3353 1244 eleemosyna
3383 1175 3612 1246 inferius.
3639 1208 3709 1216 —
3738 1178 3849 1232 Non
3873 1189 3947 1234 cst

2368 1274 2642 1334 peccatmn
2670 1307 2684 1330 ,
2717 1265 2857 1334 quod
2907 1282 3011 1320 non
3055 1269 3224 1337 possit
3266 1271 3602 1340 eleemosyua
3649 1286 3872 1341 purgare
3899 1281 3946 1326 et

2366 1359 2707 1429 exstinguere
2748 1374 2763 1412 :
2803 1375 2963 1414 omne
3011 1372 3284 1430 peccatum
3330 1373 3412 1417 est
3459 1364 3546 1418 illa
3593 1364 3946 1421 inferiuszad

2366 1466 2526 1507 omne
2552 1452 2745 1506 vulnus
2783 1451 3341 1523 aptumpharmacum
3370 1468 3470 1509 εει.
3504 1456 3640 1524 Quid
3677 1457 3948 1525 publicano

2366 1541 2641 1596 deterius?
2662 1543 2786 1597 llzec
2807 1545 2980 1598 nimiis
3005 1544 3299 1615 iniquitatis
3323 1547 3534 1600 occasio
3556 1557 3639 1600 est
3663 1565 3674 1600 :
3704 1548 3799 1602 sed
3823 1553 3948 1602 hanc

2367 1643 2536 1688 totum
2562 1635 2724 1689 abluit
2757 1635 3064 1691 Zacthteus.
3099 1637 3250 1699 Vide.
3280 1639 3550 1708 quomodo
3581 1640 3682 1694 hoc
3713 1639 3947 1695 ostendat

2363 1726 2630 1792 Christus,
2663 1742 2782 1782 Cltm
2810 1730 3017 1783 curavit
3044 1730 3373 1800 marsupium
3409 1730 3628 1797 habere,
3657 1740 3713 1785 et
3743 1741 3946 1799 portare

2363 1834 2425 1873 ea
2457 1835 2574 1888 quae
2601 1819 3044 1874 immittebantur.
3079 1821 3275 1877 Paulus
3299 1839 3508 1893 quoque
3535 1823 3663 1876 dicit
3697 1841 3710 1876 :
3738 1822 3946 1876 Tantum

2363 1919 2416 1964 ut
2444 1928 2722 1982 pauperum
2753 1929 2998 1967 memores
3029 1915 3187 1967 simus
3214 1913 3356 1982 (Gal.
3387 1914 3440 1968 2.
3478 1913 3565 1984 10)
3595 1931 3609 1980 ;
3639 1924 3693 1968 et
3736 1915 3786 1968 in
3818 1914 3951 1969 Scri-

2363 2006 2532 2071 piuris
2567 2006 2759 2074 passim
2790 2005 2887 2062 hac
2911 2007 2979 2062 de
3021 2023 3076 2062 re
3116 2008 3306 2077 agitur.
3343 2007 3568 2061 Pretium
3607 2008 3798 2062 animat:
3825 2008 3944 2072 tiri,

2363 2098 2563 2168 inquit,
2593 2100 2781 2154 divitia:
2810 2102 3029 2171 promite
3059 2099 3238 2169 (Prov.
3273 2102 3358 2156 15.
3395 2101 3449 2173 8)
3479 2120 3493 2166 ;
3525 2101 3772 2156 Christus
3800 2116 3945 2166 vero,

2364 2191 2426 2246 Si
2451 2192 2523 2246 vis
2549 2196 2798 2264 perfectus
2823 2209 2948 2258 esse,
2974 2195 3130 2247 vende
3152 2195 3321 2248 omnia
3343 2212 3455 2263 qua:
3475 2196 3646 2258 habes,
3670 2205 3718 2248 et
3741 2195 3810 2247 da
3829 2211 3948 2263 pau-

2361 2286 2584 2353 peribus,
2612 2294 2659 2337 et
2686 2285 2815 2350 veni,
2843 2301 3050 2354 sequere
3071 2303 3148 2340 me
3169 2287 3382 2357 (.‘llattli.
3417 2287 3501 2342 19.
3535 2288 3648 2359 21).
3676 2288 3806 2342 llmc
3834 2303 3947 2343 vera

2360 2377 2618 2445 perfectio
2647 2385 2747 2431 est.
2783 2377 3135 2449 Elecmosyna
3171 2394 3297 2434 vero
3334 2395 3437 2434 non
3482 2380 3724 2448 pecuniis
3756 2381 3911 2435 modo
3933 2422 3945 2446 ,

2359 2468 2453 2523 sed
2482 2468 2642 2523 etiam
2669 2469 2921 2538 operibus
2950 2479 3252 2525 exercetur.
3282 2470 3524 2540 Exempli
3553 2486 3738 2539 causa,
3771 2487 3950 2542 possu-

2360 2577 2479 2615 mus
2511 2563 2829 2629 patrocinari
2852 2603 2866 2628 ,
2900 2576 3182 2631 possumus
3213 2578 3427 2618 manum
3462 2565 3744 2634 porrigere
3772 2583 3786 2619 :
3817 2580 3950 2635 saepe

2362 2654 2712 2723 patrocinium
2746 2654 2863 2724 plus
2892 2656 3146 2723 servavit,
3177 2671 3335 2726 quam
3369 2658 3630 2726 pecunice.

2429 2745 2484 2800 4.
2530 2746 2879 2817 Eleemosyna:
2904 2748 3042 2801 modi
3068 2749 3213 2800 varii.
3230 2749 3429 2818 —Age
3456 2764 3584 2820 ergo
3616 2750 3666 2804 in
3692 2751 3942 2822 praiscuti

2359 2837 2536 2892 omnia
2577 2837 2936 2909 eleemosynm
2964 2853 3160 2908 genera
3193 2841 3510 2895 excitemus.
3544 2841 3708 2897 Potes
3741 2859 3837 2913 per
3867 2859 3948 2912 pe-

2358 2929 2586 2983 cunias?
2627 2929 2705 2986 Ne
2744 2930 2923 2999 segnis
2950 2940 3088 2984 esto.
3129 2929 3288 2986 Potes
3327 2947 3420 2989 per
3451 2933 3852 3003 patrocinium?
3879 2933 3950 2990 Ne

2359 3021 2527 3087 dicas,
2557 3023 2677 3088 quia
2702 3023 2943 3090 pecunia:
2974 3037 3079 3076 non
3107 3021 3322 3088 adsunt;
3349 3024 3452 3079 hoc
3483 3025 3617 3079 nihil
3647 3035 3756 3082 est.
3790 3025 3950 3081 Valde

2363 3129 2608 3183 magnum
2637 3113 2739 3168 hoc
2772 3129 2984 3184 quoque
3023 3125 3104 3170 est
3130 3136 3143 3171 :
3172 3131 3236 3169 ac
3275 3117 3319 3171 si
3353 3118 3631 3185 pecuniam
3667 3120 3913 3176 dedisses
3936 3163 3949 3187 ,

2359 3206 2438 3260 sic
2466 3205 2687 3260 affectus
2718 3215 2853 3260 esto.
2895 3206 3054 3261 Potes
3085 3208 3439 3263 ministrando
3464 3211 3695 3278 juvare?
3727 3213 3844 3268 Hoc
3882 3213 3951 3268 fa-

2357 3300 2486 3352 cito.
2518 3299 2760 3368 Exempli
2783 3301 2974 3370 gratia,
2995 3310 3108 3355 arte
3135 3300 3374 3356 medicus
3395 3302 3494 3356 es?
3520 3302 3769 3359 lnfirmos
3792 3321 3912 3360 cura
3937 3322 3950 3368 ;

2357 3402 2403 3444 et
2438 3390 2540 3446 hoc
2568 3407 2816 3462 magnum
2846 3403 2948 3447 est.
2995 3392 3152 3447 Potes
3181 3394 3408 3449 consilio
3432 3394 3668 3464 juvare?
3699 3396 3819 3453 lloc
3843 3415 3952 3452 om-

2359 3484 2506 3538 nium
2533 3485 2793 3554 optimum
2826 3495 2910 3542 est
2948 3497 3001 3543 et
3047 3487 3337 3544 maximum
3364 3529 3380 3554 ,
3415 3490 3698 3561 majusque
3746 3493 3950 3547 lucrum

2360 3575 2521 3630 habet
2553 3594 2565 3630 :
2603 3592 2706 3631 non
2735 3579 2876 3632 enim
2910 3579 3008 3634 hac
3030 3581 3113 3634 via
3153 3579 3350 3637 famem
3379 3623 3395 3648 ,
3442 3583 3537 3637 sed
3578 3587 3949 3652 gmvissimam

2357 3680 2582 3722 mortem
2607 3669 2778 3739 pellis.
2804 3670 2916 3725 Hoc
2934 3672 3163 3739 apostoli
3188 3673 3331 3734 bono
3355 3675 3494 3742 pleni
3520 3691 3741 3744 prorsus
3761 3689 3949 3733 erant:

2357 3764 2475 3818 ideo
2497 3766 2840 3834 pecuniarum
2869 3766 3299 3821 distributionem
3327 3767 3673 3825 inferioribus
3702 3773 3949 3825 commit-

2357 3857 2538 3910 tebant
2567 3897 2580 3919 ,
2613 3856 2738 3911 dum
2787 3871 3039 3912 sermone
3081 3857 3361 3927 juvabant.
3397 3861 3478 3914 An
3528 3873 3686 3930 putas
3735 3879 3949 3933 parram

2356 3962 2476 4002 esse
2503 3949 2919 4018 eleemosynam.
2943 3949 3174 4003 animam
3198 3952 3444 4018 anxiam,
3473 3953 3542 4008 de
3570 3957 3836 4011 extremis
3867 3972 3951 4025 pe-

2353 4042 2704 4108 riclitantem,
2743 4042 2906 4097 febris
2943 4043 3136 4098 ardore
3164 4041 3438 4099 detentam
3461 4087 3474 4111 ,
3509 4061 3536 4098 a
3571 4049 3767 4102 morbo
3799 4064 3952 4116 posse

2355 4134 2625 4190 liberare?
2654 4135 2811 4189 Verbi
2844 4136 3035 4204 gratia,
3066 4135 3218 4190 vides
3245 4137 3474 4190 amicum
3507 4139 3734 4192 avaritia
3763 4142 3952 4195 deten-

2355 4228 2509 4280 tum?
2538 4226 2788 4280 llliserare
2820 4228 3115 4281 hominem.
3159 4227 3463 4282 Suffocatur
3491 4229 3580 4286 ille
3602 4231 3627 4283 ?
3657 4231 3952 4302 Exstingue

2354 4319 2498 4374 illius
2529 4319 2725 4389 ignem.
2756 4320 2891 4386 Quid
2917 4321 3076 4390 igitur
3095 4320 3140 4375 si
3164 4335 3268 4375 non
3297 4321 3637 4391 obtemperet
3657 4324 3680 4376 ἲ
3700 4324 3786 4379 Tu
3816 4325 3953 4395 quod

2357 4423 2502 4468 tuum
2537 4421 2618 4468 est
2648 4410 2808 4466 facito
2828 4455 2843 4479 ,
2878 4429 2976 4468 nec
3007 4413 3225 4483 ignavus
3263 4414 3358 4469 sis.
3392 4414 3555 4470 Vides
3583 4431 3707 4470 eum
3748 4418 3805 4472 in
3835 4419 3952 4472 vin-

2353 4506 2488 4560 culis
2517 4505 2782 4559 detineri?
2811 4505 2828 4575 (
2855 4520 2974 4558 nam
3003 4506 3243 4574 pecunia:
3270 4521 3395 4562 vere
3424 4508 3636 4562 vincula
3667 4520 3798 4563 sunt
3823 4510 3864 4578 ).
3891 4511 3953 4564 ll-

2355 4599 2462 4651 lum
2490 4599 2596 4664 a:li,
2623 4598 2816 4664 invise,
2841 4598 3146 4662 consolare,
3177 4613 3204 4650 a
3235 4599 3464 4652 vinculis
3487 4600 3697 4668 eripere
3730 4615 3952 4656 conare.

2355 4693 2408 4749 Si
2452 4695 2618 4755 nolit,
2662 4707 2826 4763 penes
2867 4693 3014 4746 illum
3054 4692 3210 4761 culpa
3248 4693 3371 4746 erit.
3420 4690 3612 4746 Vidisti
3665 4695 3876 4749 nudum
3906 4705 3956 4748 et

2354 4785 2694 4856 peregrinum
2717 4786 2738 4837 ?
2770 4784 2969 4857 (nudus
2987 4783 3131 4838 enim
3150 4797 3276 4838 vere
3299 4791 3354 4838 et
3377 4784 3696 4853 peregrinus
3727 4786 3785 4839 in
3808 4787 3958 4840 caelis

2355 4888 2458 4944 est,
2493 4879 2581 4947 qui
2611 4886 2810 4933 rectam
2838 4877 2976 4930 viam
3011 4890 3115 4929 non
3151 4877 3349 4946 curat).
3384 4875 3586 4946 Recipe
3615 4877 3668 4930 in
3709 4878 3958 4934 diverso-

2359 4964 2495 5024 rium
2526 4980 2708 5037 tuum,
2739 4967 3076 5023 vestimentis
3111 4953 3325 5022 virtutis
3354 4967 3513 5022 indue
3544 4968 3692 5023 illum
3723 5009 3738 5032 ,
3789 4970 3859 5025 da
3889 4972 3958 5024 illi

2358 5063 2624 5118 civitatem
2657 5063 2709 5117 in
2749 5062 2901 5117 caelo.
2934 5060 3070 5128 Quid
3108 5075 3263 5130 ergo,
3297 5062 3341 5116 si
3376 5070 3428 5116 et
3457 5075 3559 5130 ego
3596 5061 3782 5117 nudus
3819 5067 3919 5119 sim
3948 5106 3958 5128 ,

2360 5154 2606 5224 inquies?
2635 5154 2886 5224 Teipsum
2924 5153 3082 5208 indue
3106 5153 3336 5222 primum
3365 5171 3376 5205 :
3410 5154 3454 5207 si
3491 5153 3635 5208 nosti
3661 5162 3714 5209 te
3754 5156 3958 5210 nudum

2359 5262 2478 5304 esse
2503 5292 2516 5314 ,
2550 5250 2705 5318 plane
2733 5248 2838 5302 scis
2867 5257 2918 5302 te
2940 5247 3089 5304 indui
3120 5256 3390 5315 Oportere.
3418 5246 3473 5301 Si
3503 5247 3771 5303 nuditatis
3802 5250 3959 5319 hujus

2361 5342 2573 5398 modum
2605 5343 2764 5405 nosti,
2791 5356 2950 5397 nosse
2978 5341 3200 5411 poteris,
3227 5356 3334 5412 quo
3352 5356 3484 5410 opus
3510 5343 3582 5396 sit
3603 5344 3956 5399 vestimento.

2359 5436 2495 5503 Quot
2519 5438 2770 5492 mulieres
2797 5437 2968 5492 serica
3006 5436 3320 5490 vestimenta
3353 5445 3594 5506 gestant.
3627 5437 3961 5508 virtutisque

2360 5532 2594 5586 vestibus
2637 5546 2854 5600 prorsus
2902 5530 3055 5584 nuda:
3090 5532 3260 5586 sunt?
3293 5531 3384 5585 llis
3431 5530 3550 5585 illas
3583 5532 3824 5587 vestiant
3865 5534 3959 5585 viri

2360 5622 2459 5674 sui.
2497 5621 2691 5677 Verum
2725 5638 2830 5677 non
2861 5621 3148 5677 admittunt
3175 5623 3294 5678 illas
3339 5632 3514 5677 vestes
3541 5663 3556 5685 ,
3590 5622 3690 5677 has
3724 5625 3964 5679 volunt?

2361 5713 2472 5769 lloc
2517 5714 2745 5784 primum
2793 5715 2990 5769 facito:
3033 5716 3243 5769 illarmn
3288 5715 3512 5769 vestium
3561 5717 3962 5784 concupiscen-

2363 5816 2484 5870 tiam
2513 5813 2616 5869 illis
2645 5809 2854 5867 insinua
2883 5824 2895 5874 ;
2925 5807 3150 5864 ostende
3183 5807 3285 5864 illis
3313 5807 3456 5878 ipsas
3486 5821 3607 5864 esse
3653 5810 3839 5864 nudas
3861 5853 3876 5876 ,
3902 5809 3966 5864 de
