4084 6332
155 389 264 444 19Ῑὶ
1237 385 1303 442 IN
1343 387 1520 444 ACTA
1561 379 2108 440 APOSTOIﬂRUM.
2159 379 2398 436 IIOMIL.
2438 379 2604 436 XXV.

231 513 300 572 γ’.
340 507 451 559 Καὶ
478 506 606 574 ὅρα,
658 507 742 559 ὅτι
770 509 826 559 ἐν
867 505 965 576 μὲν
997 507 1106 568 τοῖς
1133 505 1453 567 ἀποστόλοις
1482 504 1659 572 ἕτεροι
1689 499 1848 553 τοῦτο

146 594 571 665 ἐπιτρέπονται·
627 595 862 648 ἐνταῦθα
907 593 964 647 δὲ
1015 592 1228 655 Παῦλος
1256 593 1353 646 καὶ
1405 589 1714 661 Βαρνάϐας.
1771 588 1846 640 Οὐ

148 675 336 746 μικρά
388 675 447 729 δὲ
501 676 785 730 καὶτοῦτο
820 675 1104 746 οἰκονομία
1133 670 1203 747 ἦν
1251 674 1429 737 ἄλλως
1469 673 1525 726 δὲ
1563 671 1659 725 καὶ
1701 669 1848 741 ἀρχὴ

142 758 245 833 ἦν,
273 764 371 817 καὶ
400 763 540 829 τέως
574 765 677 818 οὐκ
705 763 812 818 ἔδει
859 762 1335 833 σκανδαλισθῆναι.
1406 761 1567 813 Ἀλλά
1596 758 1692 813 νῦν
1753 759 1849 810 οὐ·

143 851 265 914 651;
296 851 462 906 τοῦτο
498 854 663 915 ποιεῖ,
699 852 876 905 καίτοι
912 850 1068 921 λιμός
1124 851 1240 904 ἐστι
1269 847 1654 920 χαλεπώτερος
1702 845 1849 901 ἐκεί-

145 957 267 993 νου.
306 939 385 992 Οὐ
441 939 552 1011 γάρ
607 940 754 992 ἐστιν
804 940 918 993 ἴσον
952 941 1106 1011 κοινῇ
1159 939 1346 1010 φέρειν
1372 937 1473 1009 τὴν
1533 935 1847 1006 συμφορὰν,

146 1028 247 1081 καὶ
277 1029 503 1081 πάντων
531 1029 589 1080 ἐν
623 1025 857 1098 ἀφθονίᾳ
905 1027 1096 1092 ὄντων,
1132 1027 1260 1089 τοὺς
1295 1024 1660 1095 πενεστέρους
1706 1019 1848 1076 εἶναι

146 1115 210 1166 ἐν
242 1113 417 1184 λιμῷ.
456 1115 590 1167 Τότε
632 1113 794 1184 μόνον
843 1113 1001 1183 λιμὸς
1052 1107 1144 1184 ἦν,
1180 1111 1271 1166 καὶ
1300 1114 1348 1165 οἱ
1400 1110 1694 1173 δεδωκότες
1748 1108 1848 1161 πέ·

147 1218 318 1270 νητες
351 1201 582 1271 (Καθὼς
619 1200 938 1270 ηὐπυρεῖτο
976 1201 1084 1272 γάρ
1139 1217 1231 1267 τις
1279 1200 1482 1264 αὐτῶν,
1537 1198 1714 1269 φησί)·
1752 1195 1850 1250 νῦν

146 1287 205 1340 δέ
231 1287 397 1358 λιμὸς
420 1286 666 1354 διπλοῦς,
711 1287 965 1359 καθάπερ
1000 1289 1033 1358 ὴ
1067 1287 1301 1355 ἀφθονία
1328 1285 1514 1354 διπλῆ,
1550 1285 1712 1354 λιμὸς
1756 1300 1849 1353 χα-

147 1374 347 1440 λεπὸς,
379 1375 539 1446 λιμὸς
573 1376 636 1428 οὐ
669 1375 764 1428 τοῦ
798 1376 956 1444 λόγον
987 1374 1220 1429 ἀκοῦσαι
1274 1375 1505 1446 Κυρίου,
1567 1372 1703 1425 ἀλλά
1751 1371 1846 1424 τοῦ

145 1462 436 1534 τραφῆναι
488 1463 554 1515 δι’
608 1463 997 1534 ἐλεημοσύνης.
1063 1462 1198 1515 Τότε
1247 1463 1342 1515 καὶ
1399 1463 1446 1514 οί
1503 1462 1560 1512 ἐν
1613 1459 1847 1530 Ἰουδαία

148 1550 394 1620 πένητες
437 1550 773 1614 ἀπέλαυσαν,
830 1550 923 1604 καὶ
974 1552 1022 1603 οί
1053 1551 1111 1603 ἐν
1181 1548 1486 1619 Ἀντιοχείᾳ
1538 1547 1721 1610 εόντες
1779 1545 1848 1599 τὰ

131 1639 419 1708 ,χρήματα
455 1677 471 1701 ,
535 1639 630 1692 καὶ
693 1631 836 1691 οὗτοι
904 1638 1106 1708 μᾶλλον
1163 1637 1410 1691 ἐκείνων·
1477 1635 1595 1687 νυνὶ¹
1645 1634 1701 1687 δὲ
1755 1634 1849 1686 καὶ

147 1726 322 1796 ήμεῖς
367 1726 462 1780 καὶ
500 1728 548 1780 οί
598 1726 830 1797 πένητες
875 1728 932 1779 ἐν
965 1725 1128 1797 λιμῷ·
1164 1725 1214 1778 οἱ
1252 1725 1350 1796 μὲν
1396 1723 1497 1794 τῆς
1540 1722 1849 1791 ἀναγκαίας

145 1814 493 1885 ἀποροῦντες
524 1815 754 1885 τροφῆς,
783 1817 943 1886 ἡμεῖς
965 1815 1023 1869 δὲ
1044 1817 1103 1869 ἐν
1130 1816 1327 1869 σπάνει
1353 1812 1448 1866 τοῦ
1483 1812 1667 1874 ἐλέους
1696 1811 1848 1873 ὄντες

145 1902 244 1955 τοῦ
274 1902 440 1956 Θεοῦ.
493 1903 710 1973 Ταύτης
738 1903 796 1955 δὲ
839 1903 938 1973 τῆς
979 1903 1187 1974 τροφῆς
1220 1902 1373 1956 οὐδὲν
1419 1900 1846 1970 ἀναγκαιότερον

145 1989 352 2057 γένοιτ’
378 1989 465 2043 ἀν.
503 1991 618 2044 Οὐκ
649 1990 794 2044 ἔστιν
827 1990 1130 2061 ὑποστῆναι
1173 1990 1242 2044 τὰ
1270 1989 1378 2043 ἀπὸ
1402 1989 1501 2061 τῆς
1527 1986 1848 2057 πλησμονῆς

146 2078 321 2132 κακά·
358 2078 459 2131 οὐκ
484 2079 632 2131 ἔστιν
665 2079 746 2141 είς
797 2077 1087 2150 ἀφεδρῶνα
1138 2078 1495 2149 προχωρῆσαι
1537 2076 1599 2129 τὸ
1630 2074 1794 2128 πλέον
1819 2087 1845 2116 α

146 2165 364 2236 ταύτης
389 2167 488 2236 τῆς
524 2167 747 2238 τροφῆς.
784 2165 952 2221 Οὐδὲν
979 2165 1333 2236 ὡραιότερον,
1364 2164 1518 2218 οὐδὲν
1551 2163 1846 2232 ὑγιεινότε-

148 2272 244 2326 ρον
295 2255 482 2326 ψυχῆς
536 2253 681 2307 οὕτω
725 2253 1090 2325 τρεφομένης·
1129 2253 1314 2322 πάσης
1357 2253 1607 2323 ἀνωτέρα
1643 2252 1845 2323 ἔστηκε

147 2343 336 2407 νόσου,
371 2345 574 2407 παντὸς
601 2343 781 2413 λιμοῦ,
816 2345 995 2414 πάσης
1020 2343 1339 2413 ἀνωμαλίας
1369 2343 1462 2396 καὶ
1489 2342 1844 2414 δυσκρασίας·

145 2431 327 2494 οὐδεὶς
350 2431 520 2502 αὐτὴν
544 2420 830 2502 δυνήσεται
853 2431 1017 2486 ἑλεῖν·
1042 2430 1180 2485 ἀλλά
1203 2430 1454 2502 καθάπερ
1481 2418 1848 2501 ἀδαμάντινον

150 2519 317 2588 σῶμα
351 2518 414 2571 οὐ
457 2518 676 2590 σίδηρος
715 2517 916 2588 πλῆξαι
947 2517 1189 2583 δύναται,
1219 2518 1320 2570 οὐκ
1347 2516 1476 2570 ἀλλο
1503 2517 1673 2580 οὐδὲν,
1704 2517 1849 2570 οὕτω

146 2608 246 2661 καὶ
279 2606 465 2677 ψυχὴν
515 2605 626 2659 ἀπὸ
658 2605 1031 2676 ἐλεημοσύνης
1059 2608 1483 2677 συμπεπηγυῖαν
1522 2606 1677 2660 οὐδὲν
1709 2606 1848 2671 ὅλως

146 2696 448 2765 δυνήσεται
480 2694 640 2747 ἑλεῖν.
680 2694 746 2746 Τί
788 2694 918 2765 γὰρ,
946 2696 1069 2747 εἶπέ
1130 2712 1244 2765 μοι,
1283 2694 1488 2765 ταύτην
1521 2695 1848 2766 χειρώσεταί

148 2799 323 2848 ποτε;
368 2783 565 2847 πενίας
613 2783 725 2836 Οὐκ
772 2782 937 2836 ἔστιν·
976 2784 1033 2836 ἐν
1063 2783 1173 2853 γὰρ
1210 2786 1323 2848 τοῖς
1372 2783 1674 2853 βασιλικοῖς
1707 2783 1849 2838 ἀπό-

147 2888 338 2926 κειται
386 2872 656 2942 ταμείοις.
712 2871 872 2926 Ἀλλὰ
903 2871 1106 2946 λῃστὴς
1157 2873 1251 2925 καὶ
1289 2871 1658 2943 τοιχωρύχος;
1708 2871 1850 2925 Ἀλλ’

147 2961 401 3023 ἐκείνους
433 2959 608 3023 οὐδεὶς
659 2958 902 3030 διορύξαι
955 2961 1083 3023 τοὺς
1118 2961 1330 3030 τοίχους
1377 2955 1489 3024 οἷός
1543 2977 1625 3013 τε.
1688 2960 1849 3014 Ἀλλά

149 3047 408 3117 (numne;
447 3046 611 3100 Ἀλλά
642 3047 737 3100 καὶ
764 3047 970 3117 ταύτης
992 3045 1264 3118 ἀνώτερος
1300 3048 1401 3112 τῆς
1433 3047 1614 3119 λύμης
1642 3043 1796 3112 οὗτος
1823 3051 1851 3102 ό

149 3135 455 3206 θησαυρός.
494 3134 654 3188 Ἀλλά
684 3133 952 3204 βασκανία
983 3135 1078 3190 καὶ
1107 3134 1333 3204 φθόνοςς
1381 3125 1541 3189 Ἀλλ(
1562 3136 1683 3190 οὐδέ
1724 3136 1849 3190 τού-

148 3241 268 3289 τοις
300 3226 613 3280 ἀλίσκεται.
660 3225 822 3280 Ἀλλά
848 3225 1208 3294 συκοφαντίαι
1235 3226 1331 3278 καὶ
1361 3225 1683 3292 ἐπιϐουλαί;
1712 3226 1850 3280 Οὐδέ

147 3313 340 3366 τοῦτο·
372 3313 573 3378 ἀσυλος
604 3312 714 3385 γὰρ
742 3316 770 3368 ὁ
797 3313 1090 3385 θησαυρός.
1143 3313 1281 3367 Ἀλλ’
1322 3313 1548 3386 αἰσχρὸν
1577 3315 1627 3366 εί
1677 3313 1850 3368 ταῦτα

149 3400 414 3466 ἐπιδείξω
476 3401 614 3472 μόνα
653 3404 742 3473 τῇ-
777 3401 1117 3475 ἐλεημοσύνη
1147 3402 1441 3471 προσόντα,
1482 3401 1605 3471 οὐχιὶ
1652 3401 1708 3457 δὲ
1756 3402 1851 3454 καὶ

149 3489 444 3544 τάναντία.
496 3489 572 3542 Οὐ
629 3489 737 3560 γάρ
785 3488 850 3561 δὴ
907 3488 1206 3558 βασκανίας
1263 3489 1609 3560 ἀπήλλακται
1663 3489 1846 3560 μόνον,

146 3576 292 3631 ἀλλά
325 3578 425 3631 καὶ
458 3576 708 3645 εὐλογίας
731 3575 996 3631 ἀπολαύει
1023 3575 1227 3647 πολλῆς
1259 3576 1353 3629 καὶ
1403 3574 1555 3646 παρά
1582 3575 1691 3628 τῶν
1749 3576 1851 3629 οὐκ

147 3660 211 3720 εὖ
235 3663 649 3718 πεπονθόντων.
703 3664 918 3736 Ὠσπερ
946 3665 1056 3736 γὰρ
1101 3665 1152 3716 οί
1181 3664 1324 3734 ὠμοὶ
1372 3664 1470 3717 καὶ
1517 3664 1745 3734 ἀπηνεῖς
1785 3664 1847 3717 οὐ

145 3753 283 3816 τοὺς
314 3752 685 3823 ἠδικημένους
713 3752 930 3823 ἔχουσιν
960 3751 1192 3824 ἐχθροὺς
1225 3753 1412 3822 μόνον,
1444 3750 1582 3805 ἀλλά
1611 3751 1851 3815 καὶτοὺς

147 3843 308 3896 οὐδὲν
338 3842 617 3907 παθόντας
638 3841 1039 3910 συναλγοῦντας
1056 3841 1240 3904 αὐτοῖς
1260 3841 1356 3894 καὶ
1380 3839 1846 3912 κατηγοροῦντας·

149 3930 334 3994 οὕτως
356 3931 408 3983 οι
436 3929 649 4000 μεγάλα
681 3928 1051 4000 ἐργασάμενοι
1083 3927 1226 3982 καλά
1252 3929 1374 3998 οὐχὶ
1403 3929 1531 3992 τοὺς
1560 3924 1619 3982 εὖ
1645 3945 1850 3981 πεπον-

149 4015 319 4082 θότας
350 4017 537 4088 μόνον,
567 4017 702 4070 ἀλλά
747 4018 840 4070 καὶ
875 4019 1000 4079 τοὺς
1029 4014 1183 4070 οὐδέν
1220 4015 1494 4079 παθόντας
1516 4015 1670 4088 [205]
1698 4016 1852 4087 ἔχου-

151 4122 238 4160 σιν
282 4105 603 4169 ἐπαινέτας.
660 4106 726 4157 Τί
770 4102 914 4173 λέγω
959 4103 1288 4174 βασκανίας;
1318 4104 1432 4158 Καὶ
1477 4104 1854 4175 ἐπιϐου).ευόν;

147 4211 263 4249 των
282 4194 644 4258 ἀπήλλακται
663 4193 691 4233 ι)
716 4193 811 4246 καὶ
838 4192 1051 4265 λῃστῶν
1070 4193 1164 4246 καὶ
1197 4192 1566 4264 τοιχωρύχων.
1593 4195 1668 4248 Οὐ
1694 4193 1855 4248 τοῦτο

149 4278 269 4349 ἔχει
301 4277 469 4349 μόνον
497 4278 557 4330 τὸ
583 4275 770 4342 καλὸν,
807 4276 922 4330 ἀλλ’
976 4278 1056 4330 ἐτι
1095 4277 1234 4348 1:90;
1264 4277 1340 4348 τῷ
1366 4277 1441 4348 μὴ
1495 4276 1854 4331 ἐλαττοῦσθαι

149 4368 248 4421 καὶ
269 4365 502 4430 αὔξεται
537 4366 634 4419 καὶ
669 4366 750 4428 είς
783 4364 991 4436 πλῆθος
1052 4366 1351 4421 ἐπιδίδωσι.
1385 4365 1451 4418 Τί
1489 4365 1584 4420 τοῦ
1643 4366 1858 4422 Ναϐου-

149 4449 450 4526 χοδονόσορ
470 4451 696 4523 γέγονεν
720 4454 1109 4526 αἱσχρότερον;
1138 4453 1191 4506 τί
1210 4453 1645 4524 δυσειδέστερον;
1673 4454 1724 4507 τί
1748 4472 1855 4507 πα-

154 4540 584 4614 ρινομώτερονς
627 4539 858 4612 Ἀσεϐὴς
882 4541 910 4594 ὁ
935 4540 1221 4613 ἄνθρωπος
1252 4536 1342 4611 ἦν,
1382 4542 1552 4612 μυρία
1577 4543 1856 4613 τεκμήρια

151 4632 247 4685 καὶ
285 4631 496 4700 σημεῖα
545 4626 676 4688 εἶδε.
717 4628 812 4682 καὶ
849 4628 951 4682 οὐκ
989 4627 1258 4699 ἠθέλησεν
1321 4631 1659 4699 ἀνενεγκεῖν,
1715 4630 1856 4684 ἀλλά

148 4722 280 4785 τοὺς
314 4719 414 4773 τοῦ
450 4717 586 4772 Θεοῦ
643 4717 864 4783 δούλους
922 4720 1002 4781 είς
1059 4718 1288 4788 κάμινον
1323 4718 1598 4783 ἐνέϐαλεν,
1663 4721 1712 4773 εί
1760 4720 1855 4772 καὶ

153 4811 303 4883 μετά
325 4810 507 4866 ταῦτα
529 4811 932 4883 προσεκύνησε.
955 4812 1020 4864 Τί
1042 4806 1134 4865 οῦν
1157 4813 1185 4864 ό
1209 4813 1495 4884 προφήτης
1517 4829 1530 4878 ;
1563 4815 1852 4878 Βασιλεῖ),

151 4902 193 4971 ἡ
239 4898 458 4966 βουλή
502 4915 624 4968 μου
651 4899 927 4969 ἁρεσάτω
980 4913 1101 4954 σοι·
1143 4900 1252 4967 τὰς
1291 4901 1586 4969 ἁμαρτίας
1629 4916 1747 4956 σου
1786 4902 1857 4955 ἐν

151 4989 611 5059 ἐλεημοσύναις
638 4990 977 5058 λύτρωσον,
1011 4989 1112 5043 καὶ
1169 4989 1276 5055 τὰς
1329 4989 1586 5058 ἀνομίας
1636 5004 1756 5043 σου
1786 4990 1855 5043 ἐν

153 5076 496 5148 οίκτιρμοῒς
521 5076 817 5144 πενήτων·
852 5077 1001 5143 ἴσως
1033 5075 1208 5131 ἔσται
1238 5076 1564 5147 συγγνώμη
1598 5077 1723 5144 τοῖς
1743 5092 1856 5130 πα-

149 5165 522 5237 ραιττώμασί
547 5180 684 5220 σου.
715 5164 888 5219 Τοῦτο
935 5164 1110 5230 οὕτως
1143 5160 1320 5229 εἶπεν,
1356 5166 1457 5220 οὐκ
1491 5165 1856 5236 ἀμφιϐάλλων

156 5257 400 5327 (σφόδρα
432 5254 542 5326 γὰρ
569 5249 638 5325 ἦν
684 5253 1102 5324 πεπεισμένος),
1133 5253 1270 5309 ἀλλά
1323 5253 1650 5326 βουλόμενος
1691 5254 1857 5308 αὐτὸν

154 5349 238 5410 εἰς
273 5345 505 5415 μείζονα
537 5342 798 5414 ἐμϐαλεῖν
837 5342 1026 5413 φόϐον,
1060 5345 1156 5398 καὶ
1206 5343 1431 5396 πλείονα
1461 5343 1713 5413 ἀνάγκην
1761 5343 1856 5396 τοῦ

156 5433 346 5488 ταῦτα
384 5431 631 5501 ποιῆσαι.
659 5432 725 5484 El
759 5430 871 5503 γὰρ
902 5427 1057 5485 εἶπεν
1089 5429 1559 5501 ώμολογημένως,
1589 5429 1860 5484 ὐπτιώτεο

159 5541 257 5597 ρος
284 5521 356 5577 ἂν
383 5522 602 5590 ἐγένετο
627 5522 857 5584 ἐκεῖνος.
889 5519 1046 5575 Οὐτω
1097 5520 1192 5574 καὶ
1225 5520 1388 5590 ἡμεῖς
1409 5594 1418 5599 θ
1437 5519 1560 5572 τότε
1618 5519 1860 5590 μάλιστα

155 5611 418 5681 ὤθοῦμέν
447 5625 621 5672 τινας,
648 5608 778 5662 ὅταν
809 5607 1081 5678 λέγωμεν·
1131 5606 1521 5677 Παρακάλεσον
1550 5605 1642 5661 τὸν
1686 5605 1862 5669 δεῖνα,

157 5699 258 5753 καὶ
302 5697 380 5769 μὴ
413 5697 811 5766 ἐπαγάγωμεν,
853 5696 935 5750 ὃτι
966 5695 1186 5758 πάντως
1235 5693 1552 5760 ἀκούσεται,
1583 5693 1724 5760 ἀλλ’,
1778 5695 1862 5748 ὃτι

159 5791 301 5852 ῐσως
329 5784 643 5842 ἀκούσεται·
671 5784 778 5840 ὑπὸ
800 5783 910 5857 γὰρ
931 5785 1032 5855 τῆς
1077 5782 1547 5853 ἀμφισϐητήσεως
1595 5779 1801 5851 μείζων
1831 5783 1861 5836 ὁ

159 5877 334 5948 φόϐος
384 5875 700 5945 γενόμενος,
744 5873 947 5944 μᾶλλον
979 5873 1142 5927 αὐτὸν
1189 5872 1338 5926 ὠθεῖ.
1367 5871 1466 5925 Διά
1514 5869 1676 5925 τοῦτο
1699 5869 1860 5940 δῆλον

229 6025 258 6054 ⁸
305 6022 513 6082 Quidam
550 6022 800 6085 ἀφεδρῶνα
834 6023 1116 6081 τελευτῆσαι
1142 6021 1197 6070 τὸ
1217 6021 1375 6070 πλέον.
1443 6019 1472 6060 b
1494 6019 1637 6072 Alius
1675 6020 1858 6070 ἐπαινὲ-

162 6103 265 6144 τας.
299 6087 454 6134 Πάλιν
484 6086 581 6132 τῶν
611 6085 1013 6133 ἐπιϐουλευόντων
1041 6085 1362 6141 ἀπήλλακται.

3537 382 3647 437 196

1956 498 2088 549 αὐτὸ
2106 497 2205 548 οὐκ
2227 497 2476 566 ἐποίησε.
2498 496 2564 548 Τί
2587 495 2767 564 λέγεις
2791 512 2806 560 ;
2832 495 3106 558 τοσούτοις
3127 493 3474 566 ἀσεϐήμασιν
3497 494 3653 550 ἔσται

1960 586 2261 656 συγγνώμη
2287 603 2301 651 ;
2331 586 2457 642 Ναί.

2028 675 2145 728 Οὐκ
2170 675 2318 728 ἔστιν
2345 674 2569 746 ἀμάρτη
2579 691 2678 744 μα,
2704 673 2732 726 ὃ
2757 672 2834 744 μὴ
2859 671 3084 725 δύναται
3106 671 3406 744 καθαρίσαι
3429 672 3656 744 ἐλεημο-

1957 761 2112 833 σύνη,
2166 763 2195 815 ὃ
2257 762 2332 833 μὴ
2372 761 2597 816 δύναται
2630 762 2842 815 σϐέσαι·
2879 762 3028 813 πᾶσα
3077 759 3324 833 ἁμαρτία
3363 762 3655 834 κατωτέρα

1960 848 2157 921 ταύτης
2193 850 2416 922 ἕστηκε·
2470 850 2764 922 φάρμακόν
2797 850 2913 902 ἐστι
2948 847 3086 920 πρὸς
3120 850 3228 902 πᾶν
3256 848 3481 921 τραῦμα
3533 852 3654 903 ἐπι-

1952 939 2185 1008 τήδειον.
2225 940 2290 993 Τί
2322 940 2557 995 τελώνου
2592 941 2812 1010 χεῖρον;
2861 938 3051 1008 Πάσης
3082 937 3299 1001 ἀδικίας
3328 939 3478 992 ἐστὶν
3529 938 3656 992 ὑπό⁶

1954 1026 2124 1090 θεσις·
2161 1026 2298 1081 ἀλλά
2324 1025 2534 1099 ταύτην
2561 1029 2742 1081 πᾶσαν
2793 1017 3099 1095 ἀπενίψατο
3129 1026 3157 1078 ὁ
3191 1029 3481 1097 Ζακχαῖος.
3511 1027 3656 1097 Ὅρα

1953 1114 2074 1178 πῶς
2117 1117 2212 1169 καὶ
2263 1117 2292 1168 ό
2340 1115 2579 1187 Χριστὸς
2636 1114 2796 1176 τοῦτο
2828 1114 3090 1177 δείκνυσι,
3127 1113 3195 1166 δι’
3227 1107 3304 1167 ὧν
3348 1113 3655 1167 ἐσπούδασε

1953 1201 2343 1272 γλωσσόκομον
2370 1201 2537 1272 ἔχειν,
2567 1201 2664 1254 καὶ
2693 1200 2763 1254 τὰ
2825 1199 3135 1271 βαλλόμενα
3181 1199 3496 1270 βαστάζειν.
3544 1201 3656 1253 Καὶ

1954 1287 2170 1352 Παῦλος
2201 1289 2257 1342 δέ
2286 1304 2440 1359 φησι·
2471 1290 2682 1342 Μόνον
2707 1286 2827 1342 τῶν
2857 1288 3114 1357 πτωχῶν
3142 1289 3246 1342 ἵνα
3270 1289 3657 1359 μνημονεύωο

1946 1393 2084 1444 μεν·
2122 1377 2219 1429 καὶ
2246 1376 2416 1440 πολὺς
2452 1375 2731 1447 πανταχοῦ
2763 1376 2871 1429 τῶν
2894 1374 3129 1448 Γραφῶν
3166 1376 3309 1447 ὑπὲρ
3359 1376 3454 1430 τοῦ
3505 1377 3652 1449 πρά-

1951 1478 2165 1534 γματος
2201 1464 2394 1517 τούτου
2421 1467 2448 1518 ό
2471 1465 2649 1530 λόγος.
2687 1465 2924 1532 Λύτρον
2954 1462 3166 1535 ψυχῆς
3191 1463 3434 1532 ἀνδρὸς,
3465 1467 3655 1537 φησὶν,

1948 1557 1984 1614 ,ό
2008 1553 2164 1620 ἴδιος
2193 1553 2481 1620 πλοῦτος·
2512 1557 2606 1607 καὶ
2631 1557 2657 1607 ὁ
2686 1553 2946 1624 Χριστός·
2967 1556 3038 1607 El
3085 1553 3286 1619 θέλεις
3325 1553 3558 1622 τέλειος
3576 1551 3659 1608 ετ-

1950 1658 2071 1704 ναι,
2099 1641 2396 1710 πώλησόν
2425 1659 2544 1697 σου
2576 1660 2649 1696 τα
2681 1641 3060 1711 ὑπάρχοντα,
3093 1641 3195 1695 καὶ
3225 1641 3334 1708 δὸς
3368 1641 3653 1712 πτωχοῖς,

1951 1728 2048 1782 καί
2073 1728 2274 1798 δεῦρο,
2302 1730 2625 1785 ἀκολούθει
2650 1747 2773 1800 μοι.
2812 1730 2985 1783 Τοῦτο
3020 1729 3303 1801 τελειότης
3333 1731 3565 1795 εἰκότως
3603 1741 3654 1786 ο.

1965 1812 2340 1885 Ἐλεημοσύνη
2372 1813 2429 1867 δὲ
2463 1815 2566 1868 οὐκ
2588 1816 2648 1868 ἐν
2679 1815 2927 1886 χρήμασι
2946 1815 3160 1882 γίνεται
3185 1815 3367 1885 μόνον,
3394 1814 3533 1869 ἀλλά
3559 1815 3657 1869 καὶ

1949 1903 2009 1954 ἐν
2039 1903 2383 1973 πράγμασιν.
2418 1899 2546 1956 Οἷόν
2577 1920 2628 1956 τι
2652 1902 2818 1971 λέγω·
2855 1901 3012 1956 Ἔστι
3043 1903 3138 1956 καὶ
3179 1903 3504 1975 προστῆναι,
3537 1904 3656 1958 ἐστι

1951 1983 2054 2043 καῖ’
2065 1990 2225 2061 χεῖρα
2252 1989 2462 2062 ὀρέξαι·
2499 1990 2765 2054 πολλάκις
2785 1989 2883 2045 καὶ
2903 1991 3207 2064 χρημάτων
3232 1989 3500 2063 μειζόνως
3523 1991 3656 2048 ἔσω-

1951 2093 2044 2130 σεν
2078 2078 2110 2148 ή
2135 2076 2222 2130 διὰ
2250 2077 2601 2148 πραγμάτων
2627 2077 2965 2150 προστασία.

2024 2165 2086 2220 δ’.
2115 2165 2328 2219 Οὐκοῦν
2347 2167 2484 2238 φέρε
2508 2166 2687 2221 πάντα
2716 2168 3034 2239 κινήσωμεν
3058 2166 3150 2220 ἐπὶ
3172 2165 3268 2221 τοῦ
3298 2161 3569 2239 παρόντος
3585 2170 3655 2223 τά

1949 2254 2048 2324 τῆς
2109 2253 2485 2326 ἐλεημοσύνης
2533 2255 2672 2326 εῐδη.
2731 2254 2972 2309 Δύνασαι
3032 2253 3124 2308 διὰ
3170 2255 3517 2326 χρημάτων;
3560 2255 3653 2328 Μὴ

1948 2343 2117 2397 δκνει.
2146 2341 2386 2395 Δύνασαι
2407 2341 2495 2395 διά
2534 2344 2912 2414 προστασίας;
2962 2343 3056 2413 Μὴ
3087 2343 3271 2416 εἴπῃς,
3296 2342 3488 2414 ἐπειδὴ
3518 2346 3656 2416 χρή.

1955 2447 2100 2499 ματα
2125 2430 2224 2483 οὐκ
2254 2429 2396 2495 ἔστι,
2430 2430 2592 2484 τοῦτο
2623 2431 2779 2485 οὐδέν
2802 2433 2940 2486 ἐστι.
2975 2430 3193 2504 Σφόδρα
3221 2431 3315 2485 καὶ
3364 2430 3526 2485 τοῦτο
3566 2432 3657 2503 μέ-

1950 2533 2044 2586 γα·
2083 2518 2272 2592 ὥσπερ
2323 2519 2547 2590 χρυσίον
2595 2518 2866 2584 δεδωκὼς,
2915 2518 3060 2573 οὕτω
3113 2519 3376 2573 διάκεισο.
3413 2519 3654 2575 Δύνασαι

1949 2605 2039 2660 διὰ
2063 2606 2396 2679 θεραπείας;
2433 2607 2545 2661 Καὶ
2571 2607 2732 2661 τοῦτο
2756 2607 3007 2678 ποίησον.
3045 2601 3196 2672 Οἷον,
3256 2607 3441 2680 ἰατρὸς
3479 2603 3532 2662 εἴ
3555 2608 3655 2680 τὴν

1952 2697 2315 2767 ἐπιστήμην;
2389 2695 2784 2766 Ἐπιμελήθητι
2829 2694 3285 2767 ἀρρωστούντων·
3343 2695 3440 2749 καὶ
3493 2694 3656 2750 τοῦτο

1956 2786 2121 2857 μέγα.
2171 2785 2409 2839 Δύνασαι
2457 2784 2547 2838 διὰ
2583 2785 2933 2858 συμϐουλῆς
2989 2783 3180 2855 Πολλῷ
3227 2783 3387 2838 τοῦτο
3432 2784 3655 2838 πάντων

1957 2877 2164 2946 μεῖζον·
2194 2875 2334 2945 αῦτη
2367 2875 2595 2946 βελτίων
2628 2875 2870 2938 πάντων,
2909 2874 2942 2946 ἦ
2977 2875 3071 2928 καὶ
3118 2873 3342 2938 πλείων,
3402 2875 3513 2945 ὅσῳ
3561 2876 3657 2929 καὶ

1934 2965 2144 3033 μεῖζον
2171 2963 2286 3033 ἔχει
2317 2963 2377 3016 τὸ
2408 2962 2620 3036 κέρδος·
2659 2963 2719 3016 οὐ
2758 2962 2868 3034 γὰρ
2915 2961 3077 3033 λιμὸν
3111 2961 3282 3028 λύεις,
3319 2961 3458 3015 ἀλλά
3488 2961 3657 3017 θάνα-

1952 3071 2045 3107 τον
2080 3054 2340 3124 χαλεπόν.
2378 3054 2654 3124 Τοιαύτης
2685 3053 2781 3108 καὶ
2806 3054 2853 3105 οἱ
2885 3052 3178 3106 ἀπόστολοι
3209 3055 3275 3106 ἐκ
3330 3052 3659 3124 περιουσίας

1952 3137 2095 3212 ἦσαν
2119 3140 2596 3213 ἐμπεπλησμένοι·
2635 3140 2725 3194 διά
2768 3139 2931 3195 τοῦτο
2952 3141 3053 3213 τὴν
3073 3140 3182 3194 τῶν
3220 3142 3524 3212 χρημάτων
3543 3141 3660 3196 δια-

1953 3229 2126 3301 νομὴν
2154 3232 2266 3292 τοῖς
2303 3232 2420 3299 μετ’
2457 3230 2658 3292 αὐτοὺς
2688 3229 3064 3300 ἐνεχείρισαν,
3110 3229 3269 3281 αὐτοὶ
3295 3227 3393 3299 τὴν
3425 3229 3516 3282 διά
3545 3230 3659 3282 τῶν

1952 3315 2128 3386 λόγων
2175 3317 2328 3390 [906]
2383 3317 2852 3387 ἐπιδεικνύμενοι.
2913 3317 2985 3369 ’Ἡ
3038 3317 3247 3388 μικρὰν
3284 3315 3660 3387 ἐλεημοσύνην

1953 3402 2056 3457 οἴει
2089 3399 2454 3474 εἶναι,ψυχὴν
2501 3402 2892 3474 ἀπορουμένην
2943 3401 2995 3470 ἀ,
3050 3401 3479 3458 κινδυνεύουσαν
3527 3404 3661 3475 περὶ

1952 3490 2064 3544 τῶν
2109 3475 2378 3560 ἐσχάτων,
2413 3489 2520 3543 ὑπὸ
2572 3489 2876 3561 πυρώσεως
2908 3490 3304 3560 συνεχομένην,
3363 3489 3662 3561 δυνηθῆναι

1955 3579 2265 3645 ἀπαλλάξαι
2287 3580 2387 3649 τῆς
2419 3578 2575 3632 νόσου
2604 3595 2618 3644 ;
2643 3573 2789 3638 Οῒον,
2815 3578 2948 3648 ὁρᾷς
2977 3577 3134 3645 φίλον
3162 3576 3269 3631 ὑπὸ
3293 3576 3663 3650 φιλαργυρίας

1956 3668 2356 3739 κατεχόμενονς
2405 3667 2661 3734 Ἐλέησον
2715 3665 2810 3718 τὸν
2851 3665 3163 3737 ἄνθρωπον.
3221 3665 3660 3734 Ἀποπνίγεταις

1956 3754 2161 3808 Σϐέσον
2185 3753 2354 3807 αὐτοῦ
2386 3753 2447 3806 τὸ
2477 3752 2611 3824 πῦρ.
2649 3752 2714 3806 Τί
2745 3749 2860 3814 οῦν,
2901 3751 2968 3806 ἂν
2997 3752 3072 3824 μὴ
3132 3753 3420 3824 πείθηται;
3476 3754 3550 3806 Σὺ
3599 3753 3666 3808 :0

1957 3843 2157 3897 σαυτοῦ
2205 3842 2455 3911 ποίησον,
2506 3844 2603 3894 καὶ
2637 3841 2711 3912 μὴ
2760 3843 3135 3913 κατοκνήσῃς.
3194 3836 3351 3906 Εἶδες
3397 3842 3561 3896 αὐτὸν
3603 3845 3665 3898 ἐν

1953 3931 2176 4002 δεσμοῖς
2229 3929 2634 4000 κατεχόμενονξ
2669 3929 2867 4000 (δεσμά
2898 3931 3008 4002 γὰρ
3057 3929 3230 3994 ὅντως
3253 3929 3320 3984 τά
3349 3932 3663 4002 χρήματα.)

1959 4019 2196 4074 Ἀπελοε
2227 4021 2365 4090 πρὸς
2409 4019 2592 4082 αὐτὸν,
2640 4018 2940 4087 ἐπίσκεψαι
2980 4017 3167 4082 αὐτὸν,
3228 4021 3662 4092 παραμύθησαι,

1956 4111 2250 4182 πειράθητι
2297 4109 2407 4163 τῶν
2464 4108 2682 4179 δεσμῶν
2724 4107 3016 4162 ἀπολῦσαι.
3088 4109 3187 4161 Ἂν
3243 4109 3322 4180 μὴ
3375 4107 3660 4180 βούληται,

1956 4200 2056 4268 τὴν
2086 4198 2267 4252 αἰτίαν
2302 4197 2467 4261 αὐτὸς
2517 4197 2800 4267 ὑπομενεῖ.
2861 4193 3017 4259 Εἶδες
3046 4196 3255 4268 γυμνὸν
3304 4197 3400 4250 καὶ
3455 4196 3609 4264 ξένον
3642 4215 3661 4263 ;

1958 4288 2187 4358 (γυμνὸς
2241 4287 2351 4358 γάρ
2410 4285 2581 4350 ὅντως
2640 4287 2734 4339 καὶ
2770 4285 2921 4352 ξένος
2989 4287 3107 4339 ἐστὶ
3158 4286 3267 4340 τῶν
3326 4287 3574 4359 οὐρανῶν
3631 4289 3662 4341 ὁ

1959 4375 2075 4446 βίου
2132 4375 2297 4448 ὀρθοῦ
2355 4374 2432 4446 μὴ
2478 4374 2960 4447 ἐπιμελούμενος.)
2990 4375 3140 4430 Λάϐε
3198 4377 3280 4441 είς
3304 4377 3365 4430 :0
3405 4378 3663 4448 καταγώ-

1957 4483 2075 4534 γιον
2107 4467 2166 4519 :0
2190 4462 2307 4529 σὺν,
2346 4465 2610 4536 περίϐαλε
2656 4465 2853 4534 ἱμάτια
2882 4464 2951 4519 τὰ
2980 4467 3079 4536 τῆς
3125 4467 3352 4537 ἀρετῆς,
3376 4466 3465 4525 δὸς
3504 4468 3665 4523 πόλιν

1956 4557 2057 4630 τὴν
2079 4558 2137 4609 ἐν
2154 4555 2389 4627 οὐρανῷ.
2409 4555 2474 4608 Τί
2489 4551 2602 4619 οῦν,
2631 4554 2698 4608 ἂν
2717 4555 2827 4620 ἐγὼ
2841 4556 3048 4626 γυμνὸς
3063 4549 3129 4619 ὦ,
3149 4556 3284 4627 φησί
3306 4557 3446 4622 ﬂia}.
3465 4557 3662 4611 σαυτὸν

1959 4649 2179 4702 ἐνδυσον
2228 4647 2468 4719 πρῶτον·
2502 4647 2552 4698 εί
2583 4641 2733 4708 οἶδας
2766 4646 2849 4699 ὄτι
2884 4647 3093 4717 γυμνὸς
3149 4641 3222 4711 εἴ,
3289 4646 3509 4710 πάντως
3566 4649 3664 4703 καὶ

1959 4737 2041 4790 ὅτι
2077 4734 2363 4806 ἐνδυθῆναι
2406 4733 2647 4802 ὀφείλεις
2693 4731 2862 4795 οἶδας.
2895 4733 2960 4788 Εἰ
2986 4732 3194 4802 ταύτης
3247 4732 3409 4804 μόνον
3436 4733 3533 4803 τῆς
3561 4750 3661 4801 γυ-

1963 4825 2227 4896 μνότητος
2278 4821 2573 4876 ἐπίστασαι
2622 4820 2713 4874 τὸν
2740 4820 2965 4892 τρόπον,
2995 4821 3204 4893 δυνήσῃ
3226 4821 3431 4890 γνῶναι
3460 4821 3662 4893 ῥαδίως

1959 4913 2055 4967 καὶ
2109 4912 2211 4984 τὴν
2267 4911 2437 4982 αὐτῆς
2494 4908 2861 4979 καταστολήν.
2916 4908 3091 4963 Πόσαι
3147 4911 3411 4978 γυναῖκες
3454 4909 3663 4980 σηρικά

1963 5001 2157 5073 ίμάτια
2205 4999 2456 5071 φοροῦσι,
2486 4999 2694 5070 γυμναὶ
2719 4997 2777 5052 δὲ
2811 4998 2983 5062 ὅντως
3012 5000 3122 5052 εἰσὶ
3171 4998 3281 5054 τῶν
3322 5000 3428 5080 τῆς
3455 4998 3662 5069 ἀρετῆς

1962 5089 2478 5161 ἱματίων;Ταύτας
2510 5091 2560 5142 οἱ
2616 5087 2813 5160 ἄνδρες
2868 5086 3342 5158 περιϐαλέτωσαν.
3399 5087 3540 5142 Ἀλλ’
3598 5087 3660 5141 οὐ

1960 5178 2274 5251 προσίενται
2332 5177 2400 5231 τὰ
2448 5176 2642 5247 ἱμάτια
2682 5177 2888 5239 ἐκεῖνα,
2921 5173 3060 5228 ἀλλά
3111 5173 3287 5228 ταῦτα
3340 5173 3662 5246 βούλονται;

1961 5267 2135 5322 Τοῦτο
2187 5267 2407 5341 πρῶτον
2443 5266 2690 5336 ποίησον·
2728 5267 2809 5329 εἰς
2846 5264 2946 5335 τὴν
2996 5263 3297 5335 ἐπιθυμίαν
3349 5265 3521 5329 αὐτάς
3553 5264 3664 5318 τῶν

1963 5357 2198 5429 ἱματίων
2247 5354 2482 5408 ἐκείνων
2512 5354 2883 5424 κατάστησον,
2913 5351 3088 5416 δεῖξον
3125 5353 3206 5406 ὅτι
3263 5353 3473 5424 γυμναί
3528 5353 3662 5417 είσι,

1965 5443 2273 5515 διαλέχθητι
2302 5443 2434 5514 περὶ
2460 5442 2562 5512 τῆς
2599 5441 2836 5512 κρίσεως
2866 5441 2965 5511 τῆς
2999 5440 3333 5512 μελλούσης·
3365 5441 3508 5494 εἰπὲ·
3534 5441 3667 5495 Ἀλ-

1963 5533 2070 5586 λων
2100 5535 2233 5605 ἡμῖν
2267 5534 2386 5586 ἐκεῖ
2414 5530 2515 5594 δεῖ,
2549 5531 2609 5584 οὐ
2633 5530 2863 5584 τούτων.
2903 5529 2969 5584 EE
2996 5529 3053 5582 δέ
3083 5528 3368 5599 ἀνέχοισθε
3404 5545 3527 5598 μου,
3565 5531 3666 5582 καὶ
3751 5598 3753 5600 η

1962 5618 2074 5688 ἐγὼ
2095 5619 2194 5688 τὴν
2218 5616 2538 5686 γυμνότητα
2558 5614 2736 5679 δείξω.
2776 5614 2834 5667 ὐ
2859 5612 3087 5684 γυμνὸς,
3113 5612 3320 5683 ψύχους
3355 5613 3456 5684 μὲν
3485 5614 3663 5679 ὄντος,

1965 5707 2183 5778 πέπηγε
2217 5706 2314 5759 καὶ
2335 5704 2549 5776 τρέμει,
2575 5705 2672 5757 καὶ
2707 5701 3143 5773 συνεσταλμένος
3172 5701 3396 5769 ἕστηκε,
3425 5718 3663 5770 συναγα⁴

1964 5795 2078 5867 γὼν
2112 5796 2241 5859 τοὺς
2269 5794 2583 5866 βραχίονας·
2619 5792 2815 5862 θέρους
2842 5792 2899 5848 δὲ
2923 5791 3099 5857 ὄντος,
3140 5791 3242 5845 οὐκ
3294 5790 3398 5846 ἔτι.
3433 5791 3531 5844 Ἂν
3561 5789 3668 5843 τοί·

1965 5903 2058 5940 νυν
2102 5885 2260 5952 δείξω
2316 5883 2412 5938 καὶ
2460 5884 2588 5947 τοὺς
2646 5880 3013 5944 πλουτοῦντας
3044 5879 3266 5944 καὶτὰς
3325 5879 3666 5943 πλουτούσας

2030 6087 2051 6115 ο
2080 6082 2214 6133 Idem
2240 6080 2384 6131 τοῦτο
2407 6080 2725 6139 τελειότητος.
2794 6079 2822 6119 ἆ
2858 6080 2950 6130 Αὶὶἱ
2973 6079 3343 6143 άπερῥιμμένην,
