4088 6330
222 368 316 424 197

219 480 413 551 iudicio
434 478 626 534 futuro
650 478 862 534 dissere
888 495 902 543 ;
930 476 1017 531 die
1051 492 1064 528 :
1099 474 1232 529 Aliis
1250 472 1406 526 nobis
1432 471 1540 524 illic
1566 484 1700 539 opus
1722 478 1827 532 est,

224 588 327 626 non
358 572 539 626 hisce.
585 571 644 627 Si
675 586 765 626 me
811 570 992 623 feratis
1011 607 1025 631 ,
1055 581 1156 636 ego
1200 564 1494 618 mulitatem
1524 558 1825 614 ostendam.

223 666 408 722 Nudus
439 666 665 736 frigoris
712 676 953 733 tempore
995 661 1132 731 riget
1171 671 1224 713 et
1271 657 1490 720 tremit,
1524 661 1832 709 contractus

223 767 363 826 stat,
410 759 653 815 reductis
680 757 955 813 brachiis:
991 756 1042 809 in
1071 763 1260 808 aestate
1292 766 1417 804 vero
1447 765 1550 802 non
1587 749 1736 803 item.
1773 746 1828 801 Si

223 855 384 924 igitur
412 852 703 908 ostendero
721 849 915 905 divites
949 849 1091 902 viros
1109 856 1162 902 et
1187 844 1440 899 mulieres
1457 857 1522 897 eo
1543 841 1711 911 magis
1733 857 1830 894 nu-

220 946 320 1001 dos
346 961 490 1008 esse,
510 958 620 1014 quo
646 943 815 1013 magis
831 940 1169 1004 suntvcstiti,
1190 953 1258 992 ne
1289 951 1428 1005 a'gre
1459 935 1662 988 feratis.
1687 931 1824 1000 Quid

220 1055 373 1110 ergo,
402 1051 732 1106 quarso,cum
757 1036 826 1090 de
854 1035 1094 1105 gehenna
1124 1030 1284 1086 verba
1324 1029 1581 1084 faciemus
1607 1069 1621 1093 ,
1651 1027 1827 1096 deque

224 1127 509 1183 tormentis
543 1127 652 1180 illis
686 1144 698 1179 :
733 1141 910 1179 annon
941 1125 1110 1192 magis
1141 1121 1217 1176 illi
1261 1123 1433 1192 rigent
1460 1136 1524 1174 ae
1551 1129 1782 1175 trcnnmt
1809 1161 1822 1183 ,

221 1236 382 1290 quam
415 1219 542 1273 nudi
589 1219 707 1272 illi?
757 1232 934 1271 annon
964 1216 1156 1271 acerbe
1202 1214 1590 1284 ingemiscunt,
1622 1222 1676 1266 et
1706 1226 1827 1266 sese

219 1311 479 1365 damnant
504 1310 528 1362 ?
559 1309 697 1376 Quid
721 1323 850 1378 ergo
877 1347 891 1373 ,
925 1306 1142 1376 quando
1171 1306 1402 1376 aliquem
1435 1303 1636 1359 adeunt
1663 1312 1717 1356 et
1747 1303 1826 1356 di-

218 1413 350 1458 cunt
373 1444 390 1469 ,
442 1402 549 1456 Ora
590 1416 688 1470 pro
718 1415 803 1454 me
829 1416 842 1454 :
874 1413 1050 1452 annon
1092 1397 1281 1452 eadem
1309 1438 1324 1462 ,
1355 1412 1475 1466 qua:
1507 1396 1616 1459 illi,
1661 1395 1823 1448 verba

217 1493 546 1564 profenutt?
576 1494 644 1546 At
672 1506 814 1545 nunc
834 1533 847 1555 ,
884 1489 1008 1545 licet
1039 1488 1203 1543 multa
1235 1487 1552 1551 dixerimus,
1584 1487 1821 1539 nondum

215 1587 502 1641 manifesta
530 1594 611 1639 est
642 1583 853 1638 nuditas
879 1600 892 1634 :
928 1583 1035 1637 illic
1064 1597 1191 1636 vero
1219 1579 1500 1634 manifesta
1526 1579 1650 1632 erit.
1679 1579 1826 1650 Quo-

215 1680 378 1735 modo
427 1688 482 1734 ct
520 1693 625 1750 qua
667 1675 914 1732 ratione?
944 1676 1079 1730 Cum
1123 1675 1311 1730 sericis
1357 1673 1464 1728 illis
1495 1673 1731 1727 vestibus
1770 1681 1824 1727 et

213 1773 446 1844 gemmis
488 1771 702 1825 amissis
728 1812 743 1836 ,
791 1770 922 1824 solis
955 1769 1040 1824 vel
1071 1768 1285 1822 virtutis
1312 1766 1398 1822 vel
1438 1765 1552 1820 vitii
1584 1765 1823 1820 vestibus

210 1865 396 1920 amicti
427 1878 618 1918 omnes
643 1871 935 1917 cernentur
961 1878 974 1927 ;
1000 1876 1122 1916 cum
1155 1873 1419 1930 pauperes
1443 1857 1610 1929 gloria
1639 1858 1822 1912 amicti

211 1958 379 2012 multa
427 1955 838 2026 comparebunt,
880 1954 1074 2010 divites
1103 1967 1235 2008 vero
1272 1952 1401 2008 nudi
1443 1966 1508 2007 ac
1540 1961 1721 2022 turpes
1755 1951 1820 2005 ad

209 2050 474 2120 supplicia
509 2048 812 2102 trahentur.
842 2045 988 2115 Quid
1024 2045 1306 2101 delicatius
1341 2055 1457 2099 erat
1492 2043 1587 2098 illo
1612 2044 1778 2098 divite
1803 2084 1819 2108 ,

205 2143 297 2212 qui
327 2140 653 2196 induebatur
677 2139 952 2209 purpura?
971 2137 1099 2209 quid
1123 2138 1408 2207 pauperius
1436 2134 1678 2191 Laznro?
1701 2145 1819 2190 uter

207 2248 337 2303 ergo
384 2231 758 2287 mendicorum
807 2229 1113 2300 proferebat
1156 2228 1366 2284 verba?
1413 2239 1533 2283 uter
1575 2228 1725 2298 quasi
1765 2227 1819 2282 in

204 2323 540 2377 abundantia
584 2322 866 2394 degebat?
897 2321 952 2376 Si
995 2321 1117 2391 quis
1162 2321 1381 2376 domum
1428 2319 1610 2375 multis
1657 2328 1814 2374 ornet

202 2413 411 2478 aulaeis,
443 2415 560 2483 ipse
590 2428 720 2468 vero
751 2413 896 2466 intus
924 2412 1098 2466 nudus
1137 2413 1226 2476 sit,
1261 2410 1404 2482 quod
1439 2410 1695 2466 lucrum?
1722 2410 1812 2466 Sic

201 2515 256 2560 et
286 2505 608 2559 mulieribus
629 2504 826 2559 accidit
857 2522 870 2555 :
904 2504 1125 2558 domum
1151 2503 1351 2572 quippe
1376 2503 1591 2566 animae,
1621 2517 1819 2571 corpus

201 2598 347 2665 dico,
382 2598 568 2653 multis
590 2598 851 2654 decorant
870 2598 1200 2652 ornamentis
1221 2613 1234 2662 ;
1261 2597 1666 2652 materfamilias
1689 2611 1816 2651 vero

1167 357 1233 415 IN
1271 357 1450 414 ACTA
1495 350 2030 410 APOSTOI.0llUM.
2077 351 2307 408 ll0.\lll,.
2352 352 2538 408 XXVI.

3457 355 3556 409 198

1951 470 2094 524 intus
2125 469 2280 525 sedet
2309 472 2472 526 nuda.
2495 468 2849 525 Commodate
2879 469 3008 523 milii
3039 469 3233 524 animm
3262 472 3470 540 oculos,
3498 484 3556 529 et

1944 563 2224 617 ostendam
2253 562 2406 615 vobis
2427 561 2621 615 anima:
2650 561 2972 616 nuditatem.
3000 561 3129 628 Qute
3155 564 3299 616 enim
3322 573 3404 617 est
3431 565 3552 618 aui-

1943 672 2046 710 ma:
2072 655 2276 710 vestis?
2302 655 2486 710 Virtus
2511 664 2679 710 certe.
2711 654 2842 724 Quae
2860 655 3076 712 nuditas
3098 654 3125 710 ?
3151 655 3372 711 Malitia.
3404 657 3555 714 Sicut

1942 749 2085 802 enim
2134 748 2178 801 si
2211 748 2330 814 quis
2373 748 2603 802 liberum
2647 749 2956 818 quempiam
3010 757 3193 811 exuat,
3230 749 3551 814 erubescit,

1939 839 2278 895 contrahitur
2302 838 2519 908 et'fugit
2548 855 2563 894 ;
2593 839 2672 893 sic
2707 839 2751 894 si
2786 839 3023 893 animam
3057 839 3140 893 bis
3170 839 3414 894 vestibus
3445 856 3551 896 non

1940 932 2178 986 indutam
2217 932 2408 986 intueri
2435 931 2663 986 velimus
2690 972 2705 998 ,
2747 931 3023 986 erubescit
3065 931 3178 985 illa.
3211 930 3352 997 Quot
3393 943 3552 1002 putas

1938 1038 2081 1078 nunc
2111 1023 2316 1093 pudore
2340 1021 2501 1086 affici,
2532 1033 2586 1078 et
2628 1023 2681 1077 in
2714 1022 3040 1092 profundum
3083 1023 3420 1078 descendere
3446 1065 3459 1088 ,
3495 1036 3551 1078 ut

1937 1117 2088 1185 quasi
2118 1115 2404 1186 quodpiam
2439 1115 2802 1170 velamentum
2831 1124 3169 1186 quaerentes,
3204 1124 3264 1170 ut
3293 1131 3360 1171 ne
3385 1118 3548 1171 verba

1938 1208 2027 1262 illa
2062 1207 2326 1262 audiant?
2354 1206 2484 1274 Qua:
2512 1207 2816 1284 verohillius
2860 1208 2962 1262 sibi
3011 1207 3138 1262 mali
3167 1208 3400 1263 conscia:
3440 1223 3548 1262 non

1935 1309 2081 1360 sunt,
2111 1281 2660 1379 laztanturngaudent:
2689 1291 3047 1365 delectantur,
3085 1309 3139 1353 et
3166 1298 3234 1354 de
3261 1298 3419 1354 dictis
3445 1298 3548 1352 hu-

1931 1392 2167 1461 jusmodi
2216 1393 2534 1461 gloriantur.
2586 1391 2726 1445 Audi
2764 1390 2831 1444 de
2875 1390 3030 1444 beata
3078 1390 3300 1446 Thecla.
3348 1392 3443 1446 Illa
3494 1404 3549 1446 ut

1939 1487 2162 1540 Paulum
2194 1487 2438 1552 videret,
2473 1501 2665 1540 aurum
2693 1501 2848 1540 suum
2876 1485 3023 1539 dedit
3057 1503 3069 1536 :
3103 1495 3154 1538 tu
3189 1495 3245 1539 ut
3272 1485 3546 1541 Christum

1935 1579 2121 1633 videas
2145 1619 2157 1640 ,
2199 1591 2372 1648 neque
2402 1577 2619 1632 obolum
2650 1577 2866 1632 dederis
2895 1594 2909 1642 ;
2943 1576 3037 1631 sed
3087 1579 3301 1631 miraris
3328 1579 3545 1648 quidem

1936 1670 2078 1724 illius
2105 1679 2277 1740 gesta,
2315 1684 2414 1724 nec
2441 1670 2686 1722 imitaris.
2725 1668 2840 1724 Non
2871 1669 3026 1723 audis
3051 1711 3065 1732 ,
3097 1685 3256 1739 quam
3289 1671 3429 1725 beati
3463 1672 3544 1726 di-

1931 1773 2123 1818 cantur
2150 1763 2572 1820 misericordes?
2597 1761 2744 1816 Beati
2770 1763 3140 1826 misericordes,
3179 1765 3385 1833 inquit,
3409 1782 3540 1832 quo-

1933 1858 2071 1909 niam
2121 1857 2220 1925 ipsi
2260 1855 2665 1910 misericordiam
2717 1865 3088 1926 consequentur
3129 1855 3343 1928 (Matth.
3375 1859 3427 1913 5.
3457 1849 3534 1926 '7).

1932 1950 2083 2019 Quod
2113 1950 2318 2004 lucrum
2350 1965 2378 2004 a
2404 1950 2659 2022 pretiosis
2689 1951 2977 2005 vestibus?
3002 1952 3261 2021 quamdiu
3297 1953 3362 2006 ad
3400 1954 3541 2007 hunc

1929 2046 2182 2099 amictum
2213 2044 2583 2099 iuhiabimus?
2613 2045 2948 2099 Amiciamnr
2971 2046 3145 2115 gloria
3183 2043 3380 2100 Christi
3407 2089 3421 2114 ,
3455 2048 3542 2102 illa

1929 2138 2328 2208 pulchritudine
2354 2139 2789 2205 circumdemur,
2821 2150 2879 2193 ut
2904 2149 2959 2194 et
2988 2139 3076 2194 hic
3118 2139 3401 2194 laudemur
3425 2181 3439 2206 ,
3490 2152 3544 2195 ct

1934 2233 2045 2287 illic
2072 2242 2289 2290 :etcrna
2309 2247 2709 2305 consequamur
2740 2232 2904 2296 bona,
2933 2233 3104 2304 gratia
3129 2241 3182 2287 et
3214 2231 3544 2303 benignitate

1931 2326 2144 2381 Domini
2176 2325 2345 2381 nostri
2373 2324 2500 2380 Jcsu
2529 2323 2756 2386 Christi,
2786 2326 3002 2395 quicum
3037 2324 3181 2378 Patri
3228 2334 3281 2379 et
3317 2325 3539 2395 Spiritui

1930 2429 2120 2474 sancto
2149 2418 2342 2489 gloria,
2377 2419 2684 2487 imperium,
2720 2417 2919 2486 honor,
2948 2433 3093 2474 nunc
3114 2425 3169 2472 et
3194 2432 3413 2487 semper
3437 2458 3452 2484 ,
3486 2427 3542 2473 et

1932 2512 1982 2565 in
2012 2512 2210 2568 saecula
2231 2511 2576 2567 saeculorum.
2611 2513 2806 2566 Amen.

203 2719 3525 2748 ___________________________________________________._..

1562 2808 1916 2871 HOMILIA
1959 2806 2201 2868 XXVI.

202 2958 331 3013 CAP.
369 2956 456 3011 12.
492 2958 542 3011 l.
587 2955 689 3011 Illo
723 2965 893 3010 autem
919 2966 1140 3027 tempore
1162 2955 1297 3009 misit
1330 2954 1558 3009 Herodes
1586 2971 1677 3008 rex
1701 2972 1812 3008 nta-

273 3068 394 3116 nus,
437 3061 493 3104 ut
542 3051 784 3121 affligeret
830 3050 1079 3119 quosdam
1127 3049 1190 3101 de
1230 3047 1476 3102 Ecclesia.
1518 3047 1573 3100 2.
1612 3046 1809 3100 Occidit
1859 3055 1863 3066 '

272 3152 444 3196 autem
489 3141 742 3195 Jacobum
774 3145 987 3212 fratrem
1027 3139 1247 3193 Joannis
1285 3140 1478 3209 gladio.
1525 3140 1578 3194 5.
1627 3137 1810 3193 Videas

270 3245 442 3287 autent
463 3234 589 3304 quia
612 3233 829 3301 placeret
853 3230 1074 3298 Judtzis,
1103 3231 1341 3300 apposuit
1373 3239 1425 3283 ut
1455 3229 1808 3301 apprehende

267 3336 342 3379 ret
365 3336 412 3378 et
447 3324 682 3378 Petrum.
717 3322 882 3376 Erant
901 3331 1069 3376 autem
1095 3321 1204 3375 dies
1234 3323 1564 3392 Azymorum.

271 3419 322 3470 1.
366 3416 524 3483 Quod
558 3414 689 3468 illud
717 3413 847 3468 dicit
879 3413 1131 3482 tempus?
1161 3414 1313 3480 Quod
1327 3428 1465 3482 _mox
1485 3411 1809 3483 sequebatur

201 3509 406 3577 utique.
441 3506 547 3562 Sed
583 3505 669 3559 hic
695 3504 912 3575 quidem
947 3505 1050 3559 hoc
1087 3515 1265 3574 pacto,
1317 3505 1443 3559 alibi
1468 3520 1596 3560 vero
1627 3520 1802 3560 secus.

199 3599 328 3653 Cum
354 3599 503 3652 enim
533 3597 816 3651 Matthaeus
846 3596 1012 3662 dicit,
1046 3595 1113 3650 In
1144 3597 1320 3650 diebus
1350 3598 1454 3651 illis
1482 3600 1612 3651 renit
1636 3597 1804 3651 Joan-

199 3710 284 3747 nes
308 3693 598 3759 prwdicans
640 3690 658 3762 (
686 3689 876 3746 Matth.
908 3692 960 3746 5.
996 3693 1016 3745 l
1046 3691 1103 3761 );
1137 3707 1241 3746 non
1273 3702 1562 3761 sequentes
1590 3693 1705 3748 dies
1733 3694 1806 3748 si-

197 3784 436 3850 gnificat,
487 3781 582 3836 sed
627 3782 768 3847 illos,
802 3782 853 3836 in
881 3782 1076 3852 quibus
1122 3782 1235 3836 eri
1281 3783 1507 3855 contigit
1557 3783 1609 3838 id
1661 3783 1804 3854 quod

199 3874 473 3928 narrabat.
527 3873 638 3927 lloc
684 3875 883 3943 quippe
931 3889 1086 3928 more
1134 3874 1303 3928 utitur
1348 3874 1626 3943 Scriptura
1661 3875 1804 3930 :ali-

198 3967 416 4034 quando
457 3982 578 4035 qua:
606 3966 935 4034 subsequuta
981 3975 1107 4020 sunt
1139 3976 1356 4034 narrat;
1386 3967 1674 4038 aliquando
1704 3984 1803 4022 au-

199 4067 299 4112 tem
331 4073 454 4128 qua:
484 4067 669 4126 postea
699 4058 1057 4128 contigerunt,
1083 4073 1148 4112 ac
1185 4059 1230 4113 si
1259 4074 1380 4113 mox
1410 4069 1800 4130 sequerentur,

198 4163 464 4207 mentiset.
506 4151 649 4208 Bene
689 4163 865 4208 autem
910 4154 1058 4221 dicit,
1111 4154 1341 4210 Herodes
1385 4174 1476 4211 rea;
1503 4173 1519 4210 :
1549 4157 1633 4213 hic
1659 4158 1801 4212 enim

198 4262 299 4300 non
333 4257 451 4301 erat
479 4248 544 4312 is,
593 4248 682 4316 qui
712 4263 833 4302 cum
876 4249 1091 4304 Christo
1130 4261 1482 4305 memoratur.
1515 4250 1655 4306 Ecce
1700 4252 1802 4304 alia

200 4341 445 4394 tentatio.
478 4337 546 4392 Et
571 4339 712 4404 vide,
744 4340 884 4408 quod
913 4342 1064 4396 initio
1097 4342 1365 4406 dicebam,
1400 4343 1671 4412 quomodo
1717 4358 1803 4398 res

196 4441 506 4498 nectuntur,
559 4433 829 4502 quomodo
877 4449 971 4502 per
1013 4436 1246 4504 quietem
1299 4445 1354 4491 ct
1400 4451 1495 4505 per
1534 4452 1803 4490 aerumnas

196 4528 374 4580 omnia
405 4534 786 4581 contexautur.
813 4525 926 4580 Non
964 4526 1075 4596 jam
1099 4527 1269 4582 Judzei
1292 4568 1307 4594 ,
1337 4544 1444 4583 non
1471 4529 1758 4584 concilium
1785 4547 1800 4594 ;

196 4617 410 4673 sedrex
439 4617 683 4671 immittit
726 4632 939 4681 manus,
975 4627 1032 4673 ut
1059 4617 1279 4690 afigat.
1330 4620 1501 4690 Major
1541 4630 1798 4691 potestas,

195 4712 410 4781 gravius
431 4710 482 4766 bl
502 4702 654 4778 llu'm,
688 4712 918 4767 maxime
944 4713 1065 4782 quia
1101 4713 1167 4768 ad
1195 4714 1419 4784 gratiam
1468 4714 1798 4770 ludaeorum.

198 4803 399 4858 Occidit
426 4815 599 4859 autem
635 4804 886 4860 Jacobum
937 4806 1150 4876 fratrem
1191 4807 1410 4863 Joannis
1447 4810 1641 4880 gladio.
1673 4809 1801 4865 Sine

195 4913 353 4951 causa
383 4907 435 4951 et
466 4906 525 4950 ut
552 4913 680 4953 casu
706 4898 950 4969 contigit.
985 4899 1040 4954 Si
1069 4899 1188 4969 quis
1217 4914 1344 4955 vero
1371 4909 1597 4974 qurerat,
1634 4916 1730 4955 cur
1749 4901 1799 4955 id

196 4990 508 5059 permiserit
579 4989 755 5055 Deus,
809 4991 1261 5060 respondebimus
1309 4982 1424 5061 pro"
1458 4993 1564 5061 illis
1623 4993 1798 5063 ipsis:

197 5085 370 5153 primo
406 5083 646 5154 quidem,
683 5095 741 5138 ut
783 5086 1126 5153 persuaderet
1186 5087 1334 5156 ipsis,
1370 5103 1429 5142 se
1469 5089 1550 5142 vel
1592 5089 1800 5143 occisos

197 5178 515 5244 praevalere,
547 5185 602 5230 ut
636 5185 691 5231 et
733 5178 784 5231 in
825 5179 1102 5249 Stephano
1141 5182 1402 5252 contigit;
1455 5184 1712 5248 secundo,
1743 5195 1801 5240 ut

194 5266 347 5320 daret
374 5265 579 5322 ludatis
621 5268 833 5332 locum,
867 5279 1149 5342 postquam
1183 5273 1418 5328 furorem
1465 5289 1619 5329 suum
1645 5291 1799 5331 exsa-

196 5361 476 5424 tiaverant,
507 5359 856 5431 resipiscendi
884 5365 950 5419 ab
977 5366 1216 5427 insania;
1246 5370 1425 5434 tertio,
1460 5378 1517 5422 ut
1547 5371 1800 5425 ostende-

196 5465 281 5507 ret
788 5470 883 5510 sua
917 5457 965 5510 id
998 5456 1197 5512 factum
1228 5476 1368 5515 esse.
1413 5460 1602 5515 Videns
1629 5473 1797 5517 autem

195 5546 317 5613 quia
335 5547 554 5615 placeret
575 5547 796 5612 Judwis,
826 5553 1065 5621 apposuit
1095 5565 1145 5607 ttt
1182 5556 1586 5624 apprehenderat
1612 5568 1658 5610 et
1693 5556 1793 5611 Pe-

196 5647 344 5691 insin.
376 5636 422 5693 0
447 5641 857 5708 perversitatem
891 5644 1192 5713 ingentem!
1225 5649 1336 5713 Qua
1363 5648 1412 5702 in
1439 5664 1497 5703 re
1527 5650 1797 5718 gratifica-

197 5729 350 5783 batur
373 5731 521 5799 ipsis,
545 5732 726 5789 medes
754 5736 922 5804 gratis
949 5747 1003 5790 et
1035 5748 1240 5796 temere
1277 5741 1634 5811 perpetrans?
1663 5739 1794 5796 Erat

198 5832 358 5876 autem
399 5825 503 5879 dies
551 5824 884 5898 Asyntorum.
932 5829 1128 5887 lterum
1173 5832 1442 5904 superua
1477 5833 1792 5893 Judmorum

1921 2956 2192 3009 aceuratio
2225 2972 2237 3007 :
2265 2953 2514 3009 occidere
2533 2967 2639 3008 non
2662 2952 3038 3022 prohibebant,
3068 2952 3161 3008 sed
3184 2952 3271 3007 tali
3295 2962 3540 3023 tempore

1921 3049 2046 3102 talia
2076 3047 2377 3117 patrabaut.
2411 3048 2466 3101 4.
2504 3046 2666 3112 Quem
2706 3063 2822 3100 cum
2853 3047 3298 3118 apprehendisset,
3329 3047 3464 3102 misit
3484 3047 3539 3102 in

1916 3156 2191 3206 carcerem,
2218 3140 2422 3194 tradens
2448 3149 2673 3212 quatuor
2694 3140 3114 3209 quaternionibus
3138 3141 3374 3194 militum.
3410 3140 3537 3195 llaec

1915 3246 1982 3288 ex
2037 3231 2217 3286 furore
2255 3241 2309 3287 et
2362 3242 2509 3287 metu
2554 3231 2714 3287 facta.
2766 3231 2988 3296 Occidit,
3039 3233 3233 3302 inquit,
3278 3231 3532 3287 Jacobum

1915 3329 2126 3396 fratrem
2151 3324 2369 3379 Joannis
2392 3325 2587 3395 gladio.
2612 3325 2858 3379 Vidistin
2886 3324 3102 3378 illorum
3123 3324 3490 3381 fortitudinem
3513 3328 3536 3379 ?

1914 3415 1994 3470 Ne
2040 3417 2160 3485 quis
2211 3417 2356 3470 enim
2387 3416 2612 3481 diceret,
2650 3416 2771 3471 ideo
2816 3417 2961 3485 ipsos
3012 3416 3130 3471 sine
3182 3416 3422 3484 periculo
3475 3428 3533 3473 et

1916 3516 2065 3562 metu
2095 3518 2323 3562 mortem
2357 3508 2540 3572 adire,
2572 3508 2694 3578 quia
2746 3509 2887 3564 Deus
2925 3509 3149 3564 eruebat
3194 3512 3359 3580 ipsos,
3413 3512 3534 3567 ideo

1914 3599 2159 3668 permisit
2193 3610 2248 3654 ut
2277 3599 2656 3654 occiderentur
2679 3640 2693 3665 ,
2727 3600 3067 3670 maximeque
3117 3603 3391 3673 corypha-i
3421 3645 3434 3669 ,
3478 3614 3534 3658 ut

1913 3692 2200 3748 bomicidis
2243 3694 2577 3760 ostenderet,
2612 3694 2758 3764 ipsos
2793 3710 2966 3765 neque
3001 3696 3080 3750 sic
3127 3696 3395 3753 desistere
3433 3715 3531 3754 nc-

1912 3800 2016 3853 que
2041 3783 2332 3854 prohiberi.
2369 3786 2421 3840 5.
2454 3784 2642 3840 Petrus
2671 3787 2842 3856 itaque
2884 3789 3179 3841 servabatur
3201 3789 3251 3841 in
3284 3806 3484 3843 carcere
3512 3808 3528 3845 :

1912 3877 2078 3929 oratio
2126 3886 2295 3929 autem
2340 3877 2492 3944 ebat
2530 3879 2640 3931 sine
2663 3879 3045 3932 intermissione
3087 3881 3149 3933 ab
3187 3880 3419 3935 Ecclesia
3463 3883 3525 3936 ad

1914 3968 2076 4023 Deum
2106 3986 2198 4039 pro
2227 3988 2306 4026 eo.
2352 3971 2480 4024 Erat
2528 3980 2653 4026 tunc
2698 3971 2766 4025 de
2810 3973 2987 4042 capite
3033 3984 3328 4027 certamen.
3375 3973 3529 4043 Quod

1913 4064 2001 4119 ille
2031 4066 2243 4118 occisus
2271 4075 2438 4130 esset,
2466 4064 2516 4120 id
2542 4066 2787 4120 timorem
2815 4065 2918 4119 illis
2943 4067 3256 4130 incutiebat,
3291 4068 3531 4138 itemque

1911 4153 2052 4224 quod
2087 4154 2172 4209 hic
2203 4155 2256 4208 in
2285 4170 2560 4210 carcerem
2588 4156 2870 4227 eonjectus
2899 4169 3067 4212 esset.
3101 4159 3153 4213 6.
3179 4157 3304 4214 Cum
3353 4172 3528 4214 autent

1914 4247 2256 4315 producturus
2287 4264 2399 4301 eum
2426 4258 2552 4303 esset
2583 4247 2838 4315 Herodes,
2872 4262 3018 4304 nocte
3045 4252 3137 4305 illa
3173 4251 3359 4306 Petrus
3407 4256 3529 4306 dor-

1911 4339 2095 4394 miebat
2137 4342 2270 4394 inter
2313 4340 2442 4395 duos
2487 4342 2692 4404 milites,
2737 4343 2935 4397 vinctus
2982 4345 3172 4396 catenis
3213 4345 3451 4399 duabus:
3480 4356 3527 4400 et

1911 4435 2142 4488 custodes
2167 4446 2286 4488 ante
2316 4436 2501 4488 ostium
2540 4437 2888 4490 custodiebant
2919 4454 3200 4491 carcerem.
3237 4439 3288 4492 7.
3323 4437 3389 4492 Et
3416 4457 3528 4494 ecce

1910 4529 2121 4598 angelus
2155 4527 2366 4581 Domini
2393 4528 2607 4592 adstitit,
2633 4539 2678 4582 et
2707 4529 2878 4582 lumen
2907 4530 3108 4598 refulsit
3131 4531 3181 4583 in
3204 4529 3524 4595 habitacula;

1912 4636 2248 4689 percussaque
2272 4620 2430 4673 latere
2454 4619 2611 4685 Petri,
2642 4621 2878 4673 excitavit
2906 4622 3077 4686 illum,
3108 4624 3279 4677 dicens
3312 4641 3329 4676 :
3354 4624 3524 4696 Surge

1909 4713 2167 4766 velociter.
2200 4713 2262 4767 Et
2286 4715 2573 4769 ceciderunt
2606 4726 2799 4768 catena:
2831 4717 2967 4769 illius
2985 4716 3049 4769 de
3076 4716 3326 4771 manibus.
3361 4717 3516 4780 Vide,

1907 4807 1998 4878 illa
2033 4817 2191 4862 nocte
2224 4806 2396 4877 ipsmn
2433 4809 2653 4877 eripuit.
2689 4807 2756 4861 Et
2789 4809 2959 4862 lumen
2987 4810 3188 4878 refulsit
3229 4811 3280 4864 in
3325 4812 3524 4865 habita-

1911 4901 2045 4965 culo,
2079 4915 2143 4954 ne
2193 4911 2403 4969 putaret
2447 4916 2568 4954 esse
2615 4910 2888 4969 spectrum
2925 4920 2937 4955 :
2970 4902 3145 4956 lucem
3192 4917 3320 4957 vero
3362 4919 3522 4958 nemo

1912 4993 2042 5046 vidit
2074 5004 2272 5062 printer
2303 4994 2474 5046 illmn.
2513 4993 2735 5047 Etiamsi
2767 4993 2910 5047 enim
2944 4993 3047 5048 hoc
3075 4993 3145 5047 ita
3180 4993 3376 5048 factum
3403 4994 3521 5049 fue-

1909 5086 2010 5152 rit,
2042 5087 2089 5140 id
2126 5097 2302 5141 tamcn
2333 5088 2421 5142 ille
2451 5088 2785 5157 phantasiam
2819 5104 2940 5142 esse
2973 5089 3228 5159 putabat,
3256 5089 3396 5159 quod
3433 5106 3519 5144 res

1910 5178 2275 5245 illCXSllCCllil
2327 5191 2503 5244 esset;
2565 5181 2664 5233 nisi
2722 5181 2791 5234 ita
2849 5181 3045 5236 laetum
3090 5180 3298 5248 fuisset,
3350 5184 3519 5236 multo

1909 5272 2080 5338 magis
2123 5272 2489 5340 StISpicaturus
2527 5282 2641 5325 erat
2672 5288 2686 5324 :
2720 5273 2788 5325 ita
2836 5286 3024 5326 contra
3069 5283 3300 5328 mortem
3343 5276 3516 5329 aciem

1909 5363 2271 5439 instruxerat;
2300 5365 2458 5433 idque
2479 5366 2602 5434 quia
2627 5374 2909 5434 postquam
2937 5366 3120 5420 multis
3136 5367 3328 5423 diebus
3358 5367 3516 5421 isthic

1909 5468 2196 5518 manserat,
2231 5458 2464 5511 nondum
2493 5470 2710 5528 ereptus
2757 5457 2963 5513 fuisset.
2992 5459 3058 5514 Et
3089 5474 3221 5525 cur,
3273 5461 3508 5530 inquies,

1908 5565 2013 5604 non
2044 5551 2286 5619 permisit
2332 5552 2470 5605 Deus
2512 5562 2567 5604 ut
2614 5551 2665 5604 in
2712 5568 2903 5606 manus
2937 5553 3203 5607 incideret
3254 5553 3507 5615 Herodis,

1905 5653 1960 5699 et
1991 5653 2117 5700 tunc
2138 5645 2371 5713 eripuit?
2400 5644 2535 5711 Quia
2576 5645 2704 5698 illud
2754 5646 2804 5698 in
2834 5656 3117 5715 stuporem
3141 5641 3466 5715 conjecisset
3498 5663 3512 5710 ;

1906 5736 2009 5793 hoc
2035 5748 2215 5792 autem
2247 5754 2342 5807 pro
2365 5738 2470 5791 illis
2499 5737 2679 5794 (iebat.
2708 5739 2892 5810 Neque
2921 5741 3064 5794 enim
3100 5749 3340 5809 putatum
3381 5737 3513 5793 fuis-

1906 5845 1987 5891 set
2015 5833 2164 5908 ipsos
2187 5849 2325 5891 esse
2359 5834 2626 5902 homines,
2660 5835 2704 5889 si
2751 5835 2931 5890 omnia
2975 5835 3229 5890 divinitus
3266 5835 3526 5890 fecisset...
