4088 6330
606 350 701 402 199

597 470 749 522 Circa
774 463 1096 533 Stephanum
1118 469 1306 514 autem
1337 459 1460 529 quid
1492 474 1593 512 non
1626 456 1793 510 fecit?
1820 470 1996 509 nonne
2028 465 2165 506 tam-

599 571 753 627 quam
783 553 956 620 angeli
984 552 1183 606 vultum
1212 551 1290 604 eis
1319 547 1598 603 exhibuit?
1624 546 1757 612 Quid
1786 556 1962 599 autem
2007 553 2059 599 et
2088 543 2173 597 hic

598 657 741 701 retro
785 645 1028 699 relictum
1061 642 1182 697 est?
1223 643 1275 696 8.
1307 638 1449 694 Dixit
1478 647 1642 691 autem
1671 637 1877 706 angelus
1919 636 1987 688 ad
2013 651 2126 687 eum
2152 652 2171 690 :

597 736 860 806 Prceeinge
883 744 947 797 te,
981 745 1026 787 et
1056 734 1223 787 calcea
1254 742 1299 785 te
1318 731 1508 801 caligas
1528 742 1660 783 tuas.
1682 729 1775 782 llic
1806 728 1963 781 etiam
1994 734 2172 779 osten-

594 828 673 881 dit
700 841 809 880 rem
840 841 941 879 non
969 840 1036 879 ex
1061 824 1184 877 dolo
1221 822 1410 876 factum
1447 820 1610 873 fuisse
1645 836 1657 871 :
1688 833 1845 872 nemo
1868 818 2008 871 enim
2034 858 2047 882 ,
2080 832 2168 885 qm

596 920 819 973 festinus
850 916 1027 970 fodere
1055 916 1200 981 velit,
1236 924 1441 968 tantam
1462 913 1898 975 adhibetcuram,
1930 910 2166 965 utetiam

594 1010 787 1078 caligas
818 1006 1073 1075 accipiat,
1106 1014 1159 1059 et
1188 1021 1246 1059 se
1281 1006 1585 1073 praecingat.
1618 1002 1757 1055 Fecit
1783 1013 1949 1055 autem
1978 1002 2069 1055 sic.
2104 1000 2169 1053 Et

594 1100 723 1153 dixit
752 1099 828 1151 illi
851 1112 870 1151 .'
896 1095 1166 1151 Circumda
1195 1097 1281 1149 tibi
1310 1097 1651 1149 vestimentum
1697 1104 1856 1158 tuum,
1904 1103 1948 1146 et
1971 1108 2171 1160 sequere

598 1208 692 1245 nte.
725 1192 776 1246 9.
812 1190 877 1243 Et
918 1206 1144 1259 egressus
1184 1189 1477 1258 scqurbalur
1511 1203 1660 1241 eunt:
1687 1198 1732 1239 et
1772 1185 2013 1240 nesciebat
2053 1186 2169 1255 quia

600 1297 766 1335 verum
794 1292 896 1346 est,
924 1281 1057 1351 quod
1098 1280 1242 1347 ﬁebat
1266 1295 1354 1349 per
1374 1279 1641 1348 angelum;
1669 1276 1979 1331 existimabat
2002 1286 2168 1329 autem

594 1388 644 1422 se
666 1372 819 1423 visum
849 1372 1030 1424 videre.
1066 1369 1145 1425 10.
1178 1368 1516 1422 Transeuntes
1560 1377 1722 1421 autem
1772 1368 1984 1436 primani
2013 1376 2057 1419 et
2082 1382 2165 1419 se—

592 1463 805 1515 cundam
829 1463 1128 1525 custodiam,
1166 1469 1403 1514 venerunt
1443 1460 1509 1511 ad
1548 1468 1745 1527 portam
1775 1461 1989 1528 ferream
2011 1498 2025 1522 ,
2056 1473 2168 1527 quia

592 1554 725 1605 ducit
750 1553 816 1605 ad
834 1553 1227 1621 civitatem,qua:
1248 1534 1379 1603 ultro
1410 1561 1582 1617 aperta
1603 1560 1673 1602 est
1701 1550 1786 1602 eis.
1818 1548 1950 1603 Ecce
1977 1563 2165 1602 secun-

592 1644 716 1697 dum
745 1644 975 1713 signum.
1005 1643 1136 1697 Cum
1176 1642 1421 1696 discessit
1448 1642 1690 1711 angelus,
1740 1650 1866 1694 tunc
1908 1640 2168 1693 intellexit

593 1736 801 1790 Petrus.
834 1735 899 1789 Et
919 1745 1152 1790 exeuntes
1182 1745 1520 1803 processeth
1539 1737 1697 1788 vicum
1728 1751 1900 1799 unum,
1934 1745 1978 1786 et
2002 1736 2164 1787 conti-

592 1847 692 1883 nuo
722 1831 943 1883 discessit
972 1831 1177 1900 angelus
1208 1830 1267 1881 ab
1294 1846 1370 1882 eo.
1407 1830 1491 1882 Η.
1528 1828 1590 1881 Et
1622 1827 1800 1881 I’etrus
1828 1827 1894 1879 ad
1915 1844 1967 1880 se
2000 1842 2164 1878 rever-

589 1938 694 1985 sus,
719 1922 845 1974 dixit
874 1936 893 1975 :
925 1920 1076 1973 Nunc
1101 1924 1225 1987 scio,
1245 1922 1361 1990 quia
1385 1937 1492 1973 vere
1514 1921 1645 1972 misit
1660 1919 1905 1972 Dominus
1930 1920 2164 1988 angelum

590 2030 753 2077 suum,
784 2023 827 2067 et
857 2013 1035 2081 eripuit
1054 2016 1209 2067 mede
1233 2031 1381 2066 manu
1414 2012 1650 2079 IIerodis,
1675 2022 1719 2065 et
1743 2013 1803 2065 de
1824 2012 1959 2065 omni
1988 2028 2161 2080 exspe-

590 2109 803 2160 ctatione
823 2108 981 2177 plebis
1007 2084 1323 2160 Judceortim.
1356 2105 1505 2160 Nunc
1529 2108 1651 2171 scio,
1681 2104 1868 2174 inquit,
1891 2120 1994 2158 non
2018 2115 2159 2158 tunc.

590 2196 696 2250 Cur
726 2212 811 2252 res
841 2198 911 2251 ita
943 2198 1113 2267 agitur
1136 2239 1150 2261 ,
1200 2212 1295 2251 nec
1336 2198 1520 2251 Petrus
1570 2197 1620 2251 in
1668 2196 1740 2250 rei
1767 2205 1929 2265 gestae
1952 2210 2163 2249 sensom

591 2288 756 2353 venit,
789 2288 887 2343 etsi
914 2288 1001 2341 tali
1046 2287 1311 2342 frueretur
1347 2288 1658 2342 liberatione
1684 2327 1697 2353 ,
1730 2286 1940 2356 quando
1980 2300 2164 2339 omnes

590 2378 749 2431 soluti
776 2379 966 2433 erant?
990 2378 1282 2434 Confestim
1312 2379 1423 2432 vult
1451 2380 1596 2432 illum
1627 2378 1863 2442 liberari,
1897 2387 1950 2431 et
1975 2387 2159 2447 postea

589 2471 641 2523 in
667 2472 738 2524 rei
764 2485 975 2524 sensum
1010 2473 1211 2525 venire.
1240 2470 1389 2538 Quod
1426 2485 1550 2524 vero
1580 2481 1781 2525 calente
1812 2470 1878 2524 de
1921 2468 2164 2522 manibus

589 2561 702 2628 ejus
727 2562 1037 2627 ceciderint,
1070 2576 1314 2630 magnum
1339 2571 1451 2614 erat
1473 2561 1681 2630 signum
1712 2559 1851 2628 quod
1876 2574 1979 2613 non
2010 2557 2163 2629 fuge-

590 2662 689 2707 ret.
720 2652 804 2707 19..
836 2653 1264 2721 Consideransque
1288 2654 1419 2705 venit
1462 2652 1528 2704 ad
1554 2660 1755 2703 aontum
1785 2650 1966 2703 Maria:
1992 2651 2164 2703 matris

590 2743 825 2809 Joannis,
874 2745 957 2811 qui
1001 2744 1447 2814 cognominabatur
1475 2742 1708 2807 Marcus,
1738 2742 1821 2795 ubi
1849 2753 1988 2795 erant
2023 2744 2166 2795 multi

592 2836 877 2904 congregati
903 2844 947 2886 et
971 2843 1188 2887 orantes.
1218 2835 1302 2887 l3.
1335 2833 1580 2886 I‘ulsante
1606 2844 1768 2887 autem
1790 2832 1942 2887 Petro
1986 2835 2165 2889 ostium

532 2931 536 2935 '
590 2926 778 2997 fanum,
814 2926 1051 2992 processit
1075 2926 1241 2995 puella
1278 2927 1344 2977 ad
1370 2926 1698 2991 audiendum,
1737 2926 1936 2979 nomine
1962 2925 2158 2980 Rhode.

591 3015 676 3069 14.
712 3012 776 3067 Et
800 3024 849 3065 ut
870 3015 1095 3084 cognovit
1118 3030 1281 3067 vocem
1310 3014 1470 3080 Petri,
1490 3032 1595 3085 prae
1620 3017 1803 3083 gaudio
1836 3032 1935 3068 non
1968 3017 2165 3084 aperuit

590 3105 820 3176 ianuam.
861 3105 1136 3174 Perpende
1166 3106 1379 3160 Petrmn
1410 3123 1513 3160 non
1545 3109 1721 3160 statim
1753 3106 2028 3173 accedere,
2070 3108 2163 3161 sed

592 3196 738 3265 prius
791 3197 909 3250 lana
952 3198 1069 3251 suis
1103 3199 1367 3252 nuntiare.
1410 3199 1689 3251 Accurrens
1720 3210 1886 3252 autem
1924 3202 2167 3254 nuntiavit

593 3298 728 3342 stare
754 3286 961 3341 Petrum
987 3298 1100 3342 ante
1130 3291 1366 3360 januam.
1396 3290 1479 3344 15.
1510 3289 1602 3342 Illi
1635 3301 1799 3343 autem
1839 3292 2070 3343 dixerunt
2100 3292 2166 3343 ad

596 3394 703 3431 eam
724 3390 747 3432 .'
768 3378 989 3432 Insanis.
1017 3378 1121 3433 Illa
1145 3391 1312 3433 autem
1333 3381 1609 3450 afﬁrmabat
1631 3383 1701 3434 sic
1728 3399 1781 3436 se
1800 3382 1997 3437 habere.

662 3468 715 3522 2.
760 3469 891 3523 Vide
920 3479 973 3523 et
1001 3471 1218 3523 ancillas
1248 3471 1438 3539 pietate
1471 3472 1669 3539 plenas.
1702 3473 1815 3527 Prae
1845 3474 2035 3542 gaudio
2061 3490 2164 3528 non

594 3561 801 3628 aperuit
831 3561 1021 3613 ostimn
1051 3575 1065 3624 ;
1098 3560 1168 3612 illi
1200 3576 1325 3614 vero
1357 3576 1414 3614 re
1444 3563 1513 3614 ita
1543 3574 1694 3632 gesta
1724 3564 2037 3618 renuebant.
2061 3564 2167 3618 Illa

591 3649 865 3719 afﬁrmabat
902 3650 973 3703 sic
1000 3666 1051 3703 se
1082 3649 1280 3703 habere.
1330 3649 1421 3703 Illi
1449 3663 1613 3705 autem
1643 3653 1901 3717 dicebant,
1945 3655 2165 3725 Angelus

591 3740 699 3808 ejus
728 3750 817 3793 est.
872 3741 958 3795 16.
1004 3738 1185 3794 Petrus
1224 3755 1339 3794 vero
1382 3744 1720 3810 perseverabat
1764 3744 1990 3817 pulsans.
2038 3742 2165 3799 Cum

592 3841 753 3885 autem
783 3834 1091 3899 aperuissent
1116 3872 1130 3895 ,
1163 3833 1390 3885 viderunt
1420 3849 1564 3896 eum,
1596 3843 1643 3887 et
1675 3835 2051 3905 obstupuerunt.
2077 3837 2162 3889 17.

593 3924 831 3978 Annaeus
863 3935 1027 3979 autem
1060 3926 1131 3976 eis
1159 3940 1310 3977 manu
1340 3934 1393 3977 ut
1424 3936 1638 3979 tacerent
1663 3967 1677 3992 ,
1709 3930 1929 3980 narravit
1955 3929 2025 3979 eis
2046 3945 2167 3995 quo-

595 4016 743 4067 modo
790 4014 925 4069 Deus
955 4014 1206 4069 eduxisset
1237 4032 1348 4069 eum
1378 4016 1438 4069 de
1470 4033 1686 4083 carcere,
1721 4018 1943 4085 dixitque
1965 4035 1983 4072 :
2014 4018 2165 4071 Nun-

595 4108 713 4160 tiate
736 4107 925 4161 Jacobo
950 4118 994 4161 et
1024 4105 1264 4176 fratribus
1291 4108 1417 4161 licec.
1446 4108 1510 4160 Et
1540 4125 1764 4178 egressus
1788 4111 1908 4163 abiit
1937 4112 1983 4163 in
2010 4112 2167 4164 alium

595 4199 775 4252 locum.
822 4199 1140 4269 Repetamus
1171 4200 1328 4268 igitur
1356 4201 1545 4253 seriem
1574 4202 1907 4256 narratiOnis.
1940 4202 2041 4255 Illo
2071 4220 2166 4255 au-

598 4300 696 4343 tem
746 4299 998 4359 tempore,
1050 4291 1243 4359 inquit,
1294 4291 1425 4343 misit
1468 4290 1693 4346 IIerodes
1729 4310 1815 4346 rex
1851 4310 2030 4347 manus
2059 4335 2073 4359 ,
2115 4302 2167 4346 ut

596 4381 828 4451 afﬂigeret
859 4380 1098 4450 quosdam
1134 4383 1195 4433 de
1228 4380 1471 4434 Ecclesia.
1518 4382 1676 4447 Quasi
1718 4383 1825 4437 fera
1872 4392 2071 4439 temere
2115 4394 2169 4439 et.

596 4473 715 4525 sine
760 4486 916 4524 causa
960 4487 1145 4526 omnes
1187 4471 1404 4525 invadit.
1455 4471 1565 4525 lloc
1612 4482 1726 4537 est,
1777 4474 1916 4543 quod
1960 4474 2165 4530 dicebat

595 4562 839 4617 Christus
868 4580 881 4616 :
916 4563 1133 4617 Calicem
1155 4605 1168 4625 ,
1206 4581 1350 4635 quem
1382 4581 1470 4633 ego
1501 4565 1741 4619 bibiturus
1779 4584 1889 4620 sum
1909 4608 1924 4633 ,
1957 4568 2126 4622 bibetis
2150 4585 2169 4623 :

596 4656 641 4699 et
664 4648 911 4716 baptismo
928 4689 943 4711 ,
968 4664 1065 4716 quo
1086 4664 1175 4717 ego
1190 4648 1434 4717 baptizor,
1470 4649 1839 4719 baptizabimini
1868 4651 2053 4721 (Marc.
2080 4653 2165 4707 10.

598 4736 707 4805 '59).
759 4736 953 4790 Occidit
977 4746 1141 4792 autem
1161 4779 1175 4806 ,
1206 4739 1373 4808 inquit
1394 4781 1407 4804 ,
1438 4738 1681 4792 Iacobum
1721 4744 1927 4809 fratrem
1957 4741 2170 4797 Joannis

599 4829 786 4896 gladio.
820 4829 885 4882 Et
911 4844 1007 4884 cur
1029 4870 1042 4896 ,
1077 4831 1312 4900 inquies,
1348 4848 1449 4885 non
1482 4832 1656 4885 statim
1692 4833 1905 4887 Petrum
1936 4835 2170 4890 occidit?

598 4918 821 4971 Causam
864 4922 1091 4987 scriptor
1130 4922 1281 4976 all'ert
1322 4939 1334 4975 :
1390 4922 1549 4976 Erant
1593 4926 1723 4976 enim
1752 4965 1766 4991 ,
1814 4925 2015 4993 inquit,
2064 4926 2170 4980 dies

599 5010 943 5083 Azymorum:
980 5019 1034 5065 et
1063 5011 1176 5079 ejus
1204 5028 1384 5065 necem
1415 5015 1622 5067 volebat
1654 5032 1772 5069 eum
1806 5016 1989 5082 majori
2020 5018 2168 5071 cele-

602 5101 794 5155 britate
828 5101 962 5154 fieri.
1007 5102 1084 5156 Illi
1129 5103 1285 5170 igitur
1315 5104 1383 5157 ob
1422 5105 1832 5161 admonitionem
1863 5108 2169 5166 Gamalielis

596 5189 703 5256 jam
756 5206 783 5242 a
834 5191 1070 5247 cardibus
1117 5194 1488 5260 abstinebant;
1542 5197 1774 5267 alioquin
1825 5214 1950 5253 vero
1998 5216 2169 5270 neque

606 5294 795 5335 causas
826 5282 1201 5345 inveniebant;
1235 5284 1327 5340 sed
1363 5301 1455 5353 per
1482 5285 1612 5341 alios
1640 5302 1699 5340 ea
1745 5289 1854 5357 ipsa
1895 5290 2168 5345 machina-

603 5370 812 5425 bantur.
856 5372 989 5437 Quia
1021 5390 1144 5428 vero
1170 5377 1301 5429 alius
1331 5388 1444 5431 erat
1472 5378 1717 5443 .lacobus,
1749 5382 1909 5436 frater
1938 5384 2165 5449 Domini,

604 5460 722 5514 ideo
751 5464 1041 5533 designavit
1068 5466 1253 5521 dicens
1277 5509 1291 5532 ,
1330 5467 1563 5522 Fratrem
1595 5469 1830 5543 Joannis.
1874 5475 2058 5529 Viden'
2087 5492 2169 5531 re.

603 5567 720 5605 rum
751 5570 1009 5612 summam
1056 5574 1218 5629 penes
1248 5560 1345 5614 hos
1388 5570 1494 5616 tres
1543 5562 1736 5629 fuisse,
1771 5568 1998 5622 maxime
2044 5583 2168 5623 vero

604 5660 766 5713 penes
798 5648 1009 5704 Petrum
1044 5662 1097 5706 et
1125 5652 1421 5707 Jacobum?
1454 5654 1565 5708 lloc
1593 5656 1820 5712 maxime
1850 5661 2168 5715 condemna-

607 5734 677 5787 tio
722 5734 926 5792 illorum
969 5750 1100 5797 ent.
1130 5742 1245 5798 Non
1274 5744 1413 5799 enim
1453 5744 1561 5815 jam
1592 5744 1818 5802 humana
1862 5753 2163 5820 praedicatio

1383 341 1437 397 S.
1478 339 1751 396 JO.\N.\'lS
1789 339 2258 397 CllllYSOSTO‘MI
2301 333 2614 390 AlllllllEP.
2656 335 3179 390 CONSTANTINOP.

3758 342 3862 394 ΞΟΠ

2277 449 2675 515 ostendebatur,
2705 461 2757 503 et
2791 466 2916 507 vcrc
2945 452 3264 522 implebatur
3292 452 3415 505 illud
3436 493 3448 514 ,
3483 452 3750 508 Λίδιὶηιαιί
3776 476 3864 510 su-

2279 559 2389 596 mus
2416 545 2542 595 sicut
2567 559 2679 596 oves
2704 545 2965 598 occisionis
2986 546 3003 613 (
3021 545 3166 599 Psal.
3190 546 3277 600 43.
3301 545 3370 599 22
3387 546 3423 615 ).
3458 546 3641 601 Videas
3669 559 3867 611 autem,

2277 632 2447 686 innuit
2470 673 2484 694 ,
2528 633 2647 699 quia
2679 634 2899 687 placeret
2928 633 3158 702 Iudicis,
3199 637 3433 705 apposuit
3475 645 3528 690 ut
3566 640 3863 708 apprehen—

2276 725 2411 774 deret
2463 738 2507 775 et
2555 726 2783 776 Petrum.
2833 724 3079 780 Placebat
3121 727 3330 795 cmdcs,
3361 739 3412 783 et
3442 730 3615 783 ca‘des
3655 732 3858 801 iniqua.

2274 810 2453 880 Magna
2485 813 2708 867 llerodis
2739 814 2974 878 insania;
2999 818 3241 873 absurdis
3263 835 3447 874 eorum
3480 823 3862 893 cupiditatibus

2274 903 2555 957 serviebat.
2600 904 2732 957 Cum
2777 907 3103 973 oportuisset
3128 911 3269 963 enim
3297 914 3617 966 contrarium
3647 914 3858 980 facere,

2276 1002 2329 1045 et
2370 992 2581 1047 illorum
2630 996 2883 1064 impetum
2924 1012 3214 1063 coercere,
3260 1000 3345 1056 ille
3387 1013 3571 1057 contra
3602 1006 3863 1060 inritabat

2276 1085 2423 1152 quasi
2468 1086 2705 1140 carnifex
2747 1088 2964 1156 quidam
2999 1092 3403 1159 mgrotautium,
3446 1108 3551 1148 non
3586 1113 3709 1151 vero
3739 1114 3862 1152 mc-

2275 1175 2426 1227 dicus
2448 1217 2462 1241 ,
2495 1177 2701 1230 etiamsi
2732 1178 2893 1231 millia
2926 1182 3164 1249 exempla
3200 1181 3455 1249 haberet,
3485 1195 3534 1239 ct
3562 1188 3644 1241 avi
3671 1198 3723 1241 et
3756 1201 3860 1255 pa-

2274 1266 2369 1319 tris
2409 1266 2675 1333 llerodis;
2721 1279 2774 1322 et
2816 1272 3084 1340 quomodo
3122 1272 3211 1327 ille
3250 1275 3464 1343 quidem
3509 1288 3727 1348 promer
3752 1295 3863 1334 cae-

2270 1356 2389 1411 dem
2450 1358 2725 1414 infantium
2788 1378 2975 1431 magna
3031 1365 3253 1420 subierit
3308 1369 3484 1434 mala;
3546 1369 3632 1424 hie
3680 1388 3858 1437 vero,

2268 1447 2473 1503 Joanne
2510 1466 2651 1506 c:eso
2678 1494 2691 1518 ,
2722 1468 2884 1521 grave
2914 1454 3108 1509 bellum
3154 1457 3483 1513 excitaverit.
3542 1462 3702 1527 Quem
3741 1480 3862 1517 cum

2270 1544 2724 1611 apprehendisset,
2761 1546 2930 1616 inquit
2956 1588 2971 1612 ,
3010 1549 3140 1602 misit
3170 1550 3221 1602 in
3248 1567 3515 1606 carcerem.
3546 1553 3813 1610 ltletuebat
3842 1598 3859 1623 ,

2273 1650 2338 1689 ne
2369 1646 2585 1705 prepter
2614 1638 2857 1693 timorem
2891 1656 2955 1694 ex
2990 1652 3160 1696 morte
3189 1642 3373 1699 Jacobi
3404 1660 3721 1717 conceptum
3762 1664 3863 1703 se.

2269 1730 2486 1784 cederet
2531 1731 2720 1786 Petrus
2747 1750 2759 1786 :
2791 1744 2843 1787 et
2874 1744 2928 1789 ut
2960 1736 3009 1788 in
3044 1746 3156 1789 tuto
3186 1749 3436 1807 poneret,
3468 1742 3612 1795 misit
3652 1743 3702 1796 in
3731 1759 3863 1797 car-

2270 1834 2471 1874 cerem.
2516 1824 2631 1887 Quo
2658 1826 2956 1878 accuratior
2979 1828 3216 1881 custodia
3239 1870 3251 1892 ,
3286 1845 3351 1883 eo
3391 1831 3680 1887 mirabilius
3727 1849 3858 1903 spe-

2268 1910 2553 1963 ctaculum.
2588 1911 2701 1967 Hoc
2744 1924 2920 1968 autem
2952 1915 3115 1971 Petro
3164 1920 3545 1987 conducebat,
3596 1925 3682 1993 qui
3730 1926 3861 1981 hinc

2272 1999 2542 2066 probatior
2580 2002 2800 2058 ell‘ectus
2844 2014 2962 2072 est,
3011 2017 3065 2062 et
3107 2008 3472 2067 fortitudinem
3516 2031 3662 2070 suam
3704 2018 3863 2072 exhi-

2269 2088 2401 2143 buit.
2440 2090 2615 2151 Omtio
2641 2106 2835 2155 autem.
2880 2096 3079 2168 inquit,
3126 2102 3275 2168 fiebat
3316 2103 3423 2158 sine
3466 2107 3859 2164 intermissione.
3944 2126 3949 2130 '

2270 2180 2482 2235 Amoris
2515 2182 2770 2238 indicium
2803 2196 2917 2241 erat
2954 2191 3143 2243 oratio.
3190 2190 3400 2247 Patrem
3431 2210 3618 2252 omnes
3644 2214 3859 2269 qua-re-

2268 2270 2393 2325 bant
2414 2314 2427 2337 ,
2462 2287 2660 2341 patrem
2694 2288 3049 2334 mansuetum.
3078 2282 3202 2336 Sine
3231 2285 3596 2340 intermissione
3615 2330 3631 2355 ,
3660 2290 3857 2359 inquit.

2269 2363 2429 2417 oratio
2459 2382 2550 2434 pro
2588 2367 2676 2420 illo
2702 2369 2870 2436 ﬁebat.
2896 2372 3088 2427 Audite
3108 2416 3121 2440 ,
3156 2391 3260 2445 quo
3292 2389 3470 2431 essent
3497 2379 3688 2435 affectu
3729 2399 3860 2453 erga

2267 2451 2513 2509 doctores
2541 2470 2685 2512 suos.
2732 2459 2845 2514 Non
2900 2465 3387 2533 tumultuabantur,
3431 2486 3535 2526 non
3570 2451 3864 2530 turbaban-

2268 2551 2389 2608 tur;
2435 2548 2527 2600 sed
2560 2549 2624 2601 ad
2661 2552 2956 2607 orationem
3000 2559 3139 2612 versi
3180 2572 3334 2628 sunt,
3376 2579 3557 2618 verum
3600 2576 3652 2620 et
3695 2567 3859 2623 inex—

2277 2639 2561 2704 pugnabile
2582 2645 2947 2700 commilitium
2978 2666 2990 2701 :
3022 2649 3086 2702 ad
3128 2651 3268 2706 illam
3310 2656 3696 2727 confugiebant.
3738 2661 3860 2718 Non

2269 2727 2519 2786 dicebant
2550 2751 2561 2784 :
2609 2733 2836 2791 Humilis
2865 2755 2963 2810 ego
2994 2751 3048 2796 et
3087 2746 3281 2800 nullius
3312 2750 3463 2817 pretii
3492 2766 3587 2820 pro
3619 2753 3709 2807 illo
3738 2770 3863 2812 ora-

2269 2833 2379 2871 rem
2412 2822 2423 2873 !
2450 2822 2581 2888 Quia
2608 2826 2747 2879 enim
2780 2845 2843 2882 ex
2872 2834 3091 2887 caritate
3114 2837 3370 2907 agebant,
3396 2841 3527 2897 nihil
3552 2842 3862 2914 hujusmodi

2266 2911 2592 2995 cogitabant.
2642 2914 2727 2969 Vis
2768 2918 2977 2975 discere
3021 2936 3217 2991 quanta
3268 2930 3345 2982 vel
3399 2932 3552 2988 inviti
3587 2911 3863 2995 fecerint?

2267 2994 2388 3051 “in
2420 3002 2750 3069 probatiores
2777 3008 3166 3080 exhibuerunt,
3196 3015 3296 3074 hos
3324 3020 3687 3092 diligentiores
3717 2994 3865 3087 fece-

2268 3102 2410 3147 runt.
2446 3095 2509 3148 Et
2542 3098 2660 3153 vide
2695 3104 3019 3161 tentationes
3048 3108 3101 3162 in
3130 3109 3264 3165 festo
3289 3113 3375 3169 die
3404 3116 3668 3189 inductas,
3699 3134 3757 3177 ut
3784 3125 3864 3183 illi

2270 3184 2526 3241 clariores
2568 3201 2771 3246 essent.
2822 3194 2945 3249 Cum
2985 3211 3151 3253 autem
3192 3207 3531 3273 producturus
3569 3184 3679 3266 eum
3732 3230 3865 3273 esset

2272 3273 2532 3344 IIerodes,
2584 3280 2789 3351 inquit,
2836 3299 2980 3342 nocte
3023 3291 3115 3344 illa
3165 3292 3343 3350 Petrus
3387 3300 3678 3359 dormiebat.
3729 3307 3863 3365 Vide

2270 3366 2485 3424 Petrum
2526 3371 2923 3445 dormientem,
2969 3396 3067 3436 nec
3111 3391 3316 3442 terrore
3356 3390 3437 3444 vel
3481 3404 3624 3449 metu
3668 3398 3865 3456 deten-

2272 3468 2399 3511 tum.
2434 3460 2507 3514 Ea
2538 3462 2648 3531 ipsa
2682 3476 2866 3534 nocte,
2912 3486 3013 3539 qua
3048 3474 3417 3540 producendus
3446 3494 3592 3549 erat,
3624 3488 3865 3547 dormie-

2273 3551 2392 3616 bat,
2429 3557 2605 3608 omnia
2638 3557 2688 3610 in
2721 3559 2885 3614 Deum
2921 3564 3187 3632 rejiciens.
3227 3569 3335 3625 Nec
3378 3574 3693 3645 simpliciter
3735 3582 3867 3639 dor-

2270 3644 2485 3711 miebat,
2514 3647 2628 3715 sed,
2651 3648 2790 3704 Inter
2809 3652 2936 3708 duos
2962 3657 3169 3725 milites,
3189 3663 3380 3718 vinctus
3410 3644 3598 3724 catenis
3638 3673 3861 3731 duabus.

2269 3732 2412 3789 Inter
2437 3737 2563 3792 duos
2590 3742 2731 3796 cnim
2750 3786 2764 3807 ,
2797 3746 3000 3816 inquit,
3026 3750 3207 3806 milites
3237 3766 3344 3809 erat
3372 3759 3644 3829 dormiens,
3667 3766 3864 3824 vinctus

2269 3829 2467 3886 duabus
2493 3837 2703 3890 catenis.
2753 3838 2937 3896 Viden'
2979 3862 3136 3914 quam
3178 3863 3424 3907 accurata
3467 3861 3747 3916 cusmdia?
3792 3864 3863 3919 Et

2270 3936 2381 3973 ecce
2416 3924 2624 3994 angelus
2668 3928 2906 3997 Domini,
2942 3935 3141 4006 inquit,
3174 3941 3406 4011 adstitit,
3448 3949 3648 4019 dicens,
3692 3953 3866 4028 Surge

2270 4014 2522 4070 velociter.
2554 4018 2897 4078 Dormiebant
2930 4029 3085 4082 simul
3116 4036 3365 4089 custodes
3392 4056 3403 4089 :
3439 4040 3561 4095 ideo
3600 4014 3729 4100 nihil
3778 4014 3866 4118 ευρ-

2269 4115 2473 4162 storum
2503 4125 2804 4169 senserunt.
2838 4117 3038 4175 Lumen
3074 4138 3202 4179 vero
3241 4127 3469 4199 refulsit,
3492 4142 3550 4187 ut
3575 4144 3629 4189 et
3657 4115 3865 4196 videret

2271 4206 2323 4251 ct
2351 4200 2559 4256 audiret
2587 4203 2775 4261 Petrus
2795 4249 2810 4275 ,
2846 4225 2943 4265 nec
2972 4222 3181 4282 putaret
3211 4217 3543 4286 phantasiam
3595 4243 3735 4287 esse.
3783 4234 3865 4291 Ne

2273 4302 2397 4389 vero
2428 4293 2659 4389 segniter
2679 4308 2894 4367 ageret,
2922 4302 3058 4357 latus
3085 4305 3200 4374 ejus
3224 4315 3471 4379 percutit.
3491 4316 3675 4389 Neque
3699 4326 3864 4381 modo

2272 4378 2449 4443 audit,
2478 4380 2679 4453 Surge;
2706 4388 2798 4441 sed
2822 4392 2980 4445 etiam
3003 4378 3239 4464 additur,
3278 4399 3520 4459 Velociter
3542 4424 3561 4461 :
3585 4378 3687 4464 iam
3712 4378 3865 4473 are—te

2273 4470 2590 4527 dormiebat.
2616 4476 2953 4538 Existimabat
2979 4498 3144 4542 autem
3170 4508 3223 4544 se
3250 4495 3406 4572 visum
3433 4500 3597 4553 videre
3616 4544 3629 4567 ,
3666 4506 3862 4572 inquit.

2277 4560 2616 4619 Pertransivit
2637 4579 2803 4623 autem
2834 4574 3047 4640 primam
3069 4590 3115 4631 et
3136 4560 3403 4638 secundum
3431 4593 3732 4647 custodiam.
3761 4597 3862 4655 Ulli

2275 4668 2415 4708 nunc
2454 4666 2577 4711 sunt
2620 4658 2900 4718 hazretici?
2947 4666 3227 4735 Quomodo
3269 4681 3640 4744 pertransicrit
3678 4688 3866 4746 dicant

2276 4745 2466 4838 nobis:
2515 4749 2606 4802 sed
2635 4766 2736 4805 non
2772 4764 3045 4823 poterunt.
3095 4762 3251 4832 Atqui
3298 4779 3516 4838 propter
3559 4772 3663 4831 hoc
3707 4745 3862 4837 illum

2274 4836 2474 4939 accingi
2504 4839 2654 4907 jubet
2682 4853 2736 4897 et
2764 4846 2993 4903 calccari
3016 4892 3031 4915 ,
3065 4860 3121 4905 ut
3150 4864 3203 4907 et
3233 4853 3356 4911 hinc
3383 4836 3455 4914 illi
3496 4870 3860 4939 persuadeat,

2278 4924 2378 4978 hoc
2406 4944 2508 4982 non
2536 4946 2652 4986 esse
2682 4935 3029 5004 phantasma;
3079 4954 3239 5012 utque
3269 4924 3513 5010 somnum
3542 4924 3861 5031 excuteret;

2274 5021 2539 5091 sciretque
2565 5042 2678 5081 rem
2708 5044 2828 5084 esse
2860 5047 3058 5087 veram.
3090 5036 3211 5093 ideo
3238 5042 3416 5097 statim
3446 5021 3866 5111 ceciderunt

2278 5122 2410 5167 lena}
2445 5116 2511 5169 de
2556 5121 2797 5176 manibus
2827 5124 2976 5193 ejus,
3014 5138 3069 5183 et
3109 5132 3343 5200 audivit,
3388 5137 3559 5211 Surge
3600 5145 3859 5206 velociter.

2276 5204 2387 5294 lloc
2414 5222 2541 5262 vero
2570 5226 2672 5264 non
2702 5218 3059 5280 perturbantis
3086 5233 3168 5277 est
3187 5264 3199 5287 ,
3230 5227 3325 5281 sed
3357 5204 3627 5287 mouentis
3657 5252 3725 5290 ne
3755 5204 3866 5294 dif;

2274 5292 2453 5400 ferret.
2487 5300 2554 5353 Et
2585 5306 2864 5374 nesciebat,
2911 5310 3114 5381 inquit,
3145 5321 3262 5387 quia
3293 5336 3462 5377 verum
3493 5337 3563 5379 est
3594 5328 3645 5379 id
3665 5372 3681 5395 ,
3718 5337 3865 5400 quod

2274 5388 2425 5481 {iebat
2454 5409 2543 5459 per
2567 5399 2801 5465 angelum
2824 5418 2842 5454 :
2872 5405 3183 5462 existimabat
3209 5424 3374 5466 autem
3406 5433 3459 5471 se
3485 5421 3640 5473 risum
3668 5388 3860 5481 videre.

2274 5476 2402 5533 Jure
2422 5521 2435 5538 .
2468 5485 2536 5535 ob
2565 5500 2739 5540 rerum
2769 5501 3035 5559 gestarum
3067 5499 3467 5560 sublimitatem.

2444 5572 2649 5675 Viden’,
2681 5592 2875 5647 quanta
2904 5585 2971 5640 sit
2997 5589 3130 5659 signi
3160 5596 3509 5664 magnitudo?
3546 5616 3697 5672 quam
3726 5620 3861 5675 per-

2274 5664 2433 5758 cellat
2472 5666 2775 5725 videntem?
2821 5690 2978 5743 quam
3029 5686 3345 5743 incredibile
3389 5692 3514 5747 illud
3563 5664 3862 5758 videatur?

2275 5752 2407 5811 Nam
2437 5758 2481 5813 si
2518 5759 2707 5817 Petrus
2740 5774 2885 5823 tanto
2916 5779 3153 5844 tempore
3180 5792 3236 5835 se
3261 5781 3432 5838 visum
3460 5785 3636 5843 videre
3661 5752 3855 5849 exis—ti-
