  <div class='ocr_page' id='page_1' title='image "/cluster/home/n/w/nwhite01/storage/ocr_20150623/60/pst.000005712601/206.png"; bbox 0 0 4088 6330; ppageno 0'>
   <div class='ocr_carea' id='block_1_1' title="bbox 188 424 282 479">
    <p class='ocr_par' dir='ltr' id='par_1_1' title="bbox 188 424 282 479">
     <span class='ocr_line' id='line_1_1' title="bbox 188 424 282 479; baseline 0.021 -2"><span class='ocrx_word' id='word_1_1' title='bbox 188 424 282 479; x_wconf 71' lang='lat' dir='ltr'><strong>ttat</strong></span> 
     </span>
    </p>
   </div>
   <div class='ocr_carea' id='block_1_2' title="bbox 195 527 1790 606">
    <p class='ocr_par' dir='ltr' id='par_1_2' title="bbox 195 527 1790 606">
     <span class='ocr_line' id='line_1_2' title="bbox 195 527 1790 606; baseline -0.01 -13"><span class='ocrx_word' id='word_1_2' title='bbox 195 542 402 603; x_wconf 74' lang='lat' dir='ltr'><strong>nnbat,</strong></span> <span class='ocrx_word' id='word_1_3' title='bbox 434 537 540 591; x_wconf 89' lang='lat' dir='ltr'><strong>etsi</strong></span> <span class='ocrx_word' id='word_1_4' title='bbox 573 536 898 606; x_wconf 67' lang='lat' dir='ltr'><strong>pratcinctus</strong></span> <span class='ocrx_word' id='word_1_5' title='bbox 927 540 981 589; x_wconf 90' lang='lat' dir='ltr'><strong>et</strong></span> <span class='ocrx_word' id='word_1_6' title='bbox 1008 532 1314 587; x_wconf 84' lang='lat' dir='ltr'><strong>calceatus:</strong></span> <span class='ocrx_word' id='word_1_7' title='bbox 1362 527 1486 596; x_wconf 82' lang='lat' dir='ltr'><strong>quid</strong></span> <span class='ocrx_word' id='word_1_8' title='bbox 1519 528 1657 580; x_wconf 85' lang='lat' dir='ltr'><strong>alios</strong></span> <span class='ocrx_word' id='word_1_9' title='bbox 1685 541 1790 578; x_wconf 87' lang='lat' dir='ltr'><strong>non</strong></span> 
     </span>
    </p>
   </div>
   <div class='ocr_carea' id='block_1_3' title="bbox 197 624 1799 702">
    <p class='ocr_par' dir='ltr' id='par_1_3' title="bbox 197 624 1799 702">
     <span class='ocr_line' id='line_1_3' title="bbox 197 624 1799 702; baseline -0.01 -16"><span class='ocrx_word' id='word_1_10' title='bbox 197 647 382 702; x_wconf 81' lang='lat' dir='ltr'><strong>passus</strong></span> <span class='ocrx_word' id='word_1_11' title='bbox 422 638 573 685; x_wconf 66' lang='lat' dir='ltr'><strong>esset</strong></span> <span class='ocrx_word' id='word_1_12' title='bbox 596 630 621 683; x_wconf 77' lang='lat' dir='ltr'><strong>‘i</strong></span> <span class='ocrx_word' id='word_1_13' title='bbox 647 628 994 684; x_wconf 74' lang='lat' dir='ltr'><strong>Transeuntes</strong></span> <span class='ocrx_word' id='word_1_14' title='bbox 1013 667 1029 691; x_wconf 90' lang='lat'><strong>,</strong></span> <span class='ocrx_word' id='word_1_15' title='bbox 1061 624 1261 694; x_wconf 87' lang='lat' dir='ltr'><strong>inquit,</strong></span> <span class='ocrx_word' id='word_1_16' title='bbox 1294 624 1510 691; x_wconf 82' lang='lat' dir='ltr'><strong>primum</strong></span> <span class='ocrx_word' id='word_1_17' title='bbox 1545 631 1589 673; x_wconf 87' lang='lat' dir='ltr'><strong>et</strong></span> <span class='ocrx_word' id='word_1_18' title='bbox 1615 636 1799 672; x_wconf 71' lang='lat' dir='ltr'><strong>secun-</strong></span> 
     </span>
    </p>
   </div>
   <div class='ocr_carea' id='block_1_4' title="bbox 196 718 1798 788">
    <p class='ocr_par' dir='ltr' id='par_1_4' title="bbox 196 718 1798 788">
     <span class='ocr_line' id='line_1_4' title="bbox 196 718 1798 788; baseline -0.009 -12"><span class='ocrx_word' id='word_1_19' title='bbox 196 739 308 776; x_wconf 84' lang='lat' dir='ltr'><strong>aam</strong></span> <span class='ocrx_word' id='word_1_20' title='bbox 367 724 694 788; x_wconf 73' lang='lat' dir='ltr'><strong>custodiam,</strong></span> <span class='ocrx_word' id='word_1_21' title='bbox 749 728 986 775; x_wconf 75' lang='lat' dir='ltr'><strong>uenerunt</strong></span> <span class='ocrx_word' id='word_1_22' title='bbox 1037 718 1104 770; x_wconf 82' lang='lat' dir='ltr'><strong>ad</strong></span> <span class='ocrx_word' id='word_1_23' title='bbox 1165 726 1361 784; x_wconf 85' lang='lat' dir='ltr'><strong>portam</strong></span> <span class='ocrx_word' id='word_1_24' title='bbox 1421 719 1637 783; x_wconf 80' lang='lat' dir='ltr'><strong>ferream</strong></span> <span class='ocrx_word' id='word_1_25' title='bbox 1681 727 1700 763; x_wconf 90' lang='lat'><strong><em>:</em></strong></span> <span class='ocrx_word' id='word_1_26' title='bbox 1750 721 1798 763; x_wconf 78' lang='lat' dir='ltr'><strong>et</strong></span> 
     </span>
    </p>
   </div>
   <div class='ocr_carea' id='block_1_5' title="bbox 196 804 1798 884">
    <p class='ocr_par' dir='ltr' id='par_1_5' title="bbox 196 804 1798 884">
     <span class='ocr_line' id='line_1_5' title="bbox 196 804 1798 884; baseline -0.01 -14"><span class='ocrx_word' id='word_1_27' title='bbox 196 828 432 870; x_wconf 74' lang='lat' dir='ltr'><strong>exeuntes</strong></span> <span class='ocrx_word' id='word_1_28' title='bbox 468 825 822 884; x_wconf 85' lang='lat' dir='ltr'><strong>processerunt</strong></span> <span class='ocrx_word' id='word_1_29' title='bbox 855 813 1016 866; x_wconf 84' lang='lat' dir='ltr'><strong>vicum</strong></span> <span class='ocrx_word' id='word_1_30' title='bbox 1051 827 1207 862; x_wconf 85' lang='lat' dir='ltr'><strong>unum</strong></span> <span class='ocrx_word' id='word_1_31' title='bbox 1237 819 1281 861; x_wconf 87' lang='lat' dir='ltr'><strong>et</strong></span> <span class='ocrx_word' id='word_1_32' title='bbox 1306 808 1542 861; x_wconf 79' lang='lat' dir='ltr'><strong>continuo</strong></span> <span class='ocrx_word' id='word_1_33' title='bbox 1568 804 1798 857; x_wconf 83' lang='lat' dir='ltr'><strong>discessit</strong></span> 
     </span>
    </p>
   </div>
   <div class='ocr_carea' id='block_1_6' title="bbox 200 902 1792 980">
    <p class='ocr_par' dir='ltr' id='par_1_6' title="bbox 200 902 1792 980">
     <span class='ocr_line' id='line_1_6' title="bbox 200 902 1792 980; baseline -0.008 -20"><span class='ocrx_word' id='word_1_34' title='bbox 200 912 412 980; x_wconf 76' lang='lat' dir='ltr'><strong>angelus</strong></span> <span class='ocrx_word' id='word_1_35' title='bbox 434 910 497 962; x_wconf 86' lang='lat' dir='ltr'><strong>ab</strong></span> <span class='ocrx_word' id='word_1_36' title='bbox 519 926 595 963; x_wconf 89' lang='lat' dir='ltr'><strong>eo.</strong></span> <span class='ocrx_word' id='word_1_37' title='bbox 620 907 751 975; x_wconf 73' lang='lat' dir='ltr'><strong>Qum</strong></span> <span class='ocrx_word' id='word_1_38' title='bbox 772 908 913 959; x_wconf 91' lang='lat' dir='ltr'><strong>intus</strong></span> <span class='ocrx_word' id='word_1_39' title='bbox 936 905 1072 958; x_wconf 87' lang='lat' dir='ltr'><strong>facta</strong></span> <span class='ocrx_word' id='word_1_40' title='bbox 1096 913 1237 963; x_wconf 82' lang='lat' dir='ltr'><strong>sunt.</strong></span> <span class='ocrx_word' id='word_1_41' title='bbox 1264 902 1587 955; x_wconf 82' lang='lat' dir='ltr'><strong>mirabiliora</strong></span> <span class='ocrx_word' id='word_1_42' title='bbox 1605 907 1792 959; x_wconf 89' lang='lat' dir='ltr'><strong>erant;</strong></span> 
     </span>
    </p>
   </div>
   <div class='ocr_carea' id='block_1_7' title="bbox 203 988 1795 1067">
    <p class='ocr_par' dir='ltr' id='par_1_7' title="bbox 203 988 1795 1067">
     <span class='ocr_line' id='line_1_7' title="bbox 203 988 1795 1067; baseline -0.009 -12"><span class='ocrx_word' id='word_1_43' title='bbox 203 1002 301 1055; x_wconf 82' lang='lat' dir='ltr'><strong>hoc</strong></span> <span class='ocrx_word' id='word_1_44' title='bbox 332 1018 468 1054; x_wconf 89' lang='lat' dir='ltr'><strong>vero</strong></span> <span class='ocrx_word' id='word_1_45' title='bbox 494 1001 748 1067; x_wconf 76' lang='lat' dir='ltr'><strong>deinceps</strong></span> <span class='ocrx_word' id='word_1_46' title='bbox 781 997 1081 1050; x_wconf 87' lang='lat' dir='ltr'><strong>humanius.</strong></span> <span class='ocrx_word' id='word_1_47' title='bbox 1112 996 1241 1048; x_wconf 85' lang='lat' dir='ltr'><strong>Cum</strong></span> <span class='ocrx_word' id='word_1_48' title='bbox 1275 993 1403 1046; x_wconf 82' lang='lat' dir='ltr'>nihil</span> <span class='ocrx_word' id='word_1_49' title='bbox 1428 1002 1543 1045; x_wconf 89' lang='lat' dir='ltr'><strong>erat</strong></span> <span class='ocrx_word' id='word_1_50' title='bbox 1567 988 1795 1059; x_wconf 80' lang='lat' dir='ltr'><strong>impedi-</strong></span> 
     </span>
    </p>
   </div>
   <div class='ocr_carea' id='block_1_8' title="bbox 198 1084 1795 1160">
    <p class='ocr_par' dir='ltr' id='par_1_8' title="bbox 198 1084 1795 1160">
     <span class='ocr_line' id='line_1_8' title="bbox 198 1084 1795 1160; baseline -0.007 -15"><span class='ocrx_word' id='word_1_51' title='bbox 198 1095 361 1146; x_wconf 74' lang='lat' dir='ltr'><strong>tuenti</strong></span> <span class='ocrx_word' id='word_1_52' title='bbox 390 1134 406 1160; x_wconf 89' lang='lat'><strong>,</strong></span> <span class='ocrx_word' id='word_1_53' title='bbox 441 1093 691 1147; x_wconf 76' lang='lat' dir='ltr'><strong>discessit</strong></span> <span class='ocrx_word' id='word_1_54' title='bbox 724 1092 964 1159; x_wconf 83' lang='lat' dir='ltr'><strong>angelus.</strong></span> <span class='ocrx_word' id='word_1_55' title='bbox 1011 1090 1193 1157; x_wconf 75' lang='lat' dir='ltr'><strong>Neque</strong></span> <span class='ocrx_word' id='word_1_56' title='bbox 1219 1087 1360 1140; x_wconf 90' lang='lat' dir='ltr'><strong>enim</strong></span> <span class='ocrx_word' id='word_1_57' title='bbox 1408 1084 1795 1151; x_wconf 86' lang='lat' dir='ltr'><strong>pertransisset</strong></span> 
     </span>
    </p>
   </div>
   <div class='ocr_carea' id='block_1_9' title="bbox 196 1183 1792 1253">
    <p class='ocr_par' dir='ltr' id='par_1_9' title="bbox 196 1183 1792 1253">
     <span class='ocr_line' id='line_1_9' title="bbox 196 1183 1792 1253; baseline -0.008 -14"><span class='ocrx_word' id='word_1_58' title='bbox 196 1188 425 1253; x_wconf 72' lang='lat' dir='ltr'><strong>Petrus,</strong></span> <span class='ocrx_word' id='word_1_59' title='bbox 458 1201 579 1239; x_wconf 89' lang='lat' dir='ltr'><strong>com</strong></span> <span class='ocrx_word' id='word_1_60' title='bbox 613 1195 688 1237; x_wconf 91' lang='lat' dir='ltr'><strong>tot</strong></span> <span class='ocrx_word' id='word_1_61' title='bbox 720 1193 907 1238; x_wconf 88' lang='lat' dir='ltr'><strong>essent</strong></span> <span class='ocrx_word' id='word_1_62' title='bbox 937 1183 1117 1236; x_wconf 89' lang='lat' dir='ltr'><strong>obices</strong></span> <span class='ocrx_word' id='word_1_63' title='bbox 1144 1200 1157 1235; x_wconf 89' lang='lat'><strong>:</strong></span> <span class='ocrx_word' id='word_1_64' title='bbox 1186 1195 1312 1235; x_wconf 90' lang='lat' dir='ltr'><strong>vere</strong></span> <span class='ocrx_word' id='word_1_65' title='bbox 1342 1192 1571 1245; x_wconf 79' lang='lat' dir='ltr'><strong>namque</strong></span> <span class='ocrx_word' id='word_1_66' title='bbox 1606 1186 1792 1243; x_wconf 93' lang='lat' dir='ltr'><strong>stupor</strong></span> 
     </span>
    </p>
   </div>
   <div class='ocr_carea' id='block_1_10' title="bbox 188 1268 1791 1343">
    <p class='ocr_par' dir='ltr' id='par_1_10' title="bbox 188 1268 1791 1343">
     <span class='ocr_line' id='line_1_10' title="bbox 188 1268 1791 1343; baseline -0.004 -16"><span class='ocrx_word' id='word_1_67' title='bbox 188 1280 400 1331; x_wconf 81' lang='lat' dir='ltr'><strong>aderat.</strong></span> <span class='ocrx_word' id='word_1_68' title='bbox 454 1276 606 1329; x_wconf 83' lang='lat' dir='ltr'><strong>Nunc</strong></span> <span class='ocrx_word' id='word_1_69' title='bbox 636 1277 771 1332; x_wconf 77' lang='lat' dir='ltr'><strong>scio.</strong></span> <span class='ocrx_word' id='word_1_70' title='bbox 820 1275 1023 1342; x_wconf 90' lang='lat' dir='ltr'><strong>inquit,</strong></span> <span class='ocrx_word' id='word_1_71' title='bbox 1056 1273 1174 1343; x_wconf 86' lang='lat' dir='ltr'><strong>quia</strong></span> <span class='ocrx_word' id='word_1_72' title='bbox 1216 1288 1325 1325; x_wconf 79' lang='lat' dir='ltr'><strong>uere</strong></span> <span class='ocrx_word' id='word_1_73' title='bbox 1355 1272 1490 1323; x_wconf 90' lang='lat' dir='ltr'><strong>misit</strong></span> <span class='ocrx_word' id='word_1_74' title='bbox 1542 1268 1791 1322; x_wconf 84' lang='lat' dir='ltr'><strong>Dominus</strong></span> 
     </span>
    </p>
   </div>
   <div class='ocr_carea' id='block_1_11' title="bbox 186 1362 1794 1440">
    <p class='ocr_par' dir='ltr' id='par_1_11' title="bbox 186 1362 1794 1440">
     <span class='ocr_line' id='line_1_11' title="bbox 186 1362 1794 1440; baseline -0.006 -19"><span class='ocrx_word' id='word_1_75' title='bbox 186 1372 428 1440; x_wconf 76' lang='lat' dir='ltr'><strong>angelum</strong></span> <span class='ocrx_word' id='word_1_76' title='bbox 475 1388 658 1434; x_wconf 87' lang='lat' dir='ltr'><strong>suum,</strong></span> <span class='ocrx_word' id='word_1_77' title='bbox 716 1378 761 1423; x_wconf 90' lang='lat' dir='ltr'><strong>et</strong></span> <span class='ocrx_word' id='word_1_78' title='bbox 802 1368 986 1431; x_wconf 77' lang='lat' dir='ltr'><strong>eripuit</strong></span> <span class='ocrx_word' id='word_1_79' title='bbox 1029 1384 1108 1419; x_wconf 89' lang='lat' dir='ltr'><strong>me</strong></span> <span class='ocrx_word' id='word_1_80' title='bbox 1146 1367 1207 1419; x_wconf 90' lang='lat' dir='ltr'><strong>de</strong></span> <span class='ocrx_word' id='word_1_81' title='bbox 1245 1382 1398 1417; x_wconf 86' lang='lat' dir='ltr'><strong>manu</strong></span> <span class='ocrx_word' id='word_1_82' title='bbox 1441 1362 1661 1416; x_wconf 78' lang='lat' dir='ltr'><strong>Herodis</strong></span> <span class='ocrx_word' id='word_1_83' title='bbox 1686 1403 1698 1425; x_wconf 88' lang='lat'><strong>,</strong></span> <span class='ocrx_word' id='word_1_84' title='bbox 1749 1369 1794 1412; x_wconf 89' lang='lat' dir='ltr'><strong>et</strong></span> 
     </span>
    </p>
   </div>
   <div class='ocr_carea' id='block_1_12' title="bbox 186 1452 1790 1529">
    <p class='ocr_par' dir='ltr' id='par_1_12' title="bbox 186 1452 1790 1529">
     <span class='ocr_line' id='line_1_12' title="bbox 186 1452 1790 1529; baseline -0.007 -16"><span class='ocrx_word' id='word_1_85' title='bbox 186 1464 247 1514; x_wconf 83' lang='lat' dir='ltr'><strong>de</strong></span> <span class='ocrx_word' id='word_1_86' title='bbox 276 1463 423 1514; x_wconf 76' lang='grc' dir='ltr'><strong>ωιιηί</strong></span> <span class='ocrx_word' id='word_1_87' title='bbox 460 1461 833 1529; x_wconf 67' lang='lat' dir='ltr'><strong>exspectatione</strong></span> <span class='ocrx_word' id='word_1_88' title='bbox 878 1457 1036 1527; x_wconf 80' lang='lat' dir='ltr'><strong>plebis</strong></span> <span class='ocrx_word' id='word_1_89' title='bbox 1078 1456 1397 1510; x_wconf 79' lang='lat' dir='ltr'><strong>Jtttltt&#39;orttm.</strong></span> <span class='ocrx_word' id='word_1_90' title='bbox 1447 1452 1638 1508; x_wconf 77' lang='lat' dir='ltr'><strong>Nunc:</strong></span> <span class='ocrx_word' id='word_1_91' title='bbox 1685 1466 1790 1504; x_wconf 91' lang='lat' dir='ltr'><strong>non</strong></span> 
     </span>
    </p>
   </div>
   <div class='ocr_carea' id='block_1_13' title="bbox 188 1542 1793 1619">
    <p class='ocr_par' dir='ltr' id='par_1_13' title="bbox 188 1542 1793 1619">
     <span class='ocr_line' id='line_1_13' title="bbox 188 1542 1793 1619; baseline -0.004 -18"><span class='ocrx_word' id='word_1_92' title='bbox 188 1564 347 1614; x_wconf 83' lang='lat' dir='ltr'><strong>tunc,</strong></span> <span class='ocrx_word' id='word_1_93' title='bbox 384 1550 600 1619; x_wconf 80' lang='lat' dir='ltr'><strong>quando</strong></span> <span class='ocrx_word' id='word_1_94' title='bbox 632 1550 681 1602; x_wconf 90' lang='lat' dir='ltr'><strong>in</strong></span> <span class='ocrx_word' id='word_1_95' title='bbox 712 1548 938 1603; x_wconf 80' lang='lat' dir='ltr'><strong>vinculis</strong></span> <span class='ocrx_word' id='word_1_96' title='bbox 968 1563 1139 1601; x_wconf 85' lang='lat' dir='ltr'><strong>eram.</strong></span> <span class='ocrx_word' id='word_1_97' title='bbox 1185 1546 1624 1613; x_wconf 83' lang='lat' dir='ltr'><strong>Cousideransque</strong></span> <span class='ocrx_word' id='word_1_98' title='bbox 1662 1542 1793 1595; x_wconf 84' lang='lat' dir='ltr'><strong>venit</strong></span> 
     </span>
    </p>
   </div>
   <div class='ocr_carea' id='block_1_14' title="bbox 186 1633 1787 1707">
    <p class='ocr_par' dir='ltr' id='par_1_14' title="bbox 186 1633 1787 1707">
     <span class='ocr_line' id='line_1_14' title="bbox 186 1633 1787 1707; baseline -0.007 -13"><span class='ocrx_word' id='word_1_99' title='bbox 186 1645 233 1694; x_wconf 79' lang='lat' dir='ltr'><strong>in</strong></span> <span class='ocrx_word' id='word_1_100' title='bbox 268 1645 484 1707; x_wconf 61' lang='lat' dir='ltr'><strong>domum</strong></span> <span class='ocrx_word' id='word_1_101' title='bbox 527 1640 710 1694; x_wconf 69' lang='lat' dir='ltr'><strong>Maria:</strong></span> <span class='ocrx_word' id='word_1_102' title='bbox 739 1640 913 1692; x_wconf 85' lang='lat' dir='ltr'><strong>matris</strong></span> <span class='ocrx_word' id='word_1_103' title='bbox 956 1637 1193 1691; x_wconf 81' lang='lat' dir='ltr'><strong>Joannis.</strong></span> <span class='ocrx_word' id='word_1_104' title='bbox 1243 1636 1379 1703; x_wconf 89' lang='lat' dir='ltr'><strong>Quid</strong></span> <span class='ocrx_word' id='word_1_105' title='bbox 1427 1636 1528 1689; x_wconf 90' lang='lat' dir='ltr'><strong>sibi</strong></span> <span class='ocrx_word' id='word_1_106' title='bbox 1569 1633 1681 1686; x_wconf 88' lang='lat' dir='ltr'><strong>vult</strong></span> <span class='ocrx_word' id='word_1_107' title='bbox 1729 1634 1787 1684; x_wconf 85' lang='lat' dir='ltr'><strong>il-</strong></span> 
     </span>
    </p>
   </div>
   <div class='ocr_carea' id='block_1_15' title="bbox 187 1726 1792 1801">
    <p class='ocr_par' dir='ltr' id='par_1_15' title="bbox 187 1726 1792 1801">
     <span class='ocr_line' id='line_1_15' title="bbox 187 1726 1792 1801; baseline -0.005 -16"><span class='ocrx_word' id='word_1_108' title='bbox 187 1735 272 1788; x_wconf 89' lang='lat' dir='ltr'><strong>lud</strong></span> <span class='ocrx_word' id='word_1_109' title='bbox 297 1776 312 1799; x_wconf 89' lang='lat'><strong>,</strong></span> <span class='ocrx_word' id='word_1_110' title='bbox 346 1733 735 1788; x_wconf 82' lang='lat' dir='ltr'><strong>Considerans?</strong></span> <span class='ocrx_word' id='word_1_111' title='bbox 759 1731 1011 1801; x_wconf 82' lang='lat' dir='ltr'><strong>Cogitans</strong></span> <span class='ocrx_word' id='word_1_112' title='bbox 1046 1731 1132 1783; x_wconf 89' lang='lat' dir='ltr'><strong>ubi</strong></span> <span class='ocrx_word' id='word_1_113' title='bbox 1165 1737 1330 1784; x_wconf 88' lang='lat' dir='ltr'><strong>esset.</strong></span> <span class='ocrx_word' id='word_1_114' title='bbox 1373 1727 1467 1780; x_wconf 81' lang='lat' dir='ltr'><strong>Vel</strong></span> <span class='ocrx_word' id='word_1_115' title='bbox 1503 1727 1603 1780; x_wconf 90' lang='lat' dir='ltr'><strong>hoc</strong></span> <span class='ocrx_word' id='word_1_116' title='bbox 1631 1726 1792 1794; x_wconf 79' lang='lat' dir='ltr'><strong>igitur</strong></span> 
     </span>
    </p>
   </div>
   <div class='ocr_carea' id='block_1_16' title="bbox 183 1817 1786 1890">
    <p class='ocr_par' dir='ltr' id='par_1_16' title="bbox 183 1817 1786 1890">
     <span class='ocr_line' id='line_1_16' title="bbox 183 1817 1786 1890; baseline -0.007 -11"><span class='ocrx_word' id='word_1_117' title='bbox 183 1825 583 1888; x_wconf 75' lang='lat' dir='ltr'><strong>consideravit;</strong></span> <span class='ocrx_word' id='word_1_118' title='bbox 614 1823 697 1877; x_wconf 88' lang='lat' dir='ltr'><strong>vel</strong></span> <span class='ocrx_word' id='word_1_119' title='bbox 722 1823 862 1890; x_wconf 86' lang='lat' dir='ltr'><strong>quod</strong></span> <span class='ocrx_word' id='word_1_120' title='bbox 888 1836 992 1874; x_wconf 90' lang='lat' dir='ltr'><strong>non</strong></span> <span class='ocrx_word' id='word_1_121' title='bbox 1017 1830 1292 1889; x_wconf 88' lang='lat' dir='ltr'><strong>oporteret</strong></span> <span class='ocrx_word' id='word_1_122' title='bbox 1312 1817 1786 1889; x_wconf 53' lang='lat' dir='ltr'><strong>utcumrpncgbire,</strong></span> 
     </span>
    </p>
   </div>
   <div class='ocr_carea' id='block_1_17' title="bbox 185 1909 1789 1981">
    <p class='ocr_par' dir='ltr' id='par_1_17' title="bbox 185 1909 1789 1981">
     <span class='ocr_line' id='line_1_17' title="bbox 185 1909 1789 1981; baseline -0.002 -14"><span class='ocrx_word' id='word_1_123' title='bbox 185 1916 277 1967; x_wconf 70' lang='lat' dir='ltr'><strong>sed</strong></span> <span class='ocrx_word' id='word_1_124' title='bbox 330 1915 659 1969; x_wconf 86' lang='lat' dir='ltr'><strong>benefactori</strong></span> <span class='ocrx_word' id='word_1_125' title='bbox 694 1914 863 1968; x_wconf 80' lang='lat' dir='ltr'><strong>vicem</strong></span> <span class='ocrx_word' id='word_1_126' title='bbox 898 1913 1226 1981; x_wconf 80' lang='lat' dir='ltr'><strong>rependere:</strong></span> <span class='ocrx_word' id='word_1_127' title='bbox 1256 1912 1397 1981; x_wconf 89' lang='lat' dir='ltr'><strong>quod</strong></span> <span class='ocrx_word' id='word_1_128' title='bbox 1431 1910 1519 1965; x_wconf 61' lang='lat' dir='ltr'><strong>ille</strong></span> <span class='ocrx_word' id='word_1_129' title='bbox 1545 1909 1789 1963; x_wconf 85' lang='lat' dir='ltr'><strong>conside-</strong></span> 
     </span>
    </p>
   </div>
   <div class='ocr_carea' id='block_1_18' title="bbox 184 2001 1788 2071">
    <p class='ocr_par' dir='ltr' id='par_1_18' title="bbox 184 2001 1788 2071">
     <span class='ocr_line' id='line_1_18' title="bbox 184 2001 1788 2071; baseline -0.004 -11"><span class='ocrx_word' id='word_1_130' title='bbox 184 2024 310 2060; x_wconf 84' lang='lat' dir='ltr'><strong>rans</strong></span> <span class='ocrx_word' id='word_1_131' title='bbox 333 2049 348 2071; x_wconf 88' lang='lat'><strong>,</strong></span> <span class='ocrx_word' id='word_1_132' title='bbox 379 2009 531 2061; x_wconf 82' lang='lat' dir='ltr'><strong>venit</strong></span> <span class='ocrx_word' id='word_1_133' title='bbox 562 2008 611 2059; x_wconf 90' lang='lat' dir='ltr'><strong>in</strong></span> <span class='ocrx_word' id='word_1_134' title='bbox 639 2006 858 2061; x_wconf 87' lang='lat' dir='ltr'><strong>domum</strong></span> <span class='ocrx_word' id='word_1_135' title='bbox 888 2006 1084 2061; x_wconf 76' lang='lat' dir='ltr'><strong>Marize.</strong></span> <span class='ocrx_word' id='word_1_136' title='bbox 1130 2006 1258 2070; x_wconf 82' lang='lat' dir='ltr'><strong>Quis</strong></span> <span class='ocrx_word' id='word_1_137' title='bbox 1289 2016 1370 2059; x_wconf 87' lang='lat' dir='ltr'><strong>est</strong></span> <span class='ocrx_word' id='word_1_138' title='bbox 1400 2004 1485 2057; x_wconf 91' lang='lat' dir='ltr'><strong>hic</strong></span> <span class='ocrx_word' id='word_1_139' title='bbox 1510 2001 1788 2058; x_wconf 82' lang='lat' dir='ltr'><strong>Joannes?</strong></span> 
     </span>
    </p>
   </div>
   <div class='ocr_carea' id='block_1_19' title="bbox 184 2095 1789 2167">
    <p class='ocr_par' dir='ltr' id='par_1_19' title="bbox 184 2095 1789 2167">
     <span class='ocr_line' id='line_1_19' title="bbox 184 2095 1789 2167; baseline -0.002 -16"><span class='ocrx_word' id='word_1_140' title='bbox 184 2098 347 2152; x_wconf 81' lang='lat' dir='ltr'><strong>Forte</strong></span> <span class='ocrx_word' id='word_1_141' title='bbox 381 2100 427 2151; x_wconf 89' lang='lat' dir='ltr'><strong>is</strong></span> <span class='ocrx_word' id='word_1_142' title='bbox 453 2139 469 2163; x_wconf 96' lang='lat'><strong>,</strong></span> <span class='ocrx_word' id='word_1_143' title='bbox 501 2100 589 2167; x_wconf 85' lang='lat' dir='ltr'><strong>qui</strong></span> <span class='ocrx_word' id='word_1_144' title='bbox 619 2112 834 2167; x_wconf 85' lang='lat' dir='ltr'><strong>semper</strong></span> <span class='ocrx_word' id='word_1_145' title='bbox 857 2112 976 2151; x_wconf 91' lang='lat' dir='ltr'><strong>cum</strong></span> <span class='ocrx_word' id='word_1_146' title='bbox 1008 2097 1115 2151; x_wconf 88' lang='lat' dir='ltr'><strong>illis</strong></span> <span class='ocrx_word' id='word_1_147' title='bbox 1144 2106 1297 2159; x_wconf 86' lang='lat' dir='ltr'><strong>erat;</strong></span> <span class='ocrx_word' id='word_1_148' title='bbox 1334 2095 1563 2164; x_wconf 86' lang='lat' dir='ltr'><strong>ideoque</strong></span> <span class='ocrx_word' id='word_1_149' title='bbox 1590 2108 1789 2163; x_wconf 78' lang='lat' dir='ltr'><strong>Cogno-</strong></span> 
     </span>
    </p>
   </div>
   <div class='ocr_carea' id='block_1_20' title="bbox 185 2188 880 2257">
    <p class='ocr_par' dir='ltr' id='par_1_20' title="bbox 185 2188 880 2257">
     <span class='ocr_line' id='line_1_20' title="bbox 185 2188 880 2257; baseline 0 -16"><span class='ocrx_word' id='word_1_150' title='bbox 185 2205 304 2243; x_wconf 85' lang='lat' dir='ltr'><strong>men</strong></span> <span class='ocrx_word' id='word_1_151' title='bbox 338 2190 503 2243; x_wconf 88' lang='lat' dir='ltr'><strong>etiam</strong></span> <span class='ocrx_word' id='word_1_152' title='bbox 534 2188 649 2257; x_wconf 86' lang='lat' dir='ltr'><strong>ejus</strong></span> <span class='ocrx_word' id='word_1_153' title='bbox 680 2190 880 2257; x_wconf 87' lang='lat' dir='ltr'><strong>posuit.</strong></span> 
     </span>
    </p>
   </div>
   <div class='ocr_carea' id='block_1_21' title="bbox 251 2279 1788 2352">
    <p class='ocr_par' dir='ltr' id='par_1_21' title="bbox 251 2279 1788 2352">
     <span class='ocr_line' id='line_1_21' title="bbox 251 2279 1788 2352; baseline 0.001 -20"><span class='ocrx_word' id='word_1_154' title='bbox 251 2281 515 2352; x_wconf 71' lang='lat' dir='ltr'><strong>Magnum</strong></span> <span class='ocrx_word' id='word_1_155' title='bbox 547 2283 732 2334; x_wconf 86' lang='lat' dir='ltr'><strong>bonum</strong></span> <span class='ocrx_word' id='word_1_156' title='bbox 760 2281 983 2351; x_wconf 80' lang='lat' dir='ltr'><strong>afﬂictio.</strong></span> <span class='ocrx_word' id='word_1_157' title='bbox 1013 2309 1083 2320; x_wconf 93' lang='lat'><strong>-—-</strong></span> <span class='ocrx_word' id='word_1_158' title='bbox 1116 2279 1247 2334; x_wconf 78' lang='lat' dir='ltr'><strong>Vide</strong></span> <span class='ocrx_word' id='word_1_159' title='bbox 1284 2290 1539 2349; x_wconf 88' lang='lat' dir='ltr'><strong>quantum</strong></span> <span class='ocrx_word' id='word_1_160' title='bbox 1584 2280 1654 2334; x_wconf 89' lang='lat' dir='ltr'><strong>sit</strong></span> <span class='ocrx_word' id='word_1_161' title='bbox 1692 2279 1788 2333; x_wconf 80' lang='lat' dir='ltr'><strong>ho-</strong></span> 
     </span>
    </p>
   </div>
   <div class='ocr_carea' id='block_1_22' title="bbox 184 2373 1782 2444">
    <p class='ocr_par' dir='ltr' id='par_1_22' title="bbox 184 2373 1782 2444">
     <span class='ocr_line' id='line_1_22' title="bbox 184 2373 1782 2444; baseline 0.001 -17"><span class='ocrx_word' id='word_1_162' title='bbox 184 2392 307 2429; x_wconf 88' lang='lat' dir='ltr'><strong>num</strong></span> <span class='ocrx_word' id='word_1_163' title='bbox 343 2373 601 2437; x_wconf 83' lang='lat' dir='ltr'><strong>afﬂictio,</strong></span> <span class='ocrx_word' id='word_1_164' title='bbox 635 2384 892 2443; x_wconf 85' lang='lat' dir='ltr'><strong>quantum</strong></span> <span class='ocrx_word' id='word_1_165' title='bbox 926 2385 1083 2429; x_wconf 90' lang='lat' dir='ltr'><strong>noctu</strong></span> <span class='ocrx_word' id='word_1_166' title='bbox 1116 2384 1395 2444; x_wconf 86' lang='lat' dir='ltr'><strong>precantes</strong></span> <span class='ocrx_word' id='word_1_167' title='bbox 1425 2375 1745 2442; x_wconf 90' lang='lat' dir='ltr'><strong>prolicerent</strong></span> <span class='ocrx_word' id='word_1_168' title='bbox 1766 2416 1782 2437; x_wconf 93' lang='lat'><strong>,</strong></span> 
     </span>
    </p>
   </div>
   <div class='ocr_carea' id='block_1_23' title="bbox 180 2464 1784 2535">
    <p class='ocr_par' dir='ltr' id='par_1_23' title="bbox 180 2464 1784 2535">
     <span class='ocr_line' id='line_1_23' title="bbox 180 2464 1784 2535; baseline 0.001 -16"><span class='ocrx_word' id='word_1_169' title='bbox 180 2481 342 2535; x_wconf 82' lang='lat' dir='ltr'><strong>quam</strong></span> <span class='ocrx_word' id='word_1_170' title='bbox 391 2465 584 2535; x_wconf 80' lang='lat' dir='ltr'><strong>vigiles</strong></span> <span class='ocrx_word' id='word_1_171' title='bbox 629 2465 752 2519; x_wconf 90' lang='lat' dir='ltr'><strong>hinc</strong></span> <span class='ocrx_word' id='word_1_172' title='bbox 783 2464 1150 2519; x_wconf 84' lang='lat' dir='ltr'><strong>efficerentur.</strong></span> <span class='ocrx_word' id='word_1_173' title='bbox 1198 2465 1481 2527; x_wconf 80' lang='lat' dir='ltr'><strong>Vidistin‘,</strong></span> <span class='ocrx_word' id='word_1_174' title='bbox 1527 2476 1784 2535; x_wconf 89' lang='lat' dir='ltr'><strong>quantum</strong></span> 
     </span>
    </p>
   </div>
   <div class='ocr_carea' id='block_1_24' title="bbox 184 2555 1785 2627">
    <p class='ocr_par' dir='ltr' id='par_1_24' title="bbox 184 2555 1785 2627">
     <span class='ocr_line' id='line_1_24' title="bbox 184 2555 1785 2627; baseline 0.001 -18"><span class='ocrx_word' id='word_1_175' title='bbox 184 2558 391 2612; x_wconf 88' lang='lat' dir='ltr'><strong>lucrum</strong></span> <span class='ocrx_word' id='word_1_176' title='bbox 436 2572 502 2611; x_wconf 79' lang='lat' dir='ltr'><strong>ex</strong></span> <span class='ocrx_word' id='word_1_177' title='bbox 534 2556 681 2611; x_wconf 59' lang='lat' dir='ltr'><strong>czede</strong></span> <span class='ocrx_word' id='word_1_178' title='bbox 727 2555 1024 2625; x_wconf 88' lang='lat' dir='ltr'><strong>Stephani?</strong></span> <span class='ocrx_word' id='word_1_179' title='bbox 1073 2557 1306 2611; x_wconf 81' lang='lat' dir='ltr'><strong>vidistin‘</strong></span> <span class='ocrx_word' id='word_1_180' title='bbox 1336 2568 1529 2627; x_wconf 90' lang='lat' dir='ltr'><strong>quanta</strong></span> <span class='ocrx_word' id='word_1_181' title='bbox 1574 2574 1639 2612; x_wconf 83' lang='lat' dir='ltr'><strong>ex</strong></span> <span class='ocrx_word' id='word_1_182' title='bbox 1685 2558 1785 2611; x_wconf 87' lang='lat' dir='ltr'><strong>hoc</strong></span> 
     </span>
    </p>
   </div>
   <div class='ocr_carea' id='block_1_25' title="bbox 183 2648 1784 2719">
    <p class='ocr_par' dir='ltr' id='par_1_25' title="bbox 183 2648 1784 2719">
     <span class='ocr_line' id='line_1_25' title="bbox 183 2648 1784 2719; baseline 0.004 -20"><span class='ocrx_word' id='word_1_183' title='bbox 183 2664 403 2703; x_wconf 66' lang='lat' dir='ltr'><strong>«arcere</strong></span> <span class='ocrx_word' id='word_1_184' title='bbox 454 2650 702 2703; x_wconf 84' lang='lat' dir='ltr'><strong>utilitas?</strong></span> <span class='ocrx_word' id='word_1_185' title='bbox 746 2648 860 2703; x_wconf 86' lang='lat' dir='ltr'><strong>Non</strong></span> <span class='ocrx_word' id='word_1_186' title='bbox 907 2652 1047 2705; x_wconf 85' lang='lat' dir='ltr'><strong>enim</strong></span> <span class='ocrx_word' id='word_1_187' title='bbox 1096 2651 1357 2705; x_wconf 83' lang='lat' dir='ltr'><strong>ulciscens</strong></span> <span class='ocrx_word' id='word_1_188' title='bbox 1403 2652 1543 2706; x_wconf 89' lang='lat' dir='ltr'><strong>Deus</strong></span> <span class='ocrx_word' id='word_1_189' title='bbox 1590 2653 1784 2719; x_wconf 87' lang='lat' dir='ltr'><strong>injuste</strong></span> 
     </span>
    </p>
   </div>
   <div class='ocr_carea' id='block_1_26' title="bbox 184 2738 1780 2812">
    <p class='ocr_par' dir='ltr' id='par_1_26' title="bbox 184 2738 1780 2812">
     <span class='ocr_line' id='line_1_26' title="bbox 184 2738 1780 2812; baseline 0.003 -20"><span class='ocrx_word' id='word_1_190' title='bbox 184 2742 446 2796; x_wconf 71' lang='lat' dir='ltr'><strong>lzedentes</strong></span> <span class='ocrx_word' id='word_1_191' title='bbox 478 2783 493 2805; x_wconf 89' lang='lat'><strong>,</strong></span> <span class='ocrx_word' id='word_1_192' title='bbox 526 2738 882 2812; x_wconf 61' lang='lat' dir='ltr'><strong>sic&#39;magnum</strong></span> <span class='ocrx_word' id='word_1_193' title='bbox 913 2742 1149 2796; x_wconf 88' lang='lat' dir='ltr'><strong>ostendit</strong></span> <span class='ocrx_word' id='word_1_194' title='bbox 1178 2744 1512 2812; x_wconf 74' lang='lat' dir='ltr'><strong>evangelium</strong></span> <span class='ocrx_word' id='word_1_195' title='bbox 1540 2759 1555 2805; x_wconf 89' lang='lat'><strong>;</strong></span> <span class='ocrx_word' id='word_1_196' title='bbox 1602 2744 1695 2797; x_wconf 84' lang='lat' dir='ltr'><strong>sed</strong></span> <span class='ocrx_word' id='word_1_197' title='bbox 1730 2745 1780 2797; x_wconf 93' lang='lat' dir='ltr'><strong>iu</strong></span> 
     </span>
    </p>
   </div>
   <div class='ocr_carea' id='block_1_27' title="bbox 186 2834 1783 2907">
    <p class='ocr_par' dir='ltr' id='par_1_27' title="bbox 186 2834 1783 2907">
     <span class='ocr_line' id='line_1_27' title="bbox 186 2834 1783 2907; baseline 0.003 -22"><span class='ocrx_word' id='word_1_198' title='bbox 186 2836 313 2904; x_wconf 87' lang='lat' dir='ltr'><strong>ipsis</strong></span> <span class='ocrx_word' id='word_1_199' title='bbox 372 2834 693 2889; x_wconf 72' lang='lat' dir='ltr'><strong>lzedentibus</strong></span> <span class='ocrx_word' id='word_1_200' title='bbox 744 2835 877 2890; x_wconf 85' lang='lat' dir='ltr'><strong>nihil</strong></span> <span class='ocrx_word' id='word_1_201' title='bbox 929 2837 1056 2891; x_wconf 89' lang='lat' dir='ltr'><strong>mali</strong></span> <span class='ocrx_word' id='word_1_202' title='bbox 1113 2838 1438 2905; x_wconf 81' lang='lat' dir='ltr'><strong>patientibus</strong></span> <span class='ocrx_word' id='word_1_203' title='bbox 1493 2839 1634 2907; x_wconf 63' lang='lat' dir='ltr'><strong>ipsas</strong></span> <span class='ocrx_word' id='word_1_204' title='bbox 1692 2839 1783 2890; x_wconf 87' lang='lat' dir='ltr'><strong>tri-</strong></span> 
     </span>
    </p>
   </div>
   <div class='ocr_carea' id='block_1_28' title="bbox 185 2929 1782 2999">
    <p class='ocr_par' dir='ltr' id='par_1_28' title="bbox 185 2929 1782 2999">
     <span class='ocr_line' id='line_1_28' title="bbox 185 2929 1782 2999; baseline 0.001 -18"><span class='ocrx_word' id='word_1_205' title='bbox 185 2929 494 2983; x_wconf 87' lang='lat' dir='ltr'><strong>bulationes</strong></span> <span class='ocrx_word' id='word_1_206' title='bbox 535 2944 629 2999; x_wconf 90' lang='lat' dir='ltr'><strong>per</strong></span> <span class='ocrx_word' id='word_1_207' title='bbox 670 2944 729 2983; x_wconf 89' lang='lat' dir='ltr'><strong>se</strong></span> <span class='ocrx_word' id='word_1_208' title='bbox 774 2945 1025 2999; x_wconf 83' lang='lat' dir='ltr'><strong>magnum</strong></span> <span class='ocrx_word' id='word_1_209' title='bbox 1071 2929 1198 2999; x_wconf 91' lang='lat' dir='ltr'><strong>quid</strong></span> <span class='ocrx_word' id='word_1_210' title='bbox 1242 2945 1363 2984; x_wconf 89' lang='lat' dir='ltr'><strong>esse</strong></span> <span class='ocrx_word' id='word_1_211' title='bbox 1400 2929 1667 2991; x_wconf 87' lang='lat' dir='ltr'><strong>ostendit,</strong></span> <span class='ocrx_word' id='word_1_212' title='bbox 1716 2944 1782 2982; x_wconf 91' lang='lat' dir='ltr'><strong>ne</strong></span> 
     </span>
    </p>
   </div>
   <div class='ocr_carea' id='block_1_29' title="bbox 185 3020 1783 3091">
    <p class='ocr_par' dir='ltr' id='par_1_29' title="bbox 185 3020 1783 3091">
     <span class='ocr_line' id='line_1_29' title="bbox 185 3020 1783 3091; baseline 0.003 -23"><span class='ocrx_word' id='word_1_213' title='bbox 185 3021 264 3074; x_wconf 72' lang='lat' dir='ltr'><strong>vel</strong></span> <span class='ocrx_word' id='word_1_214' title='bbox 289 3022 359 3073; x_wconf 92' lang='lat' dir='ltr'><strong>ab</strong></span> <span class='ocrx_word' id='word_1_215' title='bbox 388 3020 495 3075; x_wconf 87' lang='lat' dir='ltr'><strong>illis</strong></span> <span class='ocrx_word' id='word_1_216' title='bbox 516 3021 651 3091; x_wconf 87' lang='lat' dir='ltr'><strong>eripi</strong></span> <span class='ocrx_word' id='word_1_217' title='bbox 681 3061 697 3085; x_wconf 91' lang='lat'><strong>,</strong></span> <span class='ocrx_word' id='word_1_218' title='bbox 725 3021 808 3076; x_wconf 92' lang='lat' dir='ltr'><strong>vel</strong></span> <span class='ocrx_word' id='word_1_219' title='bbox 838 3021 1095 3075; x_wconf 88' lang='lat' dir='ltr'><strong>ultionem</strong></span> <span class='ocrx_word' id='word_1_220' title='bbox 1124 3021 1263 3075; x_wconf 92' lang='lat' dir='ltr'><strong>sumi</strong></span> <span class='ocrx_word' id='word_1_221' title='bbox 1291 3036 1616 3091; x_wconf 68' lang='lat' dir='ltr'><strong>qumramus.</strong></span> <span class='ocrx_word' id='word_1_222' title='bbox 1662 3021 1783 3075; x_wconf 86' lang='lat' dir='ltr'><strong>Per-</strong></span> 
     </span>
    </p>
   </div>
   <div class='ocr_carea' id='block_1_30' title="bbox 186 3113 1780 3184">
    <p class='ocr_par' dir='ltr' id='par_1_30' title="bbox 186 3113 1780 3184">
     <span class='ocr_line' id='line_1_30' title="bbox 186 3113 1780 3184; baseline 0.001 -19"><span class='ocrx_word' id='word_1_223' title='bbox 186 3113 359 3181; x_wconf 88' lang='lat' dir='ltr'><strong>pende</strong></span> <span class='ocrx_word' id='word_1_224' title='bbox 387 3153 404 3178; x_wconf 90' lang='lat'><strong>,</strong></span> <span class='ocrx_word' id='word_1_225' title='bbox 440 3113 711 3182; x_wconf 90' lang='lat' dir='ltr'><strong>quomodo</strong></span> <span class='ocrx_word' id='word_1_226' title='bbox 762 3114 972 3168; x_wconf 67' lang='lat' dir='ltr'><strong>ancillae</strong></span> <span class='ocrx_word' id='word_1_227' title='bbox 1015 3114 1153 3184; x_wconf 83' lang='lat' dir='ltr'><strong>apud</strong></span> <span class='ocrx_word' id='word_1_228' title='bbox 1204 3131 1297 3169; x_wconf 88' lang='lat' dir='ltr'><strong>eos</strong></span> <span class='ocrx_word' id='word_1_229' title='bbox 1343 3115 1393 3167; x_wconf 91' lang='lat' dir='ltr'><strong>in</strong></span> <span class='ocrx_word' id='word_1_230' title='bbox 1446 3119 1556 3183; x_wconf 90' lang='lat' dir='ltr'><strong>pari</strong></span> <span class='ocrx_word' id='word_1_231' title='bbox 1610 3114 1780 3181; x_wconf 89' lang='lat' dir='ltr'><strong>pretio</strong></span> 
     </span>
    </p>
   </div>
   <div class='ocr_carea' id='block_1_31' title="bbox 181 3204 1777 3277">
    <p class='ocr_par' dir='ltr' id='par_1_31' title="bbox 181 3204 1777 3277">
     <span class='ocr_line' id='line_1_31' title="bbox 181 3204 1777 3277; baseline 0.001 -19"><span class='ocrx_word' id='word_1_232' title='bbox 181 3214 381 3259; x_wconf 83' lang='lat' dir='ltr'><strong>essent.</strong></span> <span class='ocrx_word' id='word_1_233' title='bbox 419 3204 543 3259; x_wconf 71' lang='lat' dir='ltr'><strong>Prae</strong></span> <span class='ocrx_word' id='word_1_234' title='bbox 568 3206 759 3276; x_wconf 83' lang='lat' dir='ltr'><strong>gaudio</strong></span> <span class='ocrx_word' id='word_1_235' title='bbox 782 3246 797 3271; x_wconf 87' lang='lat'><strong>,</strong></span> <span class='ocrx_word' id='word_1_236' title='bbox 831 3205 1035 3276; x_wconf 88' lang='lat' dir='ltr'><strong>inquit,</strong></span> <span class='ocrx_word' id='word_1_237' title='bbox 1068 3224 1166 3259; x_wconf 85' lang='lat' dir='ltr'><strong>non</strong></span> <span class='ocrx_word' id='word_1_238' title='bbox 1195 3208 1412 3277; x_wconf 84' lang='lat' dir='ltr'><strong>aperuit.</strong></span> <span class='ocrx_word' id='word_1_239' title='bbox 1452 3208 1492 3260; x_wconf 78' lang='grc' dir='ltr'>Ε</span> <span class='ocrx_word' id='word_1_240' title='bbox 1522 3223 1577 3261; x_wconf 92' lang='lat' dir='ltr'><strong>re</strong></span> <span class='ocrx_word' id='word_1_241' title='bbox 1601 3217 1777 3260; x_wconf 86' lang='lat' dir='ltr'><strong>autem</strong></span> 
     </span>
    </p>
   </div>
   <div class='ocr_carea' id='block_1_32' title="bbox 183 3298 1777 3365">
    <p class='ocr_par' dir='ltr' id='par_1_32' title="bbox 183 3298 1777 3365">
     <span class='ocr_line' id='line_1_32' title="bbox 183 3298 1777 3365; baseline 0.003 -17"><span class='ocrx_word' id='word_1_242' title='bbox 183 3298 251 3350; x_wconf 85' lang='lat' dir='ltr'><strong>ita</strong></span> <span class='ocrx_word' id='word_1_243' title='bbox 282 3299 483 3350; x_wconf 81' lang='lat' dir='ltr'><strong>factum</strong></span> <span class='ocrx_word' id='word_1_244' title='bbox 514 3305 624 3363; x_wconf 88' lang='lat' dir='ltr'><strong>est,</strong></span> <span class='ocrx_word' id='word_1_245' title='bbox 656 3312 725 3351; x_wconf 92' lang='lat' dir='ltr'><strong>ne</strong></span> <span class='ocrx_word' id='word_1_246' title='bbox 755 3307 808 3351; x_wconf 89' lang='lat' dir='ltr'><strong>et</strong></span> <span class='ocrx_word' id='word_1_247' title='bbox 840 3298 915 3351; x_wconf 94' lang='lat' dir='ltr'><strong>illi</strong></span> <span class='ocrx_word' id='word_1_248' title='bbox 944 3300 1123 3352; x_wconf 86' lang='lat' dir='ltr'><strong>statim</strong></span> <span class='ocrx_word' id='word_1_249' title='bbox 1154 3299 1403 3352; x_wconf 87' lang='lat' dir='ltr'><strong>videntes</strong></span> <span class='ocrx_word' id='word_1_250' title='bbox 1433 3300 1777 3365; x_wconf 86' lang='lat' dir='ltr'><strong>obstupesce-</strong></span> 
     </span>
    </p>
   </div>
   <div class='ocr_carea' id='block_1_33' title="bbox 182 3391 1778 3455">
    <p class='ocr_par' dir='ltr' id='par_1_33' title="bbox 182 3391 1778 3455">
     <span class='ocr_line' id='line_1_33' title="bbox 182 3391 1778 3455; baseline 0.004 -14"><span class='ocrx_word' id='word_1_251' title='bbox 182 3402 335 3454; x_wconf 89' lang='lat' dir='ltr'><strong>rent,</strong></span> <span class='ocrx_word' id='word_1_252' title='bbox 376 3400 430 3443; x_wconf 87' lang='lat' dir='ltr'><strong>et</strong></span> <span class='ocrx_word' id='word_1_253' title='bbox 460 3404 564 3443; x_wconf 87' lang='lat' dir='ltr'><strong>uoo</strong></span> <span class='ocrx_word' id='word_1_254' title='bbox 596 3391 915 3455; x_wconf 88' lang='lat' dir='ltr'><strong>crederent,</strong></span> <span class='ocrx_word' id='word_1_255' title='bbox 945 3392 1038 3446; x_wconf 91' lang='lat' dir='ltr'><strong>sed</strong></span> <span class='ocrx_word' id='word_1_256' title='bbox 1072 3408 1223 3446; x_wconf 88' lang='lat' dir='ltr'><strong>mens</strong></span> <span class='ocrx_word' id='word_1_257' title='bbox 1261 3394 1469 3454; x_wconf 82' lang='lat' dir='ltr'><strong>illorum</strong></span> <span class='ocrx_word' id='word_1_258' title='bbox 1500 3410 1778 3449; x_wconf 75' lang='lat' dir='ltr'><strong>exercere-</strong></span> 
     </span>
    </p>
   </div>
   <div class='ocr_carea' id='block_1_34' title="bbox 180 3481 1778 3554">
    <p class='ocr_par' dir='ltr' id='par_1_34' title="bbox 180 3481 1778 3554">
     <span class='ocr_line' id='line_1_34' title="bbox 180 3481 1778 3554; baseline 0.004 -21"><span class='ocrx_word' id='word_1_259' title='bbox 180 3493 284 3534; x_wconf 87' lang='lat' dir='ltr'><strong>tur.</strong></span> <span class='ocrx_word' id='word_1_260' title='bbox 307 3482 374 3535; x_wconf 83' lang='lat' dir='ltr'><strong>Et</strong></span> <span class='ocrx_word' id='word_1_261' title='bbox 396 3481 542 3551; x_wconf 85' lang='lat' dir='ltr'><strong>quod</strong></span> <span class='ocrx_word' id='word_1_262' title='bbox 571 3496 670 3535; x_wconf 88' lang='lat' dir='ltr'><strong>nos</strong></span> <span class='ocrx_word' id='word_1_263' title='bbox 691 3482 868 3538; x_wconf 89' lang='lat' dir='ltr'><strong>facere</strong></span> <span class='ocrx_word' id='word_1_264' title='bbox 885 3483 1142 3547; x_wconf 89' lang='lat' dir='ltr'><strong>solemus,</strong></span> <span class='ocrx_word' id='word_1_265' title='bbox 1163 3486 1354 3538; x_wconf 79' lang='lat' dir='ltr'><strong>ancilla</strong></span> <span class='ocrx_word' id='word_1_266' title='bbox 1375 3501 1588 3554; x_wconf 89' lang='lat' dir='ltr'><strong>quoque</strong></span> <span class='ocrx_word' id='word_1_267' title='bbox 1606 3486 1778 3539; x_wconf 69' lang='lat' dir='ltr'><strong>fat-ere</strong></span> 
     </span>
    </p>
   </div>
   <div class='ocr_carea' id='block_1_35' title="bbox 177 3573 1778 3645">
    <p class='ocr_par' dir='ltr' id='par_1_35' title="bbox 177 3573 1778 3645">
     <span class='ocr_line' id='line_1_35' title="bbox 177 3573 1778 3645; baseline 0.004 -23"><span class='ocrx_word' id='word_1_268' title='bbox 177 3573 517 3642; x_wconf 81' lang='lat' dir='ltr'><strong>deprehensa</strong></span> <span class='ocrx_word' id='word_1_269' title='bbox 544 3584 665 3630; x_wconf 88' lang='lat' dir='ltr'><strong>est:</strong></span> <span class='ocrx_word' id='word_1_270' title='bbox 696 3575 784 3628; x_wconf 88' lang='lat' dir='ltr'><strong>illa</strong></span> <span class='ocrx_word' id='word_1_271' title='bbox 813 3591 1040 3645; x_wconf 86' lang='lat' dir='ltr'><strong>namque</strong></span> <span class='ocrx_word' id='word_1_272' title='bbox 1062 3577 1281 3629; x_wconf 75' lang='lat' dir='ltr'><strong>curabat</strong></span> <span class='ocrx_word' id='word_1_273' title='bbox 1305 3592 1416 3629; x_wconf 91' lang='lat' dir='ltr'><strong>rem</strong></span> <span class='ocrx_word' id='word_1_274' title='bbox 1444 3578 1619 3630; x_wconf 60' lang='lat' dir='ltr'><strong>latam</strong></span> <span class='ocrx_word' id='word_1_275' title='bbox 1647 3595 1778 3629; x_wconf 84' lang='lat' dir='ltr'><strong>ltllll-</strong></span> 
     </span>
    </p>
   </div>
   <div class='ocr_carea' id='block_1_36' title="bbox 177 3665 1777 3737">
    <p class='ocr_par' dir='ltr' id='par_1_36' title="bbox 177 3665 1777 3737">
     <span class='ocr_line' id='line_1_36' title="bbox 177 3665 1777 3737; baseline 0.002 -19"><span class='ocrx_word' id='word_1_276' title='bbox 177 3668 311 3719; x_wconf 85' lang='lat' dir='ltr'><strong>tiare</strong></span> <span class='ocrx_word' id='word_1_277' title='bbox 338 3683 353 3729; x_wconf 87' lang='lat'><strong>;</strong></span> <span class='ocrx_word' id='word_1_278' title='bbox 390 3667 509 3719; x_wconf 66' lang='lat' dir='ltr'><strong>lieta</strong></span> <span class='ocrx_word' id='word_1_279' title='bbox 541 3666 739 3737; x_wconf 84' lang='lat' dir='ltr'><strong>quippe</strong></span> <span class='ocrx_word' id='word_1_280' title='bbox 770 3682 857 3721; x_wconf 89' lang='lat' dir='ltr'><strong>res</strong></span> <span class='ocrx_word' id='word_1_281' title='bbox 886 3677 1021 3721; x_wconf 89' lang='lat' dir='ltr'><strong>erat.</strong></span> <span class='ocrx_word' id='word_1_282' title='bbox 1055 3665 1146 3719; x_wconf 85' lang='lat' dir='ltr'><strong>Illi</strong></span> <span class='ocrx_word' id='word_1_283' title='bbox 1176 3685 1288 3720; x_wconf 63' lang='lat' dir='ltr'><strong>vero</strong></span> <span class='ocrx_word' id='word_1_284' title='bbox 1317 3669 1546 3721; x_wconf 77' lang='lat' dir='ltr'><strong>dicebant</strong></span> <span class='ocrx_word' id='word_1_285' title='bbox 1576 3669 1654 3727; x_wconf 87' lang='lat' dir='ltr'><strong>ei,</strong></span> <span class='ocrx_word' id='word_1_286' title='bbox 1688 3667 1777 3721; x_wconf 84' lang='lat' dir='ltr'><strong>ln—</strong></span> 
     </span>
    </p>
   </div>
   <div class='ocr_carea' id='block_1_37' title="bbox 174 3754 1778 3827">
    <p class='ocr_par' dir='ltr' id='par_1_37' title="bbox 174 3754 1778 3827">
     <span class='ocr_line' id='line_1_37' title="bbox 174 3754 1778 3827; baseline 0.001 -18"><span class='ocrx_word' id='word_1_287' title='bbox 174 3760 337 3809; x_wconf 73' lang='lat' dir='ltr'><strong>soriis.</strong></span> <span class='ocrx_word' id='word_1_288' title='bbox 377 3754 489 3809; x_wconf 88' lang='lat' dir='ltr'><strong>Illa</strong></span> <span class='ocrx_word' id='word_1_289' title='bbox 516 3767 687 3810; x_wconf 86' lang='lat' dir='ltr'><strong>autem</strong></span> <span class='ocrx_word' id='word_1_290' title='bbox 732 3758 1011 3827; x_wconf 61' lang='lat' dir='ltr'><strong>afﬁrmabat</strong></span> <span class='ocrx_word' id='word_1_291' title='bbox 1053 3758 1124 3810; x_wconf 85' lang='lat' dir='ltr'><strong>sic</strong></span> <span class='ocrx_word' id='word_1_292' title='bbox 1169 3774 1219 3809; x_wconf 89' lang='lat' dir='ltr'><strong>se</strong></span> <span class='ocrx_word' id='word_1_293' title='bbox 1252 3756 1433 3811; x_wconf 80' lang='lat' dir='ltr'><strong>habere</strong></span> <span class='ocrx_word' id='word_1_294' title='bbox 1462 3773 1479 3809; x_wconf 91' lang='lat'><strong><em>:</em></strong></span> <span class='ocrx_word' id='word_1_295' title='bbox 1506 3758 1582 3810; x_wconf 83' lang='lat' dir='ltr'><strong>illi</strong></span> <span class='ocrx_word' id='word_1_296' title='bbox 1613 3772 1778 3810; x_wconf 83' lang='lat' dir='ltr'><strong>autem</strong></span> 
     </span>
    </p>
   </div>
   <div class='ocr_carea' id='block_1_38' title="bbox 172 3851 1775 3921">
    <p class='ocr_par' dir='ltr' id='par_1_38' title="bbox 172 3851 1775 3921">
     <span class='ocr_line' id='line_1_38' title="bbox 172 3851 1775 3921; baseline 0 -18"><span class='ocrx_word' id='word_1_297' title='bbox 172 3851 457 3904; x_wconf 62' lang='lat' dir='ltr'><strong>dicebant:</strong></span> <span class='ocrx_word' id='word_1_298' title='bbox 508 3852 730 3921; x_wconf 80' lang='lat' dir='ltr'><strong>Angelus</strong></span> <span class='ocrx_word' id='word_1_299' title='bbox 774 3852 883 3921; x_wconf 82' lang='lat' dir='ltr'><strong>ejus</strong></span> <span class='ocrx_word' id='word_1_300' title='bbox 932 3860 1025 3905; x_wconf 87' lang='lat' dir='ltr'><strong>est.</strong></span> <span class='ocrx_word' id='word_1_301' title='bbox 1089 3851 1222 3905; x_wconf 81' lang='lat' dir='ltr'><strong>Hinc</strong></span> <span class='ocrx_word' id='word_1_302' title='bbox 1263 3867 1444 3903; x_wconf 76' lang='lat' dir='ltr'><strong>verum</strong></span> <span class='ocrx_word' id='word_1_303' title='bbox 1498 3851 1775 3921; x_wconf 90' lang='lat' dir='ltr'><strong>probatur,</strong></span> 
     </span>
    </p>
   </div>
   <div class='ocr_carea' id='block_1_39' title="bbox 173 3942 1778 4013">
    <p class='ocr_par' dir='ltr' id='par_1_39' title="bbox 173 3942 1778 4013">
     <span class='ocr_line' id='line_1_39' title="bbox 173 3942 1778 4013; baseline 0.001 -17"><span class='ocrx_word' id='word_1_304' title='bbox 173 3958 617 4013; x_wconf 83' lang='lat' dir='ltr'><strong>unumquemque</strong></span> <span class='ocrx_word' id='word_1_305' title='bbox 672 3952 915 3996; x_wconf 87' lang='lat' dir='ltr'><strong>nostrum</strong></span> <span class='ocrx_word' id='word_1_306' title='bbox 957 3942 1205 4012; x_wconf 81' lang='lat' dir='ltr'><strong>angelum</strong></span> <span class='ocrx_word' id='word_1_307' title='bbox 1250 3943 1469 3998; x_wconf 88' lang='lat' dir='ltr'><strong>habere.</strong></span> <span class='ocrx_word' id='word_1_308' title='bbox 1526 3944 1591 3997; x_wconf 85' lang='lat' dir='ltr'><strong>Et</strong></span> <span class='ocrx_word' id='word_1_309' title='bbox 1638 3943 1778 3997; x_wconf 88' lang='lat' dir='ltr'><strong>unde</strong></span> 
     </span>
    </p>
   </div>
   <div class='ocr_carea' id='block_1_40' title="bbox 172 4033 1778 4103">
    <p class='ocr_par' dir='ltr' id='par_1_40' title="bbox 172 4033 1778 4103">
     <span class='ocr_line' id='line_1_40' title="bbox 172 4033 1778 4103; baseline 0.001 -16"><span class='ocrx_word' id='word_1_310' title='bbox 172 4038 221 4089; x_wconf 88' lang='lat' dir='ltr'><strong>in</strong></span> <span class='ocrx_word' id='word_1_311' title='bbox 271 4045 516 4088; x_wconf 86' lang='lat' dir='ltr'><strong>mentem</strong></span> <span class='ocrx_word' id='word_1_312' title='bbox 554 4034 717 4087; x_wconf 91' lang='lat' dir='ltr'><strong>subiit</strong></span> <span class='ocrx_word' id='word_1_313' title='bbox 761 4034 864 4088; x_wconf 89' lang='lat' dir='ltr'><strong>illis</strong></span> <span class='ocrx_word' id='word_1_314' title='bbox 912 4035 1159 4103; x_wconf 81' lang='lat' dir='ltr'><strong>angelum</strong></span> <span class='ocrx_word' id='word_1_315' title='bbox 1211 4033 1380 4086; x_wconf 83' lang='lat' dir='ltr'><strong>esse?</strong></span> <span class='ocrx_word' id='word_1_316' title='bbox 1437 4036 1480 4087; x_wconf 83' lang='lat' dir='ltr'><strong>A</strong></span> <span class='ocrx_word' id='word_1_317' title='bbox 1534 4042 1778 4101; x_wconf 84' lang='lat' dir='ltr'><strong>tempore</strong></span> 
     </span>
    </p>
   </div>
   <div class='ocr_carea' id='block_1_41' title="bbox 171 4123 1772 4194">
    <p class='ocr_par' dir='ltr' id='par_1_41' title="bbox 171 4123 1772 4194">
     <span class='ocr_line' id='line_1_41' title="bbox 171 4123 1772 4194; baseline 0.001 -18"><span class='ocrx_word' id='word_1_318' title='bbox 171 4127 303 4179; x_wconf 87' lang='lat' dir='ltr'><strong>illud</strong></span> <span class='ocrx_word' id='word_1_319' title='bbox 358 4126 793 4194; x_wconf 70' lang='lat' dir='ltr'><strong>suSpieabantur.</strong></span> <span class='ocrx_word' id='word_1_320' title='bbox 846 4123 913 4177; x_wconf 88' lang='lat' dir='ltr'><strong>Ut</strong></span> <span class='ocrx_word' id='word_1_321' title='bbox 945 4136 1114 4177; x_wconf 88' lang='lat' dir='ltr'><strong>autem</strong></span> <span class='ocrx_word' id='word_1_322' title='bbox 1149 4125 1495 4192; x_wconf 82' lang='lat' dir='ltr'><strong>perseuerabat</strong></span> <span class='ocrx_word' id='word_1_323' title='bbox 1524 4126 1734 4191; x_wconf 83' lang='lat' dir='ltr'><strong>pulsans</strong></span> <span class='ocrx_word' id='word_1_324' title='bbox 1759 4168 1772 4189; x_wconf 95' lang='lat'><strong>,</strong></span> 
     </span>
    </p>
   </div>
   <div class='ocr_carea' id='block_1_42' title="bbox 171 4218 1775 4288">
    <p class='ocr_par' dir='ltr' id='par_1_42' title="bbox 171 4218 1775 4288">
     <span class='ocr_line' id='line_1_42' title="bbox 171 4218 1775 4288; baseline 0.001 -18"><span class='ocrx_word' id='word_1_325' title='bbox 171 4220 349 4288; x_wconf 82' lang='lat' dir='ltr'><strong>inquit</strong></span> <span class='ocrx_word' id='word_1_326' title='bbox 376 4260 389 4278; x_wconf 85' lang='lat'><strong>.</strong></span> <span class='ocrx_word' id='word_1_327' title='bbox 439 4236 555 4269; x_wconf 84' lang='lat' dir='ltr'><strong>cum</strong></span> <span class='ocrx_word' id='word_1_328' title='bbox 610 4218 964 4282; x_wconf 79' lang='lat' dir='ltr'><strong>aperuissent,</strong></span> <span class='ocrx_word' id='word_1_329' title='bbox 1028 4218 1259 4270; x_wconf 80' lang='lat' dir='ltr'><strong>viderunt</strong></span> <span class='ocrx_word' id='word_1_330' title='bbox 1303 4234 1415 4270; x_wconf 88' lang='lat' dir='ltr'><strong>eum</strong></span> <span class='ocrx_word' id='word_1_331' title='bbox 1443 4259 1457 4283; x_wconf 93' lang='lat'><strong>,</strong></span> <span class='ocrx_word' id='word_1_332' title='bbox 1502 4228 1547 4271; x_wconf 90' lang='lat' dir='ltr'><strong>et</strong></span> <span class='ocrx_word' id='word_1_333' title='bbox 1604 4218 1775 4271; x_wconf 84' lang='lat' dir='ltr'><strong>obstu-</strong></span> 
     </span>
    </p>
   </div>
   <div class='ocr_carea' id='block_1_43' title="bbox 168 4308 1774 4379">
    <p class='ocr_par' dir='ltr' id='par_1_43' title="bbox 168 4308 1774 4379">
     <span class='ocr_line' id='line_1_43' title="bbox 168 4308 1774 4379; baseline 0.004 -20"><span class='ocrx_word' id='word_1_334' title='bbox 168 4318 419 4377; x_wconf 83' lang='lat' dir='ltr'><strong>puerunt.</strong></span> <span class='ocrx_word' id='word_1_335' title='bbox 453 4308 554 4359; x_wconf 85' lang='lat' dir='ltr'><strong>Ille</strong></span> <span class='ocrx_word' id='word_1_336' title='bbox 583 4324 697 4359; x_wconf 83' lang='lat' dir='ltr'><strong>vero</strong></span> <span class='ocrx_word' id='word_1_337' title='bbox 728 4325 955 4360; x_wconf 82' lang='lat' dir='ltr'><strong>annuens</strong></span> <span class='ocrx_word' id='word_1_338' title='bbox 984 4324 1139 4360; x_wconf 85' lang='lat' dir='ltr'><strong>numu</strong></span> <span class='ocrx_word' id='word_1_339' title='bbox 1158 4348 1173 4371; x_wconf 92' lang='lat'><strong>,</strong></span> <span class='ocrx_word' id='word_1_340' title='bbox 1214 4309 1484 4363; x_wconf 86' lang='lat' dir='ltr'><strong>silentium</strong></span> <span class='ocrx_word' id='word_1_341' title='bbox 1528 4325 1774 4379; x_wconf 82' lang='lat' dir='ltr'><strong>magnum</strong></span> 
     </span>
    </p>
   </div>
   <div class='ocr_carea' id='block_1_44' title="bbox 167 4400 1772 4473">
    <p class='ocr_par' dir='ltr' id='par_1_44' title="bbox 167 4400 1772 4473">
     <span class='ocr_line' id='line_1_44' title="bbox 167 4400 1772 4473; baseline 0.001 -18"><span class='ocrx_word' id='word_1_342' title='bbox 167 4404 290 4457; x_wconf 74' lang='lat' dir='ltr'><strong>fecit</strong></span> <span class='ocrx_word' id='word_1_343' title='bbox 318 4445 335 4469; x_wconf 93' lang='lat'><strong>,</strong></span> <span class='ocrx_word' id='word_1_344' title='bbox 378 4411 432 4454; x_wconf 91' lang='lat' dir='ltr'><strong>ut</strong></span> <span class='ocrx_word' id='word_1_345' title='bbox 463 4401 767 4454; x_wconf 87' lang='lat' dir='ltr'><strong>audiretur.</strong></span> <span class='ocrx_word' id='word_1_346' title='bbox 793 4400 1033 4469; x_wconf 89' lang='lat' dir='ltr'><strong>Optatior</strong></span> <span class='ocrx_word' id='word_1_347' title='bbox 1060 4402 1316 4473; x_wconf 88' lang='lat' dir='ltr'><strong>deinceps</strong></span> <span class='ocrx_word' id='word_1_348' title='bbox 1337 4402 1610 4470; x_wconf 84' lang='lat' dir='ltr'><strong>discipulis</strong></span> <span class='ocrx_word' id='word_1_349' title='bbox 1636 4415 1772 4470; x_wconf 87' lang='lat' dir='ltr'><strong>erat,</strong></span> 
     </span>
    </p>
   </div>
   <div class='ocr_carea' id='block_1_45' title="bbox 167 4495 1777 4565">
    <p class='ocr_par' dir='ltr' id='par_1_45' title="bbox 167 4495 1777 4565">
     <span class='ocr_line' id='line_1_45' title="bbox 167 4495 1777 4565; baseline 0.002 -18"><span class='ocrx_word' id='word_1_350' title='bbox 167 4514 269 4547; x_wconf 88' lang='lat' dir='ltr'><strong>non</strong></span> <span class='ocrx_word' id='word_1_351' title='bbox 308 4495 482 4548; x_wconf 81' lang='lat' dir='ltr'><strong>niodo</strong></span> <span class='ocrx_word' id='word_1_352' title='bbox 520 4496 661 4561; x_wconf 86' lang='lat' dir='ltr'><strong>quod</strong></span> <span class='ocrx_word' id='word_1_353' title='bbox 701 4506 941 4546; x_wconf 69' lang='lat' dir='ltr'><strong>Servatus</strong></span> <span class='ocrx_word' id='word_1_354' title='bbox 971 4504 1148 4557; x_wconf 87' lang='lat' dir='ltr'><strong>esset,</strong></span> <span class='ocrx_word' id='word_1_355' title='bbox 1179 4496 1272 4547; x_wconf 88' lang='lat' dir='ltr'><strong>sed</strong></span> <span class='ocrx_word' id='word_1_356' title='bbox 1304 4497 1463 4549; x_wconf 86' lang='lat' dir='ltr'><strong>etiam</strong></span> <span class='ocrx_word' id='word_1_357' title='bbox 1500 4497 1642 4565; x_wconf 91' lang='lat' dir='ltr'><strong>quod</strong></span> <span class='ocrx_word' id='word_1_358' title='bbox 1681 4497 1777 4550; x_wconf 90' lang='lat' dir='ltr'><strong>ad-</strong></span> 
     </span>
    </p>
   </div>
   <div class='ocr_carea' id='block_1_46' title="bbox 163 4585 1772 4649">
    <p class='ocr_par' dir='ltr' id='par_1_46' title="bbox 163 4585 1772 4649">
     <span class='ocr_line' id='line_1_46' title="bbox 163 4585 1772 4649; baseline 0 -9"><span class='ocrx_word' id='word_1_359' title='bbox 163 4598 309 4639; x_wconf 68' lang='lat' dir='ltr'><strong>esSet</strong></span> <span class='ocrx_word' id='word_1_360' title='bbox 330 4596 389 4640; x_wconf 87' lang='lat' dir='ltr'><strong>et</strong></span> <span class='ocrx_word' id='word_1_361' title='bbox 411 4585 715 4638; x_wconf 81' lang='lat' dir='ltr'><strong>accederet.</strong></span> <span class='ocrx_word' id='word_1_362' title='bbox 735 4586 951 4638; x_wconf 68' lang='lat' dir='ltr'><strong>Discant</strong></span> <span class='ocrx_word' id='word_1_363' title='bbox 971 4585 1249 4640; x_wconf 89' lang='lat' dir='ltr'><strong>manifeste</strong></span> <span class='ocrx_word' id='word_1_364' title='bbox 1266 4587 1444 4641; x_wconf 87' lang='lat' dir='ltr'><strong>omnia</strong></span> <span class='ocrx_word' id='word_1_365' title='bbox 1464 4587 1772 4649; x_wconf 81' lang='lat' dir='ltr'><strong>familiares,</strong></span> 
     </span>
    </p>
   </div>
   <div class='ocr_carea' id='block_1_47' title="bbox 166 4678 1769 4739">
    <p class='ocr_par' dir='ltr' id='par_1_47' title="bbox 166 4678 1769 4739">
     <span class='ocr_line' id='line_1_47' title="bbox 166 4678 1769 4739; baseline 0.002 -9"><span class='ocrx_word' id='word_1_366' title='bbox 166 4681 388 4731; x_wconf 78' lang='lat' dir='ltr'><strong>discunt.</strong></span> <span class='ocrx_word' id='word_1_367' title='bbox 418 4687 477 4730; x_wconf 87' lang='lat' dir='ltr'><strong>et</strong></span> <span class='ocrx_word' id='word_1_368' title='bbox 506 4678 702 4739; x_wconf 90' lang='lat' dir='ltr'><strong>alieni,</strong></span> <span class='ocrx_word' id='word_1_369' title='bbox 751 4679 792 4729; x_wconf 90' lang='lat' dir='ltr'><strong>si</strong></span> <span class='ocrx_word' id='word_1_370' title='bbox 826 4678 1048 4732; x_wconf 87' lang='lat' dir='ltr'><strong>credere</strong></span> <span class='ocrx_word' id='word_1_371' title='bbox 1076 4679 1280 4738; x_wconf 89' lang='lat' dir='ltr'><strong>velint;</strong></span> <span class='ocrx_word' id='word_1_372' title='bbox 1325 4679 1419 4733; x_wconf 91' lang='lat' dir='ltr'><strong>sed</strong></span> <span class='ocrx_word' id='word_1_373' title='bbox 1462 4682 1769 4737; x_wconf 88' lang='lat' dir='ltr'><strong>noluerunt.</strong></span> 
     </span>
    </p>
   </div>
   <div class='ocr_carea' id='block_1_48' title="bbox 168 4768 1769 4841">
    <p class='ocr_par' dir='ltr' id='par_1_48' title="bbox 168 4768 1769 4841">
     <span class='ocr_line' id='line_1_48' title="bbox 168 4768 1769 4841; baseline 0.003 -20"><span class='ocrx_word' id='word_1_374' title='bbox 168 4771 278 4824; x_wconf 89' lang='lat' dir='ltr'><strong>lloc</strong></span> <span class='ocrx_word' id='word_1_375' title='bbox 326 4771 503 4823; x_wconf 87' lang='lat' dir='ltr'><strong>etiam</strong></span> <span class='ocrx_word' id='word_1_376' title='bbox 538 4770 589 4821; x_wconf 89' lang='lat' dir='ltr'><strong>in</strong></span> <span class='ocrx_word' id='word_1_377' title='bbox 618 4768 833 4822; x_wconf 78' lang='lat' dir='ltr'><strong>Christo</strong></span> <span class='ocrx_word' id='word_1_378' title='bbox 862 4768 1056 4822; x_wconf 85' lang='lat' dir='ltr'><strong>factum</strong></span> <span class='ocrx_word' id='word_1_379' title='bbox 1086 4781 1190 4823; x_wconf 78' lang='lat' dir='ltr'><strong>est.</strong></span> <span class='ocrx_word' id='word_1_380' title='bbox 1241 4770 1520 4833; x_wconf 80' lang='lat' dir='ltr'><strong>Nuntiate,</strong></span> <span class='ocrx_word' id='word_1_381' title='bbox 1559 4774 1726 4841; x_wconf 90' lang='lat' dir='ltr'><strong>inquit</strong></span> <span class='ocrx_word' id='word_1_382' title='bbox 1754 4816 1769 4839; x_wconf 95' lang='lat'><strong>,</strong></span> 
     </span>
    </p>
   </div>
   <div class='ocr_carea' id='block_1_49' title="bbox 162 4861 1769 4934">
    <p class='ocr_par' dir='ltr' id='par_1_49' title="bbox 162 4861 1769 4934">
     <span class='ocr_line' id='line_1_49' title="bbox 162 4861 1769 4934; baseline 0.002 -19"><span class='ocrx_word' id='word_1_383' title='bbox 162 4865 361 4917; x_wconf 80' lang='lat' dir='ltr'><strong>Jucobo</strong></span> <span class='ocrx_word' id='word_1_384' title='bbox 388 4877 437 4916; x_wconf 88' lang='lat' dir='ltr'><strong>et</strong></span> <span class='ocrx_word' id='word_1_385' title='bbox 461 4864 707 4931; x_wconf 81' lang='lat' dir='ltr'><strong>fratribus</strong></span> <span class='ocrx_word' id='word_1_386' title='bbox 730 4862 851 4913; x_wconf 75' lang='grc' dir='ltr'><strong>Ιιηισ.</strong></span> <span class='ocrx_word' id='word_1_387' title='bbox 884 4861 1014 4917; x_wconf 87' lang='lat' dir='ltr'><strong>Vide</strong></span> <span class='ocrx_word' id='word_1_388' title='bbox 1035 4863 1302 4931; x_wconf 87' lang='lat' dir='ltr'><strong>quomodo</strong></span> <span class='ocrx_word' id='word_1_389' title='bbox 1331 4879 1519 4917; x_wconf 86' lang='lat' dir='ltr'><strong>vanam</strong></span> <span class='ocrx_word' id='word_1_390' title='bbox 1547 4866 1769 4934; x_wconf 83' lang='lat' dir='ltr'><strong>gloriam</strong></span> 
     </span>
    </p>
   </div>
   <div class='ocr_carea' id='block_1_50' title="bbox 166 4953 1772 5025">
    <p class='ocr_par' dir='ltr' id='par_1_50' title="bbox 166 4953 1772 5025">
     <span class='ocr_line' id='line_1_50' title="bbox 166 4953 1772 5025; baseline 0.001 -16"><span class='ocrx_word' id='word_1_391' title='bbox 166 4972 267 5010; x_wconf 89' lang='lat' dir='ltr'><strong>non</strong></span> <span class='ocrx_word' id='word_1_392' title='bbox 299 4965 545 5025; x_wconf 68' lang='lat' dir='ltr'><strong>quaerat.</strong></span> <span class='ocrx_word' id='word_1_393' title='bbox 576 4953 689 5006; x_wconf 78' lang='lat' dir='ltr'><strong>Non</strong></span> <span class='ocrx_word' id='word_1_394' title='bbox 717 4954 862 5005; x_wconf 89' lang='lat' dir='ltr'><strong>enim</strong></span> <span class='ocrx_word' id='word_1_395' title='bbox 896 4955 1027 5007; x_wconf 72' lang='lat' dir='ltr'><strong>dixit</strong></span> <span class='ocrx_word' id='word_1_396' title='bbox 1048 4996 1062 5016; x_wconf 93' lang='lat'><strong>,</strong></span> <span class='ocrx_word' id='word_1_397' title='bbox 1105 4954 1351 5023; x_wconf 89' lang='lat' dir='ltr'><strong>Undique</strong></span> <span class='ocrx_word' id='word_1_398' title='bbox 1382 4956 1496 5009; x_wconf 82' lang='lat' dir='ltr'><strong>lnec</strong></span> <span class='ocrx_word' id='word_1_399' title='bbox 1523 4957 1772 5011; x_wconf 71' lang='lat' dir='ltr'><strong>erunibus</strong></span> 
     </span>
    </p>
   </div>
   <div class='ocr_carea' id='block_1_51' title="bbox 166 5045 1767 5112">
    <p class='ocr_par' dir='ltr' id='par_1_51' title="bbox 166 5045 1767 5112">
     <span class='ocr_line' id='line_1_51' title="bbox 166 5045 1767 5112; baseline 0.001 -11"><span class='ocrx_word' id='word_1_400' title='bbox 166 5054 416 5103; x_wconf 84' lang='lat' dir='ltr'><strong>nuntiate</strong></span> <span class='ocrx_word' id='word_1_401' title='bbox 444 5068 458 5112; x_wconf 88' lang='lat'>;</span> <span class='ocrx_word' id='word_1_402' title='bbox 490 5048 583 5101; x_wconf 86' lang='lat' dir='ltr'><strong>sed</strong></span> <span class='ocrx_word' id='word_1_403' title='bbox 611 5089 625 5108; x_wconf 87' lang='lat'><strong>,</strong></span> <span class='ocrx_word' id='word_1_404' title='bbox 660 5045 944 5099; x_wconf 82' lang='lat' dir='ltr'><strong>Fratribus.</strong></span> <span class='ocrx_word' id='word_1_405' title='bbox 978 5046 1043 5099; x_wconf 75' lang='lat' dir='ltr'><strong>[Ct</strong></span> <span class='ocrx_word' id='word_1_406' title='bbox 1066 5049 1300 5101; x_wconf 82' lang='lat' dir='ltr'><strong>abscessit</strong></span> <span class='ocrx_word' id='word_1_407' title='bbox 1322 5050 1372 5101; x_wconf 88' lang='lat' dir='ltr'><strong>in</strong></span> <span class='ocrx_word' id='word_1_408' title='bbox 1400 5049 1557 5101; x_wconf 83' lang='lat' dir='ltr'><strong>alium</strong></span> <span class='ocrx_word' id='word_1_409' title='bbox 1584 5052 1767 5102; x_wconf 87' lang='lat' dir='ltr'><strong>locum.</strong></span> 
     </span>
    </p>
   </div>
   <div class='ocr_carea' id='block_1_52' title="bbox 166 5140 1772 5214">
    <p class='ocr_par' dir='ltr' id='par_1_52' title="bbox 166 5140 1772 5214">
     <span class='ocr_line' id='line_1_52' title="bbox 166 5140 1772 5214; baseline -0.001 -17"><span class='ocrx_word' id='word_1_410' title='bbox 166 5144 349 5214; x_wconf 74' lang='lat' dir='ltr'><strong>Neque</strong></span> <span class='ocrx_word' id='word_1_411' title='bbox 376 5141 533 5196; x_wconf 88' lang='lat' dir='ltr'><strong>enim</strong></span> <span class='ocrx_word' id='word_1_412' title='bbox 558 5140 793 5192; x_wconf 88' lang='lat' dir='ltr'><strong>tentahat</strong></span> <span class='ocrx_word' id='word_1_413' title='bbox 815 5141 976 5193; x_wconf 83' lang='lat' dir='ltr'><strong>Deum</strong></span> <span class='ocrx_word' id='word_1_414' title='bbox 995 5181 1008 5201; x_wconf 92' lang='lat'><strong>,</strong></span> <span class='ocrx_word' id='word_1_415' title='bbox 1035 5155 1207 5206; x_wconf 87' lang='lat' dir='ltr'><strong>neque</strong></span> <span class='ocrx_word' id='word_1_416' title='bbox 1234 5155 1351 5193; x_wconf 86' lang='lat' dir='ltr'><strong>sese</strong></span> <span class='ocrx_word' id='word_1_417' title='bbox 1374 5140 1422 5192; x_wconf 91' lang='lat' dir='ltr'><strong>in</strong></span> <span class='ocrx_word' id='word_1_418' title='bbox 1451 5141 1772 5195; x_wconf 88' lang='lat' dir='ltr'><strong>tentationes</strong></span> 
     </span>
    </p>
   </div>
   <div class='ocr_carea' id='block_1_53' title="bbox 166 5229 1767 5301">
    <p class='ocr_par' dir='ltr' id='par_1_53' title="bbox 166 5229 1767 5301">
     <span class='ocr_line' id='line_1_53' title="bbox 166 5229 1767 5301; baseline -0.002 -16"><span class='ocrx_word' id='word_1_419' title='bbox 166 5234 452 5301; x_wconf 69' lang='lat' dir='ltr'><strong>iniit-iebat</strong></span> <span class='ocrx_word' id='word_1_420' title='bbox 480 5249 494 5283; x_wconf 90' lang='lat'>:</span> <span class='ocrx_word' id='word_1_421' title='bbox 521 5230 651 5283; x_wconf 90' lang='lat' dir='ltr'><strong>illud</strong></span> <span class='ocrx_word' id='word_1_422' title='bbox 673 5232 813 5284; x_wconf 92' lang='lat' dir='ltr'><strong>enim</strong></span> <span class='ocrx_word' id='word_1_423' title='bbox 833 5229 966 5297; x_wconf 78' lang='lat' dir='ltr'><strong>jussi</strong></span> <span class='ocrx_word' id='word_1_424' title='bbox 993 5239 1193 5284; x_wconf 87' lang='lat' dir='ltr'><strong>tantum</strong></span> <span class='ocrx_word' id='word_1_425' title='bbox 1214 5229 1497 5285; x_wconf 83' lang='lat' dir='ltr'><strong>faciebant.</strong></span> <span class='ocrx_word' id='word_1_426' title='bbox 1520 5231 1767 5301; x_wconf 81' lang='lat' dir='ltr'><strong>lngressi,</strong></span> 
     </span>
    </p>
   </div>
   <div class='ocr_carea' id='block_1_54' title="bbox 166 5323 1767 5397">
    <p class='ocr_par' dir='ltr' id='par_1_54' title="bbox 166 5323 1767 5397">
     <span class='ocr_line' id='line_1_54' title="bbox 166 5323 1767 5397; baseline -0.001 -18"><span class='ocrx_word' id='word_1_427' title='bbox 166 5330 370 5397; x_wconf 86' lang='lat' dir='ltr'><strong>inquit,</strong></span> <span class='ocrx_word' id='word_1_428' title='bbox 424 5326 483 5377; x_wconf 83' lang='lat' dir='ltr'><strong>in</strong></span> <span class='ocrx_word' id='word_1_429' title='bbox 518 5326 794 5393; x_wconf 79' lang='lat' dir='ltr'><strong>templum,</strong></span> <span class='ocrx_word' id='word_1_430' title='bbox 828 5325 1090 5387; x_wconf 86' lang='lat' dir='ltr'><strong>loquimini</strong></span> <span class='ocrx_word' id='word_1_431' title='bbox 1122 5323 1311 5393; x_wconf 85' lang='lat' dir='ltr'><strong>papula</strong></span> <span class='ocrx_word' id='word_1_432' title='bbox 1354 5323 1374 5393; x_wconf 85' lang='lat'>(</span> <span class='ocrx_word' id='word_1_433' title='bbox 1402 5325 1513 5377; x_wconf 78' lang='lat' dir='ltr'><strong>Act.</strong></span> <span class='ocrx_word' id='word_1_434' title='bbox 1546 5326 1601 5379; x_wconf 83' lang='lat'><strong>5.</strong></span> <span class='ocrx_word' id='word_1_435' title='bbox 1633 5324 1704 5380; x_wconf 71' lang='grc' dir='ltr'><strong>’ΞΟ</strong></span> 
     </span>
    </p>
   </div>
   <div class='ocr_carea' id='block_1_55' title="bbox 168 5416 1770 5484">
    <p class='ocr_par' dir='ltr' id='par_1_55' title="bbox 168 5416 1770 5484">
     <span class='ocr_line' id='line_1_55' title="bbox 168 5416 1770 5484; baseline -0.001 -13"><span class='ocrx_word' id='word_1_436' title='bbox 168 5422 482 5473; x_wconf 73' lang='lat' dir='ltr'><strong>Audierant</strong></span> <span class='ocrx_word' id='word_1_437' title='bbox 524 5426 576 5469; x_wconf 87' lang='lat' dir='ltr'><strong>et</strong></span> <span class='ocrx_word' id='word_1_438' title='bbox 619 5416 800 5468; x_wconf 91' lang='lat' dir='ltr'><strong>statim</strong></span> <span class='ocrx_word' id='word_1_439' title='bbox 842 5416 1120 5484; x_wconf 88' lang='lat' dir='ltr'><strong>obsequuti</strong></span> <span class='ocrx_word' id='word_1_440' title='bbox 1156 5426 1300 5469; x_wconf 88' lang='lat' dir='ltr'><strong>sunt.</strong></span> <span class='ocrx_word' id='word_1_441' title='bbox 1351 5416 1462 5469; x_wconf 80' lang='lat' dir='ltr'><strong>Hoc</strong></span> <span class='ocrx_word' id='word_1_442' title='bbox 1507 5432 1635 5470; x_wconf 86' lang='lat' dir='ltr'><strong>vero</strong></span> <span class='ocrx_word' id='word_1_443' title='bbox 1660 5416 1770 5484; x_wconf 89' lang='lat' dir='ltr'><strong>jam</strong></span> 
     </span>
    </p>
   </div>
   <div class='ocr_carea' id='block_1_56' title="bbox 169 5506 1770 5576">
    <p class='ocr_par' dir='ltr' id='par_1_56' title="bbox 169 5506 1770 5576">
     <span class='ocr_line' id='line_1_56' title="bbox 169 5506 1770 5576; baseline 0.001 -16"><span class='ocrx_word' id='word_1_444' title='bbox 169 5529 263 5563; x_wconf 89' lang='lat' dir='ltr'><strong>non</strong></span> <span class='ocrx_word' id='word_1_445' title='bbox 297 5511 442 5565; x_wconf 89' lang='lat' dir='ltr'><strong>dicit</strong></span> <span class='ocrx_word' id='word_1_446' title='bbox 470 5508 719 5575; x_wconf 82' lang='lat' dir='ltr'><strong>angelus,</strong></span> <span class='ocrx_word' id='word_1_447' title='bbox 746 5507 836 5560; x_wconf 84' lang='lat' dir='ltr'><strong>sed</strong></span> <span class='ocrx_word' id='word_1_448' title='bbox 860 5506 999 5576; x_wconf 90' lang='lat' dir='ltr'><strong>quod</strong></span> <span class='ocrx_word' id='word_1_449' title='bbox 1027 5508 1249 5561; x_wconf 86' lang='lat' dir='ltr'><strong>silenter</strong></span> <span class='ocrx_word' id='word_1_450' title='bbox 1275 5509 1514 5562; x_wconf 88' lang='lat' dir='ltr'><strong>abscedit</strong></span> <span class='ocrx_word' id='word_1_451' title='bbox 1536 5519 1589 5561; x_wconf 92' lang='lat' dir='ltr'><strong>et</strong></span> <span class='ocrx_word' id='word_1_452' title='bbox 1613 5518 1770 5563; x_wconf 80' lang='lat' dir='ltr'><strong>nnctu</strong></span> 
     </span>
    </p>
   </div>
   <div class='ocr_carea' id='block_1_57' title="bbox 167 5598 1769 5666">
    <p class='ocr_par' dir='ltr' id='par_1_57' title="bbox 167 5598 1769 5666">
     <span class='ocr_line' id='line_1_57' title="bbox 167 5598 1769 5666; baseline -0.001 -10"><span class='ocrx_word' id='word_1_453' title='bbox 167 5605 337 5657; x_wconf 75' lang='lat' dir='ltr'><strong>eduxit</strong></span> <span class='ocrx_word' id='word_1_454' title='bbox 362 5645 378 5666; x_wconf 86' lang='lat'><strong>,</strong></span> <span class='ocrx_word' id='word_1_455' title='bbox 402 5602 555 5655; x_wconf 83' lang='lat' dir='ltr'><strong>dedit</strong></span> <span class='ocrx_word' id='word_1_456' title='bbox 582 5598 886 5652; x_wconf 77' lang='lat' dir='ltr'><strong>facultatem</strong></span> <span class='ocrx_word' id='word_1_457' title='bbox 912 5600 1214 5654; x_wconf 86' lang='lat' dir='ltr'><strong>secedendi.</strong></span> <span class='ocrx_word' id='word_1_458' title='bbox 1236 5600 1346 5655; x_wconf 80' lang='lat' dir='ltr'><strong>Hoc</strong></span> <span class='ocrx_word' id='word_1_459' title='bbox 1366 5612 1543 5655; x_wconf 87' lang='lat' dir='ltr'><strong>autem</strong></span> <span class='ocrx_word' id='word_1_460' title='bbox 1573 5601 1769 5655; x_wconf 87' lang='lat' dir='ltr'><strong>factum</strong></span> 
     </span>
    </p>
   </div>
   <div class='ocr_carea' id='block_1_58' title="bbox 166 5689 1771 5760">
    <p class='ocr_par' dir='ltr' id='par_1_58' title="bbox 166 5689 1771 5760">
     <span class='ocr_line' id='line_1_58' title="bbox 166 5689 1771 5760; baseline 0 -15"><span class='ocrx_word' id='word_1_461' title='bbox 166 5707 283 5756; x_wconf 77' lang='lat' dir='ltr'><strong>est,</strong></span> <span class='ocrx_word' id='word_1_462' title='bbox 335 5701 400 5744; x_wconf 89' lang='lat' dir='ltr'><strong>ut</strong></span> <span class='ocrx_word' id='word_1_463' title='bbox 449 5689 729 5743; x_wconf 80' lang='lat' dir='ltr'><strong>discamus</strong></span> <span class='ocrx_word' id='word_1_464' title='bbox 773 5690 937 5742; x_wconf 85' lang='lat' dir='ltr'><strong>multa</strong></span> <span class='ocrx_word' id='word_1_465' title='bbox 985 5691 1217 5744; x_wconf 90' lang='lat' dir='ltr'><strong>humano</strong></span> <span class='ocrx_word' id='word_1_466' title='bbox 1266 5707 1416 5745; x_wconf 90' lang='lat' dir='ltr'><strong>more</strong></span> <span class='ocrx_word' id='word_1_467' title='bbox 1464 5691 1771 5760; x_wconf 75' lang='lat' dir='ltr'><strong>dispensata</strong></span> 
     </span>
    </p>
   </div>
   <div class='ocr_carea' id='block_1_59' title="bbox 170 5780 1770 5851">
    <p class='ocr_par' dir='ltr' id='par_1_59' title="bbox 170 5780 1770 5851">
     <span class='ocr_line' id='line_1_59' title="bbox 170 5780 1770 5851; baseline 0 -16"><span class='ocrx_word' id='word_1_468' title='bbox 170 5784 360 5845; x_wconf 80' lang='lat' dir='ltr'><strong>fuisse,</strong></span> <span class='ocrx_word' id='word_1_469' title='bbox 427 5793 494 5837; x_wconf 90' lang='lat' dir='ltr'><strong>ut</strong></span> <span class='ocrx_word' id='word_1_470' title='bbox 541 5798 610 5835; x_wconf 89' lang='lat' dir='ltr'><strong>ne</strong></span> <span class='ocrx_word' id='word_1_471' title='bbox 659 5782 749 5834; x_wconf 87' lang='lat' dir='ltr'><strong>ille</strong></span> <span class='ocrx_word' id='word_1_472' title='bbox 795 5780 986 5836; x_wconf 87' lang='lat' dir='ltr'><strong>iterum</strong></span> <span class='ocrx_word' id='word_1_473' title='bbox 1039 5784 1446 5851; x_wconf 75' lang='lat' dir='ltr'><strong>periclitaretur.</strong></span> <span class='ocrx_word' id='word_1_474' title='bbox 1507 5785 1581 5837; x_wconf 64' lang='lat' dir='ltr'><strong>Ne</strong></span> <span class='ocrx_word' id='word_1_475' title='bbox 1629 5786 1770 5838; x_wconf 87' lang='lat' dir='ltr'><strong>enim</strong></span> 
     </span>
    </p>
   </div>
   <div class='ocr_carea' id='block_1_60' title="bbox 172 5874 1767 5945">
    <p class='ocr_par' dir='ltr' id='par_1_60' title="bbox 172 5874 1767 5945">
     <span class='ocr_line' id='line_1_60' title="bbox 172 5874 1767 5945; baseline 0.005 -21"><span class='ocrx_word' id='word_1_476' title='bbox 172 5891 275 5941; x_wconf 66' lang='grc' dir='ltr'><strong>ῃειδῑ</strong></span> <span class='ocrx_word' id='word_1_477' title='bbox 306 5882 621 5932; x_wconf 54' lang='grc' dir='ltr'><strong>,ιὶδιϊδθιιηι</strong></span> <span class='ocrx_word' id='word_1_478' title='bbox 665 5874 779 5941; x_wconf 76' lang='lat' dir='ltr'><strong>ejus</strong></span> <span class='ocrx_word' id='word_1_479' title='bbox 819 5874 1055 5929; x_wconf 72' lang='lat' dir='ltr'><strong>dicereut</strong></span> <span class='ocrx_word' id='word_1_480' title='bbox 1082 5878 1326 5945; x_wconf 77' lang='lat' dir='ltr'><strong>angelum</strong></span> <span class='ocrx_word' id='word_1_481' title='bbox 1356 5877 1468 5945; x_wconf 71' lang='lat' dir='ltr'><strong>ejus</strong></span> <span class='ocrx_word' id='word_1_482' title='bbox 1500 5893 1634 5945; x_wconf 69' lang='lat' dir='ltr'><strong>esse,</strong></span> <span class='ocrx_word' id='word_1_483' title='bbox 1673 5881 1767 5932; x_wconf 77' lang='lat' dir='ltr'><strong>hoc</strong></span> 
     </span>
    </p>
   </div>
   <div class='ocr_carea' id='block_1_61' title="bbox 1162 407 2523 471">
    <p class='ocr_par' dir='ltr' id='par_1_61' title="bbox 1162 407 2523 471">
     <span class='ocr_line' id='line_1_61' title="bbox 1162 407 2523 471; baseline -0.007 0"><span class='ocrx_word' id='word_1_484' title='bbox 1162 416 1226 471; x_wconf 79' lang='grc' dir='ltr'><strong>ΙΝ</strong></span> <span class='ocrx_word' id='word_1_485' title='bbox 1267 414 1442 469; x_wconf 80' lang='lat' dir='ltr'><strong>ACTA</strong></span> <span class='ocrx_word' id='word_1_486' title='bbox 1486 407 2014 469; x_wconf 77' lang='lat' dir='ltr'><strong>APOSTOLORUM.</strong></span> <span class='ocrx_word' id='word_1_487' title='bbox 2059 408 2287 464; x_wconf 75' lang='lat' dir='ltr'><strong>llOMlL.</strong></span> <span class='ocrx_word' id='word_1_488' title='bbox 2335 408 2523 465; x_wconf 75' lang='lat' dir='ltr'><strong>XXVI.</strong></span> 
     </span>
    </p>
   </div>
   <div class='ocr_carea' id='block_1_62' title="bbox 3393 410 3500 465">
    <p class='ocr_par' dir='ltr' id='par_1_62' title="bbox 3393 410 3500 465">
     <span class='ocr_line' id='line_1_62' title="bbox 3393 410 3500 465; baseline 0 0"><span class='ocrx_word' id='word_1_489' title='bbox 3393 410 3500 465; x_wconf 60' lang='grc' dir='ltr'><strong>ξονι</strong></span> 
     </span>
    </p>
   </div>
   <div class='ocr_carea' id='block_1_63' title="bbox 1907 524 3497 597">
    <p class='ocr_par' dir='ltr' id='par_1_63' title="bbox 1907 524 3497 597">
     <span class='ocr_line' id='line_1_63' title="bbox 1907 524 3497 597; baseline 0.006 -22"><span class='ocrx_word' id='word_1_490' title='bbox 1907 524 2054 591; x_wconf 89' lang='lat' dir='ltr'><strong>prius</strong></span> <span class='ocrx_word' id='word_1_491' title='bbox 2083 524 2365 591; x_wconf 78' lang='lat' dir='ltr'><strong>dixerunt,</strong></span> <span class='ocrx_word' id='word_1_492' title='bbox 2414 534 2471 579; x_wconf 82' lang='lat' dir='ltr'><strong>et</strong></span> <span class='ocrx_word' id='word_1_493' title='bbox 2514 534 2698 593; x_wconf 86' lang='lat' dir='ltr'><strong>postea</strong></span> <span class='ocrx_word' id='word_1_494' title='bbox 2744 524 2895 581; x_wconf 89' lang='lat' dir='ltr'><strong>illum</strong></span> <span class='ocrx_word' id='word_1_495' title='bbox 2925 526 3206 590; x_wconf 86' lang='lat' dir='ltr'><strong>viderunt,</strong></span> <span class='ocrx_word' id='word_1_496' title='bbox 3240 532 3328 597; x_wconf 90' lang='lat' dir='ltr'><strong>qui</strong></span> <span class='ocrx_word' id='word_1_497' title='bbox 3363 531 3497 585; x_wconf 88' lang='lat' dir='ltr'><strong>hanc</strong></span> 
     </span>
    </p>
   </div>
   <div class='ocr_carea' id='block_1_64' title="bbox 1902 617 3499 690">
    <p class='ocr_par' dir='ltr' id='par_1_64' title="bbox 1902 617 3499 690">
     <span class='ocr_line' id='line_1_64' title="bbox 1902 617 3499 690; baseline 0.006 -21"><span class='ocrx_word' id='word_1_498' title='bbox 1902 617 2211 684; x_wconf 81' lang='lat' dir='ltr'><strong>Opinionem</strong></span> <span class='ocrx_word' id='word_1_499' title='bbox 2243 618 2476 671; x_wconf 81' lang='lat' dir='ltr'><strong>sustulit.</strong></span> <span class='ocrx_word' id='word_1_500' title='bbox 2510 618 2564 672; x_wconf 91' lang='lat' dir='ltr'><strong>Si</strong></span> <span class='ocrx_word' id='word_1_501' title='bbox 2595 620 2816 687; x_wconf 74' lang='lat' dir='ltr'><strong>angelus</strong></span> <span class='ocrx_word' id='word_1_502' title='bbox 2842 620 3027 675; x_wconf 80' lang='lat' dir='ltr'><strong>fuisset</strong></span> <span class='ocrx_word' id='word_1_503' title='bbox 3050 661 3064 683; x_wconf 94' lang='lat'><strong>,</strong></span> <span class='ocrx_word' id='word_1_504' title='bbox 3098 638 3203 674; x_wconf 89' lang='lat' dir='ltr'><strong>non</strong></span> <span class='ocrx_word' id='word_1_505' title='bbox 3236 626 3499 690; x_wconf 83' lang='lat' dir='ltr'><strong>pulsassct</strong></span> 
     </span>
    </p>
   </div>
   <div class='ocr_carea' id='block_1_65' title="bbox 1904 708 3497 774">
    <p class='ocr_par' dir='ltr' id='par_1_65' title="bbox 1904 708 3497 774">
     <span class='ocr_line' id='line_1_65' title="bbox 1904 708 3497 774; baseline 0.005 -13"><span class='ocrx_word' id='word_1_506' title='bbox 1904 708 2068 774; x_wconf 88' lang='lat' dir='ltr'><strong>fores,</strong></span> <span class='ocrx_word' id='word_1_507' title='bbox 2089 726 2189 764; x_wconf 91' lang='lat' dir='ltr'><strong>nec</strong></span> <span class='ocrx_word' id='word_1_508' title='bbox 2210 710 2521 765; x_wconf 69' lang='lat' dir='ltr'><strong>secessisset</strong></span> <span class='ocrx_word' id='word_1_509' title='bbox 2547 713 2598 764; x_wconf 92' lang='lat' dir='ltr'><strong>in</strong></span> <span class='ocrx_word' id='word_1_510' title='bbox 2622 711 2786 767; x_wconf 90' lang='lat' dir='ltr'><strong>alium</strong></span> <span class='ocrx_word' id='word_1_511' title='bbox 2812 713 3006 768; x_wconf 82' lang='lat' dir='ltr'><strong>locum.</strong></span> <span class='ocrx_word' id='word_1_512' title='bbox 3022 714 3316 769; x_wconf 83' lang='lat' dir='ltr'><strong>Confirmat</strong></span> <span class='ocrx_word' id='word_1_513' title='bbox 3336 718 3497 771; x_wconf 87' lang='lat' dir='ltr'><strong>etiam</strong></span> 
     </span>
    </p>
   </div>
   <div class='ocr_carea' id='block_1_66' title="bbox 1904 800 3500 880">
    <p class='ocr_par' dir='ltr' id='par_1_66' title="bbox 1904 800 3500 880">
     <span class='ocr_line' id='line_1_66' title="bbox 1904 800 3500 880; baseline 0.007 -28"><span class='ocrx_word' id='word_1_514' title='bbox 1904 800 2044 865; x_wconf 89' lang='lat' dir='ltr'><strong>illos,</strong></span> <span class='ocrx_word' id='word_1_515' title='bbox 2076 803 2217 870; x_wconf 92' lang='lat' dir='ltr'><strong>quod</strong></span> <span class='ocrx_word' id='word_1_516' title='bbox 2252 820 2354 856; x_wconf 91' lang='lat' dir='ltr'><strong>non</strong></span> <span class='ocrx_word' id='word_1_517' title='bbox 2390 805 2437 856; x_wconf 90' lang='lat' dir='ltr'><strong>in</strong></span> <span class='ocrx_word' id='word_1_518' title='bbox 2470 806 2554 858; x_wconf 90' lang='lat' dir='ltr'><strong>die</strong></span> <span class='ocrx_word' id='word_1_519' title='bbox 2587 803 2779 859; x_wconf 87' lang='lat' dir='ltr'><strong>factum</strong></span> <span class='ocrx_word' id='word_1_520' title='bbox 2808 805 2894 859; x_wconf 87' lang='lat' dir='ltr'><strong>sit.</strong></span> <span class='ocrx_word' id='word_1_521' title='bbox 2927 806 2989 861; x_wconf 84' lang='lat' dir='ltr'><strong>lli</strong></span> <span class='ocrx_word' id='word_1_522' title='bbox 3016 808 3174 862; x_wconf 90' lang='lat' dir='ltr'><strong>soluti</strong></span> <span class='ocrx_word' id='word_1_523' title='bbox 3205 812 3500 880; x_wconf 84' lang='lat' dir='ltr'><strong>precaban-</strong></span> 
     </span>
    </p>
   </div>
   <div class='ocr_carea' id='block_1_67' title="bbox 1903 896 3498 973">
    <p class='ocr_par' dir='ltr' id='par_1_67' title="bbox 1903 896 3498 973">
     <span class='ocr_line' id='line_1_67' title="bbox 1903 896 3498 973; baseline 0.009 -28"><span class='ocrx_word' id='word_1_524' title='bbox 1903 904 2021 956; x_wconf 90' lang='lat' dir='ltr'><strong>tur,</strong></span> <span class='ocrx_word' id='word_1_525' title='bbox 2066 896 2153 948; x_wconf 89' lang='lat' dir='ltr'><strong>ille</strong></span> <span class='ocrx_word' id='word_1_526' title='bbox 2194 900 2403 951; x_wconf 88' lang='lat' dir='ltr'><strong>vinctus</strong></span> <span class='ocrx_word' id='word_1_527' title='bbox 2433 897 2757 955; x_wconf 84' lang='lat' dir='ltr'><strong>dormiebat.</strong></span> <span class='ocrx_word' id='word_1_528' title='bbox 2809 898 2864 955; x_wconf 91' lang='lat' dir='ltr'><strong>Si</strong></span> <span class='ocrx_word' id='word_1_529' title='bbox 2909 911 3149 969; x_wconf 82' lang='lat' dir='ltr'><strong>putasset</strong></span> <span class='ocrx_word' id='word_1_530' title='bbox 3193 918 3306 955; x_wconf 89' lang='lat' dir='ltr'><strong>rem</strong></span> <span class='ocrx_word' id='word_1_531' title='bbox 3333 946 3349 967; x_wconf 89' lang='lat'><strong>,</strong></span> <span class='ocrx_word' id='word_1_532' title='bbox 3380 920 3498 973; x_wconf 74' lang='lat' dir='ltr'><strong>qua:</strong></span> 
     </span>
    </p>
   </div>
   <div class='ocr_carea' id='block_1_68' title="bbox 1898 985 3498 1059">
    <p class='ocr_par' dir='ltr' id='par_1_68' title="bbox 1898 985 3498 1059">
     <span class='ocr_line' id='line_1_68' title="bbox 1898 985 3498 1059; baseline 0.009 -21"><span class='ocrx_word' id='word_1_533' title='bbox 1898 985 2176 1054; x_wconf 78' lang='lat' dir='ltr'><strong>agebatur,</strong></span> <span class='ocrx_word' id='word_1_534' title='bbox 2206 1003 2386 1041; x_wconf 88' lang='lat' dir='ltr'><strong>veram</strong></span> <span class='ocrx_word' id='word_1_535' title='bbox 2414 1003 2559 1053; x_wconf 84' lang='lat' dir='ltr'><strong>esse,</strong></span> <span class='ocrx_word' id='word_1_536' title='bbox 2578 992 2891 1059; x_wconf 91' lang='lat' dir='ltr'><strong>perterritus</strong></span> <span class='ocrx_word' id='word_1_537' title='bbox 2914 992 3101 1049; x_wconf 82' lang='lat' dir='ltr'><strong>fuisset</strong></span> <span class='ocrx_word' id='word_1_538' title='bbox 3121 1038 3136 1056; x_wconf 90' lang='lat'><strong>,</strong></span> <span class='ocrx_word' id='word_1_539' title='bbox 3161 1012 3262 1050; x_wconf 89' lang='lat' dir='ltr'><strong>nec</strong></span> <span class='ocrx_word' id='word_1_540' title='bbox 3290 1013 3498 1052; x_wconf 90' lang='lat' dir='ltr'><strong>memor</strong></span> 
     </span>
    </p>
   </div>
   <div class='ocr_carea' id='block_1_69' title="bbox 1898 1084 3497 1154">
    <p class='ocr_par' dir='ltr' id='par_1_69' title="bbox 1898 1084 3497 1154">
     <span class='ocr_line' id='line_1_69' title="bbox 1898 1084 3497 1154; baseline 0.011 -25"><span class='ocrx_word' id='word_1_541' title='bbox 1898 1086 2173 1145; x_wconf 80' lang='lat' dir='ltr'><strong>gestorum</strong></span> <span class='ocrx_word' id='word_1_542' title='bbox 2202 1096 2215 1132; x_wconf 90' lang='lat'><strong>:</strong></span> <span class='ocrx_word' id='word_1_543' title='bbox 2251 1095 2394 1134; x_wconf 91' lang='lat' dir='ltr'><strong>nunc</strong></span> <span class='ocrx_word' id='word_1_544' title='bbox 2423 1090 2603 1136; x_wconf 91' lang='lat' dir='ltr'><strong>autem</strong></span> <span class='ocrx_word' id='word_1_545' title='bbox 2642 1084 2793 1152; x_wconf 87' lang='lat' dir='ltr'><strong>quasi</strong></span> <span class='ocrx_word' id='word_1_546' title='bbox 2825 1085 2875 1136; x_wconf 89' lang='lat' dir='ltr'><strong>in</strong></span> <span class='ocrx_word' id='word_1_547' title='bbox 2905 1100 3097 1141; x_wconf 86' lang='lat' dir='ltr'><strong>somno</strong></span> <span class='ocrx_word' id='word_1_548' title='bbox 3124 1087 3313 1144; x_wconf 86' lang='lat' dir='ltr'><strong>videns</strong></span> <span class='ocrx_word' id='word_1_549' title='bbox 3333 1131 3348 1154; x_wconf 89' lang='lat'><strong>,</strong></span> <span class='ocrx_word' id='word_1_550' title='bbox 3379 1091 3497 1146; x_wconf 82' lang='lat' dir='ltr'><strong>sine</strong></span> 
     </span>
    </p>
   </div>
   <div class='ocr_carea' id='block_1_70' title="bbox 1899 1170 3493 1252">
    <p class='ocr_par' dir='ltr' id='par_1_70' title="bbox 1899 1170 3493 1252">
     <span class='ocr_line' id='line_1_70' title="bbox 1899 1170 3493 1252; baseline 0.013 -32"><span class='ocrx_word' id='word_1_551' title='bbox 1899 1170 2299 1237; x_wconf 86' lang='lat' dir='ltr'><strong>perturbatione</strong></span> <span class='ocrx_word' id='word_1_552' title='bbox 2316 1182 2451 1227; x_wconf 90' lang='lat' dir='ltr'><strong>erat.</strong></span> <span class='ocrx_word' id='word_1_553' title='bbox 2466 1172 2742 1240; x_wconf 77' lang='lat' dir='ltr'><strong>Venerunt,</strong></span> <span class='ocrx_word' id='word_1_554' title='bbox 2764 1177 2953 1246; x_wconf 88' lang='lat' dir='ltr'><strong>inquit,</strong></span> <span class='ocrx_word' id='word_1_555' title='bbox 2967 1180 3035 1233; x_wconf 86' lang='lat' dir='ltr'><strong>ad</strong></span> <span class='ocrx_word' id='word_1_556' title='bbox 3048 1191 3242 1249; x_wconf 87' lang='lat' dir='ltr'><strong>portam</strong></span> <span class='ocrx_word' id='word_1_557' title='bbox 3256 1187 3493 1252; x_wconf 79' lang='lat' dir='ltr'><strong>ferream.</strong></span> 
     </span>
    </p>
   </div>
   <div class='ocr_carea' id='block_1_71' title="bbox 1899 1261 3495 1347">
    <p class='ocr_par' dir='ltr' id='par_1_71' title="bbox 1899 1261 3495 1347">
     <span class='ocr_line' id='line_1_71' title="bbox 1899 1261 3495 1347; baseline 0.009 -29"><span class='ocrx_word' id='word_1_558' title='bbox 1899 1261 2032 1318; x_wconf 77' lang='lat' dir='ltr'><strong>Vide</strong></span> <span class='ocrx_word' id='word_1_559' title='bbox 2058 1280 2215 1332; x_wconf 91' lang='lat' dir='ltr'><strong>quam</strong></span> <span class='ocrx_word' id='word_1_560' title='bbox 2247 1263 2399 1321; x_wconf 83' lang='lat' dir='ltr'><strong>firma</strong></span> <span class='ocrx_word' id='word_1_561' title='bbox 2430 1278 2591 1323; x_wconf 86' lang='lat' dir='ltr'><strong>esset.</strong></span> <span class='ocrx_word' id='word_1_562' title='bbox 2624 1268 2966 1327; x_wconf 85' lang='lat' dir='ltr'><strong>Transeuntes</strong></span> <span class='ocrx_word' id='word_1_563' title='bbox 2991 1315 3004 1334; x_wconf 88' lang='lat'><strong>.</strong></span> <span class='ocrx_word' id='word_1_564' title='bbox 3037 1275 3247 1341; x_wconf 92' lang='lat' dir='ltr'><strong>inquit,</strong></span> <span class='ocrx_word' id='word_1_565' title='bbox 3278 1278 3495 1347; x_wconf 86' lang='lat' dir='ltr'><strong>primam</strong></span> 
     </span>
    </p>
   </div>
   <div class='ocr_carea' id='block_1_72' title="bbox 1896 1359 3494 1441">
    <p class='ocr_par' dir='ltr' id='par_1_72' title="bbox 1896 1359 3494 1441">
     <span class='ocr_line' id='line_1_72' title="bbox 1896 1359 3494 1441; baseline 0.012 -34"><span class='ocrx_word' id='word_1_566' title='bbox 1896 1366 1941 1408; x_wconf 87' lang='lat' dir='ltr'><strong>et</strong></span> <span class='ocrx_word' id='word_1_567' title='bbox 1973 1359 2249 1411; x_wconf 83' lang='lat' dir='ltr'><strong>secundum</strong></span> <span class='ocrx_word' id='word_1_568' title='bbox 2274 1361 2598 1425; x_wconf 83' lang='lat' dir='ltr'><strong>custodiant,</strong></span> <span class='ocrx_word' id='word_1_569' title='bbox 2631 1376 2869 1418; x_wconf 72' lang='lat' dir='ltr'><strong>venerunt</strong></span> <span class='ocrx_word' id='word_1_570' title='bbox 2912 1368 2980 1418; x_wconf 87' lang='lat' dir='ltr'><strong>ad</strong></span> <span class='ocrx_word' id='word_1_571' title='bbox 3025 1378 3224 1437; x_wconf 79' lang='lat' dir='ltr'><strong>portam</strong></span> <span class='ocrx_word' id='word_1_572' title='bbox 3256 1374 3494 1441; x_wconf 72' lang='lat' dir='ltr'><strong>ferream.</strong></span> 
     </span>
    </p>
   </div>
   <div class='ocr_carea' id='block_1_73' title="bbox 1898 1448 3495 1526">
    <p class='ocr_par' dir='ltr' id='par_1_73' title="bbox 1898 1448 3495 1526">
     <span class='ocr_line' id='line_1_73' title="bbox 1898 1448 3495 1526; baseline 0.012 -25"><span class='ocrx_word' id='word_1_573' title='bbox 1898 1448 1961 1502; x_wconf 89' lang='lat' dir='ltr'><strong>Et</strong></span> <span class='ocrx_word' id='word_1_574' title='bbox 1991 1464 2086 1503; x_wconf 91' lang='lat' dir='ltr'><strong>cur</strong></span> <span class='ocrx_word' id='word_1_575' title='bbox 2109 1492 2124 1513; x_wconf 90' lang='lat'><strong>,</strong></span> <span class='ocrx_word' id='word_1_576' title='bbox 2158 1453 2365 1522; x_wconf 89' lang='lat' dir='ltr'><strong>inquies</strong></span> <span class='ocrx_word' id='word_1_577' title='bbox 2385 1497 2400 1516; x_wconf 84' lang='lat'><strong>,</strong></span> <span class='ocrx_word' id='word_1_578' title='bbox 2432 1471 2537 1509; x_wconf 89' lang='lat' dir='ltr'><strong>non</strong></span> <span class='ocrx_word' id='word_1_579' title='bbox 2568 1472 2662 1522; x_wconf 89' lang='lat' dir='ltr'><strong>per</strong></span> <span class='ocrx_word' id='word_1_580' title='bbox 2687 1459 2894 1526; x_wconf 73' lang='lat' dir='ltr'><strong>seipsos</strong></span> <span class='ocrx_word' id='word_1_581' title='bbox 2924 1460 3024 1516; x_wconf 92' lang='lat' dir='ltr'><strong>hoc</strong></span> <span class='ocrx_word' id='word_1_582' title='bbox 3054 1464 3295 1517; x_wconf 84' lang='lat' dir='ltr'><strong>faciunt?</strong></span> <span class='ocrx_word' id='word_1_583' title='bbox 3342 1465 3495 1520; x_wconf 84' lang='lat' dir='ltr'><strong>Cur?</strong></span> 
     </span>
    </p>
   </div>
   <div class='ocr_carea' id='block_1_74' title="bbox 1895 1541 3491 1628">
    <p class='ocr_par' dir='ltr' id='par_1_74' title="bbox 1895 1541 3491 1628">
     <span class='ocr_line' id='line_1_74' title="bbox 1895 1541 3491 1628; baseline 0.012 -35"><span class='ocrx_word' id='word_1_584' title='bbox 1895 1541 2030 1606; x_wconf 90' lang='lat' dir='ltr'><strong>Quia</strong></span> <span class='ocrx_word' id='word_1_585' title='bbox 2063 1544 2161 1597; x_wconf 91' lang='lat' dir='ltr'><strong>hac</strong></span> <span class='ocrx_word' id='word_1_586' title='bbox 2188 1545 2239 1597; x_wconf 93' lang='lat' dir='ltr'><strong>in</strong></span> <span class='ocrx_word' id='word_1_587' title='bbox 2266 1559 2326 1600; x_wconf 90' lang='lat' dir='ltr'><strong>re</strong></span> <span class='ocrx_word' id='word_1_588' title='bbox 2356 1546 2495 1601; x_wconf 89' lang='lat' dir='ltr'><strong>Deus</strong></span> <span class='ocrx_word' id='word_1_589' title='bbox 2524 1548 2648 1602; x_wconf 91' lang='lat' dir='ltr'><strong>illos</strong></span> <span class='ocrx_word' id='word_1_590' title='bbox 2680 1551 2947 1619; x_wconf 88' lang='lat' dir='ltr'><strong>honorat,</strong></span> <span class='ocrx_word' id='word_1_591' title='bbox 2978 1555 3117 1622; x_wconf 89' lang='lat' dir='ltr'><strong>quod</strong></span> <span class='ocrx_word' id='word_1_592' title='bbox 3152 1573 3244 1623; x_wconf 89' lang='lat' dir='ltr'><strong>per</strong></span> <span class='ocrx_word' id='word_1_593' title='bbox 3271 1561 3491 1628; x_wconf 81' lang='lat' dir='ltr'><strong>angelos</strong></span> 
     </span>
    </p>
   </div>
   <div class='ocr_carea' id='block_1_75' title="bbox 1893 1635 3492 1711">
    <p class='ocr_par' dir='ltr' id='par_1_75' title="bbox 1893 1635 3492 1711">
     <span class='ocr_line' id='line_1_75' title="bbox 1893 1635 3492 1711; baseline 0.014 -27"><span class='ocrx_word' id='word_1_594' title='bbox 1893 1644 2046 1685; x_wconf 87' lang='lat' dir='ltr'><strong>cruat</strong></span> <span class='ocrx_word' id='word_1_595' title='bbox 2078 1635 2242 1702; x_wconf 85' lang='lat' dir='ltr'><strong>ipsos.</strong></span> <span class='ocrx_word' id='word_1_596' title='bbox 2290 1637 2427 1701; x_wconf 89' lang='lat' dir='ltr'><strong>Quid</strong></span> <span class='ocrx_word' id='word_1_597' title='bbox 2456 1640 2627 1711; x_wconf 87' lang='lat' dir='ltr'><strong>ergo?</strong></span> <span class='ocrx_word' id='word_1_598' title='bbox 2656 1657 2752 1695; x_wconf 88' lang='lat' dir='ltr'><strong>cur</strong></span> <span class='ocrx_word' id='word_1_599' title='bbox 2780 1660 2882 1696; x_wconf 81' lang='lat' dir='ltr'><strong>non</strong></span> <span class='ocrx_word' id='word_1_600' title='bbox 2913 1645 2991 1701; x_wconf 87' lang='lat' dir='ltr'><strong>sic</strong></span> <span class='ocrx_word' id='word_1_601' title='bbox 3019 1648 3067 1698; x_wconf 93' lang='lat' dir='ltr'><strong>in</strong></span> <span class='ocrx_word' id='word_1_602' title='bbox 3104 1648 3264 1702; x_wconf 82' lang='lat' dir='ltr'><strong>Paulo</strong></span> <span class='ocrx_word' id='word_1_603' title='bbox 3295 1652 3492 1707; x_wconf 86' lang='lat' dir='ltr'><strong>factum</strong></span> 
     </span>
    </p>
   </div>
   <div class='ocr_carea' id='block_1_76' title="bbox 1892 1723 3494 1808">
    <p class='ocr_par' dir='ltr' id='par_1_76' title="bbox 1892 1723 3494 1808">
     <span class='ocr_line' id='line_1_76' title="bbox 1892 1723 3494 1808; baseline 0.014 -33"><span class='ocrx_word' id='word_1_604' title='bbox 1892 1732 1977 1775; x_wconf 87' lang='lat' dir='ltr'><strong>est</strong></span> <span class='ocrx_word' id='word_1_605' title='bbox 1999 1723 2025 1777; x_wconf 83' lang='lat'><strong>?</strong></span> <span class='ocrx_word' id='word_1_606' title='bbox 2066 1724 2176 1781; x_wconf 90' lang='lat' dir='ltr'><strong>Illic</strong></span> <span class='ocrx_word' id='word_1_607' title='bbox 2202 1744 2232 1781; x_wconf 90' lang='lat' dir='ltr'><strong>e</strong></span> <span class='ocrx_word' id='word_1_608' title='bbox 2263 1744 2321 1782; x_wconf 90' lang='lat' dir='ltr'><strong>re</strong></span> <span class='ocrx_word' id='word_1_609' title='bbox 2353 1728 2445 1782; x_wconf 88' lang='lat' dir='ltr'><strong>fuit</strong></span> <span class='ocrx_word' id='word_1_610' title='bbox 2475 1772 2489 1795; x_wconf 95' lang='lat'><strong>,</strong></span> <span class='ocrx_word' id='word_1_611' title='bbox 2533 1734 2653 1801; x_wconf 91' lang='lat' dir='ltr'><strong>quia</strong></span> <span class='ocrx_word' id='word_1_612' title='bbox 2688 1737 2964 1789; x_wconf 87' lang='lat' dir='ltr'><strong>custodem</strong></span> <span class='ocrx_word' id='word_1_613' title='bbox 2997 1744 3229 1794; x_wconf 69' lang='lat' dir='ltr'><strong>carceris</strong></span> <span class='ocrx_word' id='word_1_614' title='bbox 3274 1745 3494 1808; x_wconf 80' lang='lat' dir='ltr'><strong>credere</strong></span> 
     </span>
    </p>
   </div>
   <div class='ocr_carea' id='block_1_77' title="bbox 1892 1819 3494 1900">
    <p class='ocr_par' dir='ltr' id='par_1_77' title="bbox 1892 1819 3494 1900">
     <span class='ocr_line' id='line_1_77' title="bbox 1892 1819 3494 1900; baseline 0.016 -34"><span class='ocrx_word' id='word_1_615' title='bbox 1892 1819 2176 1884; x_wconf 87' lang='lat' dir='ltr'><strong>oportebat</strong></span> <span class='ocrx_word' id='word_1_616' title='bbox 2205 1837 2217 1883; x_wconf 90' lang='lat'><strong>;</strong></span> <span class='ocrx_word' id='word_1_617' title='bbox 2253 1820 2339 1875; x_wconf 93' lang='lat' dir='ltr'><strong>hic</strong></span> <span class='ocrx_word' id='word_1_618' title='bbox 2367 1838 2496 1878; x_wconf 88' lang='lat' dir='ltr'><strong>vero</strong></span> <span class='ocrx_word' id='word_1_619' title='bbox 2522 1825 2693 1879; x_wconf 90' lang='lat' dir='ltr'><strong>solum</strong></span> <span class='ocrx_word' id='word_1_620' title='bbox 2728 1842 2862 1899; x_wconf 90' lang='lat' dir='ltr'><strong>opus</strong></span> <span class='ocrx_word' id='word_1_621' title='bbox 2887 1839 3003 1884; x_wconf 89' lang='lat' dir='ltr'><strong>erat</strong></span> <span class='ocrx_word' id='word_1_622' title='bbox 3030 1834 3331 1900; x_wconf 87' lang='lat' dir='ltr'><strong>apostolum</strong></span> <span class='ocrx_word' id='word_1_623' title='bbox 3362 1836 3494 1891; x_wconf 85' lang='lat' dir='ltr'><strong>libe-</strong></span> 
     </span>
    </p>
   </div>
   <div class='ocr_carea' id='block_1_78' title="bbox 1846 1909 3486 1995">
    <p class='ocr_par' dir='ltr' id='par_1_78' title="bbox 1846 1909 3486 1995">
     <span class='ocr_line' id='line_1_78' title="bbox 1846 1909 3486 1995; baseline 0.015 -35"><span class='ocrx_word' id='word_1_624' title='bbox 1846 1911 1860 1919; x_wconf 89' lang='grc'><strong>’</strong></span> <span class='ocrx_word' id='word_1_625' title='bbox 1894 1909 2041 1962; x_wconf 89' lang='lat' dir='ltr'><strong>rari:</strong></span> <span class='ocrx_word' id='word_1_626' title='bbox 2090 1911 2328 1980; x_wconf 86' lang='lat' dir='ltr'><strong>alioquin</strong></span> <span class='ocrx_word' id='word_1_627' title='bbox 2378 1930 2506 1969; x_wconf 88' lang='lat' dir='ltr'><strong>vero</strong></span> <span class='ocrx_word' id='word_1_628' title='bbox 2551 1917 2688 1970; x_wconf 89' lang='lat' dir='ltr'><strong>Deus</strong></span> <span class='ocrx_word' id='word_1_629' title='bbox 2730 1920 2941 1975; x_wconf 80' lang='lat' dir='ltr'><strong>diverse</strong></span> <span class='ocrx_word' id='word_1_630' title='bbox 2971 1925 3149 1977; x_wconf 90' lang='lat' dir='ltr'><strong>omnia</strong></span> <span class='ocrx_word' id='word_1_631' title='bbox 3192 1925 3486 1995; x_wconf 83' lang='lat' dir='ltr'><strong>dispensat.</strong></span> 
     </span>
    </p>
   </div>
   <div class='ocr_carea' id='block_1_79' title="bbox 1892 2002 3491 2091">
    <p class='ocr_par' dir='ltr' id='par_1_79' title="bbox 1892 2002 3491 2091">
     <span class='ocr_line' id='line_1_79' title="bbox 1892 2002 3491 2091; baseline 0.016 -36"><span class='ocrx_word' id='word_1_632' title='bbox 1892 2002 2004 2058; x_wconf 90' lang='lat' dir='ltr'><strong>lllic</strong></span> <span class='ocrx_word' id='word_1_633' title='bbox 2031 2004 2225 2059; x_wconf 88' lang='lat' dir='ltr'><strong>Paulus</strong></span> <span class='ocrx_word' id='word_1_634' title='bbox 2258 2007 2484 2078; x_wconf 87' lang='lat' dir='ltr'><strong>hymnos</strong></span> <span class='ocrx_word' id='word_1_635' title='bbox 2510 2014 2737 2066; x_wconf 84' lang='lat' dir='ltr'><strong>canebat</strong></span> <span class='ocrx_word' id='word_1_636' title='bbox 2770 2013 2906 2086; x_wconf 71' lang='lat' dir='ltr'><strong>(Act.</strong></span> <span class='ocrx_word' id='word_1_637' title='bbox 2941 2018 3019 2073; x_wconf 78' lang='grc' dir='ltr'><strong>ιδ.</strong></span> <span class='ocrx_word' id='word_1_638' title='bbox 3050 2018 3164 2091; x_wconf 74' lang='lat'><strong>25),</strong></span> <span class='ocrx_word' id='word_1_639' title='bbox 3195 2024 3279 2077; x_wconf 91' lang='lat' dir='ltr'><strong>hic</strong></span> <span class='ocrx_word' id='word_1_640' title='bbox 3302 2026 3491 2081; x_wconf 84' lang='lat' dir='ltr'><strong>Petrus</strong></span> 
     </span>
    </p>
   </div>
   <div class='ocr_carea' id='block_1_80' title="bbox 1889 2096 3488 2185">
    <p class='ocr_par' dir='ltr' id='par_1_80' title="bbox 1889 2096 3488 2185">
     <span class='ocr_line' id='line_1_80' title="bbox 1889 2096 3488 2185; baseline 0.018 -37"><span class='ocrx_word' id='word_1_641' title='bbox 1889 2096 2212 2153; x_wconf 88' lang='lat' dir='ltr'><strong>dormiebat.</strong></span> <span class='ocrx_word' id='word_1_642' title='bbox 2242 2100 2318 2155; x_wconf 87' lang='lat' dir='ltr'><strong>Ne</strong></span> <span class='ocrx_word' id='word_1_643' title='bbox 2350 2119 2477 2173; x_wconf 80' lang='lat' dir='ltr'><strong>ergo</strong></span> <span class='ocrx_word' id='word_1_644' title='bbox 2507 2108 2840 2163; x_wconf 76' lang='lat' dir='ltr'><strong>occultemus</strong></span> <span class='ocrx_word' id='word_1_645' title='bbox 2869 2114 3126 2167; x_wconf 88' lang='lat' dir='ltr'><strong>miracula</strong></span> <span class='ocrx_word' id='word_1_646' title='bbox 3164 2117 3275 2185; x_wconf 88' lang='lat' dir='ltr'><strong>Dei,</strong></span> <span class='ocrx_word' id='word_1_647' title='bbox 3305 2122 3399 2175; x_wconf 91' lang='lat' dir='ltr'><strong>sed</strong></span> <span class='ocrx_word' id='word_1_648' title='bbox 3422 2123 3488 2176; x_wconf 87' lang='lat' dir='ltr'><strong>ad</strong></span> 
     </span>
    </p>
   </div>
   <div class='ocr_carea' id='block_1_81' title="bbox 1889 2188 3486 2273">
    <p class='ocr_par' dir='ltr' id='par_1_81' title="bbox 1889 2188 3486 2273">
     <span class='ocr_line' id='line_1_81' title="bbox 1889 2188 3486 2273; baseline 0.017 -33"><span class='ocrx_word' id='word_1_649' title='bbox 1889 2188 2171 2245; x_wconf 89' lang='lat' dir='ltr'><strong>utilitatem</strong></span> <span class='ocrx_word' id='word_1_650' title='bbox 2223 2202 2463 2249; x_wconf 87' lang='lat' dir='ltr'><strong>nostram</strong></span> <span class='ocrx_word' id='word_1_651' title='bbox 2510 2198 2624 2252; x_wconf 77' lang='lat' dir='ltr'><strong>lucc</strong></span> <span class='ocrx_word' id='word_1_652' title='bbox 2670 2199 2931 2271; x_wconf 80' lang='lat' dir='ltr'><strong>divulgari</strong></span> <span class='ocrx_word' id='word_1_653' title='bbox 2980 2222 3272 2273; x_wconf 80' lang='lat' dir='ltr'><strong>curemus,</strong></span> <span class='ocrx_word' id='word_1_654' title='bbox 3321 2223 3373 2266; x_wconf 91' lang='lat' dir='ltr'><strong>et</strong></span> <span class='ocrx_word' id='word_1_655' title='bbox 3422 2216 3486 2267; x_wconf 91' lang='lat' dir='ltr'><strong>ad</strong></span> 
     </span>
    </p>
   </div>
   <div class='ocr_carea' id='block_1_82' title="bbox 1888 2280 3486 2376">
    <p class='ocr_par' dir='ltr' id='par_1_82' title="bbox 1888 2280 3486 2376">
     <span class='ocr_line' id='line_1_82' title="bbox 1888 2280 3486 2376; baseline 0.017 -45"><span class='ocrx_word' id='word_1_656' title='bbox 1888 2280 2118 2376; x_wconf 66' lang='lat' dir='ltr'><strong>aliorum</strong></span> <span class='ocrx_word' id='word_1_657' title='bbox 2151 2283 2587 2342; x_wconf 70' lang='lat' dir='ltr'><strong>aedificationem.</strong></span> <span class='ocrx_word' id='word_1_658' title='bbox 2621 2289 2692 2345; x_wconf 91' lang='lat' dir='ltr'><strong>Ut</strong></span> <span class='ocrx_word' id='word_1_659' title='bbox 2719 2294 2862 2347; x_wconf 88' lang='lat' dir='ltr'><strong>enim</strong></span> <span class='ocrx_word' id='word_1_660' title='bbox 2894 2296 3225 2353; x_wconf 84' lang='lat' dir='ltr'><strong>admirabilis</strong></span> <span class='ocrx_word' id='word_1_661' title='bbox 3257 2304 3373 2367; x_wconf 83' lang='lat' dir='ltr'><strong>fuit,</strong></span> <span class='ocrx_word' id='word_1_662' title='bbox 3398 2309 3486 2376; x_wconf 87' lang='lat' dir='ltr'><strong>qui</strong></span> 
     </span>
    </p>
   </div>
   <div class='ocr_carea' id='block_1_83' title="bbox 1887 2372 3484 2459">
    <p class='ocr_par' dir='ltr' id='par_1_83' title="bbox 1887 2372 3484 2459">
     <span class='ocr_line' id='line_1_83' title="bbox 1887 2372 3484 2459; baseline 0.015 -33"><span class='ocrx_word' id='word_1_663' title='bbox 1887 2372 2039 2442; x_wconf 78' lang='lat' dir='ltr'><strong>ligari</strong></span> <span class='ocrx_word' id='word_1_664' title='bbox 2073 2376 2240 2429; x_wconf 89' lang='lat' dir='ltr'><strong>voluit</strong></span> <span class='ocrx_word' id='word_1_665' title='bbox 2265 2393 2279 2440; x_wconf 89' lang='lat'><strong>;</strong></span> <span class='ocrx_word' id='word_1_666' title='bbox 2310 2378 2378 2431; x_wconf 91' lang='lat' dir='ltr'><strong>ita</strong></span> <span class='ocrx_word' id='word_1_667' title='bbox 2408 2380 2775 2437; x_wconf 89' lang='lat' dir='ltr'><strong>admirabilior</strong></span> <span class='ocrx_word' id='word_1_668' title='bbox 2802 2387 2891 2453; x_wconf 85' lang='lat' dir='ltr'><strong>qui</strong></span> <span class='ocrx_word' id='word_1_669' title='bbox 2920 2403 3023 2441; x_wconf 91' lang='lat' dir='ltr'><strong>non</strong></span> <span class='ocrx_word' id='word_1_670' title='bbox 3049 2394 3195 2459; x_wconf 89' lang='lat' dir='ltr'><strong>prius</strong></span> <span class='ocrx_word' id='word_1_671' title='bbox 3217 2372 3484 2459; x_wconf 74' lang='lat' dir='ltr'><strong>discessit,</strong></span> 
     </span>
    </p>
   </div>
   <div class='ocr_carea' id='block_1_84' title="bbox 1887 2466 3488 2547">
    <p class='ocr_par' dir='ltr' id='par_1_84' title="bbox 1887 2466 3488 2547">
     <span class='ocr_line' id='line_1_84' title="bbox 1887 2466 3488 2547; baseline 0.019 -33"><span class='ocrx_word' id='word_1_672' title='bbox 1887 2478 2045 2531; x_wconf 91' lang='lat' dir='ltr'><strong>quam</strong></span> <span class='ocrx_word' id='word_1_673' title='bbox 2071 2466 2182 2519; x_wconf 90' lang='lat' dir='ltr'><strong>suis</strong></span> <span class='ocrx_word' id='word_1_674' title='bbox 2199 2470 2376 2523; x_wconf 89' lang='lat' dir='ltr'><strong>omnia</strong></span> <span class='ocrx_word' id='word_1_675' title='bbox 2399 2476 2715 2527; x_wconf 86' lang='lat' dir='ltr'><strong>nuntiasset.</strong></span> <span class='ocrx_word' id='word_1_676' title='bbox 2742 2477 3007 2547; x_wconf 77' lang='lat' dir='ltr'><strong>Dixitque,</strong></span> <span class='ocrx_word' id='word_1_677' title='bbox 3032 2482 3278 2540; x_wconf 83' lang='lat' dir='ltr'><strong>Nuntiate</strong></span> <span class='ocrx_word' id='word_1_678' title='bbox 3294 2488 3488 2543; x_wconf 87' lang='lat' dir='ltr'><strong>Jacobo</strong></span> 
     </span>
    </p>
   </div>
   <div class='ocr_carea' id='block_1_85' title="bbox 1888 2558 3486 2647">
    <p class='ocr_par' dir='ltr' id='par_1_85' title="bbox 1888 2558 3486 2647">
     <span class='ocr_line' id='line_1_85' title="bbox 1888 2558 3486 2647; baseline 0.018 -39"><span class='ocrx_word' id='word_1_679' title='bbox 1888 2566 1934 2609; x_wconf 90' lang='lat' dir='ltr'><strong>et</strong></span> <span class='ocrx_word' id='word_1_680' title='bbox 1964 2558 2230 2627; x_wconf 79' lang='lat' dir='ltr'><strong>fratribus.</strong></span> <span class='ocrx_word' id='word_1_681' title='bbox 2263 2561 2373 2617; x_wconf 83' lang='lat' dir='ltr'><strong>Cur</strong></span> <span class='ocrx_word' id='word_1_682' title='bbox 2402 2566 2584 2621; x_wconf 90' lang='lat' dir='ltr'><strong>dicere</strong></span> <span class='ocrx_word' id='word_1_683' title='bbox 2608 2569 2760 2634; x_wconf 83' lang='lat' dir='ltr'><strong>jubet</strong></span> <span class='ocrx_word' id='word_1_684' title='bbox 2785 2572 2843 2623; x_wconf 69' lang='lat'><strong>‘?</strong></span> <span class='ocrx_word' id='word_1_685' title='bbox 2874 2572 2937 2627; x_wconf 90' lang='lat' dir='ltr'><strong>Ut</strong></span> <span class='ocrx_word' id='word_1_686' title='bbox 2973 2574 3047 2629; x_wconf 90' lang='lat' dir='ltr'><strong>illi</strong></span> <span class='ocrx_word' id='word_1_687' title='bbox 3077 2579 3344 2647; x_wconf 79' lang='lat' dir='ltr'><strong>gaudeant</strong></span> <span class='ocrx_word' id='word_1_688' title='bbox 3369 2624 3383 2640; x_wconf 88' lang='lat'><strong>.</strong></span> <span class='ocrx_word' id='word_1_689' title='bbox 3432 2596 3486 2637; x_wconf 92' lang='lat' dir='ltr'><strong>ut</strong></span> 
     </span>
    </p>
   </div>
   <div class='ocr_carea' id='block_1_86' title="bbox 1888 2652 3487 2746">
    <p class='ocr_par' dir='ltr' id='par_1_86' title="bbox 1888 2652 3487 2746">
     <span class='ocr_line' id='line_1_86' title="bbox 1888 2652 3487 2746; baseline 0.018 -43"><span class='ocrx_word' id='word_1_690' title='bbox 1888 2664 1956 2705; x_wconf 93' lang='lat' dir='ltr'><strong>ne</strong></span> <span class='ocrx_word' id='word_1_691' title='bbox 1987 2652 2202 2707; x_wconf 87' lang='lat' dir='ltr'><strong>solliciti</strong></span> <span class='ocrx_word' id='word_1_692' title='bbox 2233 2655 2374 2721; x_wconf 89' lang='lat' dir='ltr'><strong>sint,</strong></span> <span class='ocrx_word' id='word_1_693' title='bbox 2406 2669 2465 2712; x_wconf 90' lang='lat' dir='ltr'><strong>ut</strong></span> <span class='ocrx_word' id='word_1_694' title='bbox 2496 2676 2589 2727; x_wconf 87' lang='lat' dir='ltr'><strong>per</strong></span> <span class='ocrx_word' id='word_1_695' title='bbox 2618 2661 2714 2715; x_wconf 82' lang='lat' dir='ltr'><strong>iIOS</strong></span> <span class='ocrx_word' id='word_1_696' title='bbox 2744 2663 2821 2718; x_wconf 89' lang='lat' dir='ltr'><strong>illi</strong></span> <span class='ocrx_word' id='word_1_697' title='bbox 2852 2665 3098 2733; x_wconf 81' lang='lat' dir='ltr'><strong>discant,</strong></span> <span class='ocrx_word' id='word_1_698' title='bbox 3131 2689 3233 2725; x_wconf 87' lang='lat' dir='ltr'><strong>non</strong></span> <span class='ocrx_word' id='word_1_699' title='bbox 3266 2676 3362 2743; x_wconf 82' lang='lat' dir='ltr'><strong>ipsi</strong></span> <span class='ocrx_word' id='word_1_700' title='bbox 3394 2694 3487 2746; x_wconf 70' lang='lat' dir='ltr'><strong>per</strong></span> 
     </span>
    </p>
   </div>
   <div class='ocr_carea' id='block_1_87' title="bbox 1888 2744 3487 2837">
    <p class='ocr_par' dir='ltr' id='par_1_87' title="bbox 1888 2744 3487 2837">
     <span class='ocr_line' id='line_1_87' title="bbox 1888 2744 3487 2837; baseline 0.018 -41"><span class='ocrx_word' id='word_1_701' title='bbox 1888 2744 2043 2797; x_wconf 87' lang='lat' dir='ltr'><strong>illos:</strong></span> <span class='ocrx_word' id='word_1_702' title='bbox 2072 2746 2147 2801; x_wconf 90' lang='lat' dir='ltr'><strong>sic</strong></span> <span class='ocrx_word' id='word_1_703' title='bbox 2168 2748 2235 2803; x_wconf 92' lang='lat' dir='ltr'><strong>de</strong></span> <span class='ocrx_word' id='word_1_704' title='bbox 2260 2749 2502 2806; x_wconf 87' lang='lat' dir='ltr'><strong>inferiori</strong></span> <span class='ocrx_word' id='word_1_705' title='bbox 2533 2765 2682 2822; x_wconf 88' lang='lat' dir='ltr'><strong>parte</strong></span> <span class='ocrx_word' id='word_1_706' title='bbox 2709 2771 2894 2811; x_wconf 88' lang='lat' dir='ltr'><strong>curam</strong></span> <span class='ocrx_word' id='word_1_707' title='bbox 2923 2763 3160 2825; x_wconf 65' lang='lat' dir='ltr'><strong>gerebat.</strong></span> <span class='ocrx_word' id='word_1_708' title='bbox 3192 2765 3333 2822; x_wconf 79' lang='lat' dir='ltr'><strong>Nihil</strong></span> <span class='ocrx_word' id='word_1_709' title='bbox 3359 2744 3487 2837; x_wconf 68' lang='lat' dir='ltr'><strong>ergo</strong></span> 
     </span>
    </p>
   </div>
   <div class='ocr_carea' id='block_1_88' title="bbox 1888 2836 3484 2922">
    <p class='ocr_par' dir='ltr' id='par_1_88' title="bbox 1888 2836 3484 2922">
     <span class='ocr_line' id='line_1_88' title="bbox 1888 2836 3484 2922; baseline 0.017 -35"><span class='ocrx_word' id='word_1_710' title='bbox 1888 2836 2161 2891; x_wconf 88' lang='lat' dir='ltr'><strong>moderata</strong></span> <span class='ocrx_word' id='word_1_711' title='bbox 2194 2838 2488 2897; x_wconf 83' lang='lat' dir='ltr'><strong>afﬂictione</strong></span> <span class='ocrx_word' id='word_1_712' title='bbox 2537 2848 2749 2899; x_wconf 84' lang='lat' dir='ltr'><strong>melius.</strong></span> <span class='ocrx_word' id='word_1_713' title='bbox 2801 2848 3023 2915; x_wconf 81' lang='lat' dir='ltr'><strong>Qualem</strong></span> <span class='ocrx_word' id='word_1_714' title='bbox 3075 2864 3226 2922; x_wconf 89' lang='lat' dir='ltr'><strong>putas</strong></span> <span class='ocrx_word' id='word_1_715' title='bbox 3270 2836 3484 2914; x_wconf 87' lang='lat' dir='ltr'><strong>illorum</strong></span> 
     </span>
    </p>
   </div>
   <div class='ocr_carea' id='block_1_89' title="bbox 1888 2930 3326 3016">
    <p class='ocr_par' dir='ltr' id='par_1_89' title="bbox 1888 2930 3326 3016">
     <span class='ocr_line' id='line_1_89' title="bbox 1888 2930 3326 3016; baseline 0.015 -33"><span class='ocrx_word' id='word_1_716' title='bbox 1888 2941 2014 2985; x_wconf 88' lang='lat' dir='ltr'><strong>tunc</strong></span> <span class='ocrx_word' id='word_1_717' title='bbox 2043 2930 2206 2986; x_wconf 89' lang='lat' dir='ltr'><strong>fuisse</strong></span> <span class='ocrx_word' id='word_1_718' title='bbox 2234 2935 2515 2989; x_wconf 88' lang='lat' dir='ltr'><strong>animam?</strong></span> <span class='ocrx_word' id='word_1_719' title='bbox 2543 2953 2735 3005; x_wconf 89' lang='lat' dir='ltr'><strong>quanta</strong></span> <span class='ocrx_word' id='word_1_720' title='bbox 2767 2944 3038 3013; x_wconf 88' lang='lat' dir='ltr'><strong>voluptate</strong></span> <span class='ocrx_word' id='word_1_721' title='bbox 3066 2948 3274 3016; x_wconf 88' lang='lat' dir='ltr'><strong>plenam</strong></span> <span class='ocrx_word' id='word_1_722' title='bbox 3301 2954 3326 3005; x_wconf 78' lang='lat' dir='ltr'><strong>&#39;t</strong></span> 
     </span>
    </p>
   </div>
   <div class='ocr_carea' id='block_1_90' title="bbox 1969 3022 3480 3112">
    <p class='ocr_par' dir='ltr' id='par_1_90' title="bbox 1969 3022 3480 3112">
     <span class='ocr_line' id='line_1_90' title="bbox 1969 3022 3480 3112; baseline 0.017 -37"><span class='ocrx_word' id='word_1_723' title='bbox 1969 3022 2241 3093; x_wconf 81' lang='lat' dir='ltr'><strong>Vigilantia</strong></span> <span class='ocrx_word' id='word_1_724' title='bbox 2290 3027 2772 3089; x_wconf 86' lang='lat' dir='ltr'><strong>laudatur.-—Ubi</strong></span> <span class='ocrx_word' id='word_1_725' title='bbox 2826 3048 2949 3091; x_wconf 89' lang='lat' dir='ltr'><strong>sunt</strong></span> <span class='ocrx_word' id='word_1_726' title='bbox 2996 3057 3136 3095; x_wconf 87' lang='lat' dir='ltr'><strong>nunc</strong></span> <span class='ocrx_word' id='word_1_727' title='bbox 3188 3047 3480 3112; x_wconf 79' lang='lat' dir='ltr'><strong>Inulicres,</strong></span> 
     </span>
    </p>
   </div>
   <div class='ocr_carea' id='block_1_91' title="bbox 1884 3121 3483 3204">
    <p class='ocr_par' dir='ltr' id='par_1_91' title="bbox 1884 3121 3483 3204">
     <span class='ocr_line' id='line_1_91' title="bbox 1884 3121 3483 3204; baseline 0.014 -39"><span class='ocrx_word' id='word_1_728' title='bbox 1884 3132 2001 3183; x_wconf 82' lang='lat' dir='ltr'><strong>quae</strong></span> <span class='ocrx_word' id='word_1_729' title='bbox 2030 3127 2133 3171; x_wconf 86' lang='lat' dir='ltr'><strong>tota</strong></span> <span class='ocrx_word' id='word_1_730' title='bbox 2156 3131 2314 3173; x_wconf 91' lang='lat' dir='ltr'><strong>nocte</strong></span> <span class='ocrx_word' id='word_1_731' title='bbox 2336 3121 2605 3176; x_wconf 84' lang='lat' dir='ltr'><strong>dormiunt</strong></span> <span class='ocrx_word' id='word_1_732' title='bbox 2631 3125 2652 3177; x_wconf 91' lang='lat'><strong>?</strong></span> <span class='ocrx_word' id='word_1_733' title='bbox 2686 3127 2771 3181; x_wconf 90' lang='lat' dir='ltr'><strong>ubi</strong></span> <span class='ocrx_word' id='word_1_734' title='bbox 2799 3130 2915 3195; x_wconf 90' lang='lat' dir='ltr'><strong>viri,</strong></span> <span class='ocrx_word' id='word_1_735' title='bbox 2946 3133 3033 3198; x_wconf 88' lang='lat' dir='ltr'><strong>qui</strong></span> <span class='ocrx_word' id='word_1_736' title='bbox 3065 3150 3237 3204; x_wconf 90' lang='lat' dir='ltr'><strong>neque</strong></span> <span class='ocrx_word' id='word_1_737' title='bbox 3259 3139 3308 3191; x_wconf 90' lang='lat' dir='ltr'><strong>in</strong></span> <span class='ocrx_word' id='word_1_738' title='bbox 3344 3139 3483 3194; x_wconf 83' lang='lat' dir='ltr'><strong>lcetn</strong></span> 
     </span>
    </p>
   </div>
   <div class='ocr_carea' id='block_1_92' title="bbox 1883 3209 3479 3294">
    <p class='ocr_par' dir='ltr' id='par_1_92' title="bbox 1883 3209 3479 3294">
     <span class='ocr_line' id='line_1_92' title="bbox 1883 3209 3479 3294; baseline 0.019 -38"><span class='ocrx_word' id='word_1_739' title='bbox 1883 3219 1942 3257; x_wconf 89' lang='lat' dir='ltr'><strong>se</strong></span> <span class='ocrx_word' id='word_1_740' title='bbox 1972 3210 2228 3263; x_wconf 82' lang='lat' dir='ltr'><strong>versant?</strong></span> <span class='ocrx_word' id='word_1_741' title='bbox 2255 3209 2444 3265; x_wconf 83' lang='lat' dir='ltr'><strong>Viden’</strong></span> <span class='ocrx_word' id='word_1_742' title='bbox 2473 3215 2683 3283; x_wconf 77' lang='lat' dir='ltr'><strong>vigilem</strong></span> <span class='ocrx_word' id='word_1_743' title='bbox 2716 3219 2993 3273; x_wconf 89' lang='lat' dir='ltr'><strong>animam?</strong></span> <span class='ocrx_word' id='word_1_744' title='bbox 3034 3222 3168 3278; x_wconf 88' lang='lat' dir='ltr'><strong>Cum</strong></span> <span class='ocrx_word' id='word_1_745' title='bbox 3204 3232 3479 3294; x_wconf 79' lang='lat' dir='ltr'><strong>uxoribus,</strong></span> 
     </span>
    </p>
   </div>
   <div class='ocr_carea' id='block_1_93' title="bbox 1883 3300 3481 3385">
    <p class='ocr_par' dir='ltr' id='par_1_93' title="bbox 1883 3300 3481 3385">
     <span class='ocr_line' id='line_1_93' title="bbox 1883 3300 3481 3385; baseline 0.015 -35"><span class='ocrx_word' id='word_1_746' title='bbox 1883 3300 2065 3367; x_wconf 77' lang='lat' dir='ltr'><strong>pueris</strong></span> <span class='ocrx_word' id='word_1_747' title='bbox 2097 3313 2150 3354; x_wconf 85' lang='lat' dir='ltr'><strong>et</strong></span> <span class='ocrx_word' id='word_1_748' title='bbox 2194 3303 2406 3357; x_wconf 89' lang='lat' dir='ltr'><strong>ancillis</strong></span> <span class='ocrx_word' id='word_1_749' title='bbox 2439 3304 2605 3360; x_wconf 91' lang='lat' dir='ltr'><strong>Deum</strong></span> <span class='ocrx_word' id='word_1_750' title='bbox 2636 3309 3017 3378; x_wconf 87' lang='lat' dir='ltr'><strong>celebrabant,</strong></span> <span class='ocrx_word' id='word_1_751' title='bbox 3061 3333 3155 3385; x_wconf 84' lang='lat' dir='ltr'><strong>per</strong></span> <span class='ocrx_word' id='word_1_752' title='bbox 3182 3318 3481 3374; x_wconf 83' lang='lat' dir='ltr'><strong>tribulatio-</strong></span> 
     </span>
    </p>
   </div>
   <div class='ocr_carea' id='block_1_94' title="bbox 1884 3395 3479 3480">
    <p class='ocr_par' dir='ltr' id='par_1_94' title="bbox 1884 3395 3479 3480">
     <span class='ocr_line' id='line_1_94' title="bbox 1884 3395 3479 3480; baseline 0.018 -38"><span class='ocrx_word' id='word_1_753' title='bbox 1884 3410 2004 3446; x_wconf 75' lang='lat' dir='ltr'><strong>nem</strong></span> <span class='ocrx_word' id='word_1_754' title='bbox 2036 3395 2278 3461; x_wconf 88' lang='lat' dir='ltr'><strong>puriores</strong></span> <span class='ocrx_word' id='word_1_755' title='bbox 2309 3398 2441 3452; x_wconf 74' lang='lat' dir='ltr'><strong>caan</strong></span> <span class='ocrx_word' id='word_1_756' title='bbox 2471 3399 2667 3457; x_wconf 81' lang='lat' dir='ltr'><strong>effecti.</strong></span> <span class='ocrx_word' id='word_1_757' title='bbox 2700 3403 2850 3459; x_wconf 72' lang='lat' dir='ltr'><strong>Nunc</strong></span> <span class='ocrx_word' id='word_1_758' title='bbox 2889 3422 3048 3473; x_wconf 87' lang='lat' dir='ltr'><strong>vero,</strong></span> <span class='ocrx_word' id='word_1_759' title='bbox 3078 3411 3120 3463; x_wconf 88' lang='lat' dir='ltr'><strong>si</strong></span> <span class='ocrx_word' id='word_1_760' title='bbox 3158 3429 3376 3480; x_wconf 85' lang='lat' dir='ltr'><strong>parvum</strong></span> <span class='ocrx_word' id='word_1_761' title='bbox 3403 3420 3447 3470; x_wconf 89' lang='lat' dir='ltr'><strong>vi</strong></span> <span class='ocrx_word' id='word_1_762' title='bbox 3467 3451 3479 3456; x_wconf 93' lang='lat'><strong>-</strong></span> 
     </span>
    </p>
   </div>
   <div class='ocr_carea' id='block_1_95' title="bbox 1880 3484 3480 3564">
    <p class='ocr_par' dir='ltr' id='par_1_95' title="bbox 1880 3484 3480 3564">
     <span class='ocr_line' id='line_1_95' title="bbox 1880 3484 3480 3564; baseline 0.018 -27"><span class='ocrx_word' id='word_1_763' title='bbox 1880 3484 2102 3541; x_wconf 77' lang='lat' dir='ltr'><strong>deztmus</strong></span> <span class='ocrx_word' id='word_1_764' title='bbox 2150 3490 2485 3559; x_wconf 88' lang='lat' dir='ltr'><strong>perieulum,</strong></span> <span class='ocrx_word' id='word_1_765' title='bbox 2519 3496 2869 3552; x_wconf 85' lang='lat' dir='ltr'><strong>concidimus.</strong></span> <span class='ocrx_word' id='word_1_766' title='bbox 2919 3500 3058 3555; x_wconf 87' lang='lat' dir='ltr'><strong>Nihil</strong></span> <span class='ocrx_word' id='word_1_767' title='bbox 3106 3504 3345 3563; x_wconf 61' lang='lat' dir='ltr'><strong>Ecclesia</strong></span> <span class='ocrx_word' id='word_1_768' title='bbox 3398 3512 3480 3564; x_wconf 71' lang='lat' dir='ltr'><strong>illi</strong></span> 
     </span>
    </p>
   </div>
   <div class='ocr_carea' id='block_1_96' title="bbox 1882 3577 3483 3656">
    <p class='ocr_par' dir='ltr' id='par_1_96' title="bbox 1882 3577 3483 3656">
     <span class='ocr_line' id='line_1_96' title="bbox 1882 3577 3483 3656; baseline 0.019 -29"><span class='ocrx_word' id='word_1_769' title='bbox 1882 3577 2237 3644; x_wconf 87' lang='lat' dir='ltr'><strong>splendidius.</strong></span> <span class='ocrx_word' id='word_1_770' title='bbox 2286 3580 2433 3650; x_wconf 80' lang='lat' dir='ltr'><strong>ipsos</strong></span> <span class='ocrx_word' id='word_1_771' title='bbox 2484 3586 2787 3653; x_wconf 89' lang='lat' dir='ltr'><strong>imitemur,</strong></span> <span class='ocrx_word' id='word_1_772' title='bbox 2841 3593 3177 3649; x_wconf 78' lang='lat' dir='ltr'><strong>:emulemur.</strong></span> <span class='ocrx_word' id='word_1_773' title='bbox 3218 3598 3333 3653; x_wconf 81' lang='lat' dir='ltr'><strong>Non</strong></span> <span class='ocrx_word' id='word_1_774' title='bbox 3365 3602 3483 3656; x_wconf 74' lang='lat' dir='ltr'><strong>ideo</strong></span> 
     </span>
    </p>
   </div>
   <div class='ocr_carea' id='block_1_97' title="bbox 1883 3666 3476 3747">
    <p class='ocr_par' dir='ltr' id='par_1_97' title="bbox 1883 3666 3476 3747">
     <span class='ocr_line' id='line_1_97' title="bbox 1883 3666 3476 3747; baseline 0.018 -29"><span class='ocrx_word' id='word_1_775' title='bbox 1883 3666 2018 3721; x_wconf 85' lang='lat' dir='ltr'><strong>facta</strong></span> <span class='ocrx_word' id='word_1_776' title='bbox 2054 3680 2137 3723; x_wconf 89' lang='lat' dir='ltr'><strong>est</strong></span> <span class='ocrx_word' id='word_1_777' title='bbox 2172 3687 2299 3737; x_wconf 81' lang='lat' dir='ltr'><strong>nox,</strong></span> <span class='ocrx_word' id='word_1_778' title='bbox 2344 3682 2401 3727; x_wconf 90' lang='lat' dir='ltr'><strong>ut</strong></span> <span class='ocrx_word' id='word_1_779' title='bbox 2448 3692 2545 3743; x_wconf 87' lang='lat' dir='ltr'><strong>per</strong></span> <span class='ocrx_word' id='word_1_780' title='bbox 2587 3688 2749 3731; x_wconf 83' lang='lat' dir='ltr'><strong>totam</strong></span> <span class='ocrx_word' id='word_1_781' title='bbox 2785 3680 3112 3740; x_wconf 87' lang='lat' dir='ltr'><strong>dormiamus</strong></span> <span class='ocrx_word' id='word_1_782' title='bbox 3143 3698 3196 3741; x_wconf 88' lang='lat' dir='ltr'><strong>et</strong></span> <span class='ocrx_word' id='word_1_783' title='bbox 3227 3692 3476 3747; x_wconf 88' lang='lat' dir='ltr'><strong>otiemur.</strong></span> 
     </span>
    </p>
   </div>
   <div class='ocr_carea' id='block_1_98' title="bbox 1884 3759 3478 3843">
    <p class='ocr_par' dir='ltr' id='par_1_98' title="bbox 1884 3759 3478 3843">
     <span class='ocr_line' id='line_1_98' title="bbox 1884 3759 3478 3843; baseline 0.015 -31"><span class='ocrx_word' id='word_1_784' title='bbox 1884 3759 1994 3813; x_wconf 78' lang='lat' dir='ltr'><strong>Hoc</strong></span> <span class='ocrx_word' id='word_1_785' title='bbox 2029 3763 2383 3818; x_wconf 80' lang='lat' dir='ltr'><strong>testiﬁcantur</strong></span> <span class='ocrx_word' id='word_1_786' title='bbox 2410 3768 2667 3833; x_wconf 87' lang='lat' dir='ltr'><strong>artilices,</strong></span> <span class='ocrx_word' id='word_1_787' title='bbox 2705 3773 3087 3841; x_wconf 80' lang='lat' dir='ltr'><strong>negotiatores,</strong></span> <span class='ocrx_word' id='word_1_788' title='bbox 3116 3790 3443 3836; x_wconf 73' lang='lat' dir='ltr'><strong>mereatmes</strong></span> <span class='ocrx_word' id='word_1_789' title='bbox 3467 3829 3478 3843; x_wconf 85' lang='lat'><strong>,</strong></span> 
     </span>
    </p>
   </div>
   <div class='ocr_carea' id='block_1_99' title="bbox 1881 3852 3482 3936">
    <p class='ocr_par' dir='ltr' id='par_1_99' title="bbox 1881 3852 3482 3936">
     <span class='ocr_line' id='line_1_99' title="bbox 1881 3852 3482 3936; baseline 0.016 -31"><span class='ocrx_word' id='word_1_790' title='bbox 1881 3852 2119 3907; x_wconf 82' lang='lat' dir='ltr'><strong>Ecclesia</strong></span> <span class='ocrx_word' id='word_1_791' title='bbox 2145 3854 2239 3909; x_wconf 88' lang='lat' dir='ltr'><strong>Dei</strong></span> <span class='ocrx_word' id='word_1_792' title='bbox 2260 3858 2433 3911; x_wconf 87' lang='lat' dir='ltr'><strong>media</strong></span> <span class='ocrx_word' id='word_1_793' title='bbox 2461 3874 2687 3931; x_wconf 80' lang='lat' dir='ltr'><strong>surgens</strong></span> <span class='ocrx_word' id='word_1_794' title='bbox 2710 3873 2886 3918; x_wconf 89' lang='lat' dir='ltr'><strong>nocte.</strong></span> <span class='ocrx_word' id='word_1_795' title='bbox 2912 3866 3081 3936; x_wconf 79' lang='lat' dir='ltr'><strong>Smgc</strong></span> <span class='ocrx_word' id='word_1_796' title='bbox 3108 3882 3161 3923; x_wconf 89' lang='lat' dir='ltr'><strong>et</strong></span> <span class='ocrx_word' id='word_1_797' title='bbox 3190 3881 3263 3935; x_wconf 89' lang='lat' dir='ltr'><strong>tu,</strong></span> <span class='ocrx_word' id='word_1_798' title='bbox 3291 3884 3344 3927; x_wconf 91' lang='lat' dir='ltr'><strong>et</strong></span> <span class='ocrx_word' id='word_1_799' title='bbox 3364 3878 3482 3931; x_wconf 85' lang='lat' dir='ltr'><strong>vide</strong></span> 
     </span>
    </p>
   </div>
   <div class='ocr_carea' id='block_1_100' title="bbox 1880 3948 3479 4036">
    <p class='ocr_par' dir='ltr' id='par_1_100' title="bbox 1880 3948 3479 4036">
     <span class='ocr_line' id='line_1_100' title="bbox 1880 3948 3479 4036; baseline 0.016 -38"><span class='ocrx_word' id='word_1_800' title='bbox 1880 3948 2157 4001; x_wconf 84' lang='lat' dir='ltr'><strong>stellarum</strong></span> <span class='ocrx_word' id='word_1_801' title='bbox 2206 3950 2465 4015; x_wconf 92' lang='lat' dir='ltr'><strong>chorum,</strong></span> <span class='ocrx_word' id='word_1_802' title='bbox 2514 3954 2836 4022; x_wconf 89' lang='lat' dir='ltr'><strong>profundum</strong></span> <span class='ocrx_word' id='word_1_803' title='bbox 2889 3959 3199 4028; x_wconf 86' lang='lat' dir='ltr'><strong>silentium,</strong></span> <span class='ocrx_word' id='word_1_804' title='bbox 3244 3970 3479 4036; x_wconf 84' lang='lat' dir='ltr'><strong>quietem</strong></span> 
     </span>
    </p>
   </div>
   <div class='ocr_carea' id='block_1_101' title="bbox 1882 4039 3483 4121">
    <p class='ocr_par' dir='ltr' id='par_1_101' title="bbox 1882 4039 3483 4121">
     <span class='ocr_line' id='line_1_101' title="bbox 1882 4039 3483 4121; baseline 0.017 -32"><span class='ocrx_word' id='word_1_805' title='bbox 1882 4039 2101 4092; x_wconf 80' lang='lat' dir='ltr'><strong>inultam</strong></span> <span class='ocrx_word' id='word_1_806' title='bbox 2126 4061 2139 4093; x_wconf 89' lang='lat'><strong>:</strong></span> <span class='ocrx_word' id='word_1_807' title='bbox 2160 4041 2481 4111; x_wconf 85' lang='lat' dir='ltr'><strong>obstupescc</strong></span> <span class='ocrx_word' id='word_1_808' title='bbox 2496 4044 2563 4098; x_wconf 91' lang='lat' dir='ltr'><strong>de</strong></span> <span class='ocrx_word' id='word_1_809' title='bbox 2586 4046 2791 4102; x_wconf 87' lang='lat' dir='ltr'><strong>Domini</strong></span> <span class='ocrx_word' id='word_1_810' title='bbox 2814 4052 2885 4103; x_wconf 88' lang='lat' dir='ltr'><strong>tui</strong></span> <span class='ocrx_word' id='word_1_811' title='bbox 2910 4054 3262 4121; x_wconf 78' lang='lat' dir='ltr'><strong>providentia.</strong></span> <span class='ocrx_word' id='word_1_812' title='bbox 3291 4060 3483 4117; x_wconf 77' lang='lat' dir='ltr'><strong>l‘urior</strong></span> 
     </span>
    </p>
   </div>
   <div class='ocr_carea' id='block_1_102' title="bbox 1884 4137 3477 4221">
    <p class='ocr_par' dir='ltr' id='par_1_102' title="bbox 1884 4137 3477 4221">
     <span class='ocr_line' id='line_1_102' title="bbox 1884 4137 3477 4221; baseline 0.016 -37"><span class='ocrx_word' id='word_1_813' title='bbox 1884 4144 2007 4187; x_wconf 90' lang='lat' dir='ltr'><strong>tunc</strong></span> <span class='ocrx_word' id='word_1_814' title='bbox 2035 4145 2119 4188; x_wconf 90' lang='lat' dir='ltr'><strong>est</strong></span> <span class='ocrx_word' id='word_1_815' title='bbox 2139 4137 2340 4202; x_wconf 85' lang='lat' dir='ltr'><strong>anima,</strong></span> <span class='ocrx_word' id='word_1_816' title='bbox 2372 4138 2555 4201; x_wconf 86' lang='lat' dir='ltr'><strong>levior,</strong></span> <span class='ocrx_word' id='word_1_817' title='bbox 2587 4141 2854 4209; x_wconf 89' lang='lat' dir='ltr'><strong>subtilior,</strong></span> <span class='ocrx_word' id='word_1_818' title='bbox 2888 4148 3157 4214; x_wconf 84' lang='lat' dir='ltr'><strong>sublimis,</strong></span> <span class='ocrx_word' id='word_1_819' title='bbox 3187 4154 3435 4221; x_wconf 84' lang='lat' dir='ltr'><strong>expedita</strong></span> <span class='ocrx_word' id='word_1_820' title='bbox 3465 4175 3477 4210; x_wconf 93' lang='lat'>:</span> 
     </span>
    </p>
   </div>
   <div class='ocr_carea' id='block_1_103' title="bbox 1882 4226 3476 4311">
    <p class='ocr_par' dir='ltr' id='par_1_103' title="bbox 1882 4226 3476 4311">
     <span class='ocr_line' id='line_1_103' title="bbox 1882 4226 3476 4311; baseline 0.017 -36"><span class='ocrx_word' id='word_1_821' title='bbox 1882 4226 2119 4279; x_wconf 59' lang='lat' dir='ltr'><strong>tenebras</strong></span> <span class='ocrx_word' id='word_1_822' title='bbox 2152 4227 2301 4294; x_wconf 76' lang='lat' dir='ltr'><strong>ipsa:,</strong></span> <span class='ocrx_word' id='word_1_823' title='bbox 2333 4228 2602 4285; x_wconf 87' lang='lat' dir='ltr'><strong>silentium</strong></span> <span class='ocrx_word' id='word_1_824' title='bbox 2634 4236 2856 4289; x_wconf 87' lang='lat' dir='ltr'><strong>multum</strong></span> <span class='ocrx_word' id='word_1_825' title='bbox 2879 4280 2892 4299; x_wconf 93' lang='lat'><strong>,</strong></span> <span class='ocrx_word' id='word_1_826' title='bbox 2927 4239 2976 4291; x_wconf 88' lang='lat' dir='ltr'><strong>in</strong></span> <span class='ocrx_word' id='word_1_827' title='bbox 3006 4248 3476 4311; x_wconf 87' lang='lat' dir='ltr'><strong>compunctionent</strong></span> 
     </span>
    </p>
   </div>
   <div class='ocr_carea' id='block_1_104' title="bbox 1882 4318 3478 4403">
    <p class='ocr_par' dir='ltr' id='par_1_104' title="bbox 1882 4318 3478 4403">
     <span class='ocr_line' id='line_1_104' title="bbox 1882 4318 3478 4403; baseline 0.015 -32"><span class='ocrx_word' id='word_1_828' title='bbox 1882 4318 2135 4374; x_wconf 88' lang='lat' dir='ltr'><strong>inducere</strong></span> <span class='ocrx_word' id='word_1_829' title='bbox 2185 4331 2428 4390; x_wconf 88' lang='lat' dir='ltr'><strong>possunt.</strong></span> <span class='ocrx_word' id='word_1_830' title='bbox 2479 4324 2533 4379; x_wconf 88' lang='lat' dir='ltr'><strong>Si</strong></span> <span class='ocrx_word' id='word_1_831' title='bbox 2587 4342 2715 4379; x_wconf 90' lang='lat' dir='ltr'><strong>vero</strong></span> <span class='ocrx_word' id='word_1_832' title='bbox 2763 4331 2953 4383; x_wconf 71' lang='grc' dir='ltr'><strong>οςι-Ιιιηι</strong></span> <span class='ocrx_word' id='word_1_833' title='bbox 3004 4338 3258 4403; x_wconf 64' lang='grc' dir='ltr'><strong>νεενίεἱθς</strong></span> <span class='ocrx_word' id='word_1_834' title='bbox 3305 4343 3478 4396; x_wconf 82' lang='lat' dir='ltr'><strong>stellis</strong></span> 
     </span>
    </p>
   </div>
   <div class='ocr_carea' id='block_1_105' title="bbox 1878 4412 3479 4487">
    <p class='ocr_par' dir='ltr' id='par_1_105' title="bbox 1878 4412 3479 4487">
     <span class='ocr_line' id='line_1_105' title="bbox 1878 4412 3479 4487; baseline 0.016 -26"><span class='ocrx_word' id='word_1_835' title='bbox 1878 4412 2027 4478; x_wconf 88' lang='lat' dir='ltr'><strong>quasi</strong></span> <span class='ocrx_word' id='word_1_836' title='bbox 2060 4412 2354 4467; x_wconf 87' lang='lat' dir='ltr'><strong>innumeris</strong></span> <span class='ocrx_word' id='word_1_837' title='bbox 2392 4414 2701 4471; x_wconf 89' lang='lat' dir='ltr'><strong>distinctum</strong></span> <span class='ocrx_word' id='word_1_838' title='bbox 2732 4422 2923 4487; x_wconf 89' lang='lat' dir='ltr'><strong>oculis,</strong></span> <span class='ocrx_word' id='word_1_839' title='bbox 2977 4428 3282 4483; x_wconf 90' lang='lat' dir='ltr'><strong>omnimoda</strong></span> <span class='ocrx_word' id='word_1_840' title='bbox 3329 4436 3479 4486; x_wconf 84' lang='lat' dir='ltr'><strong>volu-</strong></span> 
     </span>
    </p>
   </div>
   <div class='ocr_carea' id='block_1_106' title="bbox 1880 4504 3478 4585">
    <p class='ocr_par' dir='ltr' id='par_1_106' title="bbox 1880 4504 3478 4585">
     <span class='ocr_line' id='line_1_106' title="bbox 1880 4504 3478 4585; baseline 0.016 -31"><span class='ocrx_word' id='word_1_841' title='bbox 1880 4514 2022 4571; x_wconf 89' lang='lat' dir='ltr'><strong>ptate</strong></span> <span class='ocrx_word' id='word_1_842' title='bbox 2047 4504 2238 4564; x_wconf 83' lang='lat' dir='ltr'><strong>frueris</strong></span> <span class='ocrx_word' id='word_1_843' title='bbox 2258 4505 2565 4562; x_wconf 79' lang='lat' dir='ltr'><strong>Creatorem</strong></span> <span class='ocrx_word' id='word_1_844' title='bbox 2590 4512 2769 4565; x_wconf 89' lang='lat' dir='ltr'><strong>statim</strong></span> <span class='ocrx_word' id='word_1_845' title='bbox 2796 4526 2974 4570; x_wconf 90' lang='lat' dir='ltr'><strong>mente</strong></span> <span class='ocrx_word' id='word_1_846' title='bbox 2998 4531 3270 4585; x_wconf 76' lang='lat' dir='ltr'><strong>reputans.</strong></span> <span class='ocrx_word' id='word_1_847' title='bbox 3303 4524 3356 4579; x_wconf 91' lang='lat' dir='ltr'><strong>Si</strong></span> <span class='ocrx_word' id='word_1_848' title='bbox 3386 4541 3478 4579; x_wconf 84' lang='lat' dir='ltr'><strong>co-</strong></span> 
     </span>
    </p>
   </div>
   <div class='ocr_carea' id='block_1_107' title="bbox 1878 4596 3473 4686">
    <p class='ocr_par' dir='ltr' id='par_1_107' title="bbox 1878 4596 3473 4686">
     <span class='ocr_line' id='line_1_107' title="bbox 1878 4596 3473 4686; baseline 0.018 -42"><span class='ocrx_word' id='word_1_849' title='bbox 1878 4596 2127 4663; x_wconf 74' lang='lat' dir='ltr'><strong>gitavcris</strong></span> <span class='ocrx_word' id='word_1_850' title='bbox 2152 4612 2266 4662; x_wconf 88' lang='lat' dir='ltr'><strong>eos,</strong></span> <span class='ocrx_word' id='word_1_851' title='bbox 2296 4600 2383 4668; x_wconf 90' lang='lat' dir='ltr'><strong>qui</strong></span> <span class='ocrx_word' id='word_1_852' title='bbox 2410 4601 2644 4657; x_wconf 88' lang='lat' dir='ltr'><strong>interdiu</strong></span> <span class='ocrx_word' id='word_1_853' title='bbox 2668 4608 2921 4674; x_wconf 87' lang='lat' dir='ltr'><strong>clamant,</strong></span> <span class='ocrx_word' id='word_1_854' title='bbox 2952 4611 3145 4677; x_wconf 85' lang='lat' dir='ltr'><strong>rident,</strong></span> <span class='ocrx_word' id='word_1_855' title='bbox 3178 4618 3473 4686; x_wconf 78' lang='lat' dir='ltr'><strong>exsultant,</strong></span> 
     </span>
    </p>
   </div>
   <div class='ocr_carea' id='block_1_108' title="bbox 1877 4690 3468 4778">
    <p class='ocr_par' dir='ltr' id='par_1_108' title="bbox 1877 4690 3468 4778">
     <span class='ocr_line' id='line_1_108' title="bbox 1877 4690 3468 4778; baseline 0.018 -38"><span class='ocrx_word' id='word_1_856' title='bbox 1877 4690 2107 4754; x_wconf 89' lang='lat' dir='ltr'><strong>saliunt,</strong></span> <span class='ocrx_word' id='word_1_857' title='bbox 2162 4692 2356 4760; x_wconf 84' lang='lat' dir='ltr'><strong>injuste</strong></span> <span class='ocrx_word' id='word_1_858' title='bbox 2401 4706 2599 4763; x_wconf 80' lang='lat' dir='ltr'><strong>agunt,</strong></span> <span class='ocrx_word' id='word_1_859' title='bbox 2634 4701 2870 4754; x_wconf 73' lang='lat' dir='ltr'><strong>a\&#39;al‘i|l:B</strong></span> <span class='ocrx_word' id='word_1_860' title='bbox 2903 4707 3138 4771; x_wconf 88' lang='lat' dir='ltr'><strong>student,</strong></span> <span class='ocrx_word' id='word_1_861' title='bbox 3176 4711 3468 4778; x_wconf 89' lang='lat' dir='ltr'><strong>minantur,</strong></span> 
     </span>
    </p>
   </div>
   <div class='ocr_carea' id='block_1_109' title="bbox 1878 4780 3467 4870">
    <p class='ocr_par' dir='ltr' id='par_1_109' title="bbox 1878 4780 3467 4870">
     <span class='ocr_line' id='line_1_109' title="bbox 1878 4780 3467 4870; baseline 0.018 -38"><span class='ocrx_word' id='word_1_862' title='bbox 1878 4780 2153 4835; x_wconf 74' lang='lat' dir='ltr'><strong>innumera</strong></span> <span class='ocrx_word' id='word_1_863' title='bbox 2176 4785 2311 4837; x_wconf 88' lang='lat' dir='ltr'><strong>mala</strong></span> <span class='ocrx_word' id='word_1_864' title='bbox 2340 4785 2593 4853; x_wconf 75' lang='lat' dir='ltr'><strong>inferunt,</strong></span> <span class='ocrx_word' id='word_1_865' title='bbox 2621 4800 2741 4843; x_wconf 72' lang='lat' dir='ltr'><strong>tunc</strong></span> <span class='ocrx_word' id='word_1_866' title='bbox 2765 4809 2791 4843; x_wconf 87' lang='lat' dir='ltr'><strong>a</strong></span> <span class='ocrx_word' id='word_1_867' title='bbox 2824 4799 3046 4852; x_wconf 88' lang='lat' dir='ltr'><strong>mortuis</strong></span> <span class='ocrx_word' id='word_1_868' title='bbox 3072 4800 3197 4852; x_wconf 90' lang='lat' dir='ltr'><strong>nihil</strong></span> <span class='ocrx_word' id='word_1_869' title='bbox 3228 4804 3467 4870; x_wconf 59' lang='lat' dir='ltr'><strong>diﬂ‘vrre,</strong></span> 
     </span>
    </p>
   </div>
   <div class='ocr_carea' id='block_1_110' title="bbox 1878 4874 3472 4955">
    <p class='ocr_par' dir='ltr' id='par_1_110' title="bbox 1878 4874 3472 4955">
     <span class='ocr_line' id='line_1_110' title="bbox 1878 4874 3472 4955; baseline 0.019 -31"><span class='ocrx_word' id='word_1_870' title='bbox 1878 4874 2165 4927; x_wconf 85' lang='lat' dir='ltr'><strong>lmnmnam</strong></span> <span class='ocrx_word' id='word_1_871' title='bbox 2214 4892 2427 4930; x_wconf 89' lang='lat' dir='ltr'><strong>omnem</strong></span> <span class='ocrx_word' id='word_1_872' title='bbox 2488 4884 2844 4949; x_wconf 68' lang='lat' dir='ltr'><strong>arrogantiam</strong></span> <span class='ocrx_word' id='word_1_873' title='bbox 2894 4887 3192 4946; x_wconf 81' lang='lat' dir='ltr'><strong>dantnabis.</strong></span> <span class='ocrx_word' id='word_1_874' title='bbox 3240 4896 3472 4955; x_wconf 85' lang='lat' dir='ltr'><strong>Somnus</strong></span> 
     </span>
    </p>
   </div>
   <div class='ocr_carea' id='block_1_111' title="bbox 1877 4966 3473 5052">
    <p class='ocr_par' dir='ltr' id='par_1_111' title="bbox 1877 4966 3473 5052">
     <span class='ocr_line' id='line_1_111' title="bbox 1877 4966 3473 5052; baseline 0.019 -36"><span class='ocrx_word' id='word_1_875' title='bbox 1877 4966 2122 5029; x_wconf 79' lang='lat' dir='ltr'><strong>arcessit,</strong></span> <span class='ocrx_word' id='word_1_876' title='bbox 2158 4978 2210 5020; x_wconf 92' lang='lat' dir='ltr'><strong>et</strong></span> <span class='ocrx_word' id='word_1_877' title='bbox 2240 4982 2483 5021; x_wconf 88' lang='lat' dir='ltr'><strong>naturam</strong></span> <span class='ocrx_word' id='word_1_878' title='bbox 2514 4977 2783 5041; x_wconf 84' lang='lat' dir='ltr'><strong>superavit</strong></span> <span class='ocrx_word' id='word_1_879' title='bbox 2814 4994 2826 5031; x_wconf 89' lang='lat'>:</span> <span class='ocrx_word' id='word_1_880' title='bbox 2863 4979 3036 5049; x_wconf 73' lang='lat' dir='ltr'><strong>imago</strong></span> <span class='ocrx_word' id='word_1_881' title='bbox 3076 4994 3158 5052; x_wconf 69' lang='lat' dir='ltr'><strong>est</strong></span> <span class='ocrx_word' id='word_1_882' title='bbox 3202 4992 3388 5044; x_wconf 76' lang='lat' dir='ltr'><strong>mortis</strong></span> <span class='ocrx_word' id='word_1_883' title='bbox 3420 5006 3473 5047; x_wconf 80' lang='lat' dir='ltr'><strong>et</strong></span> 
     </span>
    </p>
   </div>
   <div class='ocr_carea' id='block_1_112' title="bbox 1876 5060 3472 5141">
    <p class='ocr_par' dir='ltr' id='par_1_112' title="bbox 1876 5060 3472 5141">
     <span class='ocr_line' id='line_1_112' title="bbox 1876 5060 3472 5141; baseline 0.02 -32"><span class='ocrx_word' id='word_1_884' title='bbox 1876 5060 2370 5114; x_wconf 85' lang='lat' dir='ltr'><strong>eonsunuuationis.</strong></span> <span class='ocrx_word' id='word_1_885' title='bbox 2396 5064 2447 5116; x_wconf 89' lang='lat' dir='ltr'><strong>Si</strong></span> <span class='ocrx_word' id='word_1_886' title='bbox 2474 5065 2648 5118; x_wconf 87' lang='lat' dir='ltr'><strong>vicum</strong></span> <span class='ocrx_word' id='word_1_887' title='bbox 2683 5075 3013 5137; x_wconf 75' lang='lat' dir='ltr'><strong>respexeris,</strong></span> <span class='ocrx_word' id='word_1_888' title='bbox 3040 5078 3240 5133; x_wconf 88' lang='lat' dir='ltr'><strong>nullam</strong></span> <span class='ocrx_word' id='word_1_889' title='bbox 3286 5101 3472 5141; x_wconf 88' lang='lat' dir='ltr'><strong>vocem</strong></span> 
     </span>
    </p>
   </div>
   <div class='ocr_carea' id='block_1_113' title="bbox 1876 5148 3472 5244">
    <p class='ocr_par' dir='ltr' id='par_1_113' title="bbox 1876 5148 3472 5244">
     <span class='ocr_line' id='line_1_113' title="bbox 1876 5148 3472 5244; baseline 0.021 -48"><span class='ocrx_word' id='word_1_890' title='bbox 1876 5148 2097 5213; x_wconf 87' lang='lat' dir='ltr'><strong>audies;</strong></span> <span class='ocrx_word' id='word_1_891' title='bbox 2130 5150 2173 5202; x_wconf 91' lang='lat' dir='ltr'><strong>si</strong></span> <span class='ocrx_word' id='word_1_892' title='bbox 2202 5151 2453 5215; x_wconf 89' lang='lat' dir='ltr'><strong>domum,</strong></span> <span class='ocrx_word' id='word_1_893' title='bbox 2489 5171 2675 5211; x_wconf 67' lang='lat' dir='ltr'><strong>omnes</strong></span> <span class='ocrx_word' id='word_1_894' title='bbox 2707 5162 2913 5215; x_wconf 86' lang='lat' dir='ltr'><strong>videbis</strong></span> <span class='ocrx_word' id='word_1_895' title='bbox 2939 5170 3087 5233; x_wconf 89' lang='lat' dir='ltr'><strong>quasi</strong></span> <span class='ocrx_word' id='word_1_896' title='bbox 3129 5171 3179 5222; x_wconf 92' lang='lat' dir='ltr'><strong>in</strong></span> <span class='ocrx_word' id='word_1_897' title='bbox 3218 5178 3472 5244; x_wconf 86' lang='lat' dir='ltr'><strong>sepulcro</strong></span> 
     </span>
    </p>
   </div>
   <div class='ocr_carea' id='block_1_114' title="bbox 1873 5237 3469 5331">
    <p class='ocr_par' dir='ltr' id='par_1_114' title="bbox 1873 5237 3469 5331">
     <span class='ocr_line' id='line_1_114' title="bbox 1873 5237 3469 5331; baseline 0.021 -40"><span class='ocrx_word' id='word_1_898' title='bbox 1873 5240 2133 5304; x_wconf 85' lang='lat' dir='ltr'><strong>jacentes.</strong></span> <span class='ocrx_word' id='word_1_899' title='bbox 2166 5242 2288 5296; x_wconf 67' lang='lat' dir='ltr'><strong>Haec</strong></span> <span class='ocrx_word' id='word_1_900' title='bbox 2318 5247 2496 5301; x_wconf 90' lang='lat' dir='ltr'><strong>omnia</strong></span> <span class='ocrx_word' id='word_1_901' title='bbox 2532 5237 2752 5315; x_wconf 81' lang='lat' dir='ltr'><strong>possunt</strong></span> <span class='ocrx_word' id='word_1_902' title='bbox 2778 5255 3011 5310; x_wconf 88' lang='lat' dir='ltr'><strong>animam</strong></span> <span class='ocrx_word' id='word_1_903' title='bbox 3040 5237 3298 5331; x_wconf 71' lang='lat' dir='ltr'><strong>excitare,</strong></span> <span class='ocrx_word' id='word_1_904' title='bbox 3325 5282 3377 5321; x_wconf 89' lang='lat' dir='ltr'><strong>et</strong></span> <span class='ocrx_word' id='word_1_905' title='bbox 3403 5274 3469 5324; x_wconf 89' lang='lat' dir='ltr'><strong>ad</strong></span> 
     </span>
    </p>
   </div>
   <div class='ocr_carea' id='block_1_115' title="bbox 1876 5333 3072 5403">
    <p class='ocr_par' dir='ltr' id='par_1_115' title="bbox 1876 5333 3072 5403">
     <span class='ocr_line' id='line_1_115' title="bbox 1876 5333 3072 5403; baseline 0.016 -18"><span class='ocrx_word' id='word_1_906' title='bbox 1876 5333 2249 5401; x_wconf 80' lang='lat' dir='ltr'><strong>Cogitationem</strong></span> <span class='ocrx_word' id='word_1_907' title='bbox 2277 5343 2757 5397; x_wconf 81' lang='lat' dir='ltr'><strong>Consummationis</strong></span> <span class='ocrx_word' id='word_1_908' title='bbox 2796 5346 3072 5403; x_wconf 88' lang='lat' dir='ltr'><strong>inducere.</strong></span> 
     </span>
    </p>
   </div>
   <div class='ocr_carea' id='block_1_116' title="bbox 1949 5426 3470 5505">
    <p class='ocr_par' dir='ltr' id='par_1_116' title="bbox 1949 5426 3470 5505">
     <span class='ocr_line' id='line_1_116' title="bbox 1949 5426 3470 5505; baseline 0.018 -27"><span class='ocrx_word' id='word_1_909' title='bbox 1949 5429 2000 5479; x_wconf 72' lang='grc'><strong>4.</strong></span> <span class='ocrx_word' id='word_1_910' title='bbox 2039 5426 2133 5479; x_wconf 91' lang='lat' dir='ltr'><strong>llic</strong></span> <span class='ocrx_word' id='word_1_911' title='bbox 2165 5442 2291 5481; x_wconf 82' lang='lat' dir='ltr'><strong>vero</strong></span> <span class='ocrx_word' id='word_1_912' title='bbox 2321 5430 2448 5482; x_wconf 90' lang='lat' dir='ltr'><strong>mihi</strong></span> <span class='ocrx_word' id='word_1_913' title='bbox 2478 5442 2531 5484; x_wconf 90' lang='lat' dir='ltr'><strong>et</strong></span> <span class='ocrx_word' id='word_1_914' title='bbox 2558 5434 2622 5486; x_wconf 90' lang='lat' dir='ltr'><strong>ad</strong></span> <span class='ocrx_word' id='word_1_915' title='bbox 2658 5436 2800 5489; x_wconf 90' lang='lat' dir='ltr'><strong>viros</strong></span> <span class='ocrx_word' id='word_1_916' title='bbox 2828 5449 2883 5492; x_wconf 90' lang='lat' dir='ltr'><strong>et</strong></span> <span class='ocrx_word' id='word_1_917' title='bbox 2916 5441 2980 5493; x_wconf 88' lang='lat' dir='ltr'><strong>ad</strong></span> <span class='ocrx_word' id='word_1_918' title='bbox 3016 5446 3267 5501; x_wconf 86' lang='lat' dir='ltr'><strong>mulieres</strong></span> <span class='ocrx_word' id='word_1_919' title='bbox 3292 5466 3470 5505; x_wconf 87' lang='lat' dir='ltr'><strong>sermo</strong></span> 
     </span>
    </p>
   </div>
   <div class='ocr_carea' id='block_1_117' title="bbox 1877 5517 3469 5605">
    <p class='ocr_par' dir='ltr' id='par_1_117' title="bbox 1877 5517 3469 5605">
     <span class='ocr_line' id='line_1_117' title="bbox 1877 5517 3469 5605; baseline 0.021 -38"><span class='ocrx_word' id='word_1_920' title='bbox 1877 5528 1975 5570; x_wconf 78' lang='lat' dir='ltr'><strong>est.</strong></span> <span class='ocrx_word' id='word_1_921' title='bbox 2015 5517 2191 5572; x_wconf 83' lang='lat' dir='ltr'><strong>Flecte</strong></span> <span class='ocrx_word' id='word_1_922' title='bbox 2230 5536 2425 5589; x_wconf 78' lang='lat' dir='ltr'><strong>genua,</strong></span> <span class='ocrx_word' id='word_1_923' title='bbox 2466 5525 2780 5594; x_wconf 79' lang='lat' dir='ltr'><strong>ingemisce,</strong></span> <span class='ocrx_word' id='word_1_924' title='bbox 2823 5532 2987 5587; x_wconf 85' lang='lat' dir='ltr'><strong>Deum</strong></span> <span class='ocrx_word' id='word_1_925' title='bbox 3027 5551 3246 5605; x_wconf 79' lang='lat' dir='ltr'><strong>precare</strong></span> <span class='ocrx_word' id='word_1_926' title='bbox 3290 5554 3345 5594; x_wconf 90' lang='lat' dir='ltr'><strong>ut</strong></span> <span class='ocrx_word' id='word_1_927' title='bbox 3378 5546 3469 5600; x_wconf 72' lang='lat' dir='ltr'><strong>tibi</strong></span> 
     </span>
    </p>
   </div>
   <div class='ocr_carea' id='block_1_118' title="bbox 1877 5614 3466 5701">
    <p class='ocr_par' dir='ltr' id='par_1_118' title="bbox 1877 5614 3466 5701">
     <span class='ocr_line' id='line_1_118' title="bbox 1877 5614 3466 5701; baseline 0.017 -37"><span class='ocrx_word' id='word_1_928' title='bbox 1877 5615 1945 5664; x_wconf 78' lang='lat' dir='ltr'><strong>sit</strong></span> <span class='ocrx_word' id='word_1_929' title='bbox 1976 5614 2233 5681; x_wconf 90' lang='lat' dir='ltr'><strong>pr0pitius</strong></span> <span class='ocrx_word' id='word_1_930' title='bbox 2266 5632 2278 5667; x_wconf 91' lang='lat'><strong>:</strong></span> <span class='ocrx_word' id='word_1_931' title='bbox 2314 5620 2591 5673; x_wconf 84' lang='lat' dir='ltr'><strong>nocturnis</strong></span> <span class='ocrx_word' id='word_1_932' title='bbox 2620 5620 2706 5675; x_wconf 86' lang='lat' dir='ltr'><strong>ille</strong></span> <span class='ocrx_word' id='word_1_933' title='bbox 2738 5626 2985 5690; x_wconf 88' lang='lat' dir='ltr'><strong>precibus</strong></span> <span class='ocrx_word' id='word_1_934' title='bbox 3015 5632 3182 5701; x_wconf 82' lang='lat' dir='ltr'><strong>magis</strong></span> <span class='ocrx_word' id='word_1_935' title='bbox 3215 5634 3466 5699; x_wconf 79' lang='lat' dir='ltr'><strong>ﬂectitur,</strong></span> 
     </span>
    </p>
   </div>
   <div class='ocr_carea' id='block_1_119' title="bbox 1876 5706 3467 5786">
    <p class='ocr_par' dir='ltr' id='par_1_119' title="bbox 1876 5706 3467 5786">
     <span class='ocr_line' id='line_1_119' title="bbox 1876 5706 3467 5786; baseline 0.018 -28"><span class='ocrx_word' id='word_1_936' title='bbox 1876 5720 1995 5758; x_wconf 86' lang='lat' dir='ltr'><strong>cum</strong></span> <span class='ocrx_word' id='word_1_937' title='bbox 2045 5706 2244 5775; x_wconf 88' lang='lat' dir='ltr'><strong>requiei</strong></span> <span class='ocrx_word' id='word_1_938' title='bbox 2295 5718 2504 5777; x_wconf 88' lang='lat' dir='ltr'><strong>tempus</strong></span> <span class='ocrx_word' id='word_1_939' title='bbox 2547 5713 2596 5765; x_wconf 91' lang='lat' dir='ltr'><strong>in</strong></span> <span class='ocrx_word' id='word_1_940' title='bbox 2640 5713 2841 5769; x_wconf 89' lang='lat' dir='ltr'><strong>luctum</strong></span> <span class='ocrx_word' id='word_1_941' title='bbox 2892 5722 3133 5775; x_wconf 87' lang='lat' dir='ltr'><strong>verteris.</strong></span> <span class='ocrx_word' id='word_1_942' title='bbox 3164 5724 3467 5786; x_wconf 64' lang='lat' dir='ltr'><strong>Recordare</strong></span> 
     </span>
    </p>
   </div>
   <div class='ocr_carea' id='block_1_120' title="bbox 1946 5888 3197 5961">
    <p class='ocr_par' dir='ltr' id='par_1_120' title="bbox 1946 5888 3197 5961">
     <span class='ocr_line' id='line_1_120' title="bbox 1946 5888 3197 5961; baseline 0.013 -26"><span class='ocrx_word' id='word_1_943' title='bbox 1946 5893 1955 5914; x_wconf 87' lang='lat'><em>‘</em></span> <span class='ocrx_word' id='word_1_944' title='bbox 2003 5888 2133 5947; x_wconf 65' lang='lat' dir='ltr'><strong>llre,</strong></span> <span class='ocrx_word' id='word_1_945' title='bbox 2164 5904 2248 5939; x_wconf 74' lang='lat' dir='ltr'><strong>cur</strong></span> <span class='ocrx_word' id='word_1_946' title='bbox 2278 5894 2807 5955; x_wconf 66' lang='lat' dir='ltr'><strong>direreittlict,desunt</strong></span> <span class='ocrx_word' id='word_1_947' title='bbox 2838 5900 2884 5947; x_wconf 91' lang='lat' dir='ltr'><strong>in</strong></span> <span class='ocrx_word' id='word_1_948' title='bbox 2911 5902 3197 5961; x_wconf 83' lang='lat' dir='ltr'><strong>quibusdam</strong></span> 
     </span>
    </p>
   </div>
  </div>
