4084 6332
660 378 768 430 211⁸5

660 494 943 547 verlmrum
966 490 1103 561 regis
1132 489 1274 545 illius
1303 506 1316 542 :
1350 488 1594 544 Laboraai
1619 490 1669 541 in
1693 488 1879 559 gemitu
1904 503 2033 548 meo,
2062 484 2243 539 lumbo

667 603 756 656 per
779 582 1001 654 singulas
1021 593 1189 635 noctes
1211 581 1390 634 lectum
1416 597 1600 645 meum,
1627 568 1862 649 lacrumis
1880 580 2002 631 meis
2024 584 2235 629 stratum

665 691 828 728 meum
851 672 1024 743 rigabo
1045 670 1215 743 (Paul.
1248 670 1298 726 6.
1318 673 1395 734 7).
1425 670 1769 738 Quantutttvis
1796 668 1999 724 deliciis
2030 666 2235 731 alliuas,

660 784 763 820 non
790 766 959 835 magis
988 781 1147 835 quam
1178 765 1296 828 ille;
1328 763 1665 833 quantumvis
1691 762 1765 815 sis
1806 762 1953 815 dives
1975 803 1990 825 ,
2035 777 2138 813 non
2177 775 2237 814 es

658 857 817 911 ditior
848 856 1063 910 Davide.
1097 854 1393 921 Iterumque
1416 857 1490 906 ait
1524 853 1613 907 ille
1642 870 1654 904 :
1683 851 1857 905 Media
1896 861 2039 904 nocte
2063 866 2235 921 surge-

660 951 773 1001 bam
822 949 893 1000 ad
938 948 1273 1015 conﬁtendum
1315 947 1403 999 tibi
1443 962 1593 1015 super
1625 946 1826 1015 judicia
1874 945 2087 1014 justitite
2138 955 2237 998 tute

658 1041 675 1109 (
704 1038 847 1092 Psul.
884 1038 1004 1093 H8.
1035 1037 1159 1109 6'2).
1194 1037 1342 1091 Tunc
1374 1051 1509 1090 Vana
1539 1038 1706 1107 gloria
1740 1054 1842 1089 non
1872 1046 1922 1090 te
1956 1037 2188 1105 exagitat
2215 1053 2231 1091 :

649 1130 918 1197 quomodo
947 1140 1126 1198 posset
1146 1130 1287 1183 enim
1315 1130 1561 1184 omnibus
1592 1129 1998 1193 dormientibus,
2029 1143 2126 1181 nec
2148 1129 2227 1181 vi-

653 1222 943 1276 dentibus?
968 1221 1115 1275 Tune
1142 1237 1239 1275 nec
1269 1222 1475 1290 ignavia
1501 1236 1600 1276 nec
1621 1221 1898 1275 oscitantia
1930 1220 2183 1273 invadunt
2214 1238 2227 1273 :

648 1314 915 1383 quomodo
946 1322 1162 1383 possent
1210 1315 1373 1374 enim.
1427 1330 1547 1368 eum
1593 1323 1668 1367 tot
1708 1325 1956 1383 tantaque
1995 1314 2235 1377 animum

659 1404 934 1458 excitent?
960 1404 1084 1457 Post
1114 1405 1235 1458 talia
1277 1405 1549 1475 pervigilia
1587 1420 1804 1459 somnus
1832 1405 2011 1458 suavis
2039 1413 2139 1466 est,
2173 1414 2228 1459 et

656 1494 1011 1549 revelationes
1057 1495 1346 1548 mirabiles.
1391 1496 1501 1549 lloc
1543 1494 1625 1548 fac
1659 1503 1714 1549 et
1752 1506 1805 1548 tu
1846 1494 1946 1559 vir,
1980 1510 2083 1548 non
2112 1495 2225 1550 via

650 1586 861 1639 mulier.
913 1585 1237 1639 Siti-celesia
1277 1585 1464 1638 domus
1493 1585 1621 1638 viris
1661 1596 1714 1641 et
1761 1585 2068 1639 mulieribus
2094 1602 2224 1639 con-

647 1686 813 1729 stans.
834 1675 911 1730 Ne
930 1677 1048 1745 quia
1080 1686 1131 1728 tu
1153 1675 1297 1729 solus
1323 1676 1420 1735 vir.
1447 1677 1556 1745 ipsa
1587 1676 1699 1730 sola
1730 1676 1918 1731 mulier
1943 1686 2045 1738 est,
2073 1672 2227 1746 putes

646 1768 697 1820 id
721 1766 1100 1834 impedimento
1130 1780 1268 1821 esse.
1306 1765 1441 1818 Nam
1488 1768 1570 1820 ubi
1595 1768 1696 1819 duo
1725 1767 1910 1833 fuerint
1938 1767 2224 1837 congregati

644 1860 695 1910 in
742 1859 943 1911 nomine
988 1874 1131 1920 meo.
1183 1857 1385 1927 inquit,
1435 1858 1542 1911 illic
1595 1875 1706 1911 sum
1744 1860 1797 1911 in
1838 1858 2000 1911 medio
2053 1874 2223 1911 eorum

646 1949 873 2011 (Matth.
906 1949 993 2004 18.
1043 1948 1173 2019 20).
1224 1949 1319 2004 Ubi
1363 1947 1607 2003 Christus
1638 1949 1871 2011 medius,
1920 1950 1991 2002 ibi
2028 1965 2218 2019 magna

650 2038 929 2093 multitudo
952 2050 1033 2093 est
1068 2058 1081 2094 :
1114 2039 1199 2093 ubi
1239 2039 1501 2102 Christus,
1545 2054 1765 2093 necesse
1800 2049 1880 2093 est
1915 2048 1967 2093 et
2001 2040 2220 2109 angelos

641 2145 759 2185 esse
782 2140 833 2185 et
862 2129 1213 2200 archangelos
1234 2138 1287 2183 et
1306 2130 1437 2183 alias
1461 2138 1771 2197 potestates.
1797 2129 1908 2182 Non
1939 2130 2097 2198 igitur
2116 2131 2215 2184 Soli

638 2222 766 2274 estis
795 2222 1033 2275 omnium
1071 2221 1328 2276 habentes
1358 2220 1661 2274 Dominum.
1698 2220 1902 2274 Rursus
1930 2220 2051 2273 audi
2096 2236 2219 2289 pro-

644 2311 856 2381 phetam
883 2312 1149 2367 dicentem
1176 2329 1190 2366 :
1223 2311 1408 2365 Melior
1439 2321 1512 2365 est
1542 2328 1669 2366 unus
1694 2313 1884 2382 faciens
1912 2312 2221 2365 voluntatem

640 2403 878 2468 Domini,
910 2420 1061 2471 quant
1090 2404 1227 2457 mille
1252 2403 1411 2471 iniqui
1430 2406 1447 2466 (
1471 2401 1631 2455 Eccli.
1658 2404 1743 2456 16.
1780 2403 1871 2471 5).
1898 2402 2035 2456 Nihil
2068 2402 2218 2456 infir-

638 2494 773 2547 mius
808 2492 987 2547 multis
1017 2493 1231 2561 iniquis,
1260 2493 1389 2546 nihil
1418 2491 1608 2545 fortius
1635 2507 1762 2558 uno,
1800 2494 1889 2561 qui
1919 2493 2212 2547 secundum

640 2585 733 2640 Dei
766 2586 933 2654 legem
962 2585 1107 2638 vivit.
1131 2583 1186 2638 Si
1220 2584 1310 2639 tibi
1332 2585 1441 2638 sint
1466 2584 1648 2649 liberi,
1681 2584 1850 2638 excita
1884 2584 2037 2647 illos;
2065 2595 2118 2639 et
2144 2586 2214 2639 sit

633 2679 850 2732 omnino
882 2677 1052 2731 noctis
1080 2688 1319 2745 tempore
1356 2676 1543 2730 domus
1574 2676 1799 2730 ecclesia
1828 2693 1840 2727 :
1874 2677 1917 2729 si
1954 2692 2083 2731 vero
2109 2678 2217 2731 sint

635 2771 799 2826 teneri
820 2811 835 2835 ,
868 2784 963 2825 nec
983 2770 1201 2839 vigilare
1221 2768 1455 2837 possint,
1480 2783 1635 2821 unam
1657 2768 1945 2822 alterumve
1970 2770 2216 2823 emittant

634 2864 927 2915 ouationem
974 2869 1028 2914 et
1064 2859 1360 2928 quiescant.
1404 2858 1627 2911 Tantum
1666 2873 1845 2925 surge,
1893 2869 1946 2913 et
1989 2859 2114 2913 illud
2159 2860 2209 2913 in

629 2952 1009 3007 consuetudine
1027 2966 1181 3019 pone.
1197 2948 1333 3004 Nihil
1352 2950 1449 3003 hoc
1465 2950 1829 3018 promptuario
1846 2950 2051 3012 melius,
2067 2951 2207 3020 quod

633 3045 767 3098 tales
794 3057 981 3112 preces
1007 3042 1279 3110 suscipiet.
1314 3041 1451 3094 Audi
1476 3042 1787 3109 prophetam
1811 3042 2073 3095 dicentem
2102 3060 2117 3095 :
2148 3041 2209 3097 Si

628 3152 817 3189 memor
841 3135 916 3203 fui
943 3133 1015 3186 tui
1038 3150 1190 3203 super
1211 3141 1421 3185 stratum
1452 3148 1611 3185 meum
1634 3173 1649 3198 ,
1681 3134 1733 3184 in
1766 3134 2022 3185 matutinis
2045 3134 2209 3187 medi-

628 3229 771 3282 tabar
790 3230 842 3280 in
872 3238 918 3281 te
947 3227 1120 3298 (Psal.
1146 3225 1233 3280 62.
1265 3226 1354 3295 7).
1381 3229 1447 3280 At
1473 3225 1619 3280 dices
1646 3243 1659 3278 :
1694 3226 1796 3281 Per
1821 3225 1960 3279 diem
1986 3228 2205 3281 multum

630 3320 899 3384 laboravi,
930 3332 1026 3372 nec
1057 3331 1292 3387 possum.
1325 3316 1447 3370 lltec
1476 3315 1724 3370 obtentus
1752 3325 1877 3369 sunt
1901 3326 1954 3369 et
1983 3318 2202 3370 cavilla-

629 3415 822 3467 tiones.
865 3411 1217 3480 Quantumvis
1246 3409 1389 3464 enim
1422 3408 1747 3462 laboraveris
1767 3450 1782 3475 ,
1816 3424 1919 3462 non
1947 3418 2202 3479 quantum

628 3506 775 3560 faber
802 3503 1043 3566 terat-ius,
1080 3503 1167 3570 qui
1200 3511 1305 3555 tam
1335 3514 1550 3571 gravem
1596 3499 1848 3553 malleum
1891 3501 1957 3554 ab
1997 3501 2103 3553 alto
2137 3500 2202 3554 ad

629 3612 795 3668 usque
817 3612 1012 3666 prunas
1028 3594 1277 3656 demittit,
1301 3605 1353 3647 et
1374 3591 1578 3645 fumum
1600 3600 1710 3645 toto
1729 3605 1953 3661 corpore
1973 3593 2201 3663 exeipit:

625 3700 680 3743 et
704 3701 877 3743 tamen
909 3687 1191 3740 maximam
1228 3684 1399 3737 noctis
1422 3690 1624 3751 partem
1652 3698 1710 3737 ea
1744 3683 1797 3735 in
1830 3698 1889 3736 re
1908 3686 2197 3740 consumit.

624 3780 803 3835 Nostis
840 3780 1036 3841 etiam,
1070 3777 1353 3839 mulieres,
1400 3776 1445 3827 si
1490 3773 1703 3843 quando
1745 3774 1977 3828 nobisin
2015 3791 2198 3845 agrum

624 3873 919 3929 concedere
939 3886 1073 3939 opus
1095 3868 1209 3933 fuit,
1232 3877 1322 3921 aut
1348 3866 1412 3919 ad
1442 3866 1793 3934 pervigilium,
1817 3869 2083 3930 quomodo
2105 3884 2199 3936 per

625 3977 786 4019 totam
834 3972 1042 4017 noctem
1090 3960 1163 4013 illi
1212 3958 1449 4028 vigilant.
1485 3956 1551 4010 Et
1594 3958 1686 4009 tibi
1719 3972 1847 4026 ergo
1876 3957 2087 4012 oflieiua
2126 3962 2197 4016 sit

1354 372 1405 429 S.
1445 371 1721 429 JOANNIS
1757 369 2224 427 CliRYSOSTOMl
2264 367 2582 425 AliClllEP.
2614 367 3148 427 CONSTANTINUP.

3834 367 3935 422 305

2350 484 2676 550 Spiritualis,
2725 501 2832 539 non
2882 493 2939 539 ut
2967 483 3106 537 ollas
3148 490 3203 538 et
3240 481 3466 547 lebetes,
3491 479 3585 535 sed
3619 489 3676 533 ut
3704 480 3933 534 animam

2350 584 2491 629 tuam
2525 592 2701 644 pares,
2730 592 2850 646 qua:
2880 585 2935 629 et
2977 574 3171 629 aerario
3212 582 3266 629 et
3295 572 3514 628 auriﬁce
3542 573 3717 628 multo
3750 574 3937 627 melior

2347 676 2451 721 est.
2486 666 2730 720 Animam
2758 667 2994 734 peccatis
3018 669 3364 720 inveteratam
3394 665 3555 719 induc
3583 666 3636 717 in
3663 664 3934 719 officinam

2342 757 2692 812 Confessionis
2718 774 2732 809 :
2762 758 3013 812 malleum
3042 772 3070 808 a
3094 772 3304 810 summo
3325 756 3503 819 induc,
3530 754 3579 808 id
3604 766 3710 817 est,
3742 755 3935 809 τρι-δυο

2344 864 2461 901 rum
2501 848 2897 902 damnationem
2929 865 2943 900 :
2978 848 3214 902 accende
3266 847 3441 917 ignem
3486 845 3743 916 Spiritus.
3775 846 3937 899 Multo

2344 940 2769 1009 praestantiorem
2794 950 2965 993 artem
3000 939 3184 992 hahes.
3212 938 3329 992 Non
3361 955 3520 994 aurea
3553 955 3681 992 vasa
3716 939 3935 993 concin-

2342 1046 2466 1093 nas;
2499 1031 2591 1085 sed
2620 1046 2749 1083 auro
2780 1031 2926 1084 omtti
2965 1029 3337 1098 pretiosiorem
3365 1031 3595 1083 animam
3628 1032 3771 1085 sicut
3801 1047 3936 1083 aua-

2338 1124 2449 1177 rius
2491 1132 2687 1177 tractas
2718 1141 2732 1176 :
2780 1139 2886 1177 non
2927 1139 3020 1177 vas
3049 1139 3368 1191 corporeum
3393 1122 3653 1192 apparas;
3689 1124 3785 1177 sed
3818 1125 3935 1176 ani-

2338 1231 2477 1269 mam
2519 1217 2586 1270 ab
2625 1216 2768 1270 omni
2809 1217 3052 1270 saeculari
3094 1215 3368 1283 phantasia
3401 1215 3616 1271 liberas.
3650 1216 3811 1269 Adsit
3843 1216 3935 1268 tibi

2336 1307 2571 1372 lucerna,
2599 1324 2704 1362 non
2729 1308 2841 1363 lure
2864 1308 3081 1373 ardens,
3105 1309 3198 1361 sed
3226 1323 3383 1376 quam
3410 1318 3672 1362 memorat
3699 1309 3936 1377 prephe-

2337 1408 2425 1453 ta:
2456 1398 2687 1452 Lucerna
2724 1399 2935 1468 pedibus
2981 1400 3104 1451 meis
3145 1399 3227 1453 lex-
3266 1408 3352 1451 tna
3378 1401 3395 1469 (
3423 1397 3563 1451 Psal.
3602 1401 3728 1453 118.
3763 1401 3934 1469 105).

2335 1490 2583 1543 Aecende
2623 1488 2955 1542 orationibus
2996 1489 3225 1541 animam
3254 1507 3265 1540 :
3299 1488 3344 1542 si
3382 1488 3514 1541 satis
3543 1490 3690 1542 illam
3725 1488 3933 1543 habere

2333 1582 2548 1646 videris,
2578 1580 2734 1645 educ,
2763 1581 2981 1635 eﬂ'ornia
3014 1580 3155 1634 illam
3191 1590 3247 1634 nt
3277 1582 3375 1635 vis.

2405 1674 2583 1727 Oratio
2611 1682 2795 1744 purgat
2823 1674 3104 1743 rubiginem
3129 1683 3547 1742 peccatoru-n.—
3562 1674 3731 1728 Crede
3751 1674 3899 1729 mihi
3915 1718 3930 1736 ,

2331 1780 2435 1819 non
2464 1766 2539 1819 sic
2566 1766 2702 1833 ignis
2744 1765 3041 1833 rubiginem
3089 1774 3310 1834 purgat,
3361 1775 3417 1819 ut
3447 1775 3703 1820 nocturna
3747 1767 3936 1820 oratio

2330 1857 2628 1926 rubiginem
2673 1848 3013 1925 peccatorum
3060 1866 3388 1911 nostrorum.
3428 1857 3838 1922 Revereamur,
3888 1860 3931 1910 si

2329 1950 2599 2003 neminem
2628 1948 2832 2012 alium,
2875 1949 3068 2001 saltem
3107 1960 3399 2003 nocturnos
3436 1948 3703 2002 custodes.
3736 1948 3828 2002 liii
3863 1951 3934 2001 ob

2328 2041 2614 2093 humanam
2650 2040 2822 2109 legem
2853 2040 3187 2093 circumeunt
3218 2041 3269 2093 in
3302 2039 3499 2110 frigore
3537 2041 3756 2095 multum
3808 2044 3932 2096 Clu-

2326 2144 2552 2198 mnntes,
2585 2143 2638 2186 et
2669 2134 2722 2186 in
2751 2134 2879 2187 vicis
2905 2132 3213 2202 gradientes
3234 2173 3250 2199 ,
3299 2147 3443 2202 sa'pe
3483 2133 3681 2186 madidi
3722 2134 3814 2185 vel
3852 2134 3931 2186 ri-

2330 2235 2515 2293 gentes
2536 2265 2551 2288 ,
2585 2224 2745 2293 idque
2775 2234 2994 2294 prepter
3023 2234 3074 2278 te
3100 2234 3351 2293 tuamque
3378 2224 3635 2285 salutem.
3664 2239 3725 2278 ac
3748 2238 3933 2292 pecii-

2327 2316 2532 2368 niarum
2573 2325 2780 2369 tuarum
2825 2315 3143 2370 custodiam.
3187 2314 3280 2369 ille
3316 2316 3655 2385 pecuniarum
3696 2324 3933 2370 tuarum

2325 2416 2523 2459 tantam
2553 2422 2733 2461 curam
2756 2408 2930 2476 gerit;
2964 2416 3019 2461 tu
3041 2421 3173 2462 vero
3199 2421 3297 2461 nec
3319 2408 3546 2461 animam
3567 2416 3704 2460 tuam
3724 2421 3929 2461 euras.

2319 2496 2433 2552 Non
2468 2508 2519 2553 te
2547 2513 2709 2567 cogo,
2744 2506 2801 2551 ut
2828 2498 2930 2552 sub
2960 2498 3050 2551 dio
3076 2498 3373 2551 eireumeas
3398 2499 3536 2552 sicut
3576 2499 3661 2551 ille
3680 2540 3694 2561 ,
3728 2514 3931 2567 neque

2321 2601 2377 2644 ut
2406 2592 2571 2644 altum
2601 2592 2802 2645 clames
2826 2601 2881 2644 et
2918 2590 3272 2659 dirumparis;
3300 2590 3393 2644 sed
3427 2591 3477 2643 in
3511 2592 3624 2659 ipso
3652 2594 3930 2658 pennas-io

2323 2682 2403 2734 vel
2428 2681 2674 2735 eubiculo
2698 2680 2852 2735 ﬂecte
2873 2697 3044 2751 genua
3065 2722 3080 2745 ,
3108 2696 3325 2750 precare
3344 2681 3645 2735 Dominum.
3664 2681 3770 2733 Cur
3801 2686 3931 2752 ipse

2319 2773 2563 2827 Christus
2592 2775 2925 2842 pernoctavit
2953 2774 3002 2826 in
3031 2772 3249 2827 monte?
3271 2787 3444 2827 annon
3469 2781 3527 2825 ut
3549 2772 3696 2825 nobis
3722 2787 3929 2826 exem-

2318 2867 2407 2935 plo
2430 2866 2612 2919 esset?
2638 2866 2784 2918 Tunc
2808 2866 3071 2933 respirant
3092 2865 3317 2935 plantm,
3345 2866 3393 2916 in
3420 2874 3575 2917 nocte
3601 2863 3751 2916 dico:
3782 2876 3927 2919 tunc

2316 2958 2489 3009 anima
2528 2957 2649 3025 plus
2688 2973 2847 3025 quam
2882 2957 2985 3009 illa:
3017 2972 3191 3010 rorem
3221 2957 3439 3024 excipit.
3470 2957 3599 3021 Qme
3624 2956 3676 3008 in
3705 2956 3797 3009 diu
3833 2961 3923 3011 Sui

2314 3049 2551 3112 adussit,
2584 3064 2645 3102 ea
2678 3057 2840 3102 noctu
2884 3050 3285 3115 refrigerantur.
3317 3048 3479 3117 Magis
3509 3065 3663 3118 quam
3692 3064 3783 3103 ros
3818 3069 3926 3102 tm-

2315 3154 2517 3195 cwrna:
2541 3141 2791 3212 laeryma:
2811 3151 2994 3194 contra
3017 3141 3479 3209 concupiscentias
3503 3152 3559 3197 et
3581 3152 3756 3196 contra
3785 3162 3925 3197 oin-

2316 3246 2439 3286 nem
2487 3232 2734 3286 ardorem
2784 3241 3080 3299 iustumque
3141 3232 3527 3295 demittuntur,
3577 3247 3677 3286 nee
3722 3234 3923 3287 sinunt

2313 3336 2476 3393 grave
2505 3323 2780 3391 quidpiam
2814 3322 2943 3391 pati.
2970 3322 3080 3376 Nisi
3104 3333 3279 3375 autem
3304 3338 3424 3377 rore
3452 3323 3541 3375 illo
3566 3324 3765 3375 fruatur
3789 3327 3921 3378 aui-

2313 3428 2432 3478 nia,
2469 3414 2697 3467 interdiu
2730 3414 3005 3468 adoretur.
3041 3412 3237 3467 Verum
3266 3413 3438 3478 absit,
3485 3423 3542 3467 ut
3574 3414 3764 3482 aliquis
3814 3433 3918 3471 τε-

2310 3516 2476 3559 strum
2506 3505 2574 3559 ab
2603 3506 2723 3575 igne
2748 3505 2837 3558 illo
2864 3514 3137 3557 exuratur.
3194 3504 3297 3558 Sed
3331 3506 3529 3558 utinam
3574 3520 3671 3559 nos
3714 3521 3917 3563 omnes

2311 3595 2606 3665 refrigerati
2634 3606 2687 3651 et
2712 3592 2885 3649 divina
2910 3595 3149 3650 fruentes
3168 3595 3473 3660 clementia,
3504 3613 3530 3647 a
3559 3608 3913 3665 peccatorum

2309 3690 2514 3743 sarcina
2546 3690 2838 3742 liberemur
2862 3728 2876 3751 ,
2923 3686 3089 3757 gratia
3122 3695 3178 3741 et
3208 3686 3533 3755 benignitate
3563 3687 3769 3741 Domini
3808 3705 3913 3742 no.

2308 3783 2403 3837 stri
2426 3782 2550 3837 Jesu
2577 3780 2774 3836 Christi
2798 3820 2813 3843 ,
2838 3780 3049 3850 quicum
3074 3776 3215 3831 Patri
3240 3786 3293 3831 et
3320 3778 3537 3847 Spiritui
3561 3788 3747 3833 saneto
3777 3779 3911 3849 glo-

2307 3874 2415 3936 ria,
2442 3874 2723 3942 imperium
2746 3912 2761 3936 ,
2789 3870 2980 3931 honor,
3015 3884 3155 3922 nunc
3183 3876 3238 3922 ct
3266 3881 3501 3937 semper,
3534 3878 3588 3922 et
3617 3867 3671 3921 iu
3699 3871 3907 3927 secula

2308 3968 2645 4021 sa'cnlorum.
2683 3967 2875 4019 Amen.

626 4071 3889 4095 Μ

1962 4138 2299 4204 HOMILIA
2348 4143 2612 4203 XXVII.

622 4290 747 4343 (lar.
780 4287 865 4341 12.
897 4302 950 4338 v.
985 4285 1068 4338 18.
1105 4282 1262 4336 Facta
1286 4291 1451 4334 autem
1488 4279 1600 4343 die,
1630 4288 1735 4332 erat
1769 4295 1869 4331 non
1902 4297 2057 4348 parra
2084 4291 2194 4333 lur—

695 4380 826 4433 lmtio
847 4379 976 4431 inter
995 4376 1196 4440 milites,
1215 4374 1455 4442 quidnam
1477 4376 1666 4441 factum
1685 4380 1808 4423 esset
1826 4371 1889 4423 de
1908 4369 2079 4424 Petro.
2114 4373 2193 4427 l9.

698 4471 924 4533 Herodes
949 4480 1113 4522 mitem
1145 4483 1257 4519 cum
1285 4464 1567 4534 requisisset
1600 4478 1713 4515 eunt
1736 4503 1751 4527 ,
1783 4474 1826 4515 et
1854 4480 1951 4515 non
1983 4465 2197 4518 iuvenis-

691 4575 761 4619 set
783 4606 798 4629 ,
825 4563 1147 4633 inquisitione
1176 4563 1308 4627 facta
1335 4557 1397 4607 de
1424 4554 1731 4616 custodibus,
1754 4556 1906 4622 jussit
1929 4573 2011 4607 eos
2034 4558 2193 4612 abdu-

691 4658 735 4710 ci
766 4673 785 4709 :
812 4653 1207 4719 descendensque
1232 4649 1294 4701 de
1316 4646 1503 4699 Judrea
1529 4644 1809 4698 Caesaream
1829 4686 1841 4707 ,
1870 4646 1937 4698 ibi
1971 4663 2192 4699 commo-

696 4758 834 4800 ratus
857 4755 946 4799 est.

700 4841 752 4892 1.
776 4837 920 4891 Multi
946 4834 1087 4889 dubii
1105 4841 1368 4903 qumrunt,
1389 4846 1484 4883 cur
1506 4829 1646 4883 Deus
1674 4829 1789 4883 illos
1807 4830 1934 4882 olim
1969 4830 2198 4887 infantes

629 4940 849 5000 pmptcr
875 4944 932 4979 se
962 4926 1169 4978 occisos
1197 4923 1486 4991 neglexerit
1512 4923 1560 4987 ⁸,
1591 4932 1643 4973 et
1673 4936 1800 4973 nunt
1843 4937 2052 4973 rursum
2093 4924 2161 4975 "ti

626 5023 748 5075 lites
795 5028 1008 5087 propter
1048 5016 1258 5068 Petrum
1293 5012 1632 5073 interfectos,
1676 5012 1771 5064 etsi
1821 5012 2049 5078 potuerit
2078 5012 2196 5065 dies

621 5128 741 5168 eum
772 5112 926 5165 l’etro
956 5121 1186 5162 servare.
1220 5105 1325 5158 Sed
1356 5104 1397 5156 si
1430 5118 1548 5156 eum
1583 5103 1740 5155 Petro
1772 5104 1963 5156 milites
1984 5104 2194 5158 eduxis-

624 5217 705 5259 set
735 5204 985 5272 angelus,
1029 5200 1078 5253 id
1112 5216 1203 5267 pro
1234 5197 1349 5263 fuga
1384 5196 1619 5249 habitum
1661 5194 1865 5248 fuisset.
1897 5195 2001 5249 Cur
2030 5211 2189 5265 ergo,

626 5298 866 5367 inquies,
903 5311 1006 5347 ttou
1047 5292 1203 5343 aliter
1247 5288 1545 5357 disposuit?
1590 5302 1710 5339 nam
1758 5287 1912 5355 qu:ile
1942 5287 2192 5340 damnum

630 5403 767 5442 nunc
788 5387 977 5440 factum
995 5385 1108 5438 est!
1147 5385 1197 5435 Si
1224 5381 1619 5434 enusidcretnus
1637 5395 1750 5445 eos,
1785 5378 1871 5448 qui
1910 5379 2099 5447 injuste
2143 5388 2196 5432 et

628 5494 718 5548 per
743 5476 887 5530 nefas
912 5475 1045 5544 μειεςί
1083 5482 1225 5531 sunt.
1259 5470 1387 5523 nihil
1414 5468 1591 5522 damni
1619 5469 1885 5537 accepisse
1908 5509 1921 5533 ,
1955 5483 2056 5521 non
2083 5468 2195 5523 lizee

623 5583 944 5641 qumremus.
989 5568 1095 5620 Cur
1148 5566 1287 5620 enim
1336 5579 1439 5617 non
1488 5563 1618 5616 dit-is
1662 5562 1817 5616 etiam
1865 5563 1928 5615 de
1960 5561 2191 5627 Jacobi),

695 5729 705 5751 '
741 5725 934 5785 Quidam
977 5724 1174 5787 music
1198 5723 1467 5785 incipiunt:
1502 5728 1611 5768 Sunt
1638 5721 1754 5780 forte
1779 5717 1860 5787 qui
1899 5718 2032 5787 dubii
2059 5729 2193 5779 qua:-

634 5793 736 5838 raul
760 5802 841 5837 cur
868 5796 993 5836 Dens
1030 5786 1228 5833 athleta.»-
1244 5791 1433 5845 propter
1458 5798 1505 5832 se
1523 5796 1699 5831 occisos
1726 5785 2001 5841 tu-‘ghu'erit.

2308 4306 2472 4359 quare
2523 4290 2672 4342 illum
2722 4304 2827 4341 non
2878 4284 3111 4354 eripuit?
3159 4283 3409 4353 Alioquin
3456 4297 3586 4336 vero
3630 4298 3739 4337 non
3782 4300 3859 4337 ei.

2306 4381 2481 4435 adhuc
2503 4380 2687 4447 judieii
2721 4389 2951 4447 tempus,
2977 4386 3031 4429 ut
3061 4376 3285 4444 singulis
3312 4390 3409 4445 pm
3440 4374 3630 4428 merito
3650 4374 3898 4430 daretur.

2305 4471 2409 4525 Sed
2442 4486 2614 4539 neque
2653 4471 2842 4524 Petrus
2874 4470 3054 4537 injecit
3089 4468 3205 4521 illos
3248 4468 3299 4519 in
3334 4480 3523 4519 manus
3549 4467 3686 4532 ejus.
3724 4468 3900 4523 itero-

2304 4564 2399 4617 des
2424 4579 2552 4634 ergo
2583 4578 2728 4632 aegre
2780 4562 3015 4624 ferebat,
3058 4560 3195 4629 quod
3247 4558 3468 4613 delusus
3518 4566 3695 4621 esset,
3753 4561 3903 4615 sicut

2303 4673 2434 4711 avus
2462 4672 2590 4711 suus
2618 4656 2834 4709 delusus
2877 4653 3049 4708 fuerat
3074 4670 3101 4703 ει
3130 4652 3299 4721 magis
3331 4671 3343 4703 :
3374 4651 3498 4704 hinc
3523 4650 3902 4707 disseeabatur

2304 4760 2357 4804 et
2393 4748 2523 4803 risui
2566 4757 2680 4802 erat
2724 4749 3018 4815 expositus.
3054 4746 3094 4799 E
3127 4762 3184 4798 re
3209 4757 3390 4797 autem
3425 4742 3584 4797 fuerit
3611 4743 3897 4813 scriptoris

2302 4843 2486 4895 audire
2514 4840 2671 4894 verba
2697 4859 2711 4894 :
2746 4838 2906 4891 Facta
2933 4848 3100 4889 autent
3131 4836 3229 4897 die,
3265 4835 3454 4904 inquit,
3479 4844 3585 4887 erat
3610 4851 3713 4887 non
3736 4851 3893 4899 parua

2303 4935 2519 4987 turbatio
2548 4935 2675 4986 inter
2714 4932 2899 4985 milites
2919 4971 2932 4994 ,
2974 4927 3215 4990 quidnam
3246 4932 3432 4995 factum
3458 4937 3585 4979 esset
3614 4929 3678 4979 de
3707 4925 3889 4981 Petro.

2305 5026 2427 5079 Hert
2474 5030 2531 5079 ’σε
2560 5038 2728 5080 autem
2754 5040 2867 5077 cum
2889 5022 3173 5091 requisisset
3198 5036 3311 5073 eum
3330 5060 3345 5084 ,
3380 5030 3427 5072 et
3463 5035 3562 5071 non
3591 5018 3890 5081 invenisset,

2303 5122 2435 5188 inqu.
2488 5121 2619 5171 tione
2666 5120 2802 5185 facta
2852 5116 2915 5167 de
2964 5112 3270 5174 custodibus,
3324 5112 3481 5182 jussit
3528 5126 3616 5163 eos
3667 5110 3891 5171 abduci;

2303 5211 2509 5264 etiamsi
2542 5208 2938 5278 inquisitionem
2986 5205 3181 5257 faciens
3221 5203 3460 5257 audisset
3500 5202 3567 5253 ah
3594 5204 3712 5264 eis,
3747 5201 3890 5270 quod

2303 5306 2497 5358 relicta:
2529 5302 2751 5355 fuis<ent
2797 5309 3031 5363 ealcum,
3072 5296 3211 5365 quod
3236 5298 3445 5349 calceos
3476 5296 3810 5363 accepisset,
3836 5306 3893 5348 et

2304 5395 2439 5465 quod
2469 5409 2635 5458 usque
2662 5391 2727 5444 ad
2763 5389 2905 5444 illum
2934 5398 3143 5442 noctem
3176 5402 3358 5442 secum
3390 5386 3596 5439 fuisset.
3626 5386 3732 5440 Sed
3760 5386 3891 5455 quid

2303 5486 2673 5541 occultat-unt?
2712 5498 2809 5536 cur
2852 5497 2957 5535 non
3004 5496 3133 5549 ergo
3176 5488 3231 5533 et
3271 5479 3373 5547 ipsi
3406 5478 3696 5546 fugerunt?
3736 5477 3890 5546 Atqui

2303 5580 2533 5647 oportuit
2580 5578 2749 5643 ipsum
2795 5573 2895 5627 ltoc
2931 5573 3112 5627 mirari
3142 5580 3195 5625 et
3220 5570 3622 5639 obstupescere.
3660 5570 3888 5623 Demum

2303 5689 2367 5727 ex
2400 5672 2548 5725 illtll‘t:
2603 5697 2605 5700 ι
2640 5683 2766 5722 nece
2790 5666 3125 5721 manifestum
3153 5676 3233 5718 est
3253 5664 3500 5717 omnibus
3520 5672 3577 5717 et
3604 5663 3697 5716 Dei
3728 5662 3892 5716 mirae

2304 5766 2475 5818 culum
2504 5773 2551 5816 et
2591 5762 2726 5814 illlllS
2759 5759 2950 5814 scelus.
2984 5757 3089 5814 Sed
3115 5756 3251 5823 vide,
3279 5754 3548 5825 quomodo
3574 5754 3660 5809 hic
3688 5772 3751 5810 ea
3784 5772 3891 5810 non
