4084 6332
132 405 231 459 205

132 523 393 587 nccnItet,
431 521 527 575 sed
570 530 627 576 et
657 518 894 573 historia:
924 512 1263 574 meminerit,
1307 517 1364 562 ιιι
1392 507 1581 561 doceat
1607 519 1725 558 nos.

134 614 333 670 Deinde
352 615 461 667 ait:
489 610 899 678 Descendensque
919 623 949 657 a
967 603 1152 657 Judcea
1176 601 1479 664 (kcsaream,
1503 597 1572 650 ibi
1601 611 1730 648 com-

131 719 357 760 moratus
377 716 472 760 est.
498 706 587 759 ‘20.
606 703 732 757 Erat
748 713 914 754 autem
940 697 1176 754 llerodes
1198 696 1356 748 iratus
1378 692 1546 763 Tyriis
1568 700 1614 743 et
1644 689 1731 743 Si-

128 802 316 854 doniis.
335 804 402 854 At
423 801 502 853 illi
516 799 774 852 unanimes
795 803 1032 848 venerunt
1053 791 1121 844 ad
1131 806 1264 852 eunt,
1284 799 1330 840 et
1351 802 1590 857 persuaso
1610 782 1730 835 Bla-

130 907 223 958 sto,
243 897 334 963 qui
353 904 467 948 erat
484 908 634 961 super
647 888 932 943 cubiculum
947 886 1099 955 regis,
1117 881 1439 951 postulabant
1457 894 1650 946 pacem,
1671 893 1730 929 eo
1751 919 1754 922 .

128 988 265 1049 quod
293 989 519 1039 aleretur
543 983 676 1053 regio
692 997 861 1034 eorum
877 978 938 1031 ab
957 978 1063 1031 illo.
1098 975 1187 1029 21.
1211 973 1418 1028 Statuto
1435 982 1601 1023 autem
1624 968 1724 1029 die,

134 1076 369 1130 Herodes
400 1076 603 1128 vestitus
630 1082 757 1126 reste
780 1070 939 1141 regia,
970 1068 1098 1121 sedit
1120 1082 1213 1135 pro
1235 1063 1509 1126 tribunali,
1538 1072 1583 1115 et
1607 1077 1731 1113 con-

128 1171 432 1231 cionsbatur
456 1170 524 1219 ad
548 1183 651 1221 eos.
680 1165 769 1220 9.2.
801 1162 1031 1232 Papulas
1064 1169 1232 1213 autem
1257 1155 1596 1218 acclamabat,
1628 1152 1726 1205 Dei

127 1240 261 1325 vox,
305 1276 408 1313 non
440 1260 682 1312 hominis.
708 1256 798 1310 9.5.
833 1252 1110 1325 Confestim
1141 1260 1309 1304 autem
1338 1248 1584 1317 percussit
1614 1261 1728 1297 eum

125 1353 345 1425 angelus
371 1350 617 1413 Domini,
651 1365 707 1402 eo
726 1350 864 1418 quod
890 1363 989 1399 non
1015 1344 1231 1398 dedisset
1260 1342 1476 1411 gloriam
1511 1338 1616 1390 Deo
1643 1355 1660 1391 :
1682 1347 1728 1389 et

126 1454 462 1513 consumptus
484 1460 516 1494 a
532 1440 775 1495 vermibus
790 1438 1081 1507 exspiravit.
1099 1436 1190 1490 24.
1218 1434 1431 1489 Verbum
1449 1442 1613 1484 autem
1633 1429 1729 1482 Dei

125 1536 385 1588 crescebat
414 1544 464 1586 et
512 1529 959 1601 multiplicabatur.
1008 1527 1121 1582 Non
1153 1542 1313 1597 parva
1364 1540 1451 1579 res
1483 1525 1597 1577 lnec
1621 1534 1721 1577 est.

124 1628 325 1681 Statim
358 1628 511 1681 illum
544 1625 674 1680 ultio
720 1623 912 1679 invasit
941 1642 954 1675 :
984 1622 1084 1677 etsi
1131 1637 1235 1675 non
1267 1629 1485 1688 propter
1512 1616 1726 1671 Petrum

126 1719 458 1780 invasisset,
507 1728 562 1771 at
600 1726 817 1786 propter
841 1723 1177 1784 arrogantem
1220 1712 1362 1767 illius
1388 1712 1723 1766 concionem.

123 1812 293 1879 Atqui
322 1811 427 1866 etsi
456 1810 528 1863 illi
558 1810 959 1869 acclamarunt,
994 1806 1233 1876 inquies,
1276 1801 1403 1874 quid
1432 1800 1536 1855 hoc
1565 1800 1629 1853 ad
1660 1799 1725 1853 il-

125 1901 236 1955 lum
252 1902 278 1953 ἲ
300 1902 564 1967 Quoniam
586 1901 698 1969 ipse
714 1914 898 1953 vocem
919 1898 1148 1966 excepit.
1162 1895 1414 1966 quoniam
1432 1909 1492 1949 se
1507 1893 1727 1960 dignum

122 1993 344 2062 putavit
393 1992 483 2046 tali
531 1992 861 2046 adulatione.
903 1990 1006 2045 Per
1035 1988 1173 2043 hanc
1204 1988 1436 2041 maxime
1466 1985 1727 2040 erudiun-

126 2096 237 2147 tur,
269 2084 364 2152 qui
402 2094 608 2138 temere
634 2082 938 2136 adulantur.
975 2078 1257 2149 Perpende
1304 2079 1429 2133 item
1477 2088 1730 2144 utrosque

125 2175 401 2229 tneruism
430 2188 652 2243 plenas;
685 2174 824 2229 hunc
851 2182 1029 2228 autem
1060 2172 1238 2241 plecti.
1271 2169 1387 2225 Non
1416 2171 1558 2225 enim
1581 2168 1729 2238 judi-

124 2268 191 2319 cii
242 2276 463 2336 tempus
509 2280 649 2319 nunc
679 2274 791 2331 est,
841 2262 937 2321 sed
984 2263 1153 2332 magis
1201 2262 1419 2315 noxium
1465 2260 1729 2328 supplicio

124 2358 337 2423 afﬁcit,
389 2358 495 2413 illis
541 2356 813 2423 dimissis,
861 2366 918 2410 ut
945 2354 1071 2411 hinc
1110 2356 1315 2409 lucrum
1343 2354 1629 2422 accipiant.
1665 2351 1729 2405 Et

123 2453 337 2506 verbum
368 2451 463 2506 Dei
490 2452 774 2516 crescebat,
809 2450 1014 2521 inquit,
1044 2460 1092 2504 et
1128 2448 1584 2520 multiplicabatur.
1617 2447 1730 2502 Hoc

122 2554 247 2609 est,
304 2559 367 2598 ea
416 2554 630 2613 peracta
673 2558 755 2598 re.
801 2542 1047 2596 Vidistin’
1078 2542 1168 2596 Dei
1213 2540 1725 2596 meooomiam‘lis.

124 2635 401 2690 Barnabas
426 2650 596 2689 autem
624 2645 673 2690 et
710 2636 904 2691 Saulus
938 2637 1120 2688 reversi
1148 2643 1266 2687 sunt
1295 2634 1357 2687 ab
1394 2632 1730 2703 Jerosoiymis

122 2730 332 2798 expleto
376 2728 651 2782 ministerio
672 2770 688 2795 ,
710 2738 967 2795 assmnpto
994 2726 1216 2793 Joanne,
1235 2727 1321 2796 qui
1346 2728 1732 2797 cognominatus

122 2833 197 2874 est
255 2821 488 2874 Marcus.
532 2819 681 2892 (Cap.
714 2821 883 2891 i5.)I.
920 2819 1085 2873 Erant
1112 2831 1278 2874 autem
1307 2820 1513 2887 quidam
1539 2822 1592 2873 in
1622 2818 1729 2873 Ec-

121 2914 309 2977 clesia,
337 2928 455 2982 quae
481 2924 588 2966 erat
616 2914 916 2968 Antiochiae.
949 2916 1209 2980 propheta:
1241 2922 1288 2965 et
1326 2913 1577 2973 doctores,
1604 2910 1732 2964 Bur-

123 3006 311 3065 nabas,
348 3014 401 3057 et
452 3003 661 3058 Simeon
749 3006 834 3069 qui
880 3007 1153 3057 vocabatur
1198 3002 1392 3074 Niger,
1449 3012 1495 3055 et
1542 3001 1732 3056 Lucius

122 3098 458 3169 Cyrenensis,
482 3107 528 3151 et
550 3095 808 3150 Manalten
838 3096 1054 3151 Herodis
1076 3098 1341 3150 tetrarchae
1368 3096 1729 3159 collactaneus,

122 3204 173 3247 et
202 3191 432 3245 Saulus.
459 3190 651 3246 Adhuc
678 3190 976 3245 Barnabatu
1003 3193 1232 3261 primum
1264 3200 1526 3244 memorat
1552 3208 1563 3243 :
1600 3207 1736 3242 non-

121 3286 255 3340 dum
279 3285 431 3339 enim
453 3284 630 3338 clarus
652 3294 764 3339 erat
786 3285 1002 3348 Paulus,
1029 3285 1261 3338 nondum
1286 3285 1496 3355 signum
1520 3284 1731 3352 aliquod

123 3376 360 3433 fecerat.
392 3375 451 3430 2.
485 3375 896 3431 Ηὶηἱδιναηιὶὸηε
926 3387 1092 3429 autem
1119 3376 1224 3429 illis
1249 3375 1492 3439 Domino,
1524 3386 1566 3428 et
1587 3377 1735 3445 jeju-

125 3474 379 3525 nantibus
402 3512 420 3535 ,
445 3471 572 3524 dixit
601 3469 827 3538 Spiritus
851 3481 1056 3525 sanctus
1086 3485 1105 3523 :
1134 3470 1410 3540 Segregate
1446 3469 1569 3521 nti/ti
1599 3466 1735 3520 Bar-

130 3565 331 3617 nabam
364 3572 417 3614 et
438 3560 653 3615 Saulum
678 3562 731 3614 in
751 3578 899 3629 opus,
927 3561 995 3613 ad
1021 3560 1159 3629 quod
1186 3561 1355 3613 vocavi
1380 3577 1483 3613 eos.
1510 3560 1563 3613 5.
1593 3558 1737 3612 Tunc

125 3657 437 3728 jejunantes
462 3664 508 3707 et
535 3664 735 3708 orantes
762 3654 1173 3722 imponentesque
1202 3654 1273 3705 eis
1301 3669 1500 3715 manus,
1536 3653 1739 3704 dimise—

129 3758 257 3801 runt
296 3747 443 3801 illos.
486 3746 621 3811 Quid
650 3756 767 3812 est,
820 3745 1266 3799 Ministrantibus?
1293 3745 1734 3799 Praedicantibus.

132 3840 428 3911 Segregate
473 3838 626 3903 mihi,
662 3838 862 3908 inquit,
894 3835 1187 3890 Barnabam
1229 3846 1275 3889 et
1320 3835 1560 3891 Saulum.
1601 3836 1738 3901 Quid

129 3934 233 3986 sibi
270 3933 391 3985 vult
411 3971 426 3994 ,
458 3930 732 4001 Segregate
770 3930 937 3983 mihi?
964 3930 1044 3985 Ad
1078 3946 1231 3999 opus,
1261 3930 1328 3984 ad
1357 3932 1737 3998 apostolatnm.

137 4026 277 4078 Vide
304 4038 549 4084 rursum,
573 4038 601 4073 a
627 4022 821 4090 quibus
846 4021 1166 4076 ordinentur
1190 4040 1203 4073 :
1231 4036 1260 4074 a
1288 4020 1455 4075 Lucio
1479 4021 1742 4092 Cyrumco

140 4130 197 4173 et
227 4116 487 4180 Manahe,
523 4116 628 4168 imo
657 4131 686 4167 a
713 4115 937 4183 Spiritu.
966 4113 1177 4182 Quanto
1197 4115 1340 4167 enim
1366 4115 1600 4167 minores
1624 4130 1745 4183 pcr-

132 4225 321 4273 some,
373 4215 527 4262 tanto
564 4206 761 4260 clarior
790 4214 1018 4275 apparet
1068 4204 1161 4259 Dei
1212 4206 1403 4274 gratia.
1452 4204 1744 4259 Ordinatur

132 4302 363 4355 demum
398 4299 452 4351 in
483 4297 841 4367 apostolatum
870 4338 884 4359 ,
916 4307 973 4349 ut
1007 4311 1130 4350 cum
1166 4306 1427 4364 potestate
1468 4298 1743 4366 prtedicet.

134 4391 435 4460 Quomodo
459 4390 618 4459 igitur
644 4388 758 4459 ipse
782 4388 948 4441 dicit?
978 4385 1100 4440 Non
1121 4387 1183 4441 ab
1204 4388 1513 4453 hominibus,
1543 4405 1635 4442 nec
1658 4407 1748 4459 per

138 4487 375 4559 (tantines
422 4480 635 4551 (Colat.
671 4482 720 4535 1.
752 4480 863 4553 1)?
909 4479 1029 4533 Non
1061 4480 1122 4531 ab
1150 4480 1443 4533 hominibus
1483 4480 1656 4546 dixit,
1690 4492 1749 4536 ut

136 4580 483 4637 declararet,
534 4590 641 4628 non
694 4573 969 4626 hominem
1022 4572 1195 4642 ipsum
1241 4587 1464 4627 vocasse
1510 4573 1593 4626 vel
1648 4571 1746 4626 ad-

137 4673 411 4727 duxisse:
443 4684 600 4737 neque
640 4684 729 4736 per
755 4667 984 4720 homines
1005 4708 1021 4732 ,
1053 4668 1175 4736 quia
1224 4683 1329 4721 non
1361 4668 1428 4721 ab
1455 4668 1561 4721 alio
1586 4684 1746 4737 quam

136 4782 168 4817 τι
196 4764 412 4832 Spiritu
442 4761 636 4814 missus
672 4768 777 4815 est.
822 4759 947 4813 Ideo
977 4761 1053 4812 sic
1090 4760 1294 4812 addidit
1327 4778 1337 4811 :
1370 4760 1423 4814 4.
1472 4758 1546 4812 Hi
1581 4772 1751 4831 itaque

139 4856 292 4908 missi
319 4870 352 4905 a
384 4850 619 4921 Spiritu,
651 4852 1011 4904 descenderunt
1041 4851 1325 4905 Seleuciam
1349 4867 1367 4905 :
1395 4852 1512 4905 inde
1541 4853 1751 4922 naviga~

142 4956 325 4999 verum
373 4945 429 4997 in
474 4943 717 5013 Cyprum.
770 4943 874 4997 Sed
920 4944 1167 5012 superius
1214 4942 1354 4998 dicta
1386 4945 1747 5014 exploremus.

146 5037 323 5091 Facta
361 5044 533 5087 autem
559 5034 640 5085 die
660 5075 675 5095 ,
716 5044 821 5086 erat
853 5032 1071 5087 turbatio
1101 5050 1200 5086 non
1232 5050 1388 5102 parva
1411 5047 1616 5103 propter
1644 5034 1749 5088 Pe-

146 5143 310 5183 trum.
345 5126 412 5179 Et
436 5126 759 5195 inquisitione
779 5126 916 5195 facta
942 5125 1006 5179 de
1028 5126 1338 5190 custodibus,
1364 5126 1523 5193 jussit
1546 5125 1748 5177 abduci.

149 5224 226 5277 Ita
251 5237 422 5273 sensu
455 5220 744 5274 destitutus
771 5217 908 5283 fuit,
938 5229 995 5273 ut
1022 5219 1183 5272 etiam
1218 5219 1415 5284 injuste
1444 5219 1630 5286 punire
1658 5235 1753 5289 ag-

145 5318 495 5388 grederetur.
544 5312 683 5366 Ecce
724 5328 940 5368 causam
986 5312 1199 5363 illorum
1243 5311 1494 5366 defendo.
1532 5312 1753 5365 Vincula

146 5420 314 5465 erant
338 5450 351 5467 .
378 5406 631 5462 custodes
659 5406 823 5468 intus,
848 5420 1031 5459 career
1058 5405 1271 5457 clausus
1291 5445 1305 5466 ,
1335 5419 1595 5471 nusquam
1634 5420 1754 5471 per-

150 5506 343 5560 fossus
392 5503 611 5570 paries,
665 5515 855 5553 (utines
900 5497 1086 5552 eadem
1132 5497 1412 5561 dicebant,
1465 5497 1635 5551 llomo
1666 5498 1755 5551 ille

150 5607 345 5665 raptus
372 5610 478 5647 non
506 5604 621 5658 est,
656 5606 752 5646 cur
778 5590 896 5642 illos
921 5590 1294 5645 condemnas?
1337 5590 1381 5643 si
1410 5590 1627 5643 solvere
1654 5606 1753 5642 vo—

152 5689 421 5747 luissent,
451 5686 532 5738 vel
558 5697 683 5737 ante
709 5682 997 5737 solvissent
1017 5724 1030 5745 ,
1058 5681 1144 5737 vel
1174 5682 1335 5736 simul
1360 5684 1617 5735 exissent.
1647 5681 1777 5736 Sed.

154 5779 416 5849 pecunias
434 5776 783 5846 acceperunt?
798 5773 1077 5845 Quomodo
1090 5776 1181 5845 qui
1200 5789 1371 5843 neque
1390 5775 1609 5843 pauperi
1629 5790 1755 5827 ero-

153 5889 283 5942 gare
305 5877 551 5944 poterat;
572 5869 655 5925 liis
673 5869 949 5927 dedisset"
971 5869 1153 5938 Neque
1174 5868 1315 5923 cnim
1346 5866 1526 5922 fracta:
1548 5877 1751 5922 catena:

1073 395 1135 451 IN
1176 394 1354 450 ACTA
1398 386 1924 448 APOSTOLORUM.
1970 382 2196 440 llO.\IlL.
2242 380 2454 436 XXVII.

3331 380 3437 437 90F.

1841 516 2015 571 neque
2045 502 2233 554 soluta:
2269 508 2415 552 sunt.
2450 496 2741 567 Oportebat
2778 495 2959 551 videre
3002 510 3114 551 rem
3154 511 3276 552 esse
3302 497 3439 552 divi.

1839 607 1997 654 nam,
2021 607 2125 645 non
2156 591 2464 644 humanam.
2496 587 2699 644 Deinde
2720 631 2736 657 _.
2765 588 2887 659 quia
2922 588 3199 642 historiam
3226 604 3436 644 memo-

1838 697 2054 738 raturus
2080 693 2233 749 erat,
2283 684 2403 738 ideo
2428 684 2589 737 etiam
2622 683 2842 736 nomina
2877 681 3059 751 ponit,
3090 691 3149 735 ut
3182 682 3440 751 probetur

1837 778 2018 831 omnia
2047 792 2175 830 vere
2196 777 2319 830 dici.
2353 775 2418 828 Et
2443 791 2684 840 persuaso
2704 817 2718 840 ,
2755 774 2953 845 inquit,
2986 774 3194 839 Blasto,
3223 776 3309 845 qui
3331 787 3439 828 erat

1835 884 1988 936 super
2010 867 2297 921 cubiculum
2320 869 2471 937 regis,
2500 868 2823 931 postulabunt
2851 882 3044 935 pacem.
3071 866 3183 920 Iloc
3205 865 3399 919 faciunt
3424 908 3436 925 ,

1835 962 1958 1029 quia
1989 960 2156 1014 fatnes
2181 970 2312 1013 erat.
2342 962 2547 1013 Statuto
2573 970 2740 1011 autent
2763 960 2863 1023 die,
2888 962 3067 1013 sedens
3091 958 3321 1011 Herodes
3347 976 3438 1028 pro

1835 1053 2108 1116 tribunali,
2142 1055 2510 1119 concionatur,
2562 1053 2755 1121 inquit.
2788 1051 3068 1123 Confestim
3108 1064 3274 1105 autem
3318 1068 3434 1121 per-

1836 1145 1990 1196 cussit
2028 1161 2142 1197 eum
2171 1145 2383 1214 angelus
2418 1125 2670 1197 Dontini':
2699 1154 2745 1197 et
2774 1153 3101 1211 consumptus
3130 1162 3162 1197 a
3188 1145 3436 1198 vermibus

1833 1238 2126 1306 exspiravit.
3410 1236 3411 1239 “

1904 1329 1958 1382 2.
1992 1328 2105 1383 Hoc
2131 1338 2184 1383 et
2214 1328 2478 1399 Joseplms
2502 1329 2631 1383 dicit
2662 1329 2761 1399 (a),
2792 1330 2934 1398 quod
2966 1330 3017 1383 in
3045 1330 3265 1399 longum
3289 1345 3436 1383 mor-

1836 1419 1957 1473 bum
1990 1420 2255 1475 inciderit.
2284 1421 2432 1474 Multi
2463 1423 2641 1490 itaque
2673 1422 2775 1475 hoc
2806 1422 3119 1474 nesciebant
3147 1439 3161 1482 ;
3210 1431 3432 1488 aposto-

1836 1511 1919 1566 lus
1944 1528 2070 1567 vero
2095 1522 2294 1567 narrat.
2325 1514 2519 1567 Verum
2552 1514 2846 1583 ignorantia
2877 1514 2977 1565 illis
3011 1515 3281 1582 proderat,
3307 1512 3435 1566 dum

1836 1603 2066 1657 llerodis
2092 1620 2276 1658 casum
2310 1606 2466 1658 morti
2492 1604 2679 1659 Jacobi
2708 1615 2763 1658 ct
2789 1606 3018 1659 militum
3042 1604 3172 1658 c:cdi
3205 1605 3438 1671 imputa-

1834 1706 1974 1750 rent.
2002 1696 2301 1766 Perpende,
2344 1697 2560 1766 quando
2585 1696 2887 1766 apostolum
2918 1697 3136 1761 occidit,
3168 1697 3298 1749 nihil
3334 1698 3439 1749 tale

1835 1786 1963 1843 fecit
1992 1806 2005 1842 :
2037 1790 2250 1856 quando
2278 1789 2417 1851 illos,
2445 1789 2575 1842 nihil
2605 1789 2838 1844 dicebat.
2872 1788 3067 1856 Utpote
3092 1788 3289 1843 dubius
3310 1804 3440 1858 ergo

1835 1892 1889 1937 et
1918 1882 2175 1937 confusus
2205 1899 2273 1936 ex
2298 1882 2480 1937 Judzea
2512 1883 2814 1937 Ca'sarcam
2850 1883 3011 1936 venit.
3050 1882 3174 1935 Mihi
3206 1881 3437 1943 videtur,

1836 1988 1957 2027 Cum
2002 1974 2125 2028 illos
2156 1974 2426 2028 abducere
2458 1974 2621 2027 vellet
2643 2016 2657 2037 ,
2690 1974 2755 2027 ad
2792 1974 2889 2027 hos
2934 1972 3181 2037 venisse,
3214 1984 3269 2025 ιιι
3319 1987 3441 2026 sese

1838 2076 2088 2135 purgaret
2119 2084 2133 2129 ;
2168 2066 2499 2120 irascebatur
2527 2066 2671 2120 enim
2720 2066 2847 2129 illis,
2880 2065 3005 2119 dum
3037 2065 3118 2117 bis
3154 2065 3233 2118 sic
3270 2064 3439 2133 grati-

1836 2157 2110 2214 ﬁcaretur.
2140 2157 2271 2211 Vide
2301 2174 2460 2227 quam
2493 2140 2643 2211 value
2670 2156 2858 2228 gloria:
2905 2155 3132 2226 cupidus
3159 2155 3320 2209 homo
3352 2170 3442 2210 es-

1836 2262 1936 2306 set.
1973 2250 2208 2307 Gratiam
2255 2250 2355 2304 illis
2384 2252 2607 2305 daturus
2636 2250 2993 2304 concionatus
3021 2257 3126 2302 est.
3168 2246 3440 2315 Iosephus

1839 2360 1966 2397 vero
2014 2344 2107 2408 ait,
2139 2345 2313 2413 ipsum
2333 2353 2491 2416 ,veste
2544 2342 2824 2412 splendida
2856 2352 2910 2397 et
2960 2348 3183 2411 argento
3232 2340 3441 2395 intexta

1837 2434 2092 2489 amictum
2124 2433 2312 2488 fuisse.
2342 2434 2476 2489 Vide
2503 2435 2667 2489 etiam
2708 2449 2869 2504 quam
2904 2432 3213 2487 adulatores
3260 2440 3443 2486 essent

1838 2526 1953 2591 illi,
1997 2536 2050 2580 et
2077 2526 2441 2596 apostolorum
2484 2540 2723 2580 sensum.
2755 2528 2925 2592 Quem
2968 2524 3111 2579 enim
3152 2538 3287 2594 gens
3331 2533 3440 2578 tota

1837 2622 2071 2686 eolebat,
2105 2621 2247 2675 hunc
2278 2622 2352 2674 illi
2385 2620 2733 2689 respuebant.
2766 2618 2917 2672 Tunc
2967 2617 3070 2671 illis
3112 2617 3295 2672 datum
3335 2626 3436 2679 est,

1840 2725 1897 2768 ut
1928 2715 2276 2783 respirarent,
2312 2722 2366 2767 et
2395 2713 2561 2766 multa
2589 2720 2739 2781 parta
2766 2720 2892 2764 sunt
2920 2711 3056 2763 bona
3081 2723 3146 2763 ex
3180 2708 3323 2762 illius
3360 2708 3440 2761 ul-

1841 2808 2005 2861 tione.
2035 2806 2254 2872 Quodsi
2287 2807 2374 2859 ille
2404 2806 2505 2859 hoc
2531 2804 2735 2868 audito,
2780 2802 2891 2858 Vox
2912 2802 3038 2868 Dei,
3065 2819 3166 2855 non
3198 2801 3437 2864 hominis,

1840 2899 1962 2955 licet
1991 2899 2121 2952 nihil
2173 2900 2408 2960 dixerit,
2444 2897 2566 2951 talia
2619 2911 2807 2965 passus
2853 2905 2977 2950 est:
3020 2894 3190 2949 multo
3236 2893 3441 2961 majora

1838 2992 2107 3056 Christus,
2138 2992 2181 3044 si
2209 2991 2350 3043 Deus
2379 3004 2483 3042 non
2514 2987 2704 3042 fuisset
2725 3030 2738 3050 ,
2766 3001 2955 3057 passus
2982 2996 3147 3048 esset,
3182 2985 3269 3054 qui
3297 2998 3443 3038 sem-

1843 3102 1937 3153 per
1961 3086 2197 3147 diccbat,
2240 3082 2398 3136 Verba
2429 3100 2539 3135 mea
2564 3098 2667 3135 non
2694 3098 2803 3134 mea
2831 3089 2968 3141 sunt,
2992 3090 3068 3143 et,
3100 3078 3151 3131 Μ
3160 3079 3324 3130 inistri
3347 3078 3445 3129 ntci

1840 3177 2013 3247 utique
2042 3177 2349 3229 decertarent
2402 3174 2593 3247 (Joan.
2637 3176 2728 3228 N.
2775 3171 2863 3227 10.
2910 3182 2956 3226 et
2997 3171 3083 3226 18.
3117 3171 3246 3239 56),
3295 3169 3444 3222 simi—

1843 3269 2037 3339 liaque.
2066 3269 2156 3323 Ille
2184 3285 2312 3322 vero
2351 3268 2491 3322 fmde
2522 3278 2574 3322 et
2602 3266 2980 3321 miserabiliter
3012 3267 3172 3319 vitam
3210 3263 3443 3325 clausit;

1842 3372 1898 3414 et
1946 3362 2077 3415 nihil
2126 3376 2193 3415 ex
2241 3376 2306 3415 eo
2328 3362 2617 3430 reliquum.
2670 3359 2950 3428 Perpende
2999 3360 3126 3413 item
3174 3359 3449 3428 quomodo

1845 3452 2027 3506 Blasto
2057 3452 2402 3518 assentiatnr,
2448 3461 2503 3506 et
2547 3467 2705 3517 quam
2758 3450 2916 3505 facile
2962 3452 3125 3503 miser
3169 3450 3258 3503 ille
3288 3448 3450 3502 hoino

1847 3546 2130 3609 irascatur,
2163 3553 2218 3598 et
2248 3542 2429 3613 postea
2465 3545 2757 3613 mitigetur,
2792 3543 2992 3613 ubique
3024 3542 3204 3611 pepuli
3236 3556 3446 3601 servus,

1848 3638 2089 3706 nihilque
2132 3636 2359 3712 liberum
2409 3635 2635 3689 habens.
2668 3632 2960 3688 Considera
2997 3634 3122 3686 item
3154 3634 3449 3687 auctorita-

1850 3742 1955 3785 tem
1975 3731 2207 3801 Spiritus
2227 3730 2423 3785 sancti.
2441 3728 2853 3782 Ministrantibus
2881 3739 3047 3780 autem
3074 3726 3177 3781 illis
3210 3727 3447 3790 Domino,

1850 3822 2041 3893 inquit,
2069 3832 2119 3876 et
2153 3822 2530 3891 jejunantibus,
2564 3821 2693 3875 dixit
2721 3820 2949 3888 Spiritus
2998 3830 3200 3873 sanctus
3219 3836 3237 3873 .'
3266 3820 3454 3889 Segre-

1849 3926 1965 3985 gate
2008 3914 2135 3967 mihi
2179 3914 2470 3967 Barnabam
2507 3924 2550 3968 et
2594 3912 2836 3968 Saulum.
2884 3913 3015 3981 Quis
3066 3927 3229 3967 ausus
3267 3923 3447 3975 esset,

1852 4007 1953 4060 nisi
1982 4014 2130 4060 tanta
2172 4016 2437 4075 potestate
2469 4006 2631 4059 fultus
2652 4048 2669 4071 ,
2702 4005 2817 4059 haec
2859 4005 3084 4059 dicere?
3132 4006 3243 4059 Iloc
3272 4015 3451 4060 autem

1853 4101 1931 4157 tit.
1966 4110 2153 4151 utnon
2182 4097 2341 4152 simul
2390 4098 2488 4167 ipsi
2533 4107 2805 4151 maneant.
2844 4096 2987 4150 Vidit
3037 4097 3154 4151 illos
3197 4096 3455 4168 majorem

1855 4189 2051 4243 habere
2069 4189 2338 4252 virtutem,
2360 4199 2413 4243 et
2436 4188 2680 4257 pluribus
2704 4204 2861 4258 posse
2882 4187 3149 4243 sullicere.
3174 4188 3457 4256 Quomodo

1853 4292 2030 4336 autem
2062 4282 2169 4335 illis
2214 4282 2464 4351 loquutus
2508 4280 2628 4335 est?
2670 4279 2832 4334 Forte
2863 4296 2958 4349 per
2987 4280 3297 4349 prophetas.
3336 4281 3458 4335 Ιάνω

1854 4386 1979 4429 ante
2008 4374 2163 4437 dixit,
2193 4382 2248 4428 et
2279 4373 2570 4443 prOphetas
2594 4372 2759 4428 fuisse
2784 4384 2838 4427 et
2861 4374 3138 4443 jejunasse
3163 4384 3326 4441 atque
3361 4376 3459 4427 nii-

1855 4465 2137 4530 nistrasse,
2166 4474 2221 4547 ut
2246 4465 2425 4520 discas
2454 4467 2619 4520 multa
2650 4466 2943 4520 sobrietate
2968 4480 3103 4535 opus
3130 4467 3314 4520 fuisse.
3342 4469 3453 4519 An-

1857 4557 2069 4613 tiochizn
2098 4559 2399 4625 ordinatur,
2455 4560 2542 4613 ubi
2578 4559 2850 4628 pra-dicat.
2886 4560 2996 4614 Cur
3020 4578 3123 4614 non
3152 4562 3319 4625 dixit,
3359 4563 3460 4614 Uo—

1856 4653 2002 4707 mino
2057 4662 2367 4721 segregate,
2426 4652 2561 4716 sed,
2605 4650 2777 4705 Mihi?
2828 4650 3079 4706 Ostendit
3128 4668 3285 4705 unam
3338 4670 3461 4708 esse

1857 4746 2149 4815 potentiam
2172 4758 2227 4799 et
2257 4745 2525 4798 virtutem.

1932 4838 2126 4909 Magna
2166 4854 2246 4891 res
2286 4838 2563 4910 jejunium.
2607 4837 2829 4893 Muliere
2872 4838 3068 4891 deliciis
3121 4840 3292 4892 dedita
3330 4839 3463 4893 nihil

1860 4934 2077 5000 turpius.
2106 4959 2177 4968 —
2206 4929 2395 4983 Viden’
2426 4941 2624 4999 quanta
2657 4946 2742 4983 res
2773 4932 2843 4983 sit
2878 4931 3141 4999 jejunium
3166 4932 3189 4985 ?
3212 4931 3462 4987 Ostendit

1860 5020 2117 5091 Spiritum
2142 5022 2321 5075 omnia
2351 5023 2560 5075 fecisse.
2582 5021 2828 5091 Magnum
2858 5024 3353 5091 quoddam'bonum
3380 5038 3463 5081 est

1858 5112 2117 5182 ju-junium
2147 5133 2160 5167 :
2195 5130 2298 5166 non
2331 5114 2562 5167 termino
2606 5115 3090 5169 circumscribitur.
3124 5118 3257 5171 Cum
3309 5120 3459 5174 ordi-

1863 5218 1991 5258 nare
2025 5207 2336 5275 oportebat,
2389 5216 2517 5259 tunc
2556 5205 2804 5275 jejunant
2832 5225 2844 5261 :
2875 5219 2928 5262 et
2962 5208 3333 5277 jejunantibus
3360 5213 3464 5266 illis

1862 5297 1997 5351 dixit
2018 5296 2270 5365 Spiritus.
2300 5298 2571 5367 Jejuninm
2602 5315 2730 5353 vero
2760 5317 2866 5353 non
2895 5301 2996 5356 hoc
3024 5303 3198 5357 Solum
3222 5316 3299 5360 est
3324 5325 3338 5370 ;
3368 5308 3463 5362 sed

1863 5390 2022 5443 etiam
2056 5390 2328 5444 abstinere
2370 5408 2400 5444 a
2432 5391 2672 5455 deliciis,
2723 5392 2911 5459 jejuni:
2946 5396 3154 5461 Species
3192 5408 3293 5451 est.
3353 5400 3463 5455 Iloc

1866 5496 2068 5540 tantum
2107 5500 2206 5553 ego
2252 5487 2457 5554 impero
2506 5501 2520 5536 :
2567 5500 2672 5537 non
2714 5486 2990 5556 jt-junate,
3030 5489 3125 5542 sed
3176 5508 3203 5541 a
3257 5490 3467 5547 deliciis

1864 5580 2146 5632 abstinete.
2177 5578 2445 5631 Alimenta
2494 5592 2831 5647 qumramns.
2888 5594 2991 5632 non
3023 5582 3460 5651 corruptionem;

1864 5672 2110 5726 alimenta
2132 5685 2455 5741 qtneramus,
2480 5685 2585 5723 non
2606 5670 2915 5724 morborum
2940 5673 3252 5726 occasiones
3274 5684 3327 5727 ct
3348 5676 3461 5744 spi-

1934 5877 2009 5939 (a)
2048 5871 2167 5923 Vide
2192 5873 2592 5938 .lvsepltunt,lib.
2626 5873 2834 5930 19..c.'7.
