  <div class='ocr_page' id='page_1' title='image "/cluster/home/n/w/nwhite01/storage/ocr_20150623/60/pst.000005712601/211.png"; bbox 0 0 4084 6332; ppageno 0'>
   <div class='ocr_carea' id='block_1_1' title="bbox 650 364 753 424">
    <p class='ocr_par' dir='ltr' id='par_1_1' title="bbox 650 364 753 424">
     <span class='ocr_line' id='line_1_1' title="bbox 650 364 753 424; baseline 0 0"><span class='ocrx_word' id='word_1_1' title='bbox 650 364 753 424; x_wconf 67' lang='lat'><strong>207</strong></span> 
     </span>
    </p>
   </div>
   <div class='ocr_carea' id='block_1_2' title="bbox 646 471 2219 546">
    <p class='ocr_par' dir='ltr' id='par_1_2' title="bbox 646 471 2219 546">
     <span class='ocr_line' id='line_1_2' title="bbox 646 471 2219 546; baseline -0.012 -10"><span class='ocrx_word' id='word_1_2' title='bbox 646 478 915 536; x_wconf 81' lang='lat' dir='ltr'><strong>ritttalium</strong></span> <span class='ocrx_word' id='word_1_3' title='bbox 960 488 1017 530; x_wconf 82' lang='lat' dir='ltr'><strong>et</strong></span> <span class='ocrx_word' id='word_1_4' title='bbox 1057 489 1471 546; x_wconf 82' lang='lat' dir='ltr'><strong>corporeornm;</strong></span> <span class='ocrx_word' id='word_1_5' title='bbox 1520 471 1829 525; x_wconf 88' lang='lat' dir='ltr'><strong>alimentum</strong></span> <span class='ocrx_word' id='word_1_6' title='bbox 1878 481 2219 539; x_wconf 68' lang='lat' dir='ltr'><strong>qumramus,</strong></span> 
     </span>
    </p>
   </div>
   <div class='ocr_carea' id='block_1_3' title="bbox 643 560 2225 638">
    <p class='ocr_par' dir='ltr' id='par_1_3' title="bbox 643 560 2225 638">
     <span class='ocr_line' id='line_1_3' title="bbox 643 560 2225 638; baseline -0.006 -16"><span class='ocrx_word' id='word_1_7' title='bbox 643 561 785 638; x_wconf 85' lang='lat' dir='ltr'><strong>quod</strong></span> <span class='ocrx_word' id='word_1_8' title='bbox 816 567 1142 637; x_wconf 88' lang='lat' dir='ltr'><strong>voluptatem</strong></span> <span class='ocrx_word' id='word_1_9' title='bbox 1167 567 1382 636; x_wconf 82' lang='lat' dir='ltr'><strong>quidem</strong></span> <span class='ocrx_word' id='word_1_10' title='bbox 1422 564 1646 627; x_wconf 88' lang='lat' dir='ltr'><strong>habeat,</strong></span> <span class='ocrx_word' id='word_1_11' title='bbox 1692 578 1798 618; x_wconf 90' lang='lat' dir='ltr'><strong>non</strong></span> <span class='ocrx_word' id='word_1_12' title='bbox 1843 575 1971 616; x_wconf 86' lang='lat' dir='ltr'><strong>vero</strong></span> <span class='ocrx_word' id='word_1_13' title='bbox 2004 560 2225 613; x_wconf 77' lang='lat' dir='ltr'><strong>delicias</strong></span> 
     </span>
    </p>
   </div>
   <div class='ocr_carea' id='block_1_4' title="bbox 646 652 2222 726">
    <p class='ocr_par' dir='ltr' id='par_1_4' title="bbox 646 652 2222 726">
     <span class='ocr_line' id='line_1_4' title="bbox 646 652 2222 726; baseline -0.005 -15"><span class='ocrx_word' id='word_1_14' title='bbox 646 657 882 712; x_wconf 87' lang='lat' dir='ltr'><strong>molestia</strong></span> <span class='ocrx_word' id='word_1_15' title='bbox 914 658 1117 726; x_wconf 89' lang='lat' dir='ltr'><strong>plenas.</strong></span> <span class='ocrx_word' id='word_1_16' title='bbox 1142 656 1277 711; x_wconf 87' lang='lat' dir='ltr'><strong>Illud</strong></span> <span class='ocrx_word' id='word_1_17' title='bbox 1304 670 1465 710; x_wconf 85' lang='lat' dir='ltr'><strong>suave</strong></span> <span class='ocrx_word' id='word_1_18' title='bbox 1510 663 1614 721; x_wconf 89' lang='lat' dir='ltr'><strong>est,</strong></span> <span class='ocrx_word' id='word_1_19' title='bbox 1670 653 1775 708; x_wconf 82' lang='lat' dir='ltr'><strong>hoc</strong></span> <span class='ocrx_word' id='word_1_20' title='bbox 1824 652 2178 723; x_wconf 85' lang='lat' dir='ltr'><strong>perniciosum</strong></span> <span class='ocrx_word' id='word_1_21' title='bbox 2202 694 2222 714; x_wconf 84' lang='lat'><strong>,</strong></span> 
     </span>
    </p>
   </div>
   <div class='ocr_carea' id='block_1_5' title="bbox 644 744 2222 818">
    <p class='ocr_par' dir='ltr' id='par_1_5' title="bbox 644 744 2222 818">
     <span class='ocr_line' id='line_1_5' title="bbox 644 744 2222 818; baseline -0.004 -16"><span class='ocrx_word' id='word_1_22' title='bbox 644 748 774 803; x_wconf 92' lang='lat' dir='ltr'><strong>illud</strong></span> <span class='ocrx_word' id='word_1_23' title='bbox 801 748 1043 818; x_wconf 89' lang='lat' dir='ltr'><strong>voluptas</strong></span> <span class='ocrx_word' id='word_1_24' title='bbox 1073 758 1188 813; x_wconf 86' lang='lat' dir='ltr'><strong>est,</strong></span> <span class='ocrx_word' id='word_1_25' title='bbox 1223 748 1323 802; x_wconf 85' lang='lat' dir='ltr'><strong>hoc</strong></span> <span class='ocrx_word' id='word_1_26' title='bbox 1344 747 1532 810; x_wconf 88' lang='lat' dir='ltr'><strong>labor;</strong></span> <span class='ocrx_word' id='word_1_27' title='bbox 1563 744 1693 800; x_wconf 81' lang='lat' dir='ltr'><strong>illud</strong></span> <span class='ocrx_word' id='word_1_28' title='bbox 1725 744 2019 800; x_wconf 85' lang='lat' dir='ltr'><strong>secundum</strong></span> <span class='ocrx_word' id='word_1_29' title='bbox 2064 752 2222 796; x_wconf 87' lang='lat' dir='ltr'><strong>natu-</strong></span> 
     </span>
    </p>
   </div>
   <div class='ocr_carea' id='block_1_6' title="bbox 643 833 2223 908">
    <p class='ocr_par' dir='ltr' id='par_1_6' title="bbox 643 833 2223 908">
     <span class='ocr_line' id='line_1_6' title="bbox 643 833 2223 908; baseline -0.003 -15"><span class='ocrx_word' id='word_1_30' title='bbox 643 854 788 903; x_wconf 89' lang='lat' dir='ltr'><strong>ram,</strong></span> <span class='ocrx_word' id='word_1_31' title='bbox 836 838 937 893; x_wconf 89' lang='lat' dir='ltr'><strong>hoc</strong></span> <span class='ocrx_word' id='word_1_32' title='bbox 965 851 1156 908; x_wconf 81' lang='lat' dir='ltr'><strong>pra-ter</strong></span> <span class='ocrx_word' id='word_1_33' title='bbox 1184 848 1446 892; x_wconf 86' lang='lat' dir='ltr'><strong>naturam.</strong></span> <span class='ocrx_word' id='word_1_34' title='bbox 1500 837 1595 893; x_wconf 89' lang='lat' dir='ltr'><strong>Dic</strong></span> <span class='ocrx_word' id='word_1_35' title='bbox 1626 837 1767 892; x_wconf 88' lang='lat' dir='ltr'><strong>enim</strong></span> <span class='ocrx_word' id='word_1_36' title='bbox 1809 834 1938 889; x_wconf 87' lang='lat' dir='ltr'><strong>mihi</strong></span> <span class='ocrx_word' id='word_1_37' title='bbox 1962 875 1979 901; x_wconf 90' lang='lat'><strong>,</strong></span> <span class='ocrx_word' id='word_1_38' title='bbox 2013 835 2057 889; x_wconf 88' lang='lat' dir='ltr'><strong>si</strong></span> <span class='ocrx_word' id='word_1_39' title='bbox 2101 833 2223 902; x_wconf 86' lang='lat' dir='ltr'><strong>quis</strong></span> 
     </span>
    </p>
   </div>
   <div class='ocr_carea' id='block_1_7' title="bbox 641 929 2218 1001">
    <p class='ocr_par' dir='ltr' id='par_1_7' title="bbox 641 929 2218 1001">
     <span class='ocr_line' id='line_1_7' title="bbox 641 929 2218 1001; baseline -0.006 -14"><span class='ocrx_word' id='word_1_40' title='bbox 641 932 794 987; x_wconf 87' lang='lat' dir='ltr'><strong>daret</strong></span> <span class='ocrx_word' id='word_1_41' title='bbox 822 932 917 987; x_wconf 88' lang='lat' dir='ltr'><strong>tibi</strong></span> <span class='ocrx_word' id='word_1_42' title='bbox 946 934 1177 987; x_wconf 83' lang='lat' dir='ltr'><strong>toxicum</strong></span> <span class='ocrx_word' id='word_1_43' title='bbox 1202 931 1269 986; x_wconf 84' lang='lat' dir='ltr'><strong>ad</strong></span> <span class='ocrx_word' id='word_1_44' title='bbox 1299 941 1481 1001; x_wconf 86' lang='lat' dir='ltr'><strong>potum</strong></span> <span class='ocrx_word' id='word_1_45' title='bbox 1502 972 1517 993; x_wconf 89' lang='lat'><strong>,</strong></span> <span class='ocrx_word' id='word_1_46' title='bbox 1547 946 1724 984; x_wconf 91' lang='lat' dir='ltr'><strong>nonne</strong></span> <span class='ocrx_word' id='word_1_47' title='bbox 1750 929 1850 982; x_wconf 86' lang='lat' dir='ltr'><strong>hoc</strong></span> <span class='ocrx_word' id='word_1_48' title='bbox 1888 937 2082 996; x_wconf 70' lang='lat' dir='ltr'><strong>praeter</strong></span> <span class='ocrx_word' id='word_1_49' title='bbox 2120 942 2218 979; x_wconf 83' lang='lat' dir='ltr'><strong>na-</strong></span> 
     </span>
    </p>
   </div>
   <div class='ocr_carea' id='block_1_8' title="bbox 643 1022 2218 1094">
    <p class='ocr_par' dir='ltr' id='par_1_8' title="bbox 643 1022 2218 1094">
     <span class='ocr_line' id='line_1_8' title="bbox 643 1022 2218 1094; baseline -0.003 -18"><span class='ocrx_word' id='word_1_50' title='bbox 643 1034 813 1077; x_wconf 91' lang='lat' dir='ltr'><strong>turam</strong></span> <span class='ocrx_word' id='word_1_51' title='bbox 844 1024 1024 1077; x_wconf 84' lang='lat' dir='ltr'><strong>esset?</strong></span> <span class='ocrx_word' id='word_1_52' title='bbox 1048 1024 1092 1077; x_wconf 81' lang='lat' dir='ltr'><strong>si</strong></span> <span class='ocrx_word' id='word_1_53' title='bbox 1122 1023 1240 1093; x_wconf 91' lang='lat' dir='ltr'><strong>quis</strong></span> <span class='ocrx_word' id='word_1_54' title='bbox 1265 1024 1407 1094; x_wconf 87' lang='lat' dir='ltr'><strong>ligna</strong></span> <span class='ocrx_word' id='word_1_55' title='bbox 1435 1034 1488 1076; x_wconf 88' lang='lat' dir='ltr'><strong>et</strong></span> <span class='ocrx_word' id='word_1_56' title='bbox 1514 1022 1747 1093; x_wconf 83' lang='lat' dir='ltr'><strong>lapides,</strong></span> <span class='ocrx_word' id='word_1_57' title='bbox 1783 1036 1965 1076; x_wconf 89' lang='lat' dir='ltr'><strong>nonne</strong></span> <span class='ocrx_word' id='word_1_58' title='bbox 2002 1034 2218 1075; x_wconf 79' lang='lat' dir='ltr'><strong>aversa-</strong></span> 
     </span>
    </p>
   </div>
   <div class='ocr_carea' id='block_1_9' title="bbox 641 1111 2219 1184">
    <p class='ocr_par' dir='ltr' id='par_1_9' title="bbox 641 1111 2219 1184">
     <span class='ocr_line' id='line_1_9' title="bbox 641 1111 2219 1184; baseline -0.003 -15"><span class='ocrx_word' id='word_1_59' title='bbox 641 1114 797 1178; x_wconf 84' lang='lat' dir='ltr'><strong>reris,</strong></span> <span class='ocrx_word' id='word_1_60' title='bbox 829 1113 1123 1184; x_wconf 88' lang='lat' dir='ltr'><strong>etquidem</strong></span> <span class='ocrx_word' id='word_1_61' title='bbox 1168 1114 1394 1170; x_wconf 82' lang='lat' dir='ltr'><strong>merito?</strong></span> <span class='ocrx_word' id='word_1_62' title='bbox 1424 1114 1624 1169; x_wconf 80' lang='lat' dir='ltr'><strong>Pneter</strong></span> <span class='ocrx_word' id='word_1_63' title='bbox 1663 1127 1903 1168; x_wconf 88' lang='lat' dir='ltr'><strong>naturam</strong></span> <span class='ocrx_word' id='word_1_64' title='bbox 1933 1114 2075 1167; x_wconf 90' lang='lat' dir='ltr'><strong>enim</strong></span> <span class='ocrx_word' id='word_1_65' title='bbox 2118 1111 2219 1165; x_wconf 88' lang='lat' dir='ltr'><strong>hoc</strong></span> 
     </span>
    </p>
   </div>
   <div class='ocr_carea' id='block_1_10' title="bbox 640 1200 2218 1277">
    <p class='ocr_par' dir='ltr' id='par_1_10' title="bbox 640 1200 2218 1277">
     <span class='ocr_line' id='line_1_10' title="bbox 640 1200 2218 1277; baseline -0.001 -17"><span class='ocrx_word' id='word_1_66' title='bbox 640 1217 760 1273; x_wconf 86' lang='lat' dir='ltr'><strong>est,</strong></span> <span class='ocrx_word' id='word_1_67' title='bbox 790 1216 847 1259; x_wconf 91' lang='lat' dir='ltr'><strong>ut</strong></span> <span class='ocrx_word' id='word_1_68' title='bbox 880 1217 933 1261; x_wconf 89' lang='lat' dir='ltr'><strong>et</strong></span> <span class='ocrx_word' id='word_1_69' title='bbox 973 1200 1199 1261; x_wconf 69' lang='lat' dir='ltr'><strong>deliciae.</strong></span> <span class='ocrx_word' id='word_1_70' title='bbox 1224 1205 1356 1261; x_wconf 85' lang='lat' dir='ltr'><strong>Nam</strong></span> <span class='ocrx_word' id='word_1_71' title='bbox 1389 1207 1521 1260; x_wconf 92' lang='lat' dir='ltr'><strong>utin</strong></span> <span class='ocrx_word' id='word_1_72' title='bbox 1550 1205 1802 1272; x_wconf 88' lang='lat' dir='ltr'><strong>civitate,</strong></span> <span class='ocrx_word' id='word_1_73' title='bbox 1843 1222 1961 1277; x_wconf 77' lang='lat' dir='ltr'><strong>qua:</strong></span> <span class='ocrx_word' id='word_1_74' title='bbox 2006 1204 2218 1259; x_wconf 85' lang='lat' dir='ltr'><strong>obside-</strong></span> 
     </span>
    </p>
   </div>
   <div class='ocr_carea' id='block_1_11' title="bbox 640 1297 2215 1369">
    <p class='ocr_par' dir='ltr' id='par_1_11' title="bbox 640 1297 2215 1369">
     <span class='ocr_line' id='line_1_11' title="bbox 640 1297 2215 1369; baseline -0.001 -18"><span class='ocrx_word' id='word_1_75' title='bbox 640 1310 743 1362; x_wconf 91' lang='lat' dir='ltr'><strong>tur,</strong></span> <span class='ocrx_word' id='word_1_76' title='bbox 777 1314 962 1369; x_wconf 82' lang='lat' dir='ltr'><strong>magna</strong></span> <span class='ocrx_word' id='word_1_77' title='bbox 994 1301 1323 1368; x_wconf 89' lang='lat' dir='ltr'><strong>perturbatio</strong></span> <span class='ocrx_word' id='word_1_78' title='bbox 1352 1308 1407 1355; x_wconf 90' lang='lat' dir='ltr'><strong>et</strong></span> <span class='ocrx_word' id='word_1_79' title='bbox 1430 1298 1686 1354; x_wconf 86' lang='lat' dir='ltr'><strong>tumultus</strong></span> <span class='ocrx_word' id='word_1_80' title='bbox 1712 1310 1793 1354; x_wconf 89' lang='lat' dir='ltr'><strong>est</strong></span> <span class='ocrx_word' id='word_1_81' title='bbox 1814 1342 1827 1364; x_wconf 92' lang='lat'><strong>,</strong></span> <span class='ocrx_word' id='word_1_82' title='bbox 1869 1298 2092 1353; x_wconf 84' lang='lat' dir='ltr'><strong>inimicis</strong></span> <span class='ocrx_word' id='word_1_83' title='bbox 2136 1297 2215 1350; x_wconf 82' lang='lat' dir='ltr'><strong>in-</strong></span> 
     </span>
    </p>
   </div>
   <div class='ocr_carea' id='block_1_12' title="bbox 635 1388 2217 1458">
    <p class='ocr_par' dir='ltr' id='par_1_12' title="bbox 635 1388 2217 1458">
     <span class='ocr_line' id='line_1_12' title="bbox 635 1388 2217 1458; baseline 0 -18"><span class='ocrx_word' id='word_1_84' title='bbox 635 1388 786 1458; x_wconf 88' lang='lat' dir='ltr'><strong>gredi</strong></span> <span class='ocrx_word' id='word_1_85' title='bbox 824 1391 1178 1446; x_wconf 89' lang='lat' dir='ltr'><strong>conantibus:</strong></span> <span class='ocrx_word' id='word_1_86' title='bbox 1212 1393 1281 1445; x_wconf 90' lang='lat' dir='ltr'><strong>ita</strong></span> <span class='ocrx_word' id='word_1_87' title='bbox 1311 1400 1366 1447; x_wconf 91' lang='lat' dir='ltr'><strong>et</strong></span> <span class='ocrx_word' id='word_1_88' title='bbox 1394 1391 1447 1445; x_wconf 90' lang='lat' dir='ltr'><strong>in</strong></span> <span class='ocrx_word' id='word_1_89' title='bbox 1489 1392 1665 1445; x_wconf 90' lang='lat' dir='ltr'><strong>anima</strong></span> <span class='ocrx_word' id='word_1_90' title='bbox 1695 1391 1919 1453; x_wconf 86' lang='lat' dir='ltr'><strong>accidit,</strong></span> <span class='ocrx_word' id='word_1_91' title='bbox 1960 1389 2088 1443; x_wconf 92' lang='lat' dir='ltr'><strong>dum</strong></span> <span class='ocrx_word' id='word_1_92' title='bbox 2138 1389 2217 1441; x_wconf 91' lang='lat' dir='ltr'><strong>vi-</strong></span> 
     </span>
    </p>
   </div>
   <div class='ocr_carea' id='block_1_13' title="bbox 637 1480 2211 1551">
    <p class='ocr_par' dir='ltr' id='par_1_13' title="bbox 637 1480 2211 1551">
     <span class='ocr_line' id='line_1_13' title="bbox 637 1480 2211 1551; baseline 0.001 -20"><span class='ocrx_word' id='word_1_93' title='bbox 637 1494 763 1531; x_wconf 89' lang='lat' dir='ltr'><strong>uum</strong></span> <span class='ocrx_word' id='word_1_94' title='bbox 789 1488 843 1532; x_wconf 92' lang='lat' dir='ltr'><strong>et</strong></span> <span class='ocrx_word' id='word_1_95' title='bbox 860 1480 1065 1533; x_wconf 74' lang='lat' dir='ltr'><strong>delicia:</strong></span> <span class='ocrx_word' id='word_1_96' title='bbox 1094 1482 1497 1551; x_wconf 88' lang='lat' dir='ltr'><strong>superveniunt.</strong></span> <span class='ocrx_word' id='word_1_97' title='bbox 1526 1480 1620 1535; x_wconf 81' lang='lat' dir='ltr'><strong>Cui</strong></span> <span class='ocrx_word' id='word_1_98' title='bbox 1645 1497 1720 1535; x_wconf 72' lang='lat' dir='ltr'><strong>tua</strong></span> <span class='ocrx_word' id='word_1_99' title='bbox 1745 1524 1760 1549; x_wconf 93' lang='lat'><strong>,</strong></span> <span class='ocrx_word' id='word_1_100' title='bbox 1815 1482 1896 1535; x_wconf 87' lang='lat' dir='ltr'><strong>cui</strong></span> <span class='ocrx_word' id='word_1_101' title='bbox 1923 1480 2167 1535; x_wconf 85' lang='lat' dir='ltr'><strong>tumultus</strong></span> <span class='ocrx_word' id='word_1_102' title='bbox 2195 1522 2211 1544; x_wconf 90' lang='lat'><strong>,</strong></span> 
     </span>
    </p>
   </div>
   <div class='ocr_carea' id='block_1_14' title="bbox 634 1569 2214 1643">
    <p class='ocr_par' dir='ltr' id='par_1_14' title="bbox 634 1569 2214 1643">
     <span class='ocr_line' id='line_1_14' title="bbox 634 1569 2214 1643; baseline 0.003 -22"><span class='ocrx_word' id='word_1_103' title='bbox 634 1569 715 1621; x_wconf 82' lang='lat' dir='ltr'><strong>cui</strong></span> <span class='ocrx_word' id='word_1_104' title='bbox 736 1569 976 1624; x_wconf 68' lang='lat' dir='ltr'><strong>molestiae</strong></span> <span class='ocrx_word' id='word_1_105' title='bbox 998 1581 1047 1624; x_wconf 85' lang='lat' dir='ltr'><strong>et</strong></span> <span class='ocrx_word' id='word_1_106' title='bbox 1074 1587 1249 1643; x_wconf 72' lang='lat' dir='ltr'><strong>nugis,</strong></span> <span class='ocrx_word' id='word_1_107' title='bbox 1276 1573 1360 1625; x_wconf 85' lang='lat' dir='ltr'><strong>cui</strong></span> <span class='ocrx_word' id='word_1_108' title='bbox 1375 1573 1667 1642; x_wconf 79' lang='lat' dir='ltr'><strong>judicium?</strong></span> <span class='ocrx_word' id='word_1_109' title='bbox 1703 1590 1868 1626; x_wconf 85' lang='lat' dir='ltr'><strong>nonne</strong></span> <span class='ocrx_word' id='word_1_110' title='bbox 1893 1574 1955 1627; x_wconf 82' lang='lat' dir='ltr'><strong>iis</strong></span> <span class='ocrx_word' id='word_1_111' title='bbox 1974 1612 1989 1627; x_wconf 90' lang='lat'><strong>.</strong></span> <span class='ocrx_word' id='word_1_112' title='bbox 2020 1574 2107 1641; x_wconf 79' lang='lat' dir='ltr'><strong>qui</strong></span> <span class='ocrx_word' id='word_1_113' title='bbox 2135 1574 2214 1626; x_wconf 83' lang='lat' dir='ltr'><strong>vi-</strong></span> 
     </span>
    </p>
   </div>
   <div class='ocr_carea' id='block_1_15' title="bbox 636 1661 2209 1733">
    <p class='ocr_par' dir='ltr' id='par_1_15' title="bbox 636 1661 2209 1733">
     <span class='ocr_line' id='line_1_15' title="bbox 636 1661 2209 1733; baseline 0.002 -21"><span class='ocrx_word' id='word_1_114' title='bbox 636 1676 756 1713; x_wconf 82' lang='lat' dir='ltr'><strong>mtm</strong></span> <span class='ocrx_word' id='word_1_115' title='bbox 776 1661 977 1715; x_wconf 82' lang='lat' dir='ltr'><strong>assidue</strong></span> <span class='ocrx_word' id='word_1_116' title='bbox 1002 1663 1213 1732; x_wconf 80' lang='lat' dir='ltr'><strong>potant?</strong></span> <span class='ocrx_word' id='word_1_117' title='bbox 1240 1661 1401 1733; x_wconf 88' lang='lat' dir='ltr'><strong>Cujus</strong></span> <span class='ocrx_word' id='word_1_118' title='bbox 1436 1665 1565 1733; x_wconf 82' lang='lat' dir='ltr'><strong><em>lippi</em></strong></span> <span class='ocrx_word' id='word_1_119' title='bbox 1604 1674 1723 1717; x_wconf 84' lang='lat' dir='ltr'><strong>sunt</strong></span> <span class='ocrx_word' id='word_1_120' title='bbox 1744 1665 1879 1717; x_wconf 85' lang='lat' dir='ltr'><strong>oculi</strong></span> <span class='ocrx_word' id='word_1_121' title='bbox 1916 1662 2096 1732; x_wconf 74' lang='lat' dir='ltr'><strong>(Prov.</strong></span> <span class='ocrx_word' id='word_1_122' title='bbox 2120 1662 2209 1717; x_wconf 77' lang='grc'><strong>25.</strong></span> 
     </span>
    </p>
   </div>
   <div class='ocr_carea' id='block_1_16' title="bbox 632 1750 2215 1825">
    <p class='ocr_par' dir='ltr' id='par_1_16' title="bbox 632 1750 2215 1825">
     <span class='ocr_line' id='line_1_16' title="bbox 632 1750 2215 1825; baseline 0.004 -21"><span class='ocrx_word' id='word_1_123' title='bbox 632 1750 723 1805; x_wconf 79' lang='lat'><strong>9.9.</strong></span> <span class='ocrx_word' id='word_1_124' title='bbox 748 1752 873 1823; x_wconf 77' lang='lat'><strong>50)?</strong></span> <span class='ocrx_word' id='word_1_125' title='bbox 904 1752 1098 1807; x_wconf 73' lang='lat' dir='ltr'><strong>Verum</strong></span> <span class='ocrx_word' id='word_1_126' title='bbox 1129 1755 1382 1825; x_wconf 90' lang='lat' dir='ltr'><strong>quidquid</strong></span> <span class='ocrx_word' id='word_1_127' title='bbox 1410 1756 1724 1821; x_wconf 79' lang='lat' dir='ltr'><strong>dixerimus,</strong></span> <span class='ocrx_word' id='word_1_128' title='bbox 1756 1773 1861 1809; x_wconf 86' lang='lat' dir='ltr'><strong>non</strong></span> <span class='ocrx_word' id='word_1_129' title='bbox 1910 1766 2215 1811; x_wconf 88' lang='lat' dir='ltr'><strong>avertemus</strong></span> 
     </span>
    </p>
   </div>
   <div class='ocr_carea' id='block_1_17' title="bbox 632 1844 2214 1916">
    <p class='ocr_par' dir='ltr' id='par_1_17' title="bbox 632 1844 2214 1916">
     <span class='ocr_line' id='line_1_17' title="bbox 632 1844 2214 1916; baseline 0.001 -19"><span class='ocrx_word' id='word_1_130' title='bbox 632 1857 745 1907; x_wconf 89' lang='lat' dir='ltr'><strong>eos,</strong></span> <span class='ocrx_word' id='word_1_131' title='bbox 771 1844 858 1913; x_wconf 90' lang='lat' dir='ltr'><strong>qui</strong></span> <span class='ocrx_word' id='word_1_132' title='bbox 884 1844 1089 1898; x_wconf 87' lang='lat' dir='ltr'><strong>deliciis</strong></span> <span class='ocrx_word' id='word_1_133' title='bbox 1111 1844 1241 1899; x_wconf 84' lang='lat' dir='ltr'><strong>dant</strong></span> <span class='ocrx_word' id='word_1_134' title='bbox 1263 1860 1503 1914; x_wconf 84' lang='lat' dir='ltr'><strong>operam,</strong></span> <span class='ocrx_word' id='word_1_135' title='bbox 1536 1846 1633 1901; x_wconf 86' lang='lat' dir='ltr'><strong>nisi</strong></span> <span class='ocrx_word' id='word_1_136' title='bbox 1657 1848 1819 1901; x_wconf 92' lang='lat' dir='ltr'><strong>alium</strong></span> <span class='ocrx_word' id='word_1_137' title='bbox 1840 1847 2214 1916; x_wconf 81' lang='lat' dir='ltr'><strong>aggrediamur</strong></span> 
     </span>
    </p>
   </div>
   <div class='ocr_carea' id='block_1_18' title="bbox 630 1936 2209 2006">
    <p class='ocr_par' dir='ltr' id='par_1_18' title="bbox 630 1936 2209 2006">
     <span class='ocr_line' id='line_1_18' title="bbox 630 1936 2209 2006; baseline 0.003 -19"><span class='ocrx_word' id='word_1_138' title='bbox 630 1936 792 1989; x_wconf 88' lang='lat' dir='ltr'><strong>animi</strong></span> <span class='ocrx_word' id='word_1_139' title='bbox 811 1936 1075 1990; x_wconf 83' lang='lat' dir='ltr'><strong>morbum.</strong></span> <span class='ocrx_word' id='word_1_140' title='bbox 1102 1936 1168 1991; x_wconf 86' lang='lat' dir='ltr'><strong>Et</strong></span> <span class='ocrx_word' id='word_1_141' title='bbox 1192 1939 1419 2006; x_wconf 92' lang='lat' dir='ltr'><strong>primum</strong></span> <span class='ocrx_word' id='word_1_142' title='bbox 1438 1949 1621 1993; x_wconf 90' lang='lat' dir='ltr'><strong>contra</strong></span> <span class='ocrx_word' id='word_1_143' title='bbox 1647 1940 1897 1994; x_wconf 87' lang='lat' dir='ltr'><strong>mulieres</strong></span> <span class='ocrx_word' id='word_1_144' title='bbox 1919 1941 1986 1993; x_wconf 66' lang='lat' dir='ltr'><strong>sit</strong></span> <span class='ocrx_word' id='word_1_145' title='bbox 2010 1954 2209 1993; x_wconf 84' lang='lat' dir='ltr'><strong>sermo.</strong></span> 
     </span>
    </p>
   </div>
   <div class='ocr_carea' id='block_1_19' title="bbox 631 2028 2215 2100">
    <p class='ocr_par' dir='ltr' id='par_1_19' title="bbox 631 2028 2215 2100">
     <span class='ocr_line' id='line_1_19' title="bbox 631 2028 2215 2100; baseline 0.002 -18"><span class='ocrx_word' id='word_1_146' title='bbox 631 2028 766 2082; x_wconf 83' lang='lat' dir='ltr'><strong>Nihil</strong></span> <span class='ocrx_word' id='word_1_147' title='bbox 802 2031 1005 2099; x_wconf 86' lang='lat' dir='ltr'><strong>t:rpius</strong></span> <span class='ocrx_word' id='word_1_148' title='bbox 1056 2034 1277 2086; x_wconf 63' lang='lat' dir='ltr'><strong>mudere</strong></span> <span class='ocrx_word' id='word_1_149' title='bbox 1318 2030 1527 2086; x_wconf 86' lang='lat' dir='ltr'><strong>deliciis</strong></span> <span class='ocrx_word' id='word_1_150' title='bbox 1564 2031 1779 2097; x_wconf 86' lang='lat' dir='ltr'><strong>dedita,</strong></span> <span class='ocrx_word' id='word_1_151' title='bbox 1829 2031 1960 2085; x_wconf 83' lang='lat' dir='ltr'><strong>nihil</strong></span> <span class='ocrx_word' id='word_1_152' title='bbox 2010 2031 2215 2100; x_wconf 86' lang='lat' dir='ltr'><strong>turpius</strong></span> 
     </span>
    </p>
   </div>
   <div class='ocr_carea' id='block_1_20' title="bbox 630 2125 2214 2198">
    <p class='ocr_par' dir='ltr' id='par_1_20' title="bbox 630 2125 2214 2198">
     <span class='ocr_line' id='line_1_20' title="bbox 630 2125 2214 2198; baseline 0.005 -21"><span class='ocrx_word' id='word_1_153' title='bbox 630 2125 837 2178; x_wconf 83' lang='lat' dir='ltr'><strong>ebriosa</strong></span> <span class='ocrx_word' id='word_1_154' title='bbox 865 2143 880 2179; x_wconf 89' lang='lat'><strong>:</strong></span> <span class='ocrx_word' id='word_1_155' title='bbox 920 2126 1234 2181; x_wconf 88' lang='lat' dir='ltr'><strong>obscuratur</strong></span> <span class='ocrx_word' id='word_1_156' title='bbox 1259 2128 1398 2181; x_wconf 91' lang='lat' dir='ltr'><strong>enim</strong></span> <span class='ocrx_word' id='word_1_157' title='bbox 1430 2127 1529 2182; x_wconf 81' lang='lat' dir='ltr'><strong>llos</strong></span> <span class='ocrx_word' id='word_1_158' title='bbox 1560 2130 1739 2183; x_wconf 88' lang='lat' dir='ltr'><strong>vultus</strong></span> <span class='ocrx_word' id='word_1_159' title='bbox 1787 2129 1904 2198; x_wconf 86' lang='lat' dir='ltr'><strong>ejus</strong></span> <span class='ocrx_word' id='word_1_160' title='bbox 1926 2171 1942 2196; x_wconf 95' lang='lat'><strong>,</strong></span> <span class='ocrx_word' id='word_1_161' title='bbox 1972 2130 2214 2185; x_wconf 83' lang='lat' dir='ltr'><strong>turbatur</strong></span> 
     </span>
    </p>
   </div>
   <div class='ocr_carea' id='block_1_21' title="bbox 629 2217 2212 2291">
    <p class='ocr_par' dir='ltr' id='par_1_21' title="bbox 629 2217 2212 2291">
     <span class='ocr_line' id='line_1_21' title="bbox 629 2217 2212 2291; baseline 0.003 -20"><span class='ocrx_word' id='word_1_162' title='bbox 629 2217 890 2272; x_wconf 83' lang='lat' dir='ltr'><strong>serenitas</strong></span> <span class='ocrx_word' id='word_1_163' title='bbox 919 2226 973 2272; x_wconf 91' lang='lat' dir='ltr'><strong>et</strong></span> <span class='ocrx_word' id='word_1_164' title='bbox 1000 2219 1233 2273; x_wconf 88' lang='lat' dir='ltr'><strong>suavitas</strong></span> <span class='ocrx_word' id='word_1_165' title='bbox 1270 2220 1546 2274; x_wconf 88' lang='lat' dir='ltr'><strong>oculormn</strong></span> <span class='ocrx_word' id='word_1_166' title='bbox 1572 2262 1586 2284; x_wconf 90' lang='lat'><strong>,</strong></span> <span class='ocrx_word' id='word_1_167' title='bbox 1620 2221 1769 2291; x_wconf 90' lang='lat' dir='ltr'><strong>quasi</strong></span> <span class='ocrx_word' id='word_1_168' title='bbox 1811 2222 1949 2276; x_wconf 90' lang='lat' dir='ltr'><strong>nube</strong></span> <span class='ocrx_word' id='word_1_169' title='bbox 1982 2221 2212 2291; x_wconf 90' lang='lat' dir='ltr'><strong>quadam</strong></span> 
     </span>
    </p>
   </div>
   <div class='ocr_carea' id='block_1_22' title="bbox 630 2310 2209 2381">
    <p class='ocr_par' dir='ltr' id='par_1_22' title="bbox 630 2310 2209 2381">
     <span class='ocr_line' id='line_1_22' title="bbox 630 2310 2209 2381; baseline 0.003 -21"><span class='ocrx_word' id='word_1_170' title='bbox 630 2310 834 2366; x_wconf 87' lang='lat' dir='ltr'><strong>solares</strong></span> <span class='ocrx_word' id='word_1_171' title='bbox 861 2310 1039 2365; x_wconf 86' lang='lat' dir='ltr'><strong>radios</strong></span> <span class='ocrx_word' id='word_1_172' title='bbox 1064 2311 1344 2367; x_wconf 89' lang='lat' dir='ltr'><strong>subeunte.</strong></span> <span class='ocrx_word' id='word_1_173' title='bbox 1364 2312 1469 2367; x_wconf 81' lang='lat' dir='ltr'><strong>Res</strong></span> <span class='ocrx_word' id='word_1_174' title='bbox 1492 2322 1576 2367; x_wconf 89' lang='lat' dir='ltr'><strong>est</strong></span> <span class='ocrx_word' id='word_1_175' title='bbox 1597 2313 1870 2368; x_wconf 85' lang='lat' dir='ltr'><strong>illiberalis</strong></span> <span class='ocrx_word' id='word_1_176' title='bbox 1890 2324 1943 2368; x_wconf 91' lang='lat' dir='ltr'><strong>et</strong></span> <span class='ocrx_word' id='word_1_177' title='bbox 1966 2315 2172 2368; x_wconf 67' lang='lat' dir='ltr'><strong>servilis</strong></span> <span class='ocrx_word' id='word_1_178' title='bbox 2194 2358 2209 2381; x_wconf 86' lang='lat'><strong>,</strong></span> 
     </span>
    </p>
   </div>
   <div class='ocr_carea' id='block_1_23' title="bbox 627 2404 2214 2474">
    <p class='ocr_par' dir='ltr' id='par_1_23' title="bbox 627 2404 2214 2474">
     <span class='ocr_line' id='line_1_23' title="bbox 627 2404 2214 2474; baseline 0.008 -22"><span class='ocrx_word' id='word_1_179' title='bbox 627 2413 787 2470; x_wconf 84' lang='lat' dir='ltr'><strong>atque</strong></span> <span class='ocrx_word' id='word_1_180' title='bbox 814 2404 1141 2473; x_wconf 82' lang='lat' dir='ltr'><strong>ignobilitate</strong></span> <span class='ocrx_word' id='word_1_181' title='bbox 1165 2407 1335 2473; x_wconf 89' lang='lat' dir='ltr'><strong>plena.</strong></span> <span class='ocrx_word' id='word_1_182' title='bbox 1361 2407 1531 2474; x_wconf 82' lang='lat' dir='ltr'><strong>Quam</strong></span> <span class='ocrx_word' id='word_1_183' title='bbox 1554 2406 1787 2461; x_wconf 85' lang='lat' dir='ltr'><strong>insuavis</strong></span> <span class='ocrx_word' id='word_1_184' title='bbox 1811 2418 1894 2462; x_wconf 91' lang='lat' dir='ltr'><strong>est</strong></span> <span class='ocrx_word' id='word_1_185' title='bbox 1914 2409 2108 2465; x_wconf 92' lang='lat' dir='ltr'><strong>mulier</strong></span> <span class='ocrx_word' id='word_1_186' title='bbox 2134 2411 2214 2464; x_wconf 86' lang='lat' dir='ltr'><strong>vi-</strong></span> 
     </span>
    </p>
   </div>
   <div class='ocr_carea' id='block_1_24' title="bbox 630 2496 2210 2568">
    <p class='ocr_par' dir='ltr' id='par_1_24' title="bbox 630 2496 2210 2568">
     <span class='ocr_line' id='line_1_24' title="bbox 630 2496 2210 2568; baseline 0.008 -23"><span class='ocrx_word' id='word_1_187' title='bbox 630 2510 757 2547; x_wconf 91' lang='lat' dir='ltr'><strong>num</strong></span> <span class='ocrx_word' id='word_1_188' title='bbox 786 2496 993 2563; x_wconf 88' lang='lat' dir='ltr'><strong>spirans</strong></span> <span class='ocrx_word' id='word_1_189' title='bbox 1015 2538 1028 2559; x_wconf 91' lang='lat'><strong>,</strong></span> <span class='ocrx_word' id='word_1_190' title='bbox 1060 2498 1201 2567; x_wconf 86' lang='lat' dir='ltr'><strong>quod</strong></span> <span class='ocrx_word' id='word_1_191' title='bbox 1231 2498 1373 2552; x_wconf 91' lang='lat' dir='ltr'><strong>oleat</strong></span> <span class='ocrx_word' id='word_1_192' title='bbox 1394 2508 1448 2554; x_wconf 93' lang='lat' dir='ltr'><strong>et</strong></span> <span class='ocrx_word' id='word_1_193' title='bbox 1477 2510 1785 2568; x_wconf 90' lang='lat' dir='ltr'><strong>corruptum</strong></span> <span class='ocrx_word' id='word_1_194' title='bbox 1812 2503 1883 2555; x_wconf 89' lang='lat' dir='ltr'><strong>sit</strong></span> <span class='ocrx_word' id='word_1_195' title='bbox 1923 2502 2048 2558; x_wconf 93' lang='lat' dir='ltr'><strong>dum</strong></span> <span class='ocrx_word' id='word_1_196' title='bbox 2088 2519 2210 2558; x_wconf 86' lang='lat' dir='ltr'><strong>eru-</strong></span> 
     </span>
    </p>
   </div>
   <div class='ocr_carea' id='block_1_25' title="bbox 630 2586 2213 2662">
    <p class='ocr_par' dir='ltr' id='par_1_25' title="bbox 630 2586 2213 2662">
     <span class='ocr_line' id='line_1_25' title="bbox 630 2586 2213 2662; baseline 0.008 -27"><span class='ocrx_word' id='word_1_197' title='bbox 630 2592 736 2636; x_wconf 83' lang='lat' dir='ltr'><strong>ctat</strong></span> <span class='ocrx_word' id='word_1_198' title='bbox 783 2586 1023 2640; x_wconf 87' lang='lat' dir='ltr'><strong>carnium</strong></span> <span class='ocrx_word' id='word_1_199' title='bbox 1066 2599 1435 2656; x_wconf 81' lang='lat' dir='ltr'><strong>eorriiptarum</strong></span> <span class='ocrx_word' id='word_1_200' title='bbox 1474 2589 1790 2657; x_wconf 85' lang='lat' dir='ltr'><strong>humorem,</strong></span> <span class='ocrx_word' id='word_1_201' title='bbox 1831 2604 2113 2662; x_wconf 81' lang='lat' dir='ltr'><strong>aggravata</strong></span> <span class='ocrx_word' id='word_1_202' title='bbox 2156 2604 2213 2649; x_wconf 90' lang='lat' dir='ltr'><strong>ut</strong></span> 
     </span>
    </p>
   </div>
   <div class='ocr_carea' id='block_1_26' title="bbox 630 2680 2210 2753">
    <p class='ocr_par' dir='ltr' id='par_1_26' title="bbox 630 2680 2210 2753">
     <span class='ocr_line' id='line_1_26' title="bbox 630 2680 2210 2753; baseline 0.009 -26"><span class='ocrx_word' id='word_1_203' title='bbox 630 2690 850 2744; x_wconf 80' lang='lat' dir='ltr'><strong>surgere</strong></span> <span class='ocrx_word' id='word_1_204' title='bbox 876 2688 1126 2747; x_wconf 86' lang='lat' dir='ltr'><strong>nequeat,</strong></span> <span class='ocrx_word' id='word_1_205' title='bbox 1158 2680 1451 2735; x_wconf 88' lang='lat' dir='ltr'><strong>rubicunda</strong></span> <span class='ocrx_word' id='word_1_206' title='bbox 1480 2682 1597 2751; x_wconf 88' lang='lat' dir='ltr'><strong>plus</strong></span> <span class='ocrx_word' id='word_1_207' title='bbox 1624 2698 1785 2753; x_wconf 89' lang='lat' dir='ltr'><strong>quam</strong></span> <span class='ocrx_word' id='word_1_208' title='bbox 1817 2698 1914 2752; x_wconf 85' lang='lat' dir='ltr'><strong>par</strong></span> <span class='ocrx_word' id='word_1_209' title='bbox 1937 2694 2039 2751; x_wconf 88' lang='lat' dir='ltr'><strong>est,</strong></span> <span class='ocrx_word' id='word_1_210' title='bbox 2069 2686 2210 2741; x_wconf 87' lang='lat' dir='ltr'><strong>osci-</strong></span> 
     </span>
    </p>
   </div>
   <div class='ocr_carea' id='block_1_27' title="bbox 632 2769 2211 2847">
    <p class='ocr_par' dir='ltr' id='par_1_27' title="bbox 632 2769 2211 2847">
     <span class='ocr_line' id='line_1_27' title="bbox 632 2769 2211 2847; baseline 0.008 -26"><span class='ocrx_word' id='word_1_211' title='bbox 632 2778 767 2831; x_wconf 88' lang='lat' dir='ltr'><strong>tans,</strong></span> <span class='ocrx_word' id='word_1_212' title='bbox 791 2778 844 2822; x_wconf 90' lang='lat' dir='ltr'><strong>et</strong></span> <span class='ocrx_word' id='word_1_213' title='bbox 871 2769 1312 2840; x_wconf 75' lang='lat' dir='ltr'><strong>caligineoﬂ&#39;usa?</strong></span> <span class='ocrx_word' id='word_1_214' title='bbox 1338 2775 1408 2827; x_wconf 78' lang='lat' dir='ltr'><strong>At</strong></span> <span class='ocrx_word' id='word_1_215' title='bbox 1445 2789 1549 2828; x_wconf 89' lang='lat' dir='ltr'><strong>non</strong></span> <span class='ocrx_word' id='word_1_216' title='bbox 1584 2777 1703 2829; x_wconf 88' lang='lat' dir='ltr'><strong>talis</strong></span> <span class='ocrx_word' id='word_1_217' title='bbox 1749 2786 1832 2830; x_wconf 91' lang='lat' dir='ltr'><strong>est</strong></span> <span class='ocrx_word' id='word_1_218' title='bbox 1874 2777 1993 2841; x_wconf 85' lang='lat' dir='ltr'><strong>illa,</strong></span> <span class='ocrx_word' id='word_1_219' title='bbox 2034 2792 2152 2847; x_wconf 70' lang='lat' dir='ltr'><strong>qua?</strong></span> <span class='ocrx_word' id='word_1_220' title='bbox 2179 2794 2211 2834; x_wconf 89' lang='lat' dir='ltr'><strong>a</strong></span> 
     </span>
    </p>
   </div>
   <div class='ocr_carea' id='block_1_28' title="bbox 630 2860 2203 2936">
    <p class='ocr_par' dir='ltr' id='par_1_28' title="bbox 630 2860 2203 2936">
     <span class='ocr_line' id='line_1_28' title="bbox 630 2860 2203 2936; baseline 0.008 -24"><span class='ocrx_word' id='word_1_221' title='bbox 630 2860 897 2929; x_wconf 86' lang='lat' dir='ltr'><strong>voluptate</strong></span> <span class='ocrx_word' id='word_1_222' title='bbox 922 2861 1188 2929; x_wconf 87' lang='lat' dir='ltr'><strong>abstinet;</strong></span> <span class='ocrx_word' id='word_1_223' title='bbox 1230 2864 1325 2919; x_wconf 88' lang='lat' dir='ltr'><strong>sed</strong></span> <span class='ocrx_word' id='word_1_224' title='bbox 1366 2864 1624 2933; x_wconf 90' lang='lat' dir='ltr'><strong>honesta,</strong></span> <span class='ocrx_word' id='word_1_225' title='bbox 1672 2877 1976 2936; x_wconf 73' lang='lat' dir='ltr'><strong>temperans</strong></span> <span class='ocrx_word' id='word_1_226' title='bbox 2002 2880 2056 2925; x_wconf 92' lang='lat' dir='ltr'><strong>et</strong></span> <span class='ocrx_word' id='word_1_227' title='bbox 2096 2869 2203 2925; x_wconf 88' lang='lat' dir='ltr'><strong>for-</strong></span> 
     </span>
    </p>
   </div>
   <div class='ocr_carea' id='block_1_29' title="bbox 629 2954 2211 3029">
    <p class='ocr_par' dir='ltr' id='par_1_29' title="bbox 629 2954 2211 3029">
     <span class='ocr_line' id='line_1_29' title="bbox 629 2954 2211 3029; baseline 0.009 -28"><span class='ocrx_word' id='word_1_228' title='bbox 629 2964 777 3004; x_wconf 88' lang='lat' dir='ltr'><strong>mosa</strong></span> <span class='ocrx_word' id='word_1_229' title='bbox 811 2968 826 3004; x_wconf 92' lang='lat'><strong>:</strong></span> <span class='ocrx_word' id='word_1_230' title='bbox 860 2966 981 3005; x_wconf 90' lang='lat' dir='ltr'><strong>nam</strong></span> <span class='ocrx_word' id='word_1_231' title='bbox 1008 2954 1173 3007; x_wconf 89' lang='lat' dir='ltr'><strong>animi</strong></span> <span class='ocrx_word' id='word_1_232' title='bbox 1205 2956 1523 3024; x_wconf 88' lang='lat' dir='ltr'><strong>compositio</strong></span> <span class='ocrx_word' id='word_1_233' title='bbox 1565 2958 1790 3013; x_wconf 90' lang='lat' dir='ltr'><strong>multum</strong></span> <span class='ocrx_word' id='word_1_234' title='bbox 1817 2961 2027 3029; x_wconf 89' lang='lat' dir='ltr'><strong>corpori</strong></span> <span class='ocrx_word' id='word_1_235' title='bbox 2056 2960 2211 3015; x_wconf 75' lang='lat' dir='ltr'><strong>aﬂ&#39;ert</strong></span> 
     </span>
    </p>
   </div>
   <div class='ocr_carea' id='block_1_30' title="bbox 627 3040 2213 3119">
    <p class='ocr_par' dir='ltr' id='par_1_30' title="bbox 627 3040 2213 3119">
     <span class='ocr_line' id='line_1_30' title="bbox 627 3040 2213 3119; baseline 0.011 -28"><span class='ocrx_word' id='word_1_236' title='bbox 627 3040 895 3097; x_wconf 78' lang='lat' dir='ltr'><strong>decorem.</strong></span> <span class='ocrx_word' id='word_1_237' title='bbox 917 3042 994 3097; x_wconf 86' lang='lat' dir='ltr'><strong>Ne</strong></span> <span class='ocrx_word' id='word_1_238' title='bbox 1021 3054 1173 3113; x_wconf 89' lang='lat' dir='ltr'><strong>putes</strong></span> <span class='ocrx_word' id='word_1_239' title='bbox 1194 3048 1336 3099; x_wconf 89' lang='lat' dir='ltr'><strong>enim</strong></span> <span class='ocrx_word' id='word_1_240' title='bbox 1367 3064 1395 3097; x_wconf 89' lang='lat' dir='ltr'><strong>a</strong></span> <span class='ocrx_word' id='word_1_241' title='bbox 1418 3048 1682 3117; x_wconf 87' lang='lat' dir='ltr'><strong>corporali</strong></span> <span class='ocrx_word' id='word_1_242' title='bbox 1712 3049 1884 3104; x_wconf 90' lang='lat' dir='ltr'><strong>solum</strong></span> <span class='ocrx_word' id='word_1_243' title='bbox 1912 3052 2089 3119; x_wconf 76' lang='lat' dir='ltr'><strong>Specie</strong></span> <span class='ocrx_word' id='word_1_244' title='bbox 2111 3052 2213 3109; x_wconf 90' lang='lat' dir='ltr'><strong>hoc</strong></span> 
     </span>
    </p>
   </div>
   <div class='ocr_carea' id='block_1_31' title="bbox 632 3132 2206 3211">
    <p class='ocr_par' dir='ltr' id='par_1_31' title="bbox 632 3132 2206 3211">
     <span class='ocr_line' id='line_1_31' title="bbox 632 3132 2206 3211; baseline 0.01 -28"><span class='ocrx_word' id='word_1_245' title='bbox 632 3132 765 3185; x_wconf 82' lang='lat' dir='ltr'><strong>fieri.</strong></span> <span class='ocrx_word' id='word_1_246' title='bbox 801 3132 869 3185; x_wconf 87' lang='lat' dir='ltr'><strong>Da</strong></span> <span class='ocrx_word' id='word_1_247' title='bbox 902 3132 1188 3189; x_wconf 82' lang='lat' dir='ltr'><strong>formosam</strong></span> <span class='ocrx_word' id='word_1_248' title='bbox 1218 3136 1471 3203; x_wconf 77' lang='lat' dir='ltr'><strong>puellam,</strong></span> <span class='ocrx_word' id='word_1_249' title='bbox 1501 3138 1880 3206; x_wconf 83' lang='lat' dir='ltr'><strong>turbulentam,</strong></span> <span class='ocrx_word' id='word_1_250' title='bbox 1906 3143 2206 3211; x_wconf 85' lang='lat' dir='ltr'><strong>loquacem,</strong></span> 
     </span>
    </p>
   </div>
   <div class='ocr_carea' id='block_1_32' title="bbox 631 3225 2212 3305">
    <p class='ocr_par' dir='ltr' id='par_1_32' title="bbox 631 3225 2212 3305">
     <span class='ocr_line' id='line_1_32' title="bbox 631 3225 2212 3305; baseline 0.011 -28"><span class='ocrx_word' id='word_1_251' title='bbox 631 3225 1035 3291; x_wconf 88' lang='lat' dir='ltr'><strong>conviciantem,</strong></span> <span class='ocrx_word' id='word_1_252' title='bbox 1063 3229 1352 3294; x_wconf 87' lang='lat' dir='ltr'><strong>ebriosam,</strong></span> <span class='ocrx_word' id='word_1_253' title='bbox 1375 3241 1741 3300; x_wconf 83' lang='lat' dir='ltr'><strong>sumptuosam</strong></span> <span class='ocrx_word' id='word_1_254' title='bbox 1779 3251 1793 3287; x_wconf 90' lang='lat'><strong>:</strong></span> <span class='ocrx_word' id='word_1_255' title='bbox 1823 3249 2001 3289; x_wconf 91' lang='lat' dir='ltr'><strong>nonne</strong></span> <span class='ocrx_word' id='word_1_256' title='bbox 2022 3240 2212 3305; x_wconf 90' lang='lat' dir='ltr'><strong>quavis</strong></span> 
     </span>
    </p>
   </div>
   <div class='ocr_carea' id='block_1_33' title="bbox 633 3317 2214 3394">
    <p class='ocr_par' dir='ltr' id='par_1_33' title="bbox 633 3317 2214 3394">
     <span class='ocr_line' id='line_1_33' title="bbox 633 3317 2214 3394; baseline 0.006 -24"><span class='ocrx_word' id='word_1_257' title='bbox 633 3317 770 3372; x_wconf 76' lang='lat' dir='ltr'><strong>[teda</strong></span> <span class='ocrx_word' id='word_1_258' title='bbox 810 3328 862 3371; x_wconf 88' lang='lat' dir='ltr'><strong>et</strong></span> <span class='ocrx_word' id='word_1_259' title='bbox 894 3320 1029 3387; x_wconf 87' lang='lat' dir='ltr'><strong>turpi</strong></span> <span class='ocrx_word' id='word_1_260' title='bbox 1056 3318 1346 3373; x_wconf 82' lang='lat' dir='ltr'><strong>deformior</strong></span> <span class='ocrx_word' id='word_1_261' title='bbox 1382 3322 1503 3376; x_wconf 87' lang='lat' dir='ltr'><strong>est?</strong></span> <span class='ocrx_word' id='word_1_262' title='bbox 1545 3321 1601 3376; x_wconf 89' lang='lat' dir='ltr'><strong>Si</strong></span> <span class='ocrx_word' id='word_1_263' title='bbox 1642 3338 1769 3378; x_wconf 90' lang='lat' dir='ltr'><strong>vero</strong></span> <span class='ocrx_word' id='word_1_264' title='bbox 1814 3327 2074 3394; x_wconf 90' lang='lat' dir='ltr'><strong>pudorem</strong></span> <span class='ocrx_word' id='word_1_265' title='bbox 2120 3328 2214 3382; x_wconf 87' lang='lat' dir='ltr'><strong>ha-</strong></span> 
     </span>
    </p>
   </div>
   <div class='ocr_carea' id='block_1_34' title="bbox 634 3410 2211 3483">
    <p class='ocr_par' dir='ltr' id='par_1_34' title="bbox 634 3410 2211 3483">
     <span class='ocr_line' id='line_1_34' title="bbox 634 3410 2211 3483; baseline 0.008 -21"><span class='ocrx_word' id='word_1_266' title='bbox 634 3410 749 3464; x_wconf 89' lang='lat' dir='ltr'><strong>beat</strong></span> <span class='ocrx_word' id='word_1_267' title='bbox 772 3451 788 3476; x_wconf 89' lang='lat'><strong>,</strong></span> <span class='ocrx_word' id='word_1_268' title='bbox 815 3412 859 3464; x_wconf 89' lang='lat' dir='ltr'><strong>si</strong></span> <span class='ocrx_word' id='word_1_269' title='bbox 887 3420 1091 3477; x_wconf 76' lang='lat' dir='ltr'><strong>taceat,</strong></span> <span class='ocrx_word' id='word_1_270' title='bbox 1120 3414 1163 3466; x_wconf 85' lang='lat' dir='ltr'><strong>si</strong></span> <span class='ocrx_word' id='word_1_271' title='bbox 1193 3414 1510 3467; x_wconf 77' lang='lat' dir='ltr'><strong>erubescere</strong></span> <span class='ocrx_word' id='word_1_272' title='bbox 1545 3414 1827 3483; x_wconf 72' lang='lat' dir='ltr'><strong>didii-erit,</strong></span> <span class='ocrx_word' id='word_1_273' title='bbox 1868 3432 1931 3472; x_wconf 92' lang='lat' dir='ltr'><strong>ac</strong></span> <span class='ocrx_word' id='word_1_274' title='bbox 1971 3420 2211 3475; x_wconf 87' lang='lat' dir='ltr'><strong>modeste</strong></span> 
     </span>
    </p>
   </div>
   <div class='ocr_carea' id='block_1_35' title="bbox 632 3502 2213 3581">
    <p class='ocr_par' dir='ltr' id='par_1_35' title="bbox 632 3502 2213 3581">
     <span class='ocr_line' id='line_1_35' title="bbox 632 3502 2213 3581; baseline 0.008 -26"><span class='ocrx_word' id='word_1_275' title='bbox 632 3503 808 3572; x_wconf 91' lang='lat' dir='ltr'><strong>loqui,</strong></span> <span class='ocrx_word' id='word_1_276' title='bbox 854 3502 897 3557; x_wconf 89' lang='lat' dir='ltr'><strong>si</strong></span> <span class='ocrx_word' id='word_1_277' title='bbox 938 3506 1220 3572; x_wconf 68' lang='lat' dir='ltr'><strong>jejunare,</strong></span> <span class='ocrx_word' id='word_1_278' title='bbox 1249 3504 1442 3574; x_wconf 79' lang='lat' dir='ltr'><strong>duplex</strong></span> <span class='ocrx_word' id='word_1_279' title='bbox 1494 3515 1577 3559; x_wconf 88' lang='lat' dir='ltr'><strong>est</strong></span> <span class='ocrx_word' id='word_1_280' title='bbox 1614 3507 1953 3575; x_wconf 86' lang='lat' dir='ltr'><strong>pulchritudo</strong></span> <span class='ocrx_word' id='word_1_281' title='bbox 1978 3552 1992 3572; x_wconf 88' lang='lat'><strong><em>.</em></strong></span> <span class='ocrx_word' id='word_1_282' title='bbox 2041 3512 2213 3581; x_wconf 88' lang='lat' dir='ltr'><strong>major</strong></span> 
     </span>
    </p>
   </div>
   <div class='ocr_carea' id='block_1_36' title="bbox 629 3593 2206 3673">
    <p class='ocr_par' dir='ltr' id='par_1_36' title="bbox 629 3593 2206 3673">
     <span class='ocr_line' id='line_1_36' title="bbox 629 3593 2206 3673; baseline 0.008 -26"><span class='ocrx_word' id='word_1_283' title='bbox 629 3593 835 3657; x_wconf 79' lang='lat' dir='ltr'><strong>forma,</strong></span> <span class='ocrx_word' id='word_1_284' title='bbox 883 3595 1082 3664; x_wconf 78' lang='lat' dir='ltr'><strong>gratior</strong></span> <span class='ocrx_word' id='word_1_285' title='bbox 1121 3596 1329 3660; x_wconf 85' lang='lat' dir='ltr'><strong>vultus.</strong></span> <span class='ocrx_word' id='word_1_286' title='bbox 1370 3597 1615 3653; x_wconf 84' lang='lat' dir='ltr'><strong>castitate</strong></span> <span class='ocrx_word' id='word_1_287' title='bbox 1657 3608 1713 3652; x_wconf 90' lang='lat' dir='ltr'><strong>et</strong></span> <span class='ocrx_word' id='word_1_288' title='bbox 1758 3612 1948 3654; x_wconf 87' lang='lat' dir='ltr'><strong>ornatu</strong></span> <span class='ocrx_word' id='word_1_289' title='bbox 1998 3603 2206 3673; x_wconf 89' lang='lat' dir='ltr'><strong>plenus.</strong></span> 
     </span>
    </p>
   </div>
   <div class='ocr_carea' id='block_1_37' title="bbox 633 3688 2210 3763">
    <p class='ocr_par' dir='ltr' id='par_1_37' title="bbox 633 3688 2210 3763">
     <span class='ocr_line' id='line_1_37' title="bbox 633 3688 2210 3763; baseline 0.01 -27"><span class='ocrx_word' id='word_1_290' title='bbox 633 3688 724 3741; x_wconf 85' lang='lat' dir='ltr'><strong>\‘is</strong></span> <span class='ocrx_word' id='word_1_291' title='bbox 755 3688 857 3747; x_wconf 88' lang='lat' dir='ltr'><strong>iam</strong></span> <span class='ocrx_word' id='word_1_292' title='bbox 886 3688 953 3743; x_wconf 93' lang='lat' dir='ltr'><strong>de</strong></span> <span class='ocrx_word' id='word_1_293' title='bbox 982 3689 1112 3743; x_wconf 89' lang='lat' dir='ltr'><strong>viris</strong></span> <span class='ocrx_word' id='word_1_294' title='bbox 1142 3690 1463 3758; x_wconf 78' lang='lat' dir='ltr'><strong>loquamur?</strong></span> <span class='ocrx_word' id='word_1_295' title='bbox 1492 3691 1628 3757; x_wconf 86' lang='lat' dir='ltr'><strong>Quid</strong></span> <span class='ocrx_word' id='word_1_296' title='bbox 1654 3692 1806 3747; x_wconf 90' lang='lat' dir='ltr'><strong>ebrio</strong></span> <span class='ocrx_word' id='word_1_297' title='bbox 1837 3694 2084 3763; x_wconf 78' lang='lat' dir='ltr'><strong>turpius?</strong></span> <span class='ocrx_word' id='word_1_298' title='bbox 2116 3697 2210 3751; x_wconf 79' lang='lat' dir='ltr'><strong>lli-</strong></span> 
     </span>
    </p>
   </div>
   <div class='ocr_carea' id='block_1_38' title="bbox 630 3778 2212 3850">
    <p class='ocr_par' dir='ltr' id='par_1_38' title="bbox 630 3778 2212 3850">
     <span class='ocr_line' id='line_1_38' title="bbox 630 3778 2212 3850; baseline 0.008 -20"><span class='ocrx_word' id='word_1_299' title='bbox 630 3780 839 3833; x_wconf 88' lang='lat' dir='ltr'><strong>diculus</strong></span> <span class='ocrx_word' id='word_1_300' title='bbox 872 3789 955 3833; x_wconf 88' lang='lat' dir='ltr'><strong>est</strong></span> <span class='ocrx_word' id='word_1_301' title='bbox 993 3778 1203 3834; x_wconf 78' lang='lat' dir='ltr'><strong>famulis</strong></span> <span class='ocrx_word' id='word_1_302' title='bbox 1226 3822 1239 3844; x_wconf 90' lang='lat'><strong>,</strong></span> <span class='ocrx_word' id='word_1_303' title='bbox 1288 3780 1545 3835; x_wconf 86' lang='lat' dir='ltr'><strong>ridiculus</strong></span> <span class='ocrx_word' id='word_1_304' title='bbox 1582 3782 1822 3839; x_wconf 88' lang='lat' dir='ltr'><strong>hostibus</strong></span> <span class='ocrx_word' id='word_1_305' title='bbox 1843 3826 1857 3850; x_wconf 93' lang='lat'><strong>,</strong></span> <span class='ocrx_word' id='word_1_306' title='bbox 1892 3786 2212 3843; x_wconf 87' lang='lat' dir='ltr'><strong>miserabilis</strong></span> 
     </span>
    </p>
   </div>
   <div class='ocr_carea' id='block_1_39' title="bbox 631 3868 2211 3949">
    <p class='ocr_par' dir='ltr' id='par_1_39' title="bbox 631 3868 2211 3949">
     <span class='ocr_line' id='line_1_39' title="bbox 631 3868 2211 3949; baseline 0.008 -30"><span class='ocrx_word' id='word_1_307' title='bbox 631 3868 769 3935; x_wconf 89' lang='lat' dir='ltr'><strong>apud</strong></span> <span class='ocrx_word' id='word_1_308' title='bbox 795 3868 995 3923; x_wconf 85' lang='lat' dir='ltr'><strong>amicos</strong></span> <span class='ocrx_word' id='word_1_309' title='bbox 1015 3908 1030 3932; x_wconf 93' lang='lat'><strong>,</strong></span> <span class='ocrx_word' id='word_1_310' title='bbox 1061 3871 1203 3923; x_wconf 89' lang='lat' dir='ltr'><strong>omni</strong></span> <span class='ocrx_word' id='word_1_311' title='bbox 1233 3870 1577 3927; x_wconf 86' lang='lat' dir='ltr'><strong>damnatione</strong></span> <span class='ocrx_word' id='word_1_312' title='bbox 1625 3872 1855 3941; x_wconf 81' lang='lat' dir='ltr'><strong>dignus:</strong></span> <span class='ocrx_word' id='word_1_313' title='bbox 1888 3873 1998 3929; x_wconf 89' lang='lat' dir='ltr'><strong>fera</strong></span> <span class='ocrx_word' id='word_1_314' title='bbox 2044 3879 2211 3949; x_wconf 83' lang='lat' dir='ltr'><strong>magis</strong></span> 
     </span>
    </p>
   </div>
   <div class='ocr_carea' id='block_1_40' title="bbox 631 3958 2210 4033">
    <p class='ocr_par' dir='ltr' id='par_1_40' title="bbox 631 3958 2210 4033">
     <span class='ocr_line' id='line_1_40' title="bbox 631 3958 2210 4033; baseline 0.009 -25"><span class='ocrx_word' id='word_1_315' title='bbox 631 3974 787 4026; x_wconf 87' lang='lat' dir='ltr'><strong>quam</strong></span> <span class='ocrx_word' id='word_1_316' title='bbox 817 3958 977 4013; x_wconf 87' lang='lat' dir='ltr'><strong>homo</strong></span> <span class='ocrx_word' id='word_1_317' title='bbox 1010 3977 1024 4014; x_wconf 93' lang='lat'><strong>:</strong></span> <span class='ocrx_word' id='word_1_318' title='bbox 1055 3975 1176 4014; x_wconf 89' lang='lat' dir='ltr'><strong>nam</strong></span> <span class='ocrx_word' id='word_1_319' title='bbox 1205 3961 1383 4015; x_wconf 88' lang='lat' dir='ltr'><strong>multis</strong></span> <span class='ocrx_word' id='word_1_320' title='bbox 1410 3962 1721 4033; x_wconf 89' lang='lat' dir='ltr'><strong>ingurgitari</strong></span> <span class='ocrx_word' id='word_1_321' title='bbox 1754 3964 1925 4033; x_wconf 88' lang='lat' dir='ltr'><strong>pardi,</strong></span> <span class='ocrx_word' id='word_1_322' title='bbox 1962 3968 2130 4021; x_wconf 91' lang='lat' dir='ltr'><strong>leonis</strong></span> <span class='ocrx_word' id='word_1_323' title='bbox 2158 3979 2210 4023; x_wconf 74' lang='lat' dir='ltr'><strong>i-t</strong></span> 
     </span>
    </p>
   </div>
   <div class='ocr_carea' id='block_1_41' title="bbox 634 4049 2209 4115">
    <p class='ocr_par' dir='ltr' id='par_1_41' title="bbox 634 4049 2209 4115">
     <span class='ocr_line' id='line_1_41' title="bbox 634 4049 2209 4115; baseline 0.01 -15"><span class='ocrx_word' id='word_1_324' title='bbox 634 4049 741 4105; x_wconf 84' lang='lat' dir='ltr'><strong>ursi</strong></span> <span class='ocrx_word' id='word_1_325' title='bbox 772 4058 875 4104; x_wconf 89' lang='lat' dir='ltr'><strong>est.</strong></span> <span class='ocrx_word' id='word_1_326' title='bbox 904 4051 973 4103; x_wconf 85' lang='lat' dir='ltr'><strong>At</strong></span> <span class='ocrx_word' id='word_1_327' title='bbox 1003 4050 1089 4104; x_wconf 91' lang='lat' dir='ltr'><strong>illa</strong></span> <span class='ocrx_word' id='word_1_328' title='bbox 1120 4052 1198 4105; x_wconf 89' lang='lat' dir='ltr'><strong>sic</strong></span> <span class='ocrx_word' id='word_1_329' title='bbox 1224 4051 1415 4106; x_wconf 92' lang='lat' dir='ltr'><strong>merito</strong></span> <span class='ocrx_word' id='word_1_330' title='bbox 1440 4054 1640 4108; x_wconf 83' lang='lat' dir='ltr'><strong>iaciunt</strong></span> <span class='ocrx_word' id='word_1_331' title='bbox 1668 4071 1681 4107; x_wconf 94' lang='lat'><strong>:</strong></span> <span class='ocrx_word' id='word_1_332' title='bbox 1713 4071 1815 4109; x_wconf 91' lang='lat' dir='ltr'><strong>non</strong></span> <span class='ocrx_word' id='word_1_333' title='bbox 1843 4056 2040 4113; x_wconf 89' lang='lat' dir='ltr'><strong>habent</strong></span> <span class='ocrx_word' id='word_1_334' title='bbox 2069 4062 2209 4115; x_wconf 93' lang='lat' dir='ltr'><strong>enim</strong></span> 
     </span>
    </p>
   </div>
   <div class='ocr_carea' id='block_1_42' title="bbox 632 4142 2209 4211">
    <p class='ocr_par' dir='ltr' id='par_1_42' title="bbox 632 4142 2209 4211">
     <span class='ocr_line' id='line_1_42' title="bbox 632 4142 2209 4211; baseline 0.008 -18"><span class='ocrx_word' id='word_1_335' title='bbox 632 4142 861 4195; x_wconf 90' lang='lat' dir='ltr'><strong>animam</strong></span> <span class='ocrx_word' id='word_1_336' title='bbox 890 4143 1219 4199; x_wconf 86' lang='lat' dir='ltr'><strong>rationalem.</strong></span> <span class='ocrx_word' id='word_1_337' title='bbox 1244 4143 1381 4211; x_wconf 90' lang='lat' dir='ltr'><strong>Quin</strong></span> <span class='ocrx_word' id='word_1_338' title='bbox 1409 4154 1463 4198; x_wconf 90' lang='lat' dir='ltr'><strong>et</strong></span> <span class='ocrx_word' id='word_1_339' title='bbox 1490 4145 1593 4199; x_wconf 72' lang='lat' dir='ltr'><strong>illze</strong></span> <span class='ocrx_word' id='word_1_340' title='bbox 1614 4145 1658 4199; x_wconf 91' lang='lat' dir='ltr'><strong>si</strong></span> <span class='ocrx_word' id='word_1_341' title='bbox 1688 4144 1823 4200; x_wconf 89' lang='lat' dir='ltr'><strong>ultra</strong></span> <span class='ocrx_word' id='word_1_342' title='bbox 1849 4164 2150 4205; x_wconf 86' lang='lat' dir='ltr'><strong>mensuram</strong></span> <span class='ocrx_word' id='word_1_343' title='bbox 2178 4168 2209 4206; x_wconf 93' lang='lat' dir='ltr'><strong>a</strong></span> 
     </span>
    </p>
   </div>
   <div class='ocr_carea' id='block_1_43' title="bbox 1354 348 3157 416">
    <p class='ocr_par' dir='ltr' id='par_1_43' title="bbox 1354 348 3157 416">
     <span class='ocr_line' id='line_1_43' title="bbox 1354 348 3157 416; baseline -0.007 0"><span class='ocrx_word' id='word_1_344' title='bbox 1354 360 1411 416; x_wconf 91' lang='lat' dir='ltr'><strong>S.</strong></span> <span class='ocrx_word' id='word_1_345' title='bbox 1449 358 1561 415; x_wconf 77' lang='grc' dir='ltr'><strong>,1οΛ</strong></span> <span class='ocrx_word' id='word_1_346' title='bbox 1575 356 1724 412; x_wconf 59' lang='grc' dir='ltr'><strong>λ’Νιδ</strong></span> <span class='ocrx_word' id='word_1_347' title='bbox 1758 349 2231 411; x_wconf 73' lang='lat' dir='ltr'><strong>CIIRYSOSTOMl</strong></span> <span class='ocrx_word' id='word_1_348' title='bbox 2269 348 2583 405; x_wconf 68' lang='lat' dir='ltr'><strong>AliClllEP.</strong></span> <span class='ocrx_word' id='word_1_349' title='bbox 2624 348 3157 405; x_wconf 73' lang='lat' dir='ltr'><strong>CONSTANTINOP.</strong></span> 
     </span>
    </p>
   </div>
   <div class='ocr_carea' id='block_1_44' title="bbox 3820 348 3926 404">
    <p class='ocr_par' dir='ltr' id='par_1_44' title="bbox 3820 348 3926 404">
     <span class='ocr_line' id='line_1_44' title="bbox 3820 348 3926 404; baseline 0.019 -2"><span class='ocrx_word' id='word_1_350' title='bbox 3820 348 3926 404; x_wconf 70' lang='lat'><strong>203</strong></span> 
     </span>
    </p>
   </div>
   <div class='ocr_carea' id='block_1_45' title="bbox 2336 466 3923 534">
    <p class='ocr_par' dir='ltr' id='par_1_45' title="bbox 2336 466 3923 534">
     <span class='ocr_line' id='line_1_45' title="bbox 2336 466 3923 534; baseline 0.001 -15"><span class='ocrx_word' id='word_1_351' title='bbox 2336 481 2411 519; x_wconf 79' lang='lat' dir='ltr'><strong>lt‘l</strong></span> <span class='ocrx_word' id='word_1_352' title='bbox 2440 506 2454 532; x_wconf 87' lang='lat'><strong>,</strong></span> <span class='ocrx_word' id='word_1_353' title='bbox 2490 466 2799 530; x_wconf 86' lang='lat' dir='ltr'><strong>insuavitas,</strong></span> <span class='ocrx_word' id='word_1_354' title='bbox 2834 466 2973 521; x_wconf 88' lang='lat' dir='ltr'><strong>mala</strong></span> <span class='ocrx_word' id='word_1_355' title='bbox 3004 467 3271 533; x_wconf 81' lang='lat' dir='ltr'><strong>valetudo,</strong></span> <span class='ocrx_word' id='word_1_356' title='bbox 3296 467 3535 532; x_wconf 88' lang='lat' dir='ltr'><strong>morbus,</strong></span> <span class='ocrx_word' id='word_1_357' title='bbox 3566 467 3923 534; x_wconf 66' lang='lat' dir='ltr'><strong>“liberalitas,</strong></span> 
     </span>
    </p>
   </div>
   <div class='ocr_carea' id='block_1_46' title="bbox 2327 559 3926 632">
    <p class='ocr_par' dir='ltr' id='par_1_46' title="bbox 2327 559 3926 632">
     <span class='ocr_line' id='line_1_46' title="bbox 2327 559 3926 632; baseline 0.001 -19"><span class='ocrx_word' id='word_1_358' title='bbox 2327 569 2589 627; x_wconf 85' lang='lat' dir='ltr'><strong>sumptus.</strong></span> <span class='ocrx_word' id='word_1_359' title='bbox 2616 559 2767 615; x_wconf 86' lang='lat' dir='ltr'><strong>Unde</strong></span> <span class='ocrx_word' id='word_1_360' title='bbox 2790 561 2971 630; x_wconf 77' lang='lat' dir='ltr'><strong>igitur,</strong></span> <span class='ocrx_word' id='word_1_361' title='bbox 2996 562 3224 632; x_wconf 86' lang='lat' dir='ltr'><strong>inquies,</strong></span> <span class='ocrx_word' id='word_1_362' title='bbox 3244 562 3311 616; x_wconf 86' lang='lat' dir='ltr'><strong>ad</strong></span> <span class='ocrx_word' id='word_1_363' title='bbox 3336 562 3477 616; x_wconf 90' lang='lat' dir='ltr'><strong>illam</strong></span> <span class='ocrx_word' id='word_1_364' title='bbox 3500 562 3779 617; x_wconf 87' lang='lat' dir='ltr'><strong>currimus</strong></span> <span class='ocrx_word' id='word_1_365' title='bbox 3803 579 3926 615; x_wconf 84' lang='lat' dir='ltr'><strong>oni-</strong></span> 
     </span>
    </p>
   </div>
   <div class='ocr_carea' id='block_1_47' title="bbox 2328 648 3924 725">
    <p class='ocr_par' dir='ltr' id='par_1_47' title="bbox 2328 648 3924 725">
     <span class='ocr_line' id='line_1_47' title="bbox 2328 648 3924 725; baseline 0.004 -22"><span class='ocrx_word' id='word_1_366' title='bbox 2328 648 2465 704; x_wconf 74' lang='lat' dir='ltr'><strong>nesi</strong></span> <span class='ocrx_word' id='word_1_367' title='bbox 2501 650 2581 704; x_wconf 80' lang='lat' dir='ltr'><strong>Ab</strong></span> <span class='ocrx_word' id='word_1_368' title='bbox 2610 650 2942 706; x_wconf 75' lang='lat' dir='ltr'><strong>inﬁrmitate.</strong></span> <span class='ocrx_word' id='word_1_369' title='bbox 2974 653 3067 708; x_wconf 86' lang='lat' dir='ltr'><strong>Dic</strong></span> <span class='ocrx_word' id='word_1_370' title='bbox 3094 656 3238 709; x_wconf 87' lang='lat' dir='ltr'><strong>enim</strong></span> <span class='ocrx_word' id='word_1_371' title='bbox 3267 653 3392 708; x_wconf 79' lang='lat' dir='ltr'><strong>mihi</strong></span> <span class='ocrx_word' id='word_1_372' title='bbox 3418 697 3433 721; x_wconf 91' lang='lat'><strong>,</strong></span> <span class='ocrx_word' id='word_1_373' title='bbox 3466 670 3566 711; x_wconf 90' lang='lat' dir='ltr'><strong>cur</strong></span> <span class='ocrx_word' id='word_1_374' title='bbox 3588 670 3737 725; x_wconf 71' lang='lat' dir='ltr'><strong>inger</strong></span> <span class='ocrx_word' id='word_1_375' title='bbox 3766 656 3924 709; x_wconf 78' lang='lat' dir='ltr'><strong>noxia</strong></span> 
     </span>
    </p>
   </div>
   <div class='ocr_carea' id='block_1_48' title="bbox 2325 744 3925 818">
    <p class='ocr_par' dir='ltr' id='par_1_48' title="bbox 2325 744 3925 818">
     <span class='ocr_line' id='line_1_48' title="bbox 2325 744 3925 818; baseline 0.004 -22"><span class='ocrx_word' id='word_1_376' title='bbox 2325 744 2549 812; x_wconf 68' lang='lat' dir='ltr'><strong>quaerit?</strong></span> <span class='ocrx_word' id='word_1_377' title='bbox 2574 761 2752 800; x_wconf 89' lang='lat' dir='ltr'><strong>annon</strong></span> <span class='ocrx_word' id='word_1_378' title='bbox 2803 744 2903 801; x_wconf 85' lang='lat' dir='ltr'><strong>hoc</strong></span> <span class='ocrx_word' id='word_1_379' title='bbox 2949 747 3121 815; x_wconf 84' lang='lat' dir='ltr'><strong>ipsum</strong></span> <span class='ocrx_word' id='word_1_380' title='bbox 3164 748 3374 818; x_wconf 90' lang='lat' dir='ltr'><strong>signum</strong></span> <span class='ocrx_word' id='word_1_381' title='bbox 3419 758 3500 803; x_wconf 90' lang='lat' dir='ltr'><strong>est</strong></span> <span class='ocrx_word' id='word_1_382' title='bbox 3549 748 3775 803; x_wconf 87' lang='lat' dir='ltr'><strong>morbi?</strong></span> <span class='ocrx_word' id='word_1_383' title='bbox 3815 746 3925 802; x_wconf 79' lang='lat' dir='ltr'><strong>Cur</strong></span> 
     </span>
    </p>
   </div>
   <div class='ocr_carea' id='block_1_49' title="bbox 2324 836 3922 911">
    <p class='ocr_par' dir='ltr' id='par_1_49' title="bbox 2324 836 3922 911">
     <span class='ocr_line' id='line_1_49' title="bbox 2324 836 3922 911; baseline 0.004 -23"><span class='ocrx_word' id='word_1_384' title='bbox 2324 836 2545 891; x_wconf 77' lang='lat' dir='ltr'><strong>claudus</strong></span> <span class='ocrx_word' id='word_1_385' title='bbox 2568 853 2675 893; x_wconf 90' lang='lat' dir='ltr'><strong>non</strong></span> <span class='ocrx_word' id='word_1_386' title='bbox 2700 847 2845 894; x_wconf 87' lang='lat' dir='ltr'><strong>recte</strong></span> <span class='ocrx_word' id='word_1_387' title='bbox 2877 838 3109 894; x_wconf 73' lang='lat' dir='ltr'><strong>incedit?</strong></span> <span class='ocrx_word' id='word_1_388' title='bbox 3144 855 3324 893; x_wconf 89' lang='lat' dir='ltr'><strong>nonne</strong></span> <span class='ocrx_word' id='word_1_389' title='bbox 3354 856 3419 894; x_wconf 81' lang='lat' dir='ltr'><strong>ex</strong></span> <span class='ocrx_word' id='word_1_390' title='bbox 3449 842 3658 911; x_wconf 86' lang='lat' dir='ltr'><strong>ignavia</strong></span> <span class='ocrx_word' id='word_1_391' title='bbox 3692 851 3749 896; x_wconf 91' lang='lat' dir='ltr'><strong>et</strong></span> <span class='ocrx_word' id='word_1_392' title='bbox 3775 843 3922 911; x_wconf 85' lang='lat' dir='ltr'><strong>quod</strong></span> 
     </span>
    </p>
   </div>
   <div class='ocr_carea' id='block_1_50' title="bbox 2324 927 3926 1001">
    <p class='ocr_par' dir='ltr' id='par_1_50' title="bbox 2324 927 3926 1001">
     <span class='ocr_line' id='line_1_50' title="bbox 2324 927 3926 1001; baseline 0.002 -20"><span class='ocrx_word' id='word_1_393' title='bbox 2324 927 2459 981; x_wconf 84' lang='lat' dir='ltr'><strong>nolit</strong></span> <span class='ocrx_word' id='word_1_394' title='bbox 2478 930 2734 984; x_wconf 84' lang='lat' dir='ltr'><strong>accedere</strong></span> <span class='ocrx_word' id='word_1_395' title='bbox 2756 929 2825 985; x_wconf 88' lang='lat' dir='ltr'><strong>ad</strong></span> <span class='ocrx_word' id='word_1_396' title='bbox 2853 930 3159 985; x_wconf 81' lang='lat' dir='ltr'><strong>medicum?</strong></span> <span class='ocrx_word' id='word_1_397' title='bbox 3186 931 3292 987; x_wconf 80' lang='lat' dir='ltr'><strong>Res</strong></span> <span class='ocrx_word' id='word_1_398' title='bbox 3319 934 3461 987; x_wconf 89' lang='lat' dir='ltr'><strong>enim</strong></span> <span class='ocrx_word' id='word_1_399' title='bbox 3487 933 3606 987; x_wconf 81' lang='lat' dir='ltr'><strong>alia:</strong></span> <span class='ocrx_word' id='word_1_400' title='bbox 3640 942 3926 1001; x_wconf 84' lang='lat' dir='ltr'><strong>tempora-</strong></span> 
     </span>
    </p>
   </div>
   <div class='ocr_carea' id='block_1_51' title="bbox 2325 1021 3921 1095">
    <p class='ocr_par' dir='ltr' id='par_1_51' title="bbox 2325 1021 3921 1095">
     <span class='ocr_line' id='line_1_51' title="bbox 2325 1021 3921 1095; baseline 0.003 -22"><span class='ocrx_word' id='word_1_401' title='bbox 2325 1036 2479 1075; x_wconf 90' lang='lat' dir='ltr'><strong>neam</strong></span> <span class='ocrx_word' id='word_1_402' title='bbox 2510 1021 2709 1077; x_wconf 85' lang='lat' dir='ltr'><strong>habent</strong></span> <span class='ocrx_word' id='word_1_403' title='bbox 2734 1022 3060 1092; x_wconf 88' lang='lat' dir='ltr'><strong>voluptatem</strong></span> <span class='ocrx_word' id='word_1_404' title='bbox 3093 1035 3515 1094; x_wconf 88' lang='lat' dir='ltr'><strong>perpetuumque</strong></span> <span class='ocrx_word' id='word_1_405' title='bbox 3555 1026 3921 1095; x_wconf 83' lang='lat' dir='ltr'><strong>supplicium;</strong></span> 
     </span>
    </p>
   </div>
   <div class='ocr_carea' id='block_1_52' title="bbox 2322 1112 3924 1191">
    <p class='ocr_par' dir='ltr' id='par_1_52' title="bbox 2322 1112 3924 1191">
     <span class='ocr_line' id='line_1_52' title="bbox 2322 1112 3924 1191; baseline 0.005 -28"><span class='ocrx_word' id='word_1_406' title='bbox 2322 1112 2441 1165; x_wconf 74' lang='lat' dir='ltr'><strong>alia:</strong></span> <span class='ocrx_word' id='word_1_407' title='bbox 2475 1128 2507 1167; x_wconf 90' lang='lat' dir='ltr'><strong>e</strong></span> <span class='ocrx_word' id='word_1_408' title='bbox 2545 1115 2817 1179; x_wconf 85' lang='lat' dir='ltr'><strong>contrario</strong></span> <span class='ocrx_word' id='word_1_409' title='bbox 2842 1124 3241 1184; x_wconf 83' lang='lat' dir='ltr'><strong>temporaneam</strong></span> <span class='ocrx_word' id='word_1_410' title='bbox 3272 1119 3581 1191; x_wconf 78' lang='lat' dir='ltr'><strong>patientiam</strong></span> <span class='ocrx_word' id='word_1_411' title='bbox 3621 1130 3679 1173; x_wconf 91' lang='lat' dir='ltr'><strong>et</strong></span> <span class='ocrx_word' id='word_1_412' title='bbox 3719 1134 3924 1188; x_wconf 80' lang='lat' dir='ltr'><strong>perpe-</strong></span> 
     </span>
    </p>
   </div>
   <div class='ocr_carea' id='block_1_53' title="bbox 2325 1202 3928 1278">
    <p class='ocr_par' dir='ltr' id='par_1_53' title="bbox 2325 1202 3928 1278">
     <span class='ocr_line' id='line_1_53' title="bbox 2325 1202 3928 1278; baseline 0.006 -24"><span class='ocrx_word' id='word_1_413' title='bbox 2325 1212 2472 1256; x_wconf 91' lang='lat' dir='ltr'><strong>tnum</strong></span> <span class='ocrx_word' id='word_1_414' title='bbox 2498 1202 2768 1274; x_wconf 80' lang='lat' dir='ltr'><strong>gaudium.</strong></span> <span class='ocrx_word' id='word_1_415' title='bbox 2798 1204 2897 1271; x_wconf 88' lang='lat' dir='ltr'><strong>Qui</strong></span> <span class='ocrx_word' id='word_1_416' title='bbox 2922 1205 3084 1275; x_wconf 83' lang='lat' dir='ltr'><strong>igitur</strong></span> <span class='ocrx_word' id='word_1_417' title='bbox 3103 1207 3182 1261; x_wconf 81' lang='lat' dir='ltr'><strong>sic</strong></span> <span class='ocrx_word' id='word_1_418' title='bbox 3211 1204 3383 1262; x_wconf 79' lang='lat' dir='ltr'><strong>mellis</strong></span> <span class='ocrx_word' id='word_1_419' title='bbox 3406 1217 3461 1263; x_wconf 91' lang='lat' dir='ltr'><strong>et</strong></span> <span class='ocrx_word' id='word_1_420' title='bbox 3482 1210 3708 1278; x_wconf 81' lang='lat' dir='ltr'><strong>ignavus</strong></span> <span class='ocrx_word' id='word_1_421' title='bbox 3728 1220 3840 1275; x_wconf 86' lang='lat' dir='ltr'><strong>est,</strong></span> <span class='ocrx_word' id='word_1_422' title='bbox 3870 1219 3928 1264; x_wconf 90' lang='lat' dir='ltr'><strong>ot</strong></span> 
     </span>
    </p>
   </div>
   <div class='ocr_carea' id='block_1_54' title="bbox 2323 1298 3926 1368">
    <p class='ocr_par' dir='ltr' id='par_1_54' title="bbox 2323 1298 3926 1368">
     <span class='ocr_line' id='line_1_54' title="bbox 2323 1298 3926 1368; baseline 0.004 -21"><span class='ocrx_word' id='word_1_423' title='bbox 2323 1310 2429 1348; x_wconf 89' lang='lat' dir='ltr'><strong>non</strong></span> <span class='ocrx_word' id='word_1_424' title='bbox 2456 1304 2764 1351; x_wconf 86' lang='lat' dir='ltr'><strong>contemnat</strong></span> <span class='ocrx_word' id='word_1_425' title='bbox 2804 1306 3101 1368; x_wconf 58' lang='lat' dir='ltr'><strong>praesentes</strong></span> <span class='ocrx_word' id='word_1_426' title='bbox 3130 1298 3352 1354; x_wconf 87' lang='lat' dir='ltr'><strong>delicias</strong></span> <span class='ocrx_word' id='word_1_427' title='bbox 3392 1314 3487 1367; x_wconf 86' lang='lat' dir='ltr'><strong>pro</strong></span> <span class='ocrx_word' id='word_1_428' title='bbox 3516 1300 3715 1355; x_wconf 85' lang='lat' dir='ltr'><strong>futuris</strong></span> <span class='ocrx_word' id='word_1_429' title='bbox 3738 1342 3757 1365; x_wconf 92' lang='lat'><strong>,</strong></span> <span class='ocrx_word' id='word_1_430' title='bbox 3817 1302 3926 1354; x_wconf 88' lang='lat' dir='ltr'><strong>cite</strong></span> 
     </span>
    </p>
   </div>
   <div class='ocr_carea' id='block_1_55' title="bbox 2322 1388 3922 1459">
    <p class='ocr_par' dir='ltr' id='par_1_55' title="bbox 2322 1388 3922 1459">
     <span class='ocr_line' id='line_1_55' title="bbox 2322 1388 3922 1459; baseline 0.003 -19"><span class='ocrx_word' id='word_1_431' title='bbox 2322 1388 2546 1456; x_wconf 77' lang='lat' dir='ltr'><strong>capitur.</strong></span> <span class='ocrx_word' id='word_1_432' title='bbox 2578 1388 2671 1443; x_wconf 74' lang='lat' dir='ltr'><strong>liic</strong></span> <span class='ocrx_word' id='word_1_433' title='bbox 2689 1389 2841 1455; x_wconf 87' lang='lat' dir='ltr'><strong>mihi,</strong></span> <span class='ocrx_word' id='word_1_434' title='bbox 2870 1388 3009 1444; x_wconf 78' lang='lat' dir='ltr'><strong>Esait</strong></span> <span class='ocrx_word' id='word_1_435' title='bbox 3033 1389 3173 1444; x_wconf 91' lang='lat' dir='ltr'><strong>unde</strong></span> <span class='ocrx_word' id='word_1_436' title='bbox 3193 1400 3379 1459; x_wconf 82' lang='lat' dir='ltr'><strong>captus</strong></span> <span class='ocrx_word' id='word_1_437' title='bbox 3399 1400 3515 1455; x_wconf 76' lang='lat' dir='ltr'><strong>est;</strong></span> <span class='ocrx_word' id='word_1_438' title='bbox 3544 1390 3691 1446; x_wconf 89' lang='lat' dir='ltr'><strong>unde</strong></span> <span class='ocrx_word' id='word_1_439' title='bbox 3719 1391 3922 1445; x_wconf 64' lang='lat' dir='ltr'><strong>laetum</strong></span> 
     </span>
    </p>
   </div>
   <div class='ocr_carea' id='block_1_56' title="bbox 2323 1480 3915 1552">
    <p class='ocr_par' dir='ltr' id='par_1_56' title="bbox 2323 1480 3915 1552">
     <span class='ocr_line' id='line_1_56' title="bbox 2323 1480 3915 1552; baseline 0.001 -18"><span class='ocrx_word' id='word_1_440' title='bbox 2323 1492 2377 1534; x_wconf 92' lang='lat' dir='ltr'><strong>ut</strong></span> <span class='ocrx_word' id='word_1_441' title='bbox 2404 1488 2718 1549; x_wconf 69' lang='lat' dir='ltr'><strong>pnescntem</strong></span> <span class='ocrx_word' id='word_1_442' title='bbox 2747 1481 3069 1549; x_wconf 85' lang='lat' dir='ltr'><strong>voluptatem</strong></span> <span class='ocrx_word' id='word_1_443' title='bbox 3120 1480 3297 1535; x_wconf 89' lang='lat' dir='ltr'><strong>futuro</strong></span> <span class='ocrx_word' id='word_1_444' title='bbox 3341 1482 3531 1536; x_wconf 72' lang='lat' dir='ltr'><strong>inmori</strong></span> <span class='ocrx_word' id='word_1_445' title='bbox 3575 1482 3915 1552; x_wconf 69' lang='lat' dir='ltr'><strong>prteferret?</strong></span> 
     </span>
    </p>
   </div>
   <div class='ocr_carea' id='block_1_57' title="bbox 2323 1570 3924 1646">
    <p class='ocr_par' dir='ltr' id='par_1_57' title="bbox 2323 1570 3924 1646">
     <span class='ocr_line' id='line_1_57' title="bbox 2323 1570 3924 1646; baseline 0.005 -23"><span class='ocrx_word' id='word_1_446' title='bbox 2323 1570 2399 1624; x_wconf 77' lang='lat' dir='ltr'><strong>Ex</strong></span> <span class='ocrx_word' id='word_1_447' title='bbox 2429 1570 2671 1625; x_wconf 89' lang='lat' dir='ltr'><strong>mollitie.</strong></span> <span class='ocrx_word' id='word_1_448' title='bbox 2696 1572 2808 1628; x_wconf 80' lang='lat' dir='ltr'><strong>Hoc</strong></span> <span class='ocrx_word' id='word_1_449' title='bbox 2835 1573 3006 1642; x_wconf 86' lang='lat' dir='ltr'><strong>ipsum</strong></span> <span class='ocrx_word' id='word_1_450' title='bbox 3034 1589 3165 1629; x_wconf 87' lang='lat' dir='ltr'><strong>vero</strong></span> <span class='ocrx_word' id='word_1_451' title='bbox 3184 1574 3345 1639; x_wconf 89' lang='lat' dir='ltr'><strong>unde,</strong></span> <span class='ocrx_word' id='word_1_452' title='bbox 3374 1576 3622 1646; x_wconf 84' lang='lat' dir='ltr'><strong>inquies?</strong></span> <span class='ocrx_word' id='word_1_453' title='bbox 3649 1593 3728 1630; x_wconf 44' lang='lat' dir='ltr'><strong>ex</strong></span> <span class='ocrx_word' id='word_1_454' title='bbox 3766 1577 3924 1631; x_wconf 87' lang='lat' dir='ltr'><strong>nobis</strong></span> 
     </span>
    </p>
   </div>
   <div class='ocr_carea' id='block_1_58' title="bbox 2322 1664 3919 1735">
    <p class='ocr_par' dir='ltr' id='par_1_58' title="bbox 2322 1664 3919 1735">
     <span class='ocr_line' id='line_1_58' title="bbox 2322 1664 3919 1735; baseline 0.005 -18"><span class='ocrx_word' id='word_1_455' title='bbox 2322 1664 2483 1733; x_wconf 71' lang='lat' dir='ltr'><strong>ipsis;</strong></span> <span class='ocrx_word' id='word_1_456' title='bbox 2512 1664 2654 1734; x_wconf 93' lang='lat' dir='ltr'><strong>quod</strong></span> <span class='ocrx_word' id='word_1_457' title='bbox 2684 1665 2806 1719; x_wconf 89' lang='lat' dir='ltr'><strong>hinc</strong></span> <span class='ocrx_word' id='word_1_458' title='bbox 2838 1666 3179 1721; x_wconf 88' lang='lat' dir='ltr'><strong>manifestum</strong></span> <span class='ocrx_word' id='word_1_459' title='bbox 3208 1680 3310 1723; x_wconf 87' lang='lat' dir='ltr'><strong>est.</strong></span> <span class='ocrx_word' id='word_1_460' title='bbox 3341 1668 3569 1735; x_wconf 87' lang='lat' dir='ltr'><strong>Quando</strong></span> <span class='ocrx_word' id='word_1_461' title='bbox 3616 1670 3881 1725; x_wconf 81' lang='lat' dir='ltr'><strong>volumus</strong></span> <span class='ocrx_word' id='word_1_462' title='bbox 3903 1712 3919 1731; x_wconf 87' lang='lat'><strong>.</strong></span> 
     </span>
    </p>
   </div>
   <div class='ocr_carea' id='block_1_59' title="bbox 2320 1757 3924 1831">
    <p class='ocr_par' dir='ltr' id='par_1_59' title="bbox 2320 1757 3924 1831">
     <span class='ocr_line' id='line_1_59' title="bbox 2320 1757 3924 1831; baseline 0.004 -22"><span class='ocrx_word' id='word_1_463' title='bbox 2320 1770 2419 1809; x_wconf 75' lang='lat' dir='ltr'><strong>nas</strong></span> <span class='ocrx_word' id='word_1_464' title='bbox 2446 1757 2760 1820; x_wconf 78' lang='lat' dir='ltr'><strong>excitamus,</strong></span> <span class='ocrx_word' id='word_1_465' title='bbox 2787 1768 2841 1811; x_wconf 91' lang='lat' dir='ltr'><strong>et</strong></span> <span class='ocrx_word' id='word_1_466' title='bbox 2870 1758 3131 1826; x_wconf 90' lang='lat' dir='ltr'><strong>patientes</strong></span> <span class='ocrx_word' id='word_1_467' title='bbox 3156 1758 3440 1814; x_wconf 88' lang='lat' dir='ltr'><strong>eflicimur.</strong></span> <span class='ocrx_word' id='word_1_468' title='bbox 3470 1760 3524 1815; x_wconf 89' lang='lat' dir='ltr'><strong>Si</strong></span> <span class='ocrx_word' id='word_1_469' title='bbox 3556 1761 3724 1830; x_wconf 87' lang='lat' dir='ltr'><strong>igitur</strong></span> <span class='ocrx_word' id='word_1_470' title='bbox 3745 1777 3924 1831; x_wconf 78' lang='lat' dir='ltr'><strong>quan-</strong></span> 
     </span>
    </p>
   </div>
   <div class='ocr_carea' id='block_1_60' title="bbox 2318 1847 3923 1921">
    <p class='ocr_par' dir='ltr' id='par_1_60' title="bbox 2318 1847 3923 1921">
     <span class='ocr_line' id='line_1_60' title="bbox 2318 1847 3923 1921; baseline 0.003 -20"><span class='ocrx_word' id='word_1_471' title='bbox 2318 1847 2494 1917; x_wconf 90' lang='lat' dir='ltr'><strong>doque</strong></span> <span class='ocrx_word' id='word_1_472' title='bbox 2528 1848 2803 1904; x_wconf 71' lang='lat' dir='ltr'><strong>advenerit</strong></span> <span class='ocrx_word' id='word_1_473' title='bbox 2835 1850 3127 1904; x_wconf 82' lang='lat' dir='ltr'><strong>necessitas</strong></span> <span class='ocrx_word' id='word_1_474' title='bbox 3147 1892 3161 1915; x_wconf 94' lang='lat'><strong>,</strong></span> <span class='ocrx_word' id='word_1_475' title='bbox 3208 1866 3353 1921; x_wconf 86' lang='lat' dir='ltr'><strong>s:epe</strong></span> <span class='ocrx_word' id='word_1_476' title='bbox 3378 1852 3766 1907; x_wconf 89' lang='lat' dir='ltr'><strong>contendendo</strong></span> <span class='ocrx_word' id='word_1_477' title='bbox 3799 1865 3923 1906; x_wconf 78' lang='lat' dir='ltr'><strong>tan-</strong></span> 
     </span>
    </p>
   </div>
   <div class='ocr_carea' id='block_1_61' title="bbox 2321 1939 3276 2010">
    <p class='ocr_par' dir='ltr' id='par_1_61' title="bbox 2321 1939 3276 2010">
     <span class='ocr_line' id='line_1_61' title="bbox 2321 1939 3276 2010; baseline 0.005 -19"><span class='ocrx_word' id='word_1_478' title='bbox 2321 1946 2453 2002; x_wconf 91' lang='lat' dir='ltr'><strong>tuin,</strong></span> <span class='ocrx_word' id='word_1_479' title='bbox 2475 1939 2601 2007; x_wconf 91' lang='lat' dir='ltr'><strong>quid</strong></span> <span class='ocrx_word' id='word_1_480' title='bbox 2635 1941 2770 1994; x_wconf 86' lang='lat' dir='ltr'><strong>utile</strong></span> <span class='ocrx_word' id='word_1_481' title='bbox 2794 1941 2862 1994; x_wconf 87' lang='lat' dir='ltr'><strong>sit</strong></span> <span class='ocrx_word' id='word_1_482' title='bbox 2892 1942 3276 2010; x_wconf 87' lang='lat' dir='ltr'><strong>conspicimus.</strong></span> 
     </span>
    </p>
   </div>
   <div class='ocr_carea' id='block_1_62' title="bbox 2389 2026 3921 2102">
    <p class='ocr_par' dir='ltr' id='par_1_62' title="bbox 2389 2026 3921 2102">
     <span class='ocr_line' id='line_1_62' title="bbox 2389 2026 3921 2102; baseline 0.005 -19"><span class='ocrx_word' id='word_1_483' title='bbox 2389 2026 2535 2083; x_wconf 64' lang='lat' dir='ltr'><strong>Gula:</strong></span> <span class='ocrx_word' id='word_1_484' title='bbox 2560 2032 2717 2085; x_wconf 85' lang='lat' dir='ltr'><strong>mala.</strong></span> <span class='ocrx_word' id='word_1_485' title='bbox 2744 2061 2816 2071; x_wconf 98' lang='lat'><strong>—</strong></span> <span class='ocrx_word' id='word_1_486' title='bbox 2837 2029 2974 2087; x_wconf 89' lang='lat' dir='ltr'><strong>Cum</strong></span> <span class='ocrx_word' id='word_1_487' title='bbox 3007 2048 3137 2102; x_wconf 88' lang='lat' dir='ltr'><strong>ergo</strong></span> <span class='ocrx_word' id='word_1_488' title='bbox 3172 2033 3379 2088; x_wconf 87' lang='lat' dir='ltr'><strong>deliciis</strong></span> <span class='ocrx_word' id='word_1_489' title='bbox 3421 2043 3473 2089; x_wconf 89' lang='lat' dir='ltr'><strong>te</strong></span> <span class='ocrx_word' id='word_1_490' title='bbox 3500 2033 3790 2089; x_wconf 81' lang='lat' dir='ltr'><strong>dedituros</strong></span> <span class='ocrx_word' id='word_1_491' title='bbox 3820 2052 3882 2089; x_wconf 84' lang='lat' dir='ltr'><strong>es</strong></span> <span class='ocrx_word' id='word_1_492' title='bbox 3908 2078 3921 2099; x_wconf 86' lang='lat'><strong>,</strong></span> 
     </span>
    </p>
   </div>
   <div class='ocr_carea' id='block_1_63' title="bbox 2319 2126 3923 2198">
    <p class='ocr_par' dir='ltr' id='par_1_63' title="bbox 2319 2126 3923 2198">
     <span class='ocr_line' id='line_1_63' title="bbox 2319 2126 3923 2198; baseline 0.003 -20"><span class='ocrx_word' id='word_1_493' title='bbox 2319 2133 2717 2193; x_wconf 80' lang='lat' dir='ltr'><strong>temporaneam</strong></span> <span class='ocrx_word' id='word_1_494' title='bbox 2755 2140 2875 2179; x_wconf 82' lang='lat' dir='ltr'><strong>esse</strong></span> <span class='ocrx_word' id='word_1_495' title='bbox 2911 2126 3238 2196; x_wconf 81' lang='lat' dir='ltr'><strong>voluptatem</strong></span> <span class='ocrx_word' id='word_1_496' title='bbox 3285 2127 3458 2197; x_wconf 80' lang='lat' dir='ltr'><strong>cogita</strong></span> <span class='ocrx_word' id='word_1_497' title='bbox 3486 2169 3500 2192; x_wconf 91' lang='lat'><strong>,</strong></span> <span class='ocrx_word' id='word_1_498' title='bbox 3541 2128 3923 2198; x_wconf 86' lang='lat' dir='ltr'><strong>damnumque</strong></span> 
     </span>
    </p>
   </div>
   <div class='ocr_carea' id='block_1_64' title="bbox 2318 2214 3922 2287">
    <p class='ocr_par' dir='ltr' id='par_1_64' title="bbox 2318 2214 3922 2287">
     <span class='ocr_line' id='line_1_64' title="bbox 2318 2214 3922 2287; baseline 0.004 -18"><span class='ocrx_word' id='word_1_499' title='bbox 2318 2214 2441 2270; x_wconf 84' lang='lat' dir='ltr'><strong>hinc</strong></span> <span class='ocrx_word' id='word_1_500' title='bbox 2484 2217 2803 2285; x_wconf 89' lang='lat' dir='ltr'><strong>proveniens</strong></span> <span class='ocrx_word' id='word_1_501' title='bbox 2842 2218 3136 2287; x_wconf 90' lang='lat' dir='ltr'><strong>(damnum</strong></span> <span class='ocrx_word' id='word_1_502' title='bbox 3168 2219 3310 2274; x_wconf 85' lang='lat' dir='ltr'><strong>enim</strong></span> <span class='ocrx_word' id='word_1_503' title='bbox 3345 2235 3467 2275; x_wconf 86' lang='lat' dir='ltr'><strong>vere</strong></span> <span class='ocrx_word' id='word_1_504' title='bbox 3501 2230 3587 2274; x_wconf 90' lang='lat' dir='ltr'><strong>est</strong></span> <span class='ocrx_word' id='word_1_505' title='bbox 3612 2263 3625 2286; x_wconf 89' lang='lat'><strong>,</strong></span> <span class='ocrx_word' id='word_1_506' title='bbox 3662 2238 3792 2275; x_wconf 90' lang='lat' dir='ltr'><strong>eum</strong></span> <span class='ocrx_word' id='word_1_507' title='bbox 3825 2238 3922 2275; x_wconf 88' lang='lat' dir='ltr'><strong>sua</strong></span> 
     </span>
    </p>
   </div>
   <div class='ocr_carea' id='block_1_65' title="bbox 2318 2308 3924 2378">
    <p class='ocr_par' dir='ltr' id='par_1_65' title="bbox 2318 2308 3924 2378">
     <span class='ocr_line' id='line_1_65' title="bbox 2318 2308 3924 2378; baseline 0.005 -19"><span class='ocrx_word' id='word_1_508' title='bbox 2318 2308 2551 2377; x_wconf 87' lang='lat' dir='ltr'><strong>pernicie</strong></span> <span class='ocrx_word' id='word_1_509' title='bbox 2582 2316 2655 2361; x_wconf 91' lang='lat' dir='ltr'><strong>tot</strong></span> <span class='ocrx_word' id='word_1_510' title='bbox 2684 2322 2815 2377; x_wconf 90' lang='lat' dir='ltr'><strong>opes</strong></span> <span class='ocrx_word' id='word_1_511' title='bbox 2846 2308 3158 2378; x_wconf 73' lang='lat' dir='ltr'><strong>insumere),</strong></span> <span class='ocrx_word' id='word_1_512' title='bbox 3194 2311 3429 2373; x_wconf 83' lang='lat' dir='ltr'><strong>morbos,</strong></span> <span class='ocrx_word' id='word_1_513' title='bbox 3466 2310 3836 2374; x_wconf 81' lang='lat' dir='ltr'><strong>infirmitates.</strong></span> <span class='ocrx_word' id='word_1_514' title='bbox 3867 2324 3924 2367; x_wconf 85' lang='lat' dir='ltr'><strong>et</strong></span> 
     </span>
    </p>
   </div>
   <div class='ocr_carea' id='block_1_66' title="bbox 2316 2400 3920 2470">
    <p class='ocr_par' dir='ltr' id='par_1_66' title="bbox 2316 2400 3920 2470">
     <span class='ocr_line' id='line_1_66' title="bbox 2316 2400 3920 2470; baseline 0.005 -19"><span class='ocrx_word' id='word_1_515' title='bbox 2316 2400 2638 2470; x_wconf 86' lang='lat' dir='ltr'><strong>voluptatem</strong></span> <span class='ocrx_word' id='word_1_516' title='bbox 2666 2412 2967 2456; x_wconf 88' lang='lat' dir='ltr'><strong>contemne.</strong></span> <span class='ocrx_word' id='word_1_517' title='bbox 2998 2402 3140 2468; x_wconf 80' lang='lat' dir='ltr'><strong>Quot</strong></span> <span class='ocrx_word' id='word_1_518' title='bbox 3170 2405 3247 2456; x_wconf 88' lang='lat' dir='ltr'><strong>vis</strong></span> <span class='ocrx_word' id='word_1_519' title='bbox 3288 2403 3380 2456; x_wconf 89' lang='lat' dir='ltr'><strong>tibi</strong></span> <span class='ocrx_word' id='word_1_520' title='bbox 3412 2402 3658 2457; x_wconf 81' lang='lat' dir='ltr'><strong>homines</strong></span> <span class='ocrx_word' id='word_1_521' title='bbox 3689 2422 3920 2459; x_wconf 83' lang='lat' dir='ltr'><strong>cnumc-</strong></span> 
     </span>
    </p>
   </div>
   <div class='ocr_carea' id='block_1_67' title="bbox 2317 2492 3922 2562">
    <p class='ocr_par' dir='ltr' id='par_1_67' title="bbox 2317 2492 3922 2562">
     <span class='ocr_line' id='line_1_67' title="bbox 2317 2492 3922 2562; baseline 0.002 -16"><span class='ocrx_word' id='word_1_522' title='bbox 2317 2507 2429 2546; x_wconf 88' lang='lat' dir='ltr'><strong>rem</strong></span> <span class='ocrx_word' id='word_1_523' title='bbox 2456 2493 2589 2545; x_wconf 89' lang='lat' dir='ltr'><strong>mala</strong></span> <span class='ocrx_word' id='word_1_524' title='bbox 2623 2507 2806 2562; x_wconf 85' lang='lat' dir='ltr'><strong>passos</strong></span> <span class='ocrx_word' id='word_1_525' title='bbox 2834 2508 2862 2545; x_wconf 89' lang='lat' dir='ltr'><strong>a</strong></span> <span class='ocrx_word' id='word_1_526' title='bbox 2892 2492 3265 2549; x_wconf 82' lang='lat' dir='ltr'><strong>deliciis?Noe</strong></span> <span class='ocrx_word' id='word_1_527' title='bbox 3297 2495 3589 2548; x_wconf 61' lang='lat' dir='ltr'><strong>inebriatus</strong></span> <span class='ocrx_word' id='word_1_528' title='bbox 3614 2506 3698 2549; x_wconf 90' lang='lat' dir='ltr'><strong>est</strong></span> <span class='ocrx_word' id='word_1_529' title='bbox 3726 2512 3795 2552; x_wconf 90' lang='lat' dir='ltr'><strong>ac</strong></span> <span class='ocrx_word' id='word_1_530' title='bbox 3822 2514 3922 2549; x_wconf 86' lang='lat' dir='ltr'><strong>Itll-</strong></span> 
     </span>
    </p>
   </div>
   <div class='ocr_carea' id='block_1_68' title="bbox 2315 2574 3920 2658">
    <p class='ocr_par' dir='ltr' id='par_1_68' title="bbox 2315 2574 3920 2658">
     <span class='ocr_line' id='line_1_68' title="bbox 2315 2574 3920 2658; baseline 0.002 -20"><span class='ocrx_word' id='word_1_531' title='bbox 2315 2583 2506 2649; x_wconf 84' lang='lat' dir='ltr'><strong>datus;</strong></span> <span class='ocrx_word' id='word_1_532' title='bbox 2540 2597 2593 2640; x_wconf 80' lang='lat' dir='ltr'><strong>et</strong></span> <span class='ocrx_word' id='word_1_533' title='bbox 2617 2586 2736 2640; x_wconf 90' lang='lat' dir='ltr'><strong>vide</strong></span> <span class='ocrx_word' id='word_1_534' title='bbox 2766 2574 2896 2654; x_wconf 72' lang='lat' dir='ltr'><strong>tfttut</strong></span> <span class='ocrx_word' id='word_1_535' title='bbox 2930 2587 3053 2641; x_wconf 90' lang='lat' dir='ltr'><strong>hinc</strong></span> <span class='ocrx_word' id='word_1_536' title='bbox 3084 2588 3220 2639; x_wconf 90' lang='lat' dir='ltr'><strong>mala</strong></span> <span class='ocrx_word' id='word_1_537' title='bbox 3249 2589 3527 2641; x_wconf 85' lang='lat' dir='ltr'><strong>evenerint</strong></span> <span class='ocrx_word' id='word_1_538' title='bbox 3559 2607 3571 2641; x_wconf 90' lang='lat'><strong>:</strong></span> <span class='ocrx_word' id='word_1_539' title='bbox 3607 2605 3708 2657; x_wconf 89' lang='lat' dir='ltr'><strong>per</strong></span> <span class='ocrx_word' id='word_1_540' title='bbox 3734 2591 3920 2658; x_wconf 85' lang='lat' dir='ltr'><strong>gulam</strong></span> 
     </span>
    </p>
   </div>
   <div class='ocr_carea' id='block_1_69' title="bbox 2316 2676 3923 2747">
    <p class='ocr_par' dir='ltr' id='par_1_69' title="bbox 2316 2676 3923 2747">
     <span class='ocr_line' id='line_1_69' title="bbox 2316 2676 3923 2747; baseline 0.002 -17"><span class='ocrx_word' id='word_1_541' title='bbox 2316 2676 2456 2730; x_wconf 72' lang='lat' dir='ltr'><strong>Esau</strong></span> <span class='ocrx_word' id='word_1_542' title='bbox 2501 2677 2848 2747; x_wconf 89' lang='lat' dir='ltr'><strong>primogenita</strong></span> <span class='ocrx_word' id='word_1_543' title='bbox 2890 2677 3159 2746; x_wconf 89' lang='lat' dir='ltr'><strong>perdidit,</strong></span> <span class='ocrx_word' id='word_1_544' title='bbox 3192 2688 3248 2731; x_wconf 90' lang='lat' dir='ltr'><strong>et</strong></span> <span class='ocrx_word' id='word_1_545' title='bbox 3281 2677 3347 2731; x_wconf 88' lang='lat' dir='ltr'><strong>ad</strong></span> <span class='ocrx_word' id='word_1_546' title='bbox 3393 2678 3569 2733; x_wconf 77' lang='lat' dir='ltr'><strong>fratris</strong></span> <span class='ocrx_word' id='word_1_547' title='bbox 3611 2681 3824 2734; x_wconf 67' lang='lat' dir='ltr'><strong>tandem</strong></span> <span class='ocrx_word' id='word_1_548' title='bbox 3863 2698 3923 2734; x_wconf 73' lang='lat' dir='ltr'><strong>se</strong></span> 
     </span>
    </p>
   </div>
   <div class='ocr_carea' id='block_1_70' title="bbox 2315 2766 3923 2837">
    <p class='ocr_par' dir='ltr' id='par_1_70' title="bbox 2315 2766 3923 2837">
     <span class='ocr_line' id='line_1_70' title="bbox 2315 2766 3923 2837; baseline 0.004 -19"><span class='ocrx_word' id='word_1_549' title='bbox 2315 2768 2563 2820; x_wconf 81' lang='lat' dir='ltr'><strong>accinxit.</strong></span> <span class='ocrx_word' id='word_1_550' title='bbox 2603 2766 2829 2837; x_wconf 82' lang='lat' dir='ltr'><strong>Populus</strong></span> <span class='ocrx_word' id='word_1_551' title='bbox 2857 2766 3027 2821; x_wconf 82' lang='lat' dir='ltr'><strong>Israel</strong></span> <span class='ocrx_word' id='word_1_552' title='bbox 3062 2770 3189 2821; x_wconf 81' lang='lat' dir='ltr'><strong>sedit</strong></span> <span class='ocrx_word' id='word_1_553' title='bbox 3223 2772 3529 2823; x_wconf 81' lang='lat' dir='ltr'><strong>manducare</strong></span> <span class='ocrx_word' id='word_1_554' title='bbox 3555 2782 3601 2824; x_wconf 87' lang='lat' dir='ltr'><strong>et</strong></span> <span class='ocrx_word' id='word_1_555' title='bbox 3626 2772 3804 2825; x_wconf 82' lang='lat' dir='ltr'><strong>bibere</strong></span> <span class='ocrx_word' id='word_1_556' title='bbox 3828 2814 3843 2837; x_wconf 88' lang='lat'><strong>,</strong></span> <span class='ocrx_word' id='word_1_557' title='bbox 3876 2784 3923 2824; x_wconf 82' lang='lat' dir='ltr'><strong>et</strong></span> 
     </span>
    </p>
   </div>
   <div class='ocr_carea' id='block_1_71' title="bbox 2315 2856 3919 2928">
    <p class='ocr_par' dir='ltr' id='par_1_71' title="bbox 2315 2856 3919 2928">
     <span class='ocr_line' id='line_1_71' title="bbox 2315 2856 3919 2928; baseline 0.002 -19"><span class='ocrx_word' id='word_1_558' title='bbox 2315 2866 2636 2911; x_wconf 73' lang='lat' dir='ltr'><strong>surrexerunt</strong></span> <span class='ocrx_word' id='word_1_559' title='bbox 2682 2858 2855 2911; x_wconf 83' lang='lat' dir='ltr'><strong>ludere</strong></span> <span class='ocrx_word' id='word_1_560' title='bbox 2893 2858 2910 2925; x_wconf 96' lang='lat'><strong>(</strong></span> <span class='ocrx_word' id='word_1_561' title='bbox 2942 2856 3112 2911; x_wconf 78' lang='lat' dir='ltr'><strong>Exod.</strong></span> <span class='ocrx_word' id='word_1_562' title='bbox 3147 2858 3235 2913; x_wconf 73' lang='lat'><strong>&#39;52.</strong></span> <span class='ocrx_word' id='word_1_563' title='bbox 3266 2861 3365 2928; x_wconf 85' lang='lat'><strong>6).</strong></span> <span class='ocrx_word' id='word_1_564' title='bbox 3429 2859 3550 2914; x_wconf 88' lang='lat' dir='ltr'><strong>Ideo</strong></span> <span class='ocrx_word' id='word_1_565' title='bbox 3604 2863 3711 2925; x_wconf 88' lang='lat' dir='ltr'><strong>ait,</strong></span> <span class='ocrx_word' id='word_1_566' title='bbox 3759 2861 3919 2917; x_wconf 85' lang='lat' dir='ltr'><strong>Com-</strong></span> 
     </span>
    </p>
   </div>
   <div class='ocr_carea' id='block_1_72' title="bbox 2314 2949 3922 3025">
    <p class='ocr_par' dir='ltr' id='par_1_72' title="bbox 2314 2949 3922 3025">
     <span class='ocr_line' id='line_1_72' title="bbox 2314 2949 3922 3025; baseline 0.003 -24"><span class='ocrx_word' id='word_1_567' title='bbox 2314 2949 2467 3002; x_wconf 88' lang='lat' dir='ltr'><strong>edens</strong></span> <span class='ocrx_word' id='word_1_568' title='bbox 2495 2959 2543 3002; x_wconf 90' lang='lat' dir='ltr'><strong>et</strong></span> <span class='ocrx_word' id='word_1_569' title='bbox 2569 2949 2738 3003; x_wconf 85' lang='lat' dir='ltr'><strong>bibens</strong></span> <span class='ocrx_word' id='word_1_570' title='bbox 2763 2950 3030 3004; x_wconf 83' lang='lat' dir='ltr'><strong>recordare</strong></span> <span class='ocrx_word' id='word_1_571' title='bbox 3055 2950 3263 3005; x_wconf 82' lang='lat' dir='ltr'><strong>Domini</strong></span> <span class='ocrx_word' id='word_1_572' title='bbox 3292 2950 3385 3005; x_wconf 85' lang='lat' dir='ltr'><strong>Dei</strong></span> <span class='ocrx_word' id='word_1_573' title='bbox 3412 2954 3485 3006; x_wconf 85' lang='lat' dir='ltr'><strong>tui</strong></span> <span class='ocrx_word' id='word_1_574' title='bbox 3505 2951 3685 3020; x_wconf 83' lang='lat' dir='ltr'><strong>(Deut.</strong></span> <span class='ocrx_word' id='word_1_575' title='bbox 3717 2954 3773 3009; x_wconf 84' lang='lat'><strong>6.</strong></span> <span class='ocrx_word' id='word_1_576' title='bbox 3807 2955 3922 3025; x_wconf 68' lang='lat' dir='ltr'><strong>t2).</strong></span> 
     </span>
    </p>
   </div>
   <div class='ocr_carea' id='block_1_73' title="bbox 2317 3042 3925 3115">
    <p class='ocr_par' dir='ltr' id='par_1_73' title="bbox 2317 3042 3925 3115">
     <span class='ocr_line' id='line_1_73' title="bbox 2317 3042 3925 3115; baseline 0.003 -18"><span class='ocrx_word' id='word_1_577' title='bbox 2317 3042 2374 3097; x_wconf 82' lang='lat' dir='ltr'><strong>In</strong></span> <span class='ocrx_word' id='word_1_578' title='bbox 2405 3043 2750 3111; x_wconf 77' lang='lat' dir='ltr'><strong>pnecipitium</strong></span> <span class='ocrx_word' id='word_1_579' title='bbox 2791 3043 2933 3098; x_wconf 91' lang='lat' dir='ltr'><strong>enim</strong></span> <span class='ocrx_word' id='word_1_580' title='bbox 2964 3053 3223 3111; x_wconf 89' lang='lat' dir='ltr'><strong>ruerunt,</strong></span> <span class='ocrx_word' id='word_1_581' title='bbox 3257 3046 3343 3115; x_wconf 92' lang='lat' dir='ltr'><strong>qui</strong></span> <span class='ocrx_word' id='word_1_582' title='bbox 3376 3046 3427 3099; x_wconf 89' lang='lat' dir='ltr'><strong>in</strong></span> <span class='ocrx_word' id='word_1_583' title='bbox 3456 3046 3681 3102; x_wconf 88' lang='lat' dir='ltr'><strong>delicias</strong></span> <span class='ocrx_word' id='word_1_584' title='bbox 3715 3048 3925 3103; x_wconf 69' lang='lat' dir='ltr'><strong>incidi--</strong></span> 
     </span>
    </p>
   </div>
   <div class='ocr_carea' id='block_1_74' title="bbox 2316 3134 3926 3206">
    <p class='ocr_par' dir='ltr' id='par_1_74' title="bbox 2316 3134 3926 3206">
     <span class='ocr_line' id='line_1_74' title="bbox 2316 3134 3926 3206; baseline 0.003 -17"><span class='ocrx_word' id='word_1_585' title='bbox 2316 3143 2460 3189; x_wconf 91' lang='lat' dir='ltr'><strong>runt.</strong></span> <span class='ocrx_word' id='word_1_586' title='bbox 2500 3134 2687 3202; x_wconf 82' lang='lat' dir='ltr'><strong>Vidua,</strong></span> <span class='ocrx_word' id='word_1_587' title='bbox 2720 3135 2911 3205; x_wconf 85' lang='lat' dir='ltr'><strong>inquit,</strong></span> <span class='ocrx_word' id='word_1_588' title='bbox 2942 3152 3054 3206; x_wconf 73' lang='lat' dir='ltr'><strong>qua:</strong></span> <span class='ocrx_word' id='word_1_589' title='bbox 3079 3138 3133 3189; x_wconf 85' lang='lat' dir='ltr'><strong>in</strong></span> <span class='ocrx_word' id='word_1_590' title='bbox 3163 3136 3357 3191; x_wconf 82' lang='lat' dir='ltr'><strong>deliciis</strong></span> <span class='ocrx_word' id='word_1_591' title='bbox 3387 3148 3479 3204; x_wconf 83' lang='lat' dir='ltr'><strong>est,</strong></span> <span class='ocrx_word' id='word_1_592' title='bbox 3510 3138 3683 3193; x_wconf 79' lang='lat' dir='ltr'><strong>virens</strong></span> <span class='ocrx_word' id='word_1_593' title='bbox 3714 3152 3926 3194; x_wconf 82' lang='lat' dir='ltr'><strong>morum</strong></span> 
     </span>
    </p>
   </div>
   <div class='ocr_carea' id='block_1_75' title="bbox 2316 3225 3933 3301">
    <p class='ocr_par' dir='ltr' id='par_1_75' title="bbox 2316 3225 3933 3301">
     <span class='ocr_line' id='line_1_75' title="bbox 2316 3225 3933 3301; baseline 0.002 -19"><span class='ocrx_word' id='word_1_594' title='bbox 2316 3238 2387 3282; x_wconf 88' lang='lat' dir='ltr'><strong>est</strong></span> <span class='ocrx_word' id='word_1_595' title='bbox 2414 3227 2489 3301; x_wconf 80' lang='lat' dir='ltr'><strong>(l.</strong></span> <span class='ocrx_word' id='word_1_596' title='bbox 2518 3225 2654 3283; x_wconf 86' lang='lat' dir='ltr'><strong>Tim.</strong></span> <span class='ocrx_word' id='word_1_597' title='bbox 2684 3230 2737 3283; x_wconf 85' lang='lat'><strong>5.</strong></span> <span class='ocrx_word' id='word_1_598' title='bbox 2769 3228 2858 3301; x_wconf 82' lang='lat'><strong>6);</strong></span> <span class='ocrx_word' id='word_1_599' title='bbox 2891 3243 2955 3284; x_wconf 90' lang='lat' dir='ltr'><strong>ac</strong></span> <span class='ocrx_word' id='word_1_600' title='bbox 2983 3246 3216 3293; x_wconf 78' lang='lat' dir='ltr'><strong>rursum,</strong></span> <span class='ocrx_word' id='word_1_601' title='bbox 3249 3228 3625 3301; x_wconf 78' lang='lat' dir='ltr'><strong>lmpinguatus,</strong></span> <span class='ocrx_word' id='word_1_602' title='bbox 3657 3234 3933 3287; x_wconf 76' lang='lat' dir='ltr'><strong>incrassa-‘</strong></span> 
     </span>
    </p>
   </div>
   <div class='ocr_carea' id='block_1_76' title="bbox 2317 3320 3927 3393">
    <p class='ocr_par' dir='ltr' id='par_1_76' title="bbox 2317 3320 3927 3393">
     <span class='ocr_line' id='line_1_76' title="bbox 2317 3320 3927 3393; baseline 0.003 -20"><span class='ocrx_word' id='word_1_603' title='bbox 2317 3331 2397 3373; x_wconf 89' lang='lat' dir='ltr'><strong>tus</strong></span> <span class='ocrx_word' id='word_1_604' title='bbox 2420 3331 2512 3385; x_wconf 89' lang='lat' dir='ltr'><strong>est,</strong></span> <span class='ocrx_word' id='word_1_605' title='bbox 2542 3331 2587 3374; x_wconf 92' lang='lat' dir='ltr'><strong>et</strong></span> <span class='ocrx_word' id='word_1_606' title='bbox 2611 3322 2946 3375; x_wconf 81' lang='lat' dir='ltr'><strong>recalcitravit</strong></span> <span class='ocrx_word' id='word_1_607' title='bbox 2966 3321 3177 3376; x_wconf 86' lang='lat' dir='ltr'><strong>dilectus</strong></span> <span class='ocrx_word' id='word_1_608' title='bbox 3199 3320 3375 3393; x_wconf 87' lang='lat' dir='ltr'><strong>(Deut.</strong></span> <span class='ocrx_word' id='word_1_609' title='bbox 3402 3324 3489 3378; x_wconf 71' lang='lat'><strong>&#39;52.</strong></span> <span class='ocrx_word' id='word_1_610' title='bbox 3521 3324 3636 3393; x_wconf 71' lang='lat'><strong>15);</strong></span> <span class='ocrx_word' id='word_1_611' title='bbox 3671 3340 3927 3380; x_wconf 85' lang='lat' dir='ltr'><strong>rursum-</strong></span> 
     </span>
    </p>
   </div>
   <div class='ocr_carea' id='block_1_77' title="bbox 2316 3413 3928 3483">
    <p class='ocr_par' dir='ltr' id='par_1_77' title="bbox 2316 3413 3928 3483">
     <span class='ocr_line' id='line_1_77' title="bbox 2316 3413 3928 3483; baseline 0.002 -18"><span class='ocrx_word' id='word_1_612' title='bbox 2316 3428 2420 3480; x_wconf 89' lang='lat' dir='ltr'><strong>que</strong></span> <span class='ocrx_word' id='word_1_613' title='bbox 2439 3414 2720 3482; x_wconf 83' lang='lat' dir='ltr'><strong>Apostolus</strong></span> <span class='ocrx_word' id='word_1_614' title='bbox 2743 3448 2758 3473; x_wconf 86' lang='grc'>,</span> <span class='ocrx_word' id='word_1_615' title='bbox 2788 3413 2970 3467; x_wconf 83' lang='lat' dir='ltr'><strong>Carnis</strong></span> <span class='ocrx_word' id='word_1_616' title='bbox 2999 3430 3174 3466; x_wconf 83' lang='lat' dir='ltr'><strong>curam</strong></span> <span class='ocrx_word' id='word_1_617' title='bbox 3203 3430 3268 3467; x_wconf 87' lang='lat' dir='ltr'><strong>ne</strong></span> <span class='ocrx_word' id='word_1_618' title='bbox 3303 3416 3517 3483; x_wconf 71' lang='lat' dir='ltr'><strong>feceritis</strong></span> <span class='ocrx_word' id='word_1_619' title='bbox 3553 3416 3605 3467; x_wconf 82' lang='lat' dir='ltr'><strong>in</strong></span> <span class='ocrx_word' id='word_1_620' title='bbox 3648 3416 3928 3470; x_wconf 76' lang='lat' dir='ltr'><strong>desideriis</strong></span> 
     </span>
    </p>
   </div>
   <div class='ocr_carea' id='block_1_78' title="bbox 2318 3502 3928 3577">
    <p class='ocr_par' dir='ltr' id='par_1_78' title="bbox 2318 3502 3928 3577">
     <span class='ocr_line' id='line_1_78' title="bbox 2318 3502 3928 3577; baseline 0.003 -20"><span class='ocrx_word' id='word_1_621' title='bbox 2318 3502 2510 3573; x_wconf 86' lang='lat' dir='ltr'><strong>(Rom.</strong></span> <span class='ocrx_word' id='word_1_622' title='bbox 2545 3505 2631 3560; x_wconf 77' lang='lat' dir='ltr'><strong>t3.</strong></span> <span class='ocrx_word' id='word_1_623' title='bbox 2671 3504 2793 3573; x_wconf 62' lang='lat' dir='ltr'><strong>l4).</strong></span> <span class='ocrx_word' id='word_1_624' title='bbox 2834 3504 2948 3558; x_wconf 85' lang='lat' dir='ltr'><strong>Non</strong></span> <span class='ocrx_word' id='word_1_625' title='bbox 2998 3505 3169 3575; x_wconf 86' lang='lat' dir='ltr'><strong>legem</strong></span> <span class='ocrx_word' id='word_1_626' title='bbox 3217 3520 3357 3575; x_wconf 90' lang='lat' dir='ltr'><strong>pono</strong></span> <span class='ocrx_word' id='word_1_627' title='bbox 3392 3505 3661 3575; x_wconf 87' lang='lat' dir='ltr'><strong>jejunium</strong></span> <span class='ocrx_word' id='word_1_628' title='bbox 3694 3508 3710 3575; x_wconf 94' lang='lat'><strong>(</strong></span> <span class='ocrx_word' id='word_1_629' title='bbox 3742 3524 3928 3577; x_wconf 89' lang='lat' dir='ltr'><strong>neque</strong></span> 
     </span>
    </p>
   </div>
   <div class='ocr_carea' id='block_1_79' title="bbox 2317 3596 3923 3666">
    <p class='ocr_par' dir='ltr' id='par_1_79' title="bbox 2317 3596 3923 3666">
     <span class='ocr_line' id='line_1_79' title="bbox 2317 3596 3923 3666; baseline -0.001 -17"><span class='ocrx_word' id='word_1_630' title='bbox 2317 3597 2459 3650; x_wconf 89' lang='lat' dir='ltr'><strong>enim</strong></span> <span class='ocrx_word' id='word_1_631' title='bbox 2490 3596 2685 3666; x_wconf 85' lang='lat' dir='ltr'><strong>estqui</strong></span> <span class='ocrx_word' id='word_1_632' title='bbox 2714 3596 2961 3663; x_wconf 88' lang='lat' dir='ltr'><strong>audiat),</strong></span> <span class='ocrx_word' id='word_1_633' title='bbox 2994 3598 3088 3651; x_wconf 89' lang='lat' dir='ltr'><strong>sed</strong></span> <span class='ocrx_word' id='word_1_634' title='bbox 3123 3598 3448 3666; x_wconf 82' lang='lat' dir='ltr'><strong>voluptatein</strong></span> <span class='ocrx_word' id='word_1_635' title='bbox 3489 3600 3709 3652; x_wconf 78' lang='lat' dir='ltr'><strong>nimiam</strong></span> <span class='ocrx_word' id='word_1_636' title='bbox 3740 3602 3881 3654; x_wconf 82' lang='lat' dir='ltr'><strong>tollo</strong></span> <span class='ocrx_word' id='word_1_637' title='bbox 3908 3645 3923 3665; x_wconf 74' lang='grc'>,</span> 
     </span>
    </p>
   </div>
   <div class='ocr_carea' id='block_1_80' title="bbox 2317 3688 3926 3746">
    <p class='ocr_par' dir='ltr' id='par_1_80' title="bbox 2317 3688 3926 3746">
     <span class='ocr_line' id='line_1_80' title="bbox 2317 3688 3926 3746; baseline 0.003 -5"><span class='ocrx_word' id='word_1_638' title='bbox 2317 3688 2533 3743; x_wconf 82' lang='lat' dir='ltr'><strong>delicias</strong></span> <span class='ocrx_word' id='word_1_639' title='bbox 2573 3689 2829 3743; x_wconf 80' lang='lat' dir='ltr'><strong>cxscindo</strong></span> <span class='ocrx_word' id='word_1_640' title='bbox 2868 3690 2933 3743; x_wconf 85' lang='lat' dir='ltr'><strong>ad</strong></span> <span class='ocrx_word' id='word_1_641' title='bbox 2967 3690 3249 3743; x_wconf 86' lang='lat' dir='ltr'><strong>utilitatem</strong></span> <span class='ocrx_word' id='word_1_642' title='bbox 3292 3700 3523 3744; x_wconf 74' lang='lat' dir='ltr'><strong>vestiam</strong></span> <span class='ocrx_word' id='word_1_643' title='bbox 3552 3710 3562 3742; x_wconf 94' lang='lat'>:</span> <span class='ocrx_word' id='word_1_644' title='bbox 3596 3692 3745 3745; x_wconf 81' lang='lat' dir='ltr'><strong>velut</strong></span> <span class='ocrx_word' id='word_1_645' title='bbox 3772 3694 3926 3746; x_wconf 85' lang='lat' dir='ltr'><strong>enim</strong></span> 
     </span>
    </p>
   </div>
   <div class='ocr_carea' id='block_1_81' title="bbox 2320 3780 3928 3855">
    <p class='ocr_par' dir='ltr' id='par_1_81' title="bbox 2320 3780 3928 3855">
     <span class='ocr_line' id='line_1_81' title="bbox 2320 3780 3928 3855; baseline 0.004 -22"><span class='ocrx_word' id='word_1_646' title='bbox 2320 3789 2549 3843; x_wconf 91' lang='lat' dir='ltr'><strong>torrens,</strong></span> <span class='ocrx_word' id='word_1_647' title='bbox 2572 3780 2652 3835; x_wconf 92' lang='lat' dir='ltr'><strong>sic</strong></span> <span class='ocrx_word' id='word_1_648' title='bbox 2676 3781 2855 3834; x_wconf 89' lang='lat' dir='ltr'><strong>omnia</strong></span> <span class='ocrx_word' id='word_1_649' title='bbox 2881 3782 3200 3834; x_wconf 90' lang='lat' dir='ltr'><strong>snbvertunt</strong></span> <span class='ocrx_word' id='word_1_650' title='bbox 3224 3781 3429 3836; x_wconf 82' lang='lat' dir='ltr'><strong>delicia:</strong></span> <span class='ocrx_word' id='word_1_651' title='bbox 3452 3802 3466 3847; x_wconf 87' lang='lat'><strong>;</strong></span> <span class='ocrx_word' id='word_1_652' title='bbox 3501 3782 3631 3837; x_wconf 90' lang='lat' dir='ltr'><strong>nihil</strong></span> <span class='ocrx_word' id='word_1_653' title='bbox 3662 3795 3746 3837; x_wconf 89' lang='lat' dir='ltr'><strong>est</strong></span> <span class='ocrx_word' id='word_1_654' title='bbox 3773 3787 3928 3855; x_wconf 83' lang='lat' dir='ltr'><strong>quod</strong></span> 
     </span>
    </p>
   </div>
   <div class='ocr_carea' id='block_1_82' title="bbox 2319 3871 3930 3944">
    <p class='ocr_par' dir='ltr' id='par_1_82' title="bbox 2319 3871 3930 3944">
     <span class='ocr_line' id='line_1_82' title="bbox 2319 3871 3930 3944; baseline 0.006 -21"><span class='ocrx_word' id='word_1_655' title='bbox 2319 3871 2576 3939; x_wconf 92' lang='lat' dir='ltr'><strong>impediat</strong></span> <span class='ocrx_word' id='word_1_656' title='bbox 2614 3871 2765 3936; x_wconf 87' lang='lat' dir='ltr'><strong>illas;</strong></span> <span class='ocrx_word' id='word_1_657' title='bbox 2806 3887 2836 3925; x_wconf 89' lang='lat' dir='ltr'><strong>e</strong></span> <span class='ocrx_word' id='word_1_658' title='bbox 2878 3888 3043 3941; x_wconf 85' lang='lat' dir='ltr'><strong>regno</strong></span> <span class='ocrx_word' id='word_1_659' title='bbox 3082 3872 3322 3941; x_wconf 87' lang='lat' dir='ltr'><strong>ejiciunt.</strong></span> <span class='ocrx_word' id='word_1_660' title='bbox 3353 3873 3487 3939; x_wconf 90' lang='lat' dir='ltr'><strong>Quid</strong></span> <span class='ocrx_word' id='word_1_661' title='bbox 3518 3875 3795 3944; x_wconf 86' lang='lat' dir='ltr'><strong>amplius?</strong></span> <span class='ocrx_word' id='word_1_662' title='bbox 3834 3878 3930 3933; x_wconf 82' lang='lat' dir='ltr'><strong>Vis</strong></span> 
     </span>
    </p>
   </div>
   <div class='ocr_carea' id='block_1_83' title="bbox 2318 3959 3928 4030">
    <p class='ocr_par' dir='ltr' id='par_1_83' title="bbox 2318 3959 3928 4030">
     <span class='ocr_line' id='line_1_83' title="bbox 2318 3959 3928 4030; baseline 0.002 -17"><span class='ocrx_word' id='word_1_663' title='bbox 2318 3959 2593 4014; x_wconf 86' lang='lat' dir='ltr'><strong>deliciari?</strong></span> <span class='ocrx_word' id='word_1_664' title='bbox 2626 3960 2706 4014; x_wconf 86' lang='lat' dir='ltr'><strong>Da</strong></span> <span class='ocrx_word' id='word_1_665' title='bbox 2746 3962 3071 4030; x_wconf 83' lang='lat' dir='ltr'><strong>pauperibus</strong></span> <span class='ocrx_word' id='word_1_666' title='bbox 3094 4003 3110 4023; x_wconf 86' lang='lat'><em>.</em></span> <span class='ocrx_word' id='word_1_667' title='bbox 3140 3978 3273 4016; x_wconf 87' lang='lat' dir='ltr'><strong>voca</strong></span> <span class='ocrx_word' id='word_1_668' title='bbox 3314 3959 3586 4018; x_wconf 85' lang='lat' dir='ltr'><strong>Christum</strong></span> <span class='ocrx_word' id='word_1_669' title='bbox 3610 4007 3626 4027; x_wconf 84' lang='lat'><strong>,</strong></span> <span class='ocrx_word' id='word_1_670' title='bbox 3668 3976 3726 4019; x_wconf 93' lang='lat' dir='ltr'><strong>ut</strong></span> <span class='ocrx_word' id='word_1_671' title='bbox 3753 3969 3928 4021; x_wconf 86' lang='lat' dir='ltr'><strong>etiam</strong></span> 
     </span>
    </p>
   </div>
   <div class='ocr_carea' id='block_1_84' title="bbox 2318 4051 3930 4123">
    <p class='ocr_par' dir='ltr' id='par_1_84' title="bbox 2318 4051 3930 4123">
     <span class='ocr_line' id='line_1_84' title="bbox 2318 4051 3930 4123; baseline 0.005 -18"><span class='ocrx_word' id='word_1_672' title='bbox 2318 4051 2527 4105; x_wconf 87' lang='lat' dir='ltr'><strong>sublata</strong></span> <span class='ocrx_word' id='word_1_673' title='bbox 2568 4066 2752 4106; x_wconf 88' lang='lat' dir='ltr'><strong>mensa</strong></span> <span class='ocrx_word' id='word_1_674' title='bbox 2793 4052 3080 4108; x_wconf 88' lang='lat' dir='ltr'><strong>delieieris.</strong></span> <span class='ocrx_word' id='word_1_675' title='bbox 3112 4053 3265 4109; x_wconf 85' lang='lat' dir='ltr'><strong>Nunc</strong></span> <span class='ocrx_word' id='word_1_676' title='bbox 3293 4056 3437 4110; x_wconf 89' lang='lat' dir='ltr'><strong>enim</strong></span> <span class='ocrx_word' id='word_1_677' title='bbox 3468 4072 3577 4110; x_wconf 89' lang='lat' dir='ltr'><strong>non</strong></span> <span class='ocrx_word' id='word_1_678' title='bbox 3610 4056 3821 4123; x_wconf 90' lang='lat' dir='ltr'><strong>habes;</strong></span> <span class='ocrx_word' id='word_1_679' title='bbox 3854 4062 3930 4113; x_wconf 82' lang='lat' dir='ltr'><strong>ita</strong></span> 
     </span>
    </p>
   </div>
   <div class='ocr_carea' id='block_1_85' title="bbox 2318 4142 3930 4214">
    <p class='ocr_par' dir='ltr' id='par_1_85' title="bbox 2318 4142 3930 4214">
     <span class='ocr_line' id='line_1_85' title="bbox 2318 4142 3930 4214; baseline 0.006 -19"><span class='ocrx_word' id='word_1_680' title='bbox 2318 4142 2575 4212; x_wconf 65' lang='lat' dir='ltr'><strong>expedit:</strong></span> <span class='ocrx_word' id='word_1_681' title='bbox 2606 4158 2779 4212; x_wconf 90' lang='lat' dir='ltr'><strong>neque</strong></span> <span class='ocrx_word' id='word_1_682' title='bbox 2825 4144 2967 4197; x_wconf 87' lang='lat' dir='ltr'><strong>enini</strong></span> <span class='ocrx_word' id='word_1_683' title='bbox 3023 4153 3167 4198; x_wconf 87' lang='lat' dir='ltr'><strong>stant</strong></span> <span class='ocrx_word' id='word_1_684' title='bbox 3213 4146 3496 4214; x_wconf 69' lang='lat' dir='ltr'><strong>prmsentia</strong></span> <span class='ocrx_word' id='word_1_685' title='bbox 3526 4165 3539 4201; x_wconf 92' lang='lat'><strong>:</strong></span> <span class='ocrx_word' id='word_1_686' title='bbox 3573 4158 3700 4203; x_wconf 91' lang='lat' dir='ltr'><strong>tunc</strong></span> <span class='ocrx_word' id='word_1_687' title='bbox 3735 4162 3930 4205; x_wconf 87' lang='lat' dir='ltr'><strong>autem</strong></span> 
     </span>
    </p>
   </div>
   <div class='ocr_carea' id='block_1_86' title="bbox 2322 4234 3934 4300">
    <p class='ocr_par' dir='ltr' id='par_1_86' title="bbox 2322 4234 3934 4300">
     <span class='ocr_line' id='line_1_86' title="bbox 2322 4234 3934 4300; baseline 0.007 -12"><span class='ocrx_word' id='word_1_688' title='bbox 2322 4234 2565 4289; x_wconf 87' lang='lat' dir='ltr'><strong>habebis.</strong></span> <span class='ocrx_word' id='word_1_689' title='bbox 2618 4234 2709 4288; x_wconf 82' lang='lat' dir='ltr'><strong>Vis</strong></span> <span class='ocrx_word' id='word_1_690' title='bbox 2752 4236 3036 4291; x_wconf 88' lang='lat' dir='ltr'><strong>deliciari?</strong></span> <span class='ocrx_word' id='word_1_691' title='bbox 3086 4238 3181 4293; x_wconf 80' lang='lat' dir='ltr'><strong>Ale</strong></span> <span class='ocrx_word' id='word_1_692' title='bbox 3224 4240 3457 4295; x_wconf 88' lang='lat' dir='ltr'><strong>animam</strong></span> <span class='ocrx_word' id='word_1_693' title='bbox 3488 4256 3504 4295; x_wconf 90' lang='lat'>:</span> <span class='ocrx_word' id='word_1_694' title='bbox 3533 4242 3597 4296; x_wconf 90' lang='lat' dir='ltr'><strong>da</strong></span> <span class='ocrx_word' id='word_1_695' title='bbox 3644 4242 3725 4297; x_wconf 89' lang='lat' dir='ltr'><strong>illi</strong></span> <span class='ocrx_word' id='word_1_696' title='bbox 3766 4246 3934 4300; x_wconf 85' lang='lat' dir='ltr'><strong>cibos</strong></span> 
     </span>
    </p>
   </div>
   <div class='ocr_carea' id='block_1_87' title="bbox 2321 4328 3934 4404">
    <p class='ocr_par' dir='ltr' id='par_1_87' title="bbox 2321 4328 3934 4404">
     <span class='ocr_line' id='line_1_87' title="bbox 2321 4328 3934 4404; baseline 0.007 -25"><span class='ocrx_word' id='word_1_697' title='bbox 2321 4328 2517 4397; x_wconf 87' lang='lat' dir='ltr'><strong>quibus</strong></span> <span class='ocrx_word' id='word_1_698' title='bbox 2545 4328 2785 4381; x_wconf 89' lang='lat' dir='ltr'><strong>assuevit</strong></span> <span class='ocrx_word' id='word_1_699' title='bbox 2811 4345 2826 4381; x_wconf 90' lang='lat'><strong>:</strong></span> <span class='ocrx_word' id='word_1_700' title='bbox 2856 4344 2921 4383; x_wconf 90' lang='lat' dir='ltr'><strong>ne</strong></span> <span class='ocrx_word' id='word_1_701' title='bbox 2954 4330 3093 4384; x_wconf 88' lang='lat' dir='ltr'><strong>fame</strong></span> <span class='ocrx_word' id='word_1_702' title='bbox 3124 4330 3337 4386; x_wconf 91' lang='lat' dir='ltr'><strong>occidas</strong></span> <span class='ocrx_word' id='word_1_703' title='bbox 3368 4332 3533 4387; x_wconf 89' lang='lat' dir='ltr'><strong>illam.</strong></span> <span class='ocrx_word' id='word_1_704' title='bbox 3567 4334 3811 4404; x_wconf 84' lang='lat' dir='ltr'><strong>Tempus</strong></span> <span class='ocrx_word' id='word_1_705' title='bbox 3846 4352 3934 4390; x_wconf 79' lang='lat' dir='ltr'><strong>cst</strong></span> 
     </span>
    </p>
   </div>
   <div class='ocr_carea' id='block_1_88' title="bbox 2322 4421 3936 4490">
    <p class='ocr_par' dir='ltr' id='par_1_88' title="bbox 2322 4421 3936 4490">
     <span class='ocr_line' id='line_1_88' title="bbox 2322 4421 3936 4490; baseline 0.006 -17"><span class='ocrx_word' id='word_1_706' title='bbox 2322 4421 2445 4474; x_wconf 89' lang='lat' dir='ltr'><strong>belli</strong></span> <span class='ocrx_word' id='word_1_707' title='bbox 2489 4429 2540 4473; x_wconf 87' lang='lat' dir='ltr'><strong>et</strong></span> <span class='ocrx_word' id='word_1_708' title='bbox 2589 4434 2797 4490; x_wconf 68' lang='lat' dir='ltr'><strong>pugnae,</strong></span> <span class='ocrx_word' id='word_1_709' title='bbox 2827 4430 2883 4475; x_wconf 91' lang='lat' dir='ltr'><strong>tu</strong></span> <span class='ocrx_word' id='word_1_710' title='bbox 2913 4437 3036 4477; x_wconf 85' lang='lat' dir='ltr'><strong>vero</strong></span> <span class='ocrx_word' id='word_1_711' title='bbox 3074 4423 3232 4478; x_wconf 80' lang='lat' dir='ltr'><strong>sedes</strong></span> <span class='ocrx_word' id='word_1_712' title='bbox 3273 4425 3325 4478; x_wconf 90' lang='lat' dir='ltr'><strong>in</strong></span> <span class='ocrx_word' id='word_1_713' title='bbox 3347 4424 3595 4480; x_wconf 78' lang='lat' dir='ltr'><strong>deliciis?</strong></span> <span class='ocrx_word' id='word_1_714' title='bbox 3623 4426 3741 4481; x_wconf 82' lang='lat' dir='ltr'><strong>Non</strong></span> <span class='ocrx_word' id='word_1_715' title='bbox 3767 4430 3936 4484; x_wconf 73' lang='lat' dir='ltr'><strong>vides</strong></span> 
     </span>
    </p>
   </div>
   <div class='ocr_carea' id='block_1_89' title="bbox 2321 4511 3939 4586">
    <p class='ocr_par' dir='ltr' id='par_1_89' title="bbox 2321 4511 3939 4586">
     <span class='ocr_line' id='line_1_89' title="bbox 2321 4511 3939 4586; baseline 0.002 -21"><span class='ocrx_word' id='word_1_716' title='bbox 2321 4526 2416 4566; x_wconf 89' lang='lat' dir='ltr'><strong>eos</strong></span> <span class='ocrx_word' id='word_1_717' title='bbox 2445 4511 2535 4581; x_wconf 88' lang='lat' dir='ltr'><strong>qui</strong></span> <span class='ocrx_word' id='word_1_718' title='bbox 2575 4522 2782 4581; x_wconf 88' lang='lat' dir='ltr'><strong>sceptra</strong></span> <span class='ocrx_word' id='word_1_719' title='bbox 2816 4522 3038 4578; x_wconf 91' lang='lat' dir='ltr'><strong>tenent,</strong></span> <span class='ocrx_word' id='word_1_720' title='bbox 3071 4514 3122 4567; x_wconf 92' lang='lat' dir='ltr'><strong>in</strong></span> <span class='ocrx_word' id='word_1_721' title='bbox 3154 4516 3391 4569; x_wconf 77' lang='lat' dir='ltr'><strong>exercitu</strong></span> <span class='ocrx_word' id='word_1_722' title='bbox 3435 4515 3709 4586; x_wconf 85' lang='lat' dir='ltr'><strong>frugaliter</strong></span> <span class='ocrx_word' id='word_1_723' title='bbox 3737 4520 3939 4575; x_wconf 61' lang='grc' dir='ltr'><strong>κίνει»-</strong></span> 
     </span>
    </p>
   </div>
   <div class='ocr_carea' id='block_1_90' title="bbox 2323 4601 3937 4675">
    <p class='ocr_par' dir='ltr' id='par_1_90' title="bbox 2323 4601 3937 4675">
     <span class='ocr_line' id='line_1_90' title="bbox 2323 4601 3937 4675; baseline 0.005 -19"><span class='ocrx_word' id='word_1_724' title='bbox 2323 4613 2422 4656; x_wconf 85' lang='lat' dir='ltr'><strong>les.</strong></span> <span class='ocrx_word' id='word_1_725' title='bbox 2459 4601 2582 4656; x_wconf 84' lang='lat' dir='ltr'><strong>Non</strong></span> <span class='ocrx_word' id='word_1_726' title='bbox 2618 4614 2689 4657; x_wconf 86' lang='lat' dir='ltr'><strong>est</strong></span> <span class='ocrx_word' id='word_1_727' title='bbox 2718 4604 2860 4657; x_wconf 88' lang='lat' dir='ltr'><strong>nobis</strong></span> <span class='ocrx_word' id='word_1_728' title='bbox 2892 4604 3025 4657; x_wconf 88' lang='lat' dir='ltr'><strong>lucta</strong></span> <span class='ocrx_word' id='word_1_729' title='bbox 3052 4605 3292 4659; x_wconf 78' lang='lat' dir='ltr'><strong>adversus</strong></span> <span class='ocrx_word' id='word_1_730' title='bbox 3318 4608 3613 4675; x_wconf 83' lang='lat' dir='ltr'><strong>sanguinem</strong></span> <span class='ocrx_word' id='word_1_731' title='bbox 3641 4620 3687 4661; x_wconf 82' lang='lat' dir='ltr'><strong>et</strong></span> <span class='ocrx_word' id='word_1_732' title='bbox 3714 4626 3937 4664; x_wconf 63' lang='lat' dir='ltr'><strong>corneo:</strong></span> 
     </span>
    </p>
   </div>
   <div class='ocr_carea' id='block_1_91' title="bbox 2322 4693 3933 4770">
    <p class='ocr_par' dir='ltr' id='par_1_91' title="bbox 2322 4693 3933 4770">
     <span class='ocr_line' id='line_1_91' title="bbox 2322 4693 3933 4770; baseline 0.005 -23"><span class='ocrx_word' id='word_1_733' title='bbox 2322 4695 2340 4761; x_wconf 90' lang='lat'><strong>(</strong></span> <span class='ocrx_word' id='word_1_734' title='bbox 2369 4694 2561 4765; x_wconf 80' lang='lat' dir='ltr'><strong>Epltes.</strong></span> <span class='ocrx_word' id='word_1_735' title='bbox 2603 4694 2656 4748; x_wconf 83' lang='grc'><strong>6.</strong></span> <span class='ocrx_word' id='word_1_736' title='bbox 2698 4696 2762 4748; x_wconf 67' lang='lat' dir='ltr'><strong>li</strong></span> <span class='ocrx_word' id='word_1_737' title='bbox 2783 4693 2841 4763; x_wconf 91' lang='lat'><strong>);</strong></span> <span class='ocrx_word' id='word_1_738' title='bbox 2879 4706 2931 4749; x_wconf 92' lang='lat' dir='ltr'><strong>tn</strong></span> <span class='ocrx_word' id='word_1_739' title='bbox 2962 4712 3093 4749; x_wconf 86' lang='lat' dir='ltr'><strong>vero</strong></span> <span class='ocrx_word' id='word_1_740' title='bbox 3125 4706 3180 4749; x_wconf 92' lang='lat' dir='ltr'><strong>te</strong></span> <span class='ocrx_word' id='word_1_741' title='bbox 3212 4697 3512 4768; x_wconf 89' lang='lat' dir='ltr'><strong>impingnas</strong></span> <span class='ocrx_word' id='word_1_742' title='bbox 3541 4710 3886 4770; x_wconf 67' lang='lat' dir='ltr'><strong>pugnaturus</strong></span> <span class='ocrx_word' id='word_1_743' title='bbox 3908 4705 3933 4755; x_wconf 66' lang='grc' dir='ltr'><strong>ἲ</strong></span> 
     </span>
    </p>
   </div>
   <div class='ocr_carea' id='block_1_92' title="bbox 2326 4788 3937 4857">
    <p class='ocr_par' dir='ltr' id='par_1_92' title="bbox 2326 4788 3937 4857">
     <span class='ocr_line' id='line_1_92' title="bbox 2326 4788 3937 4857; baseline 0.006 -16"><span class='ocrx_word' id='word_1_744' title='bbox 2326 4788 2583 4842; x_wconf 83' lang='lat' dir='ltr'><strong>Dentibus</strong></span> <span class='ocrx_word' id='word_1_745' title='bbox 2627 4789 2859 4842; x_wconf 89' lang='lat' dir='ltr'><strong>stridens</strong></span> <span class='ocrx_word' id='word_1_746' title='bbox 2901 4798 3009 4842; x_wconf 90' lang='lat' dir='ltr'><strong>stat</strong></span> <span class='ocrx_word' id='word_1_747' title='bbox 3053 4790 3427 4857; x_wconf 76' lang='lat' dir='ltr'><strong>ailvetsarins;</strong></span> <span class='ocrx_word' id='word_1_748' title='bbox 3475 4802 3527 4846; x_wconf 92' lang='lat' dir='ltr'><strong>tu</strong></span> <span class='ocrx_word' id='word_1_749' title='bbox 3560 4809 3686 4847; x_wconf 88' lang='lat' dir='ltr'><strong>vero</strong></span> <span class='ocrx_word' id='word_1_750' title='bbox 3716 4795 3937 4850; x_wconf 72' lang='lat' dir='ltr'><strong>effusos</strong></span> 
     </span>
    </p>
   </div>
   <div class='ocr_carea' id='block_1_93' title="bbox 2322 4881 3932 4946">
    <p class='ocr_par' dir='ltr' id='par_1_93' title="bbox 2322 4881 3932 4946">
     <span class='ocr_line' id='line_1_93' title="bbox 2322 4881 3932 4946; baseline 0.008 -13"><span class='ocrx_word' id='word_1_751' title='bbox 2322 4898 2381 4935; x_wconf 86' lang='lat' dir='ltr'><strong>es</strong></span> <span class='ocrx_word' id='word_1_752' title='bbox 2410 4890 2462 4933; x_wconf 79' lang='lat' dir='ltr'><strong>et</strong></span> <span class='ocrx_word' id='word_1_753' title='bbox 2493 4895 2689 4935; x_wconf 76' lang='lat' dir='ltr'><strong>mensa:</strong></span> <span class='ocrx_word' id='word_1_754' title='bbox 2719 4881 2980 4935; x_wconf 89' lang='lat' dir='ltr'><strong>addictus.</strong></span> <span class='ocrx_word' id='word_1_755' title='bbox 3016 4882 3144 4935; x_wconf 76' lang='lat' dir='ltr'><strong>Scio</strong></span> <span class='ocrx_word' id='word_1_756' title='bbox 3185 4898 3269 4938; x_wconf 92' lang='lat' dir='ltr'><strong>me</strong></span> <span class='ocrx_word' id='word_1_757' title='bbox 3310 4883 3426 4940; x_wconf 68' lang='lat' dir='ltr'><strong>haec</strong></span> <span class='ocrx_word' id='word_1_758' title='bbox 3467 4884 3663 4940; x_wconf 84' lang='lat' dir='ltr'><strong>frustra</strong></span> <span class='ocrx_word' id='word_1_759' title='bbox 3692 4886 3892 4944; x_wconf 86' lang='lat' dir='ltr'><strong>dicere</strong></span> <span class='ocrx_word' id='word_1_760' title='bbox 3920 4933 3932 4946; x_wconf 88' lang='lat'><strong>.</strong></span> 
     </span>
    </p>
   </div>
   <div class='ocr_carea' id='block_1_94' title="bbox 2323 4972 3939 5043">
    <p class='ocr_par' dir='ltr' id='par_1_94' title="bbox 2323 4972 3939 5043">
     <span class='ocr_line' id='line_1_94' title="bbox 2323 4972 3939 5043; baseline 0.006 -17"><span class='ocrx_word' id='word_1_761' title='bbox 2323 4972 2417 5026; x_wconf 91' lang='lat' dir='ltr'><strong>sed</strong></span> <span class='ocrx_word' id='word_1_762' title='bbox 2458 4988 2563 5026; x_wconf 90' lang='lat' dir='ltr'><strong>non</strong></span> <span class='ocrx_word' id='word_1_763' title='bbox 2601 4974 2872 5029; x_wconf 87' lang='lat' dir='ltr'><strong>omnibus.</strong></span> <span class='ocrx_word' id='word_1_764' title='bbox 2917 4972 3016 5039; x_wconf 79' lang='lat' dir='ltr'><strong>Qui</strong></span> <span class='ocrx_word' id='word_1_765' title='bbox 3052 4974 3196 5029; x_wconf 79' lang='lat' dir='ltr'><strong>habet</strong></span> <span class='ocrx_word' id='word_1_766' title='bbox 3231 4992 3378 5030; x_wconf 85' lang='lat' dir='ltr'><strong>aures</strong></span> <span class='ocrx_word' id='word_1_767' title='bbox 3414 4979 3696 5043; x_wconf 87' lang='lat' dir='ltr'><strong>audiendi,</strong></span> <span class='ocrx_word' id='word_1_768' title='bbox 3739 4984 3939 5036; x_wconf 82' lang='lat' dir='ltr'><strong>audiat</strong></span> 
     </span>
    </p>
   </div>
   <div class='ocr_carea' id='block_1_95' title="bbox 2324 5066 3935 5142">
    <p class='ocr_par' dir='ltr' id='par_1_95' title="bbox 2324 5066 3935 5142">
     <span class='ocr_line' id='line_1_95' title="bbox 2324 5066 3935 5142; baseline 0.006 -24"><span class='ocrx_word' id='word_1_769' title='bbox 2324 5066 2470 5135; x_wconf 87' lang='lat' dir='ltr'><strong>(Luc.</strong></span> <span class='ocrx_word' id='word_1_770' title='bbox 2499 5070 2551 5123; x_wconf 87' lang='lat'><strong>8.</strong></span> <span class='ocrx_word' id='word_1_771' title='bbox 2581 5070 2655 5140; x_wconf 89' lang='lat'><strong>8).</strong></span> <span class='ocrx_word' id='word_1_772' title='bbox 2687 5067 2932 5121; x_wconf 86' lang='lat' dir='ltr'><strong>Christus</strong></span> <span class='ocrx_word' id='word_1_773' title='bbox 2961 5068 3099 5123; x_wconf 88' lang='lat' dir='ltr'><strong>fame</strong></span> <span class='ocrx_word' id='word_1_774' title='bbox 3129 5070 3385 5136; x_wconf 84' lang='lat' dir='ltr'><strong>tabescit;</strong></span> <span class='ocrx_word' id='word_1_775' title='bbox 3410 5081 3463 5125; x_wconf 92' lang='lat' dir='ltr'><strong>et</strong></span> <span class='ocrx_word' id='word_1_776' title='bbox 3490 5082 3541 5125; x_wconf 92' lang='lat' dir='ltr'><strong>tu</strong></span> <span class='ocrx_word' id='word_1_777' title='bbox 3568 5088 3675 5139; x_wconf 78' lang='lat' dir='ltr'><strong>pra:</strong></span> <span class='ocrx_word' id='word_1_778' title='bbox 3695 5080 3935 5142; x_wconf 82' lang='lat' dir='ltr'><strong>crapula</strong></span> 
     </span>
    </p>
   </div>
   <div class='ocr_carea' id='block_1_96' title="bbox 2323 5159 3935 5229">
    <p class='ocr_par' dir='ltr' id='par_1_96' title="bbox 2323 5159 3935 5229">
     <span class='ocr_line' id='line_1_96' title="bbox 2323 5159 3935 5229; baseline 0.006 -18"><span class='ocrx_word' id='word_1_779' title='bbox 2323 5159 2681 5229; x_wconf 85' lang='lat' dir='ltr'><strong>dirumperis:</strong></span> <span class='ocrx_word' id='word_1_780' title='bbox 2709 5160 2816 5212; x_wconf 93' lang='lat' dir='ltr'><strong>duo</strong></span> <span class='ocrx_word' id='word_1_781' title='bbox 2845 5159 2959 5213; x_wconf 89' lang='lat' dir='ltr'><strong>sine</strong></span> <span class='ocrx_word' id='word_1_782' title='bbox 2988 5176 3235 5214; x_wconf 88' lang='lat' dir='ltr'><strong>mensura</strong></span> <span class='ocrx_word' id='word_1_783' title='bbox 3264 5171 3408 5215; x_wconf 89' lang='lat' dir='ltr'><strong>sunt.</strong></span> <span class='ocrx_word' id='word_1_784' title='bbox 3442 5162 3578 5228; x_wconf 84' lang='lat' dir='ltr'><strong>Quid</strong></span> <span class='ocrx_word' id='word_1_785' title='bbox 3612 5164 3755 5217; x_wconf 87' lang='lat' dir='ltr'><strong>enim</strong></span> <span class='ocrx_word' id='word_1_786' title='bbox 3795 5169 3935 5220; x_wconf 87' lang='lat' dir='ltr'><strong>mali</strong></span> 
     </span>
    </p>
   </div>
   <div class='ocr_carea' id='block_1_97' title="bbox 2325 5250 3939 5326">
    <p class='ocr_par' dir='ltr' id='par_1_97' title="bbox 2325 5250 3939 5326">
     <span class='ocr_line' id='line_1_97' title="bbox 2325 5250 3939 5326; baseline 0.006 -22"><span class='ocrx_word' id='word_1_787' title='bbox 2325 5268 2429 5304; x_wconf 79' lang='lat' dir='ltr'><strong>non</strong></span> <span class='ocrx_word' id='word_1_788' title='bbox 2450 5252 2658 5319; x_wconf 88' lang='lat' dir='ltr'><strong>pariunt</strong></span> <span class='ocrx_word' id='word_1_789' title='bbox 2680 5250 2886 5305; x_wconf 83' lang='lat' dir='ltr'><strong>delicia:</strong></span> <span class='ocrx_word' id='word_1_790' title='bbox 2909 5251 3025 5321; x_wconf 86' lang='lat' dir='ltr'><strong>?(a)</strong></span> <span class='ocrx_word' id='word_1_791' title='bbox 3048 5250 3183 5323; x_wconf 80' lang='lat' dir='ltr'><strong>[Sibi</strong></span> <span class='ocrx_word' id='word_1_792' title='bbox 3206 5252 3332 5321; x_wconf 79' lang='lat' dir='ltr'><strong>ipsis</strong></span> <span class='ocrx_word' id='word_1_793' title='bbox 3350 5254 3702 5308; x_wconf 67' lang='lat' dir='ltr'><strong>adversantur</strong></span> <span class='ocrx_word' id='word_1_794' title='bbox 3722 5254 3760 5326; x_wconf 70' lang='grc' dir='ltr'>ι]</span> <span class='ocrx_word' id='word_1_795' title='bbox 3778 5259 3939 5312; x_wconf 85' lang='lat' dir='ltr'><strong>unde</strong></span> 
     </span>
    </p>
   </div>
   <div class='ocr_carea' id='block_1_98' title="bbox 2324 5335 3931 5418">
    <p class='ocr_par' dir='ltr' id='par_1_98' title="bbox 2324 5335 3931 5418">
     <span class='ocr_line' id='line_1_98' title="bbox 2324 5335 3931 5418; baseline 0.007 -23"><span class='ocrx_word' id='word_1_796' title='bbox 2324 5346 2504 5398; x_wconf 83' lang='lat' dir='ltr'><strong>nescio</strong></span> <span class='ocrx_word' id='word_1_797' title='bbox 2532 5344 2801 5413; x_wconf 86' lang='lat' dir='ltr'><strong>quomodo</strong></span> <span class='ocrx_word' id='word_1_798' title='bbox 2838 5344 2937 5399; x_wconf 90' lang='lat' dir='ltr'><strong>hoc</strong></span> <span class='ocrx_word' id='word_1_799' title='bbox 2972 5361 3164 5400; x_wconf 89' lang='lat' dir='ltr'><strong>nomen</strong></span> <span class='ocrx_word' id='word_1_800' title='bbox 3193 5346 3396 5400; x_wconf 74' lang='lat' dir='ltr'><strong>sortita:</strong></span> <span class='ocrx_word' id='word_1_801' title='bbox 3423 5348 3565 5411; x_wconf 88' lang='lat' dir='ltr'><strong>sint;</strong></span> <span class='ocrx_word' id='word_1_802' title='bbox 3596 5349 3690 5402; x_wconf 91' lang='lat' dir='ltr'><strong>sed</strong></span> <span class='ocrx_word' id='word_1_803' title='bbox 3719 5335 3931 5418; x_wconf 68' lang='lat' dir='ltr'><strong>«fucin-</strong></span> 
     </span>
    </p>
   </div>
   <div class='ocr_carea' id='block_1_99' title="bbox 2321 5438 3941 5512">
    <p class='ocr_par' dir='ltr' id='par_1_99' title="bbox 2321 5438 3941 5512">
     <span class='ocr_line' id='line_1_99' title="bbox 2321 5438 3941 5512; baseline 0.005 -21"><span class='ocrx_word' id='word_1_804' title='bbox 2321 5439 2607 5494; x_wconf 87' lang='lat' dir='ltr'><strong>admodum</strong></span> <span class='ocrx_word' id='word_1_805' title='bbox 2638 5448 2693 5493; x_wconf 91' lang='lat' dir='ltr'><strong>et</strong></span> <span class='ocrx_word' id='word_1_806' title='bbox 2721 5438 2885 5508; x_wconf 88' lang='lat' dir='ltr'><strong>gloria</strong></span> <span class='ocrx_word' id='word_1_807' title='bbox 2925 5455 3043 5508; x_wconf 82' lang='lat' dir='ltr'><strong>qua:</strong></span> <span class='ocrx_word' id='word_1_808' title='bbox 3074 5449 3158 5494; x_wconf 90' lang='lat' dir='ltr'><strong>est</strong></span> <span class='ocrx_word' id='word_1_809' title='bbox 3194 5440 3409 5497; x_wconf 86' lang='lat' dir='ltr'><strong>infamia</strong></span> <span class='ocrx_word' id='word_1_810' title='bbox 3436 5484 3448 5503; x_wconf 87' lang='lat'><strong>,</strong></span> <span class='ocrx_word' id='word_1_811' title='bbox 3480 5452 3535 5497; x_wconf 90' lang='lat' dir='ltr'><strong>et</strong></span> <span class='ocrx_word' id='word_1_812' title='bbox 3562 5441 3766 5497; x_wconf 73' lang='lat' dir='ltr'><strong>divitia:</strong></span> <span class='ocrx_word' id='word_1_813' title='bbox 3804 5464 3941 5512; x_wconf 71' lang='lat' dir='ltr'><strong>qua:</strong></span> 
     </span>
    </p>
   </div>
   <div class='ocr_carea' id='block_1_100' title="bbox 2322 5530 3941 5607">
    <p class='ocr_par' dir='ltr' id='par_1_100' title="bbox 2322 5530 3941 5607">
     <span class='ocr_line' id='line_1_100' title="bbox 2322 5530 3941 5607; baseline 0.006 -23"><span class='ocrx_word' id='word_1_814' title='bbox 2322 5543 2445 5585; x_wconf 91' lang='lat' dir='ltr'><strong>sunt</strong></span> <span class='ocrx_word' id='word_1_815' title='bbox 2484 5539 2767 5601; x_wconf 86' lang='lat' dir='ltr'><strong>paupertas</strong></span> <span class='ocrx_word' id='word_1_816' title='bbox 2792 5571 2807 5595; x_wconf 94' lang='lat'><strong>,</strong></span> <span class='ocrx_word' id='word_1_817' title='bbox 2846 5530 2915 5584; x_wconf 89' lang='lat' dir='ltr'><strong>ita</strong></span> <span class='ocrx_word' id='word_1_818' title='bbox 2952 5531 3109 5585; x_wconf 79' lang='lat' dir='ltr'><strong>dictze</strong></span> <span class='ocrx_word' id='word_1_819' title='bbox 3145 5542 3270 5586; x_wconf 91' lang='lat' dir='ltr'><strong>sunt</strong></span> <span class='ocrx_word' id='word_1_820' title='bbox 3300 5552 3311 5587; x_wconf 92' lang='lat'>:</span> <span class='ocrx_word' id='word_1_821' title='bbox 3343 5534 3421 5588; x_wconf 90' lang='lat' dir='ltr'><strong>sic</strong></span> <span class='ocrx_word' id='word_1_822' title='bbox 3454 5545 3507 5589; x_wconf 89' lang='lat' dir='ltr'><strong>et</strong></span> <span class='ocrx_word' id='word_1_823' title='bbox 3546 5534 3756 5590; x_wconf 84' lang='lat' dir='ltr'><strong>delicia:</strong></span> <span class='ocrx_word' id='word_1_824' title='bbox 3801 5554 3941 5607; x_wconf 63' lang='lat' dir='ltr'><strong>qua:</strong></span> 
     </span>
    </p>
   </div>
   <div class='ocr_carea' id='block_1_101' title="bbox 2322 5619 3939 5695">
    <p class='ocr_par' dir='ltr' id='par_1_101' title="bbox 2322 5619 3939 5695">
     <span class='ocr_line' id='line_1_101' title="bbox 2322 5619 3939 5695; baseline 0.006 -18"><span class='ocrx_word' id='word_1_825' title='bbox 2322 5634 2447 5678; x_wconf 87' lang='lat' dir='ltr'><strong>Sunt</strong></span> <span class='ocrx_word' id='word_1_826' title='bbox 2488 5622 2766 5677; x_wconf 77' lang='lat' dir='ltr'><strong>ttiolcsti.t:.</strong></span> <span class='ocrx_word' id='word_1_827' title='bbox 2798 5619 2937 5678; x_wconf 78' lang='lat' dir='ltr'><strong>Num</strong></span> <span class='ocrx_word' id='word_1_828' title='bbox 2978 5622 3287 5677; x_wconf 87' lang='lat' dir='ltr'><strong>immolandi</strong></span> <span class='ocrx_word' id='word_1_829' title='bbox 3326 5640 3511 5679; x_wconf 86' lang='lat' dir='ltr'><strong>sumus</strong></span> <span class='ocrx_word' id='word_1_830' title='bbox 3536 5666 3549 5688; x_wconf 90' lang='lat'><strong>,</strong></span> <span class='ocrx_word' id='word_1_831' title='bbox 3580 5628 3671 5695; x_wconf 86' lang='lat' dir='ltr'><strong>qui</strong></span> <span class='ocrx_word' id='word_1_832' title='bbox 3707 5642 3815 5683; x_wconf 66' lang='lat' dir='ltr'><strong>nos</strong></span> <span class='ocrx_word' id='word_1_833' title='bbox 3861 5632 3939 5687; x_wconf 78' lang='lat' dir='ltr'><strong>ila</strong></span> 
     </span>
    </p>
   </div>
   <div class='ocr_carea' id='block_1_102' title="bbox 635 4232 2210 4311">
    <p class='ocr_par' dir='ltr' id='par_1_102' title="bbox 635 4232 2210 4311">
     <span class='ocr_line' id='line_1_102' title="bbox 635 4232 2210 4311; baseline 0.008 -26"><span class='ocrx_word' id='word_1_834' title='bbox 635 4243 820 4286; x_wconf 89' lang='lat' dir='ltr'><strong>natura</strong></span> <span class='ocrx_word' id='word_1_835' title='bbox 849 4232 1121 4289; x_wconf 81' lang='lat' dir='ltr'><strong>deﬁnitam</strong></span> <span class='ocrx_word' id='word_1_836' title='bbox 1151 4234 1332 4301; x_wconf 86' lang='lat' dir='ltr'><strong>edant,</strong></span> <span class='ocrx_word' id='word_1_837' title='bbox 1364 4244 1479 4291; x_wconf 90' lang='lat' dir='ltr'><strong>toto</strong></span> <span class='ocrx_word' id='word_1_838' title='bbox 1500 4251 1727 4306; x_wconf 88' lang='lat' dir='ltr'><strong>corpore</strong></span> <span class='ocrx_word' id='word_1_839' title='bbox 1746 4251 2165 4311; x_wconf 90' lang='lat' dir='ltr'><strong>corrumpuntur</strong></span> <span class='ocrx_word' id='word_1_840' title='bbox 2196 4262 2210 4297; x_wconf 92' lang='lat'><strong>:</strong></span> 
     </span>
    </p>
   </div>
   <div class='ocr_carea' id='block_1_103' title="bbox 633 4324 2213 4401">
    <p class='ocr_par' dir='ltr' id='par_1_103' title="bbox 633 4324 2213 4401">
     <span class='ocr_line' id='line_1_103' title="bbox 633 4324 2213 4401; baseline 0.008 -25"><span class='ocrx_word' id='word_1_841' title='bbox 633 4332 833 4393; x_wconf 89' lang='lat' dir='ltr'><strong>quanto</strong></span> <span class='ocrx_word' id='word_1_842' title='bbox 862 4326 1029 4395; x_wconf 89' lang='lat' dir='ltr'><strong>magis</strong></span> <span class='ocrx_word' id='word_1_843' title='bbox 1054 4326 1188 4379; x_wconf 84' lang='lat' dir='ltr'><strong>nos?</strong></span> <span class='ocrx_word' id='word_1_844' title='bbox 1233 4324 1355 4381; x_wconf 92' lang='lat' dir='ltr'><strong>ldeo</strong></span> <span class='ocrx_word' id='word_1_845' title='bbox 1384 4327 1536 4382; x_wconf 88' lang='lat' dir='ltr'><strong>nobis</strong></span> <span class='ocrx_word' id='word_1_846' title='bbox 1564 4329 1703 4384; x_wconf 87' lang='lat' dir='ltr'><strong>Deus</strong></span> <span class='ocrx_word' id='word_1_847' title='bbox 1752 4341 2033 4401; x_wconf 85' lang='lat' dir='ltr'><strong>angustum</strong></span> <span class='ocrx_word' id='word_1_848' title='bbox 2087 4350 2213 4390; x_wconf 83' lang='lat' dir='ltr'><strong>ven-</strong></span> 
     </span>
    </p>
   </div>
   <div class='ocr_carea' id='block_1_104' title="bbox 636 4417 2213 4495">
    <p class='ocr_par' dir='ltr' id='par_1_104' title="bbox 636 4417 2213 4495">
     <span class='ocr_line' id='line_1_104' title="bbox 636 4417 2213 4495; baseline 0.01 -26"><span class='ocrx_word' id='word_1_849' title='bbox 636 4427 770 4470; x_wconf 91' lang='lat' dir='ltr'><strong>trem</strong></span> <span class='ocrx_word' id='word_1_850' title='bbox 801 4417 982 4481; x_wconf 89' lang='lat' dir='ltr'><strong>dedit;</strong></span> <span class='ocrx_word' id='word_1_851' title='bbox 1018 4417 1137 4472; x_wconf 88' lang='lat' dir='ltr'><strong>ideo</strong></span> <span class='ocrx_word' id='word_1_852' title='bbox 1164 4433 1381 4487; x_wconf 87' lang='lat' dir='ltr'><strong>parvam</strong></span> <span class='ocrx_word' id='word_1_853' title='bbox 1414 4420 1507 4473; x_wconf 88' lang='lat' dir='ltr'><strong>tibi</strong></span> <span class='ocrx_word' id='word_1_854' title='bbox 1535 4437 1838 4478; x_wconf 87' lang='lat' dir='ltr'><strong>mensuram</strong></span> <span class='ocrx_word' id='word_1_855' title='bbox 1865 4426 2127 4495; x_wconf 85' lang='lat' dir='ltr'><strong>definivit,</strong></span> <span class='ocrx_word' id='word_1_856' title='bbox 2157 4438 2213 4484; x_wconf 88' lang='lat' dir='ltr'><strong>ut</strong></span> 
     </span>
    </p>
   </div>
   <div class='ocr_carea' id='block_1_105' title="bbox 633 4509 1607 4581">
    <p class='ocr_par' dir='ltr' id='par_1_105' title="bbox 633 4509 1607 4581">
     <span class='ocr_line' id='line_1_105' title="bbox 633 4509 1607 4581; baseline 0.004 -18"><span class='ocrx_word' id='word_1_857' title='bbox 633 4509 849 4564; x_wconf 87' lang='lat' dir='ltr'><strong>doceret</strong></span> <span class='ocrx_word' id='word_1_858' title='bbox 875 4512 1105 4565; x_wconf 82' lang='lat' dir='ltr'><strong>animam</strong></span> <span class='ocrx_word' id='word_1_859' title='bbox 1136 4514 1311 4566; x_wconf 88' lang='lat' dir='ltr'><strong>curari</strong></span> <span class='ocrx_word' id='word_1_860' title='bbox 1339 4523 1607 4581; x_wconf 90' lang='lat' dir='ltr'><strong>oportere.</strong></span> 
     </span>
    </p>
   </div>
   <div class='ocr_carea' id='block_1_106' title="bbox 707 4600 2210 4676">
    <p class='ocr_par' dir='ltr' id='par_1_106' title="bbox 707 4600 2210 4676">
     <span class='ocr_line' id='line_1_106' title="bbox 707 4600 2210 4676; baseline 0.011 -24"><span class='ocrx_word' id='word_1_861' title='bbox 707 4601 759 4653; x_wconf 80' lang='lat'><strong>3.</strong></span> <span class='ocrx_word' id='word_1_862' title='bbox 791 4600 1202 4657; x_wconf 85' lang='lat' dir='ltr'><strong>Consideremus</strong></span> <span class='ocrx_word' id='word_1_863' title='bbox 1239 4604 1407 4672; x_wconf 82' lang='lat' dir='ltr'><strong>ipsum</strong></span> <span class='ocrx_word' id='word_1_864' title='bbox 1450 4607 1889 4663; x_wconf 88' lang='lat' dir='ltr'><strong>constitutionem</strong></span> <span class='ocrx_word' id='word_1_865' title='bbox 1936 4622 2173 4667; x_wconf 88' lang='lat' dir='ltr'><strong>nostram</strong></span> <span class='ocrx_word' id='word_1_866' title='bbox 2196 4657 2210 4676; x_wconf 88' lang='lat'><strong>,</strong></span> 
     </span>
    </p>
   </div>
   <div class='ocr_carea' id='block_1_107' title="bbox 636 4690 2213 4763">
    <p class='ocr_par' dir='ltr' id='par_1_107' title="bbox 636 4690 2213 4763">
     <span class='ocr_line' id='line_1_107' title="bbox 636 4690 2213 4763; baseline 0.011 -20"><span class='ocrx_word' id='word_1_867' title='bbox 636 4700 691 4743; x_wconf 88' lang='lat' dir='ltr'><strong>et</strong></span> <span class='ocrx_word' id='word_1_868' title='bbox 716 4690 1010 4746; x_wconf 82' lang='lat' dir='ltr'><strong>videbimus</strong></span> <span class='ocrx_word' id='word_1_869' title='bbox 1036 4708 1198 4746; x_wconf 89' lang='lat' dir='ltr'><strong>unam</strong></span> <span class='ocrx_word' id='word_1_870' title='bbox 1231 4695 1540 4763; x_wconf 89' lang='lat' dir='ltr'><strong>particulam</strong></span> <span class='ocrx_word' id='word_1_871' title='bbox 1569 4696 1620 4751; x_wconf 92' lang='lat' dir='ltr'><strong>in</strong></span> <span class='ocrx_word' id='word_1_872' title='bbox 1665 4698 1817 4753; x_wconf 88' lang='lat' dir='ltr'><strong>nobis</strong></span> <span class='ocrx_word' id='word_1_873' title='bbox 1848 4700 1984 4756; x_wconf 87' lang='lat' dir='ltr'><strong>hanc</strong></span> <span class='ocrx_word' id='word_1_874' title='bbox 2016 4702 2213 4761; x_wconf 89' lang='lat' dir='ltr'><strong>habere</strong></span> 
     </span>
    </p>
   </div>
   <div class='ocr_carea' id='block_1_108' title="bbox 634 4783 2215 4864">
    <p class='ocr_par' dir='ltr' id='par_1_108' title="bbox 634 4783 2215 4864">
     <span class='ocr_line' id='line_1_108' title="bbox 634 4783 2215 4864; baseline 0.009 -29"><span class='ocrx_word' id='word_1_875' title='bbox 634 4784 1019 4851; x_wconf 85' lang='lat' dir='ltr'><strong>operationem.</strong></span> <span class='ocrx_word' id='word_1_876' title='bbox 1052 4783 1126 4837; x_wconf 87' lang='lat' dir='ltr'><strong>Os</strong></span> <span class='ocrx_word' id='word_1_877' title='bbox 1168 4787 1309 4840; x_wconf 90' lang='lat' dir='ltr'><strong>enim</strong></span> <span class='ocrx_word' id='word_1_878' title='bbox 1344 4798 1581 4841; x_wconf 88' lang='lat' dir='ltr'><strong>nostrum</strong></span> <span class='ocrx_word' id='word_1_879' title='bbox 1612 4797 1667 4843; x_wconf 90' lang='lat' dir='ltr'><strong>et</strong></span> <span class='ocrx_word' id='word_1_880' title='bbox 1689 4791 1865 4861; x_wconf 87' lang='lat' dir='ltr'><strong>lingua</strong></span> <span class='ocrx_word' id='word_1_881' title='bbox 1892 4794 1957 4847; x_wconf 88' lang='lat' dir='ltr'><strong>ad</strong></span> <span class='ocrx_word' id='word_1_882' title='bbox 1988 4794 2215 4864; x_wconf 83' lang='lat' dir='ltr'><strong>hymnos</strong></span> 
     </span>
    </p>
   </div>
   <div class='ocr_carea' id='block_1_109' title="bbox 634 4876 2214 4944">
    <p class='ocr_par' dir='ltr' id='par_1_109' title="bbox 634 4876 2214 4944">
     <span class='ocr_line' id='line_1_109' title="bbox 634 4876 2214 4944; baseline 0.009 -17"><span class='ocrx_word' id='word_1_883' title='bbox 634 4877 883 4944; x_wconf 80' lang='lat' dir='ltr'><strong>deputata</strong></span> <span class='ocrx_word' id='word_1_884' title='bbox 912 4886 1066 4933; x_wconf 87' lang='lat' dir='ltr'><strong>sunt.</strong></span> <span class='ocrx_word' id='word_1_885' title='bbox 1098 4876 1277 4932; x_wconf 76' lang='lat' dir='ltr'><strong>fauces</strong></span> <span class='ocrx_word' id='word_1_886' title='bbox 1296 4877 1363 4931; x_wconf 87' lang='lat' dir='ltr'><strong>ad</strong></span> <span class='ocrx_word' id='word_1_887' title='bbox 1389 4895 1595 4934; x_wconf 84' lang='lat' dir='ltr'><strong>vocem.</strong></span> <span class='ocrx_word' id='word_1_888' title='bbox 1628 4882 1751 4937; x_wconf 87' lang='lat' dir='ltr'><strong>Ideo</strong></span> <span class='ocrx_word' id='word_1_889' title='bbox 1781 4888 2072 4941; x_wconf 81' lang='lat' dir='ltr'><strong>necessitas</strong></span> <span class='ocrx_word' id='word_1_890' title='bbox 2118 4906 2214 4941; x_wconf 91' lang='lat' dir='ltr'><strong>na-</strong></span> 
     </span>
    </p>
   </div>
   <div class='ocr_carea' id='block_1_110' title="bbox 635 4969 2213 5042">
    <p class='ocr_par' dir='ltr' id='par_1_110' title="bbox 635 4969 2213 5042">
     <span class='ocr_line' id='line_1_110' title="bbox 635 4969 2213 5042; baseline 0.006 -20"><span class='ocrx_word' id='word_1_891' title='bbox 635 4981 768 5023; x_wconf 69' lang='lat' dir='ltr'><strong>tum:</strong></span> <span class='ocrx_word' id='word_1_892' title='bbox 799 4984 896 5023; x_wconf 86' lang='lat' dir='ltr'><strong>nos</strong></span> <span class='ocrx_word' id='word_1_893' title='bbox 923 4969 1132 5040; x_wconf 86' lang='lat' dir='ltr'><strong>ligavit,</strong></span> <span class='ocrx_word' id='word_1_894' title='bbox 1163 4982 1217 5024; x_wconf 93' lang='lat' dir='ltr'><strong>ut</strong></span> <span class='ocrx_word' id='word_1_895' title='bbox 1245 4986 1312 5024; x_wconf 92' lang='lat' dir='ltr'><strong>ne</strong></span> <span class='ocrx_word' id='word_1_896' title='bbox 1341 4972 1486 5026; x_wconf 91' lang='lat' dir='ltr'><strong>inviti</strong></span> <span class='ocrx_word' id='word_1_897' title='bbox 1513 4972 1724 5042; x_wconf 87' lang='lat' dir='ltr'><strong>quidem</strong></span> <span class='ocrx_word' id='word_1_898' title='bbox 1750 4977 1799 5028; x_wconf 92' lang='lat' dir='ltr'><strong>in</strong></span> <span class='ocrx_word' id='word_1_899' title='bbox 1827 4978 2041 5030; x_wconf 85' lang='lat' dir='ltr'><strong>multam</strong></span> <span class='ocrx_word' id='word_1_900' title='bbox 2072 4979 2213 5033; x_wconf 86' lang='lat' dir='ltr'><strong>difli-</strong></span> 
     </span>
    </p>
   </div>
   <div class='ocr_carea' id='block_1_111' title="bbox 634 5062 2214 5137">
    <p class='ocr_par' dir='ltr' id='par_1_111' title="bbox 634 5062 2214 5137">
     <span class='ocr_line' id='line_1_111' title="bbox 634 5062 2214 5137; baseline 0.006 -20"><span class='ocrx_word' id='word_1_901' title='bbox 634 5063 883 5117; x_wconf 90' lang='lat' dir='ltr'><strong>cultatem</strong></span> <span class='ocrx_word' id='word_1_902' title='bbox 927 5062 1242 5118; x_wconf 76' lang='lat' dir='ltr'><strong>incidamus.</strong></span> <span class='ocrx_word' id='word_1_903' title='bbox 1277 5063 1332 5117; x_wconf 90' lang='lat' dir='ltr'><strong>Si</strong></span> <span class='ocrx_word' id='word_1_904' title='bbox 1376 5081 1605 5135; x_wconf 84' lang='lat' dir='ltr'><strong>namque</strong></span> <span class='ocrx_word' id='word_1_905' title='bbox 1628 5068 1870 5137; x_wconf 87' lang='lat' dir='ltr'><strong>voluptas</strong></span> <span class='ocrx_word' id='word_1_906' title='bbox 1912 5071 2128 5125; x_wconf 91' lang='lat' dir='ltr'><strong>morbos</strong></span> <span class='ocrx_word' id='word_1_907' title='bbox 2158 5086 2214 5128; x_wconf 91' lang='lat' dir='ltr'><strong>et</strong></span> 
     </span>
    </p>
   </div>
   <div class='ocr_carea' id='block_1_112' title="bbox 636 5154 2212 5221">
    <p class='ocr_par' dir='ltr' id='par_1_112' title="bbox 636 5154 2212 5221">
     <span class='ocr_line' id='line_1_112' title="bbox 636 5154 2212 5221; baseline 0.008 -15"><span class='ocrx_word' id='word_1_908' title='bbox 636 5154 974 5221; x_wconf 80' lang='lat' dir='ltr'><strong>:rgritudines</strong></span> <span class='ocrx_word' id='word_1_909' title='bbox 1005 5170 1108 5208; x_wconf 92' lang='lat' dir='ltr'><strong>non</strong></span> <span class='ocrx_word' id='word_1_910' title='bbox 1138 5155 1375 5218; x_wconf 85' lang='lat' dir='ltr'><strong>haberet.</strong></span> <span class='ocrx_word' id='word_1_911' title='bbox 1406 5158 1697 5213; x_wconf 89' lang='lat' dir='ltr'><strong>tolerabilis</strong></span> <span class='ocrx_word' id='word_1_912' title='bbox 1730 5174 1815 5214; x_wconf 87' lang='lat' dir='ltr'><strong>res</strong></span> <span class='ocrx_word' id='word_1_913' title='bbox 1854 5170 1996 5216; x_wconf 88' lang='lat' dir='ltr'><strong>esset</strong></span> <span class='ocrx_word' id='word_1_914' title='bbox 2028 5179 2043 5216; x_wconf 88' lang='lat'><strong>:</strong></span> <span class='ocrx_word' id='word_1_915' title='bbox 2074 5179 2212 5218; x_wconf 87' lang='lat' dir='ltr'><strong>nune</strong></span> 
     </span>
    </p>
   </div>
   <div class='ocr_carea' id='block_1_113' title="bbox 635 5248 2209 5319">
    <p class='ocr_par' dir='ltr' id='par_1_113' title="bbox 635 5248 2209 5319">
     <span class='ocr_line' id='line_1_113' title="bbox 635 5248 2209 5319; baseline 0.007 -20"><span class='ocrx_word' id='word_1_916' title='bbox 635 5257 813 5300; x_wconf 88' lang='lat' dir='ltr'><strong>autem</strong></span> <span class='ocrx_word' id='word_1_917' title='bbox 863 5256 1066 5302; x_wconf 69' lang='lat' dir='ltr'><strong>Itaturte</strong></span> <span class='ocrx_word' id='word_1_918' title='bbox 1118 5248 1208 5301; x_wconf 90' lang='lat' dir='ltr'><strong>tibi</strong></span> <span class='ocrx_word' id='word_1_919' title='bbox 1254 5250 1511 5305; x_wconf 88' lang='lat' dir='ltr'><strong>terminos</strong></span> <span class='ocrx_word' id='word_1_920' title='bbox 1555 5251 1765 5319; x_wconf 65' lang='lat' dir='ltr'><strong>pauit,</strong></span> <span class='ocrx_word' id='word_1_921' title='bbox 1813 5262 1871 5306; x_wconf 93' lang='lat' dir='ltr'><strong>ut</strong></span> <span class='ocrx_word' id='word_1_922' title='bbox 1906 5268 1975 5308; x_wconf 92' lang='lat' dir='ltr'><strong>ne</strong></span> <span class='ocrx_word' id='word_1_923' title='bbox 2022 5255 2209 5310; x_wconf 83' lang='lat' dir='ltr'><strong>volens</strong></span> 
     </span>
    </p>
   </div>
   <div class='ocr_carea' id='block_1_114' title="bbox 632 5341 2209 5415">
    <p class='ocr_par' dir='ltr' id='par_1_114' title="bbox 632 5341 2209 5415">
     <span class='ocr_line' id='line_1_114' title="bbox 632 5341 2209 5415; baseline 0.006 -23"><span class='ocrx_word' id='word_1_924' title='bbox 632 5342 846 5408; x_wconf 89' lang='lat' dir='ltr'><strong>quidem</strong></span> <span class='ocrx_word' id='word_1_925' title='bbox 875 5341 1301 5411; x_wconf 82' lang='lat' dir='ltr'><strong>transgrediaris.</strong></span> <span class='ocrx_word' id='word_1_926' title='bbox 1348 5342 1532 5397; x_wconf 85' lang='lat' dir='ltr'><strong>Nonne</strong></span> <span class='ocrx_word' id='word_1_927' title='bbox 1570 5345 1925 5415; x_wconf 86' lang='lat' dir='ltr'><strong>voluptatem,</strong></span> <span class='ocrx_word' id='word_1_928' title='bbox 1976 5346 2170 5402; x_wconf 87' lang='lat' dir='ltr'><strong>dilecte</strong></span> <span class='ocrx_word' id='word_1_929' title='bbox 2195 5392 2209 5411; x_wconf 89' lang='lat'><strong>,</strong></span> 
     </span>
    </p>
   </div>
   <div class='ocr_carea' id='block_1_115' title="bbox 633 5431 2183 5503">
    <p class='ocr_par' dir='ltr' id='par_1_115' title="bbox 633 5431 2183 5503">
     <span class='ocr_line' id='line_1_115' title="bbox 633 5431 2183 5503; baseline 0.005 -18"><span class='ocrx_word' id='word_1_930' title='bbox 633 5431 871 5502; x_wconf 62' lang='lat' dir='ltr'><strong>quaeris?</strong></span> <span class='ocrx_word' id='word_1_931' title='bbox 911 5432 1054 5487; x_wconf 88' lang='lat' dir='ltr'><strong>llanc</strong></span> <span class='ocrx_word' id='word_1_932' title='bbox 1081 5449 1109 5485; x_wconf 90' lang='lat' dir='ltr'><strong>a</strong></span> <span class='ocrx_word' id='word_1_933' title='bbox 1140 5434 1437 5502; x_wconf 82' lang='lat' dir='ltr'><strong>frugalitate</strong></span> <span class='ocrx_word' id='word_1_934' title='bbox 1470 5435 1679 5503; x_wconf 87' lang='lat' dir='ltr'><strong>parabis</strong></span> <span class='ocrx_word' id='word_1_935' title='bbox 1704 5453 1717 5491; x_wconf 93' lang='lat'>:</span> <span class='ocrx_word' id='word_1_936' title='bbox 1746 5452 1923 5492; x_wconf 88' lang='lat' dir='ltr'><strong>nonne</strong></span> <span class='ocrx_word' id='word_1_937' title='bbox 1949 5438 2183 5493; x_wconf 87' lang='lat' dir='ltr'><strong>valetudi</strong></span> 
     </span>
    </p>
   </div>
   <div class='ocr_carea' id='block_1_116' title="bbox 635 5522 2212 5593">
    <p class='ocr_par' dir='ltr' id='par_1_116' title="bbox 635 5522 2212 5593">
     <span class='ocr_line' id='line_1_116' title="bbox 635 5522 2212 5593; baseline 0.006 -17"><span class='ocrx_word' id='word_1_938' title='bbox 635 5524 795 5577; x_wconf 89' lang='lat' dir='ltr'><strong>nem?</strong></span> <span class='ocrx_word' id='word_1_939' title='bbox 838 5523 904 5577; x_wconf 86' lang='lat' dir='ltr'><strong>Et</strong></span> <span class='ocrx_word' id='word_1_940' title='bbox 932 5522 1342 5593; x_wconf 73' lang='lat' dir='ltr'><strong>huncquoque:</strong></span> <span class='ocrx_word' id='word_1_941' title='bbox 1390 5540 1565 5579; x_wconf 92' lang='lat' dir='ltr'><strong>nonne</strong></span> <span class='ocrx_word' id='word_1_942' title='bbox 1612 5528 1908 5583; x_wconf 90' lang='lat' dir='ltr'><strong>libertatem</strong></span> <span class='ocrx_word' id='word_1_943' title='bbox 1950 5545 1979 5583; x_wconf 90' lang='lat' dir='ltr'><strong>a</strong></span> <span class='ocrx_word' id='word_1_944' title='bbox 2025 5533 2212 5586; x_wconf 83' lang='lat' dir='ltr'><strong>curis?</strong></span> 
     </span>
    </p>
   </div>
   <div class='ocr_carea' id='block_1_117' title="bbox 633 5614 2209 5683">
    <p class='ocr_par' dir='ltr' id='par_1_117' title="bbox 633 5614 2209 5683">
     <span class='ocr_line' id='line_1_117' title="bbox 633 5614 2209 5683; baseline 0.006 -14"><span class='ocrx_word' id='word_1_945' title='bbox 633 5614 778 5669; x_wconf 78' lang='lat' dir='ltr'><strong>lianc</strong></span> <span class='ocrx_word' id='word_1_946' title='bbox 824 5614 1045 5669; x_wconf 88' lang='lat' dir='ltr'><strong>itidem:</strong></span> <span class='ocrx_word' id='word_1_947' title='bbox 1080 5630 1255 5670; x_wconf 86' lang='lat' dir='ltr'><strong>nonne</strong></span> <span class='ocrx_word' id='word_1_948' title='bbox 1313 5617 1649 5683; x_wconf 82' lang='lat' dir='ltr'><strong>libertatein,</strong></span> <span class='ocrx_word' id='word_1_949' title='bbox 1704 5621 1865 5673; x_wconf 89' lang='lat' dir='ltr'><strong>robur</strong></span> <span class='ocrx_word' id='word_1_950' title='bbox 1913 5635 1967 5677; x_wconf 88' lang='lat' dir='ltr'><strong>et</strong></span> <span class='ocrx_word' id='word_1_951' title='bbox 2018 5623 2209 5679; x_wconf 87' lang='lat' dir='ltr'><strong>bonam</strong></span> 
     </span>
    </p>
   </div>
   <div class='ocr_carea' id='block_1_118' title="bbox 632 5707 2207 5785">
    <p class='ocr_par' dir='ltr' id='par_1_118' title="bbox 632 5707 2207 5785">
     <span class='ocr_line' id='line_1_118' title="bbox 632 5707 2207 5785; baseline 0.005 -23"><span class='ocrx_word' id='word_1_952' title='bbox 632 5707 1067 5763; x_wconf 80' lang='lat' dir='ltr'><strong>constitutionem</strong></span> <span class='ocrx_word' id='word_1_953' title='bbox 1096 5710 1354 5778; x_wconf 87' lang='lat' dir='ltr'><strong>corporis,</strong></span> <span class='ocrx_word' id='word_1_954' title='bbox 1380 5711 1571 5764; x_wconf 70' lang='lat' dir='ltr'><strong>animo:</strong></span> <span class='ocrx_word' id='word_1_955' title='bbox 1599 5712 1959 5778; x_wconf 85' lang='lat' dir='ltr'><strong>sobrietatem,</strong></span> <span class='ocrx_word' id='word_1_956' title='bbox 1990 5718 2207 5785; x_wconf 80' lang='lat' dir='ltr'><strong>vigilan-</strong></span> 
     </span>
    </p>
   </div>
   <div class='ocr_carea' id='block_1_119' title="bbox 660 5754 3937 5826">
    <p class='ocr_par' dir='ltr' id='par_1_119' title="bbox 660 5754 3937 5826">
     <span class='ocr_line' id='line_1_119' title="bbox 660 5754 3937 5826; baseline 0.005 -31"><span class='ocrx_word' id='word_1_957' title='bbox 2322 5822 2325 5825; x_wconf 8' lang='grc' dir='ltr'>ἰ</span> <span class='ocrx_word' id='word_1_958' title='bbox 2384 5758 2456 5817; x_wconf 69' lang='grc' dir='ltr'><strong>(τι)</strong></span> <span class='ocrx_word' id='word_1_959' title='bbox 2481 5767 2592 5825; x_wconf 70' lang='lat' dir='ltr'><strong>Qum</strong></span> <span class='ocrx_word' id='word_1_960' title='bbox 2626 5755 2815 5826; x_wconf 74' lang='lat' dir='ltr'><strong>uncinis</strong></span> <span class='ocrx_word' id='word_1_961' title='bbox 2836 5754 3128 5806; x_wconf 86' lang='lat' dir='ltr'><strong>clauduntur</strong></span> <span class='ocrx_word' id='word_1_962' title='bbox 3154 5772 3250 5807; x_wconf 86' lang='lat' dir='ltr'><strong>non</strong></span> <span class='ocrx_word' id='word_1_963' title='bbox 3287 5758 3407 5819; x_wconf 74' lang='lat' dir='ltr'><strong>legit</strong></span> <span class='ocrx_word' id='word_1_964' title='bbox 3446 5760 3625 5822; x_wconf 60' lang='lat' dir='ltr'><strong>uouit,</strong></span> <span class='ocrx_word' id='word_1_965' title='bbox 3655 5768 3937 5826; x_wconf 73' lang='lat' dir='ltr'><strong>posuitque</strong></span> 
     </span>
    </p>
   </div>
   <div class='ocr_carea' id='block_1_120' title="bbox 634 5798 2203 5874">
    <p class='ocr_par' dir='ltr' id='par_1_120' title="bbox 634 5798 2203 5874">
     <span class='ocr_line' id='line_1_120' title="bbox 634 5798 2203 5874; baseline 0.008 -23"><span class='ocrx_word' id='word_1_966' title='bbox 634 5798 758 5852; x_wconf 87' lang='lat' dir='ltr'><strong>tiam</strong></span> <span class='ocrx_word' id='word_1_967' title='bbox 778 5799 800 5830; x_wconf 85' lang='lat'><strong>’</strong></span> <span class='ocrx_word' id='word_1_968' title='bbox 829 5798 971 5853; x_wconf 84' lang='lat' dir='ltr'><strong>Bona</strong></span> <span class='ocrx_word' id='word_1_969' title='bbox 997 5801 1173 5856; x_wconf 86' lang='lat' dir='ltr'><strong>omnia</strong></span> <span class='ocrx_word' id='word_1_970' title='bbox 1198 5800 1282 5855; x_wconf 87' lang='lat' dir='ltr'><strong>hic</strong></span> <span class='ocrx_word' id='word_1_971' title='bbox 1302 5810 1423 5856; x_wconf 89' lang='lat' dir='ltr'><strong>sunt</strong></span> <span class='ocrx_word' id='word_1_972' title='bbox 1455 5821 1466 5853; x_wconf 90' lang='lat'>:</span> <span class='ocrx_word' id='word_1_973' title='bbox 1505 5804 1551 5857; x_wconf 89' lang='lat' dir='ltr'><strong>iu</strong></span> <span class='ocrx_word' id='word_1_974' title='bbox 1582 5806 1799 5874; x_wconf 82' lang='lat' dir='ltr'><strong>crapula</strong></span> <span class='ocrx_word' id='word_1_975' title='bbox 1839 5822 1963 5861; x_wconf 82' lang='lat' dir='ltr'><strong>vero</strong></span> <span class='ocrx_word' id='word_1_976' title='bbox 1990 5821 2203 5863; x_wconf 82' lang='lat' dir='ltr'><strong>conua-</strong></span> 
     </span>
    </p>
   </div>
   <div class='ocr_carea' id='block_1_121' title="bbox 2322 5815 2859 5881">
    <p class='ocr_par' dir='ltr' id='par_1_121' title="bbox 2322 5815 2859 5881">
     <span class='ocr_line' id='line_1_121' title="bbox 2322 5815 2859 5881; baseline 0 -15"><span class='ocrx_word' id='word_1_977' title='bbox 2322 5822 2368 5867; x_wconf 83' lang='lat' dir='ltr'><strong>iu</strong></span> <span class='ocrx_word' id='word_1_978' title='bbox 2405 5815 2623 5881; x_wconf 75' lang='lat' dir='ltr'><strong>margine</strong></span> <span class='ocrx_word' id='word_1_979' title='bbox 2646 5815 2859 5866; x_wconf 79' lang='lat' dir='ltr'><strong>savilius.</strong></span> 
     </span>
    </p>
   </div>
  </div>
