4084 6332
163 434 252 489 2θῖ

165 552 250 620 ράν
273 566 285 578 ·
308 545 510 616 τροφάς
553 543 828 615 ζητῶμεν,
873 541 947 613 μὴ
977 539 1148 594 νόσων
1181 536 1488 598 ὑποθέσεις,
1517 534 1690 587 νόσων
1723 530 1819 584 καὶ

163 635 380 706 ψυχικῶν
412 637 509 688 καὶ
543 631 870 702 σωματικῶν
891 648 905 662 ·
926 628 1131 699 τροφὴν
1158 625 1411 697 ζητῶμεν
1438 623 1634 693 ἡδονὴν
1665 621 1817 690 ἐχου-

164 742 267 789 Juv,
298 722 368 794 μὴ
391 723 608 794 τρυφὴν
634 719 825 789 ἀηδίας
849 717 1127 788 γέμουσαν
1153 731 1166 744 ·
1195 713 1353 767 τοῦτο
1383 709 1566 782 τρυφὴ
1591 751 1604 774 ,
1639 710 1814 760 ἐκεῖνο

163 815 291 883 λύμη
314 830 327 844 ·
353 810 514 866 τοῦτο
551 809 734 880 ⁴ἡδονὴ,
767 808 945 860 ἐκεῖνο
984 804 1185 866 πόνοςι
1209 818 1222 831 ·
1248 800 1408 854 τοῦτο
1436 797 1576 852 κατὰ
1609 797 1772 865 φύσιν
1797 834 1811 857 ,

163 905 320 956 έκεῖνο
342 898 493 971 παρά
521 900 704 967 φύσιν.
728 896 866 950 Εἰπὲ
891 893 1000 966 γάρ
1035 908 1149 963 μοι,
1184 891 1240 944 εί
1262 907 1347 954 τις
1387 887 1555 942 ἔδωκέ
1594 902 1678 938 σοι
1708 883 1817 937 κώ-

164 1008 286 1044 νειον
311 991 472 1054 πιεῖν,
500 985 622 1056 οὐχὶ
651 982 801 1055 παρά
825 982 988 1052 φύσιν
1010 977 1078 1052 ἦν
1098 998 1114 1047 ;
1137 980 1191 1034 εῖ
1207 996 1291 1042 τις
1323 977 1455 1042 ξύλα
1487 975 1580 1028 καὶ
1608 972 1810 1034 λίθους,

164 1079 248 1131 οὐκ
287 1077 347 1130 ἂν
390 1071 789 1145 ἀπεστράφης;
839 1069 1115 1132 Εἰκότως·
1161 1066 1312 1136 παρά
1341 1063 1504 1135 φύσιν
1540 1062 1649 1132 γάρ
1677 1063 1814 1114 ἐστι.

164 1164 393 1218 Τοιοῦτον
423 1163 522 1216 καὶ
550 1164 584 1233 ὴ
619 1161 822 1234 τρυφή.
865 1157 1138 1228 Καθάπερ
1176 1154 1286 1226 γὰρ
1311 1156 1370 1207 ἐν
1401 1152 1556 1206 πόλει
1595 1150 1819 1220 πολιορ-

164 1255 272 1315 κίας
296 1246 596 1322 γενομένης
623 1249 791 1312 πολὺς
823 1245 1054 1317 θόρυϐος
1080 1244 1292 1312 γίνεται
1323 1241 1419 1297 καὶ
1442 1240 1682 1314 τάραχος
1706 1235 1816 1289 τῶν

164 1340 416 1410 πολεμίων
467 1337 927 1394 ἐπεισελθόντων
953 1332 1128 1396 οὕτως
1169 1333 1228 1385 ἐν
1268 1333 1337 1403 τῇ
1385 1328 1532 1400 ψυχῇ
1565 1327 1776 1396 γίνεται
1799 1363 1814 1388 ,

162 1429 286 1480 οἴνου
312 1428 404 1480 καὶ
421 1425 639 1500 τρυφῆς
667 1420 1111 1492 ἐπεισελθούσης.
1141 1418 1271 1474 Τίνι
1301 1417 1456 1481 οὐαί,
1492 1415 1612 1468 τίνι
1645 1413 1818 1480 θόρυ-

162 1518 258 1579 ϐοι,
287 1516 401 1569 τίνι
437 1514 646 1583 ἀηδίαι
694 1513 795 1566 καί
836 1509 1089 1579 λέσχαι,
1119 1507 1238 1561 τίνι
1262 1507 1492 1574 κρίσις;
1521 1501 1658 1570 οὑχί
1692 1500 1818 1567 τοῖς

161 1600 594 1674 ἐγχρονίζουσιν
615 1601 686 1656 ἐν
710 1600 931 1662 ὸῖνοις;
965 1597 1134 1661 Τίνος
1167 1591 1462 1647 πελιδινοί
1499 1593 1554 1645 al
1591 1591 1818 1659 ὀφθαλ-

159 1691 250 1759 μοί
263 1706 281 1754 ;
316 1691 478 1744 Ἀλλά
499 1689 628 1760 γάρ,
652 1689 753 1740 ὅσα
778 1685 846 1740 ἀν
876 1685 1146 1755 είπωμεν,
1167 1683 1269 1736 οὑκ
1286 1681 1669 1752 ἀποστήσομεν
1690 1677 1819 1740 τοὺς

162 1778 275 1848 περί
299 1777 394 1847 τὴν
429 1777 646 1847 τρυφὴν
681 1771 1172 1845 ἀπησχολημένους
1196 1813 1212 1836 ,
1239 1771 1306 1824 ἂν
1337 1769 1413 1842 μὴ
1451 1768 1586 1838 πρὸς
1631 1767 1819 1836 ἕτερον

161 1865 555 1935 άντιστήσωμεν
577 1864 640 1917 10
662 1861 854 1924 πάθος.
874 1862 984 1915 Καὶ
999 1858 1215 1931 πρῶτον
1251 1857 1350 1929 μὶν
1365 1857 1503 1928 πρὸς
1529 1855 1627 1918 τάς
1664 1852 1817 1927 [218]

160 1956 403 2020 γυναῖκας
432 1955 468 2022 η
480 1953 570 2022 μῖν
598 1950 738 2004 ἐστω
768 1949 988 2018 όλόγος.
1017 1947 1182 2002 Ούδέν
1196 1946 1547 2018 αἰσχρότερον
1561 1943 1820 2013 γυναικὸς

161 2039 456 2110 τρυφώσης,
505 2038 660 2092 οὐδὲν
703 2036 1060 2109 αἰσχρότερον
1113 2035 1448 2105 μεθυούσηςο
1473 2031 1820 2103 ἀμαυροῦται

161 2127 316 2197 αὐτῆς
343 2127 403 2180 10
445 2127 552 2196 τῆς
584 2126 760 2196 ὅψεως
811 2124 992 2190 ἀνθος,
1046 2122 1297 2177 θολοῦται
1346 2121 1411 2175 10
1449 2120 1684 2192 γαληνὸν
1725 2119 1821 2172 καὶ

161 2213 350 2284 ἥμερον
395 2213 510 2267 τῶν
561 2211 877 2283 ὀφθαλμῶν,
928 2210 1092 2265 οἱονεὶ
1134 2211 1368 2281 νεφέλης
1413 2209 1559 2272 τινὸς
1597 2209 1823 2270 ἀκτῖνας

162 2301 572 2373 ὑποδραμούσης
619 2300 874 2373 ὴλιακάς.
908 2298 1289 2371 Ἀνελεύθερον
1337 2297 1402 2352 10
1439 2298 1677 2370 πρᾶγμα
1729 2295 1824 2349 καὶ

162 2390 408 2454 δουλικὸν,
440 2391 539 2444 καὶ
571 2390 752 2460 πάσης
789 2388 1110 2456 δυσγενείας
1141 2389 1469 2458 ἀνάμεστον.
1518 2385 1644 2448 Πῶς
1677 2385 1824 2436 ἐστιν

163 2478 318 2548 ἀηδὴς
345 2479 496 2531 οῖνου
543 2476 908 2532 ἀποπνέουσα.
943 2477 1083 2548 γυνὴ
1145 2475 1424 2539 ὀδωδότος,
1483 2472 1785 2541 σεσηπότας
1805 2485 1822 2501 ⁸

164 2567 488 2637 ἐρευγομένη
524 2564 702 2636 κρεῶν
726 2563 1086 2636 διεφθορότων
1110 2563 1308 2634 χυμὸν,
1342 2561 1693 2633 βεδαρημένη
1725 2560 1826 2613 καὶ

163 2653 501 2722 διαναστῆναι
552 2654 626 2724 μὴ
673 2652 950 2724 δυναμένη
975 2692 991 2716 ,
1027 2650 1232 2723 ἐρυθρά
1281 2645 1421 2704 οῦσα
1463 2647 1558 2702 τοῦ
1616 2648 1828 2710 δέοντος

166 2742 330 2809 πλέον,
366 2744 591 2813 χάσμης
634 2741 880 2812 γέμουσα
911 2741 1006 2793 καὶ
1044 2739 1243 2810 ἀχλύος
1278 2737 1509 2808 πολλῆςς
1548 2736 1686 2798 Ἀλλ’
1726 2736 1828 2789 οὑκ

163 2831 332 2901 ἐκείνη
361 2833 393 2902 ἡ
427 2829 647 2900 τρυφῆς
683 2829 1000 2898 ἀπεχομένη
1034 2825 1262 2897 τοιαύτη
1303 2842 1317 2856 ·
1358 2824 1497 2879 ἀλλά
1527 2813 1700 2896 σεμνὴ
1735 2825 1828 2878 καὶ

165 2917 381 2989 σώφρων
414 2919 513 2972 καὶ
543 2915 819 2987 εῦμορφος
844 2914 894 2969 1).
925 2915 1033 2968 Καὶ
1066 2913 1176 2983 γάρ
1213 2913 1291 2984 τῷ
1324 2912 1536 2983 σώματι
1566 2912 1702 2965 πολὺ
1735 2929 1831 2965 πε-

165 3006 389 3077 ριτίθησι
435 3004 636 3068 κάλλος
675 3004 777 3074 τῆς
813 3000 994 3073 ψυχῆς
1023 3003 1056 3071 ὴ
1102 3001 1458 3064 κατάστασις.
1493 3001 1587 3070 Μὴ
1620 2999 1731 3070 γάρ
1763 2999 1828 3070 δὴ

162 3095 377 3166 νομίσῃς
399 3093 511 3147 ἀπὸ
531 3093 640 3146 τῶν
664 3089 992 3160 σωματικῶν
1020 3089 1208 3143 τύπων
1246 3089 1406 3143 τοῦτο
1448 3087 1694 3158 γίνεσθαι
1737 3089 1834 3158 μό-

165 3199 263 3235 νον.
285 3182 381 3246 Δὸς
400 3179 679 3252 εὔμορφον
694 3179 885 3249 κόρην,
902 3177 1342 3248 τεταραγμένην,
1367 3176 1544 3232 λάλον.
1569 3177 1829 3247 λοίδορον,

168 3270 408 3337 μέθυσον,
440 3265 742 3337 πολυτελῆ,
777 3267 827 3318 εἰ
860 3264 936 3336 μὴ
971 3264 1154 3335 πάσης
1183 3266 1417 3335 αἰσχρᾶς
1449 3263 1832 3335 δυσειδεστέρα

167 3356 494 3428 καθέστηκεν
520 3371 536 3421 ;
568 3355 632 3408 Εἰ
661 3354 718 3407 δέ
747 3353 1059 3424 αἰσχύνοιτο
1077 3392 1093 3416 ,
1128 3354 1178 3405 εἰ
1214 3352 1270 3406 δὲ
1298 3352 1470 3425 σιγῴη
1495 3392 1510 3416 ,
1539 3355 1588 3405 εί
1614 3352 1672 3405 δὲ
1705 3354 1834 3424 ἐρυο

166 3448 311 3519 θριᾷν
353 3445 639 3518 μανθάνοι,
671 3443 721 3497 εί
745 3443 802 3496 δέ
824 3441 1161 3512 φθέγγεσθαι
1188 3441 1543 3513 συμμέτρως,
1577 3443 1627 3494 εἰ
1651 3441 1710 3493 δὲ
1737 3458 1834 3513 νη-

167 3538 364 3599 στείαις
385 3532 740 3604 ἐσχολακέναι
763 3543 781 3560 ⁸
801 3530 1028 3584 διπλοῦν
1060 3530 1123 3583 10
1156 3520 1394 3592 κάλλος,’
1412 3529 1612 3582 πλείων
1635 3532 1667 3600 ὴ
1691 3528 1832 3602 ὥρα,

165 3622 512 3693 ποθεινοτέρα
550 3623 585 3691 ή
619 3619 740 3688 ὄψις
763 3659 778 3682 ,
812 3616 1168 3690 σωφροσύνης
1202 3618 1449 3688 γέμουσα
1475 3617 1568 3670 καὶ
1605 3618 1836 3687 κοσμιό-

164 3727 336 3780 τητος.
363 3709 555 3762 Βούλει
575 3706 762 3761 λοιπὸν
791 3705 887 3759 καὶ
915 3705 1047 3776 11591
1077 3705 1288 3776 ἀνδρῶν
1315 3705 1594 3777 εἴπωμεν;
1645 3706 1711 3759 Τί
1738 3705 1835 3759 τοῦ

170 3797 455 3866 μεθύοντος
491 3793 884 3864 αἰσχρότερον;
919 3792 1341 3860 Καταγὲλαστος
1374 3793 1636 3856 οἰκέταις,
1676 3811 1838 3847 καταμ-

165 3886 420 3954 γέλαστος
446 3884 685 3956 ἐχθροῖς,
714 3883 946 3945 ἐλεεινὸς
971 3883 1122 3952 παρά
1157 3880 1364 3951 φίλοις,
1429 3881 1631 3952 μυρίας
1670 3900 1841 3936 κατα-

166 3975 413 4042 γνώσεως
438 3972 605 4036 ἀξιος,
637 3969 823 4041 θηρίον
854 3970 970 4022 ἐστὶ
1001 3967 1258 4038 μᾶλλονῆ
1287 3969 1574 4039 ἄνθρωπος
1604 3986 1618 4001 ·
1649 3969 1710 4021 10
1729 3972 1840 4039 γὰρ

167 4062 328 4115 πολλά
353 4058 625 4114 σιτεῖσθαι
649 4096 665 4120 ,
689 4056 1011 4127 παρδάλεως
1031 4097 1045 4118 ,
1087 4058 1183 4109 καὶ
1214 4056 1427 4118 λέοντος
1449 4097 1465 4119 ,
1500 4056 1597 4109 καὶ
1635 4057 1839 4127 άρκτου

166 4148 328 4205 ἐστίν.
370 4146 616 4210 Εἰκότως
647 4160 663 4176 ⁸
690 4145 752 4197 οὑ
781 4144 892 4217 γὰρ
917 4142 1131 4213 ἔχουσιν
1165 4144 1350 4209 ἐκεῖνα
1379 4142 1556 4214 ψυχὴν
1588 4144 1838 4214 λογικήν.

168 4237 272 4290 Καὶ
293 4234 404 4307 μὴν
430 4235 661 4288 κάκεῖνα
688 4230 851 4285 πλέον
879 4229 975 4284 τοῦ
1003 4231 1215 4293 δέοντος
1245 4230 1340 4283 καὶ
1377 4231 1473 4284 τοῦ
1516 4231 1715 4302 μέτρου
1745 4230 1840 4291 τοῦ

168 4323 313 4394 παρὰ
326 4323 429 4392 τῆς
445 4322 661 4391 φύσεως
687 4320 869 4381 αὐτοῖς
889 4317 1199 4389 ὡρισμένου
1223 4318 1548 4382 σιτισθέντα,
1566 4318 1841 4390 διέφθειρε

166 4410 222 4463 10
248 4411 358 4464 πᾶν
387 4409 550 4479 σῶμα
582 4426 596 4440 ·
630 4407 783 4477 πόσῳ
813 4401 907 4459 οὖν
949 4405 1150 4475 μᾶλλον
1181 4408 1381 4477 ήμεῖς;
1409 4407 1510 4459 Διά
1529 4406 1690 4460 τοῦτο
1709 4409 1842 4479 ἡμῖν

170 4499 243 4560 εις
273 4497 478 4568 μικρὸν
521 4495 829 4551 συνέστειλε
871 4494 973 4566 τὴν
999 4495 1245 4566 γαστέρα
1287 4497 1317 4548 0
1359 4495 1492 4558 Θεός
1522 4511 1537 4527 ο
1566 4495 1655 4549 διὰ
1685 4495 1845 4550 τοῦτο

168 4583 598 4710 όλῗᾶνσθμέτρον
622 4583 790 4656 ῶρισε
817 4582 1053 4653 τροφῆς,
1089 4583 1177 4638 ἵνα
1207 4582 1476 4655 παιδεύσῃ
1506 4583 1686 4653 ψυχῆς
1719 4586 1842 4637 ἐπι-

173 4672 233 4710 tu
389 4673 470 4708 αι.

389 4673 470 4708 αι.

173 4672 292 4794 μᾷ
289 4672 315 4780 Ῐ
319 4672 485 4780 ῗςυιῗέά
492 4724 753 4795 μάθωμεν
767 4724 938 4797 αὐτὴν
954 4725 1052 4796 τὴν
1065 4723 1413 4793 κατασκευὴν
1429 4723 1529 4794 τὴν
1547 4724 1580 4794 ἡ
1589 4723 1843 4795 μετέρανν

171 4815 258 4867 καὶ
296 4811 552 4883 ὀψόμεθα
586 4810 644 4864 ἓν
687 4811 874 4883 μόριον
907 4813 965 4865 ἐν
995 4813 1128 4884 ἡμῖν
1158 4810 1361 4881 ταύτην
1400 4809 1522 4882 ἔχον
1566 4813 1664 4882 τὴν
1697 4811 1847 4883 ἐνέρ-

171 4915 341 4966 γειαν.
371 4900 450 4953 T0
483 4899 660 4969 στόμα
696 4898 805 4971 γάρ
837 4899 998 4970 ἡμῶν
1028 4901 1123 4954 καὶ
1151 4900 1185 4970 ἡ
1214 4898 1432 4967 γλῶττα
1471 4898 1606 4970 πρὸς
1642 4898 1847 4969 ὕμνους

170 4987 504 5060 ἀφώρισται,
537 4989 566 5040 0
592 4987 809 5059 φάρυγξ
837 4987 976 5057 1:90;
996 4988 1200 5058 φωνήν.
1217 4986 1316 5039 Διά
1336 4986 1495 5040 τοῦτο
1518 4988 1611 5040 καὶ
1630 4988 1844 5059 ἀνάγκη

171 5074 262 5144 τῆς
291 5076 514 5144 φύσεως
542 5076 688 5146 ἡμᾶς
724 5074 1088 5145 ἐγκατέδησεν
1113 5085 1162 5139 ο,
1207 5076 1294 5128 ἵνα
1324 5075 1458 5146 μηδέ
1492 5076 1718 5138 ἄκοντες
1744 5077 1767 5127 ἐ
1777 5093 1846 5146 μ-

175 5163 464 5235 πίπτωμεν
504 5168 584 5227 εἰς
633 5163 837 5233 πολλὴν
874 5164 1280 5234 πραγματείαν.
1317 5166 1404 5228 Ὠς
1436 5165 1573 5232 εἴγε
1605 5167 1638 5236 ἡ
1668 5165 1848 5237 τρυφὴ

176 5253 368 5315 πόνους
399 5251 477 5323 μὴ
505 5249 641 5322 εἶχε,
685 5251 820 5322 μηδὲ
843 5254 1031 5315 νόσους
1059 5251 1153 5303 καὶ
1181 5251 1491 5322 ἀρρωστίας
1513 5293 1527 5316 ,
1563 5253 1797 5323 φορητὸν
1829 5259 1846 5276 "

174 5332 237 5410 ἦν
258 5355 275 5371 ·
302 5338 400 5393 νῦν
426 5339 485 5392 δέ
509 5355 593 5391 σοι
623 5339 869 5392 τέθεικεν
897 5339 1150 5408 όροθέσια
1182 5339 1284 5408 τῆς
1319 5339 1556 5408 φύσεως,
1585 5339 1671 5393 ἵνα
1716 5340 1850 5411 μηδὲ

179 5424 501 5497 βουλόμενος
529 5425 888 5498 ὑπερϐαίνῃς.
935 5426 1047 5496 υὺχ
1077 5426 1270 5496 ἡδονὴν
1304 5427 1485 5496 ζητεῖς
1510 5467 1525 5490 ,
1559 5428 1846 5497 ἀγαπητέ;

176 5512 345 5567 Τοῦτο
376 5513 534 5583 παρά
562 5514 664 5584 τῆς
696 5515 1032 5585 αὐταρκείας
1059 5515 1330 5584 εὑρήσεις.
1362 5517 1473 5584 Οὑχ
1504 5515 1694 5580 ὑγείαν
1717 5532 1731 5580 ;
1757 5517 1851 5569 καὶ

176 5601 328 5655 τοῦτο
351 5618 368 5632 °
396 5602 519 5674 οὐχὶ
541 5603 914 5673 ἀμεριμνίανς
964 5604 1056 5656 καὶ
1106 5600 1266 5656 10610
1285 5619 1298 5633 ·
1326 5603 1447 5672 οὐχὶ
1495 5602 1809 5675 ἐλευθερίαν
1833 5622 1848 5670 ς

178 5688 291 5759 οὑχὶ
326 5690 499 5762 ρὦιν
536 5690 790 5761 σώματος
815 5731 830 5753 ,
862 5691 983 5761 οὐχὶ
1013 5691 1228 5757 εὐεξίαν
1247 5730 1262 5755 ,
1294 5692 1413 5760 οὐχὶ
1442 5691 1603 5762 νῆψιν
1624 5691 1807 5764 ψυχῆς
1832 5733 1847 5758 ,

180 5777 296 5846 οὐχὶ
346 5777 664 5849 διέγερσινς
716 5777 861 5831 οὕτω
920 5780 1097 5830 πάντα
1161 5777 1229 5832 τά
1287 5779 1429 5832 καλά
1493 5780 1726 5833 ἐνταῦθα
1753 5797 1763 5808 ·
1795 5783 1852 5833 ἐν

211 5865 264 5934 ,³
292 5866 439 5914 Alius
457 5864 611 5913 ἐκεῖνο
637 5867 688 5914 δε
710 5866 854 5928 λύμη,
899 5867 1024 5914 alius
1043 5865 1194 5914 ἐκεῖνο
1230 5867 1281 5914 δὲ
1307 5866 1466 5922 πόνος.
1523 5852 1552 5892 δ
1613 5869 1710 5917 Alii
1747 5871 1850 5917 ἀλλ’

211 5929 502 5975 Win:
553 5927 636 5975 καὶ
685 5929 1064 5975 σωοοονεστέοα.
1123 5929 1216 5975 Καὶ
1257 5929 1361 5975 γάρ.
1474 5931 1496 5957 ο
1543 5931 1682 5975 ΑΙὶυει
1724 5934 1850 5975 εξιιᾶς

184 5930 502 6002 ι’)ίυὲεἲοτέρα
553 5930 636 5998 καὶ
685 5930 1089 6040 σωφρονεστέρῳ.
1123 5930 1216 5975 Καὶ
1257 5930 1361 6040 γάρ,
1474 5931 1496 5957 c
1543 5931 1682 5978 Alim
1724 5934 1849 6002 ήμᾷς

183 5999 499 6100 ᾟὲἒῖενὲυ
503 5987 647 6100 l3.811:
670 5988 762 6039 δαι-
791 5993 822 6039 I.
852 5996 901 6038 cl
925 5998 1090 6052 011mm
1115 5989 1256 6038 codd.
1273 6003 1287 6050 ;
1353 5991 1553 6041 ommel.
1578 5999 1632 6041 cl.
1654 5991 1824 6044 Μοιιιι.

183 6062 384 6110 σρικτον.
429 6062 562 6102 um.

1170 423 1236 480 IN
1271 421 1454 479 ACTA
1495 412 2040 476 APOSTOLURUM.
2083 410 2319 468 IIOMIL.
2349 412 2565 470 XXVII.

3491 410 3603 466 208

1920 526 2104 600 ἐκείνῃ
2123 527 2180 581 δέ
2200 530 2267 581 τά
2289 529 2528 595 ἐναντία,
2554 529 2735 598 ἀηδία,
2767 529 3207 599 καχεξία,νόσος,
3229 529 3602 603 ἀνελευθερία,

1918 616 2155 686 δαπάνη.
2206 617 2377 670 Πόθεν
2409 614 2504 671 οὖν
2522 658 2537 682 ,
2564 619 2751 687 φησὶν,
2780 619 2874 670 ἐπί
2901 616 3108 688 ταύτην
3132 617 3403 688 τρέχομεν
3429 621 3606 674 ᾶπαν-

1921 720 2044 771 τες;
2082 706 2217 763 Ἀπὸ
2238 705 2416 759 νόσου.
2444 705 2580 759 Εἰπὲ
2609 707 2718 776 γάρ
2760 723 2873 776 μοι,
2901 705 2990 758 διά
3015 705 3069 758 τί
3099 705 3162 758 τὸ
3195 704 3432 775 βλάπτον
3455 709 3483 760 0
3513 724 3605 760 νο-

1919 791 2029 846 σῶν
2055 792 2340 863 ἐπιζητεῖς
2375 793 2497 863 οὐχὶ
2535 794 2631 847 καὶ
2660 793 2795 846 αὑτὸ
2827 792 2988 846 10610
3027 794 3120 846 106
3164 796 3342 846 νοσεῖν
3376 794 3604 866 σημεῖόν

1915 881 2066 948 ὶοτις
2099 883 2198 935 Διά
2229 883 2281 935 τί
2305 885 2332 935 ό
2353 882 2528 953 χωλὸς
2555 883 2629 952 μὴ
2653 882 2790 954 ὀρθὰ
2821 881 3029 951 βαδίζει
3053 899 3067 943 ;
3090 881 3224 936 αὑτὸ
3242 881 3299 934 δὲ
3322 883 3482 936 τοῦτο
3503 883 3605 936 οὒκ

1916 969 2026 1023 ἀπὸ
2068 971 2344 1042 ῥᾳθυμίας
2382 972 2475 1025 καὶ
2515 969 2610 1024 τοῦ
2657 971 2732 1042 μὴ
2778 969 3067 1040 βούλεσθαι
3103 970 3254 1041 παρὰ
3297 970 3387 1024 τὸν
3423 971 3606 1042 ἰατρὸν

1919 1058 2096 1123 ίέναι;
2126 1059 2247 1111 Τῶν
2276 1060 2385 1130 γάρ
2418 1057 2764 1129 πραγμάτων
2797 1059 2866 1111 τά
2905 1059 3005 1128 μὲν
3034 1059 3372 1129 πρόσκαιρον
3408 1059 3604 1130 ἡδονὴν

1917 1144 2052 1216 ἔχει,
2083 1146 2307 1217 διηνεκῆ
2334 1134 2390 1199 δέ
2419 1148 2512 1218 τὴν
2540 1148 2763 1201 κόλασιν
2787 1163 2802 1177 ⁸
2833 1146 2903 1199 τά
2929 1146 2984 1199 δὲ
3007 1147 3339 1206 τούναντίον,
3378 1149 3476 1216 την
3506 1146 3606 1218 μὲν

1919 1235 2216 1306 καρτερίαν
2265 1235 2602 1306 πρόσκαιρον
2625 1277 2640 1298 ,
2693 1235 2916 1306 διηνεκῆ
2951 1235 3006 1288 δὲ
3037 1235 3136 1306 τὴν
3170 1235 3494 1289 ἀπόλαυσιν.
3542 1236 3604 1288 '0

1917 1322 2097 1375 τοίνυν
2116 1322 2260 1377 οὕτω
2287 1322 2488 1394 χαῦνος
2511 1323 2604 1375 καὶ
2639 1323 2903 1395 ῥᾴθυμος.
2929 1321 3069 1376 ὥστε
3099 1323 3172 1393 μὴ
3201 1323 3476 1394 ὑπεριδεῖν
3500 1324 3608 1377 τῶν

1921 1410 2207 1479 παρόντων
2247 1411 2420 1480 ἡδέων
2453 1411 2594 1480 ὑπὲρ
2624 1411 2735 1465 τῶν
2778 1410 3107 1480 μελλόντων,
3142 1411 3351 1479 ταχέως
3387 1410 3608 1462 ἀλίτκεο

1917 1514 2022 1551 ται.
2045 1496 2193 1571 [239]
2218 1501 2350 1552 Εἰπέ
2371 1518 2483 1569 μοι,
2498 1499 2710 1553 όἭσαῦ
2725 1499 2889 1552 πόθεν
2906 1500 3049 1553 ἑάλω
3068 1515 3081 1562 ;
3099 1498 3262 1551 πόθεν
3293 1501 3388 1568 τὴν
3405 1499 3609 1569 παροῦ-

1921 1601 2020 1639 σαν
2070 1586 2264 1658 ἡδονὴν
2309 1590 2407 1658 τῆς
2449 1588 2750 1660 μελλούσης
2798 1588 3170 1658 προτετίμηκε
3217 1587 3424 1656 τιμῆς;
3476 1587 3610 1639 Ἀπὸ

1919 1677 2250 1746 χαυνότητος
2279 1678 2373 1730 καὶ
2409 1678 2703 1746 μαλακίας.
2735 1677 2907 1730 Τοῦτο
2935 1676 2992 1730 δέ
3020 1677 3152 1729 αὑτὸ
3177 1676 3363 1735 πόθεν,
3405 1676 3607 1747 φησίν;

1931 1763 2024 1828 Ἐξ
2050 1765 2212 1835 ἡμῶν
2228 1765 2409 1819 αὐτῶν
2426 1783 2438 1796 ·
2463 1768 2555 1818 καὶ
2585 1767 2746 1836 δῆλον
2769 1765 3182 1819 ἐκεῖθεν.”οταν
3205 1763 3311 1834 γὰρ
3334 1763 3608 1834 θέλωμεν,

1918 1852 2285 1924 διανιστῶμεν
2335 1855 2724 1918 ἑαυτοὺς,νκαὶ
2776 1855 3102 1926 καρτερικοὶ
3154 1853 3420 1923 γινόμεθα
3483 1852 3611 1906 Ἐὰν

1920 1942 2054 2012 γοῦν
2075 1942 2290 2015 ἀνάγκη
2322 1944 2455 1997 ποτὲ
2486 1944 2728 2006 ἐπέλθοι,
2766 1943 3030 2007 πολλάκις
3063 1944 3118 1996 δὲ
3159 1943 3252 1995 καί
3301 1931 3613 2012 φιλονεικῆο

1926 2047 2119 2096 σαντες
2144 2033 2330 2102 μόνον,
2357 2032 2419 2086 10
2445 2034 2720 2105 χρήσιμον
2748 2032 3084 2103 συνείδομεν.

1998 2131 2166 2183 Ὅταν
2185 2130 2366 2183 τοίνυν
2394 2130 2596 2201 μέλλῃς
2629 2132 2860 2202 τρυφᾷν,
2895 2131 3148 2200 ἐννόησον
3188 2129 3248 2181 10
3274 2128 3612 2200 πρόσκαιρον

1923 2217 2023 2287 τής
2051 2217 2266 2289 ἡδονῆς,
2310 2217 2410 2288 τὴν
2446 2216 2652 2288 ζημίαν
2707 2217 2908 2287 (ζημία
2957 2215 3067 2287 γὰρ
3096 2215 3266 2278 ὅντως
3299 2218 3416 2268 ἐστὶ
3473 2216 3612 2284 μετὶ

1923 2307 2025 2378 τῆς
2051 2308 2260 2372 οἰκείας
2288 2307 2468 2378 λύμης
2495 2306 2736 2361 τοσαῦτα
2775 2307 3033 2378 χρήματα
3055 2305 3350 2376 δαπανᾷν),
3388 2303 3488 2366 τὰς
3533 2305 3615 2357 νόο

1925 2410 2072 2458 σους,
2097 2395 2196 2459 τὰς
2219 2395 2554 2468 ἀρρωστίας,
2581 2395 2675 2448 καὶ
2696 2393 3114 2463 καταφρόνησον
3141 2393 3374 2463 τρυφῆς.
3404 2392 3616 2456 Πόσους

1927 2481 2012 2534 001
2043 2481 2223 2552 βούλει
2261 2481 2558 2554 ἀριθμήσω
2582 2482 2730 2535 κακά
2769 2481 3042 2542 παθόντας
3089 2481 3196 2533 ἀπὸ
3223 2482 3322 2548 τῆς
3364 2481 3611 2551 τρυφῆς;

1939 2570 1998 2625 ’0
2030 2570 2154 2624 Νῶε
2179 2569 2456 2641 ἐμεθύσθη
2481 2571 2577 2624 καὶ
2609 2569 2926 2639 ἐγυμνώθη,
2979 2568 3077 2622 καὶ
3113 2569 3217 2640 δρα
3244 2567 3389 2621 πόσα
3423 2569 3616 2636 γέγονε

1926 2660 2072 2712 κακά
2100 2659 2209 2711 ἀπὸ
2232 2658 2445 2711 τούτουο
2480 2659 2509 2710 0
2564 2657 2738 2711 Ἠσαῦ
2795 2656 2904 2709 ἀπὸ
2938 2653 3280 2727 λαιμαργίας
3337 2655 3616 2726 προέδωκε

1924 2747 1997 2801 τά
2045 2748 2412 2820 πρωτοτόκια.
2448 2748 2544 2800 καὶ
2597 2749 2678 2811 είς
2725 2746 3148 2817 ἀδελφοκτονίαν
3208 2745 3492 2817 ὥρμησεν.
3551 2745 3618 2798 ’0

1925 2836 2077 2902 λαὸς
2102 2839 2136 2891 ό
2169 2835 2278 2890 τοῦ
2321 2835 2561 2904 Ἰσραὴλ
2590 2835 2832 2889 ἐκάθισε
2889 2834 3105 2904 φαγεῖν
3155 2835 3258 2889 καί
3287 2835 3464 2890 πιεῖν.
3519 2834 3619 2890 καί

1927 2922 2281 2989 ἀνέστησαν
2305 2921 2552 2984 παίζειν.
2594 2922 2695 2975 Διά
2718 2921 2876 2975 τοῦτό
2922 2938 3078 2993 φησι,
3104 2921 3318 2992 Φαγπὼν
3339 2921 3439 2975 καί
3467 2921 3624 2975 πιὼν

1925 3007 2230 3078 μνήσθητι
2285 3010 2510 3077 Κυρίου
2565 3009 2672 3064 τοῦ
2707 3009 2856 3064 Θεοῦ
2891 3025 3030 3063 σου.
3078 3011 3173 3074 El;
3229 3010 3339 3079 γάρ
3377 3010 3625 3081 κρημνδν

1928 3095 2186 3149 ἐνέπεσον
2211 3099 2259 3150 οἰ
2281 3100 2362 3161 είς
2394 3098 2496 3152 τὴν
2546 3097 2758 3167 τρυφὴν
2793 3097 3150 3166 ἐμπεσόντες.
3192 3097 3259 3151 Ἦ
3308 3097 3488 3165 χήραν
3520 3082 3627 3166 (Ρηᾲ

1932 3184 2041 3247 01v,
2053 3185 2091 3252 ἠ
2112 3183 2506 3250 σπαταλῶσα,
2521 3183 2680 3245 ζῶσα
2700 3183 3008 3252 τέθνηκεν’
3025 3186 3122 3239 καὶ
3138 3183 3324 3248 πάλιν,
3343 3184 3627 3238 Ἐλιπὰν-

1931 3275 2025 3338 θη,
2045 3273 2380 3341 ἐπαχύνθη,
2403 3274 2500 3325 καί
2522 3273 2977 3326 ἀπελάκτισεγό
2989 3271 3398 3341 ἠγαπημένος·
3417 3273 3511 3326 καὶ

1929 3361 2014 3414 λιν
2030 3361 2059 3412 0
2073 3359 2415 3424 ’Δπόστολοιυ
2438 3359 2558 3428 τῆς
2574 3360 2804 3428 σαρκὸς
2822 3360 3116 3428 πρόνοιαν
3125 3360 3213 3428 μὴ
3239 3360 3511 3415 ποιεῖσθε
3540 3364 3628 3427 εὶς

1931 3448 2270 3517 ἐπιθυμίας.
2307 3448 2382 3501 Οὑ
2415 3447 2696 3516 νομοθετῶ
2727 3448 2983 3517 νηστείαν
3015 3447 3158 3517 (οὑδέ
3203 3449 3313 3518 γὰρ
3350 3449 3378 3500 ό
3413 3449 3629 3502 ἀκούων

1933 3535 2122 3605 ἐστίν).
2152 3534 2269 3589 ἀλλ’
2301 3534 2512 3606 ἀναιρῶ
2548 3534 2853 3606 σπατάλην,
2898 3535 3154 3588 ἐκκόπτω
3184 3535 3420 3606 τρυφὴν,
3447 3536 3538 3590 διὰ
3569 3536 3630 3590 10

1934 3622 2208 3694 χρήσιμον
2236 3621 2300 3675 10
2327 3621 2615 3693 ὑμέτερον·
2650 3621 2906 3691 καθάπερ
2947 3623 3055 3693 γὰρ
3117 3623 3441 3695 χείμαρρος,
3485 3624 3630 3677 οῦτω

1935 3710 2113 3764 πάντα
2137 3710 2436 3781 ἀνατρέπει
2469 3711 2502 3780 ἡ
2531 3711 2735 3782 τρυφή·
2779 3710 2931 3762 οὐδὲν
2958 3709 3130 3780 αὐτὴν
3159 3711 3220 3762 10
3255 3712 3464 3766 κωλύον
3489 3713 3626 3766 ἐστί·

1939 3797 2219 3870 βασιλείας
2250 3797 2523 3852 ἐκϐάλλει.
2562 3797 2627 3850 Τί
2658 3797 2719 3850 10
2772 3798 2971 3862 πλέον;
3025 3797 3216 3870 Βούλει
3254 3801 3501 3870 τρυφᾷνς
3531 3800 3631 3864 A0;

1939 3875 2160 3954 πένησι,
2195 3883 2423 3938 κάλεσον
2442 3884 2534 3936 τὶν
2568 3883 2805 3953 Χριστὸν
2842 3883 2929 3936 ἵνα
2963 3885 3058 3937 καὶ
3112 3884 3251 3953 μετὰ
3274 3884 3335 3936 τὸ
3367 3885 3468 3956 τὴν
3498 3887 3634 3956 τρά-

1941 3973 2112 4037 πεζαν
2146 3972 2378 4044 ἀρθῆναι
2411 3972 2542 4044 ἔχῃς
2593 3974 2829 4043 τρυφᾷν.
2873 3971 2989 4024 Νῦν
3022 3973 3120 4040 μὲν
3156 3973 3266 4044 γάρ
3305 3973 3407 4026 οὑκ
3460 3974 3626 4042 ἔχεις.

1940 4059 2186 4122 εἰκότως·
2221 4059 2342 4112 οὑδὲ
2363 4058 2474 4129 γάρ
2513 4059 2714 4128 ἕστηκε
2761 4058 2830 4110 τά
2860 4057 3114 4110 ἐνταῦθα’
3177 4060 3300 4112 τότε
3350 4060 3407 4113 δέ
3461 4060 3624 4123 ἕξεις.

1940 4145 2129 4199 Βούλει
2149 4146 2427 4218 τρυφῆσαι
2449 4161 2464 4211 ;
2520 4145 2730 4215 Θρέψον
2763 4146 2861 4214 τὴν
2888 4144 3092 4216 ψυχὴν.
3129 4147 3359 4216 μετάδος
3385 4147 3522 4218 αὐτῇ
3547 4166 3632 4201 σι-

1939 4232 2068 4285 τίων
2108 4225 2183 4286 ῶν
2239 4232 2358 4292 ἔθος
2407 4232 2541 4302 ἔχει·
2593 4232 2668 4303 μὴ
2719 4231 3120 4303 λιμοκτονήσῃς
3171 4235 3363 4303 αὑτήν.
3425 4235 3633 4305 Καιρὸς

1942 4318 2202 4391 πολέμου,
2227 4320 2419 4390 καιρὸς
2475 4318 2708 4388 ἀγῶνος·
2746 4320 2809 4372 σὺ
2833 4319 2892 4371 δὲ
2937 4320 3184 4391 κάθησαι
3225 4320 3485 4392 τρυφῶν;
3521 4323 3630 4389 υύχ

1940 4406 2074 4478 δρᾷς
2111 4407 2362 4470 καὶτοὺς
2393 4407 2460 4461 τά
2517 4407 2775 4480 σκῆπτρα
2830 4409 3353 4479 ἐγκεχειρισμένους
3404 4410 3462 4461 ἐν
3511 4412 3632 4472 ταῖς

1942 4493 2048 4560 ἔξω
2089 4496 2403 4566 στρατείαις
2436 4495 2672 4558 εὐτελῶς
2712 4486 2957 4563 ζῶντας;
3014 4498 3134 4550 Οὐκ
3199 4497 3370 4551 ἔστιν
3423 4497 3566 4566 ἡμῖν
3597 4499 3634 4569 ἠ

1943 4585 2110 4652 πάλη
2155 4584 2303 4651 πρὸς
2327 4579 2471 4652 αἷμα
2506 4583 2606 4636 καί
2638 4583 2860 4652 σάρκα·
2905 4584 2971 4637 σὺ
3010 4584 3067 4636 δὲ
3111 4583 3382 4647 λιπαίνεις
3437 4586 3634 4639 σαυτὸν

1947 4672 2158 4744 μέλλων
2188 4661 2471 4744 παλαίειν;
2507 4673 2750 4744 Ἔστηκε
2772 4672 2976 4743 τρίζων
3009 4673 3137 4737 τοὺς
3161 4673 3382 4736 ὀδόντας
3408 4675 3574 4727 αὑτοῦ
3606 4678 3636 4730 ό

1945 4740 2259 4826 ἀντίπαλος,
2297 4740 2439 4815 σὺδέ
2474 4740 2868 4833 διακεχυμένος
2899 4764 3213 4833 τυγχάνεις,
3270 4764 3360 4816 καὶ
3384 4761 3636 4837 τραπέζῃ

1946 4845 2430 4921 προσέχειςνοῖδα
2475 4852 2598 4921 εἰκῆ
2623 4850 2801 4904 ταῦτα
2860 4851 3056 4920 λέγων,
3111 4851 3226 4906 ἀλλ’
3257 4852 3355 4921 οὑχ
3404 4853 3634 4907 ἀπασιν.

1957 4940 2021 4993 ’0
2048 4941 2206 5008 ἔχων
2228 4935 2348 4994 ὦτα
2367 4941 2614 4994 ἀκούειν
2641 4939 2931 4996 ἀκουέτω.
2975 4941 3035 4995 Ὀ
3078 4941 3312 5012 Χριστὸς
3342 4942 3447 4994 ὑπὸ
3474 4942 3634 5014 λιμοῦ

1947 5028 2196 5098 τήκεται,
2228 5027 2292 5081 σὺ
2315 5026 2370 5080 δὲ
2405 5027 2511 5080 ὑπὸ
2536 5029 2986 5099 γαστριμαργίας
3019 5031 3257 5099 διασπᾷς
3289 5030 3506 5082 σαυτόν·
3543 5031 3640 5085 ίύυ

1894 5131 1898 5134 '
1948 5115 2232 5186 ἀμετρίαι.
2263 5115 2328 5169 Τί
2350 5115 2460 5187 γὰρ
2487 5116 2549 5168 οὑ
2577 5119 2722 5170 ποιεῖ
2749 5116 2920 5170 κακὸν
2947 5118 2981 5188 ἡ
3009 5119 3226 5188 τρυφῆς
3262 5118 3404 5188 Πρὸς
3437 5120 3638 5184 ἑαυτὴν

1948 5204 2167 5257 ἐναντία
2198 5202 2347 5259 ἐστίν
2372 5208 2415 5233 ’⁸
2441 5203 2565 5258 ὅθεν
2595 5204 2696 5256 οὐκ
2725 5200 2865 5268 οἶδα,
2904 5204 3022 5268 πῶς
3070 5206 3166 5258 καὶ
3194 5205 3256 5258 10
3285 5205 3456 5276 όνομα
3478 5205 3639 5265 τοῦτο

1951 5289 2085 5360 ἔχει·
2116 5289 2231 5343 ἀλλ’
2255 5289 2498 5362 ῶσπερὴ
2534 5289 2661 5355 δόξα
2699 5291 2897 5361 ἀτιμία
2919 5287 3075 5356 οὖσα,
3113 5292 3207 5345 καὶ
3233 5294 3261 5346 ό
3287 5292 3519 5355 πλοῦτος
3542 5310 3640 5346 πεφ

1949 5379 2039 5432 νία
2069 5375 2166 5441 ὣν,
2201 5377 2362 5431 τοῦτο
2389 5377 2672 5445 κέκληταιο
2709 5377 2853 5431 οὕτω
2878 5379 2972 5432 καὶ
3002 5382 3035 5451 ἡ
3067 5380 3248 5451 τρυφὴ
3281 5380 3444 5450 ἀηδία
3478 5376 3639 5442 06:10.

1949 5468 2042 5539 Μὴ
2075 5465 2183 5538 γάρ
2233 5466 2466 5536 τυθῆναι
2499 5465 2718 5536 ἔχομεν,
2762 5467 2844 5519 ὃτι
2891 5466 3211 5538 λιπαίνομεν
3257 5468 3520 5533 ἐαυτούς;
3574 5468 3642 5521 Τί

1950 5553 2212 5626 παρέχεις
2222 5553 2302 5626 τῷ
2323 5553 2568 5623 σκῶληκι
2589 5554 2655 5607 λα
2664 5555 2851 5626 μπράν
2865 5556 2966 5626 τὴν
2983 5573 3013 5608 τ
3023 5555 3268 5626 ράπεζαν
3289 5578 3304 5620 ;
3321 5556 3374 5609 τί
3389 5557 3602 5610 πλείονα
3614 5577 3640 5622 ς

1952 5645 2128 5705 ποιεῖς
2148 5642 2275 5705 τοὺς
2320 5641 2555 5712 ἰχῶρας;
2601 5643 2653 5696 τί
2684 5645 2870 5713 πηγάς
2919 5643 3183 5713 ἱδρώτων,
3230 5646 3324 5698 καὶ
3373 5645 3640 5709 δυσωδίας

1951 5729 2365 5794 ἐναποτίθεσαι;
2394 5729 2448 5781 τί
2501 5729 2639 5798 πρὸς
2679 5729 2859 5784 πάντα
2895 5731 3123 5783 σεαυτὸν
3161 5730 3437 5803 ἄχρηστον
3468 5751 3640 5786 κατα-

1955 5817 2492 5883 σκευάζειςςΒούλει
2525 5820 2781 5887 γενέσθαι
2817 5821 3040 5892 ἰσχυρὸν
3088 5821 3181 5875 τὸν
3208 5823 3530 5893 όφθαλμόνς
3566 5824 3644 5877 ’ἰό

1955 5905 2114 5976 σῶμα
2146 5907 2373 5976 ποίησον
2395 5904 2633 5960 εὔτονον.
2660 5908 2770 5960 Καὶ
2805 5908 2913 5978 γὰρ
2939 5912 2996 5961 ἐν
3047 5912 3170 5974 ταῖς
3203 5909 3423 5982 χορδαῖς
3473 5913 3506 5980 ἡ
3540 5929 3642 5979 μέν

2037 5994 2226 6064 f_II:rc,
2251 5994 2367 6064 πρός
2402 5995 2780 6064 έαυτὴξέναντία
2806 5997 2952 6057 ἐστίν,
2981 6010 3007 6046 c
3037 5998 3197 6049 tribus
3221 5997 3361 6050 codd.
3394 6005 3447 6050 et
3480 6012 3638 6064 marg,

1957 6056 2128 6107 Samii
2154 6058 2383 6117 suppleta
2400 6062 2533 6106 sunt.
2559 6056 2695 6109 Εοιτ.
