4084 6332
150 408 260 461 20‘.)

152 523 601 593 iinpiugnamus?
624 525 737 579 Car
759 519 923 574 vermi
956 519 1149 573 lautam
1179 535 1334 589 paras
1360 516 1645 572 mensam?
1672 534 1765 573 cur

150 617 417 684 majorem
448 614 585 669 facis
604 615 808 670 saniem
826 614 850 667 ?
871 616 967 667 cur
982 612 1167 667 fontes
1190 613 1442 666 sudorum
1466 622 1520 665 et
1548 611 1764 667 fartores

148 707 423 775 deponis?
453 721 552 760 cur
594 715 645 759 te
675 705 740 758 ad
769 705 945 758 omnia
994 704 1233 757 inutilem
1278 702 1494 757 reddis?
1527 702 1617 756 Vis
1644 718 1763 758 esse

151 801 345 852 fortem
372 798 635 852 oculum?
655 796 861 864 Corpus
884 795 965 849 fac
986 796 1283 847 robustum.
1315 792 1444 847 Nam
1470 794 1520 846 in
1544 794 1763 847 chordis

149 908 271 957 qua:
303 905 488 943 crassa
532 898 587 943 et
619 889 844 955 impura,
883 886 948 940 ad
972 886 1253 939 melodiam
1284 885 1482 938 inu'ilis
1517 894 1617 946 est,
1642 900 1761 953 qua:

151 998 279 1036 vero
312 982 557 1051 undique
586 994 713 1048 pura
741 988 796 1033 et
826 987 973 1033 tensa
1004 1019 1019 1042 ,
1048 976 1115 1030 ad
1146 991 1309 1029 sonos
1339 977 1559 1028 omnino
1590 974 1754 1028 utilis.

147 1072 255 1124 (Zur
283 1072 498 1126 deludis
525 1069 798 1124 animam?
828 1084 924 1123 cur
953 1068 1210 1137 parietem
1237 1066 1557 1119 crassiorem
1589 1065 1759 1119 facis?

145 1179 245 1217 cur
276 1178 532 1233 maguum
562 1161 766 1214 funium
793 1170 845 1213 et
873 1158 1109 1213 nubem?
1134 1155 1567 1227 quandoquidem
1597 1171 1759 1224 vapo-

146 1271 235 1310 res
264 1267 325 1309 ttt
354 1255 548 1311 nebula
575 1255 818 1323 quasdam
848 1250 1081 1321 nudique
1107 1251 1473 1304 ell'unduntur.
1509 1250 1563 1303 Si
1599 1264 1757 1302 netno

145 1348 329 1411 altus,
359 1349 550 1402 Saltem
596 1346 808 1399 athleta:
850 1345 1081 1397 doceant
1129 1352 1216 1407 te,
1263 1360 1458 1409 corpus
1503 1343 1755 1411 gracilius

142 1455 268 1494 esse
310 1439 607 1492 robustius.
639 1438 727 1493 Sic
764 1449 816 1491 et
858 1437 1031 1489 anima
1067 1434 1421 1504 philosophia:
1451 1435 1627 1487 dedita
1664 1436 1755 1485 lir-

143 1532 327 1593 mior;
357 1531 554 1583 similis
583 1545 809 1598 namque
846 1538 927 1581 est
964 1529 1161 1597 aurigte
1199 1536 1253 1579 et
1282 1542 1440 1593 equo.
1478 1526 1542 1578 Et
1572 1526 1753 1577 videre

143 1625 310 1686 licet,
340 1626 481 1677 sicut
507 1622 750 1675 homines
775 1620 983 1674 delicati
1015 1628 1065 1673 et
1095 1618 1372 1673 obesiores
1393 1660 1407 1679 ,
1438 1618 1513 1673 si:
1546 1628 1598 1670 et
1625 1619 1753 1671 obe-

140 1718 321 1769 siores
355 1715 481 1785 equi
518 1714 782 1767 dil‘licilius
822 1714 1123 1765 exciutntur
1147 1750 1163 1777 ,
1193 1721 1246 1765 et
1288 1712 1513 1764 multum
1553 1713 1753 1779 auriga:

143 1807 346 1876 negotii
387 1806 679 1860 facessunt.
722 1802 1022 1872 Optandnm
1065 1811 1233 1868 certe,
1270 1812 1325 1855 ut
1365 1802 1750 1872 obsequentem

1093 404 1159 459 IN
1197 404 1375 460 ACTA
1418 403 1942 463 APOSTULURURL
1987 408 2218 464 IIOMIL.
2264 409 2503 466 XXVIII.

3371 417 3479 471 (210

1869 530 1923 574 et
1972 523 2182 575 ﬁrmum
2226 539 2422 593 equum
2473 524 2679 579 habens
2730 525 2898 594 possit
2946 524 3187 581 bravium
3239 533 3477 600 assequi.

1869 614 2095 679 Quando
2124 626 2301 671 autem
2332 619 2540 686 Cogitur
2565 620 2745 689 auriga
2780 619 2994 675 trahere
3022 620 3194 690 ipsum
3219 663 3233 685 ,
3269 632 3323 675 et
3354 626 3476 676 lllll-

1868 706 1963 761 lies
1994 709 2197 775 lapsum
2224 725 2289 763 ne
2317 709 2605 779 pungendo
2630 712 2844 778 quidetn
2872 712 3032 781 erigit
3057 731 3069 767 :
3090 715 3296 768 etiamsi
3320 716 3477 768 valde

1866 798 1935 849 sit
1979 800 2179 865 peritus
2203 842 2217 864 ,
2250 815 2278 853 a
2308 800 2533 859 victoria
2574 802 2805 855 excidet.
2847 802 2923 856 Ne
2959 804 3325 870 deSpieiatnus
3355 811 3469 858 ani-

1866 904 2005 940 mam
2038 899 2297 955 nostram,
2329 905 2358 943 a
2388 907 2614 960 corpore
2643 894 2860 957 lzrsam;
2894 895 3002 946 itno
3032 895 3172 947 illam
3208 898 3476 964 perspica-

1864 981 2062 1033 ciorem
2094 979 2398 1035 efﬁciamus
2429 1003 2440 1035 :
2470 983 2606 1035 alam
2638 985 2752 1051 ejus
2782 986 2950 1039 levem
2986 986 3273 1039 reddamus
3294 1029 3308 1048 ,
3343 988 3475 1040 mol-

1864 1070 1994 1125 liora
2017 1073 2223 1125 viucula
2251 1076 2629 1127 :sermonibus
2653 1078 2792 1128 illam
2820 1092 3121 1145 pascamus,
3147 1078 3470 1146 frugalitate,

1863 1173 1921 1216 ut
1965 1180 2151 1218 sanum
2186 1166 2256 1218 sit
2287 1181 2483 1235 corpus
2510 1208 2524 1231 ,
2567 1178 2622 1219 ut
2654 1168 2930 1222 robustum
2957 1209 2973 1235 ,
3020 1180 3074 1222 ut
3112 1171 3343 1239 gaudeat
3374 1186 3472 1222 ttt't‘.

1861 1259 2037 1313 doleat
2068 1278 2080 1313 :
2117 1270 2173 1313 ut
2221 1272 2402 1316 nostra
2446 1263 2525 1316 sic
2572 1273 2717 1317 recte
2766 1264 3159 1317 constituentes
3201 1265 3472 1333 possimus

1861 1367 2121 1405 summam
2155 1354 2405 1407 virtutem
2446 1354 2711 1423 attingere
2740 1398 2751 1416 ,
2790 1366 2950 1424 atque
2981 1368 3180 1409 a-terna
3213 1356 3469 1423 Conscqui

1862 1454 2019 1505 bona,
2044 1446 2211 1512 gratia
2234 1455 2287 1497 et
2314 1446 2642 1515 benignitate
2670 1447 2877 1499 Domini
2908 1450 3074 1501 nostri
3096 1447 3221 1503 Jesu
3245 1448 3467 1506 Christi.

1858 1538 2071 1605 quicum
2123 1539 2263 1593 Patri
2310 1556 2523 1609 unaque
2568 1542 2788 1609 Spiritui
2829 1552 3019 1597 sancto
3048 1543 3217 1610 gloria
3243 1584 3257 1604 ,
3295 1544 3467 1610 impe-

1858 1629 2016 1688 rium.
2040 1630 2231 1693 honor,
2257 1646 2398 1684 nunc
2422 1640 2475 1683 ct
2501 1646 2735 1701 semper,
2757 1643 2809 1687 ct
2833 1634 2883 1687 in
2906 1634 3099 1687 saecula
3124 1633 3467 1687 smculornm.

1860 1724 2049 1773 Amen.

1445 2009 1792 2071 HOMILIA
1839 2012 2132 2075 XXVI“.

134 2166 268 2220 CAP.
318 2165 405 2218 15.
443 2178 496 2216 v.
530 2164 581 2215 4.
617 2160 682 2213 Et
725 2159 825 2230 ipsi
870 2159 1068 2229 quidem
1117 2158 1257 2212 missi
1285 2174 1317 2209 a
1345 2156 1547 2223 Spiritu
1578 2166 1752 2207 sum-ta

210 2257 449 2307 abierunt
479 2253 804 2315 Seleuciam;
827 2262 873 2305 et
899 2252 1017 2304 inde
1039 2252 1400 2320 navigaverunt
1422 2251 1471 2301 in
1500 2247 1747 2318 Cyprum.

214 2350 262 2403 5.
298 2348 366 2401 Et
394 2366 508 2400 cum
540 2348 784 2399 venissent
813 2346 1151 2407 Salaminam,
1181 2344 1527 2412 praedicabant
1547 2342 1750 2395 verbum

212 2440 307 2494 Dei
330 2446 382 2492 in
406 2437 1007 2509 synagogisludtcorum.
1038 2434 1302 2488 Habebunt
1324 2445 1491 2487 autem
1513 2444 1558 2487 et
1582 2432 1748 2485 Joan-

211 2550 326 2585 nem
353 2533 661 2583 ministrum.

211 2626 265 2680 l.
309 2623 555 2679 Ordinati
594 2621 751 2675 simul
784 2621 1028 2675 exierunt
1054 2662 1068 2685 ,
1099 2630 1153 2673 et
1184 2620 1234 2673 in
1266 2619 1498 2690 Cyprum
1534 2618 1748 2686 naviga-

135 2730 258 2771 runt
282 2725 399 2783 ,‘Po
440 2715 578 2784 quod
612 2714 716 2767 illic
759 2714 918 2767 null:e
954 2722 1131 2767 essent
1176 2712 1403 2773 insidias,
1428 2720 1481 2764 et
1522 2712 1742 2763 verbum

135 2812 227 2864 Dei
281 2811 393 2880 jam
429 2809 834 2863 disseminatum
871 2820 1036 2862 esset.
1070 2807 1368 2862 Antiochia:
1396 2806 1608 2877 quidem
1635 2808 1741 2872 jam

135 2902 285 2957 inulti
321 2913 507 2957 erant:
533 2901 801 2956 thnicia
839 2916 1002 2969 prope
1026 2898 1744 2969 Palaestinamerat,Cyprus

133 3014 239 3049 non
266 2998 422 3048 itettt.
448 2995 713 3048 Ca-terum
738 3012 803 3047 ne
821 3008 1050 3063 qureras,
1080 3009 1278 3060 quare;
1300 2990 1513 3059 quando
1534 2990 1735 3059 Spiritu

131 3099 468 3144 moventur:
501 3104 605 3142 non
653 3088 828 3142 solum
869 3087 1011 3140 enim
1055 3087 1257 3156 Spiritu
1300 3097 1425 3137 sunt
1464 3086 1736 3149 ordinati,

129 3182 224 3235 sed
256 3182 424 3235 ctiam
459 3181 625 3233 missi.
664 3178 729 3231 Et
758 3197 871 3231 cum
898 3180 1142 3231 venissent
1171 3176 1523 3236 Salaminam,
1556 3177 1741 3243 pra'di-

128 3274 313 3327 tubant
347 3274 550 3325 verbum
577 3270 672 3325 Dei
696 3271 749 3322 in
781 3271 1048 3341 synagoyis
1077 3268 1394 3323 Juda'orunt.
1433 3268 1591 3322 Vides
1620 3269 1740 3321 illos

126 3381 252 3417 cum
287 3364 439 3417 omni
470 3363 743 3433 diligentia
774 3365 992 3415 verbum
1026 3365 1270 3414 nuntiare
1305 3362 1488 3429 primis
1519 3360 1642 3423 illis,
1674 3377 1739 3414 ne

128 3457 253 3510 illus
288 3454 739 3509 Contentiosiores
777 3453 1097 3506 redderent?
1127 3453 1188 3506 Et
1213 3454 1283 3504 illi
1311 3453 1518 3504 nonnisi
1542 3452 1739 3505 Juda-is

125 3549 497 3617 loquebantur
525 3590 537 3607 ,
567 3556 621 3601 et
650 3548 700 3599 lii
728 3546 793 3599 ad
831 3561 1126 3617 synagogas
1157 3547 1422 3599 abierunt.
1449 3548 1499 3599 6.
1530 3545 1594 3599 Et
1623 3563 1739 3599 cum

124 3640 568 3710 perambulassent
580 3638 859 3691 universam
870 3638 1088 3690 insulam
1104 3652 1256 3705 usque
1275 3635 1528 3704 Pup/mm,
1547 3655 1739 3691 invene-

124 3740 247 3784 runt
265 3731 433 3783 virum
443 3728 709 3798 quandam
732 3744 933 3796 magum
956 3728 1447 3797 pseudoprOp/ietam
1470 3729 1500 3780 ,Ι
1509 3730 1732 3791 udreum,

123 3823 210 3873 cui
244 3836 431 3875 nomen
462 3818 703 3889 Barjesu,
740 3820 791 3872 7.
816 3820 897 3889 qui
933 3831 1039 3872 erat
1073 3836 1187 3872 cum
1216 3823 1516 3883 proconsule
1554 3820 1735 3889 Sergio

128 3915 324 3976 Pau.‘o,
354 3916 463 3967 viro
492 3916 736 3980 prudente
764 3928 781 3965 :
806 3914 892 3981 qui
920 3915 1177 3967 accersitis
1204 3913 1441 3966 Barnaba
1467 3925 1514 3966 et
1545 3915 1730 3981 Suulo,

120 4004 451 4058 desiderabat
480 4005 658 4056 audire
682 4004 881 4057 verbum
910 4003 1025 4056 Dei.
1054 4005 1106 4058 8.
1144 4004 1415 4058 Resistcbat
1441 4018 1605 4059 autem
1632 4008 1733 4063 illis

124 4099 347 4168 Elymus
389 4114 565 4167 magus
594 4097 707 4165 (sic
749 4098 882 4149 enim
922 4098 1278 4167 interpretatur
1321 4116 1499 4151 nomen
1545 4100 1728 4168 ejus),

118 4208 359 4258 qmtrens
398 4198 621 4242 avertere
661 4190 1009 4258 proconsulem
1043 4207 1073 4241 a
1104 4190 1223 4255 ﬁde.
1272 4188 1500 4243 Rursum
1544 4198 1730 4261 magus

118 4283 348 4336 Juda-us
379 4284 519 4334 sicut
558 4281 764 4335 Simon.
805 4283 868 4335 tt
896 4282 1179 4335 considera
1214 4282 1383 4349 ipsmu
1413 4325 1426 4344 ,
1456 4284 1579 4335 dum
1610 4284 1729 4337 aliis

120 4375 515 4442 pra-dicabant,
542 4391 643 4427 non
674 4374 896 4428 multum
923 4374 1306 4443 indignantem,
1331 4376 1426 4428 sed
1455 4393 1574 4428 cum
1605 4392 1728 4444 pro-

114 4470 405 4522 c-msulcm
428 4466 703 4520 adiisscut.
736 4466 886 4533 Quod
909 4475 1087 4520 autem
1114 4467 1163 4519 in
1189 4467 1507 4533 proconsule
1533 4468 1725 4521 mirum

114 4573 227 4625 est,
261 4560 408 4630 quod
439 4560 581 4613 illius
608 4560 774 4628 magia
807 4570 1227 4629 prmoccupatus,
1261 4560 1488 4613 voluerit
1513 4571 1726 4629 aposto-

114 4657 203 4707 ins
230 4654 442 4706 audire.
472 4652 560 4707 Sic
588 4662 641 4706 et
671 4651 987 4705 Samaritani
1021 4650 1295 4714 fecerunt;
1324 4662 1376 4705 et
1404 4667 1467 4705 ex
1500 4667 1723 4721 compa-

112 4748 335 4800 ratione
364 4744 583 4797 victoria
622 4756 842 4813 apparet
868 4786 881 4805 ,
922 4754 975 4796 et
1016 4744 1183 4811 magia
1226 4744 1480 4796 vincitur.
1517 4741 1723 4811 Ubique

113 4853 257 4889 vana
289 4837 453 4905 gloria
479 4845 532 4888 et
556 4852 706 4887 anmr
734 4834 1058 4903 principatus
1086 4849 1259 4887 causa:
1288 4834 1546 4886 tnalorutn
1574 4846 1718 4888 Stlltt.

110 4932 174 4984 9.
202 4931 398 4983 Saulus
424 4940 609 4990 autem,
632 4931 717 4996 qui
743 4938 789 4980 et
821 4926 1032 4989 Paulus,
1059 4928 1277 4995 repletus
1305 4928 1500 4996 Spiritu
1520 4939 1715 4991 saturto,

111 5026 323 5076 intuens
361 5024 416 5073 in
451 5039 563 5073 eum
585 5063 597 5084 ,
634 5023 720 5075 lt).
760 5022 888 5073 dixit
913 5037 929 5072 .'
954 5020 997 5072 0
1025 5022 1170 5087 plene
1198 5022 1333 5071 omni
1364 5021 1481 5073 dolo
1507 5030 1553 5073 et
1583 5024 1718 5074 omni

112 5116 353 5184 fallacia,
384 5113 459 5180 ﬁli
489 5114 696 5167 diaboli.
726 5113 925 5164 inimice
950 5112 1113 5163 omnis
1140 5112 1368 5178 iustitia},
1401 5128 1501 5163 non
1530 5112 1717 5166 desinis

107 5210 405 5261 subvertere
431 5207 534 5258 vias
568 5204 767 5257 Domini
798 5204 1000 5258 rectus?
1028 5205 1114 5258 il.
1149 5203 1214 5256 Et
1240 5221 1374 5256 nunc
1400 5221 1510 5257 ecce
1538 5222 1715 5257 manus

113 5298 334 5351 Domini
363 5313 517 5365 super
543 5308 608 5357 te,
638 5308 684 5349 et
711 5297 807 5350 eris
830 5312 991 5349 ccvcas
1009 5337 1025 5360 ,
1055 5312 1155 5347 non
1184 5295 1353 5347 ridens
1380 5296 1534 5348 solem
1564 5313 1717 5365 usque

107 5395 174 5443 u.l
204 5404 429 5453 tetnpus.
466 5390 560 5442 llic
594 5406 786 5443 nouicu
827 5390 966 5442 illius
998 5400 1230 5440 tnutatur
1277 5398 1393 5457 post
1424 5390 1711 5442 ordinatio-

109 5501 235 5537 ιιι-ιιι
260 5525 276 5543 ,
309 5483 355 5535 id
383 5482 523 5551 quod
555 5482 713 5533 etiam
746 5481 903 5534 Petro
932 5481 1141 5533 accidit.
1178 5480 1242 5532 Et
1269 5480 1410 5545 vide,
1444 5496 1545 5533 non
1578 5495 1711 5533 ροη-

110 5573 335 5627 ;nmelia
362 5586 465 5637 est,
498 5574 589 5624 sed
621 5571 931 5640 increpatio.
964 5571 1268 5625 Petulantes
1292 5571 1433 5623 enim
1462 5582 1513 5623 ct
1544 5572 1711 5638 impu-

109 5668 310 5721 dentes
330 5667 405 5719 sic
426 5676 640 5735 oportet
663 5666 958 5733 increpare.
982 5662 1025 5717 0
1045 5664 1189 5732 plene
1204 5665 1339 5715 omni
1357 5665 1493 5727 dolo,
1518 5664 1708 5732 inquit,

111 5777 154 5816 cl
177 5762 325 5815 omni
344 5760 579 5831 fallacia,
604 5758 679 5825 fili
706 5757 892 5810 diaboli
914 5798 929 5821 ,
953 5756 1151 5809 inimice
1177 5757 1337 5810 omnis
1354 5757 1587 5825 justitiw.
1616 5758 1711 5814 llic

117 5855 322 5909 tcvelat
362 5870 421 5907 ca
449 5896 464 5919 ,
497 5868 618 5920 qute
659 5850 711 5904 itt
742 5857 921 5905 mente
954 5848 1043 5903 ille
1074 5848 1333 5913 habebat,
1366 5850 1492 5905 dum
1524 5853 1707 5907 salutis

1859 2160 2080 2214 obtentu
2116 2163 2488 2228 proconsulem
2527 2164 2793 2231 perderet.
2830 2163 2952 2217 Non
2981 2164 3170 2218 desinis
3196 2204 3211 2229 ,
3248 2166 3417 2235 inquit.
3445 2207 3459 2228 ,

1857 2251 2140 2306 subvertere
2166 2254 2275 2306 vias
2305 2253 2547 2308 Domini?
2569 2256 2631 2309 Et
2662 2271 2784 2310 cum
2829 2257 2932 2309 lide
2959 2299 2972 2320 ,
3004 2257 3118 2310 Non
3152 2270 3334 2310 contra
3367 2274 3465 2310 nos

1856 2343 2102 2397 decet-tas
2128 2355 2180 2397 et
2212 2360 2415 2414 pugnas
2435 2388 2450 2411 ,
2483 2347 2590 2408 ait,
2622 2347 2716 2401 sed
2743 2349 2855 2401 vias
2885 2350 3093 2402 Domini
3126 2359 3301 2403 rei-tas
3331 2351 3462 2401 sub-

1856 2436 2040 2499 vertis,
2069 2446 2121 2487 et
2152 2451 2271 2490 cum
2303 2438 2547 2491 encomio
2572 2438 2686 2491 haec
2713 2439 2860 2492 dicit.
2895 2438 2960 2491 Et
2987 2457 3121 2492 nunc
3148 2456 3261 2492 ecce
3280 2457 3461 2493 manus

1856 2526 2063 2579 Domini
2090 2545 2244 2594 super
2270 2538 2317 2582 te
2340 2570 2353 2592 ,
2381 2541 2430 2582 et
2456 2531 2554 2583 eris
2579 2547 2761 2583 ca'cus.
2795 2531 2912 2597 Quo
2949 2531 3060 2599 ipse
3096 2531 3349 2583 reductus
3378 2540 3461 2584 est

1855 2620 2027 2688 signo,
2061 2620 2160 2673 hoc
2192 2630 2244 2674 et
2275 2620 2424 2674 illum
2453 2622 2563 2674 vttlt
2592 2621 2870 2675 reducere.
2903 2621 2969 2674 Et
3000 2621 3124 2674 illttd
3147 2663 3160 2683 ,
3194 2620 3364 2688 Usque
3393 2624 3459 2673 ad

1854 2721 2051 2779 tempus
2076 2753 2089 2773 ,
2122 2727 2224 2765 non
2260 2713 2525 2780 puuientis
2556 2713 2755 2766 dictum
2789 2725 2871 2766 est
2894 2755 2908 2779 ,
2943 2713 3036 2767 sed
3068 2716 3454 2768 cnuvertentis.

1854 2802 1983 2855 Nam
2015 2804 2058 2856 si
2094 2805 2361 2871 punientis
2404 2815 2584 2870 esset,
2618 2807 2765 2858 illutn
2797 2807 2847 2858 in
2890 2815 3207 2875 perpetuum
3244 2806 3459 2861 fecisset

1851 2912 2052 2950 carcum
2084 2915 2096 2949 :
2129 2914 2270 2951 nunc
2298 2914 2425 2951 vero
2458 2914 2563 2951 non
2590 2898 2693 2952 hoc
2720 2899 2857 2967 agit,
2893 2899 2987 2953 Sed
3015 2900 3078 2952 ad
3110 2908 3322 2968 tempus
3347 2940 3361 2962 ,
3397 2909 3453 2952 ut

1852 2990 2227 3056 proemisuletn
2260 2989 2513 3043 lucretur.
2548 2988 2615 3041 Et
2645 2991 2908 3061 confestim
2935 2991 3114 3043 cecidit
3143 2991 3192 3042 in
3224 3007 3339 3043 emn
3365 3008 3453 3042 ca-

1851 3080 1953 3149 ligo
1993 3090 2040 3134 et
2083 3082 2334 3145 tenebrw,
2379 3091 2423 3134 et
2461 3082 2705 3135 circuiens
2744 3082 2994 3151 quwrebat
3033 3083 3120 3151 qui
3164 3082 3208 3134 ei
3250 3099 3455 3134 manuni

1850 3175 2013 3226 duret.
2047 3172 2131 3225 1‘2.
2165 3171 2308 3226 Tunc
2336 3174 2610 3243 proconsul
2632 3191 2745 3226 cum
2774 3173 2977 3226 vidisset
3004 3178 3215 3242 factum,
3242 3174 3455 3225 credidit

1848 3267 2109 3317 admirans
2130 3282 2284 3334 super
2304 3267 2534 3317 doctrina
2559 3265 2781 3319 Domini.
2806 3265 2933 3318 Jurc
2953 3274 3100 3318 certe
3124 3281 3137 3317 :
3162 3280 3282 3317 nam
3304 3282 3450 3326 eum,

1848 3360 1937 3427 qui
1968 3359 2137 3425 magia
2169 3369 2572 3426 pra-occupatus
2612 3368 2727 3410 erat
2754 3400 2767 3422 ,
2811 3357 2908 3410 hac
2955 3372 3110 3424 prima
3141 3357 3322 3411 doceri
3358 3374 3453 3425 par

1846 3460 1981 3502 erat.
2026 3450 2117 3503 Sic
2160 3449 2393 3520 Aigyptti
2431 3449 2565 3518 magi
2599 3450 2725 3502 olim
2758 3464 2785 3500 a
2822 3450 3045 3515 pustulis
3075 3450 3266 3503 eruditi
3302 3460 3447 3502 situt.

1847 3542 2123 3610 Perpende
2159 3553 2336 3596 autem
2381 3542 2497 3596 illos
2540 3558 2644 3593 non
2688 3540 2843 3594 isthic
2885 3556 3090 3593 moram
3133 3542 3405 3596 trahentes
3432 3585 3445 3605 ,

1845 3646 2027 3706 utpote
2054 3638 2375 3707 proconsule
2400 3636 2510 3704 jam
2539 3636 2792 3691 credente
2816 3677 2827 3698 .
2860 3652 3036 3707 neque
3063 3636 3369 3690 adulatione
3395 3648 3448 3691 et

1846 3728 2050 3783 hoaorc
2078 3728 2298 3781 emolliti
2330 3736 2475 3791 sunt,
2505 3726 2599 3782 sed
2627 3729 2803 3781 statim
2836 3728 2985 3795 Operi
3015 3743 3073 3782 sc
3102 3728 3442 3785 dediderunt.

1842 3832 1895 3877 ct
1928 3822 1977 3875 itt
2022 3822 2433 3875 transmarinam
2473 3822 2745 3888 regionem
2775 3836 2833 3874 se
2862 3822 3222 3874 contulerunt.
3257 3821 3343 3875 15.
3381 3820 3445 3872 lit

1840 3931 1954 3966 cum
1988 3931 2013 3966 e
2041 3912 2210 3983 Cypro
2242 3915 2559 3982 navigassent
2586 3911 2787 3966 Paulus
2823 3923 2870 3965 et
2900 3914 2986 3981 qui
3013 3930 3127 3989 eum
3164 3930 3222 3965 eo
3262 3923 3441 3975 erant,

1840 4018 2079 4059 venerunt
2116 4004 2311 4076 Pergen
2346 4005 2686 4075 Pamphylia}.
2726 4004 2953 4058 Joannes
2983 4015 3149 4058 autem
3181 4006 3442 4058 discedens

1838 4099 1900 4151 ab
1941 4100 2011 4152 eis
2040 4140 2053 4161 ,
2095 4116 2322 4151 reversus
2357 4110 2426 4151 est
2455 4097 2850 4166 Jerosolymam.
2888 4099 2973 4152 14.
3008 4097 3031 4151 1
3044 4100 3099 4151 lli
3126 4110 3291 4152 autem
3322 4118 3436 4165 pcr-

1836 4202 2150 4244 transeuntes
2195 4188 2393 4261 Pergen
2418 4232 2433 4255 ,
2477 4201 2718 4243 venerunt
2758 4191 3076 4244 Antiochiam
3108 4190 3319 4245 Pisidia:
3350 4208 3369 4245 :
3395 4203 3441 4245 et

1836 4285 2048 4352 ingressi
2086 4299 2397 4352 synagogam
2440 4282 2521 4335 die
2561 4283 2881 4336 sabbatorum
2918 4286 3171 4337 sederunt.
3208 4282 3435 4339 Rursum

1838 4376 1888 4429 iti
1918 4392 2218 4447 synagogas
2250 4376 2429 4429 habitu
2456 4375 2762 4429 Juda'ortttn
2798 4376 3020 4444 ingressi
3055 4364 3207 4442 sunt,
3241 4396 3306 4432 ne
3338 4380 3438 4433 itii-

1836 4479 2199 4536 pugnarentur
2218 4469 2297 4521 vel
2324 4467 2683 4535 pellerentur:
2705 4478 2758 4520 et
2782 4469 2848 4520 ita
2872 4480 3038 4520 totum
3066 4472 3431 4537 perlicieliant.

1835 4558 1923 4613 15.
1956 4557 2080 4611 Post
2120 4560 2379 4611 lectionem
2406 4569 2571 4611 autem
2610 4559 2735 4626 legis
2764 4569 2809 4611 et
2840 4561 3202 4629 praplietarnm
3228 4602 3241 4624 ,
3282 4565 3432 4613 "lixi-

1832 4663 1947 4704 runt
1980 4652 2231 4720 principes
2265 4666 2540 4720 synagoga:
2575 4650 2643 4701 ad
2668 4667 2752 4703 eos
2778 4692 2789 4712 ,
2820 4651 3041 4704 dicentes
3070 4668 3087 4703 :
3110 4650 3321 4705 Fratres
3341 4693 3354 4713 ,
3390 4656 3431 4705 ,εἰ

1831 4757 1901 4798 est
1932 4746 1982 4797 in
2010 4746 2147 4797 vobis
2178 4762 2339 4796 sermo
2366 4746 2731 4796 exhortationis
2758 4744 2825 4795 ad
2853 4744 3080 4813 plebem,
3112 4745 3281 4798 dicite.
3311 4747 3428 4799 Jatu

1832 4839 1953 4891 hinc
1982 4853 2099 4906 qua:
2132 4838 2349 4889 Paulutn
2391 4846 2633 4903 spectant
2664 4836 2921 4888 discimus
2943 4879 2956 4901 ,
2986 4852 3105 4889 cum
3139 4847 3291 4890 antea
3322 4858 3427 4891 non

1832 4946 1993 4997 pattea
2027 4930 2092 4981 dc
2125 4929 2279 4979 Pt'lt'tt
2311 4927 2675 4979 didicerimus.
2709 4926 2812 4979 Sed
2844 4945 2962 4995 qua!
3006 4931 3250 4995 superius
3287 4930 3425 4982 dit-ta

1828 5032 1949 5074 Sunt
1978 5020 2341 5086 CX|.IUI'CIIIUS.
2374 5018 2438 5070 Et
2474 5036 2588 5070 cum
2630 5021 2873 5071 venissent
2904 5020 3253 5084 Salaminam,
3290 5039 3422 5088 prm-

1828 5112 2059 5164 dicubant
2091 5112 2293 5163 verbum
2328 5110 2421 5162 Dei
2453 5112 2503 5162 in
2538 5111 2819 5178 metropoli
2865 5111 3045 5179 Cypri.
3095 5114 3200 5163 l’er
3224 5132 3421 5163 amnnu

1825 5211 2137 5257 tttanserunt
2167 5203 2483 5255 Antiochiae.
2515 5201 2803 5270 Oportebat
2838 5203 2928 5255 illo
2957 5205 3119 5267 abire,
3157 5222 3253 5257 nec
3282 5222 3420 5259 svm-

1826 5314 1921 5366 per
1948 5296 2030 5349 hic
2056 5295 2244 5349 sedere
2273 5311 2285 5347 :
2316 5295 2606 5363 majoribus
2633 5311 2764 5361 opus
2795 5296 3061 5349 habebant
3087 5296 3418 5349 doctoribu»

1830 5390 1977 5455 Vide,
2005 5386 2275 5458 quomodo
2300 5387 2557 5441 Seleucia!
2589 5402 2690 5439 non
2720 5403 2899 5439 moras
2926 5388 3159 5449 trahant,
3184 5391 3421 5443 scientes

1822 5500 1849 5536 a
1884 5484 2051 5537 vicina
2095 5480 2314 5534 civitate
2363 5482 2585 5533 multum
2635 5480 2877 5532 utilitatis
2918 5482 3189 5548 accepisse
3234 5481 3421 5535 Selen-

1820 5574 2027 5627 r-ivuses
2052 5616 2066 5637 ,
2101 5572 2193 5625 sed
2241 5573 2345 5625 illic
2376 5574 2537 5625 etiam
2579 5571 2835 5625 festinant
2872 5573 2934 5624 ad
2968 5588 3027 5625 ea
3055 5614 3069 5636 ,
3101 5590 3217 5641 «μιν
3251 5576 3417 5641 magis

1821 5666 2100 5732 urgebant.
2142 5664 2273 5717 Nam
2322 5676 2375 5717 ιιι
2416 5676 2679 5718 venerunt
2724 5666 2787 5717 :nl
2837 5669 3156 5734 tuelropolin
3205 5669 3415 5732 insulm,

1821 5756 2193 5825 proconsulem
2238 5755 2525 5809 emendare
2564 5757 2872 5810 studebant.
2908 5758 3059 5825 Quod
3091 5767 3269 5812 autem
3311 5776 3414 5811 non

1820 5864 1883 5901 ex
1915 5846 2218 5903 adulatione
2244 5848 2473 5914 dicatur,
2514 5847 2634 5901 Μαι
2665 5866 2778 5901 cum
2805 5849 3125 5915 proconsule,
3158 5852 3263 5902 τινα
3296 5868 3413 5905 vru-
