4088 6330
624 403 722 457 2H

625 524 788 580 dente,
822 532 886 569 ex
915 529 975 568 re
1004 514 1112 581 ipsa
1140 509 1287 564 disce
1314 526 1327 561 :
1354 503 1616 576 quomodo
1653 516 1755 554 non
1786 498 1961 551 multis
1988 505 2199 546 Sermo-

628 610 784 665 nibus
808 621 941 674 epus
969 604 1233 663 habuerit.
1263 597 1529 670 quomodo
1552 594 1775 647 voluerit
1801 593 1968 658 ipsum
1996 585 2199 638 audire.

628 702 693 755 Et
720 701 931 754 nomina
960 698 1228 751 civitatum
1266 700 1535 753 recenset,
1568 685 1852 741 ostendens
1879 680 2042 750 quod,
2072 692 2204 744 quo.

629 796 767 846 niam
800 807 969 859 nuper
994 791 1210 843 verbum
1243 792 1574 852 receperant,
1600 795 1734 849 opus
1759 787 1872 830 erat
1896 770 2203 828 eontirmari

628 884 748 937 illos
800 892 855 934 ut
905 883 953 934 in
1005 880 1105 934 lide
1151 885 1427 931 manerent
1468 892 1481 927 :
1531 888 1694 943 quare
1740 872 2043 938 frequenter
2088 866 2207 919 illas

626 977 843 1029 adeunt.
880 972 1147 1040 Perpende
1169 1012 1183 1036 ,
1213 967 1481 1039 quomodo
1510 966 1638 1019 nihil
1670 979 1821 1031 mago
1851 961 2077 1025 dixerit,
2110 958 2206 1012 do—

630 1086 728 1122 nec
758 1070 846 1122 ille
872 1068 1204 1121 occisionem
1233 1065 1406 1126 daret,
1430 1062 1521 1116 sed
1550 1060 1769 1114 verbum
1801 1056 2005 1112 Domini
2032 1058 2205 1108 solum

630 1161 1028 1215 annuntiabant.
1074 1159 1204 1227 Quia
1235 1158 1377 1211 enim
1416 1157 1550 1210 alios
1593 1153 1927 1208 attendentes
1956 1148 2205 1212 videbat,

631 1255 681 1309 id
713 1270 873 1308 unum
907 1254 993 1306 ille
1021 1254 1070 1306 in
1100 1266 1264 1319 scepo
1294 1249 1542 1312 habebat,
1570 1265 1635 1301 nc
1664 1248 1749 1300 ille
1778 1240 2203 1312 persuaderetur.

631 1348 697 1401 Et
728 1363 823 1401 cur
851 1362 953 1399 non
982 1344 1123 1398 aliud
1152 1344 1356 1413 signum
1391 1341 1552 1395 fecit?
1579 1340 1697 1409 quia
1731 1338 1930 1391 nullum
1964 1335 2086 1389 huic
2112 1349 2210 1405 par

631 1448 772 1498 erat,
805 1437 942 1501 quod
975 1436 1243 1489 inimicum
1272 1444 1503 1500 caperet.
1535 1451 1549 1474 ι

702 1528 757 1582 2.
794 1529 859 1583 Ει
887 1530 1023 1591 vide,
1051 1530 1221 1595 primo
1249 1527 1510 1593 objurgat,
1539 1534 1587 1578 et
1617 1535 1739 1576 tunc
1766 1522 1945 1593 punit.
1966 1520 2211 1575 Ostendit

634 1629 808 1672 autem
841 1621 984 1672 illum
1012 1619 1153 1683 jnste
1187 1617 1289 1685 pati
1315 1634 1430 1667 eum
1458 1617 1586 1668 dicit
1609 1632 1622 1667 :
1659 1614 1703 1668 0
1730 1616 1874 1684 plene
1897 1616 2033 1667 omni
2057 1612 2212 1667 dolo!

636 1713 737 1766 hoc
761 1724 840 1765 est
864 1754 879 1776 ,
913 1712 1041 1765 nihil
1084 1712 1205 1764 dolo
1243 1726 1465 1761 vacnmu
1498 1708 1719 1763 habens.
1767 1708 1832 1761 Et
1862 1716 2004 1761 recte
2044 1707 2207 1771 dicit,

638 1801 786 1857 Omni
829 1804 982 1867 dolo;
1014 1803 1293 1856 simulabat
1324 1802 1485 1856 enim.
1522 1800 1626 1855 Fili
1667 1801 1853 1853 diaboli
1880 1818 1896 1853 :
1922 1815 2040 1853 nam
2079 1815 2211 1868 opus

636 1894 779 1948 illius
818 1895 1024 1963 agebat.
1059 1892 1270 1945 lnimire
1298 1894 1460 1945 omnis
1498 1893 1704 1954 iustitia:
1732 1908 1750 1944 :
1779 1892 1890 1945 lucc
1919 1892 2057 1945 enim
2089 1906 2213 1945 Vere

635 1998 749 2041 erat
791 1986 962 2038 omnis
1002 1985 1224 2054 justitia.
1269 1985 1390 2038 Mihi
1422 1985 1634 2039 videtur
1671 1986 1768 2036 hoc
1798 1983 2015 2044 dicens,
2053 1982 2213 2037 vitam

635 2079 775 2132 illius
804 2079 1141 2146 redarguere.
1174 2077 1240 2131 Ut
1265 2093 1439 2132 autem
1462 2079 1767 2134 OSIenderet
1793 2078 1907 2132 haec
1928 2078 2085 2131 verba
2109 2093 2213 2130 non

637 2170 704 2223 ab
735 2171 806 2223 ira
841 2169 1121 2238 proliciSri,
1151 2170 1293 2237 prius
1319 2171 1450 2224 dixit
1479 2188 1491 2222 :
1522 2169 1761 2237 Repletus
1789 2170 1986 2241 Spiritu
2009 2180 2218 2233 sancto;

644 2262 747 2317 hoc
773 2273 853 2315 est
870 2305 883 2326 ,
914 2264 1242 2325 Operationc.
1270 2263 1332 2317 Et
1357 2282 1488 2317 nunc
1507 2281 1617 2318 ecce
1637 2283 1816 2319 manus
1838 2264 2043 2318 Domini
2069 2283 2221 2334 super

645 2362 706 2407 te.
739 2353 853 2407 Non
903 2355 1031 2407 ultio
1069 2364 1182 2407 erat
1205 2396 1220 2419 ,
1249 2356 1340 2409 sed
1375 2356 1600 2410 medela.
1636 2359 1712 2411 Ac
1747 2358 1789 2411 si
1828 2358 2033 2412 diceret
2064 2377 2074 2409 :
2102 2357 2217 2411 Non

642 2462 740 2511 ego
767 2444 919 2502 facio.
950 2445 1042 2499 sed
1075 2446 1163 2499 Dei
1196 2462 1403 2500 manus.
1431 2446 1563 2501 Vide
1593 2456 1647 2501 ut
1676 2448 1880 2502 alienus
1903 2459 1985 2502 est
2005 2464 2033 2501 a
2058 2448 2214 2501 fastu.

645 2534 761 2588 [iris
800 2551 960 2588 cazcus
986 2577 998 2599 ,
1032 2553 1132 2589 non
1170 2537 1341 2590 ridens
1375 2538 1528 2591 solem
1568 2556 1720 2605 usque
1758 2540 1825 2591 ad
1862 2550 2071 2607 tempus.
2111 2540 2221 2594 lloc

644 2625 813 2690 dicit,
848 2636 903 2678 ut
930 2628 1015 2680 del
1058 2627 1129 2680 illi
1182 2630 1504 2695 pmuitentia:
1549 2632 1744 2685 locum.
1779 2631 2047 2701 Nusquam
2078 2632 2222 2685 enim

646 2718 894 2771 volebant
921 2736 983 2773 ex
1015 2721 1251 2774 tristibus
1281 2722 1549 2787 Conspicni
1580 2738 1717 2788 esse,
1750 2726 1987 2792 quamvis
2016 2724 2112 2776 hoc
2140 2742 2224 2776 cr-

648 2825 708 2875 ga
734 2809 970 2862 inimiciis
994 2812 1196 2863 tierent.
1218 2811 1457 2879 Sederga
1483 2828 1607 2866 suos
1626 2817 1745 2881 jure
1767 2815 1978 2882 quidem
2003 2817 2220 2867 merito:

646 2914 765 2952 cum
797 2915 919 2951 vero
945 2899 1011 2951 de
1041 2900 1226 2954 alienis
1255 2914 1517 2967 ageretur,
1550 2920 1652 2957 non
1685 2907 1829 2969 item,
1859 2922 1922 2958 ne
1952 2917 2225 2973 putaretur

650 3006 734 3044 res
762 3008 822 3045 ex
854 2992 1163 3046 necessiuite
1190 3006 1237 3047 et
1273 2997 1460 3049 timore
1490 2999 1766 3064 proﬁcisci.
1799 3000 2063 3052 (Iri-citatis
2096 3016 2224 3054 vero

650 3083 854 3148 signum
899 3082 991 3135 fuit
1017 3126 1030 3145 ,
1076 3085 1214 3151 quod
1254 3085 1502 3139 ductores
1539 3098 1819 3155 qua-reret.
1855 3089 2054 3143 Deinde
2081 3092 2227 3147 videt

649 3176 942 3228 czecilalem
974 3178 1273 3242 proconsul,
1307 3190 1355 3231 et
1383 3180 1558 3231 statim
1588 3182 1759 3234 credit
1787 3200 1799 3233 :
1831 3198 1999 3249 neque
2025 3184 2229 3251 simpli-

652 3269 801 3329 citer.
827 3271 917 3321 sed
945 3268 1302 3339 Obstupescens
1328 3273 1488 3325 :vidit
1509 3288 1647 3325 enim
1674 3290 1776 3326 non
1802 3273 1885 3328 hic
1908 3276 2063 3329 verba
2088 3277 2224 3343 dari,

654 3374 825 3427 neque
855 3360 1071 3413 fallaciis
1099 3378 1207 3414 rem
1237 3364 1337 3431 agi.
1372 3363 1499 3417 Vide
1524 3374 1774 3431 quantum
1803 3367 2057 3419 doctrina:
2082 3384 2227 3420 amo-

654 3464 765 3501 rem
811 3449 1026 3511 habuit,
1061 3452 1147 3519 qui
1193 3463 1390 3504 tantum
1434 3454 1657 3523 gerebat
1704 3458 2070 3527 principatum.
2112 3460 2227 3513 Non

652 3538 785 3591 dixit
812 3557 965 3609 mago
993 3541 1184 3594 Paulus
1212 3561 1223 3597 :
1250 3543 1358 3595 Non
1387 3545 1584 3597 desinis
1608 3546 1917 3603 subvertere
1940 3565 2232 3618 proconsu-

654 3630 789 3695 lem;
814 3634 926 3695 sed,
965 3632 1077 3687 Vias
1100 3633 1323 3699 Domini,
1347 3638 1484 3705 quod
1515 3639 1682 3706 majus
1704 3651 1847 3705 erat;
1874 3658 1938 3695 ne
1960 3644 2229 3698 videretur

653 3724 876 3778 adulari.
912 3727 1017 3778 Cur
1048 3744 1170 3781 vero
1200 3729 1430 3783 Joannes
1466 3732 1662 3786 recedit
1702 3734 1768 3787 ab
1797 3736 1913 3788 eis?
1954 3752 2072 3790 nam
2113 3738 2226 3803 ait,

652 3814 877 3870 Joannes
900 3821 1128 3873 recedens
1149 3822 1209 3872 ab
1237 3822 1324 3883 eis,
1349 3838 1570 3876 reversus
1594 3834 1661 3876 est
1681 3824 2068 3896 Jerosolymam.
2096 3829 2226 3896 Quia

656 3910 862 3979 longius
890 3912 1138 3979 deinceps
1170 3915 1268 3967 iter
1292 3914 1648 3983 suscipiebant
1676 3937 1688 3967 :
1718 3924 1959 3986 quamvis
1992 3922 2101 3989 ipse
2130 3924 2230 3975 mi-

653 4004 818 4056 nister
841 4016 1012 4068 esset;
1041 4005 1110 4058 illi
1136 4022 1260 4059 vero
1287 4009 1577 4074 periculum
1601 4010 1855 4064 subirent.
1883 4013 2083 4067 Rursus
2108 4016 2231 4069 Per-

652 4110 753 4163 gen
782 4099 1074 4159 venientes,
1109 4110 1518 4166 praetercurrunt
1551 4104 1681 4156 alias
1707 4106 1946 4157 civitates
1973 4125 1983 4156 :
2014 4124 2132 4160 nam
2166 4109 2230 4162 ad

655 4193 968 4260 metropolin
1017 4194 1347 4247 Antiochiam
1390 4195 1724 4251 festinabant.
1770 4199 1837 4252 Et
1882 4201 2034 4265 vide,
2072 4218 2227 4270 quam

654 4282 967 4349 Compendio
996 4293 1173 4336 narret
1202 4285 1448 4352 scriptor.
1482 4287 1751 4353 Sederunt,
1782 4292 1969 4360 inquit,
2000 4293 2049 4344 in
2078 4310 2230 4361 syna-

653 4391 782 4442 goyu
810 4374 889 4425 dic
917 4373 1234 4428 sabbatorum
1262 4393 1279 4429 :
1302 4389 1358 4431 ut
1384 4382 1613 4434 sermoni
1648 4383 1781 4435 viam
1826 4399 2085 4451 pararent.
2121 4386 2231 4441 Nec

653 4465 857 4532 priores
888 4466 1193 4533 loquun'ur,
1223 4468 1313 4521 sed
1346 4470 1566 4532 invitati.
1592 4481 1644 4525 et
1669 4475 1813 4541 quasi
1847 4475 2081 4543 hospites
2108 4495 2231 4547 pro-

652 4561 841 4613 vocati.
872 4560 924 4613 Si
955 4570 1128 4613 autem
1163 4577 1264 4614 non
1298 4562 1365 4617 ibi
1398 4566 1749 4628 mansissent,
1792 4584 1968 4621 sermo
2000 4587 2100 4623 non
2132 4573 2229 4626 ha-

657 4652 795 4705 bitus
824 4652 1024 4707 fuisset.
1051 4653 1144 4707 llic
1169 4655 1340 4724 primo
1370 4658 1618 4724 prcedicat
1646 4659 1853 4713 Paulus.
1886 4662 1947 4715 Et
1974 4663 2091 4717 vide
2117 4666 2231 4732 ejus

657 4746 987 4811 prudentiam
1016 4764 1027 4793 :
1057 4748 1139 4799 ubi
1170 4763 1347 4801 sermo
1374 4765 1587 4818 sparsus
1618 4754 1814 4813 fuerat,
1839 4761 2226 4822 pr:rtercurrit;

658 4834 743 4885 ubi
794 4850 917 4885 vero
967 4837 1140 4888 nullus
1187 4838 1374 4902 fuerat,
1422 4841 1619 4895 diutius
1666 4859 1876 4906 manet;
1924 4856 1977 4897 ut
2020 4857 2073 4900 et
2118 4850 2230 4916 ipse

656 4940 694 4976 si
719 4926 894 4977 ribens
924 4926 1050 4979 dicit
1081 4946 1091 4979 :
1124 4927 1211 4982 Sic
1237 4941 1398 4981 autem
1432 4934 1599 4986 studui
1630 4939 1988 5003 evmrgelizare,
2020 4958 2119 4993 non
2146 4944 2229 4995 ubi

656 5016 939 5068 nominatus
971 5030 1040 5070 est
1066 5018 1289 5072 Christus
1319 5021 1335 5090 (
1364 5022 1507 5076 Hom.
1545 5026 1628 5079 15.
1657 5026 1725 5080 20
1750 5030 1787 5093 ).
1821 5030 1929 5082 lloc
1960 5048 2082 5085 vero
2112 5051 2225 5087 ma-

653 5123 771 5174 guzc
799 5108 1120 5162 fortitudinis
1150 5122 1281 5165 erat.
1317 5114 1449 5167 Vere
1471 5133 1495 5166 τι
1525 5118 1779 5187 principio
1806 5121 2128 5178 admirabilis
2151 5130 2230 5180 vir

659 5199 752 5252 luit
780 5218 791 5252 :
821 5201 1105 5254 cruciﬁxus
1125 5245 1137 5264 ,
1167 5205 1219 5256 in
1250 5207 1363 5259 acie
1393 5209 1613 5276 positus,
1643 5212 1841 5264 sciebat
1871 5228 2062 5282 quanta
2097 5220 2229 5285 poti-

658 5302 799 5343 retur
842 5293 1049 5360 gratia;
1093 5309 1184 5359 par
1231 5296 1429 5349 induxit
1473 5300 1720 5355 studimn.
1770 5302 1881 5355 Non
1928 5309 2229 5361 succensuit

656 5381 843 5436 Joanni
877 5405 887 5437 :
918 5401 1019 5437 non
1046 5387 1184 5439 cnim
1216 5387 1369 5456 hujus
1394 5404 1507 5444 erat
1535 5395 1630 5462 (α),
1660 5395 1749 5448 sed
1778 5399 1923 5465 operi
1954 5400 2185 5453 bmrebat
2212 5420 2224 5456 :

656 5491 763 5529 non
812 5479 1145 5541 formidavit,
1202 5498 1304 5535 non
1358 5484 1526 5537 timuit
1575 5488 1623 5540 in
1674 5490 1841 5545 media
1890 5493 2227 5549 multitudine

723 5614 795 5685 (ri)
835 5618 1016 5685 Toxlus
1048 5622 1233 5685 ηπῶς-υς
1258 5618 1405 5685 habet
1430 5657 1441 5685 ε
1478 5632 1517 5670 οὺ
1544 5634 1608 5685 γὰρ
1633 5637 1758 5674 ταῦτςιυ
1793 5631 1846 5685 ἦν.
1874 5635 2109 5679 txninzens
2148 5644 2219 5681 sic,

656 5674 945 5743 vertendum
972 5684 1120 5743 putat,
1144 5689 1240 5727 .\on
1264 5680 1389 5727 cram
1424 5680 1512 5730 ira:
1535 5674 1726 5733 deditus
1749 5674 1850 5735 erat
1878 5674 1899 5737 ξ’
1928 5674 2108 5742 veli-sic
2122 5674 2219 5740 r6;

656 5737 795 5815 taslsils
813 5734 1145 5815 i:vplieaiiilliiiii
1172 5754 1182 5785 :
1214 5749 1302 5815 von
1324 5743 1449 5789 enim
1472 5744 1619 5806 ipsius
1642 5755 1782 5808 erat;
1810 5752 1851 5798 id
2111 5734 2215 5815 ille,

658 5795 742 5845 sed
768 5803 923 5847 tiaras:
944 5812 997 5846 as
1024 5799 1152 5848 illum
1179 5802 1460 5854 adduxerat.

1347 391 1403 446 S.
1446 384 1719 444 JOANNIS
1756 372 2232 435 CHRYSOSTOMI
2272 372 2585 428 ABCHIEP.
2618 372 3143 429 CONSTANTINOP.

3780 373 3887 427 9.ιὲ

2312 490 2611 542 conclusus.
2643 489 2774 542 Vide
2800 490 3065 557 quomodo
3092 487 3413 559 providetur,
3439 503 3502 539 ne
3533 485 3727 540 Paulus
3755 503 3891 555 pr;e«

2309 580 2451 634 dicet
2481 582 2530 632 in
2561 581 2852 633 JeruSaIem
2884 599 2895 632 :
2925 579 3220 633 sulliciebat
3253 581 3350 631 hoc
3376 576 3578 638 audire,
3606 579 3742 646 quod
3771 593 3887 631 cre-

2310 674 2567 734 didisset;
2625 674 2997 741 praalicantem
3046 687 3171 725 vero
3222 687 3324 725 non
3379 673 3622 724 tulissent
3672 680 3894 739 propter

2310 765 2487 817 odium
2520 784 2530 813 :
2558 775 2610 817 et
2652 765 2834 831 procul
2876 767 3063 833 migrat
3095 764 3181 817 ubi
3220 774 3377 816 notus
3406 778 3509 815 non
3541 772 3674 816 erat.
3708 762 3894 815 Primo

2312 873 2520 926 magum
2564 856 2867 925 redarguit,
2900 869 2951 910 et
2989 857 3159 925 qualis
3187 866 3330 909 esset
3356 857 3566 922 aperuit
3598 872 3611 907 :
3641 854 3894 923 quodque

2314 951 2432 1003 talis
2470 959 2641 1011 esset,
2675 951 2877 1017 signum
2921 948 3175 1015 probavit.
3218 947 3329 1003 lloc
3368 948 3573 1016 signum
3617 957 3733 1001 erat
3776 946 3895 1012 ejus

2311 1045 2503 1095 animm
2532 1042 2802 1095 caectatis.
2837 1042 2912 1094 Ad
2948 1052 3151 1109 tempus
3186 1042 3399 1109 patitur,
3434 1048 3489 1092 ut
3522 1037 3893 1105 pmiiiteutiani

2312 1142 2450 1203 agat.
2484 1133 2624 1188 Bene
2650 1144 2823 1185 autem
2857 1134 2905 1185 in
2937 1135 3156 1188 sabbato
3188 1132 3381 1186 Paulus
3408 1130 3621 1186 intravit
3651 1131 3701 1183 in
3734 1143 3894 1199 syna-

2312 1240 2520 1295 gogani,
2564 1225 2774 1294 quando
2813 1241 2997 1278 omnes
3035 1225 3338 1293 congregati
3371 1233 3542 1278 erant.
3572 1224 3657 1275 15.
3686 1221 3747 1273 Et
3781 1231 3897 1289 post

2315 1317 2593 1381 lectionem,
2627 1318 2821 1385 inquit,
2851 1318 2972 1387 legis
2997 1327 3043 1368 et
3074 1319 3451 1384 prop/letarum,
3482 1316 3721 1366 miserunt
3752 1317 3899 1382 prin-

2312 1408 2449 1476 cipes
2477 1424 2747 1477 synagoga:
2769 1451 2784 1472 ,
2811 1409 3027 1461 dicentes
3054 1425 3072 1460 .'
3110 1407 3213 1459 l'iri
3241 1412 3422 1476 fratres
3442 1449 3455 1471 ,
3488 1408 3534 1460 si
3576 1418 3645 1460 est
3674 1408 3725 1459 in
3754 1407 3898 1459 vobis

2314 1518 2476 1555 sermo
2502 1502 2860 1555 exhortationis
2885 1503 2951 1554 nd
2980 1503 3240 1571 populum,
3266 1502 3432 1555 dicite.
3466 1500 3595 1553 Vide
3626 1502 3741 1554 illos
3770 1511 3900 1553 tunc

2315 1594 2431 1648 sine
2462 1592 2655 1646 invidia
2687 1595 2890 1662 copiam
2925 1594 3127 1655 facere;
3162 1606 3342 1661 postea
3374 1609 3499 1647 vero
3527 1608 3629 1647 non
3662 1594 3807 1645 item.
3838 1592 3899 1645 Si

2317 1685 2419 1739 hoc
2438 1687 2755 1743 voluissetis.
2775 1688 2939 1755 magis
2957 1688 3233 1752 «monebat
3254 1686 3542 1740 exhortari.
3567 1685 3732 1750 Sei|,o
3757 1687 3901 1755 prin-

2315 1777 2521 1847 cipatus
2550 1794 2783 1832 amorem
2812 1780 2823 1831 !
2858 1794 2889 1831 0
2916 1794 3100 1831 vanam
3132 1779 3389 1848 gloriam!
3419 1779 3683 1847 quomodo
3713 1780 3901 1831 om..ia

2318 1870 2575 1923 subvi-rtit
2595 1880 2647 1923 et
2678 1872 2847 1937 perdit
2876 1887 2887 1924 ε
2916 1882 3099 1926 contra
3132 1873 3417 1939 prepriain,
3443 1879 3622 1925 eontra
3655 1879 3898 1923 mutuam

2318 1963 2541 2016 salutem
2573 1974 2713 2019 stare
2741 1964 2925 2018 suadet
2957 1982 2967 2016 :
3000 1964 3067 2017 ita
3096 1980 3267 2018 ρειτεοε
3297 1964 3459 2019 eflieit
3490 1967 3529 2028 ί,
3562 1976 3615 2017 ut
3642 1964 3902 2017 ductores

2320 2067 2642 2123 qua-rantur.
2679 2056 2885 2111 Utinam
2917 2059 3102 2110 saltem
3148 2056 3283 2121 hoc,
3325 2058 3524 2111 utinam
3566 2057 3753 2111 s..lleni
3801 2056 3905 2109 du-

2320 2156 2494 2201 ctores
2526 2157 2828 2216 qumrerent
2855 2165 2869 2202 :
2895 2164 3077 2202 verum
3110 2150 3208 2204 hoc
3240 2166 3343 2202 non
3375 2160 3637 2217 qua-runt,
3669 2149 3759 2203 Sed
3795 2150 3903 2203 sibi

2322 2239 2451 2306 ipsis
2485 2249 2648 2292 totum
2675 2241 3028 2294 committunt.
3070 2242 3343 2296 Neminem
3389 2245 3477 2298 ille
3511 2244 3636 2298 sinit
3666 2244 3848 2297 videre
3880 2264 3895 2299 :

2322 2333 2459 2385 sicut
2482 2332 2652 2401 caligo
2680 2344 2734 2385 et
2764 2314 2951 2388 nebula
2984 2335 3193 2401 ingruit,
3231 2352 3328 2391 nec.
3356 2338 3481 2391 sinit
3511 2339 3789 2413 inspicere.

2406 2426 2589 2479 Vitium
2624 2428 2899 2496 aliquando
2928 2429 3072 2482 aliud
3099 2430 3267 2482 vitium
3297 2440 3594 2499 snperat.—
3608 2431 3774 2499 Quam
3809 2431 3907 2485 de-

2327 2518 2623 2572 fensionem
2666 2521 2999 2583 habebimus,
3046 2522 3134 2591 qui
3181 2536 3274 2589 per
3316 2523 3496 2575 vitium
3543 2522 3668 2575 illud
3718 2523 3908 2574 vilium

2326 2610 2467 2663 aliud
2497 2625 2830 2679 superamus,
2861 2612 2951 2665 Sed
2984 2628 3088 2666 non
3135 2628 3231 2681 per
3278 2614 3520 2666 timorem
3570 2614 3701 2667 Dei?
3742 2614 3908 2667 Verbi

2324 2702 2513 2770 gratia,
2547 2703 2697 2755 multi
2741 2703 2829 2771 qui
2867 2703 3025 2758 simul
3073 2705 3252 2759 lascivi
3298 2715 3352 2761 et
3397 2708 3539 2760 avari
3588 2718 3761 2771 erant,
3814 2722 3914 2775 per

2329 2795 2709 2860 pareimouiam
2763 2798 3029 2851 lasciviam
3074 2810 3425 2867 superarunt;
3480 2800 3566 2853 alii
3608 2809 3789 2854 contra
3839 2817 3913 2854 ex

2326 2886 2540 2940 lascivia
2579 2892 2837 2957 pecunias
2878 2902 3339 2960 contempserunt.
3392 2892 3622 2946 Rursum
3650 2893 3739 2945 alii
3770 2908 3909 2945 vana

2326 2980 2494 3048 gloria
2536 2982 2696 3049 capti,
2732 2982 2890 3037 ambo
2932 2983 3016 3036 illa
3066 2984 3188 3037 vitia
3243 2996 3603 3053 prostravere,
3653 2988 3914 3067 pecunias

2330 3074 2445 3126 sine
2482 3076 2640 3129 modo
2681 3077 3039 3141 insumentes,
3081 3089 3134 3133 et
3175 3078 3366 3133 frustra
3404 3082 3739 3136 continentes
3773 3100 3786 3133 :
3818 3082 3916 3137 alii

2331 3182 2539 3221 rursum
2564 3184 2711 3220 vanm
2735 3170 2914 3237 gloria:
2934 3169 3218 3223 admodum
3241 3172 3438 3241 cupidi,
3461 3171 3559 3226 hoc
3580 3173 3760 3227 vitium
3780 3190 3917 3228 eon-

2334 3269 2681 3327 tempsernut,
2716 3260 2879 3314 multa
2928 3261 3063 3316 {teda
3093 3262 3233 3331 passi
3263 3272 3318 3317 et
3346 3274 3565 3334 propter
3602 3281 3816 3319 amores
3857 3276 3915 3319 et

2334 3367 2549 3424 propter
2595 3359 2845 3425 pecunias
2894 3375 2907 3411 :
2955 3357 3046 3411 alii
3093 3374 3301 3411 rursmn
3348 3369 3401 3411 ut
3450 3359 3579 3412 iram
3632 3360 3917 3428 explerent

2333 3463 2504 3513 suam,
2537 3450 2811 3503 innumera
2850 3450 3041 3504 danma
3068 3450 3297 3514 subiere,
3333 3459 3388 3504 et
3416 3451 3547 3503 nihil
3579 3452 3721 3504 aliud
3750 3466 3915 3505 cura-

2335 3553 2543 3598 verunt.
2576 3558 2732 3612 quam
2762 3553 2815 3596 ut
2841 3543 3160 3598 voluntatem
3192 3558 3341 3597 suam
3369 3543 3435 3598 ad
3457 3544 3702 3599 Circeium
3737 3546 3917 3599 dedu-

2331 3648 2537 3689 cerent.
2581 3638 2643 3691 Et
2676 3637 2814 3706 quod
2847 3638 3022 3707 passio
3055 3639 3241 3705 pornit,
3287 3654 3389 3691 non
3423 3641 3593 3707 potuit
3633 3640 3771 3709 apml
3813 3656 3919 3694 nos

2337 3729 2425 3782 Dei
2458 3734 2634 3782 timor.
2667 3731 2728 3783 Et
2754 3731 2879 3799 quid
2916 3731 3213 3798 passionem
3237 3730 3398 3786 dico?
3425 3730 3575 3797 Quod
3609 3733 3779 3801 pudor
3812 3735 3916 3782 Ιιιι-

2335 3834 2524 3873 manus
2554 3830 2743 3888 potest,
2779 3836 2881 3873 non
2931 3830 3105 3889 potest
3147 3822 3236 3877 llei
3272 3824 3449 3877 tinmr.
3488 3822 3644 3875 Multa
3683 3833 3737 3875 et
3770 3836 3919 3877 recte

2338 3912 2557 3966 facimus
2598 3925 2652 3967 et
2697 3930 2976 3979 peccamus
3011 3932 3117 3981 pra:
3159 3915 3430 3969 hominum
3467 3916 3699 3985 pudore:
3745 3917 3915 3969 Deum

2335 4022 2461 4061 vero
2490 4024 2594 4060 non
2623 4008 2885 4061 timemus.
2912 4008 3050 4075 Quot
3079 4024 3184 4077 prte
3209 4009 3408 4076 pudore
3429 4024 3556 4075 opes
3576 4008 3920 4062 elfuderunt?

2334 4109 2461 4169 quot
2504 4102 2695 4154 frustra
2737 4103 3041 4155 ambierunt
3080 4103 3265 4156 amicis
3307 4104 3355 4154 in
3405 4104 3543 4156 malo
3573 4104 3919 4157 servientes?

2333 4202 2463 4261 quot
2486 4193 2533 4244 in
2565 4194 2854 4245 :unicorum
2883 4194 3101 4260 gratiam
3130 4194 3420 4259 sarpissime
3450 4205 3795 4262 pet-caverunt
3820 4194 3843 4247 ?

2405 4286 2458 4338 5.
2495 4283 2673 4337 Gloria
2717 4285 2935 4337 humana
2980 4284 3221 4354 fugienda
3245 4302 3263 4347 ;
3313 4301 3543 4357 quantum
3585 4286 3748 4355 gloria
3776 4301 3921 4349 quie-

2334 4376 2493 4428 renda
2520 4378 2600 4429 sit.
2622 4376 2758 4430 —Si
2790 4392 2917 4445 ergo
2942 4388 2993 4430 et
3028 4375 3249 4430 allectus
3290 4387 3341 4429 et
3375 4377 3542 4443 pudor
3572 4376 3835 4429 Inunanns
3862 4388 3922 4430 et

2337 4471 2399 4522 ad
2430 4478 2641 4537 peccata
2674 4479 2726 4523 et
2764 4469 2828 4523 ad
2880 4470 3015 4523 bona
3044 4486 3202 4536 opera
3237 4488 3331 4523 nos
3374 4478 3595 4538 possunt
3638 4469 3917 4535 inducere,

2338 4564 2528 4617 frustra
2568 4564 2791 4617 dicimus
2838 4579 2935 4616 nos
2966 4579 3068 4617 non
3116 4578 3312 4631 posse:
3348 4579 3628 4631 possumus
3662 4562 3827 4625 enim,
3869 4562 3919 4616 si

2337 4659 2577 4710 volumus
2602 4674 2615 4721 ;
2648 4658 2781 4710 velle
2808 4666 3004 4720 :mtem,
3035 4671 3221 4708 omnes
3247 4665 3473 4723 oportet.
3503 4654 3597 4708 Dic
3626 4654 3755 4707 mihi
3781 4672 3794 4707 :
3819 4669 3922 4708 cur

2337 4767 2438 4803 non
2485 4760 2634 4819 potes
2672 4749 2902 4817 gloriam
2939 4750 3172 4811 vincere,
3206 4763 3324 4800 cum
3373 4747 3459 4800 alii
3505 4748 3747 4801 eamdem
3792 4748 3919 4799 atii-

2337 4859 2500 4903 mam,
2527 4843 2662 4896 idem
2689 4843 2942 4913 cerpns’,
2966 4841 3208 4895 eamdem
3230 4841 3473 4906 formam,
3491 4840 3730 4895 eamdem
3752 4840 3919 4895 vitam

2337 4937 2609 5001 habentes,
2660 4937 2826 5005 ipsam
2876 4935 3127 4989 vincant?
3155 4935 3336 5004 Cogita
3386 4937 3574 5000 lleum,
3619 4934 3790 5000 cogita
3824 4950 3919 4987 sn-

2337 5045 2549 5098 pernam
2582 5031 2801 5099 gloriam
2838 5049 2849 5082 :
2880 5030 3063 5083 confer
3104 5030 3245 5082 illam
3279 5046 3396 5083 cum
3445 5028 3821 5098 praesentibus,
3864 5038 3924 5082 et

2334 5126 2508 5179 statim
2536 5128 2601 5179 ab
2634 5130 2726 5180 bac
2758 5128 2919 5195 gloria
2954 5127 3178 5181 resilies.
3210 5126 3265 5179 Si
3309 5126 3527 5177 omnino
3563 5124 3785 5192 gloriam
3824 5139 3923 5175 cx-

2337 5221 2487 5286 petis,
2523 5237 2637 5273 eam
2663 5238 2778 5288 qua:
2808 5236 2930 5275 vere
2954 5222 3118 5290 gloria
3147 5232 3229 5295 est
3258 5221 3595 5288 concupisce.
3629 5223 3755 5285 Qua:
3797 5220 3921 5288 glo-

2333 5313 2408 5369 ria
2439 5328 2539 5380 est,
2572 5334 2689 5372 cum
2740 5318 3005 5371 infamiam
3046 5319 3256 5389 pariat?
3306 5334 3423 5387 qum
3462 5319 3650 5388 gloria,
3694 5321 3917 5385 quando

2335 5408 2641 5463 inferiorum
2674 5411 2929 5463 honorem
2966 5426 3162 5479 cupere
3205 5411 3411 5480 engeris
3454 5421 3508 5464 et
3539 5411 3629 5463 illo
3656 5427 3789 5478 (quis
3822 5412 3921 5465 ha-

2335 5503 2495 5558 bere?
2525 5506 2705 5558 llonor
2731 5514 2811 5557 cst
2841 5504 3097 5572 majorum
3131 5504 3295 5574 gloria
3326 5503 3449 5557 frui.
3480 5505 3534 5559 Si
3566 5505 3787 5559 omnino
3814 5505 3922 5573 glo-

2399 5694 2411 5723 ¹
2442 5694 2641 5757 Quidam
2669 5694 2867 5757 habent,
2888 5706 2994 5757 rere
3017 5706 3168 5757 amcos
3190 5692 3353 5757 eﬁicst.

2396 5757 2414 5786 ²
2441 5755 2571 5821 ilice,
2597 5754 3064 5821 egnndcntfmimom,
3090 5754 3415 5820 idem'cerpus
3439 5793 3452 5817 ,
3481 5768 3573 5804 non
3601 5756 3836 5821 leguntur
3866 5756 3912 5805 in

2341 5811 2525 5880 Monii.)
2552 5811 2636 5865 sed
2662 5830 2689 5865 ρ
2714 5829 2733 5862 ξ-
2755 5812 2881 5865 ivilio
2904 5811 3089 5878 adjecta
3108 5825 3234 5869 sunt.
