4084 6332
201 354 308 408 ⁸215

198 474 340 525 riam
364 468 571 540 diligis,
599 482 721 524 eam
752 466 930 536 potius
954 480 1094 527 auia,
1125 479 1244 532 qua:
1265 477 1294 515 a
1324 462 1432 515 Deo
1458 469 1561 514 est.
1586 459 1639 514 Si
1670 459 1813 513 illam

196 577 392 616 amans
423 562 566 615 lianc
593 574 840 630 spernas,
865 558 1002 612 hanc
1027 555 1233 609 videbis
1261 554 1550 624 ignobilem
1580 569 1592 604 :
1617 567 1803 621 quain-

193 656 293 710 diu
329 655 496 718 illam,
546 667 667 722 qua:
698 666 729 705 a
761 651 870 704 Deo
910 659 1013 713 est,
1050 661 1152 700 non
1204 645 1423 710 videris,
1462 658 1636 712 neque
1668 646 1805 696 hanc

193 748 433 809 videbis,
466 763 627 816 quam
671 745 840 813 turpis
878 757 1070 810 nempe
1113 741 1200 805 sit,
1234 754 1393 809 quam
1438 737 1689 792 ridicula.
1737 736 1804 792 Ut

191 840 344 892 enim
387 838 477 907 qui
516 830 692 899 inal'e,
721 833 979 889 deformis
1028 831 1289 901 fmtlaique
1334 830 1576 885 mulieris
1617 844 1802 883 amore

191 933 341 1000 capti
369 939 517 992 sunt.
547 930 721 985 donec
749 928 891 981 illam
930 935 1130 989 amant,
1164 941 1268 978 non
1300 934 1526 990 possunt
1557 921 1672 992 ejus
1700 921 1800 976 de-

194 1031 527 1084 formitatem
556 1027 762 1089 videre,
799 1023 992 1078 affectu
1019 1022 1279 1091 judicium
1327 1020 1651 1073 obscurante
1682 1037 1695 1069 :
1727 1016 1797 1070 ita

189 1130 246 1176 ct
279 1123 370 1176 hic
400 1119 657 1192 quamdiu
685 1118 880 1173 affectu
916 1116 1248 1180 detinemur,
1275 1129 1498 1168 cernere
1533 1126 1638 1164 non
1668 1123 1787 1179 pos-~

188 1229 384 1268 smnus
415 1222 673 1281 quantum
703 1214 775 1264 sit
800 1210 1016 1264 malum.
1055 1205 1337 1275 Quomodo
1367 1219 1515 1274 ergo,
1563 1202 1793 1272 inquies,

187 1307 260 1356 ab
287 1320 357 1358 eo
389 1300 776 1357 liberabiinur?
804 1300 990 1370 Cogita
1031 1314 1153 1362 eos,
1184 1298 1272 1367 qui
1306 1297 1615 1350 innumeras
1663 1308 1796 1363 opes

187 1400 621 1465 insumpsi-runt,
653 1405 707 1450 et
731 1393 863 1447 nihil
903 1393 1025 1448 liinc
1062 1391 1266 1446 fructus
1305 1392 1540 1448 tulerunt
1575 1409 1590 1447 :
1622 1392 1794 1462 cogita

186 1503 458 1553 morinos,
491 1490 579 1558 qui
610 1498 808 1541 tantam
854 1486 1031 1556 adepti
1062 1494 1188 1538 sunt
1214 1484 1461 1554 gloriam,
1504 1484 1596 1538 sed
1631 1485 1796 1537 insta-

182 1584 380 1647 bilem,
421 1600 540 1652 quae
587 1582 746 1650 periit
775 1589 828 1635 et
853 1580 1069 1636 evanuit
1099 1597 1112 1632 :
1141 1579 1312 1650 cogita
1343 1594 1540 1632 nomen
1586 1587 1790 1632 tantum

181 1691 333 1737 esse,
367 1691 475 1728 non
509 1690 643 1728 rem.
674 1672 806 1728 Nam
836 1673 959 1742 quid
989 1682 1068 1726 est
1096 1673 1285 1740 gloria,
1316 1673 1538 1740 quaeso?
1570 1671 1635 1725 da
1661 1670 1792 1725 deti-

180 1768 447 1820 nitionein
481 1766 735 1834 aliquam.
768 1763 924 1832 Apud
947 1779 1137 1817 omnes
1161 1763 1502 1816 admirationi
1535 1779 1677 1828 esse,
1711 1764 1790 1814 in-

176 1859 360 1927 quies.
398 1859 479 1911 An
507 1857 649 1925 jure,
677 1873 742 1909 an
779 1856 1013 1922 injuria?
1057 1854 1113 1908 Si
1146 1855 1358 1923 injuria.
1392 1871 1496 1908 non
1529 1856 1627 1908 erit
1661 1853 1787 1908 illud

175 1949 491 2012 admiratio,
522 1948 614 2002 sed
643 1947 935 2008 accusatio,
969 1947 1226 2010 adulatio,
1267 1945 1532 2000 calumnia
1565 1962 1578 1999 ε
1613 1946 1655 1999 si
1688 1961 1786 1998 au-

176 2051 288 2095 tem
332 2041 476 2106 jure,
532 2040 582 2093 id
630 2040 883 2109 possibile
929 2054 1036 2092 non
1082 2046 1205 2100 est;
1241 2037 1430 2106 vulgas-
1462 2038 1604 2090 enim
1638 2047 1786 2091 recto

173 2144 328 2188 caret
357 2133 582 2203 judicio,
613 2141 667 2186 et
698 2133 816 2186 illos
845 2133 1090 2196 miratur,
1120 2132 1207 2201 qui
1239 2132 1350 2185 suis
1377 2131 1622 2186 serviunt
1649 2146 1784 2184 con-

173 2225 544 2295 cupiscentiis.
593 2223 740 2278 Etsi
789 2226 968 2287 vultis,
1014 2225 1132 2278 illos
1189 2222 1472 2284 attendite,
1522 2222 1611 2290 qui
1662 2237 1777 2275 nie-

173 2322 464 2376 retricibus
510 2321 689 2374 omnia
742 2334 837 2374 sua
892 2318 1195 2380 dederunt,
1254 2317 1342 2386 qui
1392 2314 1632 2385 aurigis,
1686 2315 1774 2383 qui

170 2418 547 2472 salutaribus.
606 2418 675 2470 At
724 2431 829 2469 non
877 2414 1012 2478 hos,
1068 2414 1298 2482 inquies,
1355 2412 1621 2475 dicimus;
1684 2408 1778 2463 sed

169 2509 369 2577 fustes,
425 2519 624 2574 rectos,
659 2509 749 2578 qui
792 2494 983 2577 magna
1034 2515 1260 2575 possunt
1306 2513 1568 2573 pra-stare
1615 2502 1779 2555 bona.

1182 345 1246 401 IN
1287 347 1464 401 ACTA
1510 340 2034 398 Al‘OSTOLORUM.
2079 342 2304 398 llOillL.
2355 342 2545 400 XXIX.

3421 347 3523 402 ΞΜ

1925 457 2139 515 Utinam
2191 459 2412 522 vellent,
2465 471 2514 514 et
2567 461 2747 514 statim
2794 462 2932 516 bona
2981 461 3301 530 perficerent
3333 481 3348 516 :
3381 479 3523 519 nunc

1911 568 2042 605 vero
2081 553 2212 607 nihil
2258 553 2561 620 bujnsmodi
2611 553 2831 608 faciunt.
2880 555 3031 622 Quis,
3076 551 3515 624 qumso,justnm

1909 652 1963 698 et
2005 654 2212 698 rectum
2261 659 2402 698 nunc
2449 644 2675 698 laudat?
2714 644 3056 700 Contrarium
3107 655 3256 702 certi:
3297 649 3512 701 accidit.

1907 738 2044 804 Quid
2075 737 2318 808 frigidius
2338 739 2501 807 justo.
2548 739 2590 791 si
2633 739 2948 808 prmclarnm
2981 739 3108 808 quid
3140 755 3325 809 agens,
3371 740 3513 809 vulgi

1906 833 2134 903 gloriam
2184 833 2443 902 expetat?
2471 831 2583 886 Hoc
2625 818 2797 886 enim.
2825 833 2952 902 agit,
2985 848 3049 886 ae
3095 833 3137 886 si
3187 833 3309 903 quis
3343 834 3515 901 pictor

1903 926 2139 992 optimns
2191 926 2332 993 regis
2380 925 2664 993 imaginem
2712 925 2954 993 pingens.
3001 924 3376 993 imperitorum
3401 926 3517 979 Iau-

1903 1017 1999 1071 des
2038 1017 2288 1086 excipiat.
2330 1016 2579 1080 Alioquin
2616 1025 2793 1069 autem
2840 1016 2930 1086 qui
2974 1018 3263 1070 humanam
3308 1026 3515 1086 spectat

1899 1110 2164 1177 gloriam,
2219 1124 2247 1161 a
2305 1108 2561 1161 virtutum
2617 1109 2876 1162 exercitio
2920 1109 3028 1163 cito
3079 1108 3323 1164 desistet.
3381 1109 3512 1163 Nam

1902 1201 1944 1254 si
1998 1201 2063 1254 ad
2117 1200 2301 1255 Iaudes
2340 1202 2554 1255 illorum
2609 1202 2797 1264 inliiet,
2853 1202 2969 1255 inec
3013 1200 3170 1256 faciet
3216 1218 3336 1272 qua:
3383 1204 3517 1273 ipsis

1903 1293 2209 1360 placebunt,
2244 1309 2349 1347 non
2378 1310 2498 1362 quze
2529 1295 2651 1348 sibi.
2683 1294 2837 1362 Quod
2866 1311 2995 1365 ergo
3017 1295 3129 1364 jam
3158 1296 3311 1349 vobis
3335 1299 3516 1351 transi--

1901 1383 2028 1436 lium
2062 1384 2352 1439 dederim?
2387 1387 2498 1441 Deo
2525 1387 2762 1440 animum
2797 1386 3080 1452 adhibere,
3123 1388 3255 1440 satis
3287 1386 3512 1461 habere,

1899 1483 1942 1535 si
1972 1483 2255 1537 laudemur
2281 1483 2348 1534 ab
2379 1483 2490 1546 illo,
2524 1484 2702 1535 omnia
2730 1483 2826 1551 ipsi
2857 1483 3050 1550 placita
3074 1482 3274 1550 facere,
3297 1495 3350 1539 ιιι
3372 1486 3511 1542 bona

1897 1576 2131 1641 operari.
2176 1575 2242 1628 ad
2279 1575 2478 1628 nullam
2509 1591 2689 1628 rerum
2723 1575 3081 1629 humanarum
3113 1576 3323 1631 inhiare
3354 1597 3364 1630 :
3398 1577 3506 1634 hoc

1896 1668 2037 1721 enim
2064 1676 2118 1722 et
2157 1667 2416 1736 jejunium
2445 1677 2500 1722 et
2531 1671 2834 1721 orationi-ni
2864 1679 2917 1722 et
2945 1655 3344 1742 eleemosynam
3378 1689 3506 1742 pes-

1896 1759 2127 1824 Snmdat,
2161 1769 2322 1826 atque
2363 1760 2544 1813 omnia
2579 1769 2760 1812 nostra
2793 1760 2929 1814 bona
2962 1773 3212 1817 evacuat.
3251 1762 3403 1830 Quod
3438 1781 3536 1824 ne.

1898 1851 2186 1919 patiamur,
2233 1851 2497 1922 fugiamus
2530 1853 2630 1906 hoc
2661 1843 2874 1906 vitium.
2903 1853 3078 1908 Unum
3124 1856 3297 1910 solum
3329 1860 3506 1929 respi-

1893 1945 2120 2009 ciamus,
2176 1945 2388 1999 laudeni
2421 1961 2448 1998 a
2486 1946 2613 2012 Deo,
2660 1946 2801 1998 illius
2850 1947 3320 2015 approbationem,
3353 1965 3504 2004 com-

1896 2037 2180 2106 munisque
2231 2038 2439 2092 Domini
2485 2040 3009 2095 commendationem
3051 2060 3063 2095 :
3109 2052 3169 2096 ut
3211 2044 3315 2096 vita
3363 2060 3507 2112 prai-

1891 2141 2044 2187 sentc
2094 2137 2146 2187 in
2206 2134 2406 2187 virtute
2462 2143 2772 2196 transacta,
2832 2136 3115 2203 promissis
3167 2138 3324 2191 bonis
3379 2154 3502 2191 enni

1889 2226 2238 2296 diligentibus
2270 2242 2392 2280 eum
2427 2227 2719 2294 potiantur,
2753 2228 2924 2296 gratia
2953 2238 3003 2281 et
3039 2229 3366 2298 benignitate
3395 2230 3502 2283 lio-

1890 2319 2017 2371 iiiitii
2063 2319 2228 2370 nostri
2262 2316 2387 2371 Jesu
2437 2317 2658 2385 Christi,
2723 2320 2938 2388 quiruni
2990 2319 3135 2373 Patri
3183 2333 3235 2374 et
3279 2321 3503 2390 Spiritui

1887 2421 2075 2462 sancto
2106 2409 2298 2476 gloria,
2334 2410 2639 2488 imperium,
2687 2412 2883 2474 honor,
2930 2429 3071 2467 nunc
3100 2423 3153 2468 et
3179 2429 3414 2484 semper,
3449 2427 3503 2470 et

1889 2500 1944 2554 in
1973 2502 2169 2554 s:ecula
2199 2502 2545 2555 sa-culorum.
2583 2506 2774 2558 Amen.

1549 2715 1896 2776 nonum
1942 2699 2186 2777 xxix.

170 2867 298 2924 ΕΑΡ.
330 2871 423 2924 15.
453 2885 505 2920 v.
543 2867 629 2923 16.
666 2866 894 2936 Surgcns
924 2875 1093 2919 autent
1124 2863 1345 2926 Paulus,
1381 2873 1425 2915 et
1457 2878 1612 2914 manu
1632 2860 1780 2915 silen-

243 2963 372 3015 tium
403 2961 648 3023 indicens,
683 2960 811 3011 dixit
849 2974 865 3010 :
902 2955 1012 3009 Viri
1060 2954 1333 3016 I'sraelitw,
1385 2964 1430 3006 et
1478 2953 1565 3019 qui
1597 2953 1779 3006 timetis

239 3055 435 3117 Deum,
479 3052 668 3105 audite.
717 3051 804 3104 17.
852 3048 992 3103 Deus
1043 3048 1200 3118 plebis
1245 3047 1399 3116 hujus
1428 3047 1580 3113 elegit
1612 3054 1779 3113 patres

238 3159 466 3210 nostros,
516 3156 560 3200 et
613 3145 805 3212 plebem
834 3145 1096 3204 exaltavit,
1143 3159 1254 3195 cum
1284 3151 1447 3194 essent
1478 3140 1685 3192 aduente
1727 3140 1778 3191 iu

239 3250 382 3292 terra
407 3236 647 3309 .Egypti,
673 3247 719 3290 et
742 3253 857 3288 cum
881 3235 1089 3289 brachio
1105 3235 1301 3288 excelso
1319 3233 1489 3286 eduxit
1511 3249 1595 3286 eos
1615 3247 1676 3286 ea:
1697 3248 1775 3284 ea.

241 3331 296 3385 1.
331 3329 468 3382 Vide
498 3328 794 3382 Baruabam
826 3327 1107 3381 cedentem
1137 3325 1322 3386 Paulo,
1354 3334 1411 3377 ut
1437 3332 1489 3377 et
1513 3322 1774 3377 Joannem

165 3423 371 3492 ubique
403 3422 584 3476 Petro.
632 3421 726 3474 Ille
749 3420 901 3474 duxit
929 3433 1050 3473 eum
1083 3433 1148 3473 ex
1181 3399 1441 3472 Damasco
1472 3431 1484 3466 :
1510 3414 1658 3484 atqui
1687 3428 1779 3467 ve-

164 3515 465 3569 nerabilior
507 3524 660 3577 erat;
697 3497 804 3567 sed
848 3511 912 3566 ad
953 3525 1290 3565 communem
1324 3508 1608 3563 utilitatem
1653 3522 1777 3576 spe-

165 3610 412 3664 ctabant.
465 3606 528 3660 Et
573 3623 804 3676 surgens,
859 3606 1048 3675 inquit,
1081 3615 1128 3658 et
1155 3621 1310 3657 manu
1351 3601 1608 3656 silentium
1634 3598 1775 3652 indi-

165 3719 306 3755 cens.
341 3700 455 3754 Mos
485 3699 570 3753 hic
598 3698 801 3752 Judmis
844 3707 962 3752 erat
994 3713 1006 3748 :
1036 3697 1158 3750 ideo
1188 3695 1265 3749 sic
1297 3695 1417 3746 illos
1459 3692 1773 3761 alloquitur.

165 3795 304 3850 \‘ide
331 3794 606 3863 quomodo
632 3791 867 3847 sermoni
897 3791 1034 3845 riam
1061 3800 1212 3856 paret
1243 3806 1256 3843 :
1288 3789 1459 3858 primo
1485 3789 1628 3845 enim
1659 3789 1776 3842 lau-

165 3889 302 3942 dans
334 3887 482 3951 illos,
516 3898 868 3953 magnamque
890 3884 1179 3938 ostendens
1211 3898 1335 3952 erga
1376 3882 1519 3950 ipsos
1566 3896 1770 3946 curam,

165 3997 264 4051 per
289 3980 440 4049 quod
473 3979 622 4042 dicit,
656 3978 755 4042 Qui
785 3977 967 4030 timetis
998 3975 1158 4030 Deum
1184 3992 1203 4040 ;
1235 3977 1312 4030 sic
1342 3978 1556 4031 demum
1593 3975 1775 4044 incipit

164 4089 502 4130 sermonem.
538 4073 652 4127 Non
678 4071 832 4135 dixit,
865 4071 1147 4141 Proselyti,
1175 4071 1315 4140 quod
1349 4082 1464 4125 erat
1495 4071 1772 4136 calamita-

165 4168 233 4221 tis
259 4181 489 4220 nomen.
525 4163 660 4217 Deus
690 4163 848 4232 plebis
893 4165 1046 4233 hujus
1085 4163 1233 4232 elegit
1279 4173 1448 4232 patres
1489 4172 1688 4216 nostros
1727 4173 1774 4214 et

167 4259 442 4329 pupulum.
477 4256 606 4311 Vide
632 4256 901 4326 quomodo
922 4256 1194 4310 hominum
1218 4270 1559 4308 Communem
1581 4255 1769 4318 Deum,

167 4352 412 4421 ipsorum
453 4349 669 4417 proprie
703 4350 868 4402 Deum
914 4348 1077 4412 dicat,
1127 4359 1180 4402 ct
1223 4347 1471 4402 ostendat
1513 4348 1770 4401 benelieia

165 4458 362 4513 magna
397 4442 506 4510 jam
557 4442 683 4495 olim
733 4442 864 4510 ipsis
893 4443 1111 4506 collata,
1163 4443 1300 4495 sient
1343 4449 1398 4495 et
1443 4441 1768 4507 Stephanus.

165 4540 294 4596 ιιςεε
320 4551 504 4594 autem
537 4537 756 4600 faciunt,
789 4545 845 4589 ut
871 4535 1100 4590 doceant
1143 4533 1283 4596 illos,
1329 4533 1466 4602 quod
1498 4549 1595 4603 pro
1623 4551 1774 4589 more

164 4647 262 4687 suo
293 4646 443 4684 nunc
474 4629 666 4682 Filium
698 4643 851 4680 suum
902 4628 1126 4680 miserit.
1159 4627 1307 4680 Sient.
1337 4636 1390 4678 et
1430 4626 1676 4680 Christus
1704 4627 1773 4681 de

114 4710 124 4718 ’
165 4731 318 4780 vinea
353 4722 487 4776 dixit
516 4720 667 4790 (Luc.
702 4721 790 4775 ‘20.
825 4722 935 4789 15),
963 4723 1040 4774 sic
1064 4734 1116 4773 et
1143 4720 1230 4772 ille
1263 4721 1516 4789 loquitur.
1547 4718 1771 4773 Exulta-

165 4820 229 4870 vit
257 4820 309 4870 in
341 4814 752 4885 peregrinatione
781 4816 833 4865 in
856 4811 1109 4882 (Egypto,
1136 4821 1178 4863 ct
1207 4828 1318 4863 eum
1348 4812 1552 4863 brachio
1576 4809 1771 4864 excelso

165 4910 343 4962 eduxit
371 4924 457 4960 eos
482 4922 545 4958 ea:
573 4921 650 4957 ea.
684 4907 841 4972 Atqui
871 4905 1203 4958 contrarium
1234 4903 1502 4956 acciderat
1529 4901 1600 4975 (ιι)
1629 4920 1642 4966 ;
1677 4904 1769 4956 sed

167 4997 516 5052 multitudine
555 4997 694 5049 aucti
745 5006 905 5059 sunt;
957 4997 1064 5048 inio
1117 5006 1171 5049 et
1233 4996 1484 5048 miracula
1555 5005 1773 5063 prejiter

169 5092 287 5145 illos
322 5092 464 5142 facta
510 5099 656 5142 sunt;
693 5089 758 5143 Et
801 5087 1077 5156 propheta:
1125 5096 1429 5140 memorant
1461 5087 1657 5155 ubique
1684 5103 1767 5150 ea,

165 5204 284 5256 quae
333 5185 471 5238 facta
517 5193 642 5238 sunt
682 5183 734 5235 in
766 5181 1020 5251 Egypto.
1061 5181 1123 5233 Et
1153 5179 1292 5242 vide,
1325 5179 1599 5249 quomodo
1629 5187 1768 5232 teni-

166 5295 294 5349 pora
325 5277 696 5331 calamitatum
727 5284 1126 5343 praetercurrat,
1171 5282 1225 5327 et
1253 5289 1516 5340 nusquam
1542 5272 1766 5324 crimina

168 5373 218 5424 in
251 5369 493 5424 medium
523 5367 735 5432 aﬂerat,
779 5367 872 5420 sed
906 5366 997 5420 Dei
1045 5365 1449 5436 benignitatem,
1486 5366 1572 5417 illa
1605 5367 1769 5418 t‘clin-

167 5479 339 5534 quens
371 5461 504 5531 ipsis
532 5460 835 5530 cogitanda.
882 5460 969 5516 18.
1003 5457 1070 5512 Et
1102 5476 1190 5529 per
1217 5458 1560 5528 quadraginta
1599 5475 1768 5510 uuno-

227 5643 302 5706 (a)
339 5642 395 5692 Id
422 5648 518 5701 est,
545 5644 594 5690 ni
619 5639 928 5706 fallor,Det_is
947 5639 1122 5706 eduxit
1147 5637 1255 5706 illos
1281 5653 1344 5706 ex
1371 5639 1595 5706 (Egypto,
1619 5644 1673 5685 ut
1693 5638 1768 5706 in-

167 5701 376 5755 duceret
417 5707 464 5754 iu
504 5714 690 5753 terrain
736 5703 1099 5764 promissionis;
1143 5703 1231 5750 sed
1273 5704 1334 5750 ob
1377 5701 1569 5750 illorum
1595 5701 1766 5762 nequi-

166 5769 277 5837 tiani
318 5770 614 5817 contrarium
657 5766 864 5822 accidit;
909 5777 1017 5814 nam
1061 5766 1268 5813 maxima
1305 5777 1417 5827 pars
1474 5767 1521 5812 in
1561 5764 1762 5812 deserto

170 5833 310 5887 periit
323 5871 333 5880 .

1884 2877 1998 2912 rum
2025 2871 2223 2926 tempus
2270 2877 2432 2916 mores
2475 2878 2650 2915 eorum
2692 2866 2934 2917 sustinuit
2964 2865 3016 2919 in
3052 2869 3270 2920 deserto.
3299 2868 3502 2922 Deinde

1889 2953 2278 3009 habitationem
2333 2967 2494 3010 terra:
2543 2957 2674 3012 dicit
2705 2977 2719 3012 :
2754 2960 2843 3013 19.
2898 2959 2963 3013 Et
3017 2961 3282 3016 destruens
3329 2974 3500 3033 gentes

1886 3058 2074 3116 septem
2104 3048 2156 3099 in
2189 3059 2325 3102 terra
2346 3048 2619 3119 Chanaan,
2653 3063 2790 3107 sorte
2817 3054 3075 3107 distribuit
3101 3057 3173 3108 eis
3201 3067 3389 3109 terram
3416 3074 3500 3110 eo-

1886 3154 2020 3190 rum.
2049 3137 2115 3191 Et
2139 3140 2364 3194 multum
2389 3142 2692 3198 intercessit
2717 3155 2946 3214 tempus,
2977 3147 3497 3218 quadringentorum

1887 3239 1940 3284 et
1968 3232 2352 3304 quinquaginta
2383 3250 2671 3290 annorum.
2703 3236 2795 3291 20.
2831 3236 2899 3291 Et
2927 3241 3074 3308 quasi
3104 3250 3219 3309 post
3246 3243 3496 3310 quadrin-

1886 3335 2060 3394 gentos
2090 3334 2135 3377 et
2163 3328 2533 3397 quinquaginta
2571 3346 2735 3382 annos
2780 3330 2919 3383 dedit
2964 3332 3036 3384 eis
3057 3309 3284 3401 judices,
3337 3351 3501 3403 usque
3567 3309 3578 3316 η

1885 3418 1954 3469 ad
1984 3416 2274 3474 Samuelem
2306 3423 2630 3489 prophetam.
2682 3423 2781 3478 Hic
2826 3427 3066 3480 ostendit
3116 3427 3292 3496 ipsum
3344 3432 3500 3484 varie

1886 3509 2186 3576 providisse
2213 3513 2380 3568 rebus
2411 3513 2650 3569 illorum.
2684 3515 2776 3571 2i.
2809 3516 2878 3570 Et
2903 3519 3086 3573 exinde
3112 3520 3498 3587 postulaverunt

1884 3617 2073 3672 regem.
2114 3601 2226 3659 Nec
2267 3617 2533 3660 memorat
2561 3609 2828 3678 ingratum
2860 3610 3072 3664 illorum
3104 3614 3365 3680 animum,
3397 3615 3499 3668 sed

1887 3693 2083 3765 ubique
2117 3696 2207 3751 Dei
2237 3698 2602 3755 clementiam.
2640 3704 2706 3754 Et
2737 3703 2874 3756 dedit
2904 3705 3006 3757 illis
3032 3704 3164 3760 Saul
3184 3707 3352 3776 ﬁlium
3379 3707 3493 3773 Cia,

1885 3788 2047 3840 virum
2078 3789 2139 3841 de
2169 3791 2302 3844 tribu
2346 3791 2654 3861 Benjaiuiu,.
2689 3797 2841 3849 anuis
2880 3799 3225 3869 quadraginta
3267 3818 3286 3854 .'
3325 3801 3414 3855 29..
3446 3811 3495 3856 et

1883 3891 2055 3934 amoto
2081 3882 2190 3937 illo.
2221 3885 2483 3937 suscitavit
2511 3886 2584 3940 eis
2617 3884 2788 3939 David
2828 3889 2878 3940 in
2907 3906 3074 3958 regem
3104 3906 3121 3942 :
3151 3892 3235 3944 cui
3261 3893 3494 3946 testimo-

1884 3974 2024 4024 nium
2049 3974 2335 4041 perhibetis,
2357 3977 2486 4030 dixit
2515 3994 2532 4031 :
2555 3977 2738 4033 Inveni
2760 3979 2932 4033 David
2953 3983 3117 4047 ﬁlium
3141 3982 3174 4036 Ι
3181 4001 3306 4048 esse,
3331 3986 3496 4040 virum

1883 4066 2160 4118 secundum
2187 4084 2274 4120 cor
2305 4086 2490 4132 meum,
2520 4073 2606 4142 qui
2639 4073 2795 4143 faciet
2821 4090 2993 4128 omnes
3019 4077 3304 4132 voluntates
3332 4096 3494 4134 meas.

1883 4156 1998 4210 Non
2031 4175 2251 4227 parvum
2301 4161 2422 4225 hoc,
2472 4167 2612 4230 qunti
2659 4181 2723 4220 cx
2778 4166 2977 4222 Daridc
3022 4169 3269 4226 Christus
3319 4185 3488 4227 esset.

1887 4248 2086 4302 Deinde
2127 4249 2390 4304 Joannem
2441 4254 2646 4309 inducit
2694 4260 3096 4326 les‘ilicantcm,
3129 4263 3319 4318 dicens
3350 4283 3362 4318 :
3397 4265 3490 4319 25.

1887 4337 2057 4404 llujus
2089 4340 2224 4394 Deus
2252 4359 2316 4395 ex
2355 4346 2544 4398 semine
2585 4349 2862 4402 secundum
2890 4354 3279 4418 promissionem
3308 4356 3488 4410 eduxit

1886 4430 2095 4487 Israi-lis
2122 4434 2442 4488 Salvatorem
2466 4438 2666 4500 Jesum,
2698 4440 2788 4495 2i.
2819 4444 3130 4512 praidicante
3149 4445 3356 4502 Joanne
3376 4462 3494 4503 ante

1883 4525 2063 4593 faciem
2111 4527 2353 4581 adventus
2383 4531 2492 4597 ejus
2524 4531 2835 4599 baptismum
2866 4538 3174 4604 paenitentia:
3217 4543 3357 4594 omni
3401 4561 3493 4612 po-

1883 4618 2005 4682 pulo
2031 4617 2221 4670 Israel.
2252 4621 2344 4675 ‘25.
2380 4620 2507 4673 Cum
2548 4626 2779 4684 impleret
2816 4639 2982 4681 autem
3012 4629 3238 4685 Joannes
3283 4651 3485 4691 cursui);

1881 4725 2062 4772 suum,
2095 4710 2288 4764 dicebat
2321 4730 2339 4764 :
2375 4713 2537 4778 Quem
2583 4734 2661 4770 me
2691 4719 3012 4775 arbitramini
3055 4741 3181 4788 esse,
3232 4743 3332 4778 non
3377 4745 3493 4782 sun.

1881 4818 1970 4869 ego
1996 4818 2013 4854 :
2038 4803 2126 4854 sed
2154 4821 2265 4857 ecce
2287 4807 2416 4859 venit
2443 4820 2556 4876 post
2588 4827 2686 4875 me,
2720 4813 2865 4878 cujus
2892 4832 2991 4868 non
3023 4835 3132 4869 sum
3156 4819 3344 4888 dignus
3375 4823 3489 4875 cal-

1882 4907 2138 4946 ceameuta
2170 4897 2356 4966 pedum
2397 4901 2611 4954 solvere.
2665 4903 2728 4957 Et
2754 4903 2991 4962 Joannes
3034 4912 3349 4968 testiﬁcatur
3379 4932 3489 4970 non

1882 4986 2220 5052 simpliciter,
2246 4990 2338 5043 sed
2362 4992 2587 5061 gloriam
2613 5010 2642 5046 a
2666 5011 2725 5050 se
2743 4997 3044 5066 depcllens,
3068 5004 3274 5060 etiamsi
3297 5022 3492 5062 omnes

1878 5079 2101 5145 gloriam
2157 5083 2252 5149 ipsi
2285 5083 2569 5139 referrent.
2616 5087 2733 5142 Non
2782 5105 2875 5160 par
2906 5108 2993 5146 res
3020 5105 3102 5150 est
3129 5108 3306 5153 autent
3339 5092 3492 5156 nullo

1880 5173 2040 5227 dante
2085 5177 2364 5241 repellere,
2415 5189 2468 5231 et
2513 5183 2764 5236 omnibus
2818 5187 3174 5245 tribuentibus
3225 5194 3489 5251 honorem

1882 5264 2126 5329 reiicere.
2179 5283 2351 5336 neque
2397 5271 2731 5339 simpliciter,
2779 5282 2874 5330 sed
2925 5294 3046 5333 eum
3100 5292 3241 5338 tanta
3288 5286 3489 5343 demis-

1881 5356 2050 5409 sione.
2082 5357 2170 5411 ‘26.
2216 5357 2318 5411 Viri
2358 5366 2563 5430 fratres,
2597 5367 2694 5433 [ilii
2725 5372 2920 5436 generis
2961 5375 3199 5441 Abraha',
3233 5391 3280 5432 et
3321 5384 3407 5450 qui
3434 5386 3490 5436 in

1880 5449 2017 5500 vobis
2046 5450 2216 5503 timent
2259 5452 2441 5519 Deum,
2476 5457 2612 5509 vobis
2644 5459 2845 5514 verbum
2881 5466 3062 5519 salutis
3093 5469 3248 5538 huius
3278 5449 3490 5529 missum

1881 5552 1971 5593 est.
2011 5540 2100 5594 9.7.
2153 5543 2254 5608 Qui
2297 5548 2430 5600 enim
2475 5549 2771 5606 habitabant
2812 5556 3102 5613 Jerusalem
3148 5575 3192 5616 et
3231 5570 3487 5638 principes

1881 5649 2053 5687 eorum
2080 5635 2212 5689 hunc
2238 5638 2554 5707 ignorantes,
2580 5654 2622 5696 et
2653 5662 2795 5701 voces
2823 5653 3212 5721 praphetarum,
3241 5676 3355 5725 qua:
3396 5635 3487 5720 per

1880 5742 2027 5778 omne
2050 5727 2310 5783 sabbatum
2353 5732 2608 5802 leguntur,
2650 5738 2953 5812 iudicantes,
2985 5747 3314 5812 impleremnt
3346 5769 3362 5803 :

1880 5828 1925 5870 et
1957 5820 2148 5873 italiam
2178 5840 2381 5874 causam
2413 5829 2586 5881 mortis
2627 5831 2931 5889 iurenieutes
2970 5839 3020 5892 in
3062 5858 3138 5906 eo,
3175 5857 3420 5903 parm-aq;
3453 5866 3483 5899 ,ι
