4084 6332
633 326 740 381 2|5

634 441 807 496 Pilato
847 446 901 489 ut
942 431 1324 499 interficeretur.
1359 430 1565 497 Ubique
1610 427 1709 479 hoc
1734 423 2017 477 ostendere
2062 429 2206 473 sata-

634 540 786 600 gunt,
833 528 1027 580 bonum
1062 525 1295 593 ipsorum
1342 522 1440 574 boe
1470 521 1740 588 proprium
1770 530 1910 574 esse.
1960 529 2026 565 ne
2072 522 2209 563 tam-

635 636 792 691 quam
822 619 1056 672 alienum
1098 614 1494 669 considerantes
1542 609 1761 678 fugiant,
1807 620 1874 658 eo
1902 602 2042 673 quod
2087 616 2209 655 cru-

637 712 931 764 edixissent
977 723 1123 761 eum.
1176 704 1363 765 Hunc,
1414 702 1627 770 inquit,
1678 699 1984 768 ignorantes.
2029 693 2211 760 Itaque

636 802 947 873 ignorantite
974 807 1244 868 peccatum
1276 802 1408 849 erat.
1436 792 1565 847 Vide
1590 789 1859 858 quomodo
1880 787 1999 840 illos
2020 785 2210 839 leniter

635 894 903 948 defendat.
938 893 1116 961 Neque
1141 889 1240 942 hoc
1263 896 1462 941 tantum
1486 900 1501 949 ;
1524 884 1616 939 sed
1640 884 1798 938 etiam
1827 882 1894 934 ita
1918 879 2029 931 lieri
2051 893 2212 945 opor-

640 988 802 1039 tuisse
828 986 1025 1055 adjicit.
1050 983 1126 1037 Ne
1150 985 1270 1051 quis
1299 995 1425 1033 vero
1447 977 1667 1039 diceret,
1698 972 1848 1029 Unde
1873 971 2206 1023 manifestum

638 1086 721 1129 est
752 1076 895 1128 illum
926 1072 1282 1126 resurrexisse
1306 1070 1329 1121 τ
1354 1067 1483 1120 dicit
1512 1067 1692 1128 etiam,
1724 1062 1889 1116 Testes
1910 1060 2046 1112 illius
2071 1067 2204 1111 sunt.

640 1166 837 1220 Deinde
865 1178 1070 1217 rnrsmn
1088 1177 1152 1215 ex
1172 1159 1463 1229 Scripturis
1485 1172 1596 1211 rem
1621 1156 1919 1210 conﬁrmat.
1943 1149 2033 1204 29.
2058 1147 2208 1202 Cum-

637 1273 733 1325 que
758 1262 1182 1309 consummassent
1213 1252 1403 1314 omnia,
1433 1264 1545 1316 qua:
1590 1248 1653 1300 de
1697 1246 1786 1298 illo
1828 1244 2016 1313 scripta
2043 1250 2205 1305 erant,

640 1349 939 1416 deponentes
966 1348 1029 1401 de
1070 1348 1228 1415 ligno,
1263 1352 1535 1413 posuerunt
1564 1357 1675 1393 eum
1712 1338 1769 1391 in
1812 1344 2205 1389 monumentum.

637 1438 725 1493 50.
758 1437 893 1491 Deus
917 1454 1032 1490 vero
1060 1436 1315 1491 suscitavit
1343 1451 1456 1487 eum
1484 1450 1515 1484 a
1544 1431 1753 1483 mortuis
1799 1429 1945 1482 tertia
1987 1427 2088 1489 die,
2119 1424 2208 1493 qui

637 1533 768 1584 visus
794 1541 864 1585 est
888 1548 974 1598 per
1000 1532 1105 1583 dies
1132 1531 1314 1581 multos
1350 1528 1434 1589 iis,
1465 1527 1551 1579 5|.
1580 1526 1664 1593 qui
1692 1522 1841 1575 simul
1880 1519 2210 1573 ascenderunt

636 1642 749 1677 cum
776 1641 832 1677 eo
860 1624 921 1675 de
944 1622 1156 1676 Galilaza
1179 1624 1232 1674 iu
1254 1621 1559 1682 Jerusalem,
1589 1619 1675 1686 qui
1699 1626 1813 1671 sunt
1842 1625 1986 1669 testes
2011 1615 2121 1683 ejus
2140 1613 2209 1665 ad

638 1715 846 1783 plebem.
878 1714 963 1767 52.
1010 1712 1073 1766 Et
1103 1730 1193 1766 nos
1242 1713 1376 1765 vobis
1421 1710 1778 1763 mmuntiamus
1816 1722 1941 1769 eam,
1989 1720 2100 1772 qua:
2142 1703 2210 1756 ad

636 1815 800 1875 patres
825 1815 1021 1857 nostros
1042 1803 1360 1872 repromissio
1383 1806 1516 1872 facta
1536 1809 1608 1853 est
1634 1799 1759 1853 :55.
1784 1797 1900 1867 quia
1920 1798 2050 1847 hanc
2070 1792 2209 1846 Deus

634 1894 920 1963 adimplevit
960 1892 1100 1946 nobis
1130 1894 1251 1959 ﬁliis
1278 1909 1466 1953 eorum,
1507 1891 1815 1942 resuscitans
1849 1886 2046 1949 Jesum,
2082 1885 2209 1966 sicut

634 1996 679 2037 et
706 1985 757 2037 in
787 1983 994 2036 Psalmo
1020 1983 1238 2036 secundo
1277 1982 1523 2049 scriptum
1555 1989 1624 2032 est
1644 1995 1663 2033 :
1696 1976 1861 2031 Filius
1891 1992 2029 2030 meus
2056 1991 2106 2029 es
2132 1984 2205 2033 tu,

634 2092 724 2146 ego
752 2075 900 2128 hodie
924 2075 1074 2145 genui
1098 2084 1145 2127 te
1173 2072 1344 2141 (Psal.
1370 2074 1424 2126 2.
1456 2072 1532 2142 7).
1566 2072 1650 2125 54.
1684 2070 1832 2137 Quod
1858 2079 2019 2123 mitem
2041 2069 2208 2123 susci-

637 2168 755 2220 tavit
782 2183 895 2219 eum
931 2182 963 2218 a
1010 2166 1240 2229 mortuis,
1282 2181 1380 2217 non
1406 2162 1542 2215 ultra
1589 2177 1903 2215 reversurum
1941 2160 1992 2212 in
2032 2176 2211 2213 corru-

641 2258 878 2325 ptionem,
906 2258 976 2309 ita
1001 2257 1147 2319 dixit,
1175 2256 1307 2319 Quia
1332 2255 1459 2307 dabo
1483 2254 1618 2307 robis
1638 2264 1808 2306 sancta
1836 2252 1995 2304 David
2036 2252 2209 2319 ﬁdelia

640 2348 791 2421 (Isai.
824 2351 911 2403 55.
959 2350 1037 2409 5).
1079 2350 1164 2404 55.
1199 2347 1323 2401 Ideo
1354 2359 1401 2399 et
1448 2349 1501 2399 in
1545 2346 1647 2398 alio
1691 2347 1864 2399 dicit:
1901 2343 2020 2397 Non
2067 2342 2209 2394 dabis

636 2440 880 2495 Sanctum
908 2450 1046 2493 tuum
1073 2440 1236 2493 videre
1259 2440 1628 2507 corruptionem
1670 2437 1839 2507 (Psal.
1868 2436 1951 2489 15.
1982 2435 2085 2502 l0).
2118 2434 2205 2487 56.

635 2530 802 2584 David
831 2531 962 2584 enim
989 2532 1040 2583 in
1070 2547 1163 2585 sua
1188 2531 1508 2600 generatione
1548 2546 1661 2582 cum
1702 2529 2097 2581 administrasset
2125 2541 2210 2577 vo-

634 2624 817 2675 luntati
841 2622 954 2685 Dei,
986 2622 1241 2681 dormivit,
1270 2632 1314 2673 et
1338 2621 1599 2688 appositus
1620 2629 1691 2673 est
1714 2620 1782 2671 ad
1812 2628 1974 2683 patres
2000 2633 2135 2676 suos,
2164 2626 2211 2668 et

636 2714 758 2767 vidit
785 2715 1156 2782 corruptionem
1185 2728 1204 2766 :
1231 2713 1319 2766 57.
1367 2728 1511 2779 quem
1551 2728 1664 2765 vero
1715 2709 1852 2765 Deus
1890 2710 2144 2764 suscitavit
2179 2725 2211 2761 a

636 2807 863 2870 mortuis,
892 2820 993 2857 non
1019 2804 1142 2857 vidit
1165 2802 1556 2871 corruptionem.
1592 2801 1724 2855 Vide
1754 2801 1893 2854 hunc
1922 2800 2210 2854 vehemen-

633 2899 739 2949 tius
767 2895 1137 2950 disserentem.
1190 2894 1301 2948 lloc
1346 2908 1635 2963 numquam
1681 2891 1872 2946 Petrus
1918 2890 2069 2945 dixit.
2118 2890 2207 2943 58.

639 2988 826 3041 Notum
851 2988 1005 3056 igitur
1031 2988 1092 3041 sit
1118 2987 1273 3045 vobis.
1296 2986 1388 3038 viri
1418 2986 1623 3053 fratres,
1655 2984 1771 3053 quia
1798 2999 1883 3050 per
1910 2982 2040 3033 hunc
2068 2982 2210 3033 nobis

637 3078 861 3132 remissio
884 3087 1201 3147 peccatorum
1227 3076 1578 3139 annuntiatur,
1608 3085 1653 3128 et
1677 3074 1738 3126 ab
1759 3074 2009 3135 omnibus,
2040 3090 2070 3123 a
2094 3073 2209 3141 qui-

636 3169 726 3222 bus
750 3186 849 3221 non
881 3168 1109 3237 potuistis
1145 3169 1196 3220 in
1235 3167 1345 3237 lege
1380 3165 1572 3234 Jloysis
1596 3164 1885 3233 iustiﬁcari,
1916 3163 2005 3217 39.
2040 3162 2091 3214 in
2118 3164 2211 3218 hoc

640 3261 799 3313 omnis
822 3261 908 3329 qui
931 3259 1089 3312 credit
1104 3259 1433 3328 justiﬁcatur.
1465 3256 1663 3310 Deinde
1688 3256 1787 3309 hoc
1812 3255 2047 3310 terribile
2076 3272 2089 3308 :
2118 3254 2206 3307 40.

652 3352 820 3406 Videte
846 3370 983 3422 ergo,
1024 3370 1084 3405 ne
1119 3351 1434 3419 superveniat
1469 3351 1604 3403 vobis
1641 3348 1775 3417 quod
1818 3348 2003 3401 dictum
2051 3357 2121 3400 est
2158 3348 2211 3398 in

638 3444 893 3513 prophetis
926 3458 943 3498 :
971 3444 1061 3497 41.
1101 3440 1291 3507 Videte,
1314 3450 1696 3509 contemptores,
1718 3448 1763 3491 et
1792 3438 2133 3500 admiramini,
2165 3447 2211 3491 et

637 3534 1001 3603 disperdimini,
1049 3534 1167 3605 quia
1202 3548 1329 3599 apus
1371 3548 1552 3601 aperor
1590 3546 1679 3599 ego
1707 3531 1759 3582 in
1803 3530 1973 3583 diebus
2012 3530 2207 3595 vestris,

634 3625 771 3693 quod
786 3640 885 3677 non
904 3623 1133 3685 credetis,
1153 3622 1195 3674 si
1212 3622 1321 3689 quis
1338 3626 1643 3674 enarravcrit
1664 3620 1799 3672 vobis
1821 3620 1837 3688 (
1848 3616 2041 3672 Habac.
2063 3620 2084 3671 i
2101 3658 2111 3669 .
2128 3618 2207 3688 5).

706 3715 760 3767 2.
796 3714 926 3767 Vide
954 3711 1222 3783 quomodo
1240 3710 1717 3765 nectitsermonem
1742 3725 1807 3775 ex
1835 3710 2205 3777 praesentibus,

638 3823 702 3859 ex
737 3805 1043 3874 prophetis,
1096 3820 1161 3857 ex
1205 3805 1408 3857 semine
1437 3801 1729 3856 secundum
1775 3802 2205 3869 promissionem.

645 3899 835 3952 Verum
859 3912 1017 3963 supra
1056 3897 1191 3950 dicta
1219 3895 1581 3963 exploremus.
1631 3892 1739 3946 Viri
1767 3894 1970 3959 fratres,
1997 3895 2091 3957 filii
2120 3911 2209 3965 ge-

643 3992 774 4043 neris
814 3989 1049 4042 Abrahw.
1092 3989 1130 4040 A
1175 3996 1323 4056 patre
1369 3986 1511 4054 ipsos
1554 3984 1803 4054 appellat.
1856 3983 2003 4038 Vobis
2047 4002 2209 4039 sermo

636 4082 811 4135 salutis
838 4082 985 4150 hujus
1015 4080 1193 4132 missus
1221 4088 1309 4132 est.
1349 4078 1443 4132 llic
1474 4078 1623 4140 illud,
1664 4075 1829 4137 Vobis,
1862 4092 1966 4129 non
1994 4076 2209 4130 Judmos

636 4175 919 4240 separatim
954 4171 1184 4240 respicit,
1210 4170 1303 4225 sed
1326 4170 1416 4223 dat
1448 4169 1550 4223 illis
1584 4180 1899 4237 potestatem
1940 4170 2200 4223 avellendi

638 4281 698 4317 se
727 4264 793 4316 ab
821 4265 903 4325 iis,
933 4264 1019 4331 qui
1048 4262 1245 4316 eaedem
1274 4272 1680 4330 perpetrarunt;
1709 4261 1848 4329 quod
1878 4276 1940 4315 ex
1968 4263 2208 4330 sequenti

643 4355 814 4422 palam
846 4366 947 4406 est.
983 4353 1116 4404 Nam
1143 4354 1226 4420 qui
1254 4353 1578 4417 habitabant,
1622 4353 1793 4420 inquit
1817 4394 1831 4415 ,
1882 4351 2207 4419 Jerusalem,

642 4448 773 4497 hunc
816 4446 1123 4514 ignorantes,
1152 4453 1195 4496 et
1220 4460 1360 4497 voces
1388 4445 1767 4513 prophetarum,
1796 4458 1907 4512 quo?
1938 4460 2025 4509 per
2066 4460 2212 4497 omne

639 4536 897 4589 sabbatum
928 4538 1176 4605 leguntur,
1199 4536 1488 4602 judicantcs
1517 4534 1863 4604 impleverunt.
1900 4534 2084 4601 Magna
2116 4550 2210 4588 ac-

639 4630 859 4688 cusatio,
892 4628 933 4681 si
963 4629 1266 4695 frequenter
1289 4628 1564 4680 audientes
1595 4642 1695 4679 non
1721 4626 2061 4679 attenderint.
2107 4628 2210 4680 Sed

642 4721 770 4774 nihil
796 4722 982 4774 mirum
1010 4739 1022 4773 :
1057 4737 1175 4773 nam
1198 4721 1334 4773 dicta
1359 4720 1445 4772 illa
1468 4722 1605 4773 circa
1635 4719 1916 4789 [Egyntum
1947 4732 1997 4773 et
2024 4720 2209 4775 deser-

646 4822 753 4863 tum
783 4852 795 4872 ,
836 4810 963 4864 satis
988 4820 1139 4863 erant
1176 4811 1240 4863 ad
1274 4811 1536 4879 ingratum
1588 4812 1798 4865 illorum
1839 4813 2071 4864 animum
2115 4813 2209 4868 de-

647 4900 1065 4953 monstrandum.
1101 4902 1166 4954 Et
1193 4901 1454 4968 quomodo
1478 4908 1805 4970 ignorarunt,
1838 4904 2055 4972 inquies,
2090 4919 2209 4958 cum

643 4994 874 5048 Joannes
904 4991 1135 5045 dixerit?
1163 4990 1299 5057 Quid
1324 4992 1537 5055 mirum,
1567 5007 1685 5045 cum
1712 4992 1979 5060 propheta:
2004 5010 2213 5061 quoque

646 5084 1185 5154 smpeclamaverint?
1209 5084 1341 5137 llinc
1368 5083 1467 5135 alia
1488 5085 1752 5137 accusatio
1778 5102 1788 5133 :
1819 5084 1879 5135 Et
1900 5085 2039 5136 nulla
2059 5101 2214 5138 causa

646 5176 1079 5237 mortisinventa;
1110 5176 1158 5227 id
1198 5174 1336 5242 quod
1375 5176 1684 5244 ignorantia:
1729 5192 1830 5227 non
1880 5186 2013 5229 erat.
2045 5176 2215 5229 Pona-

647 5285 762 5320 mus
786 5268 949 5331 enim,
980 5268 1118 5337 quod
1149 5284 1266 5321 cum
1301 5283 1393 5334 pro
1417 5268 1629 5321 Christo
1652 5283 1755 5320 non
1790 5268 2087 5329 habuerint,
2118 5284 2214 5322 cur

645 5360 996 5411 acciderunt?
1027 5358 1095 5411 Et
1135 5360 1412 5425 petierunt,
1446 5359 1650 5427 inquit,
1696 5376 1725 5410 α
1771 5357 1934 5412 Pilato
1966 5369 2017 5410 ttt
2062 5361 2214 5411 inter-

649 5452 897 5517 ]ireretur.
931 5449 1149 5520 Cumque
1176 5460 1599 5502 consummassent
1625 5451 1792 5503 omnia
1816 5492 1828 5510 ,
1875 5467 1988 5522 quis
2026 5451 2088 5505 de
2126 5452 2214 5505 illo

646 5542 835 5606 scripta
858 5550 999 5592 erant
1023 5582 1036 5603 ,
1082 5541 1381 5605 deponentes
1421 5539 1482 5591 de
1509 5541 1664 5609 ligno,
1698 5552 1970 5611 posuerunt
2012 5542 2065 5593 in
2109 5559 2217 5594 mo-

647 5640 959 5682 numentum.
990 5630 1118 5684 Vide
1144 5648 1299 5697 qnam
1338 5631 1438 5684 hoc
1482 5631 1585 5683 illis
1612 5646 1752 5685 cura:
1784 5630 1957 5684 fuerit.
2003 5632 2215 5687 Modum

659 5723 847 5776 mortis
875 5722 1043 5787 dixit,
1076 5731 1129 5776 ct
1157 5723 1373 5778 l’ilatum
1409 5724 1457 5777 in
1491 5724 1718 5777 medium
1770 5725 2010 5789 adducit,
2046 5736 2101 5779 ut
2143 5727 2215 5778 si-

1333 314 1391 369 S.
1429 310 1701 368 JOANNIS
1736 304 2212 365 CllRYSOSTOMI
2254 300 2566 357 ARClIlEP.
2606 295 3139 354 CONSTANTINOP.

3802 286 3911 340 iiii

2320 414 2429 470 mul
2460 425 2513 469 et
2541 412 2820 467 manifesta
2852 412 3026 481 passio
3052 410 3120 464 sit
3144 423 3210 463 ex
3241 405 3520 485 tribunali,
3544 398 3817 471 simulque
3851 410 3907 453 nt

2317 506 2389 559 illi
2410 505 2626 575 gravius
2662 512 3003 565 aceusenlnr,
3031 501 3173 572 quod
3223 500 3372 554 illum
3421 498 3745 566 alienigena-
3789 495 3906 545 viro

2316 595 2653 648 tradiderint.
2706 593 2889 662 Neque
2928 594 3095 655 dixit,
3138 589 3425 661 Conquesti
3469 596 3594 640 sunt
3642 585 3751 656 (a);
3787 584 3904 645 sed,

2319 685 2681 750 l’ostularunt,
2730 686 2874 739 nulla
2928 699 3087 738 causa
3123 684 3336 738 inventa
3380 682 3526 735 illum
3576 677 3905 742 occidendi;

2316 780 2386 833 ita
2408 789 2462 832 ut
2488 779 2660 847 palam
2683 778 2752 831 sit
2776 778 2894 831 illos
2912 777 3134 848 gratiam
3155 776 3425 844 accepisse
3447 774 3619 828 Pilato
3644 773 3864 824 nolente
3890 792 3903 826 :

2314 869 2453 937 quod
2481 869 2675 923 clarius
2703 868 2831 922 dicit
2864 870 3068 927 l’etrus,
3100 866 3375 919 Judicaute
3412 864 3502 917 illo
3530 865 3719 917 dimitti
3753 863 3905 931 (Act.

2313 961 2367 1014 '5.
2400 959 2511 1029 15).
2542 959 2759 1014 Multum
2788 959 2998 1014 amabat
3043 958 3166 1011 illos
3205 958 3421 1011 Paulus.
3479 956 3546 1009 Et
3590 956 3744 1017 vide,
3796 972 3903 1007 non

2316 1063 2558 1106 moratur
2582 1054 2631 1105 in
2662 1054 2867 1120 ingrato
2895 1064 3100 1121 patrum
3133 1064 3336 1109 animo,
3362 1048 3457 1102 sed
3488 1049 3616 1116 ipsis
3648 1048 3904 1101 timorem

2316 1146 2520 1199 incutit.
2556 1145 2860 1214 Stephanus
2886 1154 3032 1199 certe
3068 1143 3168 1198 hoc
3192 1144 3314 1212 jure
3344 1142 3470 1196 facit
3491 1184 3507 1203 ,
3537 1152 3723 1208 utpote
3753 1142 3903 1195 occi-

2313 1235 2537 1296 dendus,
2568 1252 2671 1290 non
2697 1237 2920 1301 docens,
2944 1247 2998 1291 et
3022 1236 3311 1289 ostendens
3342 1234 3512 1303 legem
3540 1233 3653 1303 jam
3699 1235 3843 1287 Solvi
3887 1251 3900 1285 :

2315 1329 2402 1383 hic
2452 1345 2581 1385 vero
2632 1345 2735 1382 non
2783 1330 2945 1395 item,
2994 1329 3087 1383 sed
3119 1328 3351 1382 minatur
3391 1338 3447 1381 et
3491 1336 3657 1380 terret
3699 1327 3901 1379 solum.

2314 1420 2451 1476 Deus
2473 1432 2639 1475 autem
2682 1422 2938 1475 suscitavit
2976 1423 3122 1474 illuni
3146 1437 3179 1473 a
3220 1420 3451 1473 mortuis.
3490 1418 3593 1484 Qui
3626 1420 3765 1472 visus
3790 1428 3863 1471 est
3886 1462 3899 1482 ,

2315 1514 2503 1581 inquit,
2534 1514 2702 1567 multis
2725 1512 2899 1566 diebus
2920 1515 3001 1576 iis,
3024 1514 3110 1572 qui
3134 1529 3246 1564 cum
3281 1528 3338 1565 eo
3360 1514 3693 1564 ascenderant
3736 1527 3769 1562 a
3798 1510 3900 1563 Ga-

2312 1607 2449 1659 lila'a
2473 1607 2525 1659 in
2549 1604 2858 1659 Jerusalem.
2887 1605 3019 1661 Vide
3040 1606 3180 1659 hunc
3204 1604 3271 1659 ab
3300 1605 3415 1674 ipso
3439 1602 3639 1673 Spiritu
3669 1614 3895 1665 motum,

2314 1710 2366 1753 et
2402 1699 2699 1766 passionem
2750 1708 2803 1753 et
2832 1699 3135 1766 sepulcrum
3176 1712 3319 1765 smpe
3371 1707 3787 1751 memorantem.
3834 1694 3902 1749 Et

2312 1806 2403 1841 nos
2441 1789 2576 1841 vobis
2618 1791 3012 1851 anmmtiamus,
3058 1790 3262 1858 inquit,
3310 1804 3419 1841 eam
3459 1804 3572 1856 quae
3614 1788 3683 1839 ad
3730 1798 3902 1854 patres

2313 1890 2508 1933 nostros
2548 1880 2871 1945 repromissio
2910 1884 3052 1954 facta
3079 1889 3193 1943 est;
3238 1878 3431 1940 idest,
3480 1878 3898 1945 promissionem

2313 1981 2490 2040 patres
2520 1981 2861 2037 acceperunt,
2893 1986 2986 2025 vos
3012 1986 3122 2025 rem
3152 1971 3343 2036 ipsam.
3380 1970 3583 2025 Deinde
3610 1980 3897 2040 postquam

2316 2071 2502 2117 testem
2531 2062 2823 2116 adduxerat
2851 2062 3110 2117 Joannem
3135 2103 3149 2126 ,
3177 2078 3298 2116 cum
3326 2063 3559 2125 diceret,
3594 2061 3674 2116 De
3710 2064 3903 2117 semine

2316 2153 2408 2205 hoc
2424 2154 2698 2207 secundum
2717 2154 3094 2221 promissionem
3112 2154 3323 2207 adduxit
3344 2151 3530 2208 Israeli
3552 2154 3897 2221 Salvatorem,

2313 2248 2620 2315 praedicante
2635 2246 2836 2300 Joanne
2859 2256 2977 2301 ante
3001 2248 3181 2319 faciem
3205 2248 3447 2302 adventus
3462 2252 3570 2319 ejus
3593 2250 3902 2319 baptismum

2314 2338 2617 2405 paenitentia
2640 2336 2848 2401 Israel;
2874 2353 3056 2393 rursus
3080 2340 3281 2394 inducit
3309 2339 3457 2393 illum
3490 2342 3682 2393 iterum
3713 2341 3902 2395 dicen-

2313 2437 2417 2482 tem
2451 2447 2463 2482 :
2498 2428 2658 2494 Quem
2677 2444 2755 2482 me
2781 2430 3095 2482 arbitramini
3119 2446 3247 2491 esse,
3278 2445 3380 2483 non
3407 2447 3514 2484 sum
3546 2447 3658 2501 ego.
3694 2430 3901 2485 Deinde

2312 2518 2583 2586 apostolos
2607 2534 2819 2589 quoque
2866 2519 3070 2573 inducit
3096 2522 3504 2575 resurrectionis
3555 2530 3763 2586 testes,
3813 2523 3897 2575 di-

2313 2625 2440 2665 cens
2473 2628 2485 2662 :
2513 2612 2612 2674 Qui
2636 2622 2750 2664 sunt
2776 2621 2919 2665 testes
2950 2613 3088 2665 illius
3118 2612 3185 2664 ad
3219 2613 3414 2681 plebem
3440 2652 3455 2676 ,
3494 2613 3687 2668 deinde
3736 2615 3897 2667 Davi-

2314 2701 2434 2756 dem
2473 2702 2700 2771 idipsum
2743 2702 3112 2757 testiticantem
3140 2743 3156 2767 ,
3205 2718 3324 2757 cum
3379 2704 3543 2757 dicit:
3578 2703 3700 2757 Non
3754 2707 3901 2759 dabis

2315 2793 2560 2848 Sanctum
2590 2804 2728 2847 tuum
2766 2795 2933 2848 videre
2968 2796 3359 2863 corruptionem.
3386 2796 3569 2864 Neque
3607 2798 3752 2852 enim
3803 2814 3898 2852 ve-

2316 2895 2423 2939 tera
2460 2901 2552 2954 per
2571 2887 2745 2956 seipsa
2772 2897 2877 2941 tam
2902 2886 3053 2941 ﬁrma
3074 2903 3193 2943 esse
3217 2888 3553 2955 videbantur,
3579 2906 3755 2960 neque
3786 2891 3901 2948 hac

2313 2978 2428 3032 sine
2457 2978 2559 3034 illis
2591 2995 2603 3030 :
2635 2994 2730 3048 per
2762 2989 2987 3049 utraque
3012 2989 3159 3034 certe
3184 2994 3487 3037 sermonem
3521 2982 3719 3037 ﬁrmat.
3763 2984 3897 3052 Qui:

2313 3072 2454 3125 enim
2499 3080 2640 3127 metu
2683 3073 3019 3137 tenebantur,
3070 3073 3211 3144 quod
3257 3073 3405 3129 illum
3449 3076 3813 3139 occidissent,
3844 3090 3902 3131 et

2315 3164 2637 3219 conscientia
2665 3166 2937 3221 alit-nabat
2964 3166 3105 3229 illos,
3136 3182 3242 3220 non
3267 3168 3417 3237 quasi
3446 3168 3511 3222 ad
3542 3168 3898 3223 Clll‘isllt‘idas

2316 3255 2619 3325 loquuntur,
2658 3272 2757 3311 nec
2793 3256 2945 3327 quasi
2985 3257 3216 3313 alienum
3248 3299 3264 3325 ,
3296 3258 3388 3314 sed
3420 3261 3571 3329 quasi
3621 3262 3897 3331 proprium

2314 3347 2443 3416 ipsis
2483 3347 2678 3402 bonum
2720 3348 3009 3403 traderent.
3046 3349 3447 3418 Optatissimum
3492 3350 3595 3404 illis
3634 3361 3757 3405 erat
3806 3366 3902 3402 no-

2317 3454 2436 3492 men
2478 3438 2691 3493 Daridis
2725 3456 2737 3491 :
2775 3440 2893 3495 ideo
2923 3439 3072 3510 ponit
3110 3439 3260 3503 illud.
3294 3451 3350 3494 ut
3379 3441 3463 3495 vel
3493 3442 3573 3495 sic
3608 3442 3799 3496 saltem
3832 3441 3900 3495 il-

2315 3527 2422 3580 lum
2470 3529 2799 3597 suscipiant;
2864 3545 2927 3584 ac
2963 3531 3008 3584 si
3053 3530 3285 3596 diceret,
3332 3530 3495 3585 lilium
3552 3531 3669 3601 ejus
3718 3547 3897 3603 regem

2314 3618 2442 3686 ipsis
2474 3618 2706 3673 futurum
2736 3634 2857 3674 esse
2886 3639 2899 3674 :
2947 3621 3104 3691 igitur
3129 3622 3246 3691 ejus
3278 3621 3484 3677 frenum
3517 3640 3582 3675 ne
3608 3623 3898 3691 abjieiatis.

2312 3711 2445 3774 Quid
2480 3713 2578 3766 sibi
2606 3713 2718 3767 vult
2765 3714 2890 3767 illud
2925 3732 2938 3767 :
2985 3714 3126 3769 Dabo
3166 3715 3302 3769 vobis
3343 3727 3518 3770 sancta
3547 3715 3719 3770 David
3766 3721 3901 3785 ﬁde-

2316 3803 2428 3855 lia?
2461 3802 2675 3866 Firma,
2733 3804 2936 3871 inquit,
2987 3820 3107 3875 quae
3150 3821 3438 3875 numquam
3488 3807 3723 3876 peritura
3770 3811 3896 3864 sint.

2313 3895 2495 3964 Neque
2544 3895 2594 3948 in
2652 3896 2732 3948 bis
2784 3905 3040 3961 moratur,
3094 3906 3276 3965 utpote
3325 3914 3444 3953 cum
3494 3899 3575 3952 bis
3617 3899 3729 3969 jam
3778 3916 3898 3954 cre-

2313 3988 2469 4051 dant;
2530 3987 2623 4042 sed
2674 3988 2907 4041 minatur
2953 3990 3314 4057 supplicium,
3364 3998 3418 4041 et
3464 3992 3656 4043 transit
3692 3992 3760 4044 ad
3806 3992 3895 4057 id,

2312 4082 2451 4150 quod
2496 4081 2575 4133 eis
2609 4081 2842 4149 optabile
2886 4090 3002 4135 erat
3026 4122 3040 4145 ,
3083 4096 3201 4134 eum
3230 4081 3558 4135 ostendisset
3586 4082 3896 4152 abrogatam

2313 4186 2432 4225 esse
2450 4172 2620 4242 legem
2643 4189 2657 4235 ;
2691 4181 2851 4241 atque
2870 4172 2920 4225 in
2947 4188 3012 4225 eo
3034 4172 3171 4240 quod
3193 4172 3324 4226 utile
3342 4182 3457 4225 erat
3476 4185 3737 4238 moratur,
3757 4177 3898 4243 quod

2314 4278 2507 4330 nempe
2554 4277 2741 4331 magna
2792 4262 3247 4331 trangressoribus
3290 4264 3428 4315 mala
3475 4261 3651 4317 futura
3694 4276 3895 4319 essent.

2318 4353 2516 4407 Deinde
2538 4353 2727 4406 iterum
2756 4352 3007 4406 Davidem
3036 4367 3156 4406 cum
3178 4352 3333 4408 laude
3363 4365 3631 4408 memorat
3660 4372 3674 4408 :
3710 4355 3895 4415 Darid.

2318 4446 2505 4514 inquit,
2529 4446 2581 4497 in
2608 4461 2701 4497 sua
2733 4445 3049 4513 generatione
3075 4460 3191 4497 cum
3231 4445 3628 4498 administrasset
3655 4448 3899 4499 voluntati

2319 4537 2428 4599 Dei,
2455 4537 2713 4603 appositus
2730 4546 2800 4589 est
2824 4535 2893 4587 ad
2916 4546 3085 4605 patres
3109 4552 3247 4589 suos.
3270 4534 3418 4590 Sicut
3435 4546 3490 4591 et
3514 4536 3703 4591 Petrus
3727 4540 3896 4608 ipsam

2317 4643 2617 4681 meinoraus
2651 4628 2861 4681 dicebat
2890 4645 2903 4680 :
2938 4627 3110 4681 Liceat
3131 4628 3295 4681 dicere
3337 4645 3451 4681 cum
3496 4630 3687 4695 ﬁducia
3716 4631 3779 4683 de
3810 4648 3897 4699 pa-

2317 4721 2537 4773 triarcha
2568 4720 2727 4773 David
2760 4721 2894 4792 (Act.
2919 4720 2975 4774 2.
3008 4720 3122 4788 29).
3162 4720 3270 4775 Nec
3300 4722 3429 4775 dicit
3449 4733 3719 4777 mortuum
3746 4740 3893 4790 esse,

2317 4813 2409 4867 sed
2431 4855 2444 4875 ,
2474 4813 2745 4882 Appositus
2769 4823 2843 4865 est
2868 4813 2937 4865 ad
2969 4823 3137 4881 patres
3167 4830 3282 4866 suos
3304 4854 3318 4877 ,
3351 4813 3399 4867 id
3430 4815 3571 4882 quod
3600 4816 3744 4869 dictu
3774 4835 3894 4871 sna-

2315 4908 2432 4957 vins
2462 4916 2593 4958 erat.
2627 4904 2690 4958 Et
2720 4904 2837 4958 vide
2866 4903 3135 4972 quomodo
3169 4920 3429 4974 nusquam
3475 4906 3613 4959 bona
3660 4908 3894 4977 ipsorum

2318 5014 2475 5066 Opera
2525 5007 2719 5067 ponat,
2761 4998 2857 5051 sed
2890 5014 3007 5065 qth
3042 4996 3481 5066 repreliensibilia
3524 5011 3680 5052 erant
3717 5016 3730 5051 :
3777 5017 3895 5054 nam

2317 5090 2455 5159 quod
2484 5091 2761 5159 petiissent
2790 5098 2843 5142 et
2874 5089 3246 5155 accepissent,
3284 5105 3473 5159 magna
3501 5090 3713 5144 illorum
3738 5109 3896 5147 accu-

2319 5184 2452 5235 satio
2472 5192 2604 5235 erat.
2634 5181 2767 5233 lline
2793 5179 3048 5233 beneﬁt-ia
3074 5180 3166 5233 Dei
3192 5190 3472 5235 recenset:
3505 5180 3686 5252 Eli-git,
3710 5185 3892 5252 inquit,

2320 5273 2611 5336 Exaltavit,
2646 5270 2922 5323 Educavit.
2954 5270 3077 5323 ll:cc
3106 5285 3235 5325 vero
3262 5287 3365 5324 non
3411 5286 3594 5325 eorum
3617 5315 3631 5337 ,
3668 5275 3761 5328 sed
3808 5274 3896 5327 Dei

2383 5389 2452 5454 (α)
2482 5386 2535 5435 Ῐη
2558 5395 2720 5454 (πίε-00
2746 5384 2941 5454 legitur.
2962 5398 3139 5447 ινιτιχον,
3158 5398 3486 5454 qttamyocem
3508 5388 3897 5454 iuterprqsprior

2322 5447 2508 5499 latinus
2543 5448 2719 5501 vertit,
2755 5447 3088 5503 obtinuerunt;
3112 5449 3199 5495 sed
3226 5447 3369 5496 male.
3398 5456 3507 5497 Nam
3532 5447 3696 5510 ινιτ-,νέον
3722 5447 3801 5497 hic
3837 5454 3900 5498 si-

2321 5510 2805 5580 gndlmntaconquesti
2842 5518 2973 5580 sunt,
2993 5516 3161 5557 contra
3200 5522 3309 5580 eum
3335 5510 3515 5580 loqunti
3538 5518 3646 5560 sum
3664 5545 3681 5568 ,
3704 5527 3897 5580 accusa-

2323 5568 2451 5620 i‘uut.
2474 5571 2619 5629 Cujus
2642 5568 3007 5634 signiﬁcationis
3031 5568 3260 5634 exempla
3283 5568 3534 5621 attulimus
3556 5584 3651 5620 non
3677 5587 3828 5634 pauca
3854 5576 3898 5620 in

2323 5584 2451 5620 runt.
2474 5584 2619 5629 taqns
2642 5584 3007 5619 stwnmcaumns
3031 5584 3177 5619 cxem
3216 5584 3260 5617 ta
3283 5584 3534 5621 attumuus
3556 5584 3651 5620 non
3677 5587 3828 5634 pauca
3855 5587 3898 5620 m

2321 5634 2627 5682 tinomastico
2651 5607 2713 5679 ad
2733 5632 2875 5679 liaien:
2902 5632 3138 5683 Editionis
3172 5584 3509 5683 thanasima:
3546 5648 3573 5681 τι
3600 5636 3741 5684 nobis
3762 5636 3899 5683 ador-

2323 5705 2434 5759 nato
2468 5696 2515 5742 in
2541 5708 2658 5743 voce
2685 5707 2914 5757 ιντυτχάνιιν,
2938 5702 2988 5741 et
3015 5696 3059 5741 in
3083 5696 3308 5759 sequenti
3347 5708 3508 5759 inslil-
3532 5702 3607 5744 Stc
3646 5704 3816 5747 autem
3836 5698 3909 5748 in-

2328 5756 2525 5808 tellecta
2553 5768 2671 5805 voce
2697 5769 2853 5817 ινειυιςν
2872 5760 3029 5803 omnia
3049 5756 3371 5818 quadrabuut.
