4088 6330
491 409 610 464 ΞΠ

567 524 635 591 γ’.
661 518 811 587 Εἶδες
822 522 949 588 πῶς
976 520 1276 586 σπουδαίαις
1298 522 1492 587 ἔδειξεν
1525 526 1836 594 οἰκονομίας
1854 527 1915 577 :0
1934 526 2164 592 πρᾶγμα

495 610 591 673 0v;
622 609 777 683 Ἀλλ’
805 610 1128 681 ἀκούσωμεν
1147 610 1200 663 τί
1226 610 1319 664 καὶ
1351 610 1599 678 λέγοντες
1630 613 1679 664 οἱ
1705 611 1990 666 ἀπόστολοι
2017 611 2164 663 ἔπεις-

499 714 621 758 σαν,
779 697 1119 769 ἐσταυρώθη.
1154 699 1218 751 Τί
1243 697 1435 752 τούτου
1469 697 1894 770 ἀπιθανώτερον,
1923 699 2005 751 ὅτι
2034 697 2159 750 ἐτα-

484 800 575 851 .φη
600 785 731 854 παρ’
767 783 970 849 αὐτῶν,
1002 778 1084 847 οἷς
1109 783 1474 855 ἐπηγγέλλετο
1506 782 1779 856 σωτηρίαν
1814 782 2050 845 ἔσεσθαι,
2079 784 2160 835 ὅτι

484 872 745 938 ςνὸ-ταφεὶς
774 870 997 939 ἀφίησιν
1025 872 1411 943 ἁμαρτήματα,
1454 871 1666 937 καὶτοῦ
1712 871 1873 941 νόμου
1926 870 2159 939 μᾶλλονς

485 957 593 1009 *Διὸ
630 958 725 1011 καὶ
745 957 845 1011 οὐκ
877 954 1051 1019 εἶπεν,
1085 952 1185 1011 Ὧν
1226 958 1324 1011 οὐκ
1363 956 1723 1028 ἡϐουλήθητε·
1770 958 1884 1012 ἀλλ’
1915 952 2026 1010 Ὧν
2051 958 2161 1010 οὐκ

499 1041 843 1111 ἠδυνήθητε
883 1043 951 1097 ἐν
975 1044 1055 1109 τῷ
1099 1046 1261 1112 νόμῳ
1305 1042 1603 1117 Μωῠονέως
1654 1041 2052 1110 δικαιωθῆναι,
2094 1042 2164 1095 ἐν

501 1129 692 1197 τούτῳ
716 1128 836 1196 πᾶς
858 1133 893 1185 d
920 1133 1220 1185 πιστεύων
1237 1127 1589 1196 δικαιοῦται,
1617 1130 1678 1183 :0
1697 1130 1922 1193 ἀσθενὲς
1948 1129 2044 1183 τοῦ
2074 1130 2162 1181 νόε-

505 1230 611 1284 μου
636 1215 869 1281 δεικνύς.
918 1217 1111 1280 Καλῶς
1153 1216 1210 1270 δέ
1260 1216 1566 1288 προσέθηκε
1597 1218 1692 1270 καὶ
1744 1216 1825 1279 :0,
1878 1214 2024 1281 Πᾶς,
2077 1216 2179 1289 ἵνα,

502 1300 651 1375 δείξῃ
690 1302 771 1355 ὅτι
802 1304 951 1366 ὅστις
998 1298 1133 1377 ἃνῇ
1181 1306 1209 1357 0
1260 1302 1550 1357 πιστεύων.
1593 1303 1760 1358 Οὐδὲν
1810 1302 1920 1374 γάρ
1973 1302 2165 1371 ὄφελος

502 1391 752 1453 ἐκείνων,
777 1390 872 1446 ἐὰν
897 1392 970 1463 μή
994 1408 1077 1455 τις
1114 1392 1403 1463 εὐεργεσία
1512 1392 1611 1444 Διὰ
1633 1392 1791 1446 τοῦτο
1828 1391 2053 1463 ὕστερον
2080 1392 2164 1444 τί-

504 1477 631 1549 θησι
655 1476 755 1549 τὴν
783 1478 998 1546 ἄφεσιν,
1030 1478 1279 1532 ἐντεῦθεν
1300 1478 1362 1532 τὸ
1408 1478 1590 1549 μεῖζον
1619 1481 1888 1548 συνάγων,
1935 1479 2029 1533 καὶ
2056 1478 2165 1531 δει-

504 1565 634 1628 κνὺς
664 1565 770 1629 ὅτι,
808 1564 1139 1629 ὃνάδυνάτως
1168 1561 1319 1635 εἶχεν
1361 1567 1389 1619 0
1416 1567 1579 1637 νόμος
1602 1556 1751 1639 [229]
1783 1569 1974 1633 ποιεῖν,
2006 1565 2164 1619 τοῦτο

502 1652 877 1723 ἐργασάμενος
904 1652 990 1707 διά
1014 1652 1108 1706 τοῦ
1137 1653 1365 1709 θανάτου
1414 1657 1443 1708 0
1476 1654 1663 1709 παθὼν
1696 1655 1966 1725 φαίνεται.
2003 1658 2164 1709 Ὥστε

502 1741 685 1804 καλῶς
708 1734 882 1809 ἕλεγεέ
908 1729 1135 1808 Οἵτινές
1158 1744 1278 1797 εισι
1314 1743 1614 1813 μάρτυρες
1652 1744 1839 1799 αὑτοῦ
1884 1744 2035 1814 πρὸς
2063 1748 2168 1798 τὸν

503 1829 675 1893 λαὸν,
712 1829 804 1883 τὸν
853 1828 1109 1883 ἀνελόντα
1162 1832 1346 1901 φησὶν,
1380 1833 1479 1885 οὐκ
1533 1833 1597 1885 ἀν
1625 1832 1801 1897 ὄντες,
1856 1834 1904 1885 εἰ
1941 1835 2015 1905 μὴ
2047 1833 2167 1905 θείᾳ

502 1916 728 1987 δυνάμει
758 1916 1120 1970 ἐϐεϐαιοῦντο·
1158 1919 1258 1972 οὐκ
1290 1918 1355 1973 ἂν
1391 1922 1499 1990 γὰρ
1541 1920 1679 1991 πρὸς
1708 1920 2026 1991 ἀνθρώπους
2074 1939 2166 1990 φο-

500 2001 710 2064 νῶντας
742 2000 964 2055 τοιαῦτα
989 2002 1397 2076 ἐμαρτύρησαν,
1444 2006 1543 2059 οὐκ
1570 2006 1635 2059 ἀν
1663 2007 1799 2076 πρὸς
1828 2009 2023 2070 αὐτοὺς
2043 2009 2168 2070 τοὺς

504 2087 808 2152 ἀνελόντας.
835 2089 908 2142 T0
926 2090 1005 2153 δὲ,
1048 2090 1193 2159 Ἐγὼ
1218 2090 1487 2160 σήμερον
1516 2093 1843 2163 γεγέννηκά
1867 2110 1959 2156 σε,
1992 2091 2164 2159 εἶπεν,

502 2177 578 2238 ὡς
612 2175 785 2247 τούτῳ
816 2175 1001 2231 λοιπὸν
1045 2177 1203 2243 εἰδὼς
1238 2180 1321 2233 ὅτι
1355 2182 1449 2234 καὶ
1492 2182 1561 2235 τά
1620 2182 1755 2235 ἄλλα
1796 2184 2006 2236 ἐπεται.
2062 2184 2169 2236 Kal

502 2264 591 2318 διὰ
623 2266 675 2317 τί
702 2265 776 2335 μὴ
800 2264 1041 2337 ἐπήγαγε
1065 2268 1387 2340 μαρτυρίαν,
1423 2269 1489 2330 δι)
1510 2266 1580 2341 ἦς
1607 2269 1831 2341 ἔμελλον
1865 2271 2167 2336 πείθεσθαι,

504 2352 587 2404 ὅτι
611 2352 804 2420 ἄφεσις
856 2353 1139 2425 ἁμαρτιῶν
1167 2355 1234 2408 δι’
1264 2356 1428 2409 αὑτοῦ
1455 2358 1703 2426 γίνεται;
1731 2358 1854 2411 Ὀτι
1881 2358 1941 2412 :0
1994 2376 2171 2413 σπου-

504 2438 529 2489 ἰ
577 2438 801 2509 ζόμενον
836 2439 994 2494 τοῦτο
1020 2438 1110 2513 ἦν,
1136 2441 1306 2508 δεῖξαι
1329 2444 1488 2508 τέως,
1525 2445 1607 2499 ὅτι
1650 2446 1873 2517 ἀνέστηο
1906 2446 2093 2500 τούτου
2114 2446 2170 2499 δὲ

504 2525 949 2597 ὼςιολογημένου,
986 2529 1162 2581 ἐκεῖνο
1199 2531 1682 2602 ἀναμφισϐήτητον
1708 2528 1777 2603 ἦν
1826 2532 1915 2585 διὰ
1954 2533 2167 2598 τούτου,

503 2629 525 2660 ς
556 2640 564 2657 ι
590 2612 683 2663 καὶ
700 2612 781 2665 ὅτι
803 2613 897 2665 ὑπ’
918 2614 1083 2667 αὐτοῦ
1123 2622 1147 2649 ⁸
1171 2617 1363 2684 ἄφεσις
1394 2610 1680 2688 ἁμαρτιῶν
1700 2617 1927 2686 γίνεται.
1963 2619 2170 2683 Ἀλλως

504 2699 561 2748 εξ
594 2697 843 2751 ἐϐούλετο
869 2700 949 2762 εἰς
970 2699 1135 2754 πόθον
1165 2701 1363 2765 αὐτοὺς
1392 2704 1621 2771 ἀγαγεῖν
1668 2703 1761 2758 τοῦ
1790 2705 2026 2775 μεγάλου
2052 2706 2172 2759 τού-

503 2800 623 2839 του.
654 2786 768 2838 Οὐκ
797 2786 906 2855 ἄρα
947 2787 1332 2857 ἐγκατάλειψις
1360 2785 1431 2861 ἦν
1467 2792 1495 2843 0
1535 2790 1764 2856 θάνατος
1819 2793 2006 2857 αὑτοῦ,
2038 2793 2175 2848 ἀλλά

508 2873 847 2944 προφητείας
904 2873 1201 2945 πλήρωσις.
1272 2876 1704 2949 ’Δναμιμνήσκει
1756 2881 2005 2953 ἱστοριῶν
2032 2921 2047 2946 ,
2108 2880 2174 2945 ἃς

509 2960 878 3030 ἀγνοήσαντες
912 2961 1079 3032 μυρία
1111 2961 1313 3016 ἔπαθον
1340 2964 1507 3018 δεινά.
1534 2966 1645 3018 Kal
1670 2966 1826 3020 τοῦτο
1878 2967 2173 3022 αἰνίττεται

506 3045 596 3098 διά
623 3046 715 3100 τοῦ
764 3045 951 3111 τέλους
995 3048 1189 3116 λέγων·
1239 3050 1427 3105 Ἴδετε
1472 3054 1526 3106 οι
1560 3055 2026 3123 καταφρονηταὶ,
2072 3057 2173 3110 καί

506 3133 887 3203 ἐπιϐλέψατε.
918 3136 1029 3189 Kal
1054 3137 1155 3207 δρα
1181 3137 1297 3200 πῶς
1325 3140 1454 3192 αὐτὸ
1504 3144 1676 3210 τραχὺ
1705 3142 1764 3195 ὃν
1788 3145 2170 3213 ὑποτέμνεται.

508 3219 606 3287 Μὴ
637 3220 900 3287 ἐπέλθοι,
937 3224 1124 3292 φησὶν,
1159 3226 1251 3293 ἐφ’
1285 3226 1441 3295 ὑμᾶς
1490 3228 1555 3283 τὸ
1601 3231 1751 3298 πρὸς
1781 3231 1923 3297 τοὺς
1946 3233 2175 3300 ἄλλους

507 3307 845 3376 εἰρημένον,
867 3308 956 3363 ὅτι
975 3310 1153 3380 ἔργον
1167 3312 1285 3380 ἐγὼ
1307 3313 1633 3385 ἐργάζομαι,
1671 3317 1704 3372 δ
1727 3321 1798 3373 οὐ
1819 3320 1906 3388 μὴ
1928 3324 2174 3375 πιστεύ-

512 3410 684 3462 σητε,
723 3394 833 3449 ἐάν
871 3413 963 3464 τις
991 3397 1337 3468 ἐκδιηγῆται
1368 3402 1530 3471 ὑμῖν.
1578 3404 1670 3477 Μὴ
1708 3405 2039 3477 θαυμάζετε,
2091 3410 2173 3473 0::

513 3483 740 3536 ἄπιστον
761 3483 910 3537 δοκεῖ
940 3479 1105 3539 είναιτ
1135 3488 1230 3540 καὶ
1248 3488 1378 3541 αὐτὸ
1406 3491 1729 3560 προείρηται
1749 3494 1978 3548 ἀνωθεν,
2005 3496 2175 3551 Τοῦτο

516 3571 611 3625 καὶ
640 3572 775 3641 πρὸς
802 3573 950 3644 ἡμᾶς
978 3575 1201 3639 εἰκότως
1236 3570 1305 3629 ἂν
1346 3578 1588 3651 λεχθείη,
1630 3570 1875 3636 Βλέπετε
1914 3587 1964 3637 οἱ
2008 3602 2177 3639 κατα-

516 3659 804 3730 φρονηταὶ,
836 3660 1100 3731 περὶτῶν
1123 3666 1188 3733 τῇ
1234 3664 1529 3723 ἀναστάσει
1571 3668 2014 3726 διαπιστούντων.
2067 3674 2176 3726 Kal

514 3746 623 3817 γάρ
658 3747 862 3817 σφόδρα
883 3748 1067 3810 κακῶς
1087 3748 1157 3801 τά
1182 3751 1283 3821 τῆς
1330 3752 1656 3825 Ἐκκλησίας
1681 3756 1970 3824 διάκειται,
1997 3760 2177 3815 καίτοι

514 3850 580 3899 γε
610 3832 856 3903 νομίζετε
878 3835 934 3887 ἐν
953 3836 1145 3913 εἰρήνῃ
1172 3833 1400 3892 εἶναιτὰ
1423 3823 1743 3911 πράγματα.
1774 3844 1847 3897 Τὸ
1875 3844 1984 3917 γάρ
2004 3847 2176 3901 δεινὸν

518 3920 675 3974 τοῦτό
695 3924 863 3986 ἐστιν,
883 3924 963 3976 ὅτι
984 3925 1042 3976 ἐν
1065 3924 1277 3988 πολλοῖς
1326 3925 1477 3989 ὄντες
1502 3931 1711 3993 κακοῖς,
1756 3933 1863 3984 οὐδ’
1891 3934 1973 3987 ὅτι
2011 3935 2175 4005 ἐσμὲν

521 4011 581 4061 ἐν
602 4012 793 4073 κακοῖς
822 4010 1000 4080 ῐσμεν.

591 4096 657 4149 Τί
690 4096 868 4165 λέγεις
896 4115 911 4161 ;
939 4098 1037 4160 τὰς
1072 4097 1396 4169 Ἐκκλησίας
1438 4102 1757 4172 κατέχομεν,
1786 4104 1855 4156 τὰ
1898 4108 2174 4175 κτήματα,

521 4182 589 4236 τὰ
613 4182 748 4237 ἄλλα
795 4181 996 4244 πάντα,
1031 4185 1086 4236 αἰ
1146 4184 1398 4250 συνάξεις
1439 4186 1697 4254 γίνονται,
1770 4189 1891 4242 καθ’
1940 4192 2178 4261 ἑκάστην

520 4270 732 4340 ἡμέραν
770 4270 1051 4340 πρόσεισιν
1084 4274 1111 4325 0
1148 4272 1275 4337 λαός
1304 4288 1317 4300 ’
1355 4274 1447 4327 καὶ
1486 4276 1966 4347 καταφρονοῦμενς
2040 4280 2177 4333 Ἀλλ’

518 4357 619 4409 οὐκ
665 4357 771 4410 ἀπὸ
802 4358 989 4412 τούτου
1035 4360 1358 4431 Ἐκκλησίαν
1396 4362 1460 4414 ἄν
1496 4380 1579 4422 τις
1618 4364 1981 4433 δοκιμάσειεν.
2022 4367 2179 4421 Ἀλλά

522 4443 704 4507 πόθεν,
741 4445 931 4513 φησίν;
961 4446 1022 4498 Εἰ
1050 4446 1305 4501 εὐλάϐειά
1336 4450 1500 4511 ἐστιν,
1538 4451 1586 4501 εἰ
1622 4452 1995 4521 κερδαίνοντες
2044 4456 2172 4507 ἀνα-

519 4530 800 4599 χωροῦμεν
822 4532 1000 4584 οἶκαδε
1033 4532 1151 4585 καθ’
1182 4535 1415 4606 ἑκάστην
1442 4537 1673 4606 ἡμέραν,
1714 4540 1762 4590 εἰ
1812 4540 2178 4610 καρπούμενοι

526 4617 666 4683 μέγα
690 4617 792 4685 τιῆ
824 4620 1039 4689 μικρὸν,
1065 4622 1114 4673 εἱ
1150 4620 1224 4691 μὴ
1268 4622 1429 4692 νόμον
1483 4623 1666 4686 ἁπλῶς
1706 4624 2033 4694 πληροῦντες
2082 4631 2176 4683 καὶ

522 4704 925 4776 ἀφοσιούμενοι.
950 4706 1045 4769 Τίς
1075 4707 1296 4776 βελτίων
1323 4709 1542 4776 γέγονεν
1580 4709 1859 4781 ὁλοκλήρῳ
1892 4714 2025 4783 μηνὶ
2051 4716 2178 4767 συλ-

523 4790 844 4857 λεγόμειοςτ
881 4795 1048 4847 Τοῦτό
1078 4797 1194 4847 ἐστι
1246 4795 1306 4847 :0
1346 4794 1677 4866 ζητούμενον
1749 4800 1871 4850 ἐπεὶ
1908 4800 1999 4853 καὶ
2050 4803 2181 4854 αὑτὸ

521 4872 699 4938 τοῦτο,
723 4874 751 4927 0
780 4875 926 4929 δοκεῖ
948 4876 1251 4948 εὐπραγίας
1282 4876 1441 4946 εἶναι,
1468 4882 1625 4934 τοῦτο
1657 4884 1969 4955 δυσπραγία
2010 4889 2175 4950 ἐστὶν,

523 4962 649 5013 ὅταν
673 4960 873 5014 τούτων
906 4966 1201 5033 γινομένων
1240 4967 1405 5038 μηδὲν
1442 4968 1603 5022 πλέον
1631 4971 1862 5039 γίνηται.
1908 4972 2032 5025 Εἴθε
2082 4976 2181 5041 μὲν

521 5044 613 5100 οὖν
638 5047 803 5118 μηδὲν
831 5048 993 5102 πλέον
1019 5068 1031 5079 ⁸
1061 5051 1156 5103 νῦν
1180 5052 1235 5105 δὲ
1264 5056 1356 5106 καὶ
1382 5056 1474 5106 ἐπὶ
1505 5056 1565 5108 :0
1592 5062 1795 5127 χεῖρον.
1824 5060 1888 5111 Τί
1935 5062 2179 5131 καρποῦ-

523 5134 615 5185 σθε
643 5134 749 5187 ἀπὸ
783 5134 891 5188 τῶν
939 5135 1250 5201 συνάξεωνς
1294 5140 1485 5192 Καίτοι
1518 5143 1570 5193 εί
1614 5144 1679 5211 γέ
1717 5163 1769 5196 τι
1813 5146 2003 5215 ὄφελος
2053 5149 2181 5219 ὑμῖν

521 5222 747 5288 ἐγίνετο,
776 5223 945 5276 πάλαι
965 5223 1169 5288 πάντας
1200 5225 1308 5279 ἔδει
1341 5228 1431 5279 :0v
1447 5228 1543 5298 τῆς
1578 5231 1891 5302 φιλοσοφίας
1918 5235 2028 5302 βίον
2057 5236 2177 5307 ζῇν,

520 5308 786 5395 τοσούτων
815 5309 912 5379 μὲν
954 5312 1244 5383 προφητῶν
1287 5312 1538 5386 δεύτερον
1574 5320 1673 5389 τῆς
1715 5320 2005 5391 ἑϐδομάδος
2053 5326 2181 5395 ὑμῖν

522 5392 935 5464 διαλεγομένων,
955 5399 1222 5453 τοσούτων
1264 5402 1321 5455 δέ
1372 5403 1707 5465 ἀποστόλων.
1758 5392 2177 5477 εὐαγγελιπιῦν,

526 5479 740 5532 πάντων
768 5480 836 5535 τὰ
861 5486 1101 5555 σωτήρια
1126 5486 1371 5557 δόγματα
1402 5492 1783 5558 προτιθέντων,
1825 5498 1916 5548 καὶ
1960 5498 2029 5549 τά
2086 5501 2181 5552 δυ-

522 5569 726 5636 νάμενα
740 5564 870 5651 ἦθος
899 5572 1156 5642 ῥυθμίσαι
1181 5576 1317 5644 μετὰ
1339 5577 1538 5648 πολλῆς
1568 5582 1851 5650 ἀκριϐείας
1876 5603 2180 5653 παριστων-

522 5671 627 5707 των
665 5656 791 5725 ὑμῖν
815 5658 864 5713 ι’.
904 5658 961 5710 ’0
984 5662 1318 5731 στρατιώτης
1348 5666 1437 5716 ἐπὶ
1460 5666 1519 5718 τὸ
1538 5671 1836 5738 γυμνάσιον
1874 5671 1984 5736 ἰὼν,
2024 5676 2165 5747 ἀκριη

529 5742 783 5809 Εέστερος
805 5744 1011 5809 γίνεται
1052 5751 1175 5819 περὶ
1198 5751 1264 5804 τὰ
1286 5754 1519 5805 τακτικά
1554 5771 1565 5781 ·
1594 5758 1619 5805 ὁ
1669 5757 1903 5828 ἀθλητὴς
1962 5762 2040 5821 εἰς
2075 5780 2179 5815 πα-

589 5994 612 6057 _'
657 5992 747 6042 Alii
783 5996 859 6042 διὰ
898 5997 1090 6044 τούτου·
1140 6003 1219 6043 καί
1260 5998 1349 6057 μὴν
1381 6000 1459 6045 ὑπ’
1492 5998 1650 6053 αὐτοῦ,

1725 6008 1751 6047 δ
1792 6004 1888 6051 Alii
1942 6005 2178 6066 ἀκριϐείας

529 6052 745 6103 τιθέντων
775 6057 898 6117 ἡμῖν.

1318 406 1376 462 S.
1414 406 1703 465 .JOANNIS
1740 402 2227 465 CIIRYSOSTOMI
2269 400 2588 459 ARCHIEP.
2623 399 3173 457 CONSTANTINOP.

3825 391 3931 446 218

2267 518 2525 589 λαίστραν
2547 518 2797 588 βαδίζων,
2816 516 3201 587 ἐμπειρότερος
3226 513 3432 581 γίνεται
3460 511 3584 582 περί
3606 512 3702 582 τὴν
3731 514 3931 584 πάλην·

2266 607 2295 658 0
2325 607 2504 677 ίατρὸς
2534 606 2672 675 πρὸς
2702 604 2793 657 τὸν
2818 603 3134 657 διδάσκαλον
3183 602 3494 670 ἐρχόμενος,
3538 600 3932 672 ἀκριϐέστερος

2267 696 2493 763 γίνεται,
2514 694 2608 747 καὶ
2641 692 2863 745 πλείονα
2891 687 3020 752 οἶδε,
3047 689 3143 743 καί⁵
3173 687 3392 741 πλείονα
3433 688 3694 758 μανθάνει
3718 705 3732 718 ·
3784 689 3850 742 σὺ
3879 690 3934 741 τί

2263 781 2639 852 κεκέρδηκας;
2674 780 2736 833 οὺ
2765 778 2907 846 λέγω
2936 776 3071 847 1:90;
3098 777 3222 837 τοὺς
3246 775 3487 828 ἐνιαυτὸν
3524 774 3767 845 ἔχοντας,
3796 775 3937 829 ἀλλὰ

2261 869 2398 938 1:90;
2422 868 2548 930 τοὺς
2571 869 2634 917 ἐκ
2666 864 2888 935 πρώτης
2943 863 3159 934 ἡλικίας
3193 863 3610 931 συναγομένους.
3670 864 3739 916 Ἢ
3773 862 3938 916 τοῦτο

2260 956 2510 1026 νομίζετε
2545 953 2831 1008 εὐλάϐειαν
2872 949 3030 1015 εἶναι,
3065 951 3126 1004 :0
3158 950 3399 1020 συνεχῶς
3442 951 3811 1020 παραϐάλλειν
3862 953 3935 1022 τῇ

2263 1040 2477 1107 συνάξει
2496 1059 2510 1108 ;
2532 1041 2701 1104 Τοῦτο
2724 1039 2875 1093 οὐδέν
2899 1042 3066 1101 ἐστιν,
3102 1039 3169 1091 ἂν
3206 1039 3279 1108 μή
3307 1054 3360 1089 τι
3384 1037 3835 1107 καρπωσώμεθαν
3867 1039 3936 1092 ἂν

2266 1131 2338 1200 μή
2368 1146 2422 1182 τι
2455 1128 2799 1197 συνάγωμεν,
2821 1127 3026 1196 βέλτιον
3226 1125 3363 1177 οἴκοι
3397 1125 3597 1194 μένειν.
3631 1126 3738 1178 Kal
3754 1126 3864 1195 γάρ
3884 1128 3935 1178 οἰ

2262 1218 2516 1288 πρόγονοι
2558 1216 2655 1279 τὰς
2681 1214 2975 1284 ἐκκλησίας
3002 1216 3133 1283 ἡμῖν
3162 1213 3539 1283 ᾠκοδόμησαν,
3579 1212 3675 1281 ούχ
3722 1213 3809 1265 ἵνα
3862 1215 3931 1265 ἐκ

2261 1303 2369 1356 τῶν
2398 1304 2540 1357 ίδίων
2561 1303 2722 1356 οἴκων
2746 1301 3138 1369 συναγαγόντες
3172 1301 3320 1371 ἡμᾶς
3344 1300 3596 1368 ἀλλήλοις
3618 1300 3933 1352 δεικνύωσν

2260 1391 2418 1447 τοῦτο
2437 1392 2546 1459 γὰρ
2568 1391 2662 1443 καὶ
2686 1392 2743 1442 ἐν
2774 1391 2947 1459 ἀγορᾷ
2980 1389 3071 1442 καὶ
3100 1390 3158 1441 ἐν
3192 1386 3494 1457 βαλανείοις
3519 1388 3613 1440 καὶ
3652 1389 3707 1439 ἐν
3738 1389 3937 1458 πομπῇ

2261 1481 2472 1549 γένοιτο
2491 1480 2573 1533 ἀν·
2599 1478 2711 1531 ἀλλ’
2742 1478 2826 1530 ἵνα
2862 1477 3107 1546 μαθητάς
3135 1476 3268 1546 ὁμοῦ
3292 1476 3385 1529 καὶ
3416 1475 3773 1538 διδασκάλους
3795 1492 3940 1527 συν-

2264 1567 2586 1635 ἀγαγόντες,
2651 1564 2894 1634 βελτίους
2921 1564 3144 1626 τούτους
3176 1563 3245 1615 δι’
3284 1562 3507 1617 ἐκείνων
3567 1563 3939 1632 ἐργάσωνται.

2264 1655 2447 1724 Νόμος
2473 1652 2657 1716 ἁπλῶς
2688 1654 2782 1705 καὶ
2811 1651 3106 1720 ἀφοσίωσις
3133 1652 3323 1720 γέγονε
3378 1650 3447 1704 τά
3484 1650 3729 1721 ἡμέτερα
3751 1666 3764 1679 ³
3809 1666 3945 1702 συν-

2264 1740 2422 1812 ήθεια
2446 1742 2507 1793 τὸ
2521 1742 2757 1813 πρᾶγμα
2791 1740 2976 1792 λοιπόν
3002 1734 3359 1792 ἐστιν.Ἥλθε
3390 1737 3451 1790 τὸ
3478 1738 3690 1808 Πάσχα,
3721 1736 3895 1798 πολὺς
3917 1738 3947 1788 0

2266 1829 2513 1900 θόρυϐος,
2539 1828 2705 1898 πολλὴ
2745 1829 2777 1898 ὴ
2802 1828 3009 1898 ταραχή
3041 1844 3056 1859 ·
3080 1826 3139 1879 ού
3176 1826 3282 1897 γὰρ
3312 1825 3376 1879 ἂν
3406 1826 3615 1896 εἴποιμι
3656 1824 3844 1876 πολλοὶ
3891 1826 3944 1875 οἰ

2264 1914 2540 1986 ἄνθρωποι
2566 1932 2577 1942 ·
2609 1915 2763 1967 τοῦτο
2779 1916 2885 1985 γὰρ
2904 1916 3005 1967 οὐκ
3034 1914 3129 1967 ἀνθ
3141 1917 3357 1982 ρώπων.
3390 1914 3655 1982 Ἀπῆλθεν
3680 1915 3711 1982 ἡ
3750 1914 3943 1983 ἑορτὴ,

2265 2001 2295 2054 0
2323 2000 2421 2070 μὲν
2453 1998 2682 2069 θόρυϐος
2711 2000 3096 2069 ὑποτέμνεται,
3124 1999 3323 2071 ἡσυχία
3364 1999 3420 2051 δὲ
3456 1999 3617 2052 πάλιν
3663 1999 3944 2068 ἄκαρπος.

2268 2087 2594 2157 Παννυχίδες
2615 2087 2779 2139 πόσαι
2802 2098 2824 2123 α
2842 2088 3207 2157 καὶὺμνῳδίαι
3230 2086 3371 2157 ἱεραί
3396 2104 3411 2152 ;
3439 2087 3547 2140 Kal
3572 2087 3625 2139 τί
3651 2086 3711 2138 :0
3739 2086 3944 2147 πλέους

2266 2176 2462 2246 Χεῖρον
2497 2175 2595 2242 μέν
2624 2170 2716 2227 05v
2741 2190 2753 2202 '
2786 2173 2971 2226 πολλοὶ
3006 2175 3096 2227 καὶ
3121 2175 3207 2227 διὰ
3237 2175 3543 2241 κενοδοξίαν
3577 2174 3737 2227 τοῦτο
3775 2174 3950 2244 ἐργά-

2270 2262 2471 2325 ζονται.
2504 2260 2628 2325 Πῶς
2657 2261 2831 2314 οἴεσθε
2861 2261 3129 2331 κόπτομαι
3152 2261 3220 2313 τά
3250 2262 3553 2333 σπλάγχνα,
3575 2261 3829 2331 καθάπερ
3863 2264 3950 2323 εἰς

2270 2348 2425 2404 πίθον
2472 2348 2804 2419 τετρημένον
2868 2348 3047 2401 πάντα
3101 2348 3488 2420 προχωροῦντα
3545 2350 3727 2417 όρῶνς
3779 2348 3954 2400 Ἀλλά

2270 2438 2485 2499 πάντως
2502 2436 2676 2505 ἐρεῖτέ
2708 2452 2819 2503 μοι,
2848 2437 2935 2488 ὅτε
2957 2436 3054 2497 τὰς
3082 2437 3303 2507 Γραφάς
3326 2438 3502 2506 ῐσμεν.
3539 2439 3644 2490 Kal
3676 2437 3728 2488 τί
3756 2435 3949 2497 τοῦτο;

2273 2526 2368 2577 Ἂν
2388 2524 2477 2576 διὰ
2500 2525 2608 2577 τῶν
2633 2524 2812 2594 ἔργων
2858 2525 3027 2584 αὑτάς
3067 2525 3461 2595 ἐπιδεικνύητε,
3514 2525 3669 2579 τοῦτό
3713 2527 3830 2578 ἐστι
3886 2526 3954 2576 :0

2269 2611 2481 2683 κέρδος,
2514 2611 2651 2680 αὕτη
2677 2613 2708 2681 ἡ
2740 2611 2998 2679 ὠφέλεια.
3033 2611 3262 2680 Βαφεῖον
3288 2614 3319 2682 ὴ
3344 2614 3607 2692 ἐκκλησία
3638 2616 3785 2667 ἐστίν
3816 2629 3828 2640 ·
3882 2614 3952 2666 ἂν

2269 2700 2560 2763 διαπαντὸς
2582 2701 2778 2770 ἀπίητε
2812 2700 3083 2771 μηδεμίαν
3106 2701 3384 2771 δεχόμενοι
3414 2700 3610 2772 βαφὴν,
3640 2701 3692 2754 τί
3723 2700 3785 2753 :0
3815 2701 3956 2768 ὕφε-

2270 2790 2360 2851 λος
2402 2788 2497 2841 τοῦ
2556 2787 2794 2856 συνεχῶς
2858 2788 3089 2840 ἐνταῦθα
3154 2790 3326 2852 ἰέναι;
3364 2789 3581 2852 Μείζων
3639 2790 3735 2860 μὲν
3771 2789 3954 2861 γὰρὴ

2274 2876 2467 2947 βλάϐη.
2500 2876 2598 2938 Τίς
2625 2878 2739 2937 τοῖς
2766 2875 2949 2945 νόμοις
2977 2876 3337 2947 προσέθηκεν,
3372 2870 3453 2940 οἷς
3482 2878 3590 2930 ἀπὸ
3626 2877 3733 2930 τῶν
3776 2879 3957 2932 πατέ-

2276 2983 2382 3036 ρων
2411 2963 2630 3028 ἐδέξατο
2661 2980 2675 3029 ;
2708 2958 2833 3016 Οἷόν
2852 2981 2905 3017 τι
2940 2965 3081 3033 λέγω
3112 2981 3124 2991 ·
3176 2964 3296 3028 ἔθος
3323 2967 3351 3018 0
3409 2965 3559 3018 δεῖνα
3612 2965 3724 3035 ἔχει
3760 2970 3951 3020 ποιεῖν

2270 3052 2368 3123 τὴν
2391 3051 2693 3121 ἀνάμνησιν
2724 3050 2827 3121 τῆς
2866 3052 3092 3122 μητρὸς,
3124 3052 3155 3121 ἢ
3192 3054 3290 3123 τῆς
3317 3054 3596 3120 γυναικὸς,
3628 3054 3661 3123 ἢ
3688 3052 3785 3106 τοῦ
3812 3071 3956 3107 παι-

2271 3140 2383 3193 δίου
2422 3159 2434 3172 ·
2453 3139 2611 3193 τοῦτο
2642 3141 2787 3193 ποιεῖ
2818 3140 2920 3192 κᾶν
2944 3156 3004 3191 τε
3038 3140 3230 3209 ἀκούῃ,
3267 3141 3367 3194 κάν
3390 3157 3449 3193 τε
3496 3140 3570 3211 μὴ
3597 3140 3772 3213 ἀκούῃ
3811 3144 3958 3213 παρ’

2272 3228 2449 3298 ἡμῶν,
2477 3228 2583 3280 ὑπὸ
2612 3228 2706 3297 τῆς
2741 3227 3026 3299 συνηθείας
3052 3229 3142 3281 καὶ
3172 3228 3265 3282 τοῦ
3304 3230 3602 3293 συνειδότος
3627 3231 3955 3301 ἑλκόμενος.

2273 3316 2371 3370 Διά
2400 3315 2559 3369 τοῦτο
2584 3312 2675 3369 οὖν
2698 3317 3044 3383 ἀγανακτεῖς,
3074 3317 3242 3387 φησί;
3273 3317 3361 3388 Μὴ
3391 3318 3624 3386 γένοιτο,
3657 3317 3797 3372 ἀλλά
3852 3320 3961 3372 καὶ

2274 3407 2413 3458 πάνυ
2447 3404 2621 3475 χαίρω
2652 3421 2665 3433 ·
2702 3402 3007 3473 ἐϐουλόμην
3039 3404 3094 3456 δὲ
3121 3406 3285 3458 αὐτόν
3310 3422 3361 3457 τι
3396 3406 3489 3458 καὶ
3521 3407 3628 3459 ἀπὸ
3651 3407 3751 3476 τῆς
3803 3410 3836 3475 ἡ
3849 3424 3957 3475 με-

2264 3492 2433 3563 τέρας
2463 3490 2855 3562 καρπώσασθαι
2902 3490 3209 3558 διαλέξεως,
3245 3494 3373 3545 καί
3402 3494 3555 3564 ὅπερ·
3582 3496 3615 3563 ἡ
3680 3494 3960 3563 συνήθεια

2274 3565 2515 3648 ἐποίησε,
2542 3578 2699 3637 τοῦτο
2748 3579 2842 3631 καὶ
2868 3578 2961 3647 ἀφ’
3007 3579 3165 3649 ἡμῶν
3198 3578 3225 3618 ἀ
3268 3580 3542 3647 γενέσθαι,
3593 3582 3688 3634 καὶ
3749 3584 3964 3654 ἑτέραν

2274 3666 2665 3736 ἐπεισαχθῆναι
2720 3666 3009 3737 συνήθειαν
3044 3682 3057 3695 ⁸
3104 3668 3225 3720 ἐπεὶ
3267 3668 3319 3719 τί
3372 3667 3646 3739 κόπτομαι
3684 3669 3808 3737 είκῆ
3854 3672 3962 3723 καὶ

2274 3754 2443 3824 ληρῶ.
2478 3755 2527 3807 εἰ
2577 3754 2819 3823 μέλλοιτε
2868 3754 2961 3806 ἐπὶ
3007 3754 3115 3807 τῶν
3148 3755 3330 3808 αὐτῶν
3375 3755 3583 3825 μένειν,
3608 3758 3657 3810 εἰ
3692 3756 3861 3818 μηδὲν
3897 3759 3961 3812 al

2275 3840 2522 3905 συνάξεις
2543 3842 2622 3903 εἰς
2656 3842 2800 3912 ὑμᾶς
2828 3840 3147 3911 ἐργάζονται
3170 3842 3374 3910 ἀγαθόν
3405 3859 3419 3907 ;

2344 3927 2405 3981 δ’.
2437 3928 2573 3990 Ναὶ,
2606 3930 2789 3998 φησὶν,
2833 3928 3126 3998 εὐχόμεθα.
3169 3931 3278 3982 Kal
3318 3930 3369 3982 τί
3404 3929 3580 3997 τοῦτο,
3613 3927 3741 4004 ἃ,νῇ
3778 3934 3964 4001 χωρὶς

2274 4014 2449 4083 ἔργων
2478 4032 2493 4080 ;
2537 4016 2738 4068 Ἀκουε
2765 4015 2858 4067 :05
2884 4015 3122 4087 Χριστοῦ
3155 4016 3407 4085 λέγοντος
3428 4033 3443 4050 ·
3475 4020 3559 4071 Οὐ
3599 4017 3717 4084 πᾶς
3766 4022 3801 4072 ό
3852 4020 3965 4074 λέν

2275 4119 2397 4171 των
2417 4119 2540 4171 μοι,
2562 4103 2757 4169 Κύριε,
2782 4103 2979 4169 Κύριε,
3019 4104 3429 4158 εἰσελεύσεται
3487 4108 3575 4171 εἰς
3611 4105 3728 4173 τὴν
3749 4106 3922 4170 ,βασι
3938 4140 3957 4150 ο

2275 4186 2449 4239 λείαν
2480 4184 2595 4237 τῶν
2615 4184 2904 4252 οὐρανῶν.
2929 4186 3065 4240 ἀλλ’
3087 4188 3119 4240 ό
3139 4186 3327 4239 ποιῶν
3346 4187 3411 4240 τὸ
3436 4188 3663 4255 θέλημα
3689 4188 3795 4243 τοῦ
3839 4194 3967 4245 Πα-

2276 4274 2417 4340 τρός
2435 4288 2556 4341 μου
2582 4271 2689 4325 τοῦ
2715 4273 2784 4325 ἐν
2810 4272 2934 4338 τοῖς
2969 4273 3269 4341 οὐρανοῖς.
3300 4274 3567 4338 Πολλάκις
3608 4275 3779 4344 ἔγνων
3834 4279 3963 4347 ἐγὼ

2278 4360 2520 4437 σιγῆσαι,
2559 4360 2830 4430 μηδεμίαν
2869 4362 2976 4411 ἀπὸ
3007 4361 3115 4412 τῶν
3144 4362 3427 4431 ἡμετέρων
3468 4363 3642 4431 λόγων
3698 4364 3963 4437 προσθή-

2280 4435 2381 4517 κην
2412 4449 2539 4514 ὑμῖν
2568 4448 2925 4517 ἐγγινομένην
2957 4448 3132 4520 ὀρῶν·
3166 4450 3198 4519 ἢ
3234 4449 3375 4519 τάχα
3412 4450 3623 4515 γίνεται
3660 4452 3777 4522 μὲν,
3840 4435 3968 4522 ἐγὼ

2278 4535 2335 4588 δὲ
2360 4536 2463 4587 ὑπὸ
2494 4535 2795 4604 ἀπληστίας
2817 4538 2910 4589 καὶ
2942 4536 3139 4606 πολλῆς
3168 4536 3467 4608 ἐπιθυμίας
3500 4541 3697 4593 ταύτὸν
3743 4542 3961 4613 πάσχω

2279 4626 2392 4685 τοῖς
2429 4622 2555 4691 περὶ
2576 4623 2641 4675 τά
2662 4624 2924 4693 χρήματα
2956 4625 3322 4694 μαινομένοις.
3356 4625 3627 4698 Καθάπερ
3662 4626 3772 4698 γάρ
3806 4631 3971 4683 ἐκεῖ·

2281 4728 2382 4771 νοι,
2416 4711 2517 4764 ὅσα
2552 4709 2617 4763 ἀν
2652 4710 3075 4780 περιϐάλωνται,
3108 4711 3262 4764 οὐδὲν
3293 4712 3553 4781 ἡγοῦνται
3584 4714 3726 4785 ἐχειν
3754 4730 3768 4744 ⁸
3804 4716 3971 4773 οὕτω

2283 4799 2376 4850 καί
2401 4796 2588 4861 αὐτὸς,
2625 4797 2811 4869 ἐπειδὴ
2838 4798 3043 4869 σφόδρα
3084 4799 3183 4867 τῆς
3209 4799 3482 4869 ὑμετέρας
3510 4802 3732 4870 ἐφίεμαι
3768 4820 3970 4876 σωτη-

2286 4884 2425 4953 ρίας,
2463 4884 2567 4948 ἐως
2594 4884 2658 4937 ἂν
2688 4884 2782 4937 ίδω
2824 4888 3238 4962 προκεκοφότας
3281 4888 3446 4957 ὑμᾶς,
3508 4890 3660 4942 οὐδὲν
3704 4891 3969 4962 ἡγοῦμαι

2281 4970 2587 5042 εἰργάσθαι,
2658 4972 2746 5024 διὰ
2790 4972 2851 5025 :0
2908 4960 3112 5042 σφόδρα
3152 4973 3438 5043 ἐπιθυμεῖν
3482 4976 3617 5046 πρὸς
3646 4978 3815 5049 αὐτὴν
3854 4960 3969 5050 τὴν

2284 5058 2522 5128 κορυφὴν
2578 5059 2720 5128 ὑμᾶς
2780 5058 2974 5111 ἐλθεῖν.
3018 5060 3316 5131 Βουλοίμην
3363 5061 3429 5115 ἂν
3462 5063 3620 5116 τοῦτο
3660 5058 3823 5124 εἶναι,
3863 5072 3971 5122 καὶ

2281 5145 2374 5197 τοῦ
2398 5144 2531 5214 ἐμοῦ
2572 5146 2773 5209 πάθους
2813 5140 2951 5199 εἶναι
3002 5147 3181 5211 τοῦτο,
3213 5148 3349 5201 ἀλλά
3400 5150 3475 5221 μὴ
3522 5151 3620 5220 τῆς
3670 5152 3966 5226 ὑμετέρας

2285 5233 2553 5301 ρέθυμίας
2583 5252 2595 5264 ·
2623 5234 2836 5286 δέδοικα
2856 5234 2913 5286 δὲ
2946 5236 3154 5305 μήποτε
3185 5235 3367 5300 καλῶς
3402 5237 3770 5310 στοχάξωμαι.
3838 5242 3965 5296 Περ

2283 5322 2499 5374 πεῐσθαι
2557 5321 2665 5393 γὰρ
2720 5322 2985 5389 ὀφείλετε,
3038 5324 3121 5375 ὅτι
3163 5324 3327 5388 εἴτις
3362 5325 3578 5393 ἐγένετο
3605 5327 3849 5396 ὠφέλεια
3900 5335 3970 5387 ἐν

2282 5407 2515 5479 τοσούτῳ
2545 5410 2737 5478 χρόνῳ,
2772 5408 3076 5462 παύσασθαι
3120 5410 3303 5464 λοιπὸν
3336 5414 3483 5482 ἡμᾶς
3516 5414 3773 5481 λέγοντας
3815 5418 3965 5478 ἔδει,

2283 5494 2466 5556 υῦτως
2492 5498 2591 5547 οὐκ
2617 5495 2720 5547 ἔδει
2755 5496 3012 5567 ῥημάτιον
3041 5498 3187 5567 ὑμῖν,
3216 5500 3325 5552 τῶν
3374 5500 3473 5570 ἤδη
3514 5500 3811 5569 λεχθέντων
3860 5506 3967 5559 οῦ-

2282 5598 2387 5643 τως
2415 5583 2613 5647 ἱκανῶς
2652 5586 2976 5653 εἰρημένων,
3002 5585 3075 5647 ὼς
3108 5587 3198 5637 καὶ
3218 5586 3409 5650 ἄλλους
3442 5588 3701 5641 δύνασθαι
3751 5592 3969 5662 9589!-

2283 5669 2415 5732 ζειν,
2446 5669 2499 5722 εί
2533 5688 2595 5738 γε
2622 5671 2867 5725 ἀπόντων
2888 5672 3125 5741 ὠφέλειά
3155 5690 3239 5736 τις
3280 5675 3407 5743 ὑμῖν
3450 5678 3824 5745 προσεγίνετο.
3884 5682 3969 5735 Τὸ

2279 5760 2331 5809 0'5
2360 5759 2600 5826 ἀνάγκην
2623 5760 2767 5828 ἡμᾶς
2794 5759 2932 5829 ἔχειν
2959 5760 3215 5830 συνεχοῦς
3236 5760 3383 5833 [251]
3414 5762 3717 5829 διαλέξεως,
3735 5767 3967 5835 οὐδενος

2346 6007 2369 6034 ε
2397 6004 2555 6087 Πόσαι
2582 6004 2727 6077 θρεςι
2766 6006 2813 6052 in
2836 6020 2933 6055 uno
2957 6006 3061 6055 cod.
3131 6005 3157 6044 ἀ
3197 6008 3347 6057 Savﬂ.
3380 6011 3461 6058 καὶ
3496 6009 3566 6069 ἐφ’
3590 6013 3740 6071 ἡμῶν.
3773 6012 3955 6068 Mure},

2284 6080 2405 6115 vero
2454 6080 2527 6113 ατ
2574 6083 2724 6124 ημων.
