4084 6332
118 389 219 444 817

119 503 305 559 laudes
331 511 481 558 sunt.
513 502 776 559 Davidem
802 510 980 557 autem
1006 502 1181 558 solum
1211 501 1475 567 celebrat,
1503 501 1626 573 quia
1648 517 1726 557 .ex

118 596 237 665 ipso
257 593 531 653 Christus.
559 595 867 666 lugu-essum
892 609 1026 651 vero
1049 594 1289 651 Joannes
1308 604 1484 658 vocat,
1514 594 1721 657 dicens,

117 689 253 743 Ante
278 689 469 761 {aciem
493 688 755 759 ingressus
783 689 917 760 ejus,
948 687 1374 743 incarnationem
1404 687 1638 752 Christi,
1671 696 1726 741 et

116 784 234 854 eius
260 799 385 839 cum
416 798 581 838 carne
616 782 932 840 adventum.
971 781 1062 838 Sic
1103 781 1342 838 Joannes
1373 780 1723 851 Evangelium

119 877 365 934 scribens
386 917 404 943 ,
434 876 503 931 ad
532 876 683 932 illum
715 891 861 947 saepe
884 872 1164 946 confugit:
1194 891 1447 945 magnum
1471 876 1615 929 enim
1647 874 1723 928 illi

118 986 314 1027 nomen
347 980 464 1026 erat
490 970 542 1025 in
569 978 685 1025 toto
705 970 861 1025 urbe.
897 969 961 1024 Et
991 968 1151 1025 vide:
1197 985 1306 1024 non
1331 968 1462 1024 dicit
1488 967 1620 1023 illud
1655 983 1722 1023 ex

117 1066 319 1135 seipso,
349 1063 445 1119 sed
476 1063 623 1118 illius
650 1063 805 1119 aﬂert
834 1062 1223 1118 testimonium.

183 1158 243 1213 3.
292 1156 507 1223 Viden‘,
557 1155 828 1227 quomodo
880 1155 1171 1211 ostendere
1224 1154 1442 1211 studeat
1487 1170 1603 1211 rem
1655 1170 1721 1211 ex

115 1252 415 1309 mennomia
452 1252 682 1323 quadam
718 1252 854 1323 geri.
883 1250 987 1307 Sed
1017 1250 1300 1306 audiamus
1325 1250 1453 1322 quid
1488 1250 1721 1320 apostoli

115 1346 360 1400 dicentes
383 1344 788 1416 persuaserint,
813 1342 957 1412 quod
992 1341 1285 1397 crucifixus
1316 1351 1419 1396 est.
1452 1340 1590 1409 Quid
1618 1340 1722 1397 hoc

115 1437 508 1504 incredibilius,
536 1436 680 1508 quod
714 1436 958 1505 sepultus
991 1435 1149 1491 sitab
1176 1436 1304 1502 illis,
1336 1435 1532 1504 quibus
1571 1436 1720 1488 salu-

115 1541 218 1585 tem
252 1531 523 1600 promisit,
553 1530 695 1600 quod
718 1529 963 1597 sepultus
993 1539 1210 1598 peccata
1241 1530 1412 1599 magis
1438 1530 1597 1601 quam
1631 1528 1717 1583 lex

114 1627 224 1692 ipsa
245 1625 525 1681 remittat?
550 1624 674 1679 Ideo
701 1641 806 1679 non
823 1625 957 1679 dixit
975 1642 989 1676 :
1006 1624 1051 1677 Α
1072 1624 1266 1695 quibus
1289 1623 1573 1687 noluistis;
1598 1621 1716 1688 sed,

112 1720 155 1771 Α
177 1719 367 1789 quibus
412 1734 515 1771 non
559 1718 792 1787 potuistis
822 1717 874 1770 in
916 1716 1023 1789 iege
1070 1716 1267 1788 Moysis
1301 1716 1582 1787 justiﬁeari
1604 1730 1625 1778 ;
1666 1715 1720 1768 in

112 1798 206 1864 hoc
256 1809 428 1863 omnis
472 1808 682 1863 credens
723 1809 1040 1878 iustificatur
1088 1824 1107 1862 :
1154 1806 1521 1867 infirmitatem
1586 1808 1719 1876 legis

110 1901 428 1957 ostendens.
462 1901 630 1957 Recte
656 1911 835 1955 autem
866 1902 1073 1956 addidit
1105 1902 1256 1967 illud,
1290 1899 1508 1963 Omnis;
1536 1912 1593 1955 ut
1623 1901 1717 1955 de-

110 1992 345 2048 clararet
373 1992 616 2063 quisquis
641 1993 710 2047 sit
738 1994 988 2047 credens.
1014 1991 1167 2047 Nulla
1203 1993 1348 2048 enim
1374 2009 1439 2047 ex
1468 1992 1575 2047 illis
1608 1994 1717 2046 uti-

110 2084 266 2149 litas,
314 2084 420 2139 nisi
468 2084 682 2155 aliquod
742 2084 883 2139 adsit
934 2085 1276 2140 beneficium.
1327 2085 1452 2139 Ideo
1496 2084 1714 2139 demum

108 2176 259 2243 ponit
286 2176 664 2231 remissionem
686 2218 701 2241 ,
748 2176 875 2233 hinc
900 2177 1043 2248 quod
1092 2177 1264 2248 majus
1293 2186 1379 2231 est
1419 2176 1712 2248 colligens,

107 2276 160 2323 et
185 2266 487 2323 ostendens
509 2309 525 2334 ,
560 2267 611 2323 id
641 2269 781 2339 quod
820 2285 929 2324 non
976 2278 1190 2338 poterat
1241 2269 1323 2324 lex
1369 2267 1579 2333 facere,
1615 2268 1717 2324 hoc

105 2361 250 2418 clare
278 2377 380 2432 per
405 2372 637 2417 mortem
673 2362 866 2419 fecisse
898 2379 1022 2419 eum
1055 2363 1144 2433 qui
1177 2378 1366 2432 passus
1394 2374 1497 2418 est.
1533 2363 1715 2434 Itaque

105 2452 243 2509 bene
258 2454 480 2510 dicebat
506 2472 521 2509 :
549 2452 651 2520 Qui
671 2464 789 2508 sunt
813 2464 960 2510 testes
985 2456 1096 2526 ejus
1114 2455 1185 2508 ad
1207 2455 1422 2525 plebem,
1448 2454 1595 2509 illum
1622 2454 1711 2524 qui

100 2546 319 2611 occidit,
356 2548 571 2620 inquit:
606 2564 783 2620 neque
809 2548 946 2605 tales
976 2558 1199 2613 essent,
1253 2548 1353 2605 nisi
1396 2548 1577 2604 divina
1606 2550 1714 2603 vir-

102 2648 215 2695 tute
263 2641 645 2707 firmarentur;
698 2656 871 2712 neque
905 2642 1049 2697 enim
1099 2641 1166 2697 ad
1213 2640 1463 2697 homines
1507 2640 1711 2697 cmdem

99 2733 373 2801 spirantes
399 2734 529 2788 talia
558 2734 827 2790 testificati
856 2743 1062 2797 essent,
1095 2750 1201 2789 non
1228 2734 1293 2791 ad
1321 2735 1465 2806 ipsos
1493 2734 1583 2805 qui
1612 2750 1709 2790 oc-

100 2824 375 2880 ciderunt.
401 2823 539 2881 lllttd
566 2841 716 2893 vero,
747 2826 857 2898 Ego
886 2827 1039 2880 hodie
1065 2827 1218 2899 genui
1241 2837 1289 2881 te
1312 2870 1328 2894 ,
1359 2827 1531 2892 dixit,
1564 2827 1707 2897 quod

98 2916 167 2972 ad
192 2918 300 2971 hoc
321 2918 486 2973 etiam
512 2919 615 2973 alia
644 2929 960 2989 sequantur.
990 2919 1057 2973 Et
1077 2934 1176 2973 cur
1195 2934 1299 2973 non
1325 2918 1530 2973 addidit
1560 2919 1713 2974 testi-

98 3011 343 3065 monium
363 3050 381 3076 ,
408 3026 515 3080 quo
546 3012 1025 3080 persuaderentur,
1058 3026 1154 3080 per
1178 3026 1300 3066 eum
1331 3011 1705 3066 remissionem

94 3112 446 3170 peceatortun
476 3104 705 3159 futuram
738 3106 896 3161 esse?
924 3105 1055 3173 Quia
1082 3105 1207 3159 illud
1242 3105 1453 3160 interim
1484 3105 1710 3160 curabat

92 3198 407 3265 ostendere,
435 3198 578 3269 quod
612 3198 998 3254 resurrexisset
1024 3216 1037 3252 :
1074 3198 1176 3253 hoc
1205 3208 1383 3254 autem
1412 3199 1457 3253 si
1488 3198 1540 3252 in
1571 3213 1705 3253 con-

93 3289 239 3344 fesso
267 3300 456 3353 esset,
505 3290 635 3344 illud
663 3288 787 3344 hinc
817 3289 1174 3344 indubitatum
1198 3288 1338 3367 fuit,
1374 3305 1568 3359 nempe
1609 3305 1708 3359 per

91 3382 242 3451 illum
267 3382 646 3457 remissionem
670 3392 1014 3461 peccatorum
1046 3382 1461 3459 fleri.-Alioquin
1492 3382 1706 3437 volebat

90 3476 213 3529 illos
242 3476 305 3530 in
350 3475 481 3531 boni
532 3468 674 3530 illius
722 3476 1051 3531 desiden'um
1086 3476 1363 3532 inducere.
1409 3474 1525 3529 Non
1575 3490 1706 3545 ergo
1730 3516 1741 3521 η

90 3569 385 3624 derelictio
432 3579 550 3624 erat
570 3584 717 3624 mors
756 3570 905 3641 ejus,
952 3570 1046 3625 scd
1090 3570 1388 3640 prophetire
1440 3570 1702 3640 impletin.

90 3664 362 3720 Historias
406 3673 831 3729 commemorat,
881 3678 1015 3733 quas
1065 3664 1378 3735 ignorantes
1418 3665 1701 3719 innumera

86 3761 230 3829 passi
258 3768 393 3814 sunt
418 3760 577 3814 mala.
612 3760 678 3815 Et
708 3760 813 3815 hoc
849 3760 1155 3815 subindicat
1196 3761 1247 3814 in
1296 3758 1400 3815 fine
1422 3802 1437 3824 ,
1466 3760 1653 3815 dicens
1687 3778 1699 3813 :

96 3850 298 3917 Videte,
321 3862 712 3921 contemptores,
746 3863 793 3907 et
823 3854 1077 3922 respicite.
1102 3853 1168 3906 Et
1192 3852 1312 3908 vide
1334 3852 1603 3923 quomodo
1634 3853 1699 3906 il-

84 3944 174 3999 iud
205 3953 404 4015 utpote
425 3959 680 4016 asperum
708 3945 972 4001 succidat.
1022 3943 1109 4000 Ne
1152 3946 1292 3999 vobis
1333 3947 1696 4016 superveniat,

85 4037 292 4109 inquit,
317 4037 461 4108 quod
485 4038 601 4091 aliis
640 4038 833 4091 dictum
855 4049 931 4093 est
958 4052 978 4092 :
1008 4037 1144 4107 Quia
1186 4056 1312 4111 Opus
1352 4056 1443 4111 ego
1490 4056 1696 4110 aperor,

83 4130 221 4198 quod
247 4146 360 4185 non
377 4129 611 4194 credetis,
629 4131 674 4184 si
687 4131 799 4201 quis
812 4118 1099 4185 narraverit
1120 4131 1275 4187 vobis.
1300 4131 1374 4188 Ne
1395 4133 1691 4202 miremini,

83 4222 224 4292 quod
250 4220 575 4278 incredibile
593 4221 842 4277 videatur
856 4237 978 4278 esse
1004 4241 1017 4278 :
1037 4223 1211 4279 ethoc
1229 4226 1478 4295 superius
1499 4225 1700 4281 dictum

81 4324 180 4367 est.
202 4312 325 4368 Hoc
345 4312 645 4383 etiamjure
662 4315 816 4369 nobis
838 4314 1078 4371 dicatur:
1109 4314 1699 4389 Videte,contemptores,

84 4406 146 4459 iis
166 4406 263 4477 qui
280 4405 739 4461 resnrrectionem
769 4422 874 4461 non
891 4407 1139 4465 credunt.
1160 4409 1375 4465 Etenim
1399 4426 1490 4466 res
1515 4411 1706 4469 Eccle-

80 4502 173 4555 sia:
186 4500 432 4569 pessime
450 4498 806 4563 habent,licet
821 4501 1018 4569 pinetis
1037 4502 1087 4555 in
1110 4517 1242 4571 pace
1258 4518 1397 4559 esse.
1420 4504 1533 4559 Hoc
1547 4505 1636 4575 qui
1644 4522 1705 4575 p-

82 4609 144 4663 pe
174 4609 352 4665 grave
376 4602 481 4657 est,
504 4594 645 4662 quod
676 4594 729 4648 in
760 4595 916 4653 malis
936 4610 1056 4650 cum
1081 4596 1268 4661 simus,
1298 4598 1348 4652 id
1370 4599 1698 4669 ignoremus.

153 4685 338 4741 Pietas
363 4686 477 4741 sola
504 4684 789 4741 Ecclesium
809 4689 1377 4757 commendat.—Qnid
1401 4692 1571 4745 dicis?
1601 4692 1701 4747 Ec-

79 4781 275 4836 clesias
308 4791 578 4843 tenemus,
612 4781 1005 4849 possessiones,
1050 4783 1152 4837 alia
1198 4786 1377 4839 omnia
1400 4827 1414 4851 ,
1459 4788 1700 4842 collecta:

81 4878 252 4943 fiunt,
282 4874 532 4947 quotidie
571 4875 724 4930 adest
772 4877 1024 4946 populus,
1063 4887 1117 4933 et
1155 4881 1596 4936 contemnimus?
1630 4884 1700 4936 At

79 4982 184 5022 non
216 4968 354 5022 inde
384 4966 680 5027 Ecclesiam
708 4968 1045 5037 probaveris.
1075 4968 1182 5024 Sed
1216 4971 1358 5025 unde
1386 5012 1399 5036 ,
1445 4972 1700 5041 inquies?

76 5062 127 5115 Si
156 5061 343 5130 pietas
375 5066 482 5125 est,
515 5059 560 5115 si
600 5074 721 5115 cum
766 5060 916 5115 lucro
940 5060 1160 5116 domum
1208 5063 1447 5132 quotidie
1487 5066 1702 5122 recedi-

76 5168 218 5214 mus,
248 5154 298 5207 si
327 5166 459 5206 cum
487 5150 662 5207 fructu
696 5152 778 5206 vel
801 5152 1016 5208 modico
1042 5153 1126 5208 vel
1162 5170 1360 5227 magno
1380 5199 1396 5222 ,
1428 5156 1471 5211 si
1524 5159 1696 5228 legem

77 5260 180 5299 non
209 5256 519 5313 utcumque
548 5254 602 5299 et
625 5242 995 5313 perfunctorie
1022 5245 1381 5317 implevimus.
1425 5248 1556 5316 Quis
1584 5266 1699 5305 tne-

74 5338 174 5393 hor
192 5339 433 5395 eﬂ'ectus
460 5348 542 5392 est
563 5352 627 5392 ex
654 5339 1010 5393 conventibus
1028 5340 1231 5395 mensis
1251 5340 1409 5397 unius
1427 5346 1451 5395 ἲ
1480 5342 1593 5400 Hoc
1613 5353 1697 5398 est

74 5433 214 5502 quod
247 5449 366 5503 qua
387 5429 525 5485 ritur
553 5448 568 5485 :
604 5446 729 5486 nam
785 5432 887 5486 hoc
916 5432 1089 5502 ipsum
1112 5474 1130 5499 ,
1183 5435 1326 5504 quod
1358 5435 1695 5492 benefactum

76 5535 321 5592 putatur,
359 5522 651 5578 infeliciter
680 5524 876 5579 factum
930 5533 1045 5591 est,
1092 5540 1215 5580 cum
1266 5527 1350 5581 his
1393 5528 1463 5581 ita
1494 5532 1695 5599 gestis,

74 5621 201 5675 nihil
250 5618 500 5689 amplius
546 5618 838 5674 lucramur.
890 5622 1065 5692 Atque
1120 5622 1324 5677 utinam
1381 5623 1516 5677 nihil
1580 5640 1698 5679 am-

76 5716 247 5783 plius,
283 5729 439 5770 nunc
485 5714 629 5769 enim
670 5715 833 5769 etiam
868 5715 918 5768 in
957 5716 1197 5771 deterius
1232 5719 1523 5787 vergimus.
1554 5717 1693 5786 Quid

75 5810 277 5865 fruetus
336 5821 408 5861 ex
457 5806 705 5875 collectis
732 5808 989 5877 carpitis?
1033 5807 1089 5863 Si
1134 5809 1261 5879 quid
1305 5819 1453 5864 certe
1486 5808 1693 5865 fructus

74 5898 425 5971 carpes-etis,
459 5897 575 5965 iam
616 5900 746 5953 olim
795 5913 986 5958 omnes
1025 5909 1299 5971 Oporteret
1350 5900 1686 5971 philosophi-

1088 387 1155 444 lN
1192 386 1376 445 ACTA
1417 383 1943 444 APOSTOLORUM.
1988 382 2461 447 llOMlL._XXlX.

3332 383 3436 439 2H

1833 516 1897 556 ce
1948 500 2152 569 virere,
2180 517 2301 556 cmn
2341 502 2422 557 bis
2470 515 2568 572 per
2596 500 2991 558 hebdomadam
3036 510 3115 556 tot
3162 500 3439 573 prophetae

1831 609 1929 649 vos
1958 593 2321 664 alloquuntur,
2354 608 2477 649 cum
2512 602 2590 649 tot
2617 594 2871 665 apostoli,
2903 593 3273 666 evangelista,
3322 610 3442 649 om-

1833 686 1989 740 nibus
2021 687 2278 741 salutaria
2310 687 2559 757 dogmata
2601 688 3051 758 proponentibus,
3083 704 3203 757 qua:
3231 690 3442 759 possint

1832 795 2010 837 mores
2036 790 2248 837 vestros
2290 792 2543 837 accurate
2574 797 2925 852 componere.
2961 783 3115 838 Miles
3160 782 3228 837 ad
3262 783 3448 838 ιιι-ονεσ-

1832 875 1982 929 nium
2001 876 2226 930 veniens
2250 875 2299 927 in
2325 874 2532 929 bellicis
2556 878 2613 929 lit
2635 876 2887 945 peritior;
2911 876 3112 931 athleta
3138 876 3441 946 palaestram

1830 967 2019 1022 adiens
2048 966 2107 1021 fit
2132 967 2479 1023 exercitatior
2507 967 2575 1022 ad
2632 984 2903 1041 pugnam;
2942 969 3189 1023 medicus
3226 971 3295 1025 ad
3342 969 3443 1023 do-

1828 1071 2035 1116 ctorem
2054 1061 2320 1117 accedens
2335 1062 2391 1117 fit
2416 1063 2718 1131 expertior,
2741 1044 2895 1133 plura
2922 1065 3045 1125 scit,
3076 1064 3227 1133 plura
3246 1063 3441 1120 discit:

1830 1158 1884 1204 tn
1906 1135 2035 1223 quid
2063 1152 2302 1208 lucratus
2330 1155 2434 1211 es?
2464 1169 2571 1208 non
2600 1153 2793 1225 loquor
2820 1154 2885 1209 iis
2908 1197 2925 1217 ,
2952 1155 3042 1225 qui
3072 1170 3171 1225 per
3207 1171 3441 1221 annum,

1828 1243 1923 1299 sed
1946 1245 2032 1312 iis,
2062 1246 2151 1315 qui
2175 1260 2207 1300 a
2237 1246 2408 1314 prima
2435 1255 2597 1302 :etate
2629 1247 2990 1302 conventibus
3018 1246 3332 1303 adfuerunt.
3359 1251 3440 1303 Αιι

1830 1334 1933 1391 hoc
1954 1338 2153 1406 putatis
2177 1352 2300 1393 esse
2325 1339 2579 1407 pietatem
2606 1380 2621 1404 ,
2649 1339 2794 1409 quod
2823 1337 3139 1411 frequenter
3176 1340 3242 1395 ad
3274 1355 3442 1413 syna-

1828 1431 1917 1484 xin
1946 1432 2264 1487 accedatis?
2308 1433 2422 1488 Hoc
2462 1433 2595 1488 nihil
2622 1444 2738 1499 est,
2772 1436 2873 1490 nisi
2930 1437 3059 1506 quid
3106 1438 3312 1492 fructus
3353 1455 3443 1491 re-

1827 1524 2110 1581 feramus:
2152 1527 2253 1581 nisi
2306 1527 2432 1597 quid
2475 1528 2817 1598 colligamus,
2846 1530 3042 1585 melius
3094 1542 3240 1586 esset
3294 1531 3439 1587 domi

1827 1632 2063 1673 manere.
2090 1617 2300 1673 Etenim
2330 1619 2563 1690 majores
2588 1623 2756 1675 nostri
2774 1622 3035 1676 ecclesias
3060 1623 3216 1677 nobis
3234 1624 3438 1679 exaedi-

1828 1709 2078 1778 ficarunt,
2111 1728 2217 1767 non
2248 1722 2306 1767 ut
2352 1729 2415 1768 ex
2451 1714 2703 1770 domibus
2730 1727 3087 1786 congregatos
3136 1733 3236 1773 vos
3280 1721 3439 1773 simul

1825 1804 2114 1859 ostendant
2141 1822 2155 1857 :
2190 1804 2294 1859 hoc
2324 1805 2469 1859 enim
2500 1817 2555 1861 et
2588 1806 2639 1860 in
2672 1806 2790 1861 foro
2817 1817 2872 1862 et
2918 1809 2969 1862 in
3002 1807 3247 1874 balneis,
3290 1808 3438 1865 et'in

1794 1898 2019 1967 ‘pompa
2055 1897 2277 1967 perinde
2307 1898 2364 1952 fit
2386 1916 2398 1959 ς
2422 1899 2528 1955 sed
2563 1910 2619 1953 ut
2647 1900 2943 1971 discipulos
2968 1911 3024 1957 et
3053 1902 3308 1959 doctores
3333 1921 3437 1960 una

1823 1998 2234 2059 congregantes,
2267 1989 2390 2045 illos
2420 1992 2611 2045 bormn
2634 2007 2738 2061 ope
2759 1992 3017 2048 meliores
3044 1994 3299 2049 efficiant.
3327 1995 3439 2055 [ex

1823 2081 2143 2151 simpliciter
2170 2091 2225 2138 et
2253 2083 2468 2139 decoris
2495 2085 2708 2152 species
2737 2085 2891 2141 factae
2922 2096 3051 2142 sunt
3075 2103 3165 2143 res
3201 2100 3399 2144 nostra-
3420 2133 3435 2156 ,

1824 2174 2155 2230 consuetudo
2209 2190 2355 2238 mera
2407 2192 2548 2231 nunc
2590 2186 2692 2232 est.
2729 2178 2887 2234 Venit
2938 2180 3154 2250 pascha,
3210 2197 3435 2254 magnus

1823 2266 2098 2333 tumultus,
2152 2281 2361 2338 magna:
2406 2266 2577 2323 turba:
2607 2286 2620 2323 :
2654 2284 2760 2323 non
2803 2270 2948 2325 enim
3001 2271 3250 2337 dixerim,
3283 2273 3433 2327 multi

1822 2359 2065 2414 homines
2094 2378 2107 2412 :
2138 2359 2263 2414 illud
2295 2360 2440 2416 enim
2484 2376 2588 2414 non
2643 2377 2772 2415 vere
2815 2362 3093 2417 hominum
3142 2374 3225 2418 est
3271 2379 3433 2435 opus.

1819 2449 2057 2507 Transiit
2095 2451 2292 2507 festum
2318 2494 2334 2518 ,
2369 2454 2630 2509 tumultus
2672 2465 2757 2510 est
2808 2458 3005 2519 minor,
3049 2458 3206 2528 quies
3250 2468 3432 2514 tamen

1820 2543 2171 2601 infructuosa.
2200 2546 2341 2614 Quot
2368 2557 2495 2603 sunt
2522 2548 2797 2619 pervigilia
2823 2592 2838 2616 ,
2869 2560 3005 2619 quot
3028 2551 3168 2606 sacri
3194 2553 3432 2607 cantus?

1817 2639 1885 2695 Et
1910 2641 2037 2709 quid
2064 2641 2193 2698 hinc
2217 2643 2489 2711 amplius?
2516 2643 2627 2699 lmo
2653 2644 2805 2715 pejus
2833 2645 3030 2701 accidit
3060 2664 3075 2701 :
3108 2647 3260 2701 multi
3284 2647 3429 2703 enim

1820 2744 2039 2802 pmpter
2064 2749 2255 2789 vanam
2287 2736 2513 2806 gloriam
2549 2738 2649 2791 hoc
2680 2738 2902 2793 faciunt.
2925 2738 3199 2807 Quantum
3231 2742 3432 2811 putatis

1816 2841 1903 2882 me
1931 2828 1983 2881 in
2012 2828 2311 2883 visceribus
2339 2828 2695 2893 discruciari‘,
2743 2831 2871 2886 dum
2898 2832 3060 2888 video
3100 2834 3279 2887 omnia
3330 2837 3429 2887 (ιω-

1816 2917 1948 2973 lium
1978 2920 2029 2973 in
2065 2930 2342 2990 pertusum
2372 2921 2618 2977 effundi?
2650 2922 2755 2979 Sed
2787 2925 3013 2978 omnino
3035 2924 3230 2981 dicetis
3258 2926 3388 2981 mihi
3412 2970 3427 2989 ,

1814 3012 2123 3084 Scripturas
2160 3013 2383 3069 scimus.
2433 3016 2499 3070 Et
2539 3016 2665 3086 quid
2712 3018 2857 3072 hoc?
2899 3018 2956 3073 Si
3003 3019 3124 3073 illas
3172 3020 3430 3088 operibus

1813 3106 2137 3174 exhibeatis,
2164 3108 2267 3163 hoc
2297 3109 2504 3164 lucrum
2528 3120 2630 3173 est,
2668 3112 2770 3165 hoc
2802 3112 2953 3170 utile.
2973 3111 3200 3167 Officina
3234 3117 3430 3167 tincto-

1812 3203 1889 3255 ria
1919 3209 2004 3255 est
2046 3202 2275 3256 ecclesia
2323 3221 2335 3255 :
2394 3205 2438 3256 si
2487 3218 2704 3273 semper
2739 3205 2947 3259 abeatis
3000 3206 3149 3261 nulla
3184 3208 3423 3277 'accepta

1812 3295 2063 3361 tinctura,
2098 3312 2216 3366 qua!
2244 3298 2446 3351 utilitas
2479 3298 2581 3353 huc
2611 3284 2925 3369 frequenter
2952 3301 3285 3357 convenire?
3312 3302 3427 3357 Ma-

1770 3456 1775 3459 ,
1808 3388 2124 3467 jns_quippe
2144 3390 2399 3461 damnum
2426 3401 2529 3445 est.
2553 3392 2685 3467 Quis
2719 3392 2783 3469 iis
2810 3392 3019 3473 legibus
3049 3394 3175 3465 quid
3205 3393 3422 3465 adjecit,
3488 3465 3498 3471 _

1810 3497 1949 3553 quas
1970 3499 1999 3537 a
2034 3483 2277 3553 patribus
2307 3484 2558 3553 accepit?
2592 3485 3079 3555 Exemplicausa:
3110 3486 3251 3541 solet
3277 3487 3430 3557 quis-
3472 3490 3477 3494 ”

1813 3577 1953 3645 piam
1983 3578 2299 3630 memoriam
2334 3576 2511 3632 facere
2538 3580 2726 3633 matris
2745 3620 2761 3643 ,
2793 3578 2879 3634 vel
2916 3579 3099 3634 uxoris
3119 3621 3135 3643 ,
3168 3581 3252 3636 vel
3282 3581 3379 3635 filii
3407 3597 3425 3636 :

1812 3668 1913 3724 hoc
1936 3668 2062 3723 facit
2083 3668 2197 3724 sive
2224 3669 2426 3734 audiat,
2459 3669 2576 3724 sive
2610 3686 2715 3723 non
2745 3670 2931 3724 audiat
2958 3688 2988 3725 a
3020 3672 3200 3736 nobis,
3226 3687 3255 3725 a
3284 3688 3419 3727 con-

1810 3761 2097 3816 suetudine
2126 3772 2181 3815 et
2202 3777 2229 3814 a
2248 3762 2579 3817 conscientia
2602 3763 2850 3817 allectus.
2877 3761 3073 3819 ldeone
3100 3764 3424 3836 indignaris,

1810 3854 2060 3925 inquies?
2084 3855 2267 3919 Absit;
2292 3854 2400 3907 imo
2424 3855 2648 3909 multum
2668 3856 2906 3927 gaudeo;
2935 3856 3029 3911 sed
3052 3857 3248 3911 vellem
3273 3858 3424 3912 illum

1810 3948 2083 4019 quidpiam
2103 3963 2169 4003 ex
2200 3950 2463 4003 concione
2487 3957 2670 4004 nostra
2696 3950 2893 4004 lucrari
2920 3968 2933 4003 :
2960 3959 3013 4005 et
3030 3950 3173 4021 quod
3194 3967 3428 4007 consuc-

1811 4042 1941 4099 tudo
1969 4041 2115 4107 fecit,
2140 4042 2191 4096 id
2221 4043 2383 4096 etiam
2412 4057 2441 4095 a
2471 4042 2627 4098 nobis
2651 4042 2789 4110 fieri,
2814 4053 2869 4098 et
2895 4044 3056 4098 aliam
3080 4046 3427 4100 consuetudi-

1810 4152 1935 4190 nem
1963 4135 2167 4191 induci.
2187 4135 2437 4203 Alioquin
2455 4136 2582 4207 quid
2612 4136 2811 4191 frustra
2837 4138 3044 4200 laboro,
3074 4139 3119 4192 si
3145 4140 3198 4193 in
3233 4138 3421 4193 iisdem

1810 4229 2052 4283 mansuri
2092 4228 2262 4283 estis?
2293 4229 2338 4283 si
2372 4228 2503 4283 nihil
2536 4228 2691 4285 vobis
2722 4245 2956 4302 synaxes
2982 4229 3209 4287 afferant
3252 4232 3378 4286 boni
3400 4232 3426 4283 ?

1880 4324 1935 4378 4.
1962 4321 2137 4377 Etiam
2164 4364 2179 4387 ,
2232 4322 2476 4391 inquies,
2508 4337 2815 4394 precamur.
2865 4322 2934 4377 Et
2972 4318 3125 4391 quiti
3158 4325 3262 4379 hoc
3305 4326 3424 4380 sine

1808 4416 2103 4487 operibus?
2126 4416 2260 4471 Audi
2290 4416 2567 4471 Christum
2610 4416 2884 4473 dicentem
2912 4436 2927 4473 :
2970 4418 3095 4473 Non
3142 4420 3307 4473 omnis
3337 4421 3425 4489 qui

1808 4511 1931 4563 dicit
1961 4510 2121 4575 mihi,
2160 4509 2395 4573 Domine,
2428 4509 2666 4576 Domine,
2698 4511 2907 4564 intrabit
2925 4512 2978 4565 in
3022 4527 3241 4581 regnum
3270 4512 3427 4567 cela-

1807 4620 1950 4669 runt,
1998 4602 2087 4657 sed
2128 4604 2215 4671 qui
2253 4605 2373 4675 facit
2403 4610 2715 4657 voluntatem
2756 4603 2932 4659 Patris
2959 4606 3056 4659 mei
3084 4648 3099 4670 ,
3146 4606 3237 4668 qui
3265 4607 3421 4661 estin

1808 4697 1947 4751 cazlis
1980 4697 2194 4769 (Matth.
2227 4697 2278 4751 7.
2303 4698 2421 4767 2|).
2452 4697 2611 4769 Saepe
2655 4700 2817 4753 statui
2849 4717 2951 4771 ego
2981 4701 3143 4757 silere
3171 4743 3187 4769 ,
3230 4702 3420 4757 videns

1810 4790 1938 4843 nihil
1967 4807 2029 4844 ex
2064 4789 2407 4844 sermonibus
2434 4792 2637 4846 nostris
2666 4792 2818 4847 vobis
2841 4793 2973 4848 lucri
2998 4795 3260 4851 accedere
3290 4814 3303 4848 :
3334 4796 3420 4851 vel

1809 4883 1945 4936 forte
1971 4883 2178 4941 accedit
2204 4925 2217 4945 ,
2248 4898 2349 4953 ego
2390 4899 2520 4939 vero
2564 4884 2711 4954 quod
2753 4886 3075 4943 insatiabilis
3104 4898 3159 4943 et
3188 4890 3419 4962 cupidus

1805 4976 1929 5041 sim,
1958 4976 2191 5043 idipsum
2226 4978 2404 5045 patior
2426 4978 2568 5047 quod
2600 4979 2656 5042 ii,
2688 4980 2777 5049 qui
2811 4981 2956 5034 circa
2985 4982 3241 5051 pecunias
3271 4983 3420 5038 insa-

1806 5069 1982 5123 niunt.
2010 5068 2144 5123 Nam
2175 5070 2316 5124 sicut
2345 5070 2458 5136 illi,
2486 5062 2836 5139 Quantumvis
2875 5059 3217 5130 accuinulent
3236 5116 3250 5137 ,
3286 5076 3419 5131 nihil

1803 5176 1863 5215 se
1896 5170 2084 5229 putant
2112 5160 2313 5217 habere
2342 5179 2355 5213 :
2386 5164 2464 5217 sic
2492 5172 2549 5218 et
2587 5178 2709 5233 ego,
2740 5166 2866 5234 quia
2917 5165 3147 5222 salutem
3182 5178 3419 5223 vestram

1802 5253 2093 5308 admodum
2130 5254 2323 5324 cupio,
2348 5254 2524 5309 donec
2556 5256 2745 5311 videro
2778 5273 2873 5313 vos
2914 5259 3238 5328 profecisse,
3285 5262 3419 5318 nihil

1803 5360 1891 5399 me
1914 5345 2107 5400 fecisse
2123 5356 2272 5414 puto,
2297 5347 2440 5418 quod
2466 5348 2694 5403 multum
2716 5349 3043 5417 desiderem,
3072 5362 3131 5406 ut
3157 5353 3223 5407 ad
3242 5354 3417 5424 ipsum

1801 5439 2017 5493 culmen
2061 5440 2390 5496 ascendatis.
2426 5441 2631 5497 Vellem
2674 5442 2747 5498 ita
2790 5460 2849 5499 se
2880 5444 3111 5510 habere;
3160 5447 3321 5518 idque
3350 5464 3417 5504 ex

1800 5530 1995 5587 aﬂ‘ectu
2041 5548 2200 5598 meo,
2232 5548 2341 5587 non
2386 5550 2451 5590 ex
2481 5545 2659 5589 vestra
2706 5537 2915 5605 ignavia
2954 5538 3269 5608 proficisci;
3320 5542 3416 5596 sed

1802 5625 1985 5690 timeo,
2032 5642 2101 5679 ne
2150 5625 2287 5681 forte
2336 5628 2474 5682 bene
2528 5628 2853 5699 conjectem.
2905 5631 3228 5687 Persuasum
3270 5634 3413 5689 enim

1802 5716 2043 5773 habeatis
2089 5729 2343 5786 oportet,
2388 5722 2433 5777 si
2476 5738 2580 5793 qua
2636 5724 2686 5778 in
2719 5733 2869 5779 tanto
2913 5733 3160 5796 tempore
3206 5726 3415 5782 utilitas

1798 5813 2161 5881 provenisset,
2191 5814 2347 5868 nobis
2366 5814 2477 5885 jam
2498 5814 2718 5871 dicendi
2744 5816 2904 5873 linem
2931 5817 3236 5875 faciendum
3274 5819 3410 5875 fore.

1801 5903 1891 5959 Sic
1922 5904 2074 5961 vobis
2111 5920 2219 5963 non
2266 5922 2405 5977 opus
2430 5919 2579 5965 esset
2602 5911 2783 5970 verbis
2804 5950 2821 5966 .
2873 5925 2998 5967 cum
3025 5927 3089 5969 ea
3110 5954 3125 5977 ,
3156 5930 3277 5985 quae
3302 5914 3407 5985 jrnu
