4084 6332
698 371 811 430 219

690 875 804 912 non
831 868 975 913 recte
1002 874 1060 914 se
1088 860 1335 914 habeam.

771 950 1015 1005 Remedia
1038 962 1211 1006 contra
1237 952 1356 1004 vitia
1377 967 1441 1005 ea:
1467 949 1749 1018 Scripturis
1772 948 2037 1002 sumenda.
2056 977 2125 986 ——-
2143 945 2277 1011 Quid

687 1057 829 1112 ergo
857 1042 1189 1098 faciendum?
1217 1058 1323 1097 non
1352 1045 1495 1098 enim
1522 1042 1906 1112 objurgandum
1938 1049 2022 1094 est
2054 1051 2277 1093 tantum.

685 1136 930 1189 Ubsecro
965 1144 1018 1189 et
1046 1150 1143 1189 oro
1166 1175 1181 1199 ,
1216 1151 1282 1189 ne
1312 1134 1363 1189 id
1396 1136 1567 1188 solum
1609 1133 1864 1197 spectetis
1888 1174 1901 1195 ,
1938 1140 1995 1185 ut
2025 1132 2079 1185 in
2106 1131 2275 1185 eccle-

682 1230 830 1281 siam
881 1228 1147 1293 veniatis;
1178 1228 1272 1283 sed
1327 1237 1383 1281 ut
1432 1228 1593 1281 etiam
1625 1226 1839 1279 domum
1872 1223 2102 1293 regressi
2132 1265 2146 1289 ,
2180 1237 2272 1276 ac-

682 1329 849 1389 cepto
868 1331 1053 1375 contra
1082 1322 1207 1375 vitia
1238 1322 1525 1390 pliarmaco
1552 1361 1566 1384 ,
1598 1319 1640 1373 si
1673 1312 1775 1371 non
1801 1333 1829 1370 a
1860 1317 2015 1371 nobis
2040 1359 2055 1382 ,
2079 1316 2269 1369 saltem

693 1428 721 1463 ιι
753 1411 1043 1482 Scripturis
1085 1412 1431 1481 congruentia
1464 1411 1703 1464 habeatis
1743 1408 2002 1463 remedia.
2030 1406 2272 1474 Exempli

674 1516 851 1556 causa
877 1519 891 1554 :
921 1511 1003 1556 est
1023 1502 1145 1572 quis
1171 1502 1492 1556 iracundus?
1518 1501 1770 1555 Attendat
1797 1500 2111 1555 lectionibus
2131 1498 2272 1554 Scri-

694 1602 990 1659 pturarum,
1016 1603 1070 1646 et
1096 1593 1315 1647 omnino
1338 1592 1463 1662 quid
1492 1593 1723 1661 reperiet
1750 1592 1833 1645 vel
1865 1592 1915 1644 in
1946 1591 2164 1644 historia
2189 1589 2272 1644 vel

694 1686 746 1737 in
769 1686 989 1739 monitis
1016 1703 1028 1739 :
1055 1686 1108 1739 in
1137 1685 1353 1740 monitis
1377 1722 1391 1749 ,
1424 1690 1545 1739 eum
1571 1684 1769 1738 dicitur
1800 1702 1812 1737 :
1848 1684 2157 1738 Momentum
2185 1687 2267 1753 fu-

692 1778 824 1830 roris
844 1777 953 1847 ejus
973 1777 1125 1830 ruina
1147 1778 1272 1846 ipsis
1300 1775 1488 1843 (Eccli.
1519 1778 1569 1831 1.
1592 1775 1686 1848 28)
1709 1793 1723 1841 ;
1756 1787 1809 1830 et
1830 1818 1845 1842 ,
1878 1776 1966 1830 Vir
1994 1777 2269 1830 iracundus

692 1882 791 1920 non
818 1867 1073 1921 modestus
1090 1866 1283 1937 (Prov.
1317 1868 1403 1922 11.
1422 1868 1539 1937 25),
1572 1878 1625 1921 et
1646 1868 1837 1921 similia
1866 1885 1879 1931 ;
1904 1869 2093 1921 iterum
2117 1884 2265 1933 vero,

696 1958 787 2012 Vir
815 1960 1074 2029 linguosus
1098 1977 1198 2013 non
1224 1960 1466 2029 dirigetur
1503 1958 1671 2030 (Psal.
1707 1958 1827 2013 159.
1860 1959 1946 2029 12)
1979 1977 1993 2021 ;
2024 1975 2266 2013 rursum-

686 2066 789 2119 que
808 2051 1071 2117 Christus,
1088 2050 1200 2116 Qui
1222 2052 1455 2105 irascitur
1476 2051 1625 2121 fratri
1647 2067 1738 2103 suo
1754 2052 1861 2104 sine
1875 2067 2028 2103 causa
2050 2050 2264 2118 (Matth.

672 2144 741 2197 ὕ.
764 2141 881 2213 22);
912 2144 1209 2213 iterumque
1238 2142 1494 2212 propheta
1518 2183 1533 2207 ,
1559 2140 1867 2202 Irascimini,
1901 2152 1947 2194 et
1972 2141 2125 2194 nolite
2155 2157 2268 2209 pec-

673 2252 801 2289 »rare
821 2234 990 2308 (Psal.
1013 2236 1067 2291 4.
1093 2236 1150 2306 5)
1173 2252 1188 2301 ;
1216 2246 1290 2300 et,
1320 2233 1625 2288 Maledictus
1647 2240 1790 2305 furor
1805 2251 1995 2298 eorum,
2020 2236 2138 2304 quia
2158 2252 2271 2303 per-

670 2328 829 2382 .tinaa:
873 2328 892 2400 (
924 2326 1160 2383 (ταας).
1193 2327 1223 2381 7
1254 2326 1293 2399 ).
1331 2326 1386 2381 In
1420 2327 1655 2381 historiis
1686 2342 1815 2381 vero
1836 2370 1849 2391 ,
1884 2336 1941 2379 ut
1964 2342 2085 2380 cum
2117 2326 2268 2380 audis

690 2420 1019 2474 Pharaonem
1048 2420 1124 2474 ira
1155 2435 1344 2490 magna
1376 2422 1669 2484 incensum,
1700 2420 1932 2487 itemque
1962 2420 2261 2487 Assyrium,

683 2512 772 2580 qui
802 2512 1171 2566 hac-devcausa
1196 2511 1491 2581 perierunt.
1518 2509 1746 2564 Rursum
1772 2510 1859 2579 qui
1890 2524 2074 2563 amore
2102 2524 2265 2577 pecu-

686 2604 785 2655 nia:
828 2613 1012 2671 captus
1059 2610 1142 2656 est
1173 2642 1189 2665 ,
1260 2601 1439 2655 audiat
1470 2620 1483 2656 :
1516 2600 1664 2655 Nihil
1701 2618 1854 2655 avaro
1894 2602 2116 2671 iniquius
2142 2617 2159 2654 :
2184 2602 2264 2655 hic

685 2695 825 2747 enim
856 2706 902 2748 et
928 2695 1150 2746 animam
1178 2710 1321 2747 suam
1351 2695 1576 2748 venalem
1592 2693 1795 2747 exhibet
1826 2693 2010 2763 (Eccli.
2044 2694 2131 2748 10.
2165 2692 2219 2762 9)
2247 2710 2261 2757 ;

685 2795 736 2839 et
760 2783 969 2839 Christo
997 2785 1250 2839 dicente:
1284 2783 1407 2837 Non
1455 2786 1659 2853 potestis
1698 2783 1809 2838 Deo
1836 2787 2020 2838 servire
2063 2795 2108 2838 et
2156 2802 2266 2837 ma-

684 2892 845 2929 mona:
882 2876 899 2944 (
932 2875 1117 2929 Matth.
1164 2876 1217 2929 6.
1255 2874 1357 2945 24)
1382 2892 1396 2938 ;
1426 2876 1745 2945 etApostolo
1774 2917 1790 2942 ,
1833 2876 2004 2931 Radix
2040 2879 2263 2931 omnium

674 2968 929 3021 malorum
951 2977 1023 3021 est
1049 2967 1260 3020 avtm'tia
1284 2968 1357 3033 (1.
1380 2966 1511 3020 Tim.
1535 2966 1587 3020 6.
1610 2968 1721 3036 10);
1749 2977 1801 3021 et
1823 2968 2098 3037 propheta,
2120 2968 2264 3023 Divi-

681 3060 767 3114 tia:
786 3061 826 3114 si
849 3060 1053 3127 aﬂluant
1071 3100 1085 3123 ,
1108 3058 1261 3113 nolite
1283 3076 1368 3112 cor
1385 3058 1820 3130 apponere(Psal.
1846 3060 1933 3115 61.
1956 3060 2047 3131 10)
2074 3103 2088 3126 ,
2114 3062 2257 3115 mul-

685 3161 841 3221 taque
862 3150 963 3203 alia
990 3150 1202 3204 similia.
1221 3149 1298 3204 Ex
1333 3151 1588 3213 historiis,
1609 3150 1815 3205 habetis
1836 3151 1980 3207 Giezi
2004 3194 2016 3217 ,
2048 3153 2258 3217 Judant,

684 3243 947 3313 principes
981 3244 1272 3297 scribarum
1304 3285 1317 3306 ,
1348 3253 1401 3297 ct
1448 3244 1587 3314 quod
1632 3243 1775 3297 Dona
1810 3256 2060 3299 excwcant
2089 3248 2261 3300 oculos

682 3337 985 3406 sapientium
1024 3336 1215 3410 (Exod.
1244 3338 1333 3392 25.
1357 3340 1410 3393 8.
1439 3337 1591 3392 Deut.
1615 3339 1819 3408 16.19).
1868 3339 2020 3392 Alius
2067 3348 2148 3393 est
2163 3356 2261 3394 .su-

686 3429 926 3497 pcrbus?
951 3429 1140 3484 Audiat
1169 3430 1298 3485 illud
1320 3473 1334 3495 ,
1370 3430 1505 3484 Deus
1531 3433 1758 3499 superbis
1778 3433 1963 3486 resistit
1992 3431 2173 3502 (Prov.
2204 3434 2256 3488 5.

667 3522 768 3591 ,56)
789 3533 901 3588 ret,
936 3518 1254 3593 Principium
1275 3525 1522 3593 superbia:
1538 3536 1795 3593 peccatum
1817 3523 2002 3596 (Eccli.
2029 3525 2113 3579 10.
2148 3527 2257 3593 M);

677 3623 754 3681 et,
772 3614 955 3669 Omnis
968 3614 1196 3669 sublimis
1211 3616 1362 3670 corde
1380 3617 1611 3683 impurus
1630 3616 1768 3685 apud
1789 3614 2059 3670 Dominum
2079 3617 2258 3687 (Prov.

678 3704 765 3760 18.
778 3706 857 3775 Β).
881 3706 946 3761 Et
963 3707 1013 3761 in
1032 3706 1264 3762 historiis
1289 3748 1305 3773 ,
1337 3707 1582 3779 respicite
1600 3707 1867 3762 diabolum
1883 3709 2121 3780 aliosque
2147 3725 2262 3763 om-

680 3810 796 3851 nes.
814 3795 869 3851 ιιι
886 3812 1092 3852 summa
1110 3797 1237 3871 (non
1260 3799 1401 3853 enim
1425 3814 1705 3867 possumus
1730 3803 1904 3855 omnia
1933 3802 2257 3873 recensere),

677 3890 871 3959 singuli
889 3904 1106 3945 suorum
1124 3888 1396 3945 vulnerum
1421 3891 1704 3962 pharmace
1725 3908 1791 3948 ex
1814 3892 2103 3965 Scripturis
2125 3896 2260 3949 divi-

680 3984 759 4037 nis
776 3983 1003 4053 deligant
1020 4003 1032 4037 :
1050 3994 1104 4039 et
1121 3985 1163 4038 si
1183 3999 1286 4039 non
1303 3994 1472 4040 totum
1490 3988 1665 4048 simul.
1685 3998 1883 4056 partem
1904 4004 2064 4043 unam
2082 3989 2257 4057 hodie,

680 4083 879 4141 partem
896 4075 1122 4131 crastina
1143 4076 1305 4141 die,et
1326 4078 1401 4132 sic
1418 4079 1827 4138 omniaabluite.
1854 4080 2069 4137 Etcirca
2093 4085 2260 4154 poeni-

677 4166 978 4231 tentiam,et
991 4167 1129 4223 circa
1150 4167 1705 4234 confessionem,circa
1723 4172 2140 4244 eleemosynam,
2158 4177 2260 4229 cir-

678 4273 739 4312 ca
756 4260 1376 4334 aaquitgemxastitatem
1397 4272 1695 4331 caeteraque
1712 4265 2159 4334 omnia,exempla
2179 4282 2262 4321 re-

681 4273 739 4312 ca
756 4268 890 4328 aequi
970 4268 1376 4323 em,castitatem
1397 4272 1695 4331 caeteraque
1712 4268 2159 4334 omnia,exempla
2179 4282 2261 4321 re-

681 4351 876 4419 peries.
897 4268 1029 4404 [gae
1054 4353 1249 4422 quippe
1273 4354 1440 4406 omnia
1466 4356 1654 4422 scripta
1674 4366 1790 4408 sunt
1812 4356 1879 4408 ad
1901 4358 2261 4411 institutionem

690 4452 920 4495 nostram
954 4440 1149 4511 (Rom.
1179 4444 1267 4499 15.
1294 4445 1327 4499 4
1352 4444 1392 4514 ).
1424 4446 1615 4515 inquit.
1641 4446 1697 4500 Si
1731 4446 1908 4516 itaque
1936 4449 1987 4501 in
2016 4448 2259 4503 admoni-

680 4538 876 4589 tionem
905 4546 1139 4591 nostram
1170 4538 1309 4592 circa
1352 4539 1527 4592 omnia
1557 4539 1773 4594 disserit
1801 4582 1814 4600 ,
1839 4542 2176 4596 attendamus
2206 4553 2262 4598 ut

684 4642 777 4697 par
803 4636 903 4681 est.
935 4626 1070 4693 Quid
1102 4626 1300 4683 frustra
1349 4645 1446 4683 nos
1478 4631 1621 4699 ipsos
1650 4631 1948 4700 decipimus
1974 4633 1997 4686 ‘l
2029 4634 2213 4689 Timeo
2242 4677 2256 4701 ,

682 4733 747 4770 ue
770 4716 837 4771 de
868 4718 1017 4772 nobis
1046 4718 1251 4773 dicatur
1286 4737 1299 4772 :
1329 4718 1635 4790 Defecerunt
1680 4723 1732 4775 in
1762 4725 1983 4777 vanitate
2026 4726 2132 4779 dies
2162 4744 2258 4779 no.

681 4808 804 4872 stri,
833 4817 879 4859 et
926 4810 1046 4861 anni
1089 4810 1245 4864 nostri
1293 4828 1407 4864 cum
1436 4814 1750 4883 festinatione
1775 4815 1793 4883 (
1822 4813 1967 4869 Psal.
2006 4816 2093 4870 67.
2120 4818 2188 4871 55
2212 4819 2255 4888 ).

682 4900 811 4965 Quis
842 4914 936 4953 uos
957 4899 1181 4954 audiens
1206 4902 1459 4956 abscessit
1486 4920 1513 4956 a
1546 4904 1767 4959 theatris
1796 4908 1818 4959 ἲ
1845 4908 1962 4975 quis
1990 4908 2057 4962 ab
2078 4911 2253 4963 avari-

684 4995 754 5046 tia
786 4992 989 5047 destitit
1016 4994 1039 5045 ?
1068 4994 1185 5064 quis
1212 4996 1500 5051 ferventior
1529 4996 1703 5050 factus
1732 5009 1813 5053 est
1852 5000 1916 5053 ad
1962 5001 2259 5072 eleemosy—

683 5085 849 5140 nam?
878 5085 1078 5141 Vellem
1110 5088 1279 5150 scire,
1314 5104 1417 5142 non
1448 5104 1598 5143 vana:
1624 5091 1809 5159 gloriae
1836 5108 2000 5146 causa
2029 5135 2043 5153 .
2076 5096 2168 5149 sed
2203 5105 2259 5149 ut

679 5175 907 5229 alacrior
932 5164 1159 5242 fierem,
1188 5177 1374 5233 videns
1399 5181 1669 5251 egregium
1718 5182 1961 5237 laborum
2006 5184 2257 5240 fructum.

689 5269 839 5324 Nunc
882 5280 1059 5325 autem
1095 5273 1362 5338 quomodo
1389 5274 1537 5345 operi
1566 5290 1780 5328 manum
1810 5275 2106 5332 admovebo
2135 5322 2149 5344 ,
2185 5289 2255 5331 lnl

684 5361 940 5416 doctrinae
980 5364 1178 5417 imbres
1206 5363 1467 5417 demissos
1508 5366 1695 5420 videns
1718 5409 1731 5430 ,
1766 5376 1819 5421 et
1847 5378 2056 5437 segetes
2087 5370 2136 5421 in
2167 5386 2257 5423 ca-

683 5454 803 5507 dem
830 5470 1076 5510 mensura
1110 5456 1262 5511 nobis
1282 5465 1583 5519 manentes.
1620 5473 1716 5512 nec
1736 5458 1968 5528 majores
1998 5476 2117 5513 esse
2148 5464 2259 5514 lru~

684 5555 801 5599 ctus
826 5544 851 5597 ἲ
876 5545 1093 5601 Dent-sm
1142 5562 1281 5601 arere
1324 5556 1536 5615 tempus
1576 5547 1727 5602 adest
1760 5591 1775 5614 ,
1816 5565 1925 5619 quo
1976 5552 2260 5605 adhibetur

682 5637 1059 5693 ventilabrum.
1085 5637 1290 5699 Timeo,
1316 5654 1381 5693 ne
1407 5648 1575 5695 totum
1606 5641 1677 5694 sit
1704 5640 1900 5694 fumum
1936 5658 1950 5695 :
1981 5646 2161 5702 timeo,
2193 5660 2259 5698 ne

684 5745 875 5784 omnes
902 5730 953 5783 in
980 5731 1245 5785 caminum
1276 5731 1642 5799 conjiciamur.
1674 5732 1937 5788 Prmeriit
1960 5750 2143 5801 testas,
2166 5751 2256 5790 veo

686 5822 763 5877 nit
809 5820 1021 5889 hiems;
1052 5821 1297 5877 sedemus
1326 5821 1549 5893 juvenes
1582 5834 1635 5879 et
1674 5839 1831 5880 sones
1858 5827 2087 5897 propriis
2116 5828 2253 5898 capti

1420 370 1476 426 S.
1517 365 1793 425 JOANNIS
1830 359 2306 420 CllRYSOSTOMI
2344 361 2660 417 ARClllEP.
2700 363 3234 424 CONSTANTINOP.
3880 363 3971 419 Ἀθ

659 528 663 533 .
698 489 840 545 diota
868 496 992 544 sunt
1018 529 1032 553 ,
1084 488 1156 543 ita
1188 484 1453 545 sufﬁciant
1479 528 1493 552 ,
1526 496 1583 540 ut
1608 494 1661 539 et
1690 485 1825 538 alios
1856 482 2120 537 moderari
2163 494 2286 548 pos-

702 584 840 645 sint;
872 582 918 637 si
945 582 1159 651 quidem
1191 581 1299 636 illis
1326 579 1635 635 absentibus
1660 576 1903 647 quaadam
1936 574 2087 629 vobis
2138 573 2282 626 utili-

704 683 784 728 tas
811 676 1112 729 accederet.
1146 674 1297 742 Quod
1319 687 1446 729 vero
1482 681 1743 741 perpetuo
1768 668 1983 723 monitis
2031 681 2165 734 opus
2194 665 2281 717 ha-

702 770 893 829 beatis.
918 769 968 821 id
997 777 1145 823 certe
1166 767 1298 822 nihil
1322 766 1465 821 aliud
1492 765 1709 830 indicat,
1750 779 1907 834 quam
1929 762 2068 831 quod
2111 774 2280 813 vestra

2401 466 2560 532 vitiis.
2593 479 2671 535 Ne
2704 482 2830 536 mihi
2858 483 3024 543 dicas.
3042 484 3158 539 Non
3184 492 3411 539 scortor.
3433 483 3563 552 Qua:
3593 484 3737 539 enim
3766 483 3968 541 utilitas.
4056 558 4057 561 η

2398 572 2441 622 si
2471 585 2575 623 non
2607 574 2862 628 scortaris
2891 576 3107 645 quidem
3137 616 3154 641 ,
3182 577 3276 631 sed
3303 594 3496 631 avarus
3526 581 3630 632 es?
3657 578 3847 632 Passer
3871 580 3966 633 etsi

2396 675 2501 715 non
2533 678 2597 715 ex
2629 666 2772 718 omni
2808 676 2958 733 parte
2978 710 2993 732 ,
3029 668 3121 721 sed
3148 683 3177 720 a
3210 669 3343 736 pede
3371 679 3576 723 tantum
3608 679 3854 724 teneatur
3878 711 3894 733 .
3919 682 3965 724 et

2394 754 2461 804 ita
2495 754 2666 821 perit,
2702 756 2753 808 in
2781 756 2969 826 laqueo
2998 758 3239 814 irretitus
3259 801 3274 823 ,
3312 778 3410 816 nec
3438 773 3659 831 prosunt
3694 764 3795 817 ala:
3822 773 3967 830 capto

2392 842 2543 908 pede.
2591 845 2677 898 Sic
2715 856 2767 899 et
2810 856 2862 899 tu
2893 887 2907 911 ,
2944 863 3049 902 non
3081 862 3270 919 captus
3298 867 3356 906 es
3391 868 3485 921 per
3515 853 3921 908 fornicationem
3952 895 3965 920 ,

2389 935 2480 987 sed
2504 947 2691 1005 captus
2710 941 2935 994 avaritia
2962 961 2974 995 :
3004 952 3190 1011 captus
3212 956 3357 998 certe
3380 961 3440 1000 es
3465 964 3478 1011 ;
3504 962 3676 1017 neque
3695 950 3963 1016 quwritur.

2387 1029 2661 1095 quomodo
2695 1040 2884 1099 captus
2921 1034 2995 1087 sis
3016 1074 3031 1098 ,
3060 1035 3153 1089 sed
3203 1036 3343 1105 quod
3376 1050 3565 1105 captus
3594 1040 3691 1093 sis.
3719 1038 3796 1093 Ne
3834 1040 3966 1093 dicat

2379 1118 2594 1185 juvenis
2624 1138 2638 1174 :
2670 1137 2773 1175 non
2824 1138 2942 1177 sum
2975 1140 3168 1179 avarus
3206 1145 3220 1191 ;
3263 1127 3355 1182 sed
3398 1128 3537 1185 forte
3577 1130 3879 1187 fornicaris.
3908 1132 3965 1186 Et

2383 1222 2501 1276 qua:
2547 1210 2793 1265 utilitas?
2822 1213 2936 1267 Non
2983 1226 3205 1284 possunt
3233 1219 3376 1271 enim
3413 1223 3590 1274 omnia
3625 1225 3752 1275 vitia
3788 1222 3840 1276 in
3871 1239 3961 1276 una

2381 1310 2537 1355 :etate
2554 1305 2775 1372 reperiri
2804 1346 2818 1369 ,
2858 1306 2953 1360 sed
2984 1309 3215 1363 discreta
3252 1311 3341 1364 illa
3380 1324 3535 1375 sunt,
3571 1314 3730 1383 idque
3757 1332 3852 1382 per
3884 1316 3961 1369 Dei

2382 1392 2784 1463 benignitatem,
2815 1414 2883 1453 ne
2904 1401 2947 1453 si
2967 1401 3126 1455 simul
3151 1402 3427 1471 invadant,
3446 1410 3686 1475 superari
3706 1420 3964 1477 nequeant

2379 1496 2433 1539 et
2462 1488 2676 1557 gravius
2706 1491 2859 1545 nobis
2891 1503 3160 1548 certamen
3193 1497 3528 1551 exhibeatur.
3560 1499 3790 1565 Quanta:
3821 1503 3961 1571 igna-

2379 1581 2478 1634 vi;e
2504 1598 2608 1637 non
2651 1584 2823 1647 fuerit,
2860 1602 2926 1640 ne
2954 1598 3199 1656 separata
3240 1584 3455 1660 quidem
3501 1594 3626 1645 vitia
3662 1610 3823 1661 posse
3854 1598 3962 1648 vin-

2376 1686 2519 1736 (ιιι-ε,
2554 1674 2645 1728 sed
2677 1690 2772 1742 per
2796 1676 3032 1747 singulas
3061 1689 3249 1734 aetates
3280 1682 3417 1736 vinci
3441 1726 3454 1746 ,
3483 1694 3642 1753 atque
3670 1687 3843 1739 altum
3879 1702 3961 1739 sa-

2377 1780 2503 1834 pere
2535 1766 2585 1818 in
2615 1766 2678 1819 iis
2707 1810 2720 1833 ,
2755 1785 2873 1837 qua:
2907 1786 3011 1823 non
3050 1787 3113 1826 ex
3159 1783 3342 1828 nostro
3372 1775 3550 1828 studio
3571 1819 3584 1838 ,
3620 1777 3713 1831 sed
3750 1793 3815 1831 ex
3847 1779 3957 1845 ipsa

2373 1866 2529 1910 aetate
2551 1860 2827 1927 sapiuntur
2848 1862 2871 1913 ?
2894 1861 3009 1916 Non
3039 1863 3229 1918 videtis
3250 1867 3485 1937 aurigas,
3509 1879 3707 1937 quanta
3736 1870 3959 1938 diligen-

2376 1949 2443 2001 tia
2467 1960 2519 2003 et
2546 1952 2930 2008 exercitatione
2958 1997 2971 2018 ,
2994 1961 3207 2025 quantis
3239 1958 3513 2014 laboribus
3540 1971 3767 2016 utuntur
3792 2005 3805 2026 ,
3839 1976 3961 2031 quot

2372 2040 2505 2093 cibis
2544 2042 2771 2111 aliisque
2811 2048 3062 2102 omnibus
3088 2089 3100 2108 .
3134 2061 3193 2102 ut
3224 2066 3290 2104 ne
3318 2049 3638 2119 dejiciantur
3665 2054 3734 2109 de
3765 2056 3962 2109 curru?

2375 2131 2506 2188 Vide
2532 2146 2725 2204 quanta
2756 2138 2825 2190 sit
2852 2154 2961 2193 ars.
2987 2139 3121 2195 Nam
3154 2144 3235 2197 vir
3271 2145 3521 2200 robustus
3554 2162 3619 2199 ue
3649 2164 3817 2201 unum
3848 2150 3959 2217 qui-

2372 2224 2493 2279 dem
2516 2242 2707 2297 equum
2737 2243 2881 2299 Suape
2909 2232 3177 2287 moderari
3209 2236 3373 2304 possit
3397 2254 3411 2298 ;
3438 2237 3563 2291 dum
3588 2239 3963 2294 adolescentu-

2373 2315 2456 2369 lus
2493 2327 2607 2372 arte
2639 2331 2796 2373 utens
2821 2363 2835 2384 ,
2879 2320 3013 2375 duos
3059 2323 3217 2379 facile
3263 2326 3576 2380 moderatur
3610 2340 3664 2383 et
3693 2330 3869 2385 ducit.
3902 2332 3963 2385 Et

2370 2409 2507 2475 apud
2539 2408 2695 2463 ludos
2723 2410 2913 2479 ingens
2937 2414 3023 2467 illa
3045 2426 3099 2468 et
3121 2414 3473 2472 formidabilis
3500 2420 3674 2473 bellua
3704 2422 3962 2491 elephan-

2371 2508 2455 2553 tus
2481 2516 2651 2569 puero
2677 2506 2979 2572 quindecim
3012 2524 3272 2561 annorum
3305 2525 3425 2563 cum
3462 2528 3650 2581 magna
3680 2515 3963 2568 alacritate

2368 2592 2565 2647 cedere
2590 2593 2805 2647 dicitur.
2831 2594 2938 2649 Cur
2964 2598 3078 2651 lta-c
3107 2614 3136 2651 a
3162 2616 3246 2653 me
3267 2599 3404 2654 dicta
3437 2603 3600 2657 sunt?
3628 2603 3765 2671 Quia
3790 2606 3835 2660 si
3862 2612 3966 2660 ele-

2371 2682 2597 2752 phantas
2644 2696 2697 2741 et
2744 2702 2913 2757 equos
2964 2690 3106 2745 feros
3154 2691 3333 2745 studio
3381 2700 3443 2748 et
3480 2704 3595 2748 arte
3643 2697 3962 2761 domamus;

2370 2776 2535 2827 tnulto
2564 2778 2731 2845 magis
2763 2778 2988 2833 allectus
3019 2794 3252 2845 nosnos,
3275 2784 3365 2853 qui
3400 2785 3450 2837 in
3482 2786 3636 2839 nobis
3663 2798 3823 2853 sunt,
3854 2790 3966 2843 vin-

2367 2883 2569 2923 cemus.
2605 2870 2886 2926 Undeuam
2916 2875 3237 2929 resolvimur
3263 2894 3358 2944 per
3380 2888 3541 2932 totam
3566 2886 3730 2934 vitam
3756 2883 3967 2936 ?Nunt-

2367 2975 2523 3029 quam
2546 2971 2713 3017 artem
2738 2964 2879 3017 illam
2903 2967 3239 3021 curavimus:
3262 2985 3549 3037 numquam
3572 2973 3668 3026 otii
3693 2984 3963 3043 tempore,

2366 3066 2396 3103 a
2419 3055 2710 3109 certamine
2732 3066 3006 3124 vacantes,
3035 3059 3173 3129 apud
3202 3075 3300 3115 nos
3321 3061 3678 3119 disseruimus
3700 3067 3963 3135 quidnam

2368 3145 2498 3199 utile
2526 3146 2614 3200 sit.
2646 3144 2793 3203 Tunc
2820 3164 2917 3203 nos
2947 3151 2998 3204 in
3028 3167 3190 3207 curru
3218 3162 3424 3209 stantes
3451 3157 3573 3225 quis
3594 3158 3807 3223 videat,
3839 3174 3963 3215 cum

2366 3248 2635 3293 certamen
2677 3241 2841 3296 instat
2872 3262 2886 3297 :
2922 3243 3041 3298 ideo
3092 3246 3297 3302 ridiculi
3324 3263 3529 3303 sumus.
3578 3252 3775 3305 Annon
3818 3269 3966 3323 νει-με

2365 3328 2472 3383 dixi
2508 3349 2520 3383 ε
2556 3331 2920 3388 Exerceamur
2940 3350 3059 3390 cum
3082 3338 3394 3393 domesticis
3416 3349 3542 3396 ante
3565 3345 3924 3400 tentationeni
3948 3345 3971 3397 τ

2364 3423 2639 3480 Adversus
2668 3442 2863 3495 pueros
2890 3443 3033 3498 stepe
3059 3429 3203 3484 domi
3228 3446 3615 3502 exasperamur
3646 3454 3659 3489 :
3691 3436 3802 3493 illic
3831 3441 3967 3493 iram

2365 3515 2614 3572 sedemus
2634 3559 2648 3583 ,
2680 3528 2738 3572 ut
2770 3519 2855 3573 illa
2887 3521 3023 3589 apud
3051 3522 3254 3577 amicos
3279 3523 3537 3580 facilitate
3580 3529 3661 3581 usi
3692 3544 3970 3599 apparea-

2364 3622 2505 3662 mus.
2551 3609 2605 3663 ln
2636 3610 2756 3665 aliis
2795 3627 3009 3683 quoque
3039 3616 3288 3670 omnibus
3318 3619 3362 3671 si
3394 3633 3781 3679 exercerentur
3804 3664 3820 3685 ,
3859 3603 3969 3678 non

2367 3702 2549 3771 utique
2581 3703 2632 3756 itt
2665 3706 3050 3762 certaminibus
3083 3708 3291 3764 ridiculi
3313 3724 3580 3766 essemus.
3606 3713 3760 3769 Nune
3779 3728 3973 3771 autem

2366 3809 2512 3847 arma
2544 3796 2758 3863 quidem
2786 3808 2909 3851 sunt
2934 3839 2948 3861 ,
2982 3800 3241 3854 exercitia
3277 3810 3330 3855 et
3369 3802 3544 3856 studia
3580 3805 3629 3856 in
3662 3808 3882 3862 artibus
3913 3820 3968 3861 et

2366 3886 2746 3939 certaminibus
2772 3902 2785 3950 ;
2818 3886 2870 3940 in
2900 3888 3096 3942 virtute
3128 3890 3367 3946 minime.
3411 3891 3527 3947 Non
3556 3895 3780 3951 auderet
3808 3902 3973 3968 agri-

2365 3975 2481 4029 cola
2511 3977 2718 4030 vineam
2741 3979 2978 4048 aggredi,
3009 3982 3109 4034 nisi
3138 3983 3282 4049 prius
3303 3993 3449 4037 recte
3477 3985 3531 4038 in
3556 3988 3769 4042 cultura
3798 4006 3978 4045 exer-

2366 4066 2593 4131 citatus;
2624 4084 2797 4139 neque
2829 4072 3153 4139 gubernator
3194 4074 3260 4128 ad
3306 4076 3671 4145 gubernacula
3716 4082 3931 4138 sedere
3963 4126 3978 4146 ,

2366 4176 2470 4214 non
2500 4171 2623 4216 ante
2652 4164 2815 4230 probe
2836 4166 3161 4220 exercitatus
3196 4186 3207 4219 :
3243 4184 3347 4220 non
3375 4185 3503 4223 vero
3547 4171 3816 4241 inexperti
3846 4192 3983 4230 cum

2367 4254 2572 4317 simus,
2617 4256 2818 4322 primas
2856 4265 3039 4310 tenere
3082 4258 3349 4313 volumus.
3401 4260 3685 4329 Oporteret
3733 4276 3935 4322 tacere
3967 4312 3983 4329 .

2366 4355 2641 4414 oporteret
2682 4362 2803 4400 cum
2847 4350 2994 4403 nullo
3033 4353 3437 4407 communicare
3480 4355 3562 4408 vel
3608 4358 3840 4425 negotio
3897 4362 3983 4411 vel

2366 4454 2616 4495 sermone
2640 4484 2653 4506 ,
2679 4440 2852 4495 donec
2885 4457 3166 4511 possemus
3195 4443 3363 4500 ferant
3391 4489 3405 4512 ,
3432 4463 3553 4517 qua:
3581 4449 3633 4502 in
3669 4452 3838 4505 nobis
3872 4466 3987 4513 εει.

2366 4538 2622 4591 cicurare.
2669 4536 2864 4590 Annon
2912 4537 3024 4591 fera
3061 4540 3207 4593 omni
3256 4538 3487 4595 ferocior
3531 4541 3833 4598 adversum
3884 4564 3991 4600 ηδε

2366 4635 2603 4697 pugnant
2644 4637 2695 4681 et
2741 4627 2889 4683 furor
2932 4638 2987 4683 et
3029 4631 3511 4699 eoncnpisceutia?
3556 4633 3636 4688 Ne
3681 4636 3736 4689 in
3788 4638 3990 4693 ferum

2368 4736 2558 4790 pergas
2592 4735 2710 4773 cum
2746 4721 2895 4775 hisce
2939 4720 3064 4784 feris
3086 4762 3100 4783 ,
3132 4722 3307 4776 donec
3335 4724 3441 4777 illis
3466 4726 3675 4780 frenum
3710 4742 3853 4797 apte
3886 4733 3995 4785 im-

2367 4812 2597 4868 miseris.
2622 4810 2793 4865 donec
2836 4811 2954 4865 illas
2994 4812 3339 4882 cicuraveris.
3375 4814 3487 4869 Non
3520 4817 3669 4872 vides
3699 4819 3853 4884 iStos
3892 4823 3994 4874 Im.

2367 4903 2561 4965 mines,
2581 4902 2667 4971 qui
2691 4912 3001 4957 mansuetos
3024 4904 3205 4958 leones
3223 4920 3316 4973 per
3332 4906 3501 4961 forum
3525 4908 3994 4975 circumducunt.

2366 5008 2622 5064 quantum
2649 4996 2926 5051 lucrentur
2953 5008 3007 5050 et
3036 4997 3086 5050 in
3116 4997 3467 5053 admiratione
3488 5002 3597 5054 sint
3623 5044 3637 5065 ,
3667 5006 3805 5071 quia
3850 5008 3995 5062 irra-

2368 5089 2603 5143 tionabili
2651 5089 2780 5143 ferae
2829 5098 3028 5141 tantam
3076 5090 3540 5146 mansuetudinem
3590 5094 3859 5153 indidere
3887 5100 3915 5151 τ
3951 5104 3997 5157 si

2366 5193 2492 5234 vero
2524 5188 2745 5249 repente
2788 5179 3014 5235 ferociat
3045 5180 3131 5235 leo
3159 5222 3175 5246 ,
3219 5196 3411 5237 omnes
3439 5183 3530 5252 qui
3574 5184 3625 5237 in
3671 5185 3816 5242 foro
3862 5207 4003 5247 Stult

2366 5274 2549 5341 abigit,
2584 5283 2639 5326 et
2668 5272 2858 5326 ductor
2888 5272 3002 5339 ejus
3031 5273 3367 5341 periclitatur
3396 5315 3412 5338 ,
3442 5273 3667 5345 aliisque
3698 5288 4001 5346 perniciei

2363 5380 2520 5417 causa
2550 5379 2652 5419 est.
2686 5362 2752 5415 Et
2794 5364 2847 5416 tu
2876 5378 3004 5432 ergo
3034 5365 3242 5419 leonem
3277 5365 3424 5434 prius
3454 5366 3633 5422 cicura
3667 5409 3681 5430 ,
3722 5380 4005 5447 tutaeque

2364 5458 2673 5511 circumduc
2701 5457 2849 5510 illum
2876 5474 2890 5520 ;
2922 5473 3025 5513 nou
3058 5466 3117 5512 ut
3157 5460 3435 5527 pecuniam
3468 5463 3703 5528 accipias
3730 5505 3772 5528 ,κ
3794 5474 3914 5526 sed
3949 5489 4007 5526 ιιι

2366 5549 2569 5604 lucrum
2600 5547 2809 5603 referas
2835 5590 2848 5614 ,
2877 5551 2963 5604 cui
2996 5565 3091 5620 par
3121 5550 3325 5605 nullum
3357 5563 3463 5608 est.
3506 5552 3649 5608 Nihil
3685 5560 3865 5616 enim
3906 5580 4011 5633 par

2365 5652 2445 5695 est
2477 5641 2895 5706 mansuetudini,
2928 5660 3047 5712 qua:
3076 5652 3131 5697 et
3162 5645 3559 5712 possidentibus
3592 5657 3646 5700 et
3678 5658 4010 5713 utentibus

2366 5733 2655 5788 admodum
2684 5734 2830 5787 utilis
2860 5745 2963 5789 est.
2995 5735 3144 5789 llanc
3171 5734 3328 5803 igitur
3347 5747 3622 5791 sectemur
3648 5781 3663 5802 ,
3700 5753 3771 5796 ut
3814 5753 4009 5816 passi.

2373 5840 2491 5879 tnns
2520 5833 2729 5879 virtutis
2760 5825 2895 5879 viam
2925 5838 3171 5881 accurate
3200 5829 3404 5883 emensi
3424 5869 3441 5896 ,
3468 5841 3672 5885 :nterna
3698 5845 4007 5918 consequi

3495 5937 3532 5978 ἱ
