4084 6332
140 357 228 412 221
1120 341 1187 399 ΙΝ
1224 338 1408 395 ACTA
1446 330 1976 393 APOSTOLORUM.
2017 326 2252 385 HOMIL.
2294 324 2468 382 XXX.

137 476 300 533 bona,
324 466 502 539 gratia
530 474 585 523 ct
611 461 939 534 benignitate
968 456 1179 513 Domini
1205 453 1376 510 nostri
1408 450 1537 507 Jesu
1566 448 1734 503 Citri-

136 564 230 627 sti,
258 563 478 633 quicum
505 556 653 615 Patri
680 567 894 624 unaque
924 547 1148 622 Spiritui
1176 554 1365 603 sancto
1389 543 1581 615 gloria,
1614 542 1733 595 im—

3353 319 3462 377 «ω

1844 446 2077 516 perium,
2111 441 2307 507 honor,
2348 454 2494 495 nunc
2523 446 2578 493 ct
2606 450 2859 508 semper,
2888 445 2944 492 et
2983 438 3037 491 ln
3060 432 3259 492 saeuis
3284 438 3460 492 sarcu-

1846 539 2041 592 lorum.
2076 539 2271 589 Amen.

142 672 3450 717 _________________.__._______________________

1498 765 1845 828 HOMILIA
1892 764 2110 826 xxx.
2702 717 2704 720 ’

134 937 260 993 Cu.
286 935 381 991 l3.
412 949 467 985 v.
510 930 600 986 42.
642 923 957 982 Exeuntibus
994 930 1169 974 autem
1205 917 1311 971 illis
1334 957 1349 981 ,
1397 913 1646 985 rogabant
1674 919 1729 963 ut

202 1025 436 1097 sequenti
460 1023 669 1079 sabbato
686 1021 1007 1082 loquerentur
1032 1014 1129 1067 sibi
1154 1011 1305 1066 verba
1337 1010 1465 1063 haec.

206 1123 262 1177 ι.
286 1115 541 1174 Vidistin‘
570 1113 718 1171 Pauli
767 1106 1149 1182 prudentiam?
1186 1102 1303 1159 Non
1353 1114 1481 1156 tunc
1522 1106 1733 1152 tantum

137 1213 192 1267 in
219 1208 582 1267 admiratione
609 1206 726 1271 fuit,
756 1202 851 1260 sed
891 1200 1054 1256 etiam
1082 1199 1279 1254 iterum
1306 1190 1558 1249 audiendi
1590 1190 1736 1245 desi-

136 1306 349 1360 derium
379 1299 605 1355 immisit
632 1297 757 1362 illis,
790 1308 913 1349 cum
940 1291 1147 1347 semina
1177 1286 1424 1358 quaedam
1457 1281 1737 1352 injecisset

136 1415 198 1454 ac
221 1397 467 1453 nondum
484 1392 842 1455 absolvisset,
878 1400 1053 1456 neque
1083 1382 1263 1438 verbis
1281 1378 1443 1433 linem
1475 1376 1689 1431 fecisset
1717 1413 1734 1437 ,

139 1492 335 1547 utilius
361 1490 463 1545 sibi
492 1485 804 1541 conciliaret
830 1495 895 1536 ac
923 1476 1216 1533 benevolos
1246 1471 1528 1533 redderet,
1561 1482 1738 1537 neque

135 1584 318 1638 omnia
359 1580 522 1637 simul
551 1574 845 1648 ingerendo
890 1582 1145 1626 nauseam
1195 1575 1429 1636 pareret.
1465 1560 1684 1615 Dixerat
1720 1576 1733 1610 :

140 1678 390 1734 Remissio
413 1683 732 1745 peccatorum
763 1685 851 1739 per
878 1667 1013 1719 [tunc
1038 1663 1177 1717 vobis
1204 1658 1577 1716 annuntiatur;
1604 1667 1738 1745 quo?

139 1772 301 1825 tundo
347 1778 529 1822 autem
549 1807 564 1829 ,
597 1778 701 1818 non
732 1758 1047 1815 declaravit.
1089 1755 1217 1809 Post
1248 1752 1383 1813 base
1414 1749 1606 1802 iterum
1654 1744 1736 1797 sui

138 1864 307 1934 ipsius
348 1860 676 1914 mentionem
709 1854 836 1909 facit
878 1852 1131 1922 primum.
1182 1843 1372 1900 Viden'
1399 1850 1598 1912 quanta
1627 1839 1739 1891 ala-

138 1958 305 2011 critus
325 1953 352 2007 ἲ
396 1952 750 2022 Sequebantur
780 1946 902 2000 illos
922 1984 937 2005 ,
972 1940 1160 2010 inquit.
1196 1936 1305 1994 Cur
1336 1936 1458 1989 illos
1489 1947 1596 1988 non
1624 1941 1737 1986 sta-

140 2050 231 2103 tim
264 2043 598 2116 baptizavit?
624 2041 740 2097 Non
774 2048 889 2093 erat
916 2045 1128 2104 tempus
1170 2051 1182 2085 :
1218 2027 1548 2101 persuadere
1577 2039 1739 2094 opor-

140 2140 323 2205 tebat,
359 2150 417 2192 ut
453 2135 593 2190 ﬁrmi
627 2139 930 2187 manerent.
959 2128 1049 2181 43.
1090 2124 1316 2192 Cumque
1362 2120 1574 2173 dimissa
1613 2123 1739 2170 esset

138 2246 401 2302 synagoga
422 2270 438 2293 ,
493 2225 690 2296 sequuti
728 2231 847 2277 sunt
882 2219 1030 2273 multi
1062 2215 1365 2271 Iudaeorum
1395 2221 1441 2266 et
1465 2210 1739 2264 colentium

137 2325 452 2377 advenarum
497 2317 724 2374 Paulum
755 2325 799 2371 et
829 2312 1121 2369 Barnabam
1144 2326 1163 2363 :
1183 2309 1271 2379 qui
1315 2308 1578 2368 loquentes
1616 2316 1737 2355 sua-

138 2420 322 2473 debant
364 2416 436 2470 eis
464 2456 480 2479 ,
516 2424 570 2467 ut
596 2419 856 2465 manerent
899 2408 953 2461 in
999 2405 1167 2477 gratia
1206 2400 1325 2455 Dei.
1353 2399 1444 2454 44.
1490 2394 1739 2464 Sequenti

137 2526 251 2564 vero
284 2506 501 2563 sabbato
529 2520 657 2575 pene
696 2502 934 2556 universa
956 2498 1135 2551 civitas
1159 2492 1389 2547 convenit
1418 2489 1600 2541 audire
1627 2501 1741 2539 ver-

138 2606 253 2656 bum
268 2599 391 2654 Dei.
423 2598 515 2653 45.
558 2593 794 2649 Videntes
813 2601 983 2644 autem
1008 2587 1180 2642 turbas
1204 2583 1400 2649 Judazi,
1420 2578 1601 2650 repleti
1622 2583 1739 2631 sunt

137 2693 247 2746 celo
270 2732 285 2755 ,
325 2698 374 2744 et
403 2684 817 2743 contradicebant
844 2682 909 2734 iis
941 2719 959 2743 ,
995 2693 1110 2749 quae
1133 2694 1165 2731 a
1199 2674 1367 2728 Paulo
1394 2670 1693 2725 dicebantur
1719 2706 1736 2729 ,

138 2782 543 2838 contradicentes
565 2789 610 2833 et
640 2775 1073 2847 blasphemantes.
1109 2768 1240 2825 Vide
1285 2766 1577 2835 nequitiam
1612 2776 1737 2832 per-

137 2893 379 2941 cussam,
406 2874 535 2929 dum
564 2872 701 2927 alios
729 2867 980 2941 percutit.
1011 2864 1124 2919 lloc
1151 2863 1296 2932 ipsos
1322 2859 1586 2913 clariores
1615 2853 1736 2910 red-

137 2971 346 3035 debat,
393 2965 535 3037 quod
583 2964 657 3018 illi
708 2958 1162 3016 contradicerent.
1196 2952 1380 3008 Primo
1420 2950 1601 3017 itaque
1641 2960 1737 3000 sua

138 3071 333 3134 sponte
366 3058 650 3128 rogabant.
677 3050 1093 3110 Contradicentes
1122 3087 1139 3113 ,
1168 3045 1343 3115 inquit
1374 3083 1387 3106 ,
1418 3051 1467 3095 et
1492 3038 1736 3109 blasphe-

138 3166 353 3211 mantes.
396 3152 442 3209 0
476 3148 865 3222 petulantiam!
900 3152 1119 3214 propter
1142 3155 1262 3211 quae
1284 3137 1409 3191 illos
1438 3134 1740 3204 approbare

137 3247 473 3320 oportebat,
527 3251 745 3314 prepter
795 3255 858 3295 ea
913 3237 985 3292 illi
1039 3232 1435 3290 contradicunt.
1462 3230 1553 3284 46.
1594 3226 1739 3281 Tunc

136 3350 428 3398 constanter
463 3337 659 3391 Paulus
696 3344 743 3388 et
782 3330 1050 3387 Barnabas
1077 3328 1350 3380 dixerunt:
1374 3320 1539 3390 .Vobis
1589 3335 1742 3388 opor-

139 3434 272 3490 tebat
313 3432 538 3501 primum
588 3426 729 3497 loqui
788 3423 993 3478 verbum
1051 3418 1188 3481 Dei;
1224 3415 1313 3471 sed
1368 3413 1614 3486 quoniam
1659 3425 1741 3464 reo

139 3524 333 3597 pellitis
361 3522 496 3577 illud
530 3561 544 3586 ,
574 3529 621 3574 et
670 3518 908 3590 indignos
951 3529 1038 3566 vos
1068 3510 1316 3579 judicatis
1364 3516 1555 3562 (eterna
1596 3506 1738 3565 vita,

139 3636 251 3674 ecce
278 3614 626 3672 convertimur
649 3612 717 3665 ad
746 3618 936 3681 gentes.
967 3602 1174 3668 Videni,
1202 3598 1475 3671 quomodo
1500 3612 1595 3667 per
1620 3610 1743 3650 con-

141 3712 443 3767 tentionem
501 3704 670 3773 magis
722 3698 1081 3757 extenderunt
1149 3690 1585 3764 pradicationem
1617 3727 1632 3750 ,
1686 3696 1743 3741 et

144 3802 314 3874 magis
343 3800 423 3855 illi
447 3812 508 3853 se
532 3792 877 3852 cotttulerunt
898 3789 961 3844 ad
980 3796 1191 3859 gentes.
1218 3790 1501 3874 postquam
1530 3782 1743 3835 ratione

145 3872 360 3947 reddita
389 3887 530 3959 apud
560 3897 895 3954 congeneres
944 3893 1073 3933 suos
1123 3889 1246 3930 sese
1273 3874 1434 3942 culpa
1474 3872 1743 3925 immunes

140 3977 612 4054 comprobarunt?
641 3974 751 4029 Nec
776 3971 933 4034 dixit,
967 3966 1175 4037 indigni
1199 3963 1334 4021 estis
1366 3979 1381 4028 ;
1415 3961 1511 4017 sed
1533 4000 1549 4026 ,
1579 3958 1738 4054 Indi-

142 4051 282 4147 gnas
298 4089 391 4128 vos
405 4068 677 4143 judicatis,
711 4074 771 4120 ut
797 4078 905 4119 non
929 4073 1194 4115 onerosus
1215 4068 1397 4119 sermo
1418 4061 1584 4109 esset.
1610 4051 1745 4147 Ecce

143 4143 484 4223 convertimur
502 4165 570 4215 ad
595 4169 784 4232 gentes.
809 4156 901 4211 47.
931 4153 1023 4217 Sic
1052 4152 1187 4206 enim
1213 4147 1451 4220 prccapit
1477 4144 1621 4199 nobis
1638 4143 1743 4197 Do-

144 4263 312 4315 minus
339 4274 359 4313 :
387 4255 549 4311 Posui
593 4266 641 4307 te
669 4253 723 4306 in
762 4250 924 4303 lucem
965 4246 1188 4317 gentium
1216 4283 1232 4308 ,
1264 4251 1319 4294 ut
1348 4244 1418 4295 sis
1445 4241 1498 4292 in
1528 4237 1745 4291 salutem

144 4368 303 4425 usque
329 4352 401 4404 ad
426 4358 707 4403 extremum
740 4353 886 4397 terror
915 4337 1069 4411 (lsai.
1090 4335 1181 4391 49.
1215 4334 1295 4404 6).
1339 4330 1409 4387 lit
1437 4332 1585 4386 enim
1614 4345 1746 4425 gen-

146 4423 226 4499 tes
256 4445 378 4499 haec
401 4428 682 4495 audientes
705 4449 815 4492 non
846 4431 1317 4490 contristarcntur,
1352 4426 1505 4496 quasi
1531 4439 1597 4479 ex
1621 4423 1742 4476 illo-

145 4554 263 4593 rum
309 4535 496 4593 studio
534 4533 673 4586 bona
706 4531 837 4599 ipsa:
880 4540 989 4581 non
1034 4529 1456 4591 assequerentur
1484 4560 1500 4583 ,
1528 4516 1748 4573 adducit

148 4627 518 4702 prophetiam,
553 4624 742 4680 dicens
771 4640 784 4676 :
818 4620 945 4675 Dedi
972 4629 1018 4672 te
1043 4619 1095 4671 in
1123 4616 1286 4671 lucem
1314 4614 1560 4685 gentium,
1593 4622 1649 4665 ut
1678 4612 1748 4664 sis

144 4728 198 4779 in
225 4730 446 4780 salutem
495 4734 653 4789 usque
679 4717 748 4771 ad
796 4724 1082 4770 extremum
1126 4719 1294 4764 terrte.
1338 4706 1429 4762 48.
1471 4705 1751 4759 Audientes

144 4834 314 4876 autem
341 4828 534 4892 gentes.
567 4815 678 4870 Hoc
707 4812 829 4867 illos
866 4809 1157 4864 alacriores
1184 4804 1482 4867 reddebat,
1513 4800 1655 4872 quod
1684 4800 1749 4853 iis

149 4915 224 4969 illi
254 4906 794 4977 fruerentur,quibus
824 4904 912 4957 alii
942 4901 1043 4956 frui
1073 4897 1344 4955 debebant
1369 4914 1385 4961 ;
1411 4893 1628 4950 ,Ιιιᾶωοε
1654 4910 1749 4945 an-

152 5019 260 5061 tem
286 5004 393 5058 bac
418 5000 591 5071 magis
622 4996 925 5053 mordebat.
974 4991 1254 5046 Audientes
1276 4998 1446 5042 autent
1474 5027 1489 5052 ,
1521 4984 1694 5054 inquit
1728 5024 1747 5050 ,

146 5107 321 5168 gentes
354 5095 553 5165 “gavisa:
590 5099 727 5157 sunt,
768 5098 817 5142 et
845 5084 1201 5159 gloriﬁcabant
1242 5078 1443 5139 uerbum
1488 5075 1699 5130 Domini
1732 5091 1749 5127 :

154 5190 222 5243 Et
269 5188 595 5241 crediderunt
650 5188 895 5253 quotquot
940 5185 1085 5231 erant
1126 5170 1461 5246 prwordinati
1500 5170 1553 5223 in
1597 5170 1755 5221 vitam

144 5292 436 5343 internum;
469 5278 575 5332 hoc
629 5284 731 5341 est,
774 5268 1023 5342 praeliniz-i
1076 5282 1108 5322 a
1141 5267 1270 5320 Deo.
1318 5262 1455 5317 Vide
1480 5260 1752 5331 quomodo

149 5371 393 5429 ostendit
411 5369 660 5424 utilitatis
676 5365 1038 5421 celeritatem.
1069 5358 1157 5414 49.
1186 5354 1631 5411 Disseminabatur
1656 5370 1752 5404 au-

150 5478 257 5521 tem
286 5464 492 5519 verbum
519 5460 731 5516 Domini
779 5472 868 5527 per
916 5455 1201 5509 universam
1244 5448 1539 5519 regionem;
1564 5444 1615 5498 id
1644 5455 1750 5508 est,

149 5557 547 5628 divulgabatur.
585 5554 662 5606 Ac
688 5552 731 5605 si
762 5550 986 5613 diceret,
1015 5544 1131 5600 Non
1157 5540 1394 5597 contenti
1426 5539 1564 5602 seio,
1592 5552 1755 5605 opera

149 5652 316 5707 etiam
364 5647 710 5703 addiderunt.
766 5641 901 5695 Vide
939 5636 1211 5709 quomodo
1272 5633 1408 5703 pulsi
1442 5639 1496 5685 ct
1524 5629 1747 5684 zeloin-

150 5742 444 5809 censi,alia
476 5752 670 5807 inagna
698 5732 943 5789 efficiunt
970 5744 986 5784 ε
1012 5744 1133 5785 sese
1148 5740 1381 5795 namque
1405 5730 1752 5793 appararunt,

158 5848 216 5893 ut
268 5835 487 5893 liberius
521 5838 741 5902 agerent
772 5869 787 5895 ,
817 5836 869 5881 ct
896 5825 961 5880 ad
988 5834 1176 5895 gemes
1211 5818 1455 5875 venirent
1486 5833 1498 5883 ;
1533 5824 1589 5870 et
1632 5815 1754 5869 audi

1846 906 2142 977 quomodo.
2188 905 2492 970 Constanter
2525 914 2734 977 agentes
2763 902 2967 961 Paulus
2990 917 3040 961 et
3067 904 3342 961 Barnabas
3373 905 3459 957 di-

1842 1012 2027 1054 :reruut
2053 1016 2073 1055 .'
2108 998 2262 1054 Vobis
2282 998 2545 1068 oportebat
2571 1000 2793 1068 primum
2812 998 2953 1069 loqui
2978 1000 3185 1054 verbum
3208 998 3350 1063 Dei;
3376 1000 3466 1053 sed

1844 1092 1966 1160 quia
2016 1092 2266 1161 repellitis
2310 1091 2442 1146 illud
2463 1132 2479 1157 ,
2512 1106 2627 1145 ecce
2671 1090 3015 1145 convertimur
3040 1091 3110 1145 ad
3133 1101 3328 1164 gentes.
3351 1091 3463 1147 Sed

1849 1183 1970 1238 vide
1999 1183 2052 1237 in
2079 1182 2181 1237 hac
2209 1181 2403 1238 ﬁducia
2424 1192 2699 1237 servatum
2724 1181 3191 1254 modumtetjurc
3218 1183 3462 1253 quidem.

1844 1273 1978 1329 Nam
1997 1274 2041 1329 si
2063 1273 2257 1330 Petrus
2275 1289 2398 1330 sese
2423 1257 2773 1339 defendebat,
2797 1275 2969 1331 multo
2996 1276 3168 1347 magis
3200 1275 3254 1332 bi
3278 1276 3467 1332 defen-

1845 1369 2000 1424 sione
2031 1384 2171 1439 0pus
2202 1368 2476 1425 habebant
2502 1410 2518 1435 ,
2572 1368 2791 1424 neruine
2818 1369 2969 1439 ipsos
2996 1369 3178 1426 isthuc
3207 1380 3461 1426 vocante.

1845 1461 1978 1517 Cum
2006 1461 2144 1515 dixit
2173 1470 2379 1524 autem,
2430 1459 2686 1526 Primum,
2718 1462 2959 1517 ostendit
2988 1461 3100 1517 illis
3126 1462 3292 1517 etiam
3322 1478 3462 1531 pra:-

1846 1555 2013 1609 dicari
2044 1554 2355 1624 Oportnissc
2387 1571 2402 1621 ;
2432 1563 2488 1609 et
2530 1568 2655 1608 cum
2700 1553 2837 1608 dixit
2867 1594 2882 1621 ,
2916 1552 3281 1609 Necessarium
3312 1595 3328 1618 ,
3372 1540 3465 1609 ar-

1845 1649 1960 1718 gnit
1982 1649 2088 1703 illis
2108 1648 2275 1703 etiam
2300 1647 2667 1703 necessarium
2697 1646 2883 1703 fuisse.
2910 1646 3018 1703 Sed
3037 1648 3278 1719 quonimn
3298 1649 3459 1718 repel-

1846 1743 1990 1807 litis;
2021 1757 2125 1796 non
2152 1741 2313 1809 dixit,
2344 1740 2439 1797 Va:
2466 1741 2621 1797 vobis
2649 1784 2664 1807 ,
2695 1757 2871 1813 neque
2896 1783 2912 1809 ,
2940 1742 3250 1798 Puniemini
3274 1760 3290 1809 ;
3317 1742 3413 1800 sed
3440 1785 3456 1807 ,

1846 1831 2201 1888 Convertimur
2248 1834 2317 1887 ad
2358 1841 2554 1905 gentes.
2612 1832 2805 1889 Viden’
2834 1844 3035 1905 quanta
3086 1834 3466 1891 moderatione

1848 1925 2005 1995 plena
2039 1926 2110 1979 sit
2138 1924 2333 1979 ﬁducia
2366 1925 2456 1980 illa
2481 1928 2505 1979 ἲ
2533 1925 2626 1981 50.
2658 1922 2835 1980 Judaei
2877 1936 3047 1981 autem
3076 1928 3464 1982 concitaverunt

1848 2022 2091 2074 mulieres
2112 2019 2380 2090 religiosas
2402 2030 2450 2073 et
2468 2020 2731 2084 honestas,
2757 2030 2805 2074 et
2834 2021 3028 2091 primos
3055 2021 3297 2088 civitatis,
3324 2031 3370 2077 et
3386 2038 3471 2077 cx-

1845 2114 2119 2165 cituverunt
2147 2112 2587 2183 persequutionem
2624 2112 2680 2165 in
2730 2110 2957 2166 Paulum
2984 2122 3029 2167 et
3053 2111 3349 2168 Barnabam
3365 2153 3386 2181 ,
3403 2124 3456 2169 et

1845 2207 2103 2274 ejecertmt
2133 2220 2220 2258 eos
2248 2203 2312 2259 de
2336 2203 2521 2273 ﬁnibus
2541 2204 2671 2259 suis.
2702 2202 2891 2260 Viden'
2918 2215 3179 2275 quantum
3210 2205 3460 2276 profece-

1848 2299 1953 2350 rint
1996 2298 2088 2368 qui
2136 2296 2570 2352 adversabantur
2621 2297 2994 2367 praedicationi
3032 2315 3046 2352 :
3090 2298 3143 2352 in
3195 2307 3458 2369 quantam

1846 2389 2235 2457 impudentiam
2267 2389 2391 2444 illas
2418 2388 2797 2445 adduxerim?
2842 2390 2935 2447 51.
2967 2389 3036 2444 At
3072 2390 3155 2445 illi
3185 2431 3203 2458 ,
3243 2407 3465 2446 excusso

1847 2482 2052 2549 pulvere
2079 2483 2264 2553 pedum
2295 2483 2348 2535 in
2375 2498 2461 2537 eos
2484 2521 2499 2547 ,
2531 2492 2775 2536 venerunt
2806 2479 3066 2558 Iconium.
3093 2482 3192 2538 Hic
3216 2484 3461 2539 terribile

1847 2571 1976 2626 illud
2022 2572 2272 2629 fecerunt
2301 2573 2447 2644 quod
2478 2573 2721 2643 iusserat
2748 2572 2999 2628 Christus
3031 2572 3225 2629 dicens
3257 2592 3270 2627 :
3307 2573 3376 2628 Et
3420 2576 3464 2628 si

1843 2666 1956 2736 quis
1985 2682 2073 2720 vos
2098 2682 2202 2721 non
2230 2668 2499 2737 receperit,
2529 2665 2720 2737 egressi
2740 2666 2961 2721 excutite
2981 2666 3240 2735 pulverem
3268 2668 3461 2737 pedum

1844 2766 2125 2812 vestrarum
2156 2755 2375 2826 (Matth.
2412 2758 2499 2812 i0.
2528 2758 2617 2813 14.
2652 2755 2828 2811 Μαι-ε.
2855 2756 2911 2813 6.
2944 2758 3057 2829 ll).
3081 2757 3163 2812 Illi
3196 2746 3327 2814 vero
3351 2772 3465 2814 non

1847 2858 2049 2905 temere
2072 2851 2176 2905 hoc
2203 2848 2451 2905 fecerunt
2469 2890 2487 2915 ,
2520 2849 2615 2904 sed
2641 2858 2932 2920 postquam
2961 2849 3123 2920 eiecti
3152 2858 3279 2906 sunt
3301 2849 3372 2906 ab
3402 2851 3468 2906 il-

1846 2942 1933 2997 lis.
1967 2942 2233 2998 Caeterum
2264 2957 2442 3013 neque
2472 2942 2575 2997 hoc
2606 2941 2887 3013 discipulis
2916 2942 3123 3009 nocuit,
3165 2941 3261 2998 sed
3288 2944 3468 3014 magis

1848 3037 2265 3103 perseverarunt
2294 3036 2346 3086 in
2386 3034 2575 3088 verbo.
2609 3033 2734 3087 Ideo
2762 3033 2867 3089 hoc
2904 3032 3198 3104 declarans.
3218 3033 3408 3103 adjicit
3442 3053 3455 3089 :

1848 3124 1940 3181 52.
1967 3124 2225 3198 Discipuli
2243 3135 2419 3180 autem
2439 3126 2771 3198 rapiebantur
2788 3125 2981 3198 gaudio
3009 3166 3025 3191 ,
3048 3136 3098 3181 et
3118 3125 3330 3197 Spiritu
3347 3142 3463 3181 san-

1846 3231 1947 3275 cto.
1989 3220 2233 3292 Magistrl
2262 3234 2498 3291 namque
2520 3234 2764 3274 aerumna
2794 3218 3045 3291 discipuli
3075 3218 3325 3276 fiduciam
3353 3234 3469 3277 non

1847 3312 2003 3379 tollit,
2017 3311 2112 3366 sed
2139 3310 2463 3366 alacriorem
2494 3310 2645 3366 illum
2672 3309 2872 3366 reddit.
2926 3311 3099 3383 (Cap.
3124 3310 3233 3383 i4.)
3260 3312 3315 3367 1.
3343 3310 3459 3366 Fa-

1847 3402 1982 3459 ctum
2003 3414 2075 3459 est
2096 3414 2265 3459 autem
2291 3402 2481 3474 Iconii,
2510 3415 2567 3458 ut
2593 3404 2751 3459 simul
2775 3404 3047 3459 introirent
3062 3406 3117 3458 in
3140 3421 3460 3477 synagogam

1846 3497 2153 3552 Judtzorum
2177 3538 2193 3561 ,
2223 3506 2269 3550 et
2296 3497 2625 3570 loquerentur
2650 3539 2666 3560 ,
2694 3498 2768 3550 ita
2789 3506 2845 3551 ut
2869 3498 3131 3553 crederent
3156 3497 3465 3555 Judteorum

1848 3603 1894 3647 et
1922 3592 2218 3647 Grecorum
2243 3592 2452 3662 copiosa
2479 3591 2780 3646 multitudo.
2802 3589 3041 3646 Rursum
3070 3592 3124 3647 in
3153 3606 3460 3665 synagogas

1848 3688 2143 3742 introeunt.
2170 3685 2305 3742 Vide
2325 3684 2603 3755 quomodo
2627 3698 2736 3738 non
2768 3683 3069 3739 timidiores
3099 3682 3278 3740 etfecti
3305 3684 3459 3753 siut,

1852 3794 1973 3833 cum
1998 3777 2305 3843 dixissent,
2335 3774 2689 3833 Convertimur
2715 3776 2783 3829 ad
2822 3785 3013 3847 gentes.
3059 3774 3137 3830 Ex
3168 3775 3469 3838 abundanti

1855 3882 2037 3926 tamen
2071 3871 2180 3925 illis
2208 3870 2619 3926 excusationem
2652 3869 2869 3924 tollunt.
2920 3866 3013 3923 Ita
3060 3878 3115 3923 ut
3156 3870 3466 3938 crederent,

1852 3966 2049 4035 inquit,
2076 3964 2383 4019 Judaeorunt
2408 3973 2454 4020 et
2480 3961 2781 4018 ercorunt
2807 3964 3015 4035 capiosa
3031 3963 3327 4020 multitudo.
3362 3965 3467 4021 Ve-

1854 4060 2080 4114 risimile
2117 4070 2201 4112 ρει
2230 4058 2373 4113 enim
2406 4057 2531 4113 illos
2575 4056 2739 4113 etiam
2793 4055 3001 4113 Graecis
3026 4057 3377 4129 praedicasse.
3402 4059 3460 4116 9..

1855 4151 1955 4218 Qui
1998 4166 2114 4205 vero
2154 4150 2404 4205 increduli
2444 4150 2651 4221 fuerunt
2687 4149 2863 4205 λιιάωί
2900 4152 3276 4206 suscitaverunt
3312 4162 3361 4207 et
3398 4156 3466 4208 ad

1846 4242 2166 4296 iracundiam
2192 4243 2575 4297 concitaverunt
2600 4242 2801 4295 animas
2826 4242 3052 4313 gentium
3072 4242 3316 4299 adversus
3347 4247 3463 4315 frat-

1847 4345 1966 4390 tres.
1994 4335 2166 4393 Simul
2195 4348 2326 4405 ergo
2368 4334 2532 4389 etiam
2561 4343 2753 4401 gentes
2780 4334 3119 4399 excitarunt,
3151 4334 3309 4405 quasi
3341 4351 3463 4390 non

1848 4428 1982 4483 satis
2014 4437 2201 4484 essent
2247 4428 2370 4499 ipsi.
2404 4427 2515 4483 Cur
2563 4428 2724 4499 igitur
2773 4426 2973 4483 istbine
3017 4442 3127 4484 non
3163 4428 3417 4485 exierunt
3444 4433 3469 4484 ’ἐ

1848 4522 1983 4590 Quia
2007 4538 2114 4577 non
2143 4522 2510 4593 pellebantur,
2539 4520 2636 4578 sed
2660 4528 2872 4576 tantum
2904 4520 3383 4593 impugnabantur.
3407 4524 3464 4579 5.

1850 4616 2018 4671 Multo
2042 4616 2199 4686 igitur
2231 4624 2460 4684 tempore
2487 4614 2739 4669 demorati
2764 4624 2884 4669 sunt
2918 4656 2936 4681 ,
2964 4615 3280 4685 ﬁducialiter
3299 4633 3467 4689 agen-

1852 4720 1925 4763 tes
1957 4709 2011 4762 in
2054 4707 2277 4761 Domino
2302 4748 2317 4773 ,
2362 4706 2707 4760 testimonium
2743 4704 3038 4776 perbibente
3084 4708 3237 4763 verba
3281 4709 3479 4780 gratias

1850 4802 2013 4872 ipsius
2045 4841 2061 4865 ,
2101 4800 2257 4855 dante
2283 4800 2433 4871 signa
2455 4809 2504 4854 et
2533 4800 2769 4871 prodigia
2808 4800 2922 4869 fieri
2943 4817 3034 4869 per
3061 4817 3246 4856 manus
3266 4818 3466 4859 eorum.

1855 4894 1967 4948 Hoc
1989 4892 2237 4947 ﬁduciam
2258 4890 2493 4946 addebat
2517 4908 2532 4957 ;
2559 4892 2667 4945 imo
2688 4889 2946 4947 ﬁduciam
2972 4891 3209 4948 addebat
3224 4894 3467 4963 ipsorum

1853 4984 2122 5039 alacritas.
2157 4982 2284 5038 Ideo
2314 4997 2548 5052 namque
2574 4986 2752 5037 rarius
2782 4984 2937 5054 signa
2961 4981 3242 5040 faciebant
3268 5002 3283 5051 ;
3316 4987 3467 5056 quod

1854 5085 2034 5131 autem
2066 5074 2341 5129 auditores
2370 5074 2659 5130 crederent
2683 5115 2700 5140 ,
2732 5073 2876 5129 inter
2899 5074 3053 5145 signa
3076 5078 3465 5147 repntandum.

1854 5170 2072 5240 Aliquid
2108 5169 2273 5240 igitur
2315 5168 2643 5238 operabatur
2668 5167 2885 5224 dicendi
2917 5168 3164 5225 libertas.
3192 5172 3247 5227 4.
3282 5170 3465 5228 Divisa

1855 5273 1926 5316 est
1955 5273 2126 5316 autem
2157 5260 2434 5314 multitudo
2476 5260 2698 5315 civitatis
2734 5276 2755 5314 :
2780 5262 2993 5330 quidam
3023 5273 3169 5318 erant
3206 5280 3323 5318 cum
3357 5264 3469 5320 Ju-

1856 5356 1979 5410 daais
2002 5395 2021 5420 ,
2044 5353 2254 5423 quidam
2282 5369 2399 5407 cum
2423 5351 2690 5422 apostolis.
2722 5352 2844 5409 Non
2870 5368 3063 5425 parum
3095 5354 3245 5411 addit
3267 5354 3338 5412 ad
3366 5372 3475 5412 acc-

1857 5446 2191 5499 cusationem
2237 5442 2383 5514 quod
2413 5443 2748 5499 scindantur.
2784 5444 2898 5501 Hoc
2926 5455 3047 5501 erat
3074 5446 3219 5517 quod
3244 5447 3464 5504 dicebat

1858 5538 2104 5592 CbriSIus
2129 5554 2143 5590 :
2171 5535 2293 5591 Non
2316 5538 2427 5590 veni
2450 5553 2626 5605 pacem
2649 5538 2866 5599 mittere,
2887 5539 2977 5592 scd
3000 5538 3231 5609 gladium
3247 5539 3469 5613 (Matth.

1864 5630 1948 5685 l0.
1975 5628 2090 5699 54).
2114 5630 2167 5684 5.
2190 5628 2318 5684 Cum
2338 5638 2508 5682 autem
2541 5631 2712 5698 factus
2733 5640 2861 5684 esset
2883 5632 3103 5699 impetus
3131 5632 3396 5703 gentilium
3420 5647 3468 5687 et

1860 5724 2163 5777 Iudaeorum
2189 5738 2305 5775 cum
2331 5720 2647 5791 principibus
2688 5723 2793 5776 suis
2824 5764 2838 5788 ,
2874 5734 2927 5777 ut
2953 5725 3271 5779 contumeliis
3297 5725 3477 5795 ofﬁce-

1864 5828 1975 5875 rent
1999 5826 2044 5871 et
2074 5816 2363 5885 lapidarent
2383 5830 2486 5881 eos,
2513 5812 2565 5870 6.
2592 5811 2937 5885 Intelligentes
2959 5819 3299 5891 confugerunt
3314 5818 3382 5873 ad
3398 5819 3476 5873 cio
