4088 6330
616 367 718 420 2.!

615 483 796 533 vitates
810 494 922 549 qua?
934 477 1279 533 circumerant
1292 477 1565 547 Lycaonia:
1576 473 1810 545 Lystram
1831 484 1877 529 et
1899 471 2093 525 Derben
2119 513 2134 534 ,
2153 482 2200 525 et

617 564 898 622 uniuersam
940 574 991 621 in
1034 570 1247 622 circuitu
1282 570 1533 639 regionem
1567 607 1582 631 ,
1610 574 1660 619 et
1695 564 1763 619 ibi
1803 562 2201 634 euangelizante:

614 678 731 715 eran
741 671 775 716 l.

682 755 739 809 2.
775 754 1005 808 Rursum
1043 752 1194 823 quasi
1233 753 1355 807 data
1410 765 1574 820 opera
1609 748 1899 806 extendere
1947 747 2193 801 volentes

616 846 1047 915 prrcdicationem
1074 888 1089 909 ,
1123 856 1399 916 postquam
1428 850 1772 913 augmentum
1803 839 2007 910 accepit
2032 882 2047 905 ,
2097 840 2197 892 ite-

614 956 728 994 rum
755 940 874 993 illos
899 940 1113 1008 pellunt.
1148 938 1278 993 Vide
1302 938 1500 1007 ubique
1528 935 1972 1005 persequutiones
2002 946 2193 1001 magna

564 1087 571 1094 ,
610 1033 822 1103 operari
866 1034 1001 1087 bona
1026 1074 1040 1094 ,
1076 1042 1129 1086 et
1180 1039 1565 1102 persequentes
1616 1028 1757 1082 vinci
1788 1071 1802 1095 ,
1837 1027 2019 1097 pulsos
2062 1041 2190 1081 vero

610 1122 914 1193 splendidos
942 1123 1100 1177 efﬁci.
1131 1121 1261 1175 Nam
1300 1130 1357 1175 ut
1380 1122 1524 1175 venit
1554 1123 1800 1191 Lystratn
1822 1158 1837 1180 ,
1876 1118 2191 1171 miraculum

611 1229 854 1284 magnum
894 1214 1155 1283 patravit,
1196 1222 1378 1267 erecto
1411 1212 1601 1267 claudo
1628 1252 1644 1275 ,
1694 1219 1749 1265 et
1790 1223 1981 1278 magna
2013 1223 2145 1261 voce
2174 1224 2189 1259 :

608 1306 879 1376 quomodo
906 1317 1105 1373 autem,
1135 1306 1279 1359 audi.
1313 1305 1380 1359 Et
1408 1305 1612 1377 quidam
1636 1305 1709 1358 uir
1732 1302 1931 1373 Lystris
1957 1301 2193 1367 inﬁrmus

607 1400 815 1467 pedibus
834 1399 1053 1463 sedebat,
1080 1398 1291 1453 claudus
1316 1414 1379 1451 ea:
1402 1409 1543 1451 utero
1571 1397 1747 1451 matris
1774 1411 1899 1459 sum,
1930 1394 2022 1464 qui
2042 1410 2193 1446 num-

605 1507 756 1560 quam
779 1490 1141 1545 ambulaverat.
1172 1489 1221 1544 8.
1267 1488 1365 1543 Hic
1388 1490 1579 1542 audivit
1612 1487 1838 1541 Paulum
1882 1489 2183 1556 loquentem.

609 1583 707 1648 Qui
736 1582 948 1636 intuitus
973 1598 1107 1647 cum,
1135 1590 1181 1635 et
1210 1581 1378 1635 videns
1402 1582 1517 1650 quia
1546 1580 1697 1647 ﬁdem
1723 1579 1925 1633 haberet
1948 1588 2002 1630 ut
2021 1577 2189 1631 salvus

604 1676 780 1741 ﬁeret,
825 1674 879 1729 9.
913 1675 1042 1728 dixit
1087 1690 1272 1743 magna
1319 1688 1436 1727 voce
1460 1690 1478 1727 :
1510 1673 1679 1744 Surge
1720 1688 1872 1741 super
1897 1671 2048 1741 pedes
2078 1680 2189 1723 tuos

605 1776 783 1820 rectus.
827 1767 893 1821 Et
932 1768 1145 1821 exsilitn't
1170 1809 1183 1827 ,
1216 1776 1263 1820 et
1304 1767 1611 1821 ambulabat.
1644 1765 1751 1821 Cur
1791 1780 1978 1836 magna
2013 1764 2188 1818 voce?

605 1863 668 1918 Ut
702 1861 869 1915 turba:
900 1860 1202 1916 crederent.
1251 1860 1387 1915 Vide
1429 1870 1607 1915 autem
1636 1877 1649 1914 :
1682 1859 1967 1929 diligenter
2010 1869 2188 1912 atten-

603 1954 759 2007 debat
788 1951 946 2005 dictis
974 1949 1118 2005 Pauli
1149 1968 1164 2016 ;
1202 1952 1302 2006 hoc
1326 1952 1466 2005 enim
1495 1951 1594 2005 sibi
1629 1950 1743 2004 vult
1777 1950 1926 2015 illttd,
1959 1950 2183 2003 Audiuit.

609 2044 788 2100 Vidcn'
834 2044 1263 2115 phil050phiam?
1309 2044 1448 2099 Nihil
1489 2060 1554 2098 ex
1597 2044 1986 2099 claudicatione
2028 2044 2187 2098 lzesus

606 2137 657 2191 in
680 2135 930 2191 audiendi
952 2137 1148 2191 studio.
1171 2136 1269 2201 Qui
1291 2137 1503 2192 intuitus
1523 2152 1654 2201 eum,
1682 2136 1854 2189 uidens
1878 2136 2013 2206 quod
2034 2135 2188 2202 ﬁdem

601 2227 803 2281 haberet
829 2238 883 2281 ut
905 2229 1072 2282 salvus
1097 2228 1256 2297 ﬁeret.
1281 2225 1399 2282 Jam
1425 2226 1851 2296 prieelectionem
1880 2229 1930 2281 iu
1963 2226 2187 2281 familia-

603 2319 813 2374 ritatem
846 2328 1207 2388 assumpserat
1234 2336 1246 2370 :
1281 2318 1455 2372 etsiin
1480 2317 1597 2371 aliis
1623 2319 1944 2371 contrarium
1990 2317 2183 2371 factum

600 2411 691 2466 sit.
718 2409 853 2467 Cum
886 2410 1028 2465 enim
1070 2410 1218 2479 prius
1255 2424 1479 2478 corpora
1525 2417 1879 2473 curaverant,
1910 2417 2035 2464 tunc
2071 2409 2186 2461 ani-

604 2516 717 2557 nnts
740 2502 999 2557 curabant
1024 2520 1036 2556 :
1065 2502 1151 2556 hic.
1179 2516 1306 2557 vero
1336 2516 1439 2555 non
1468 2502 1547 2555 sic
1569 2511 1785 2557 curatus
1816 2510 1917 2557 est.
1962 2500 2186 2556 Videtur

607 2594 736 2649 mihi
763 2594 958 2649 Paulus
984 2593 1051 2648 ad
1077 2594 1309 2647 animam
1338 2593 1660 2663 respexisse.
1694 2592 1758 2647 Et
1790 2592 2002 2647 exsilivit
2035 2635 2051 2660 ,
2100 2594 2183 2647 in-

601 2690 745 2761 quit,
778 2697 826 2742 et
864 2688 1175 2741 ambulabat.
1222 2686 1478 2741 Perfecta:
1524 2687 1770 2740 sanitatis
1817 2688 2025 2756 signum
2070 2698 2183 2741 erat

599 2782 740 2851 quod
770 2780 1083 2834 ambularet.
1116 2778 1203 2834 10.
1236 2778 1419 2833 Turbae
1449 2788 1618 2833 autem
1648 2795 1762 2831 cum
1788 2779 2022 2833 vidissent
2046 2780 2181 2848 quod

602 2876 787 2945 fecerat
818 2869 1019 2924 Paulus
1038 2912 1055 2936 ,
1088 2870 1373 2924 levaverunt
1399 2885 1568 2923 uocem
1597 2886 1761 2935 suam,
1793 2869 2075 2940 Lycaonice
2102 2871 2182 2923 di-

599 2974 800 3017 centes:
828 2961 914 3015 Dii
960 2962 1147 3015 similes
1189 2962 1311 3032 facti
1357 2951 1679 3023 hominibus,
1713 2962 2071 3015 descenderunt
2116 2963 2183 3015 ad

602 3072 713 3108 nos.
746 3054 833 3107 ll.
873 3053 938 3107 Et
962 3053 1205 3106 vocabant
1243 3050 1534 3105 Barnabam
1558 3050 1736 3105 Jovem
1756 3092 1771 3112 ,
1803 3051 2029 3105 Paulum
2066 3068 2183 3106 vero

603 3146 910 3200 Mercurium
936 3160 957 3198 :
979 3145 1216 3215 quoniam
1241 3146 1349 3214 ipse
1375 3155 1480 3197 erat
1508 3144 1613 3197 dua:
1632 3144 1785 3197 verbi.
1817 3143 1903 3198 12.
1930 3145 2182 3199 Sacerdos

599 3254 793 3309 quoque
814 3237 977 3303 lovis,
1006 3236 1093 3299 qui
1118 3244 1225 3290 erat
1251 3245 1365 3289 ante
1391 3236 1642 3288 civitatem
1680 3235 1905 3301 illorum,
1939 3245 2110 3289 tauros
2136 3246 2182 3290 et

600 3347 811 3386 coronas
836 3342 951 3384 ante
972 3315 1174 3402 'januds
1215 3329 1433 3397 offerens
1456 3370 1471 3395 ,
1504 3346 1617 3382 cum
1649 3331 1850 3399 populis
1883 3332 2074 3385 volebat
2100 3350 2183 3386 sa-

603 3425 865 3493 criﬁcare.
912 3421 1017 3477 Sed
1065 3421 1168 3476 hoc
1217 3420 1451 3475 nondum
1499 3431 1615 3476 erat
1652 3421 2043 3477 manifestum:
2087 3439 2181 3479 sua

601 3519 742 3571 enim
772 3530 902 3568 voce
924 3514 1278 3582 loquebantur
1304 3513 1583 3568 dicentes:
1616 3512 1703 3567 Dii
1727 3515 1915 3569 similes
1944 3518 2065 3587 facti
2090 3516 2181 3570 lto-

602 3607 837 3669 minibus,
863 3606 1227 3659 descenderunt
1247 3606 1315 3658 ad
1337 3621 1428 3658 nos
1442 3621 1462 3670 ;
1490 3604 1611 3660 ideo
1633 3606 1763 3660 nihil
1788 3606 1891 3661 illis
1912 3607 2177 3662 dicebant.

602 3700 732 3753 Cum
757 3709 934 3753 autem
961 3712 1188 3751 coronas
1210 3696 1487 3759 viderunt,
1522 3706 1646 3751 tunc
1675 3699 1875 3768 egressi
1906 3699 2182 3755 sciderunt

606 3791 917 3845 vestimenta
946 3804 1063 3843 sua.
1092 3790 1179 3845 15.
1216 3789 1364 3857 Quod
1394 3790 1477 3842 ubi
1515 3791 1783 3845 audierunt
1808 3792 2024 3862 apostoli
2046 3791 2180 3845 Bar-

604 3881 760 3936 nabas
787 3890 835 3935 et
868 3880 1089 3946 Paulus,
1119 3881 1383 3935 conscissis
1407 3881 1623 3935 vestibus
1648 3882 1774 3949 suis,
1803 3882 2093 3937 easilierunt
2128 3885 2182 3938 in

603 3976 818 4035 turbam,
844 3973 1118 4027 clamantes
1144 3973 1232 4027 14.
1264 3983 1311 4027 et
1338 3972 1558 4027 dicentes
1582 3989 1603 4027 :
1639 3971 1767 4040 Viri,
1795 3975 1918 4044 quid
1941 3976 2035 4027 hoc
2050 3977 2180 4048 faci-

606 4066 781 4119 tis?et
827 4082 917 4117 nos
944 4065 1175 4118 similiter
1201 4073 1255 4116 ut
1294 4080 1381 4117 vos
1420 4063 1681 4143 passibiles
1723 4081 1897 4119 sumus
1936 4068 2179 4121 homines.

609 4158 737 4213 V’ide
765 4159 882 4213 illos
908 4159 1104 4228 ubique
1130 4172 1159 4211 a
1186 4158 1370 4227 gloria:
1392 4159 1569 4213 studio
1592 4159 1819 4215 mundos
1847 4177 1863 4215 :
1888 4177 1991 4215 non
2024 4162 2181 4218 modo

606 4266 709 4305 non
754 4250 1159 4311 desiderantes,
1209 4250 1303 4304 sed
1344 4251 1574 4304 oblatam
1620 4250 1953 4321 depellentes
1982 4272 1995 4308 :
2029 4264 2085 4308 ιιι
2128 4265 2183 4309 et

605 4344 793 4396 Petrus
836 4342 1083 4396 dicebat:
1113 4341 1248 4408 Quid
1292 4358 1383 4393 nos
1429 4342 1735 4409 intuemini,
1779 4346 1945 4413 quasi.
1974 4348 2182 4417 prapria

605 4437 783 4488 virtute
801 4434 877 4488 uel
901 4435 1083 4505 pietate
1104 4435 1368 4502 fecerimus
1389 4426 1793 4490 hunc/ambulare
1809 4436 1944 4508 (Act.
1969 4440 2024 4492 5.
2050 4440 2135 4510 l2)
2158 4443 2179 4493 ?

608 4530 668 4582 lli
705 4543 917 4599 quoque
962 4527 1192 4597 idipsum
1223 4526 1424 4581 dicunt.
1451 4527 1646 4597 Joseplt
1675 4529 1834 4583 etiam
1865 4530 2074 4586 dicebat
2113 4534 2184 4589 de

607 4621 828 4675 somniis
855 4637 867 4671 :
903 4618 1088 4673 Nonne
1121 4636 1156 4673 a
1190 4618 1300 4673 Deo
1325 4620 1668 4690 ntanifestatio
1705 4638 1878 4676 eorum
1906 4622 2055 4693 (Gen.
2089 4626 2175 4680 40.

608 4714 661 4783 8)
682 4712 706 4766 Y
729 4721 783 4767 et
808 4712 1027 4782 perinde
1057 4711 1240 4767 Daniel
1268 4730 1280 4765 :
1316 4710 1381 4764 Et
1411 4712 1536 4763 mihi
1564 4712 1741 4767 nonin
1762 4714 2010 4780 sapientia
2032 4758 2045 4778 ,
2071 4733 2183 4782 qua:

605 4807 657 4859 in
704 4820 783 4858 me
808 4815 910 4869 est,
938 4803 1209 4858 revelatum
1233 4815 1305 4858 est
1332 4804 1496 4871 (Dan.
1526 4805 1581 4858 2.
1614 4806 1725 4877 50).
1761 4806 1828 4861 Ει
1858 4807 2051 4862 Paulus
2082 4810 2181 4865 hoc

605 4898 799 4967 ubique
826 4897 995 4961 dicit,
1043 4906 1101 4951 ttt
1137 4902 1237 4952 hoc
1274 4898 1393 4951 loco
1425 4916 1439 4952 :
1474 4896 1540 4951 Et
1578 4900 1649 4953 ad
1677 4903 1786 4954 haec
1813 4902 1925 4970 quis
1948 4904 2181 4975 suﬁcit.’

603 4999 657 5043 et
683 5005 890 5043 rursum
921 5007 935 5043 :
965 4987 1085 5042 Non
1112 4988 1245 5057 quod
1270 4989 1566 5058 sufﬁcientes
1606 4991 1763 5045 simus
1802 5010 1835 5045 a
1872 4996 2011 5047 nobis
2056 4997 2180 5063 ipsis

604 5082 841 5149 cogitare,
873 5081 1018 5149 quasi
1050 5096 1113 5134 ea:
1136 5081 1281 5134 nobis
1302 5096 1321 5144 ;
1349 5080 1437 5134 sed
1462 5081 1757 5151 suﬂicientia
1782 5095 1958 5138 nostra
1983 5103 2047 5139 ea:
2070 5086 2178 5141 Deo

605 5183 671 5223 t'sl
706 5172 780 5239 (2.
810 5171 929 5225 Cor.
957 5173 1012 5225 2.
1045 5174 1133 5226 16.
1163 5183 1207 5225 et
1232 5174 1289 5227 5.
1320 5174 1396 5243 5).
1428 5174 1532 5227 Sed
1558 5175 1830 5244 superiora
1853 5189 2174 5246 repetamus.

605 5264 717 5317 Non
746 5269 859 5319 sine
880 5282 1039 5321 causa
1067 5267 1234 5319 turba:
1263 5266 1393 5333 ipsis
1416 5267 1688 5321 hzesernnt
1710 5284 1727 5332 ;
1756 5270 1849 5322 sed
1870 5273 2178 5339 quomodo?

607 5358 882 5426 ltogabant
908 5400 923 5422 ,
956 5370 1013 5411 ut
1062 5358 1194 5428 ipsis
1238 5358 1425 5412 eadem
1470 5361 1660 5413 iterum
1709 5362 2090 5429 loquerentur,
2123 5378 2176 5420 et

600 5452 852 5519 operibus
876 5452 1109 5506 studium
1134 5452 1501 5507 declarabant.
1537 5451 1666 5507 Vide
1687 5453 1880 5525 ubique
1907 5468 2170 5526 rogantes,

602 5559 698 5598 nec
728 5544 1038 5613 simpliciter
1060 5547 1380 5615 recipientes
1400 5589 1415 5609 ,
1448 5546 1531 5601 vel
1556 5546 1851 5603 adulantes.
1882 5548 2003 5603 Ideo
2032 5550 2177 5603 dice-

544 5680 549 5685 .
602 5638 690 5690 bat
712 5654 725 5689 :
758 5636 856 5703 Qui
876 5637 1211 5707 colloquentes
1232 5654 1346 5690 cum
1370 5639 1462 5705 eis,
1489 5638 1856 5707 persuadebunt
1885 5640 1955 5693 eis
1976 5658 2173 5709 perma-

602 5746 715 5782 nere
744 5730 797 5783 in
844 5730 1011 5799 gratia
1050 5728 1165 5783 Dei.
1209 5731 1315 5783 Cur
1343 5747 1446 5783 non
1496 5742 1649 5785 antea
1696 5732 2174 5787 coutradieebant?

601 5823 727 5888 Quia
772 5822 979 5879 interim
1021 5824 1314 5879 munitores
1354 5824 1722 5895 quiescebant.
1758 5826 1947 5883 Viden’
1978 5828 2171 5897 ubique

1352 365 1407 421 S.
1453 363 1723 422 JOANNIS
1761 358 2233 419 CllRYSOSTOMl
2275 355 2587 412 ARCHIEP.
2628 355 3158 414 CONSTANTINOP.

3790 363 3891 421 224

2308 467 2425 522 illos
2450 483 2516 521 ex
2545 468 2791 537 passione
2819 471 3023 523 moveri
3052 471 3075 522 ?
3103 470 3210 526 Nec
3240 470 3399 526 modo
3426 474 3890 539 contradicebant.

2304 557 2400 613 sed
2447 560 2607 612 etiam
2654 559 3096 628 blasphemabant
3140 580 3153 616 :
3199 564 3397 617 malitia
3436 566 3582 619 enim
3631 583 3893 637 nusquam

2302 651 2523 720 gradum
2556 652 2718 706 sistit.
2766 653 2867 707 Sed
2897 653 3018 709 vide
3054 654 3266 710 dicendi
3309 657 3610 713 libertatem
3638 677 3651 712 :
3701 660 3849 715 Vobis
3871 704 3892 727 ,

2303 742 2506 812 inquit,
2539 744 2799 811 oportebat
2825 746 3041 813 primum
3081 747 3218 815 loqui
3244 747 3442 802 verbum
3467 765 3487 815 ,'
3514 751 3632 819 quia
3660 767 3776 806 vero
3798 770 3884 807 re-

2304 835 2492 903 pellitis
2518 834 2670 891 illud.
2704 836 2844 891 Niltil
2870 839 3256 893 contumeliose
3286 840 3504 894 dictum.
3533 842 3683 907 Quod
3722 844 3887 897 etiam

2302 928 2352 981 in
2385 929 2657 998 prophetis
2689 929 2845 984 [iebat
2876 948 2890 983 :
2925 928 3005 983 Ne
3047 931 3360 999 loquamini,
3411 933 3617 1004 inquit,
3665 935 3886 1006 loquela.

2302 1020 2435 1086 Quia
2462 1037 2577 1075 vero
2604 1020 2860 1091 repulistis
2889 1022 3039 1089 illud,
3073 1024 3262 1091 inquit,
3295 1040 3400 1080 non
3429 1042 3525 1081 nos
3559 1046 3575 1083 :
3604 1044 3710 1083 non
3738 1031 3885 1084 enim

2299 1115 2352 1167 in
2399 1129 2496 1168 nos
2543 1115 2863 1169 contumelia
2904 1125 3079 1171 vestra
3110 1119 3354 1173 vertitur.
3397 1119 3473 1175 Ne
3501 1124 3620 1191 quis
3646 1124 3787 1177 enim
3817 1139 3888 1179 ex

2297 1207 2493 1276 pietate
2525 1216 2670 1275 putet
2710 1207 2832 1261 illud
2863 1223 3014 1272 esse,
3049 1208 3296 1281 Indignas
3324 1228 3411 1265 vos
3433 1214 3715 1283 iudicatis;
3760 1215 3887 1271 ideo

2298 1300 2445 1369 prius
2474 1300 2605 1354 dixit
2631 1343 2645 1365 ,
2674 1299 2940 1371 Repellitis
2967 1302 3099 1355 illud
3121 1320 3138 1365 ;
3168 1314 3222 1357 et
3252 1314 3377 1359 tunc
3402 1305 3546 1359 addit
3571 1349 3586 1370 ,
3620 1306 3884 1363 Converti-

2295 1408 2409 1444 mur
2436 1391 2503 1443 ad
2528 1402 2713 1461 gentes.
2762 1392 2920 1447 Multa
2961 1394 3173 1462 plenum
3214 1398 3623 1452 mansuetudine
3645 1399 3881 1456 dictum.

2294 1482 2408 1537 Non
2432 1482 2583 1547 dixit,
2620 1484 3047 1554 Derelinqnimus
3076 1502 3168 1541 vos
3190 1530 3204 1552 ,
3244 1488 3572 1557 ostendens,
3604 1506 3765 1559 posse
3788 1493 3887 1548 ad-

2295 1572 2398 1628 huc
2425 1576 2543 1629 illos
2571 1578 2808 1631 converti
2840 1593 2853 1641 ;
2884 1586 2937 1630 et
2965 1577 3063 1632 hoc
3095 1594 3199 1631 non
3229 1589 3447 1647 prepter
3482 1592 3715 1635 vestram
3749 1598 3883 1637 con-

2294 1667 2561 1721 tumeliam
2591 1667 2783 1721 factutn
2822 1676 2940 1722 est:
2971 1669 3041 1722 ita
3070 1673 3211 1723 enim
3238 1679 3561 1739 praeceptum
3590 1681 3672 1726 est
3700 1674 3879 1729 nobis.

2292 1756 2579 1829 Oportebat
2626 1760 2840 1826 quidem
2884 1769 3070 1831 gentes
3095 1761 3319 1824 audire;
3352 1777 3539 1816 verum
3573 1763 3673 1817 hoc
3714 1780 3819 1818 non
3847 1780 3881 1820 a

2293 1854 2442 1907 nobis
2470 1896 2483 1917 ,
2532 1854 2624 1907 sed
2654 1870 2682 1907 a
2724 1856 2876 1909 vobis
2921 1855 3114 1908 laetum
3143 1865 3264 1920 est,
3296 1857 3435 1926 quod
3482 1873 3511 1911 a
3558 1856 3712 1912 nobis
3761 1858 3879 1914 ﬁeri

2291 1947 2588 2014 oportebat.
2618 1946 2707 2001 Sic
2729 1947 2885 2013 enim,
2914 1946 3081 2015 inquit
3101 1988 3114 2008 ,
3143 1949 3381 2016 pracepit
3408 1950 3550 2002 nobis
3581 1948 3830 2003 Dominus
3858 1967 3882 2006 :

2291 2036 2452 2091 Posui
2480 2049 2525 2089 te
2552 2038 2603 2089 in
2631 2038 2792 2090 lucem
2819 2038 3040 2108 gentium
3063 2078 3077 2102 ,
3107 2047 3162 2091 ut
3193 2039 3262 2092 sis
3289 2040 3341 2092 in
3370 2040 3584 2093 salutent
3611 2058 3628 2103 ;
3661 2040 3710 2094 id
3750 2050 3839 2096 est
3859 2082 3877 2108 ,

2292 2130 2345 2185 in
2372 2132 2729 2201 cognitionem
2762 2147 2879 2201 quae
2911 2132 2980 2185 sit
3019 2132 3084 2186 ad
3115 2133 3337 2189 salutem
3364 2172 3379 2195 ,
3424 2148 3529 2187 non
3557 2133 3877 2201 simpliciter

2290 2225 2546 2293 gentium,
2581 2223 2674 2277 sed
2700 2224 2937 2277 omnium
2968 2225 3226 2293 gentium.
3258 2223 3369 2277 Hoc
3396 2224 3538 2277 enim
3569 2225 3837 2294 signiﬁcat
3859 2267 3882 2291 ,

2288 2330 2408 2370 cum
2437 2315 2568 2369 dixit
2593 2332 2606 2367 :
2640 2315 2893 2385 Quotquot
2923 2326 3065 2369 erant
3102 2317 3432 2385 praeordinati
3460 2318 3513 2369 in
3542 2318 3695 2370 vitam
3724 2327 3879 2371 cter-

2288 2425 2425 2461 nam.
2476 2408 2543 2462 Et
2590 2409 2691 2463 hoc
2739 2409 2987 2463 indicium
3020 2418 3102 2462 est
3133 2409 3254 2463 illos
3285 2409 3580 2463 secundum
3630 2410 3883 2464 volunta-

2291 2510 2395 2554 tem
2427 2500 2516 2555 Dei
2546 2500 2765 2554 assumi.
2789 2498 3137 2553 Prwordinati
3159 2501 3305 2561 dicit,
3336 2512 3391 2553 ut
3418 2500 3667 2555 ostendat
3693 2501 3742 2553 id
3766 2517 3878 2556 non

2291 2609 2383 2661 per
2413 2594 2782 2647 necessitatem
2815 2591 2950 2645 lleri.
2984 2591 3121 2657 Qnos
3166 2594 3300 2644 enim
3330 2592 3612 2659 praesciuit,
3662 2592 3832 2661 inquit
3856 2633 3875 2654 ,

2287 2694 2333 2738 et
2364 2683 2732 2752 praedestinavit
2775 2683 2953 2753 (Rom.
2998 2682 3052 2737 8.
3082 2681 3200 2752 29).
3246 2682 3361 2736 Non
3405 2682 3513 2750 jam
3565 2684 3615 2737 in
3658 2683 3878 2740 civitate

2286 2776 2511 2845 dispersi
2540 2783 2709 2839 erant,
2740 2774 2832 2829 sed
2861 2775 3024 2829 etiam
3053 2776 3102 2827 in
3132 2774 3372 2845 regione.
3404 2775 3699 2830 Audientes
3726 2776 3879 2831 enim

2285 2869 2511 2938 gentiles
2536 2909 2549 2929 ,
2580 2876 2635 2922 et
2668 2868 2768 2936 ipsi
2811 2866 2965 2936 paulo
2998 2876 3117 2936 post
3152 2878 3515 2923 accesserunt.
3546 2868 3720 2923 Judaei
3754 2886 3877 2927 vero

2286 2964 2600 3015 concitarunt
2630 2960 2862 3015 mulieres
2898 2961 3183 3030 religiosas,
3217 2971 3261 3014 et
3285 2963 3715 3032 persequutionem
3736 2962 3877 3016 exci-

2287 3065 2468 3109 tavere.
2513 3054 2791 3125 Perpende
2834 3069 2928 3108 eos
2972 3070 3150 3109 rerum
3192 3071 3223 3109 a
3254 3055 3570 3110 mulieribus
3599 3065 3873 3126 geStarum

2286 3154 2534 3200 auctores
2563 3161 2701 3200 esse.
2738 3143 2802 3197 Et
2826 3146 3076 3214 ejecerunt
3106 3161 3191 3199 eos
3218 3162 3250 3198 a
3276 3145 3459 3214 ﬁnibus
3488 3147 3592 3200 suis
3616 3161 3637 3210 ;
3667 3162 3773 3200 non
3803 3148 3879 3202 ab

2284 3239 2415 3293 urbe
2447 3248 2650 3292 tantum
2676 3280 2692 3303 ,
2721 3238 2814 3293 sed
2845 3248 2898 3292 et
2924 3254 2951 3290 a
2983 3239 3198 3307 regione
3230 3246 3359 3292 tota.
3397 3238 3595 3292 Deinde
3626 3238 3728 3294 hoc
3759 3247 3897 3295 ter-‘

2289 3330 2492 3384 ribilius
2517 3339 2600 3384 est
2625 3348 2637 3383 :
2670 3328 2919 3399 Discipuli
2949 3339 3113 3382 autem
3140 3371 3153 3392 ,
3186 3330 3375 3399 inquit,
3401 3331 3579 3399 repleti
3602 3341 3719 3385 sunt
3745 3349 3878 3403 gau—

2285 3422 2370 3474 dio
2414 3431 2459 3474 et
2495 3419 2697 3491 Spiritu
2746 3430 2940 3487 sancto.
2984 3420 3329 3475 Pellebantur
3372 3420 3618 3476 doctores
3647 3464 3663 3485 ,
3705 3431 3760 3477 et
3793 3422 3874 3479 illi

2284 3513 2606 3583 gaudebant.
2646 3513 2891 3567 Vidistin'
2919 3522 3159 3566 naturam
3185 3511 3451 3581 Evangelii
3489 3513 3741 3569 virtutem
3772 3514 3874 3571 ha-

2283 3608 2498 3663 bentem
2524 3607 2743 3661 multam
2766 3605 2790 3659 ?
2813 3606 2892 3660 Ad
2914 3607 3234 3659 iracundiam
3253 3612 3647 3683 concitaverunt,
3678 3608 3871 3679 inquit,

2284 3704 2479 3755 animas
2520 3700 2743 3771 gentium
2787 3698 3028 3753 adversus
3067 3702 3299 3771 fratres;
3330 3698 3381 3753 id
3425 3708 3530 3764 est,
3558 3700 3871 3756 calumniati

2284 3802 2410 3845 sunt
2454 3792 2749 3861 apostolos,
2779 3791 2845 3846 de
2890 3791 3124 3845 millibus
3153 3805 3248 3845 eos
3273 3800 3593 3845 accusarunt
3619 3832 3634 3857 ,
3665 3801 3722 3847 et
3751 3792 3874 3848 illos

2286 3885 2557 3954 simplices
2582 3885 2813 3954 maligne
2840 3883 3155 3938 aﬂ'ecerunt.

2357 3978 2410 4032 5.
2452 3977 2518 4031 Et
2540 3976 2659 4031 vide
2684 4016 2699 4038 ,
2728 3974 3002 4047 quomodo
3032 3976 3229 4046 ubique
3275 3986 3442 4030 totum
3490 3980 3601 4031 Deo
3648 3975 3869 4032 referat.

2286 4067 2452 4122 Multo
2499 4079 2757 4140 tentpore,
2803 4068 2977 4137 inquit
3001 4106 3017 4133 ,
3063 4067 3308 4121 demorati
3354 4078 3507 4131 sunt,
3564 4067 3876 4137 ﬁducialiter

2283 4171 2486 4233 agentes
2511 4163 2562 4213 in
2591 4160 2830 4225 Domino,
2858 4159 3196 4213 testimonium
3220 4160 3508 4228 perltibente
3526 4159 3671 4213 verba
3690 4163 3874 4232 gratia

2284 4255 2481 4325 ipsius.
2531 4253 2608 4307 Ne
2648 4253 2773 4322 quid
2826 4252 2912 4307 hic
2959 4251 3297 4307 imminutum
3349 4263 3524 4322 putes.
3555 4252 3690 4309 Cum
3721 4256 3868 4310 enim

2284 4347 2545 4412 dicerent,
2573 4346 2672 4413 Qui
2702 4346 3038 4399 testimonium
3062 4345 3200 4399 dedit
3230 4346 3321 4400 sub
3362 4344 3550 4401 Pontio
3585 4346 3758 4401 Pilato
3785 4349 3867 4417 (l.

2288 4440 2419 4495 Tim.
2447 4441 2499 4495 6.
2530 4441 2639 4509 i3),
2671 4448 2794 4493 tunc
2822 4438 3007 4493 ﬁducia
3036 4439 3452 4505 ostendebatur;
3485 4438 3572 4496 hic
3593 4450 3773 4495 autem
3798 4442 3870 4498 de

2286 4532 2480 4602 pupulo
2506 4532 2758 4602 loquitttr.
2790 4529 2906 4585 Non
2940 4540 3320 4599 exspectarunt
3358 4531 3518 4601 igitur
3543 4571 3560 4595 ,
3601 4530 3695 4586 sed
3721 4532 3871 4588 vide-

2286 4633 2412 4679 runt
2441 4625 2716 4694 impetum.
2750 4623 2814 4677 Et
2843 4627 3177 4695 confugerunt
3206 4624 3274 4677 ad
3298 4625 3521 4678 civitates
3548 4622 3861 4696 Lycaonic,

2284 4716 2518 4789 Lystram
2546 4726 2591 4770 et
2616 4715 2890 4777 Derben,et
2911 4715 3215 4769 universam
3251 4715 3304 4770 in
3334 4716 3551 4770 circuitu
3587 4718 3864 4787 regionem.

2289 4810 2384 4867 Ubi
2408 4810 2624 4865 minime
2654 4808 2891 4864 furorem
2908 4823 3063 4862 suum
3085 4823 3340 4864 exercere
3368 4808 3564 4865 licebat
3592 4809 3694 4865 illis
3723 4828 3737 4865 :
3767 4812 3867 4866 ita-

2285 4920 2389 4973 que
2427 4906 2477 4956 in
2519 4904 2764 4973 regiones
2811 4902 3143 4972 pergebant,
3184 4917 3286 4957 nec
3314 4912 3516 4957 tantum
3560 4903 3610 4955 in
3642 4904 3869 4961 urbibus

2285 4997 2649 5051 versabantur.
2680 4994 2811 5047 Vide
2841 5007 3050 5063 quoque
3068 4996 3307 5063 gentium
3339 4993 3735 5065 simplicitatem
3764 5039 3779 5058 .
3810 5007 3870 5053 et

2281 5088 2585 5144 Judeorum
2612 5085 2923 5155 nequitiam.
2964 5086 3229 5154 Operibus
3253 5085 3599 5141 declarabant
3636 5089 3868 5157 gentiles

2281 5197 2341 5236 se
2360 5181 2551 5251 dignos
2589 5194 2713 5235 esse
2741 5179 2831 5248 qui
2870 5179 3117 5233 audirent
3145 5197 3158 5234 :
3190 5181 3372 5249 sicque
3402 5180 3519 5233 illos
3541 5178 3611 5233 ob
3636 5180 3751 5236 sola
3793 5182 3867 5237 si-

2282 5290 2378 5343 gna
2408 5272 2761 5326 honorabant.
2795 5272 2895 5325 Alii
2927 5282 2984 5324 ut
3023 5272 3150 5325 deos
3176 5272 3447 5335 colebant,
3478 5273 3568 5326 alii
3602 5285 3659 5327 ut
3687 5280 3871 5343 perni-

2279 5370 2453 5420 ciosos
2483 5364 2789 5434 pellebant:
2814 5372 2868 5418 et
2904 5363 2999 5417 alii
3024 5362 3238 5433 quidem
3269 5380 3376 5419 non
3404 5366 3581 5420 modo.
3602 5367 3870 5436 praedica-

2281 5460 2409 5512 tioni
2441 5473 2545 5513 non
2575 5457 2929 5521 obsistebant.
2961 5457 3055 5511 sed
3084 5457 3242 5511 etiam
3264 5457 3515 5513 dicebant
3536 5501 3552 5524 ,
3579 5458 3667 5513 Dii
3692 5462 3869 5517 homi-

2280 5550 2424 5603 nibus
2465 5551 2653 5604 similes
2679 5550 2839 5619 facti,
2869 5550 3227 5605 descenderunt
3254 5551 3322 5603 ad
3364 5568 3457 5606 nos
3483 5568 3503 5617 ;
3529 5550 3699 5607 ιιι(ὶωί
3730 5569 3868 5610 vero

2279 5641 2795 5695 scandalizabantur.
2851 5639 2919 5694 Et
2968 5640 3209 5695 vocabant
3247 5683 3262 5708 ,
3311 5642 3524 5713 inquit,
3568 5641 3867 5700 Basnabam

2276 5731 2472 5798 Jovem,
2505 5731 2725 5786 Paulum
2746 5749 2859 5787 vero
2883 5732 3211 5787 Mercurium.
3235 5733 3438 5805 Opinor
3458 5737 3618 5790 etiam
3641 5750 3867 5807 aspectu

2279 5827 2636 5883 venerabilem
2666 5825 2829 5882 fuisse
2858 5827 3173 5883 Barnabam.
3204 5828 3319 5885 Non
3353 5846 3512 5901 parva
3545 5832 3664 5889 haec
3685 5841 3863 5890 tenta-
