4084 6332
154 428 257 483 223

153 544 440 611 Λύστραν
468 537 604 596 ’καὶ
656 541 898 608 Δέρϐην,
951 541 1049 594 καί
1094 535 1208 606 τὴν
1259 522 1615 603 περίχωρον,
1669 527 1846 582 κάκεῖ

154 628 318 699 ἦσαν
351 629 893 700 εὐαγγελιζόμενοι.

230 716 297 787 β’.
325 717 498 770 Πάλιν
534 716 726 786 ὥσπερ
750 715 1001 784 ἐπίτηδες
1029 714 1268 765 ἐκτεῖναι
1298 708 1609 780 βουλόμενοι
1645 706 1719 757 τδ
1738 702 1841 772 κή-

159 820 372 874 ρυγμα,
411 805 554 872 μετά
604 804 667 857 τὸ
715 803 1042 874 αὐξηθῆναι,
1086 800 1249 854 πάλιν
1281 797 1481 859 αὐτοὺς
1530 794 1838 860 ἐξάγουσιν.

156 892 307 963 Ὅρα
349 891 632 962 πανταχοῦ
681 893 809 955 τοὺς
855 890 1129 960 διωγμοὺς
1170 886 1383 959 μεγάλα
1438 881 1838 955 ἐργαζομένους

157 981 366 1049 ἀγαθὰ,
397 981 653 1044 καὶτοὺς
703 981 801 1051 μὲν
840 978 1137 1041 διώκοντας
1191 974 1560 1048 ἡττωμένους,
1608 971 1738 1032 τοὺς
1784 966 1841 1019 δὲ

155 1069 531 1140 διωκομένους
574 1069 861 1140 λαμπροὺς
898 1067 1322 1134 ἀποφαίνοντας.
1372 1060 1576 1115 Ἐλθὼν
1626 1058 1739 1127 γὰρ
1782 1057 1843 1107 ἐν

156 1158 451 1229 Λύστροις.
488 1160 725 1211 ποιεῖται
751 1156 938 1226 θαῦμα
978 1156 1142 1225 μέγα,
1190 1152 1283 1205 τὸν
1306 1149 1481 1222 χωλὸν,
1506 1148 1838 1214 ἀναστήσας,

157 1245 251 1296 καὶ
275 1244 494 1315 μεγάλῃ
517 1247 583 1315 τῇ
616 1246 764 1314 φωνῇ
786 1259 800 1273 ⁸
832 1244 929 1295 καὶ
958 1242 1096 1304 πῶς,
1140 1240 1326 1293 ἄκουε.
1361 1238 1469 1292 Καί
1501 1252 1614 1301 τις,
1652 1233 1837 1302 φησὶν,

155 1330 316 1399 ἀνὴρ
368 1333 439 1385 έν
486 1333 783 1398 Λύστροις
824 1331 1123 1395 ἀδύνατος
1165 1327 1291 1392 τοῖς
1331 1324 1519 1378 ποσίν
1559 1322 1837 1386 ἐκάθητο,

156 1420 359 1487 χωλὸς
383 1420 454 1472 ἐκ
479 1420 714 1484 κοιλίας
740 1418 968 1487 μητρὸς
1006 1415 1193 1472 αὑτοῦ
1228 1413 1537 1482 ὑπάρχων,
1573 1409 1642 1475 ὃς
1669 1407 1842 1487 οὐδέ-

155 1523 303 1559 ποτε
374 1506 861 1574 περιπεπατήκει.
905 1489 1094 1569 Οὗτος
1150 1502 1383 1572 ἢκουσε
1440 1499 1549 1553 τοῦ
1595 1497 1840 1550 Παύλου

154 1592 520 1660 λαλοῦντος.
551 1595 653 1659 Ὃς
677 1594 961 1657 ἀτενίσας
984 1590 1166 1656 αὐτῷ,
1193 1590 1291 1643 καί
1321 1588 1465 1642 ἰδὼν
1508 1588 1599 1641 ὅτι
1628 1585 1842 1645 πίστιν

156 1680 281 1747 ἔχει
300 1680 412 1733 τοῦ
435 1678 724 1748 σωθῆναι,
753 1680 882 1733 εἷπε
906 1678 1141 1748 μεγάλῃ
1182 1676 1257 1746 τῇ
1285 1674 1456 1745 φωνῇ
1480 1693 1493 1706 ·
1525 1673 1837 1739 Ἀνάστηθι

153 1769 253 1819 ἐπὶ
276 1767 425 1833 τοὺς
464 1767 655 1832 πόδας
702 1784 820 1821 σου
870 1769 1063 1836 ὁρθὸς.
1118 1765 1227 1820 Kal
1262 1766 1453 1833 ἥλατο
1494 1762 1596 1816 καὶ
1646 1777 1837 1828 περιε·

156 1856 354 1908 κάτει.
389 1857 487 1908 Διὰ
516 1856 567 1909 τί
600 1857 814 1929 μεγάλῃ
842 1860 908 1926 τῇ
942 1858 1131 1925 φωνῆς
1170 1855 1335 1907 Ὥστε
1368 1853 1497 1914 τοὺς
1529 1850 1719 1921 ὄχλους
1752 1866 1841 1901 πι-

140 1944 403 2010 λστεῦσαι.
446 1945 588 2017 Ὅρα
625 1946 700 2009 δέ,
738 1947 1025 2015 προσεῖχεν
1071 1942 1315 2015 ἀκριϐῶς
1367 1944 1479 2003 τοῖς
1522 1939 1837 2010 λεγομένοις

155 2032 259 2083 ὑπὸ
287 2031 387 2084 τοῦ
428 2033 672 2085 Παύλουσ
723 2031 879 2084 τοῦτο
909 2033 1017 2102 γάρ
1067 2032 1185 2083 ἐστι
1222 2030 1284 2084 τὸ
1322 2032 1647 2085 Ἤκουσεν.
1684 2020 1839 2087 Εῖδες

156 2119 517 2187 φιλοσοφίαν;
548 2118 717 2173 Οὐδὲν
764 2119 868 2171 ὑπὸ
896 2121 994 2189 τῆς
1026 2119 1258 2189 χωλείας
1297 2118 1433 2188 πρὸς
1464 2116 1565 2187 τὴν
1604 2113 1839 2183 σπουδὴν

154 2205 254 2272 τῆς
285 2207 610 2275 ἁρκοάτεως
648 2206 987 2277 παρεϐ).ἀ6η.
1034 2210 1139 2272 Ὃς
1169 2208 1459 2270 ἀτενίσας
1500 2201 1661 2267 αὐτῷ
1686 2244 1702 2267 ,
1736 2202 1836 2255 καί

157 2293 301 2345 ἰδὼν
327 2295 420 2347 ὅτι
449 2297 660 2348 πίστιν
686 2296 810 2363 ἕχει
838 2293 945 2347 τοῦ
978 2293 1267 2362 σωθῆναι.
1296 2292 1437 2361 Ἤδη
1468 2290 1713 2362 ᾠκείωτο
1739 2288 1837 2359 τὴν

156 2382 487 2451 προαίρεσιν
515 2399 530 2412 ο
562 2383 739 2435 καίτοι
783 2383 876 2435 ἐπὶ
910 2381 1019 2434 τῶν
1061 2381 1236 2435 ἄλλων
1265 2378 1573 2433 τούναντίον
1608 2376 1836 2444 ἐγίνετο.

156 2471 583 2542 Πρότερονργάρ
632 2470 850 2541 ἰώμενοι
885 2486 907 2512 ο
944 2471 1015 2524 τὰ
1063 2469 1293 2540 σώματα
1317 2508 1332 2532 ,
1372 2469 1494 2521 τότε
1526 2466 1626 2529 τὰς
1659 2464 1840 2535 ψυχὰς

156 2559 561 2628 ἐθεραπεύοντο
586 2576 598 2587 ³
634 2553 786 2618 οὗτος
830 2558 886 2611 δὲ
912 2560 1009 2627 οὐχ
1037 2558 1229 2620 οὕτως.
1276 2558 1429 2626 Ἐμοὶ
1457 2556 1604 2609 δοκεῖ
1631 2555 1710 2616 είς
1739 2553 1840 2623 τὴν

154 2646 337 2716 ψυχὴν
370 2648 498 2700 ἰδεῖν
528 2648 627 2719 τὴν
652 2647 819 2701 αὐτοῦ
846 2646 936 2700 τόν
970 2646 1205 2700 Παῦλον.
1238 2646 1347 2699 Kal
1385 2645 1582 2713 ἥλατο
1607 2686 1620 2706 ,
1680 2640 1837 2711 φησὶ,

155 2736 253 2786 καί
288 2736 658 2803 περιεπάτει.
705 2736 1024 2805 Τεκμήριον
1062 2735 1160 2801 τῆς
1209 2736 1399 2801 ὑγείας
1440 2732 1541 2801 τῆς
1576 2728 1839 2801 ἀκριῦοὖς

154 2823 217 2875 τὸ
253 2823 539 2877 ἅλλεσθαι.
566 2827 630 2877 Ol
655 2823 723 2876 δὲ
753 2824 946 2892 ὄχλοι,
980 2823 1208 2888 ἰδόντες
1232 2823 1262 2875 ὃ
1292 2821 1546 2887 ἐποίησε
1575 2818 1837 2882 Παῦλος,

153 2908 393 2976 ἐπῆραν
421 2910 623 2963 αὐτῶν
655 2911 769 2977 τὴν
800 2909 1033 2979 φωνὴν,
1054 2910 1411 2963 λυκαονιστὶ
1434 2907 1749 2975 λέγοντες·
1771 2906 1840 2957 Ol

154 2999 303 3056 θεοί.
328 2998 711 3066 ὁμοιωθέντες
728 2996 1088 3064 ἀνθρώποις,
1110 2997 1455 3063 κατέϐησαν
1476 2996 1627 3062 πρὸς
1657 2991 1835 3062 ἡμᾶς.

165 3084 476 3138 Ἑκὰλουν
496 3085 561 3138 δὲ
584 3084 691 3138 τὸν
708 3076 826 3154 μὲν
854 3084 1170 3156 Βαρνάϐαν
1196 3085 1322 3146 Δία,
1359 3085 1466 3135 τὸν
1484 3082 1553 3135 δὲ
1592 3081 1838 3135 Παῦλον

164 3170 418 3241 Ἑρμῆν,
448 3172 657 3241 ἐπειδὴ
687 3173 870 3237 αὐτὸς
888 3169 1024 3242 ἦνσὸ
1042 3172 1377 3241 ἡγούμενος
1404 3169 1512 3223 τοῦ
1548 3168 1839 3238 λόγου.”0

150 3277 216 3314 τε
234 3260 433 3328 ἱερεὺς
457 3261 566 3315 τοῦ
583 3262 715 3326 Διὸς
735 3301 751 3325 ,
769 3260 877 3314 τοῦ
900 3260 1075 3325 ὄντος
1091 3260 1204 3328 πρὸ
1223 3258 1334 3327 τῆς
1357 3259 1590 3323 πόλεως
1613 3255 1836 3320 αὐτῶν,

150 3349 419 3414 ταύρους
469 3348 568 3402 καί
610 3349 917 3417 στέμματα
947 3347 1048 3401 ἐπὶ
1089 3338 1542 3413 τοὺς’πυλῶνας
1562 3344 1834 3415 ἐνέγκας,

151 3438 277 3490 σὺν
326 3436 456 3500 τοῖς
512 3435 718 3506 ὄχλοις
763 3435 943 3505 ἤθελε
981 3436 1167 3489 θύειν.
1220 3433 1360 3486 Ἀλλ’
1412 3434 1513 3485 οὐκ
1559 3428 1628 3504 ῆν
1678 3432 1839 3485 τοῦτο

154 3523 374 3575 οὐδέπω
408 3522 602 3592 δῆλον*
640 3526 705 3593 τῇ
738 3523 847 3594 γὰρ
872 3522 1051 3592 οἰκείᾳ
1097 3525 1249 3593 φωνῇ
1289 3519 1440 3595 [256]
1487 3519 1836 3589 ἐφθέγγοντο,

151 3611 431 3678 λέγοντες,
465 3611 547 3663 ὃτι
582 3614 647 3664 Ol
677 3610 821 3673 θεοὶ,
848 3612 1231 3680 ὁμοιωθέντες
1264 3609 1621 3677 ἀνθρώποις,
1666 3605 1837 3661 κατέ-

150 3701 354 3766 ϐησαν
392 3698 546 3763 πρὸς
580 3697 738 3769 ἡμᾶς
780 3716 795 3733 ο
841 3699 930 3755 διὰ
971 3698 1129 3751 τοῦτο
1178 3698 1332 3751 οὐδὲν
1386 3698 1572 3761 αὐτοῖς
1627 3695 1834 3764 ἔλεγον.

163 3785 387 3859 Ἐπειδὴ
416 3786 475 3839 δὲ
498 3783 638 3840 εἶδον
664 3789 730 3841 τὶ
759 3787 1070 3857 στέμματα,
1101 3785 1223 3839 τότε
1255 3784 1583 3849 ἐξελθόντες,
1612 3784 1837 3856 διέρρη-

149 3874 248 3939 ξαν
284 3875 358 3927 τὰ
407 3876 601 3944 ἱμάτια
639 3875 839 3933 αὐτῶν.
880 3875 1284 3940 ’Λκούσαντες
1319 3873 1386 3926 δέ
1422 3876 1475 3927 οι
1504 3874 1839 3951 ἀπόστολοι

150 3962 472 4030 Βαρνάϐας
497 3963 595 4016 καί
630 3963 871 4029 Παῦλος
891 4002 907 4027 ,
934 3961 1370 4031 διαρρήξαντες
1411 3960 1610 4031 ἱμάτια
1638 3960 1837 4015 αὐτῶν

146 4050 579 4120 εἰσεπήδησαν
598 4056 687 4118 εις
711 4050 818 4106 τὸν
839 4051 1051 4119 ὄχλον,
1073 4050 1390 4119 κράζοντες
1411 4051 1508 4104 καί
1529 4049 1833 4118 λέγοντες·

151 4139 431 4208 Ἄνδρες,
493 4140 552 4193 τί
596 4140 773 4193 τοῦτο
800 4138 1060 4203 ποιεῖτε;
1107 4139 1205 4193 καὶ
1244 4138 1420 4209 ἡμεῖς
1456 4140 1838 4208 ὁμοιοπαθεῖς

146 4228 341 4299 ἐσμεν
377 4226 526 4298 ὑμῖν
556 4228 873 4297 ἅνθρωποι.
912 4228 1056 4299 Ὅρα
1096 4228 1298 4290 αὐτοὺς
1345 4225 1627 4297 πανταχοῦ
1678 4226 1838 4297 δόξης

149 4316 456 4386 καθαροὺς,
488 4316 550 4369 οὐ
584 4316 746 4386 μόνον
764 4318 864 4369 οὐκ
890 4316 1234 4386 ἐφιεμένους,
1258 4314 1395 4369 ἀλλά
1428 4315 1526 4369 καὶ
1549 4316 1836 4387 διδομένην

146 4404 613 4477 διακρουομένους
642 4421 655 4434 ·
697 4404 888 4476 ὥσπερ
940 4405 1036 4457 καὶ
1089 4403 1298 4475 Πέτρος
1352 4404 1508 4474 ἐλεγε
1539 4420 1555 4435 ’
1600 4405 1662 4461 Τί
1691 4405 1838 4474 ἡμῖν

148 4492 470 4554 ἀτενίζετε,
511 4493 594 4558 ὡς
641 4492 761 4559 ὶδιᾳ
796 4491 1045 4562 δυνάμει
1081 4491 1120 4560 ἢ
1158 4494 1437 4560 εὐσεϐείᾳ
1472 4494 1837 4560 πεποιηκόσι

146 4580 255 4634 τοῦ
295 4575 655 4645 περιπατεῖν
681 4578 903 4641 αὐτόν;
941 4578 1049 4629 Καὶ
1085 4569 1234 4629 οὗτοι
1262 4576 1325 4629 τὸ
1359 4576 1495 4629 αὐτό
1529 4594 1687 4647 φασι.
1726 4577 1837 4630 Καὶ

159 4669 364 4737 Ἰωσὴφ
386 4667 445 4720 δέ
461 4664 649 4734 ἔλεγεν
678 4664 772 4719 ἐπὶ
796 4664 906 4718 τῶν
932 4665 1198 4719 ἐνυπνίων
1222 4681 1236 4695 ·
1265 4666 1411 4733 Οὐχί
1434 4664 1531 4719 διὰ
1552 4664 1660 4720 τοῦ
1684 4665 1836 4719 θεοῦ

148 4758 186 4821 ἡ
211 4753 598 4824 δωσάφησις
614 4750 852 4817 αὐτῶν;
889 4755 987 4807 καὶ
1018 4755 1046 4807 ὁ
1068 4754 1266 4825 Δανιὴλ
1294 4754 1494 4825 ὁμοίως
1516 4771 1529 4784 ·
1555 4754 1669 4809 Kal
1704 4754 1835 4823 ἐμοὶ

146 4844 213 4898 δὲ
234 4846 355 4898 οὐκ
391 4844 464 4895 έν
498 4842 688 4912 σοφίᾳ
712 4841 789 4911 τῇ
817 4843 973 4911 οὔσῃ
1000 4842 1071 4895 έν
1104 4842 1235 4912 ἐμοί
1263 4843 1686 4915 ἀπεκαλύφθη.
1724 4845 1835 4897 Καὶ

152 4933 370 4996 Παῦλος
398 4933 677 5003 πανταχοῦ
710 4931 870 4985 τοῦτό
900 4949 1054 5001 φησι,
1086 4931 1162 4995 ὡς
1191 4933 1320 4986 ὅταν
1346 4932 1483 5004 λέγῃ
1502 4948 1515 4962 ·
1551 4932 1663 4987 Kal
1686 4931 1837 5000 πρὸς

148 5025 340 5078 ταῦτα
366 5022 464 5086 τίς
492 5021 698 5086 ἱκανός
719 5037 740 5085 ;
767 5021 875 5074 Καὶ
900 5019 1063 5073 πάλιν
1083 5062 1097 5083 ,
1138 5023 1261 5089 Οὐχ
1289 5020 1380 5073 ὅτι
1404 5022 1603 5074 ίκανοί
1646 5022 1837 5089 ἐσμεν

145 5112 247 5164 as
268 5107 512 5164 ἑαυτῶν
548 5109 935 5183 λογίσασθαι,
966 5108 1046 5173 ὠς
1075 5108 1144 5171 ἐξ
1180 5108 1433 5174 ἑαυτῶν,
1466 5108 1607 5162 ἀλλ’
1643 5110 1681 5177 ἡ
1711 5112 1836 5162 ικα-

146 5201 336 5267 νότης
375 5193 548 5266 ἡμῶν
570 5196 637 5249 ἐκ
667 5195 774 5249 τοῦ
812 5196 982 5266 Θεοῦ.
1019 5196 1158 5249 Ἀλλ’
1196 5186 1397 5266 ἴδωμεν
1425 5197 1633 5250 ἄνωθεν
1658 5197 1727 5251 τὰ
1754 5200 1834 5250 εἱ-

149 5288 395 5359 ρημένα.
428 5285 541 5355 Οὐχ
566 5284 754 5347 ἁπλῶς
777 5286 959 5348 αὐτοῖς
987 5286 1401 5357 προσετέθησαν
1424 5287 1473 5339 οί
1497 5286 1648 5357 ὄχλοι
1666 5303 1678 5315 ’
1699 5288 1837 5340 ἁλλά

150 5377 308 5441 mag;
366 5374 585 5439 Ἦξίουν
621 5372 925 5444 λαληθῆναι
962 5376 1147 5437 αὐτοῖς
1182 5374 1253 5427 τὰ
1308 5374 1449 5427 αὐτὰ
1500 5375 1662 5429 πάλιν
1688 5417 1703 5437 ,
1743 5379 1837 5430 καὶ

146 5466 234 5519 διὰ
265 5463 383 5517 τῶν
404 5464 584 5534 ἔργων
610 5461 956 5526 ἐπεδείξαντο
980 5462 1082 5535 τὴν
1108 5463 1366 5533 σπουδήν.
1392 5463 1536 5535 Ὅρα
1559 5465 1834 5534 πανταχοῦ

149 5551 649 5624 παρακαλοῦντας,
673 5552 774 5603 οὐκ
805 5550 1235 5622 ἀποδεχομένους
1271 5552 1458 5615 ἁπλῶς
1477 5592 1491 5614 ,
1522 5552 1641 5605 οὐδέ
1675 5554 1835 5606 κολα-

149 5642 437 5704 κεύοντας.
481 5640 580 5692 Διά
622 5638 781 5692 τοῦτο
816 5638 1039 5706 ἐλεγεν⁶
1071 5639 1300 5705 Οἶτινες
1341 5642 1837 5709 προσλαλοῦντες

148 5730 385 5795 αὐτοῖς,
443 5728 687 5782 ἔπειθον
734 5724 1100 5796 προσμένειν
1153 5727 1231 5794 τῇ
1286 5726 1479 5798 χάριτι
1524 5730 1630 5783 τοῦ
1664 5731 1835 5788 Θεοῦ.

152 5818 249 5871 Διά
271 5818 328 5871 τί
363 5818 472 5890 πρὸ
505 5815 696 5869 τούτου
731 5816 807 5886 μὴ
835 5816 1154 5885 ἀντέλεγον;
1190 5816 1311 5869 Ὅτι
1343 5816 1482 5879 τέως
1524 5819 1575 5870 οί
1611 5818 1837 5872 ἀναπεί-

153 5906 338 5969 θοντες
368 5904 866 5976 ἡσύχαζον..⁹ορᾷς
898 5906 978 5958 ὅτι
1008 5904 1285 5975 πανταχοῦ
1325 5905 1489 5958 πάθει
1518 5906 1795 5961 ἐκινοῦντο
1820 5926 1833 5971 ;

155 5995 265 6048 Καὶ
288 5996 393 6048 οὐκ
419 5993 712 6060 ἀντέλεγον
746 5993 925 6063 μόνον,
968 5993 1105 6047 ἀλλὰ
1139 5996 1232 6047 καὶ
1272 5994 1662 6065 ἐϐλασφήμουν
1696 6014 1708 6027 ο
1744 6001 1837 6052 καὶ

199 6096 532 6148 ’Τοῦναντίον
580 6100 759 6159 γέγονε.
812 6099 1046 6163 Πρότερον
1100 6101 1317 6159 ἰώμενος,
1370 6103 1440 6149 sic
1488 6100 1661 6152 Morel.

1189 422 1253 475 IN
1294 418 1473 473 ACTA
1519 409 2043 469 M’OSTOLORUM
2088 407 2323 463 IIOMIL.
2362 402 2532 459 XXX.

3529 394 3637 440 ⁵228

1948 525 2057 595 γὰρ
2090 524 2125 594 ἡ
2165 522 2334 575 κακία
2376 515 2619 585 οὐδαμοῦ
2664 514 2901 565 ἵσταται.
2950 494 3094 559 Ἇλγ
3139 509 3244 576 ὅρα
3299 505 3637 595 παρρησίαν.

1960 590 2123 678 Ὑμῖν
2142 605 2241 679 ἦν,
2264 608 2451 677 φησὶν,
2492 598 2827 671 ἀναγκαῖον
2862 594 3102 663 πρῶτον
3146 590 3494 659 λαληθῆναι
3536 590 3645 679 τὸν

1952 678 2331 766 λόγονέέπει
2375 694 2445 746 δὲ
2482 689 2819 746 ἀπωθεῖσθε
2854 685 3061 739 αὐτόν.
3105 682 3271 761 Οὐδὲν
3301 678 3642 766 ὑϐριστικόν.

1959 765 2127 857 Ὃδὴ
2171 786 2266 839 καὶ
2307 784 2402 837 ἐπὶ⁵
2452 781 2561 835 τῶν
2616 774 2915 849 προφητῶν
2962 772 3202 825 ἐποίουν.
3254 768 3351 835 Μὴ
3400 765 3645 857 λαλεῖτε

1952 856 2121 942 ἡμῖν,
2150 872 2307 944 φησὶ,
2336 867 2543 936 λαλιᾷ.
2585 865 2749 921 Ἐπεί
2789 862 2858 917 δὲ
2896 859 3231 916 ἀπωθεῖσθε
3270 856 3497 920 αὐτὸν,
3536 870 3643 944 φη-

1954 941 2058 1023 civ,
2093 961 2191 1030 οὐχ
2214 941 2376 1030 ⁷ἠμόῑς
2405 973 2418 986 ·
2455 957 2517 1008 οὐ
2545 956 2657 1025 γὰρ
2690 955 2771 1016 είς
2795 951 2946 1021 ἡμᾶς
2977 951 3009 1019 ἡ
3044 947 3203 1017 ὓϐρις
3237 947 3271 1015 ἠ
3306 945 3440 1016 παρ’
3461 941 3640 1013 ὑμῶν.

1954 1048 2073 1101 Ἵνα
2102 1048 2212 1114 γὰρ
2247 1046 2322 1115 μή
2354 1061 2440 1100 τις
2469 1041 2759 1103 εὐλαϐείας
2787 1035 2927 1099 εῖναι
2952 1036 3152 1109 νομίσῃ
3175 1034 3254 1096 τὸ,
3285 1035 3408 1087 Οὐκ
3429 1031 3644 1096 ἀξίους

1952 1136 2186 1202 κρίνετε
2219 1131 2496 1197 ἑαυτοὺς,
2527 1129 2616 1184 διὰ
2645 1127 2803 1181 τοῦτο
2832 1124 3049 1193 πρῶτον
3076 1118 3232 1174 εἶπεν
3252 1137 3266 1149 ο
3291 1118 3643 1174 Ἀπωθεῖσθσ

1950 1224 2176 1276 αὐτόν·
2206 1223 2301 1275 καὶ
2326 1221 2472 1285 τότε,
2514 1217 2898 1286 Στρεφὸμεθα
2950 1215 3038 1277 εὶς
3087 1212 3161 1263 τὰ
3210 1210 3380 1275 ἐθνη.
3433 1206 3644 1277 Πολλῆς

1951 1310 2258 1371 ἐπιεικείας
2286 1310 2449 1377 γέμει
2479 1306 2542 1359 τὸ
2571 1306 2745 1376 ῥῆμα.
2774 1302 2889 1355 υύκ
2912 1298 3087 1364 εἶπεν,
3133 1294 3646 1366 Ἐγκαταλιμπάνο-

1954 1415 2056 1468 μεν
2089 1400 2257 1467 ὑμᾶς,
2291 1397 2526 1459 δεικνὺς,
2550 1396 2630 1448 ὅτι
2651 1390 2876 1445 δυνατὸν
2905 1389 3001 1442 καὶ
3023 1385 3259 1440 ἐνταῦθα
3283 1384 3446 1437 πάλιν
3475 1399 3645 1453 στρα-

1952 1488 2148 1558 φῆναι·
2168 1486 2263 1538 καὶ¹
2288 1484 2449 1537 τοῦτο
2463 1483 2564 1535 οὐκ
2584 1481 2692 1535 ἀπὸ
2711 1480 2811 1550 τῆς
2833 1477 3108 1548 ὑμετέρας
3141 1474 3353 1545 ὕϐρεως
3380 1472 3608 1541 γέγονεν
3627 1486 3641 1499 ο

1950 1575 2095 1628 οὕτω
2125 1573 2234 1644 γὰρ
2267 1572 2581 1626 ἐντέταλται
2625 1570 2777 1639 ἡμῖν.
2817 1566 2969 1619 Ἔδει
3024 1564 3124 1635 μέν
3168 1558 3263 1616 οὖν
3304 1559 3537 1614 ἀκοῦσαι
3572 1558 3645 1612 τὰ

1951 1663 2078 1733 ἔθνη
2104 1680 2122 1694 ·
2144 1662 2283 1732 πλὴν
2312 1662 2471 1713 τοῦτο
2511 1659 2570 1711 οὐ
2615 1656 2747 1726 παρ’
2778 1658 2811 1726 ὴ
2823 1655 2971 1724 μῶν,
3009 1651 3141 1723 παρ’
3172 1649 3329 1721 ὑμῶν
3361 1648 3418 1703 δέ
3455 1646 3645 1715 γέγονε

1949 1750 2011 1803 τὸ
2041 1749 2147 1821 πρὸ
2176 1747 2331 1818 ὑμῶν
2356 1746 2572 1816 ὀφεῖλον
2601 1746 2649 1800 b.
2678 1743 2845 1796 Οὕτω
2886 1740 2998 1811 γὰρ
3038 1737 3391 1793 ἐντέταλται
3427 1734 3573 1804 ἡμῖν
3610 1736 3646 1787 ό

1948 1840 2167 1907 Κύριος
2192 1854 2208 1869 °
2248 1835 2487 1892 Τέθεικά
2516 1849 2590 1887 σε
2615 1835 2705 1897 είς
2730 1830 2858 1900 φῶς
2881 1827 3097 1892 ἐθνῶν,
3124 1826 3234 1881 τοῦ
3257 1822 3414 1880 εἷναί
3445 1839 3522 1878 σε
3556 1822 3645 1887 είς

1949 1926 2256 1993 σωτηρίαν
2281 1943 2295 1956 ο
2314 1924 2618 1987 τουτέστιν,
2648 1924 2728 1984 εἰς
2756 1919 2959 1988 γνῶσιν
2983 1918 3084 1987 τὴν
3115 1915 3209 1968 ἐπῖ¹
3238 1912 3487 1983 σωτηρίᾳ
3507 1927 3521 1940 σ
3543 1910 3642 1962 καὶ

1948 2013 2047 2083 οὐχ
2085 2013 2272 2074 ἁπλῶς
2299 2011 2471 2064 ἐθνῶν
2497 2050 2511 2073 ,
2542 2009 2679 2064 ἀλλά
2709 2008 2950 2061 πάντων.
3008 2002 3181 2057 Τοῦτο
3221 2001 3331 2071 γὰρ
3378 1997 3529 2069 δηλοῖ
3566 1994 3645 2065 τῷ

1949 2103 2144 2165 εἰπεῖν,
2179 2102 2354 2153 Ὅσοι
2380 2096 2546 2169 ἦσαν
2574 2094 2923 2165 τεταγμένοι
2945 2095 3034 2159 είς
3055 2091 3210 2158 ζωὴν
3230 2085 3507 2142 αἰώνιον)
3534 2084 3648 2139 Καὶ

1948 2189 2108 2242 τοῦτο
2131 2190 2430 2258 τεκμήριον
2458 2185 2553 2239 τοῦ
2575 2184 2721 2238 κατά
2752 2182 2886 2235 Θεοῦ
2920 2180 3149 2251 γνώμην
3179 2176 3378 2239 αὐτοὺς
3405 2173 3647 2245 προσλα-

1951 2275 2159 2329 ϐέσθαι.
2212 2274 2565 2343 Τεταγμένοι
2608 2273 2665 2324 δὲ
2685 2312 2699 2334 ,
2743 2265 2921 2335 εἶπεν,
2954 2270 3041 2322 ἴνα
3070 2265 3286 2338 δείξῃο,
3323 2263 3399 2328 ὡς
3428 2264 3489 2315 οὐ
3522 2260 3648 2314 κατ’

1948 2364 2217 2430 ἀνάγκην.
2259 2360 2378 2425 Οὓς
2423 2363 2534 2429 γὰρ
2581 2358 2878 2427 προέγνω,
2930 2356 3105 2426 φησὶ,
3145 2354 3247 2408 καὶ
3285 2350 3643 2419 προώρισεν.

1950 2452 2064 2503 Οὐκ
2100 2449 2180 2502 ἐτι
2207 2450 2266 2500 ἐν
2296 2451 2360 2519 τῇ
2395 2447 2549 2501 πόλει
2581 2446 2984 2517 διεσπάρησαν,
3009 2442 3146 2496 ἀλλά
3171 2441 3267 2493 καὶ
3290 2441 3347 2491 ἐν
3373 2441 3440 2507 τῇ
3466 2437 3643 2507 χώρᾳ.

1961 2537 2319 2600 Ἀκούσαντες
2339 2537 2447 2607 γὰρ
2468 2537 2518 2589 οἱ
2541 2535 2600 2602 ἐξ
2635 2534 2830 2597 ἐθνῶν,
2855 2532 2951 2586 καὶ
2975 2531 3131 2585 αὐτοὶ
3158 2529 3273 2599 μετ’
3289 2525 3471 2593 ὀλίγον
3490 2521 3643 2597 [257]

1950 2624 2282 2694 προσῄεσαν.
2308 2626 2373 2677 Ol
2387 2622 2456 2675 δέ
2472 2621 2752 2677 Ἰουδαῖοι
2773 2618 3167 2687 παρώτρυναν
3184 2614 3289 2680 τὰς
3312 2612 3647 2681 σεϐομένας

1949 2712 2263 2782 γυναῖκας,
2294 2713 2395 2765 καί
2419 2712 2747 2781 ἐπήγειραν
2763 2707 3220 2778 διωγμόν.”ορα,
3246 2699 3471 2756 καὶτῶν
3494 2698 3649 2769 παρὰ

1948 2800 2059 2853 τῶν
2094 2801 2373 2869 γυναικῶν
2403 2800 2708 2869 γινομένων
2746 2798 2901 2851 αὐτοὶ
2935 2793 3122 2849 λοιπὸν
3154 2794 3319 2845 αἴτιοι
3354 2787 3649 2842 καθίσταν-

1949 2906 2062 2943 ται.
2094 2890 2204 2942 Kal
2232 2889 2528 2953 ἐξέϐαλον
2556 2886 2802 2953 αὐτοὺς,
2828 2886 3016 2956 φησὶν,
3048 2882 3169 2938 ἀπὸ
3198 2879 3320 2933 τῶν
3344 2879 3521 2947 ὁρίων
3540 2878 3649 2931 αὑ·-

1949 2976 2069 3029 τῶν
2088 2994 2101 3007 ⁸
2124 2977 2246 3047 οὐχὶ
2273 2980 2375 3046 τῆς
2405 2976 2615 3039 πόλεως
2643 2975 2835 3045 μόνης,
2871 2972 3011 3026 ἀλλά
3041 2971 3146 3040 τῆς
3180 2967 3368 3039 χώρας
3400 2965 3645 3033 ἁπάσης.

1950 3059 2087 3117 Εἶτα
2114 3065 2175 3116 τὸ
2206 3052 2585 3136 φοϐερώτερον
2615 3079 2629 3093 ο
2666 3065 2730 3115 Ol
2758 3061 2830 3115 δὲ
2846 3058 3151 3130 μαθηταί,
3199 3057 3366 3125 φησὶν
3393 3096 3409 3119 ,
3454 3054 3646 3120 ἐπλη-

1941 3152 2167 3219 ροῦντο
2213 3152 2405 3221 χαρᾶς
2453 3152 2553 3205 καὶ
2607 3152 2964 3219 Πνεύματος
3000 3147 3196 3217 ἁγίου.
3244 3142 3562 3198 Ἐδιώκοντδ
3595 3141 3647 3194 οι

1948 3239 2293 3305 διδάσκαλοι,
2324 3241 2418 3293 καὶ
2451 3240 2607 3293 αὐτοὶ
2638 3238 2878 3310 ἔχαιρον.
2904 3231 3063 3299 Εἶδες
3108 3232 3273 3305 φύσιν
3304 3229 3647 3300 Εὐαγγελίου

1948 3325 2180 3395 δύναμιν
2221 3326 2441 3397 ἔχοντος
2478 3325 2714 3397 πολλήν;
2763 3322 3142 3385 Ἐκάκωσαν,
3187 3319 3344 3391 φησὶ»
3380 3318 3488 3383 τὰς
3524 3318 3649 3385 W‘

1948 3414 2061 3482 χὰς
2084 3413 2205 3467 τῶν
2231 3413 2424 3469 ἐθνῶν
2441 3413 2593 3467 κατὰ
2618 3410 2746 3465 τῶν
2764 3408 3071 3480 ἀδελφῶν.
3092 3408 3376 3467 Τυυτέστι,
3398 3402 3647 3457 διέϐαλον

1948 3501 2079 3563 τοὺς
2096 3500 2453 3565 ἀποστόλους,
2481 3501 2653 3572 μυρία
2680 3496 2864 3553 αὐτῶν
2891 3496 3305 3567 κατηγόρησαν,
3332 3491 3647 3554 ἀπλάστους

1948 3585 2112 3648 ὄντας
2135 3586 2467 3658 κακούργως
2494 3586 2782 3657 διέθηκαν.

2019 3679 2089 3739 7'.
2115 3673 2227 3727 Kal
2252 3656 2375 3746 ὅρα,
2407 3674 2527 3738 πῶς
2548 3656 2822 3744 πανταχοῦ
2851 3669 2930 3743 τῷ
2958 3669 3078 3742 Θεῷ
3104 3667 3395 3739 ἀνατίθησι
3424 3666 3485 3721 τὸ
3512 3656 3663 3721 adv;

1960 3758 2201 3813 Ἱκανὸν
2230 3760 2477 3828 χρόνον,
2506 3761 2662 3831 φησὶ,
2698 3759 3016 3827 διέτριψαν
3037 3798 3052 3821 ,
3096 3752 3647 3824 παρρησιαζόμενοι

1947 3846 2047 3900 ἐπι
2075 3845 2156 3911 τῷ
2176 3848 2393 3915 κυρίῳ,
2424 3847 2505 3912 τῷ
2526 3846 2936 3917 μαρτυροῦντι
2967 3843 3048 3910 τῷ
3078 3843 3241 3913 λόγῳ
3262 3840 3376 3909 τῆς
3398 3838 3645 3909 χάριτος

1946 3935 2156 3989 αὐτοῦ.
2207 3935 2301 4006 Μὴ
2342 3934 2502 3988 τοῦτο
2532 3933 2887 3994 ἐλαττώσεως
2918 3926 3061 3985 εἶναι
3093 3930 3345 4000 νομίσῃς.
3369 3929 3501 3981 Ὅτε
3534 3926 3645 3997 γὰρ

1947 4021 2159 4089 ἔλεγον,
2186 4023 2298 4077 Τοῦ
2313 4022 2842 4092 μαρτυρήσαντος,
2877 4021 3068 4092 φησὶν,
3097 4019 3197 4072 ἐπὶ
3236 4017 3499 4072 Ποντίου
3538 4017 3643 4069 Πι-

1946 4115 2173 4178 λάτου,
2217 4118 2339 4171 τότε
2384 4120 2418 4190 ἡ
2463 4116 2754 4189 παρῤησία
2793 4114 3073 4168 ἐδείκνυτο
3101 4129 3115 4144 ·
3156 4108 3395 4164 ἐνταῦθα
3426 4109 3484 4162 δέ
3514 4110 3647 4178 περὶ

1944 4206 2042 4260 τοῦ
2072 4206 2202 4261 λαοῦ
2233 4225 2420 4278 φησιν.
2470 4208 2547 4261 Οὐ
2586 4206 2946 4277 περιέμειναν
2981 4202 3188 4264 τοίνυν,
3225 4200 3341 4255 ἀλλ’
3370 4196 3512 4254 εἶδον
3541 4197 3645 4270 τὴν

1946 4296 2146 4366 ὁρμήν.
2162 4296 2274 4350 Kal
2303 4294 2644 4365 κατέφυγον
2662 4297 2751 4360 είς
2766 4294 2873 4359 τὰς
2900 4290 3113 4357 πόλεις
3139 4288 3251 4357 τῆς
3274 4286 3642 4352 Λυκαονίας.

1947 4386 2234 4463 Διζστραν
2261 4384 2363 4437 καί
2400 4383 2651 4451 Δέρϐην,
2683 4382 2784 4436 καὶ
2811 4379 2931 4449 τὴν
2960 4378 3319 4448 περίχωρον.
3354 4373 3526 4427 Ἔνθα
3554 4373 3646 4427 οὐ·

1945 4470 2119 4542 δαμοῦ
2149 4470 2241 4525 τὸν
2285 4470 2460 4542 θυμὸν
2500 4470 2683 4525 αὐτῶν
2729 4469 2977 4523 ἐκκαίειν
3004 4464 3076 4539 ἦν
3100 4482 3115 4494 ·
3140 4464 3283 4519 ὥστε
3312 4463 3408 4516 καὶ
3432 4464 3491 4516 ἐν
3522 4464 3645 4527 ταῖς

1947 4559 2154 4631 χώραις
2182 4560 2452 4631 ἀπῄεσαν,
2489 4560 2590 4612 οὐκ
2614 4559 2675 4611 ἐν
2700 4557 2893 4611 πόλεσι
2922 4557 3105 4627 μόνον.
3128 4555 3272 4624 Ὅρα
3298 4552 3394 4605 καὶ
3417 4549 3528 4603 τῶν
3555 4550 3647 4604 ἐθ-

1947 4648 2056 4701 νῶν
2083 4648 2183 4719 τὴν
2226 4647 2488 4716 ἀφέλειαν
2508 4689 2523 4712 ,
2564 4646 2659 4701 καὶ
2700 4644 2809 4700 τῶν
2841 4643 3112 4699 Ἰουδαίων
3144 4640 3244 4713 τὴν
3281 4637 3641 4709 κακουργίαν.

1948 4736 2024 4789 Δι’
2060 4735 2240 4807 ἐργων
2277 4735 2659 4788 ἐπεδείκνυντο
2678 4775 2695 4801 ,
2727 4734 2813 4807 ὅτι
2841 4732 2985 4799 ἄξιοι
3006 4726 3149 4803 ἦσαν
3180 4726 3404 4782 ἀκούειν
3430 4744 3442 4755 ·
3467 4724 3645 4790 οὕτως

1947 4824 2153 4895 ἐτίμων
2210 4825 2410 4889 αὐτοὺς
2465 4824 2575 4878 ἀπὸ
2624 4822 2871 4895 σημείων
2924 4820 3111 4892 μόνον.
3160 4818 3222 4871 Ol
3256 4817 3354 4887 μὲν
3380 4815 3457 4878 ὡς
3486 4814 3645 4878 θεοὺς

1947 4915 2175 4986 ἐτίμων,
2205 4916 2255 4969 οἱ
2283 4915 2339 4967 δέ
2366 4914 2442 4979 ὡς
2467 4913 2755 4984 λυμεῶνας
2779 4912 3004 4965 ἐδίωκον
3034 4926 3049 4941 ο
3076 4909 3172 4963 καὶ
3200 4909 3247 4961 οί
3274 4908 3371 4977 μὲν
3397 4905 3459 4958 οὐ
3484 4906 3644 4974 μόνον

1945 5005 2006 5057 οὐ
2024 5004 2401 5074 προσέκοπτον
2422 5003 2501 5071 τῷ
2516 5000 2857 5073 κηρύγματι,
2876 4997 3016 5053 ἀλλά
3036 4998 3133 5051 καὶ
3160 4996 3347 5063 ἔλεγον
3363 5011 3375 5023 ·
3402 4995 3467 5047 Ol
3489 4993 3639 5056 θεοί,

1946 5094 2282 5161 ἀνθρώποις
2347 5091 2770 5161 ὁμοιωθέντες,
2828 5088 3179 5154 κατέϐησαν
3245 5084 3395 5153 πρὸς
3458 5080 3639 5150 ἡμᾶς.

1960 5183 2292 5237 Ἰουδαῖοιδέ
2325 5180 2794 5243 ἐσκανδαλίζοντο.
2840 5177 3140 5231 Ἐκάλουν
3193 5192 3279 5239 τε,
3328 5173 3485 5243 φησὶ,
3533 5172 3644 5224 τὸν

1941 5271 2059 5339 μὲν
2096 5270 2413 5338 Βαρνάϐαν
2450 5270 2596 5334 Δία,
2638 5268 2749 5320 τὸν
2792 5266 2862 5319 δὲ
2909 5264 3164 5319 Παῦλον
3204 5260 3444 5330 Ἑρμῆν.
3486 5260 3644 5331 Ἐμοὶ

1946 5360 2096 5412 δοκεῖ
2117 5360 2213 5411 καὶ
2234 5357 2341 5410 ἀπὸ
2380 5356 2477 5425 τῆς
2511 5356 2689 5426 ὄψεως
2717 5354 3060 5426 ἀξιοπρεπὴς
3094 5349 3239 5405 εἶναι
3268 5352 3297 5403 ὁ
3328 5348 3638 5421 Βαρνάὅας.

1949 5452 2024 5503 Οὐ
2054 5448 2251 5519 μικρὸς
2288 5448 2381 5500 καὶ
2414 5442 2568 5510 οὗτος
2602 5444 2913 5515 πειρασμὸς
2937 5444 2997 5508 ἐξ
3022 5442 3294 5514 ἀμετρίας
3329 5439 3471 5510 ἐφύη
3510 5437 3643 5493 πολ·

1946 5538 2073 5609 λῆς·
2104 5536 2241 5590 ἀλλά
2273 5537 2368 5588 καὶ
2397 5534 2650 5588 ἐντεῦθεν
2678 5533 2788 5585 τῶν
2819 5532 3134 5586 ἀποστόλων
3167 5532 3200 5600 ὴ
3236 5528 3406 5601 ἀρετὴ
3424 5527 3640 5581 δείκνυ-

1946 5646 2056 5681 ται.
2089 5627 2199 5680 Kal
2220 5627 2322 5695 ὅρα
2350 5624 2468 5688 πῶς
2505 5623 2783 5694 πανταχοῦ
2814 5622 2995 5675 πάντα
3033 5620 3351 5674 ἀνατιθέασι
3383 5617 3462 5687 τῷ
3495 5617 3638 5688 Θεῷ.

1947 5713 2187 5776 Τούτους
2228 5714 2322 5766 καὶ
2368 5714 2529 5783 ἡμεῖς
2570 5711 2907 5781 ζηλώσωμεν
2940 5726 2954 5740 ⁸
2992 5709 3159 5779 μηδὲν
3201 5705 3473 5776 ἡμέτερον
3501 5700 3643 5760 εἶναι

1947 5802 2299 5876 νομίζωμεν,
2334 5802 2469 5855 ὅπου
2510 5818 2575 5870 γε
2608 5802 2703 5854 καὶ⁵
2737 5799 2879 5870 αὐτὴ
2917 5799 2951 5868 ή
2988 5798 3173 5860 πίστις
3207 5795 3306 5864 οὐχ
3344 5794 3638 5865 ἡμέτερον.

2014 5981 2043 6020 ιι
2069 5983 2328 6045 Interpres
2354 5985 2541 6044 legisse
2565 5984 2761 6032 videtur
2786 5983 2841 6029 τὸ
2864 5982 2976 6042 παρ’
2997 5981 3155 6045 ἡμῶν,
3180 5977 3448 6045 Βοιιηειξιιε⁸
3464 5972 3642 6045 legen-

1949 6046 2064 6093 dum
2104 6036 2260 6108 puw'l,
2303 6047 2358 6093 τὸ
2405 6036 2496 6107 πρὸ
2537 6046 2719 6093 τούτων
2764 6046 2873 6108 ὑμῖν
2921 6036 3225 6108 ὀφειλόμειον
3292 6038 3372 6087 vel
3428 6036 3637 6100 ὀφεῖλον.

1952 6112 1973 6138 ⁷⁸
2006 6106 2169 6167 Εἶπεν,
2211 6109 2286 6156 ἵνα
2325 6106 2451 6170 δείξῃ
2473 6110 2617 6158 dccst
2672 6112 2721 6157 iu
2766 6106 3075 6168 quibusdam.
