4088 6330
481 357 585 414 Ξὲῧ

488 477 610 531 ὀτι
647 475 703 529 δι
746 474 841 545 οὐχ
869 475 1135 545 ἡμέτερον
1158 514 1172 535 ,
1199 473 1338 526 ἀλλά
1367 471 1428 525 τὸ
1454 469 1613 523 πλέον
1639 469 1735 526 τοῦ
1767 468 1901 522 Θεοῦ
1925 510 1940 531 ,
1975 469 2137 521 ἄκουε

485 564 695 619 Παύλου
735 563 988 631 λέγοντος
1010 578 1025 591 ·
1063 561 1173 616 Καὶ
1216 562 1391 615 τοῦτο
1416 562 1528 614 οὐκ
1554 559 1623 623 ἐξ
1651 558 1851 629 ἡμῶν,
1889 557 2037 612 Θεοῦ
2069 559 2137 611 τὸ

486 650 695 721 δῶρον.
742 650 833 722 Μὴ
870 652 1048 704 τοίνυν
1088 650 1229 720 μέγα
1278 646 1586 718 φρονῶμεν,
1615 646 1749 718 μηδέ
1782 644 2097 715 φυσιώμεθα
2120 684 2136 705 ,

485 741 781 811 ἄνθρωποι,
815 740 886 808 γῆ
917 739 1011 792 καὶ
1046 738 1234 799 σποδὸς
1258 736 1428 799 ὗντες.
1460 736 1664 799 καπνὸς
1689 735 1781 787 καὶ
1814 734 1959 787 σκιά.
2006 733 2140 785 Εἰπὲ

485 826 595 899 γάρ
623 844 732 899 μοι,
762 827 847 880 διὰ
874 827 927 879 τί
956 827 1096 895 μέγα
1121 825 1370 896 φρονεῖς;
1400 822 1792 893 Ἑλεημοσύνην
1820 820 2025 901 ἔδωκας
2047 820 2141 873 καὶ

486 914 557 967 τὰ.
591 915 847 985 χρήματα
873 914 1175 975 ἐκένωσας;
1206 910 1316 964 Καὶ
1343 910 1398 963 τί
1423 909 1609 974 τοῦτο;
1644 908 1943 979 Ἐννόησον,
1981 909 2029 988 εί
2065 909 2141 979 μὴ

490 1002 720 1073 ἐθέλησέ
750 1019 807 1055 σε
838 1001 1055 1070 ποιῆσαι
1081 1001 1110 1051 6
1135 999 1268 1062 Θεὸς
1297 998 1548 1052 πλούσιον
1571 1012 1586 1027 ο
1607 996 1859 1067 ἐννόησον
1886 998 2012 1060 τοὺς
2040 1012 2141 1049 πε-

492 1090 750 1161 νομένους
770 1131 784 1148 .
827 1089 1023 1159 μᾶλλον
1048 1087 1105 1140 δὲ
1138 1087 1391 1156 ἐννόησον
1414 1086 1527 1139 ὅσοι
1551 1084 1643 1138 καὶ
1667 1084 1736 1165 τά
1763 1082 1988 1154 σώματα
2010 1083 2140 1136 ἐπέ-

485 1177 688 1235 δωκαν.
721 1177 811 1229 καὶ
842 1175 978 1245 μετὰ
1004 1174 1065 1226 τὸ
1095 1173 1367 1227 ἐπιδοῦναι
1411 1172 1581 1242 μυρία
1601 1212 1615 1230 .
1641 1172 1865 1232 ἑαυτοὺς
1895 1169 2140 1223 ἐταλάνι-

489 1282 609 1318 σαν.
640 1265 712 1317 Σὺ
744 1262 833 1315 διά
872 1262 1064 1315 σαυτὸν
1092 1262 1320 1324 ἔδωκας,
1347 1263 1381 1313 6
1403 1258 1633 1330 Χριστὸς
1656 1258 1742 1311 διὰ
1768 1258 1828 1311 σέ
1855 1275 1867 1287 ·
1903 1258 1967 1310 σὺ
2000 1258 2139 1310 ἀπέ-

488 1356 668 1419 δωκας
691 1354 751 1408 τδ
777 1353 1151 1423 ὀφειλόμενον,
1186 1355 1213 1405 6
1236 1350 1468 1423 Χριστὸς
1502 1351 1601 1405 οὐκ
1629 1347 1826 1416 ὤφειλέ
1872 1364 1973 1400 σοι.
1998 1348 2140 1416 Ὅρα

486 1444 580 1497 τοῦ
615 1443 898 1512 μέλλοντος
922 1442 981 1494 τὸ
1006 1441 1218 1511 άδηλον,
1251 1440 1344 1492 καὶ
1368 1439 1441 1509 μὴ
1462 1437 1819 1508 ὑψηλοφρόνει
1838 1476 1851 1497 ,
1884 1434 2018 1489 ἀλλά
2046 1451 2141 1502 φο-

487 1530 585 1584 ϐοῦ
610 1547 624 1563 ο
652 1530 723 1601 μὴ
773 1529 1082 1598 ἐλαττώσῃς
1124 1526 1223 1597 τήν
1270 1526 1470 1597 ἀρετήν
1512 1526 1579 1595 τῇ
1618 1524 1923 1593 ἀλαζονείᾳ.
1953 1522 2139 1591 Βούλει

488 1618 653 1679 ὅντως
683 1616 824 1685 μέγα
860 1632 912 1667 τι
945 1612 1315 1684 ἐργάσασθαις
1368 1611 1651 1681 Μηδέποτε
1686 1610 2029 1682 ὑποπτεύσῃς
2064 1608 2140 1670 ὡς

488 1704 616 1772 περὶ
649 1702 896 1773 μεγάλων
931 1701 1041 1755 τῶν
1081 1698 1533 1769 κατορθωμάτων.
1567 1697 1726 1750 Ἀλλά
1751 1697 2015 1768 παρθένος
2047 1692 2136 1759 εἷς

500 1790 658 1843 Ἀλλά
694 1793 940 1846 κάκεῖναι
982 1778 1241 1860 παρθένοι
1278 1782 1450 1857 ἦσαν,
1497 1785 1611 1839 ἀλλ’
1657 1785 1808 1838 οὐδὲν
1858 1784 2141 1837 ἀπώναντο

487 1878 584 1945 τῆς
620 1875 917 1947 παρθενίας
961 1874 1048 1928 διὰ
1101 1874 1201 1946 τὴν
1250 1874 1506 1943 ὠμότητα
1565 1874 1659 1925 καὶ
1707 1873 1807 1943 τὴν
1853 1871 2140 1943 ἀπανθρω-

486 1963 637 2017 πίαν.

559 2048 725 2101 Ούδέν
765 2048 1263 2121 ταπεινοφροσύνης
1306 2048 1419 2103 ῖσον
1443 2064 1457 2079 ο
1482 2049 1619 2118 αὕτη
1664 2050 1846 2119 μήτηρ
1888 2048 1979 2100 καὶ
2014 2047 2139 2116 ῥίζα

486 2140 581 2191 καὶ
596 2134 744 2210 [238]
765 2137 958 2208 τροφὸς
980 2138 1072 2189 καὶ
1090 2137 1340 2200 ὑπόθεσις
1362 2136 1456 2190 καὶ
1471 2137 1760 2207 σύνδεσμος
1769 2136 1877 2187 τῶν
1897 2134 2138 2203 ἀγαθῶν·

489 2225 690 2291 ταύτης
714 2225 838 2277 ἄνευ
872 2224 1147 2283 βδελυκτοὶ
1172 2227 1263 2279 καὶ
1290 2226 1473 2295 μιαροὶ
1503 2226 1597 2278 καὶ
1629 2224 1926 2294 ἀκάθαρτοι
1952 2226 2137 2293 ἐσμεν.

492 2314 674 2366 Ἔστω
701 2316 809 2385 γάρ
836 2332 937 2377 τις,
968 2317 1017 2367 εί
1045 2314 1244 2383 βούλει,
1277 2315 1503 2384 νεκροὺς
1530 2314 1784 2377 ἀνιστῶν,
1817 2314 1910 2367 καὶ
1934 2314 2141 2383 χωλοὺς

492 2405 736 2473 ἰώμενος,
781 2404 873 2455 καὶ
912 2402 1143 2471 λεπροὺς
1176 2401 1461 2474 καθαίρων
1493 2401 1630 2470 μετά
1667 2400 1920 2463 ἀπονοίας
1945 2417 1959 2431 ·
1987 2401 2140 2454 οὐδὲν

486 2492 673 2545 τούτου
707 2489 1062 2561 μιαρώτερον,
1092 2490 1243 2543 οὐδὲν
1270 2488 1647 2558 ἀσεϐέστερον,
1672 2488 1819 2543 οὐδὲν
1843 2488 2139 2555 ἀναγέστεο

490 2596 600 2651 ρον.
630 2579 812 2649 Μηδὲν
838 2574 973 2631 εἷναι
995 2578 1224 2648 νομίσῃς
1250 2576 1470 2630 σαυτοῦ.
1511 2576 1682 2643 Λόγον
1707 2575 1850 2647 ἔχεις
1870 2575 1966 2628 καὶ
1995 2575 2140 2629 διδα-

490 2666 750 2736 σκαλικὴν
780 2666 969 2736 χάριν;
1012 2666 1103 2736 Μὴ
1143 2665 1229 2717 διὰ
1270 2664 1428 2717 τοῦτο
1471 2664 1697 2736 νομίσῃς
1735 2664 1895 2717 πλέον
1930 2681 1984 2715 τι
2032 2663 2142 2717 τῶν

486 2756 663 2811 ἄλλων
698 2758 860 2825 ἔχειν.
884 2757 983 2809 Διά
1012 2756 1169 2808 τοῦτο
1202 2755 1434 2825 μάλιστα
1459 2753 1843 2806 ταπεινοῦσθαι
1869 2752 2102 2821 ὀφείλεις
2122 2791 2137 2815 ,

486 2850 566 2901 ὅτι
609 2849 863 2901 πλειόνων
901 2845 1141 2916 ὴξιώθης
1191 2840 1522 2916 δωρεῶν.ᾯ
1569 2844 1697 2915 γὰρ
1722 2844 1901 2897 πλεῖον
1940 2843 2143 2913 ἀφέθη,

486 2936 668 2989 πλεῖον
720 2936 1013 3004 ἀγαπήσει.
1060 2933 1270 2988 Οὐκοῦν
1324 2935 1419 2987 καὶ
1463 2931 1845 2986 ταπεινοῦσθαι
1891 2930 2016 3003 χρὴ,
2058 2934 2140 2987 ὅτι

485 3026 612 3085 τοὺς
642 3023 829 3085 ἄλλους
858 3022 1171 3091 παρελθὼν,
1207 3024 1285 3084 είς
1315 3022 1372 3073 σέ
1399 3021 1690 3074 ἐπένευσεν
1725 3024 1754 3075 6
1782 3020 1932 3083 Θεός.
1971 3020 2140 3073 Φοϐοῦ

488 3110 575 3163 διὰ
592 3109 749 3163 τοῦτο
778 3126 793 3142 ·
817 3110 1073 3171 πολλάκις
1098 3110 1204 3179 γάρ
1230 3125 1309 3162 σοι
1340 3110 1432 3162 καὶ
1461 3109 1734 3173 ἀπωλείας
1754 3109 1911 3163 τοῦτο
1934 3109 2143 3178 γίνεται

488 3199 683 3260 αῖτιον,
721 3197 786 3250 ἀν
819 3196 891 3267 μή
924 3198 1120 3266 νήφῃς.

559 3286 624 3337 Τί
677 3285 817 3355 μέγα
870 3286 1115 3353 φρονείς;
1168 3284 1250 3337 ὅτι
1296 3284 1565 3348 διδάσκεις
1618 3284 1705 3337 διά
1752 3284 1959 3353 λόγων;
2003 3284 2141 3338 Ἀλλ’

490 3372 709 3427 εὔκολον
736 3372 892 3425 τοῦτο
915 3371 976 3423 τὸ
1010 3373 1313 3439 φιλοσοφεῖν
1349 3374 1405 3423 ἐν
1442 3372 1644 3440 ῥήμασι
1664 3389 1677 3401 θ
1718 3367 1926 3435 δίδαξόν
1957 3390 2021 3441 με
2054 3372 2144 3427 διὰ

488 3461 582 3514 τοῦ
620 3460 733 3529 βίου
767 3459 860 3512 τοῦ
892 3460 985 3511 σοῦ
1014 3476 1026 3489 ·
1055 3457 1193 3528 αὕτη
1238 3460 1270 3529 ή
1317 3458 1633 3513 διδασκαλία
1662 3460 1878 3529 ἀρίστη.
1927 3460 2141 3527 Λέγεις,

488 3549 570 3601 ὅτι
596 3548 674 3600 δεῖ
702 3547 1032 3617 μετριάζειν,
1064 3548 1157 3599 καὶ
1187 3544 1396 3615 μακρὸν
1424 3545 1563 3615 ὑπὲρ
1600 3545 1788 3599 τούτου
1826 3546 1982 3614 λόγον
2008 3548 2143 3599 ἀπο-

488 3636 705 3698 τείνεις,
736 3635 830 3688 καὶ
858 3632 1170 3705 ῥητορεύεις
1195 3634 1330 3701 ῥέων
1358 3632 1648 3695 ἀκωλύτως
1673 3650 1686 3698 ;
1720 3634 1877 3711 Ἀλλά
1905 3634 1997 3687 σοῦ
2025 3635 2143 3705 βελ-

368 3739 373 3746 ·
488 3722 617 3774 τίων
652 3722 855 3785 ἐκεῖνος
879 3761 894 3785 ,
936 3720 1101 3789 φησὶν
1123 3760 1137 3780 ,
1170 3722 1197 3772 6
1242 3719 1305 3773 δι’
1334 3718 1507 3790 ἔργων
1537 3719 1692 3772 τοῦτο
1721 3720 1988 3774 παιδεύων
2020 3724 2141 3792 ἐμέ.

492 3811 564 3861 06
595 3810 702 3881 γὰρ
733 3812 902 3874 οὓτως
931 3810 1117 3863 εἴωθεν
1151 3811 1449 3863 ἐντίθεσθαι
1476 3814 1541 3882 τῇ
1574 3812 1717 3882 ψυχῇ
1746 3813 1812 3865 τά
1846 3815 2144 3885 μαθήματα

494 3897 603 3950 ἀπὸ
629 3898 907 3969 ῥημάτων.
937 3900 1011 3960 ὠς
1044 3896 1151 3950 ἀπὸ
1183 3897 1520 3965 πραγμάτων
1548 3915 1561 3927 ·
1592 3899 1712 3949 ἐπεὶ¹
1733 3900 1826 3950 ἐάν
1868 3900 1941 3970 μὴ
1972 3901 2031 3953 τὸ
2054 3901 2144 3972 έρ-

490 4002 586 4051 γον
617 3984 764 4055 ἔχῃς,
795 3986 855 4038 οὐ
890 3984 1047 4054 μόνον
1078 3986 1175 4037 ούκ
1207 3985 1493 4055 ὠφέλησας
1518 3984 1707 4047 είπὼν,
1738 3986 1870 4039 ἀλλά
1898 3988 1992 4039 καὶ
2024 4006 2142 4057 μει-

494 4068 660 4135 ζόνως
692 4072 946 4141 ἔϐλαψας.
994 4073 1207 4125 Βέλτιον
1241 4076 1416 4144 σιγᾷν.
1466 4074 1565 4125 Διά
1596 4074 1685 4138 τίς
1718 4072 1844 4127 ’Ὀτι
1890 4075 2144 4130 ἀδύνατόν

496 4176 585 4229 μοι
601 4160 659 4212 τὸ
678 4163 908 4229 πρᾶγμα
925 4160 1205 4230 καθιστᾷς.
1240 4160 1433 4212 Ἐννοῶ
1455 4154 1581 4230 γὰρ,
1607 4163 1687 4214 ὅτι
1714 4164 1762 4214 εί
1782 4162 1844 4215 σὺ
1866 4162 1893 4214 6
1913 4164 2145 4217 τοσαῦτα

491 4246 663 4313 λέγων
684 4249 743 4299 06
763 4247 1062 4315 κατορθοῖς,
1089 4248 1265 4316 πολλῷ
1285 4248 1480 4318 μᾶλλον
1500 4248 1610 4315 ἐγὼ
1628 4249 1953 4320 συγγνώμης
1973 4251 2141 4314 άξιος,

489 4334 662 4403 λέγων
708 4324 940 4403 μηδένα.’
978 4334 1077 4386 Διά
1126 4334 1282 4387 τοῦτό
1320 4352 1481 4403 φησιν
1524 4339 1551 4389 6
1597 4340 1879 4408 προφήτης
1904 4355 1916 4368 ·
1970 4338 2051 4404 Τῷ
2077 4340 2146 4393 δὲ

484 4420 811 4490 ἁμαρτωλῴ
856 4422 1026 4475 εἶπεν
1069 4426 1100 4475 ό
1130 4424 1272 4488 Θεός
1301 4440 1316 4455 ο
1343 4424 1467 4477 Ἵνα
1503 4426 1557 4477 τί
1586 4424 1665 4477 σὺ
1695 4425 1943 4495 ἐκδιητῇ
1969 4429 2041 4481 τὰ
2066 4428 2146 4481 δι-

486 4508 786 4578 καιώματά
802 4526 959 4577 μους
996 4509 1210 4574 Μείζων
1236 4511 1341 4581 γὰρ
1370 4506 1506 4582 αὕτη
1532 4513 1563 4582 ή
1596 4512 1786 4583 βλάϐη,
1814 4516 1940 4567 ὅταν
1966 4516 2146 4579 καλῶς

485 4596 747 4649 διδάσκων
789 4614 871 4659 τις
906 4597 991 4649 διὰ
1030 4598 1318 4668 ῥημάτων,
1353 4598 1439 4651 διὰ
1468 4598 1574 4652 τῶν
1602 4599 1777 4670 ἔργων
1811 4602 2019 4673 πολεμῇ
2046 4586 2139 4674 ’τῇ

484 4682 810 4753 διδασκαλίᾳ.
852 4684 1021 4736 Τοῦτο
1055 4684 1263 4737 πολλῶν
1300 4687 1469 4738 αῐτιον
1501 4686 1687 4754 γέγονε
1724 4688 1908 4742 κακῶν
1936 4692 1995 4743 ἐν
2025 4696 2144 4756 ταῖς

499 4770 845 4840 Ἐκκλησίαις
900 4773 993 4824 Διὰ
1020 4772 1174 4824 τοῦτο
1206 4774 1298 4826 καὶ
1331 4774 1605 4842 σύγγνωτε
1624 4818 1638 4838 ,
1677 4779 1980 4849 παρακαλῶ
2005 4821 2017 4835 .
2047 4780 2140 4833 τοῦ

485 4855 646 4921 λόγου
674 4856 1013 4925 χρονίζοντος
1039 4858 1167 4926 ἡμῖν
1196 4861 1254 4929 ἐν
1282 4860 1453 4929 τούτῳ
1476 4862 1553 4931 τῷ
1586 4863 1767 4918 πάθει.
1802 4865 1979 4920 Πολλά
2013 4869 2142 4921 πολ-

485 4946 568 4998 λοὶ
592 4946 919 5014 πράττουσιν
947 4947 1085 5018 ὑπὲρ
1112 4948 1204 5001 τοῦ
1230 4952 1307 5011 είς
1330 4951 1492 5019 μέσον
1524 4955 1743 5018 στάντες
1771 4958 1978 5027 μακρὸν
2007 4960 2141 5011 ἀπο-

484 5034 675 5085 τείνειν
700 5033 880 5099 λόγον·
905 5034 1003 5085 κᾶν
1036 5035 1131 5103 μὲν
1165 5040 1369 5106 κρότων
1392 5040 1597 5109 τύχωσι
1621 5042 1727 5093 τῶν
1752 5044 1859 5095 ἀπὸ
1888 5044 1979 5096 τοῦ
2004 5046 2140 5117 πλή-

485 5119 610 5181 θους
633 5160 647 5181 ,
676 5121 898 5187 γέγονεν
928 5124 1106 5185 αὺτοῖς
1134 5124 1288 5178 τοῦτο
1328 5126 1599 5195 βασιλείας
1637 5130 1749 5183 ἴσον
1772 5147 1786 5160 °
1820 5132 1885 5184 ἂν
1912 5132 1967 5185 δὲ
2006 5134 2142 5201 μετὰ

487 5206 640 5273 σιγῆς
673 5205 762 5257 τὸν
802 5206 961 5273 λόγον
995 5213 1405 5273 καταπαύσωσι.
1441 5215 1660 5285 γεέννης
1694 5217 1755 5286 δή
1796 5235 1900 5270 που
1944 5219 2142 5287 μᾶλλον

484 5291 667 5352 αὐτοῖς
694 5294 1047 5364 χαλεπωτέρα
1082 5297 1313 5366 κατέστη
1344 5299 1442 5368 τῆς
1478 5303 1633 5371 σιγῆς
1657 5304 1688 5373 ή
1716 5303 1944 5374 ἀθυμία.
1974 5305 2141 5358 Τοῦτο

484 5379 581 5439 τὰς
610 5379 927 5450 Ἐκκλησίας
957 5384 1249 5453 ἀνέτρεψεν
1271 5425 1284 5448 ,
1313 5388 1392 5439 ὃτι
1421 5390 1510 5440 καὶ
1539 5390 1691 5457 ὑμεῖς
1716 5393 1774 5443 06
1813 5392 2021 5462 ζητεῖτε
2049 5392 2137 5445 λό-

484 5483 578 5534 γον
607 5464 833 5519 ἀκοῦσαι
864 5474 1259 5525 κατανυκτικὸν
1286 5515 1299 5537 ,
1333 5475 1468 5528 ἀλλά
1492 5476 1686 5545 τέρψαι
1712 5480 2004 5548 δυνάμενον
2044 5482 2138 5533 καὶ

482 5554 558 5623 τῷ
580 5554 735 5625 ψόφῳ
760 5558 850 5607 καὶ
880 5560 943 5626 τῇ
977 5558 1216 5612 συνθέσει
1242 5562 1348 5615 τῶν
1380 5565 1654 5633 ῥημάτων,
1688 5567 1932 5635 καθάπερ
1961 5568 2138 5637 μελῳ-

484 5640 587 5693 δῶν
612 5645 701 5695 καὶ
735 5644 1063 5712 κιθαριστῶν
1087 5649 1371 5712 ἀκούοντες
1397 5668 1408 5679 ·
1441 5654 1532 5704 καὶ
1559 5654 1718 5721 ἡμεῖς
1739 5653 1955 5723 ψυχρῶς
1980 5669 2005 5695 δ
2042 5658 2135 5708 καὶ

484 5729 839 5800 ταλαιπώρω,
874 5736 1151 5795 ποιοῦντες
1175 5777 1186 5795 ,
1222 5738 1301 5790 ὅτι
1336 5743 1452 5802 ταῖς
1496 5741 1787 5810 ὑμετέραις
1819 5744 2135 5813 ἐπιθυμίαις

486 5816 746 5884 ἑπόμεθα,
783 5819 896 5870 δέον
936 5823 1223 5874 ἐκκόπτειν
1255 5827 1469 5888 ταύτας.

548 5978 562 5998 ³
607 5979 772 6033 Morel.
821 5986 894 6029 καὶ
938 5990 1060 6043 ἡμᾶς
1098 5990 1301 6049 ψυχρῶς.

1250 356 1306 412 S.
1339 355 1620 412 JOANNIS
1652 350 2141 409 CHRYSOSTOMI
2185 350 2499 409 ARCIIIEP.
2530 352 3079 411 CONSTANIINOP.

3791 348 3901 405 226

2314 469 2376 522 δ’.
2404 470 2516 523 Καὶ
2546 470 2741 524 ταύτὸν
2772 471 3001 538 γίνεται,
3019 466 3129 523 οἷον
3156 470 3221 523 ἂν
3239 469 3291 522 ετ
3318 484 3400 531 τις
3428 463 3608 538 πατὴρ
3636 465 3784 533 πέρα
3804 461 3904 518 τοῦ

2240 556 2449 620 δέοντος
2480 557 2761 627 μαλθακοῦ
2792 559 3035 620 παιδίου,
3067 557 3241 611 καίτοι
3284 554 3691 628 ἀρῥωστοῦντος
3711 594 3727 618 ,
3757 553 3904 606 πλα-

2243 642 2443 697 κοῦντα
2468 644 2637 716 ἐπιδῷ
2672 647 2768 699 καὶ
2806 646 3010 718 ψυχρὸν
3036 648 3129 700 καὶ
3151 647 3251 699 ὅσα
3274 646 3466 716 τέρπει
3489 643 3670 714 μόνον,
3697 641 3812 695 τῶν
3842 641 3907 695 6h

2242 732 2527 802 χρησίμων
2559 733 2827 804 μηδεμίαν
2858 734 3177 801 ἐπιμέλειαν
3209 736 3413 786 ποιοῖτο
3439 748 3454 762 ·
3482 726 3600 784 εἶτα
3632 728 3905 798 ἐγκαλού-

2244 836 2402 888 μενος
2430 820 2581 890 παρά
2607 820 2717 874 τῶν
2751 822 2951 890 ίατρῶν
2976 861 2991 886 ,
3025 821 3343 888 ἀπολογοῖτο
3370 819 3541 888 λέγων
3559 835 3575 849 ·
3600 818 3667 870 Τί
3700 815 3902 880 πάθεος

2239 905 2339 957 οὐκ
2375 907 2641 978 ἀνέχομαι
2664 908 2848 962 κλαῖον
2873 908 2933 961 τὸ
2960 896 3168 962 πάιδίον
3197 908 3343 962 ἰδεῖν.
3375 906 3560 959 ’Δθλιε
3583 906 3679 959 καὶ
3707 904 3905 958 ταλαί-

2240 1008 2392 1063 πωρε
2432 995 2526 1047 καὶ
2555 995 2791 1067 προδότα
2816 1012 2832 1027 ο
2857 997 2919 1061 οὐ
2947 995 3057 1067 γάρ
3091 995 3157 1048 ἂν
3184 994 3393 1065 πατέρα
3423 1008 3514 1046 τον
3540 992 3785 1045 τοιοῦτον
3826 993 3909 1045 εῖ-

2240 1096 2398 1149 ποιμι
2417 1096 2431 1110 ·
2462 1083 2556 1134 καὶ⁵
2584 1083 2738 1153 πόσῳ
2762 1082 2967 1153 βέλτιον
2996 1084 3054 1137 ἐν
3078 1082 3269 1154 βραχεῖ
3300 1082 3639 1152 λυπήσαντα,
3668 1078 3903 1132 διαπαν-

2236 1165 2328 1228 τὸς
2350 1166 2527 1239 ὑγιείᾳ
2549 1170 2900 1239 παραδοῦναι,
2931 1170 2964 1242 ἢ
2992 1170 3090 1242 τὴν
3112 1171 3444 1241 πρόσκαιρον
3471 1166 3673 1238 ταύτην
3695 1167 3863 1237 χάριν
3884 1206 3901 1231 ,

2236 1250 2517 1321 διηνεκοῦς
2545 1253 2783 1324 ἀθυμίας
2812 1257 3069 1310 ὑπόθεσιν
3098 1257 3458 1327 ποιήσασθαι;
3500 1253 3669 1307 Τοῦτο
3691 1254 3904 1323 πάσχο-

2243 1354 2342 1407 μεν
2375 1342 2468 1393 καὶ
2490 1342 2671 1410 ἡμεῖς,
2700 1342 2873 1414 κάλλη
2901 1343 3097 1409 λέξεων
3135 1342 3619 1415 περιεργαζόμενοι
3647 1342 3743 1395 καὶ
3774 1358 3905 1394 συν-

2241 1422 2416 1493 θήκας
2441 1425 2589 1499 [259]
2613 1428 2710 1481 καὶ
2733 1430 2999 1500 ἁρμονίαν
3018 1432 3165 1493 ὅπως
3184 1432 3426 1501 ήσωμεν,
3446 1431 3544 1500 οὐχ
3576 1430 3723 1490 ὄταυς
3750 1428 3906 1496 ὠφε-

2238 1514 2488 1585 λήσωμεν
2510 1532 2524 1547 ·
2547 1517 2695 1581 ὅπως
2722 1518 3122 1589 θαυμασθῶμεν
3157 1520 3205 1583 δ,
3232 1521 3329 1590 οὐχ
3366 1520 3512 1582 ὅπως
3544 1517 3850 1585 διδάξωμεν
3881 1531 3901 1546 ·

2239 1599 2386 1664 ὅπως
2404 1601 2711 1673 τέρψωμεν,
2727 1604 2826 1675 οὐχ
2848 1607 2995 1669 ὅπως
3016 1604 3399 1676 κατανύξωμεν
3415 1622 3427 1634 ·
3452 1606 3597 1668 ὅπως
3617 1599 3910 1674 κροτηθῶ-

2242 1704 2341 1755 μεν
2373 1690 2467 1742 καὶ
2496 1690 2721 1745 ἐπαίνου
2748 1692 3000 1761 τυχόντες
3030 1692 3376 1763 ἀπέλθωμεν,
3400 1694 3498 1763 οὐχ
3515 1693 3659 1755 ὅπως
3684 1690 3753 1744 τὰ
3788 1688 3902 1761 ἢθη

2244 1777 2610 1850 ῥυθμίσωμεν.

2309 1868 2643 1923 Πιστεύσατέ
2678 1887 2789 1939 μοι,
2820 1871 2921 1925 οὐκ
2944 1871 3118 1936 άλλως
3148 1871 3311 1941 λέγω,
3339 1870 3558 1925 ἐπειδὰν
3576 1868 3749 1938 λέγων
3768 1885 3906 1938 κρο-

2236 1956 2437 2027 τῶμαι,
2468 1958 2599 2027 παρ’
2625 1958 2787 2011 αὐτὸν
2817 1959 2915 2029 μὲν
2940 1960 3030 2013 τὸν
3054 1960 3243 2031 καιρὸν
3273 1957 3608 2030 ἀνθρώπινόν
3629 1975 3683 2010 τι
3700 1956 3906 2025 πάσχω

2240 2044 2314 2108 (τί
2347 2045 2455 2116 γὰρ
2484 2047 2584 2099 οὐκ
2617 2045 2682 2099 ἀν
2706 2064 2789 2107 τις
2814 2048 2956 2102 είποι
2983 2046 3043 2099 τὸ
3069 2047 3314 2117 ἀληθές);
3348 2047 3442 2100 καὶ¹
3472 2044 3767 2114 γάννυμαι,
3800 2042 3905 2094 καὶ

2239 2130 2559 2201 διαχέομαιο
2606 2134 2827 2187 ἐπειδὰν
2871 2134 2927 2187 δέ
2954 2132 3203 2188 ἀπελθὼν
3251 2132 3432 2187 οἴκαδε
3482 2131 3720 2202 ἐννοήσω
3770 2128 3905 2191 τοὺς

2241 2219 2613 2289 κροτήσαντας
2642 2220 2793 2273 οὐδὲν
2822 2220 3199 2291 ὠφεληθέντας
3220 2258 3237 2285 ,
3265 2219 3378 2273 ἀλλ’
3400 2220 3454 2283 εῐ
3490 2235 3541 2271 τι
3566 2220 3661 2271 καὶ
3687 2216 3909 2286 ὠφελη-

2241 2304 2402 2372 θῆναι
2435 2304 2562 2366 ἔδει,
2605 2306 2708 2358 ὑπὸ
2737 2305 2829 2358 τοῦ
2864 2307 3057 2378 κρότου
3090 2306 3316 2361 καὶτῶν
3348 2306 3585 2359 ἐπαίνων
3616 2301 3903 2357 ἀπολωλε-

2239 2392 2399 2453 κότας
2424 2430 2439 2455 ,
2475 2392 2745 2462 ὀδυνῶμαι
2774 2392 2869 2446 καὶ
2910 2392 3078 2447 στένω
3116 2393 3209 2446 καὶ
3235 2392 3456 2464 δακρύω
3475 2434 3491 2459 ,
3539 2392 3635 2445 καὶ
3661 2390 3735 2453 ὡς
3770 2390 3903 2459 είκῆ

2242 2479 2419 2532 πάντα
2440 2478 2696 2549 εἰρηκὼς,
2721 2477 2865 2532 οὕτω
2880 2480 3181 2551 διάκειμαι,
3205 2482 3297 2533 καὶ
3318 2479 3455 2551 πρὸς
3470 2476 3708 2549 ἐμαυτὸν
3726 2476 3899 2544 λέγω·

2240 2568 2305 2619 Τί
2340 2569 2430 2638 μοὶ
2458 2568 2518 2621 τὸ
2542 2568 2743 2636 δφελος·
2766 2569 2873 2623 τῶν
2900 2569 3158 2641 ίδρὼτων,
3187 2571 3294 2625 τῶν
3316 2571 3623 2625 ἀκουόντων
3648 2571 3747 2624 οὐκ
3781 2568 3903 2622 ἐθε-

2240 2653 2439 2708 λόντων
2464 2656 2801 2726 καρποῦσθαι
2827 2646 2880 2710 τι
2906 2658 3058 2731 παρά
3086 2658 3192 2711 τῶν
3220 2659 3393 2728 λόγων
3412 2658 3518 2711 τῶν
3544 2660 3674 2729 παρ’
3702 2656 3900 2729 ἡμῶν;

2242 2743 2334 2796 καὶ
2364 2743 2624 2807 πολλάκις
2662 2746 2919 2816 ἐνενόησα
2960 2746 3129 2799 θεῖναι
3161 2747 3324 2817 νόμον
3346 2746 3437 2799 τὸν
3464 2745 3740 2818 κωλύοντα
3768 2745 3902 2809 τοὺς

2239 2831 2465 2900 κρότους
2486 2873 2502 2898 ,
2534 2833 2628 2884 καὶ
2653 2831 2907 2885 πείθοντα
2935 2834 3073 2902 μετὰ
3111 2835 3268 2905 σιγῆς
3295 2835 3437 2904 ὑμᾶς
3463 2833 3764 2905 ἀκροᾶσθαι
3804 2832 3899 2886 καὶ

2237 2917 2340 2987 τῆς
2356 2921 2737 2989 προσηκούσης
2758 2920 3026 2986 εὐταξίας.
3046 2920 3203 2975 Ἀλλά
3230 2920 3549 2992 ἀνάσχεσθε,
3574 2919 3901 2990 παρακαλῶ,

2242 3007 2336 3058 καὶ
2358 3007 2616 3075 πείσθητέ
2650 3026 2740 3077 μοι
2767 3048 2782 3071 ,
2816 3009 2909 3062 καὶ
2939 3009 2987 3061 εί
3015 3008 3198 3075 δοκεῖ,
3226 3008 3415 3062 τοῦτον
3435 3006 3774 3079 κυρώσωμεν
3806 3007 3905 3060 τὸν

2242 3092 2404 3163 νόμον
2425 3094 2548 3164 ήδη,
2578 3094 2765 3163 μηδενὶ
2785 3094 2891 3147 τῶν
2914 3095 3217 3149 ἀκουόντων
3234 3096 3432 3161 ἐξεῖναι
3456 3097 3670 3167 κροτεῖν
3694 3093 3903 3164 μεταξὺ

2242 3179 2489 3247 λέγοντός
2510 3196 2655 3243 τινος
2675 3220 2690 3243 ,
2714 3179 2828 3234 ἀλλ’
2857 3183 2905 3234 εί
2935 3180 3173 3251 βούλοιτο
3208 3181 3527 3253 θαυμάζειν,
3570 3181 3901 3251 θαυμαζέτω

2244 3270 2369 3338 σιγῇ
2388 3281 2401 3294 ⁸
2421 3266 2592 3331 οὐδεὶς
2615 3269 2643 3320 6
2660 3266 2904 3331 κωλύων,
2928 3269 3077 3322 πᾶσα
3091 3268 3149 3321 δὲ
3170 3270 3203 3339 ή
3229 3269 3431 3344 σπουδὴ
3447 3270 3543 3323 καὶ
3563 3272 3599 3339 ή
3622 3267 3905 3340 προθυμία

2243 3353 2371 3422 περὶ
2415 3352 2475 3406 τὸ
2508 3352 2758 3423 δέχεσθαι
2792 3353 2859 3406 τά
2886 3354 3151 3424 λεγόμενα
3186 3354 3439 3424 γινέσθω.
3474 3353 3572 3407 Διά
3593 3354 3646 3406 τί
3669 3354 3904 3424 ἐκροτή-

2245 3456 2405 3505 σατε;
2455 3440 2592 3511 Περὶ⁸
2634 3439 2823 3493 τούτου
2863 3428 2967 3494 τδν’
2993 3442 3155 3513 νόμον
3196 3441 3386 3513 τίθημι
3420 3458 3433 3473 '
3480 3443 3637 3513 ὑμεῖς
3678 3442 3735 3494 δὲ
3781 3441 3907 3495 οὐδὲ

2243 3526 2467 3581 ἀκοῦσαι
2498 3527 2754 3597 ἀνέχεσθε
2778 3539 2825 3580 ο.
2858 3528 3073 3582 Πολλῶν
3102 3530 3258 3583 τοῦτο
3281 3528 3499 3597 ἀγαθῶν
3520 3528 3692 3582 αίτιον
3723 3527 3899 3592 ἔσται,

2244 3615 2338 3668 καὶ
2362 3615 2736 3669 διδασκάλειον
2770 3616 3109 3685 φιλοσοφίας.
3140 3619 3249 3671 Καὶ
3278 3618 3327 3669 οί
3354 3616 3463 3669 τῶν
3492 3616 3598 3683 ἔξω
3622 3616 3905 3685 φιλόσοφοι

2244 3701 2565 3771 διελέγοντο,
2589 3704 2682 3757 καὶ
2697 3704 2870 3766 οὐδεὶς
2896 3704 3129 3774 οὐδαμοῦ
3158 3705 3351 3775 κρότος
3376 3705 3558 3768 αὐτοῖς
3582 3704 3766 3758 εἵπετο
3783 3720 3796 3732 ·
3811 3705 3906 3757 καὶ⁵

2244 3791 2292 3843 οἱ
2311 3791 2594 3843 ἀπόστολοι
2615 3792 2706 3861 ἐδη
2717 3792 3009 3862 μηγόρουν,
3028 3793 3122 3845 καὶ
3142 3792 3377 3863 οὐδαμοῦ
3387 3791 3547 3846 τοῦτο
3559 3792 3902 3865 πρόσκειται,

2245 3880 2324 3931 ὄτι
2352 3878 2555 3948 μεταξὺ
2587 3878 2851 3947 λεγόντων
2883 3881 3109 3933 ἐκείνων
3146 3884 3258 3944 τοίς
3300 3881 3513 3951 κρότοις
3540 3881 3825 3935 διέκοπτον
3854 3884 3907 3934 οἱ

2244 3967 2535 4031 ἀκούοντες
2566 3966 2657 4020 τὸν
2687 3969 2931 4036 λέγοντα.
2974 3969 3132 4036 Μέγα
3152 3970 3313 4023 τοῦτο
3331 3969 3518 4040 κέρδος
3541 3972 3696 4040 ἡμῖν.
3743 3969 3907 4024 Ἀλλά

2246 4055 2583 4126 κυρώσωμεν
2604 4058 2795 4110 τοῦτο·
2828 4057 2946 4127 μεθ’
2976 4058 3207 4127 ἡσυχίας
3235 4058 3435 4121 πάντες
3457 4058 3770 4129 ἀκούωμεν,
3809 4060 3907 4112 καὶ

2244 4142 2493 4212 λέγωμεν
2520 4144 2755 4197 ᾶπαντα.
2801 4143 2863 4197 El
2897 4145 2993 4213 μὲν
3016 4145 3125 4213 γὰρ
3158 4145 3295 4215 μετά
3319 4146 3445 4208 τοὺς
3471 4146 3698 4215 κρότους
3718 4147 3909 4218 ἀπήει-

2252 4247 2349 4300 μεν
2396 4229 2611 4299 ἐχοντες
2657 4231 2799 4303 ἆπερ
2831 4232 3175 4301 ἠκούσαμεν,
3210 4233 3441 4303 μάλιστα
3477 4234 3575 4303 μὲν
3601 4234 3723 4287 οὐδὲ
3761 4233 3906 4287 οὕτω

2246 4318 2512 4388 χρήσιμος
2541 4320 2568 4371 6
2602 4317 2815 4383 ἔπαινος
2847 4319 2983 4388 (ἀλλ’
3017 4320 3116 4373 οὐκ
3141 4320 3207 4373 ἂν
3235 4320 3745 4393 ὴκριϐολογησάμην
3778 4337 3792 4350 ’
3827 4323 3905 4394 μὴ

2252 4405 2319 4475 μέ
2355 4422 2440 4469 τις
2478 4406 2768 4476 ἀγροικίας
2806 4406 3085 4479 γραφέτω)
3112 4425 3124 4439 ·
3144 4408 3330 4479 ἐπειδὴ
3358 4408 3416 4461 δὲ
3446 4408 3611 4479 μηδὲν
3630 4409 3694 4462 τὸ
3715 4408 3902 4481 πλέον,

2248 4492 2383 4546 ἀλλά
2416 4495 2507 4547 καὶ
2542 4494 2750 4564 βλάϐη,
2796 4494 3045 4567 λύσωμεν
3087 4496 3151 4550 τὸ
3196 4496 3461 4569 κώλυμα,
3509 4497 3786 4568 ἀνέλωμεν
3834 4501 3906 4552 τὰ

2249 4583 2630 4653 σκιρτήματα,
2668 4584 2991 4654 ἐκκόψωμεν
3031 4584 3103 4637 τά
3148 4585 3441 4656 πηδήματα
3477 4586 3574 4656 τῆς
3601 4586 3800 4657 ψυχῆς.
3844 4587 3905 4641 ὐ

2244 4671 2475 4740 Χριστὸς
2510 4672 2922 4742 ἐδημηγόρησεν
2949 4671 3041 4723 ἐπὶ
3064 4670 3155 4725 τοῦ
3185 4672 3343 4742 δρους
3362 4687 3376 4701 ·
3406 4672 3521 4726 ἀλλ’
3546 4673 3720 4737 οὐδεὶς
3746 4674 3905 4728 οὐδὲν

2243 4754 2423 4823 εἶπεν,
2448 4758 2552 4821 ἕως
2581 4760 2669 4811 ὅτε
2694 4760 2786 4811 τὸν
2818 4759 2975 4827 λόγον
3014 4758 3277 4812 ἐτέλεσεν.
3321 4760 3436 4814 Οὐκ
3456 4761 3744 4832 ἀποστερῶ
3775 4764 3904 4826 τοὺς

2246 4844 2599 4915 βουλομένους
2631 4845 3113 4919 κροτεῖσθαιηάλλά
3132 4847 3329 4917 μᾶλλον
3346 4848 3718 4918 θαυμάζεσθαι
3740 4849 3900 4902 ποιῶ.

2246 4934 2432 5005 [Ιολλῷ
2460 4934 2665 5005 βέλτιον
2693 4935 2832 5005 μετά
2859 4936 3021 5005 σιγῆς
3040 4936 3377 5000 ἀκούσαντα,
3413 4938 3501 4991 διὰ
3540 4937 3639 5008 τῆς
3679 4939 3904 5008 μνήμης

2244 5021 2303 5071 ἐν
2344 5022 2504 5073 παντὶ⁷
2534 5020 2612 5091 τῷ
2644 5022 2818 5091 χρόνῳ
2848 5024 3083 5092 κροτεῖν,
3111 5024 3203 5076 καὶ
3234 5027 3292 5077 ἐν
3315 5023 3463 5094 οἰκίᾳ
3491 5025 3583 5078 καὶ
3616 5025 3673 5078 ἐν
3704 5026 3903 5097 ἀγορᾷ,

2244 5106 2276 5175 ἢ
2324 5108 2499 5160 πάντα
2543 5108 2882 5161 ἀπολέσαντα
2924 5110 3266 5178 ἀπέρχεσθαι
3314 5110 3500 5164 οῐκαδε
3549 5111 3741 5176 κενὸν,
3802 5114 3903 5168 οὐκ

2244 5193 2433 5261 ἔχοντα
2460 5194 2568 5245 τῶν
2600 5196 2810 5263 κρότων
2838 5195 2936 5264 τήν
2976 5196 3247 5251 ὑπόθεσιν.
3275 5197 3399 5260 Πῶς
3428 5198 3535 5269 γὰρ
3570 5199 3631 5252 οὐ
3668 5199 3905 5267 καταγέ-

2242 5281 2435 5344 λαστος
2464 5284 2491 5334 6
2517 5282 2825 5352 ἀκροατής;
2857 5283 2973 5346 πῶς
2996 5283 3056 5336 06
3083 5284 3247 5349 κόλαξ
3276 5285 3372 5337 καὶ
3409 5286 3574 5357 εῐρων
3593 5286 3621 5325 d
3643 5288 3897 5357 νομισθήο

2244 5385 2392 5422 σεται
2419 5370 2638 5439 μᾶλλον,
2659 5371 2739 5422 ὃτι
2774 5372 2867 5439 μὲν
2896 5372 3074 5434 καλῶς
3102 5369 3256 5425 εἶπεν
3279 5376 3307 5426 6
3330 5375 3644 5439 διδάσκαλος
3674 5378 3905 5447 ἀποφαιο

2242 5458 2461 5526 νόμενος
2482 5498 2496 5522 ,
2528 5458 2580 5508 τί
2604 5457 2659 5509 δὲ
2687 5453 2836 5509 εἶπεν
2870 5460 2968 5511 οὐκ
2994 5460 3132 5529 ἔχων
3160 5461 3325 5526 δεῖξαι
3356 5480 3370 5528 ;
3400 5464 3574 5521 Τοῦτο
3612 5464 3899 5529 κολακείας

2240 5545 2480 5597 ἐστίν.⁹0
2528 5546 2623 5614 μὲν
2663 5545 2768 5616 γὰρ
2814 5546 3125 5617 κιθαρῳδῶν
3169 5549 3406 5612 ἀκούσας
3444 5553 3537 5604 καὶ
3587 5553 3899 5623 τραγῳδῶν,

2238 5634 2461 5695 είκότως
2490 5632 2558 5685 ἂν
2584 5633 2738 5685 τοῦτο
2762 5636 2942 5697 πάθοι,
2977 5637 3071 5688 ἆτε
3098 5638 3196 5689 οὐκ
3220 5638 3373 5700 εἰδὼς
3398 5641 3598 5708 ὁμοίως
3627 5640 3723 5710 τὴν
3747 5642 3903 5711 ῥῆσιν

2236 5723 2589 5775 είπεῖνοὲνθα
2616 5724 2671 5775 δὲ
2719 5724 2775 5774 οὐ
2831 5724 3022 5793 μέλους
3070 5728 3325 5794 ἐπίδειξίς
3364 5732 3510 5782 ἐστιν
3550 5730 3670 5782 οὐδὲ
3696 5736 3901 5803 φωνῆς,

2300 5876 2325 5903 ’δ
2368 5866 2465 5933 Α)Ῐί
2492 5867 2949 5933 δπωςβῦσράνωμεν,
2974 5870 3059 5930 οὐχ
3093 5871 3218 5925 ὅπως
3252 5872 3571 5933 ὠφελήσωμεν
3598 5874 3901 5933 σκοποῦντες,

2235 5928 2361 5998 qm”;
2403 5932 2757 6002 9:461:50‘6656.
2827 5935 2849 5959 ε
2876 5928 3230 5987 Αιιιιςτιθγμι,
3278 5928 3357 5978 καὶ
3397 5928 3527 6002 ὑμέες
3570 5932 3776 5985 ἀκοῦσαι
3819 5928 3903 5987 οὐκ

2235 5991 2467 6050 ἀνέχεσθε.
2537 5989 2559 6028 ἀ
2594 5992 2684 6039 ΜΗ
2719 5994 2967 6053 ἀκροατὴς,
3000 5995 3075 6039 καὶ
3104 5995 3258 6053 uani,
3294 5996 3370 6040 καὶ
3408 5989 3561 6054 εἴξειν,
