4084 6332
243 347 351 399 2‘35

245 462 322 511 tio
344 473 415 512 ex
443 454 801 511 immoderato
828 452 1007 507 studio
1033 450 1229 520 prodiit
1257 467 1273 516 ;
1302 464 1485 503 verum
1517 449 1678 503 etiam
1710 448 1835 501 hinc

239 548 609 617 apostolorum
636 545 804 600 virtus
827 541 1141 597 ostenditur.
1173 540 1243 597 Et
1270 540 1394 594 vide
1423 538 1699 609 quomodo
1718 553 1836 591 om-

242 640 330 692 nia
358 638 559 708 ubique
589 637 699 690 Deo
728 636 981 689 referam.
1012 632 1122 687 llos
1150 640 1205 687 et
1235 646 1334 684 nos
1360 631 1632 685 imitemur
1659 647 1671 682 :
1702 629 1835 682 nihil

242 740 487 785 nostrum
518 744 643 785 esse
686 737 953 797 putemus,
982 724 1415 797 quandoquidem
1456 740 1525 778 ne
1570 724 1684 794 ipsa
1712 722 1835 791 qui-

239 822 365 876 dem
397 822 531 873 fides
553 829 736 873 nostra
756 829 857 873 est.
882 817 1033 886 Quod
1063 827 1241 871 autem
1273 825 1455 871 nostra
1486 814 1591 870 non
1616 816 1710 880 sit,
1740 812 1833 868 sed

242 916 415 983 magis
440 912 551 977 Dei,
583 911 707 966 audi
730 910 950 966 Paulum
977 909 1241 965 dicentem
1274 926 1288 963 :
1318 906 1386 961 Et
1411 908 1506 962 hoc
1533 924 1631 960 non
1658 923 1720 960 ea:
1744 922 1838 959 no-

239 1005 336 1065 bis.
366 1003 465 1057 Dei
489 1006 680 1057 donum
708 1001 923 1073 (Ep/tes.
955 1001 1009 1055 2.
1044 1002 1123 1069 8).
1151 1000 1229 1055 Ne
1258 1001 1632 1095 itaque/altum
1660 1000 1835 1068 sapia-

240 1113 362 1152 mus
386 1113 485 1152 nec
507 1096 776 1161 inﬂentur,
803 1110 924 1150 cum
955 1094 1203 1149 homines
1225 1091 1575 1155 simus,’ierra
1597 1102 1650 1148 et
1674 1091 1831 1157 cinis,

240 1188 423 1243 fumus
452 1198 511 1244 et
560 1188 771 1242 umbra.
809 1186 902 1242 Dic
928 1188 1069 1240 enim
1104 1186 1233 1239 mihi
1259 1226 1273 1245 .
1312 1201 1409 1239 cur
1446 1186 1615 1240 altum
1644 1184 1834 1253 sapis?

240 1280 661 1351 Eleemosynam
690 1278 883 1334 dedisti
910 1289 963 1334 et
1005 1279 1256 1347 pecunias
1287 1276 1565 1331 eﬂ'udisti?
1604 1276 1671 1330 Et
1708 1276 1833 1346 quid

239 1372 343 1426 hoc
367 1371 391 1424 τ
414 1371 602 1441 COgita
634 1370 681 1424 si
711 1370 972 1424 noluisset
1001 1379 1053 1424 te
1081 1370 1219 1424 Deus
1246 1368 1467 1422 divitem
1500 1366 1675 1422 facere
1705 1385 1717 1420 :
1744 1383 1837 1421 co—

234 1464 345 1532 gita
378 1478 475 1518 eos
514 1463 604 1532 qui
632 1462 809 1532 inopia
839 1465 1196 1530 premuntur;
1231 1462 1339 1515 imo
1364 1461 1536 1529 cogita
1563 1469 1694 1529 quot
1720 1459 1834 1527 ipsa

234 1571 467 1625 corpora
502 1556 913 1624 impenderunt,
943 1565 997 1609 et
1022 1566 1307 1625 postquam
1338 1554 1617 1609 innumera
1647 1536 1836 1625 eroga-

237 1658 451 1708 verant.
477 1648 685 1716 seipsos
710 1648 936 1701 miseros
956 1646 1227 1701 dixemnt.
1251 1645 1329 1700 Tu
1360 1656 1580 1717 propter
1606 1646 1837 1714 teipsmn

233 1742 459 1805 dedisti,
488 1741 735 1795 Christus
764 1751 981 1808 propter
1011 1753 1061 1794 te
1092 1756 1105 1791 :
1143 1752 1195 1791 tu
1224 1740 1366 1807 quod
1395 1738 1630 1794 debebas
1658 1739 1838 1792 reddi-

232 1834 362 1888 disti
390 1877 404 1897 ,
439 1832 689 1888 Christus
733 1832 864 1886 nihil
911 1833 1004 1886 tibi
1030 1832 1278 1887 debebat.
1318 1830 1448 1886 Vide
1470 1845 1628 1901 quam
1661 1832 1838 1885 incer-

236 1939 352 1980 tum
386 1927 457 1981 sit
499 1924 773 1991 futurum,
805 1935 860 1980 et
885 1941 952 1979 ne
987 1925 1153 1979 altum
1190 1925 1368 1992 sapias
1390 1964 1404 1985 ,
1436 1923 1530 1979 sed
1566 1923 1695 1978 time
1724 1941 1739 1977 :
1767 1940 1835 1977 ne

235 2020 493 2072 virtutem
539 2033 603 2071 ex
653 2018 953 2087 arrogantia
1004 2016 1233 2070 minuas.
1278 2014 1369 2068 Vis
1412 2030 1538 2070 vere
1582 2029 1833 2084 magnum

233 2109 512 2177 quidpiam
561 2107 780 2163 facere?
807 2107 883 2163 Ne
930 2122 1183 2177 umquam
1227 2121 1525 2177 praesumas
1563 2116 1834 2175 tamquam

234 2204 304 2257 de
336 2204 545 2270 magnis
566 2204 837 2273 cperibus.
870 2205 936 2255 At
960 2204 1110 2271 virgo
1134 2199 1239 2256 es?
1269 2200 1463 2255 Verum
1494 2201 1596 2255 ilise
1621 2216 1836 2271 quoque

236 2298 477 2367 virgines
506 2308 681 2362 erant,
714 2307 768 2350 et
799 2308 1016 2366 propter
1042 2295 1418 2350 crudelitatem
1448 2306 1504 2350 et
1532 2295 1833 2349 inhumani-

238 2398 406 2441 tati-m
438 2387 570 2441 nihil
600 2387 795 2457 profuit
839 2388 968 2457 ipsis
1001 2386 1297 2457 virginitas.

314 2479 599 2535 Huutititas
612 2477 1225 2534 commendatur.—Niliil
1248 2477 1533 2532 humilitati
1565 2493 1657 2548 par
1683 2496 1695 2531 :
1722 2478 1836 2533 ha-c

238 2583 413 2628 mater
438 2584 553 2640 est,
587 2573 736 2628 radix
760 2616 773 2638 ,
806 2572 983 2627 nutrix
1007 2612 1022 2638 ,
1057 2573 1445 2635 fulcimentum,
1481 2582 1534 2627 et
1564 2574 1832 2627 vinculum

241 2673 509 2724 bonorum
540 2682 555 2721 :
589 2668 708 2722 sine
732 2668 818 2723 illa
850 2666 1232 2732 abominandi,
1278 2665 1595 2720 exsecrandi
1636 2675 1691 2719 et
1732 2667 1834 2718 im-

241 2760 362 2830 puri
388 2774 595 2814 sumus.
627 2758 754 2813 Esto
773 2759 916 2813 enim
946 2760 1063 2829 quis
1083 2800 1097 2821 ,
1126 2760 1171 2812 si
1205 2758 1411 2826 placet',
1461 2758 1551 2828 qui
1597 2769 1837 2812 mortuos

239 2852 501 2917 suscitet,
533 2850 755 2905 claudos
782 2852 981 2920 erigat,
1027 2852 1271 2919 leprosos
1319 2857 1540 2904 inundet
1578 2865 1701 2903 cum
1745 2867 1835 2903 ar-

240 2944 487 3014 rogantia
516 2958 529 2995 :
563 2942 694 2997 nihil
726 2942 827 2997 hoc
856 2943 1118 3013 impurius
1141 2983 1156 3007 ,
1191 2943 1323 2995 nihil
1367 2943 1535 3012 magis
1574 2942 1834 3010 impium,

241 3036 378 3090 nihil
407 3036 708 3091 scelestius.
737 3034 879 3089 Nihil
911 3036 985 3089 tui
1014 3035 1181 3105 ipsius
1205 3050 1327 3089 esse
1351 3042 1559 3104 reputa.
1588 3034 1837 3089 Faculta-

240 3142 351 3183 tem
402 3128 551 3183 vcrhi
598 3140 655 3184 et
699 3129 960 3184 doctrina:
1001 3128 1226 3198 gratiam
1272 3126 1486 3182 babes?
1528 3126 1605 3182 Nc
1632 3126 1755 3181 ideo
1787 3138 1838 3181 te

242 3232 400 3292 putes
433 3222 551 3290 plus
578 3235 736 3291 quam
764 3220 899 3274 alios
927 3218 1147 3273 habere.
1180 3218 1303 3273 Ideo
1330 3220 1564 3273 maxime
1592 3229 1644 3274 te
1674 3218 1839 3272 humi-

236 3316 356 3369 liari
386 3322 636 3383 oportet,
668 3314 788 3381 quia
833 3312 1076 3382 pluribus
1118 3312 1375 3381 dignatus
1410 3327 1472 3367 es
1512 3312 1689 3365 donis.
1740 3310 1836 3365 Cui

235 3410 385 3463 enim
440 3407 560 3476 plus
603 3404 919 3470 dimittitur,
972 3405 1091 3473 plus
1137 3404 1321 3474 diliget
1372 3402 1539 3475 (Luc.
1586 3406 1638 3457 7.
1692 3402 1833 3475 47).

236 3499 430 3567 itaque
456 3497 724 3551 humiliari
753 3506 805 3551 te
830 3506 1080 3565 Oportet,
1113 3497 1232 3566 quia
1266 3496 1385 3551 aliis
1416 3496 1791 3567 praetermissis
1818 3540 1835 3565 ,

236 3590 331 3644 tibi
384 3591 574 3643 annuit
621 3589 781 3643 Deus.
834 3589 944 3643 llac
990 3588 1059 3645 de
1111 3602 1271 3643 causa
1305 3589 1478 3643 time:
1512 3604 1659 3661 stupe
1688 3590 1833 3645 enim

234 3684 341 3737 hoc
369 3680 473 3735 tibi
493 3682 743 3749 perniciei
774 3695 934 3735 causa
963 3690 1081 3747 est,
1110 3681 1212 3734 nisi
1238 3681 1564 3750 vigilaveris.

309 3770 483 3843 Opere
506 3771 667 3842 magis
691 3788 846 3839 quam
871 3772 1015 3826 verbo
1039 3772 1329 3825 insinuatur
1355 3772 1836 3842 disciplina.—Cur

230 3867 403 3921 altum
438 3867 619 3935 sapis?
646 3868 769 3934 quia
802 3866 979 3919 verbis
1002 3864 1203 3919 doces?
1236 3863 1342 3919 Sed
1377 3864 1529 3919 facile
1556 3865 1832 3935 estphilo-

232 3956 456 4026 sopbari
489 3956 668 4011 verbis
696 3974 708 4012 :
739 3956 874 4010 doce
904 3972 989 4010 me
1033 3972 1128 4025 per
1161 3958 1319 4010 vitam
1375 3966 1515 4011 tuam
1548 3973 1563 4009 :
1594 3957 1713 4013 hinc
1750 3968 1834 4013 est

231 4048 441 4118 optima
468 4047 733 4102 doctrina.
768 4047 945 4113 Dicis,
978 4038 1239 4103 modestia
1280 4064 1415 4117 opus
1444 4063 1566 4103 esse
1591 4058 1692 4113 ,.et
1735 4050 1834 4103 hac

231 4141 301 4196 de
328 4154 389 4195 re
416 4140 633 4209 longum
665 4140 801 4195 texis
843 4155 1187 4206 sermonem,
1235 4148 1397 4210 atque
1436 4142 1670 4197 oratoria
1715 4143 1831 4197 sine

230 4234 392 4289 obice
421 4231 585 4287 verba
614 4231 939 4302 profundis?
972 4235 1039 4287 At
1066 4234 1255 4287 melior
1299 4242 1349 4287 te
1395 4244 1476 4288 est
1519 4235 1607 4310 ille
1630 4275 1646 4300 ,
1690 4235 1831 4289 dicet

228 4324 537 4394 quispiam,
568 4324 655 4393 qui
688 4323 789 4378 hoc
815 4323 1070 4394 operibus
1102 4340 1188 4380 me
1222 4324 1396 4380 docet.
1434 4324 1548 4379 Non
1581 4326 1725 4381 enim
1760 4328 1829 4381 ita

229 4416 497 4469 insinuari
526 4417 701 4470 solent
729 4418 923 4471 animis
950 4417 1246 4487 disciplina:
1273 4418 1451 4472 verbis
1472 4458 1488 4482 ,
1539 4428 1597 4473 ut
1648 4421 1829 4488 Operi-

232 4512 335 4563 bus
369 4525 383 4560 :
418 4522 543 4562 nam
575 4509 677 4563 nisi
705 4523 869 4579 Opera
898 4508 1099 4565 habeas
1122 4551 1138 4577 ,
1172 4527 1276 4564 non
1310 4511 1469 4567 modo
1500 4528 1605 4568 non
1634 4513 1829 4582 prodes

229 4601 453 4665 verbis,
488 4601 773 4656 sedetiam
814 4602 983 4673 magis
1031 4618 1213 4659 noces.
1260 4603 1448 4659 Melius
1496 4614 1580 4659 est
1628 4615 1826 4660 tacere.

224 4692 448 4757 Quare?
479 4692 611 4759 Quia
640 4707 751 4747 rem
783 4693 912 4746 mihi
934 4693 1317 4762 impossibilem
1339 4696 1615 4764 proponis.
1638 4694 1828 4767 Cogito

224 4785 380 4837 enim
399 4822 414 4845 .
443 4784 489 4836 si
518 4793 572 4836 tu
598 4785 685 4852 qui
718 4795 862 4839 tanta
890 4785 1146 4853 loqueris,
1178 4801 1283 4839 non
1314 4785 1482 4851 facis;
1518 4788 1687 4841 multo
1716 4805 1829 4843 ma-

223 4880 314 4945 gis
345 4890 433 4930 me
458 4876 607 4930 venia
637 4876 855 4947 dignum
882 4892 1001 4931 esse
1024 4917 1037 4938 ,
1071 4878 1159 4947 qui
1202 4878 1335 4931 nihil
1379 4878 1522 4933 dico.
1577 4879 1702 4935 ideo
1754 4882 1830 4935 ait

225 4966 545 5039 propheta:
581 4966 844 5021 Peccatori
915 4980 1083 5022 autem
1132 4970 1262 5023 dixit
1312 4969 1491 5037 Deus,
1556 4971 1729 5038 Quare
1776 4981 1830 5025 tu

221 5077 446 5114 aratra;
487 5062 716 5132 justitias
767 5078 905 5116 meas
952 5061 1145 5133 (Psal.
1190 5063 1279 5118 49.
1315 5064 1656 5135 i6)?Majus
1683 5067 1827 5120 enim

225 5156 337 5210 hoc
368 5166 749 5210 nocumentum
780 5166 882 5224 est,
915 5172 1035 5212 cum
1067 5158 1187 5227 quis
1214 5168 1363 5214 recte
1392 5160 1595 5214 docens
1624 5161 1825 5228 verbis,

222 5248 535 5302 doctrinam
564 5247 717 5304 factis
748 5250 1039 5321 impugnat.
1073 5252 1183 5305 iloc
1212 5254 1500 5305 multorum
1531 5254 1583 5307 in
1638 5254 1827 5308 Eccle-

222 5341 328 5394 siis
354 5337 455 5394 fuit
480 5354 639 5394 causa
672 5341 953 5397 malorum.
990 5343 1279 5412 Propterea
1314 5344 1590 5412 ignoscite,
1616 5362 1823 5413 quasso,

221 5433 377 5504 quod
400 5448 577 5489 sermo
608 5436 708 5489 hac
733 5437 783 5489 in
819 5452 876 5490 re
900 5437 1106 5507 longius
1138 5448 1405 5490 excurrat.
1459 5438 1607 5491 Multi
1662 5438 1826 5491 multa

224 5527 471 5590 iaciunt,
507 5536 564 5580 ut
591 5527 642 5579 in
672 5527 848 5581 medio
876 5538 1079 5582 stantes
1120 5529 1334 5598 longum
1389 5530 1664 5597 proferant
1712 5542 1828 5581 Ser-

222 5634 450 5673 monem
488 5628 586 5673 :et
629 5620 672 5673 si
724 5621 971 5689 plausum
1024 5622 1378 5674 multitudinis
1425 5630 1823 5690 assequamur,

220 5710 453 5773 perinde
482 5712 716 5780 gaudent
744 5728 806 5767 ac
835 5714 877 5766 si
911 5730 1130 5782 regnum
1173 5715 1563 5775 obtinuissent;
1612 5714 1659 5767 si
1698 5729 1825 5767 vero

221 5817 349 5858 cum
382 5802 597 5858 silentio
641 5803 849 5859 dicendi
898 5808 1056 5859 linem
1110 5803 1343 5873 faciant,
1392 5803 1637 5875 gcltcnna
1690 5803 1821 5873 ipsis

1178 335 1242 392 IN
1285 335 1466 392 ACTA
1505 334 2031 391 APOS‘I‘OLORUM.
2071 332 2299 390 HOMIL.
2352 331 2522 386 XXX.

3437 334 3545 390 9‘26

1949 447 2165 514 gravius
2188 453 2244 499 et
2267 444 2549 498 unerosius
2574 453 2657 497 cst
2693 444 2798 499 tale
2847 445 3141 500 silentium.
3193 445 3305 501 [ιω
3358 446 3549 504 Eccle-

1945 536 2056 590 sias
2089 536 2394 612 syhvertit,
2425 536 2567 606 quod
2608 552 2703 592 vos
2743 553 2849 591 non
2894 540 3149 607 quatratis
3187 539 3348 594 \erba
3392 556 3548 597 cum-

1947 630 2254 697 pnnctionis
2275 673 2289 696 ,
2322 630 2415 684 sed
2444 646 2564 700 qum
2594 630 2867 685 oblectent
2892 642 2945 686 et
2972 647 3109 686 sono
3152 642 3207 688 et
3258 636 3547 691 verborum

1944 723 2358 791 Compositione,
2390 739 2453 778 ac
2475 725 2518 777 si
2550 734 2802 779 cantores
2827 736 2882 779 et
2906 725 3233 782 citharmdos
3246 728 3544 797 audiretis;

1944 825 1997 868 et
2029 830 2127 868 nos
2158 814 2344 883 frigide
2373 831 2437 870 ac
2469 817 2667 871 misere
2707 827 2922 873 vestros
2962 818 3185 875 affectus
3232 836 3545 893 sequamur,

1942 922 2078 976 quos
2107 906 2429 969 exscindere
2455 918 2753 977 oporteret.

2013 998 2067 1052 ι.
2100 998 2442 1068 idipsumque
2483 1000 2740 1065 facimus,
2786 1015 2852 1055 ac
2903 1001 2948 1056 si
2999 1011 3149 1071 pater
3185 1004 3346 1059 nimis
3396 1013 3545 1062 molli

1946 1104 2148 1157 puero,
2180 1091 2280 1144 etsi
2315 1092 2638 1157 infirmanti,
2669 1092 2919 1163 frigidam
2951 1094 3287 1164 placcntam,
3331 1107 3387 1153 et
3424 1116 3545 1170 quae

1943 1182 2117 1234 solum
2150 1182 2423 1236 oblectant
2456 1185 2726 1254 porrigat;
2769 1185 2980 1239 utilium
3030 1201 3162 1242 vero
3200 1190 3402 1243 nullam
3451 1186 3546 1245 cu-

1948 1287 2061 1325 ram
2093 1272 2287 1327 habeat
2319 1290 2333 1325 :
2364 1273 2560 1329 deinde
2586 1291 2615 1329 a
2646 1276 2870 1330 medicis
2898 1276 3213 1347 obiurgatus
3234 1318 3252 1347 ,
3283 1281 3350 1333 ad
3377 1296 3545 1336 excu-

1942 1363 2207 1417 sationem
2239 1362 2415 1429 dicat,
2444 1364 2580 1431 Qnid
2612 1364 2843 1421 faciam?
2869 1366 3089 1423 ﬂentem
3135 1386 3358 1439 puerum
3405 1370 3546 1428 ferre

1945 1468 2173 1523 nequeo.
2204 1454 2386 1519 Miser,
2410 1454 2598 1511 infelix
2620 1468 2673 1512 et
2703 1457 2947 1526 proditor
2979 1477 2991 1512 :
3029 1476 3203 1529 neque
3227 1462 3372 1517 enim
3402 1461 3545 1518 hunc

1945 1556 2149 1615 patrem
2188 1548 2461 1602 dixerim:
2498 1565 2656 1617 quam
2706 1550 2903 1606 melius
2952 1562 3131 1618 esset,
3185 1555 3333 1609 illum
3380 1571 3546 1625 parvi»

1946 1649 2191 1709 tempore
2210 1642 2422 1696 tristitia
2448 1643 2697 1697 affectum
2717 1646 2969 1713 perfecue
2993 1647 3207 1701 sanitati
3234 1649 3541 1717 restituere,

1943 1746 2103 1800 quam
2138 1740 2540 1799 temporaneam
2570 1736 2797 1803 gratiam
2831 1739 3069 1805 perpetui
3120 1742 3371 1794 maeroris
3408 1756 3545 1796 .cau-

1943 1838 2057 1877 sam
2105 1825 2319 1881 facere!
2371 1826 2480 1881 Hoc
2527 1837 2581 1882 et
2628 1845 2726 1884 nos
2781 1830 3039 1899 facimus,
3085 1832 3213 1887 dum
3241 1835 3541 1905 elegantem

1944 1920 2241 1973 orationem
2299 1922 2565 1976 curiosius
2622 1922 2915 1991 quzerimus
2970 1935 3025 1980 et
3095 1927 3543 1996 compositionem

1947 2012 2389 2081 hartnoniamque
2413 2054 2429 2075 ,
2464 2022 2521 2066 ut
2553 2014 2888 2083 placeamus,
2921 2032 3026 2070 non
3056 2027 3113 2072 ut
3144 2021 3451 2088 prosimus;
3484 2031 3543 2075 ut

1942 2101 2282 2156 admirationi
2313 2105 2640 2169 habeamur,
2675 2122 2781 2162 non
2811 2115 2867 2175 ut
2910 2108 3243 2178 doceamus;
3296 2123 3352 2165 ut
3390 2115 3547 2169 oble-

1943 2201 2174 2259 ctcmus,
2195 2209 2299 2249 non
2329 2186 2869 2267 utcompungamus;
2895 2209 2952 2252 ut
2978 2216 3100 2252 cum
3126 2202 3315 2270 plausu
3342 2214 3393 2259 et
3420 2205 3510 2260 lau
3529 2236 3543 2249 ο

1942 2284 2102 2339 dibus
2128 2286 2472 2341 discedamus
2492 2329 2505 2353 ,
2543 2304 2649 2341 non
2677 2299 2735 2343 ut
2762 2304 2943 2345 mores
2973 2307 3386 2364 componamus.

2020 2374 2242 2433 Plausus
2255 2381 2509 2448 quomodo
2536 2379 2816 2451 excipiebat
2841 2380 3545 2454 Chrysostomus.-—Credite

1944 2468 2073 2521 mihi
2097 2484 2203 2523 non
2227 2471 2324 2524 abs
2345 2486 2403 2524 re
2431 2470 2665 2535 dicenti,
2689 2488 2811 2526 cum
2839 2475 3138 2541 przedicans
3165 2478 3411 2533 laudibus
3445 2496 3542 2534 ex.

1941 2563 2113 2632 cipior
2135 2604 2152 2630 ,
2182 2563 2277 2617 illo
2314 2563 2530 2634 quidem
2560 2574 2800 2633 tempore
2842 2565 3133 2621 humanum
3174 2569 3301 2638 quid
3340 2580 3431 2639 pat
3452 2589 3538 2638 or,

1944 2655 2082 2727 (cur
2109 2657 2252 2711 enim
2280 2672 2403 2711 vera
2450 2674 2556 2712 non
2599 2658 2915 2728 dixerim?)
2945 2659 3099 2714 [:etor
3142 2672 3196 2716 et
3242 2664 3491 2719 eiiundor
3522 2684 3537 2719 :

1944 2747 2031 2799 tibi
2063 2760 2197 2802 vero
2222 2746 2440 2801 domqu
2473 2763 2743 2816 reversus,
2771 2753 2951 2819 eogito
2980 2752 3296 2821 plaudentes
3337 2757 3544 2814 nullum

1942 2840 2226 2910 excepisse
2255 2839 2520 2905 fructum;
2558 2842 2653 2895 sed
2682 2842 2725 2895 si
2753 2844 2877 2910 quid
2908 2845 3147 2899 utilitatis
3176 2846 3545 2918 accipiendum

1945 2939 2095 2995 crat,
2128 2930 2257 2985 illud
2285 2946 2351 2986 ex
2380 2932 2571 3000 plausu
2598 2943 2651 2986 et
2683 2930 2933 2988 laudibus
2960 2937 3220 3005 periisse,
3249 2939 3547 2998 discrucior

1944 3029 2000 3076 et
2030 3022 2354 3093 ingemisco,
2385 3026 2673 3096 lacrymor,
2702 3040 2766 3080 ac
2790 3028 2835 3081 si
2863 3031 3041 3083 omnia
3071 3032 3264 3085 frustra
3288 3032 3541 3103 dixerim,

1943 3112 2015 3167 ita
2045 3113 2303 3180 allectus,
2336 3116 2576 3185 mihique
2597 3117 2699 3186 ipsi
2726 3117 2849 3171 dico
2880 3135 2893 3170 :
2926 3121 3057 3185 Qua:
3086 3122 3215 3175 mihi
3259 3138 3332 3179 ex
3377 3126 3544 3182 sudo-

1943 3206 2088 3259 ribus
2116 3205 2355 3275 utilitas,
2405 3222 2528 3262 cum
2570 3209 2844 3264 auditores
2884 3211 3014 3264 nihil
3056 3228 3127 3267 ex
3178 3214 3361 3272 Verbis
3410 3220 3547 3274 meis

1945 3300 2187 3354 utilitatis
2205 3303 2482 3371 percipere
2508 3303 2810 3358 voluerint?
2839 3321 3091 3376 sa-peque
3116 3311 3344 3380 cogitavi
3373 3313 3546 3385 legent

1945 3393 2186 3461 proferre
2212 3394 2432 3475 plausus
2463 3394 2836 3463 prohibentem
2859 3440 2873 3462 ,
2909 3410 2963 3451 et
2994 3402 3321 3467 persuadere
3348 3406 3502 3460 vobis
3524 3447 3544 3475 ,

1949 3495 2005 3538 ut
2034 3502 2154 3539 cum
2188 3486 2402 3541 silentio
2452 3488 2681 3543 audiatis
2731 3499 2786 3543 et
2832 3504 2955 3543 cum
2999 3492 3211 3548 dt-centi
3258 3500 3543 3554 modestia.

1944 3578 2051 3632 Sed
2090 3577 2355 3633 sustinete
2379 3619 2395 3644 ,
2426 3594 2611 3649 qttteso
2631 3622 2646 3644 ,
2678 3591 2733 3637 et
2754 3581 2961 3637 credite
2988 3582 3153 3648 mihi;
3198 3601 3261 3640 ac
3274 3626 3291 3652 ,
3333 3590 3378 3641 si
3424 3589 3545 3658 pla-

1941 3682 2026 3725 cet
2046 3712 2061 3736 ,
2096 3670 2235 3725 banc
2264 3669 2543 3727 firmemus
2572 3672 2745 3742 legem
2777 3691 2790 3727 :
2820 3688 2890 3728 ne
2917 3673 3004 3730 cui
3028 3676 3336 3732 auditorum
3381 3680 3545 3736 liceat

1942 3764 2250 3835 loquentem
2297 3765 2571 3833 plausibus
2617 3765 2998 3836 interpellare;
3049 3766 3148 3822 sed
3191 3770 3237 3823 si
3285 3770 3544 3829 admirari

1940 3857 2193 3919 voluerit,
2226 3857 2395 3913 silens
2420 3858 2719 3913 admiretur
2752 3877 2765 3913 :
2798 3874 2960 3914 nemo
2989 3862 3334 3930 prohibebit:
3367 3867 3545 3923 omnis

1938 3962 2065 4001 cura
2091 3988 2107 4013 ,
2136 3962 2297 4003 omne
2323 3949 2561 4004 studium
2588 3951 2694 4016 sit,
2722 3960 2781 4005 ut
2805 3952 2947 4007 dicta
2973 3939 3330 4023 excipiantur.
3363 3944 3544 4025 Quare

1938 4042 2323 4112 applausistis?
2348 4042 2462 4098 Hac
2504 4042 2571 4098 de
2618 4061 2677 4099 re
2722 4043 2894 4116 legem
2926 4062 3067 4116 pono
3103 4066 3116 4102 :
3146 4063 3244 4111 vos
3294 4037 3425 4107 vero
3476 4068 3545 4107 ne

1938 4136 2125 4189 audire
2155 4136 2373 4205 quidem
2414 4137 2716 4191 sustinetis.
2748 4137 2803 4191 Id
2834 4138 3126 4193 multorutn
3167 4156 3329 4196 causa
3368 4143 3544 4199 bonos

1937 4244 2058 4281 rum
2085 4228 2188 4304 erit
2209 4268 2224 4293 ,
2255 4227 2717 4299 philosophiaeque
2740 4229 3047 4299 disciplina.
3103 4232 3322 4287 Externi
3368 4236 3544 4304 philo-

1937 4320 2092 4388 SOplti
2132 4320 2505 4386 disserebant,
2556 4324 2770 4377 nemine
2811 4338 3064 4392 umquam
3117 4328 3442 4394 plaudente;
3487 4340 3545 4385 et

1936 4413 2164 4481 apostoli
2196 4413 2676 4479 concionabantur,
2708 4429 2887 4485 neque
2910 4418 3117 4487 uspiam
3146 4416 3362 4488 legitur,
3394 4422 3543 4491 ipsos

1939 4508 2225 4577 loquentes
2252 4509 2322 4563 ab
2350 4507 2695 4563 auditoribus
2721 4507 2889 4563 fuisse
2918 4508 3107 4579 plausu
3147 4513 3537 4583 interpellatos.

1934 4600 2179 4670 Magnum
2208 4601 2307 4655 hoc
2334 4601 2490 4655 nobis
2510 4600 2717 4655 lucrum
2737 4602 2861 4655 erit.
2882 4601 2989 4656 Sed
3008 4603 3350 4659 stabiliainus
3369 4606 3499 4662 illud
3520 4625 3538 4665 :

1935 4708 2055 4747 cum
2088 4693 2304 4747 silentio
2332 4706 2523 4747 omnes
2567 4692 2882 4758 audiamus,
2933 4694 3224 4764 omniaque
3266 4696 3538 4756 dicamus.

1936 4785 2159 4839 Etiamsi
2190 4796 2310 4854 post
2340 4788 2585 4854 plausum
2612 4785 3053 4853 discederemus,
3086 4804 3206 4858 qua:
3235 4790 3541 4847 audixiinus

1923 4878 2229 4933 retinentes
2258 4920 2274 4945 ,
2313 4894 2486 4947 neque
2519 4880 2597 4933 sic
2625 4882 2786 4933 etiam
2820 4881 2967 4935 utilis
2993 4879 3114 4937 laus
3138 4893 3283 4938 esset
3314 4884 3538 4955 (verum

1936 4984 2041 5021 non
2096 4971 2321 5023 ulterius
2370 4969 2725 5039 disquirerem
2763 4990 2776 5025 :
2811 4988 2879 5026 ne
2926 4974 3047 5042 quis
3087 4989 3184 5031 me
3224 4978 3539 5035 rusticitatis

1933 5063 2181 5132 accuset)
2225 5080 2237 5115 :
2285 5064 2409 5132 quia
2464 5078 2594 5117 vero
2641 5064 2771 5118 nihil
2814 5063 2944 5121 hinc
2984 5066 3154 5132 lucri,
3210 5069 3317 5123 imo
3363 5075 3541 5141 potius

1934 5156 2229 5221 damnum,
2281 5155 2559 5209 solvamus
2593 5154 3080 5224 impedimentum,
3124 5161 3323 5216 anima:
3369 5165 3543 5221 saltus

1935 5248 2057 5302 illos
2101 5247 2353 5303 tollamus
2399 5248 2907 5318 exscindamusque.
2950 5250 3198 5305 Christus
3244 5254 3298 5307 in
3354 5266 3542 5313 monte

1933 5339 2283 5395 conciouatus
2308 5347 2417 5404 est;
2448 5348 2501 5392 et
2534 5354 2694 5393 nemo
2723 5338 2999 5410 quidpiam
3040 5342 3212 5406 dixit,
3252 5344 3429 5401 dones
3477 5352 3542 5401 li-

1934 5448 2057 5486 nem
2086 5432 2297 5485 dicendi
2322 5430 2470 5485 fecit.
2502 5431 2643 5484 Nihil
2674 5431 2859 5486 damni
2903 5431 3041 5487 facio
3078 5434 3175 5499 iis,
3217 5438 3308 5505 qui
3357 5440 3541 5507 plaudi

1934 5525 2284 5591 desiderant;
2330 5526 2437 5581 imo
2485 5524 2536 5577 id
2579 5523 2799 5590 efficio,
2852 5534 2913 5579 ut
2958 5527 3131 5595 magis
3179 5526 3537 5586 admirentur.

1932 5618 2097 5673 Multo
2128 5618 2318 5673 melius
2345 5628 2427 5672 est
2458 5633 2579 5671 cum
2612 5617 2831 5672 silentio
2875 5616 3184 5675 audientem
3204 5658 3223 5686 ,
3263 5620 3316 5674 in
3359 5634 3541 5679 mente

1932 5721 1987 5766 et
2014 5712 2273 5766 memoria
2300 5711 2449 5766 omni
2482 5720 2730 5778 tempore
2760 5708 3049 5778 plaudere,
3080 5710 3266 5779 domi,
3306 5713 3359 5767 in
3384 5712 3538 5780 foro;

1939 5821 2098 5873 quam
2124 5806 2342 5860 amissis
2367 5803 2617 5860 omnibus
2645 5803 2866 5859 domum
2894 5803 3086 5887 redire.
3108 5819 3333 5861 vacuum
3356 5848 3372 5876 ,
3420 5807 3537 5861 ttul-
