4084 6332
635 437 739 492 ΞΞῚ

638 553 742 605 lam
772 548 1047 603 habentem
1081 542 1355 614 plausuum
1381 557 1616 596 causam.
1644 539 1925 607 Quomodo
1948 538 2088 593 enim
2108 551 2211 591 non

636 642 893 696 ridiculus
911 639 1011 692 erit
1040 636 1291 690 auditor?
1322 633 1586 705 quomodo
1618 648 1722 685 non
1751 632 1996 686 adulator
2022 641 2074 684 et
2104 630 2215 683 irri-

636 747 726 787 sor
754 730 1021 797 potabitur
1040 770 1054 792 ,
1084 730 1172 799 qui
1200 736 1343 782 recte
1369 728 1641 795 loquutum
1669 739 1790 778 esse
1818 723 2089 777 doctorem
2121 723 2211 776 de-

634 826 829 888 clarat,
864 838 959 874 nec
988 822 1113 890 quid
1145 821 1335 874 dixerit
1365 817 1604 887 proferre
1631 816 1844 884 potest?
1881 815 1992 868 Hoc
2024 813 2209 866 adula-

635 918 791 970 tionis
813 927 912 970 est.
938 915 1068 968 Nam
1096 915 1164 973 ei,
1196 913 1283 981 qui
1313 910 1635 965 citharoedos
1661 919 1713 963 et
1744 907 2012 975 tragmdos
2041 905 2207 971 audit,

634 1011 683 1063 id
711 1010 832 1079 jure
863 1008 1090 1069 accidit,
1124 1016 1302 1073 utpote
1334 1005 1422 1074 qui
1452 1005 1658 1057 nesciat
1688 1002 1877 1055 similia
1919 1000 2161 1070 proferre
2194 1016 2206 1051 :

633 1104 719 1157 ubi
750 1112 924 1155 autem
954 1116 1051 1153 nec
1076 1109 1263 1153 cantus
1293 1112 1390 1151 nec
1418 1094 1709 1149 modulatio
1736 1092 1918 1157 adest,
1949 1090 2045 1144 sed
2089 1105 2212 1144 sen-

633 1196 811 1249 tentiae
840 1194 1012 1245 Solum
1042 1200 1095 1243 et
1123 1188 1473 1259 phil050phia)
1507 1186 1679 1238 virtus
1704 1225 1717 1247 ,
1759 1198 1877 1253 qua:
1916 1182 2082 1236 cuivis
2124 1181 2209 1233 di-

630 1302 752 1340 cere
780 1294 833 1337 et
881 1285 1163 1337 enuntiare
1208 1281 1360 1333 facile
1403 1287 1525 1342 est;
1566 1276 1832 1347 quomodo
1874 1289 1977 1327 non
2022 1272 2210 1341 dignus

628 1376 998 1445 objurgatione
1026 1384 1108 1427 est
1134 1414 1148 1437 ,
1176 1373 1263 1441 qui
1294 1386 1361 1423 ne
1386 1383 1599 1423 causam
1644 1365 1858 1435 quidem
1899 1363 2079 1417 dicere
2111 1378 2206 1428 po-

630 1478 769 1531 test,
801 1482 897 1519 cur
920 1467 1326 1519 concionautem
1372 1458 1714 1514 laudaverit?
1760 1456 1899 1509 Nihil
1945 1455 2013 1507 ita
2056 1453 2209 1507 decet

628 1558 938 1617 ecclesiam,
984 1564 1040 1608 ut
1090 1554 1357 1608 silentium
1407 1560 1460 1604 et
1507 1548 1787 1603 modestia.
1820 1547 2105 1601 Tumultus
2134 1545 2200 1597 ad

630 1650 828 1702 theatra
861 1646 1122 1715 pertinet,
1155 1646 1218 1697 ad
1246 1644 1433 1697 balnea
1454 1684 1467 1705 ,
1494 1639 1560 1695 ad
1590 1655 1812 1710 pompas
1834 1682 1847 1700 ,
1891 1639 1955 1691 ad
1990 1637 2160 1691 forum
2189 1652 2203 1689 :

628 1740 714 1793 ubi
740 1754 866 1792 vero
895 1738 1073 1789 talium
1104 1736 1409 1804 doginatnm
1437 1731 1674 1785 doctrina
1704 1740 1818 1791 est.
1846 1730 1913 1783 ibi
1949 1727 2205 1796 tranquil-

628 1830 779 1894 litas,
836 1830 1023 1895 quies,
1071 1824 1445 1896 philosophia,
1494 1830 1548 1877 et
1589 1831 1774 1891 portus
1820 1834 2041 1889 magnus
2088 1832 2206 1873 esse

624 1923 800 1977 debet.
831 1921 985 1979 Hcce.
1021 1935 1118 1972 oro
1142 1928 1197 1970 et
1224 1918 1478 1979 obsecro,
1530 1928 1718 1968 omnes
1759 1912 1959 1966 sciatis.
2005 1908 2206 1964 Omnes

622 2015 819 2067 circum
854 2011 1041 2063 modos
1069 2008 1311 2077 exploro,
1340 2006 1493 2077 queis
1522 2014 1707 2071 potero
1733 2002 1926 2057 vestris
1955 2000 2205 2070 prodesse

625 2106 924 2157 animabus.
965 2101 1078 2155 Non
1110 2102 1329 2169 exiguus
1362 2099 1449 2151 ille
1476 2097 1601 2150 mihi
1633 2095 1821 2148 modus
1849 2093 2087 2157 videtur,
2114 2091 2201 2159 qui

625 2212 728 2249 non
760 2195 911 2248 vobis
943 2204 1182 2258 tantum,
1213 2192 1303 2245 sed
1331 2189 1489 2244 etiam
1523 2187 1651 2241 mihi
1682 2186 1936 2255 proderit.
1980 2183 2094 2237 Non
2128 2184 2203 2235 si-

625 2300 714 2343 net
740 2305 835 2341 nos
864 2286 1129 2355 prosterni
1156 2328 1170 2349 ,
1203 2299 1377 2352 neque
1406 2281 1591 2335 laudes
1620 2290 1673 2332 et
1712 2278 1937 2347 gloriam
1982 2290 2162 2328 amare
2185 2315 2199 2339 ,

625 2396 795 2449 neque
825 2378 1145 2432 obleczantia
1179 2376 1355 2443 loqui,
1390 2373 1482 2427 sed
1512 2372 1660 2425 utilia
1695 2386 1708 2421 :
1744 2384 1915 2437 neque
1962 2368 2015 2421 in
2054 2382 2202 2421 com-

623 2474 885 2543 positione
909 2481 962 2523 ct
986 2468 1241 2537 elegantia
1274 2466 1567 2526 dictorum,
1612 2461 1703 2514 sed
1757 2461 1808 2512 in
1855 2461 1901 2511 vi
1949 2473 2196 2512 sensuum

620 2565 762 2619 omni
798 2564 1051 2630 temporis
1082 2565 1351 2611 momento
1378 2556 1594 2608 versari.
1625 2552 1910 2622 Ingredere
1938 2552 1991 2603 in
2026 2553 2197 2618 picto-

1304 430 1359 486 S.
1399 428 1674 484 JOANNIS
1712 425 2185 481 CIIRYSOSTOMI
2226 424 2540 478 AliClllEP.
2582 423 3115 481 CONSTANTINOP.

3804 426 3911 484 ω

2323 539 2397 590 ris
2428 536 2697 592 officinam
2724 578 2741 603 ,
2770 548 2824 591 et
2857 540 2964 593 illic
2995 541 3218 594 multum
3256 540 3567 595 obsenabis
3612 542 3911 597 silentium.

2320 630 2385 684 Et
2417 630 2500 682 hic
2530 632 2689 683 etiam
2717 640 2835 684 esto
2865 647 2878 682 :
2914 648 3033 685 nam
3068 632 3154 686 hic
3179 647 3391 701 quoque
3432 632 3607 701 regias
3640 634 3914 704 pingimus

2320 722 2577 790 imagines
2601 764 2616 788 ,
2646 733 2701 775 et
2731 723 2930 777 nullam
2960 726 3149 788 privati
3184 724 3415 778 hominis
3440 767 3454 786 ,
3487 725 3556 777 ob
3580 725 3781 778 coloris
3802 726 3910 777 vir-

2319 820 2502 866 tutem.
2536 811 2670 879 Quid
2702 814 2803 869 hoc
2828 816 2949 869 est?
2979 830 3191 869 rursum
3238 816 3518 885 plauditis?
3571 814 3690 869 Non
3742 813 3916 870 facitis

2316 921 2401 962 res
2431 906 2638 961 videtur
2661 949 2677 974 ,
2711 908 2919 978 hocque
2945 924 3052 962 non
3081 924 3146 963 ex
3176 918 3361 963 natura
3388 952 3403 976 ,
3438 909 3532 964 sed
3569 924 3637 963 ex
3675 924 3913 963 consue-

2318 997 2499 1051 tudine
2522 1039 2535 1063 ,
2568 996 2802 1052 nondum
2833 998 3123 1053 emendare
3151 999 3425 1055 didicisse.
3452 1000 3618 1055 Stilus
3644 1016 3776 1070 ergo
3814 1017 3914 1055 no-

2317 1086 2400 1141 bis
2427 1097 2509 1141 est
2532 1089 2704 1157 lingua
2724 1131 2739 1156 ,
2767 1088 2963 1145 artifex
2993 1090 3223 1160 Spiritus
3252 1102 3487 1147 sanctus.
3521 1093 3613 1148 Dic
3643 1092 3777 1147 mihi
3813 1110 3827 1147 :
3858 1095 3911 1147 in

2317 1181 2586 1251 mysteriis
2614 1198 2681 1235 an
2725 1184 2983 1239 tumultus
3008 1226 3021 1248 ,
3051 1200 3116 1237 an
3146 1184 3379 1240 turbatio
3403 1185 3517 1238 est?
3556 1186 3691 1239 Cum
3738 1186 3915 1257 bapti-

2314 1286 2502 1325 zamur
2521 1314 2536 1336 ,
2577 1288 2698 1326 cum
2727 1272 2827 1325 alia
2856 1275 3034 1327 omnia
3068 1274 3293 1329 facimus
3313 1317 3325 1337 .
3359 1291 3541 1330 annon
3575 1277 3732 1345 quies
3758 1287 3817 1332 et
3841 1279 3915 1332 si-

2312 1360 2536 1416 lentium
2563 1364 2741 1417 omnia
2768 1363 3047 1419 detinent'
3074 1366 3096 1418 ἲ
3124 1366 3251 1421 Hrec
3278 1368 3331 1421 in
3387 1368 3520 1424 celo
3564 1369 3917 1439 pulchritudo

2312 1452 2553 1522 dispersa
2576 1465 2679 1508 est.
2709 1454 2837 1509 ldeo
2858 1455 2997 1524 apud
3026 1457 3257 1526 gentiles
3284 1458 3425 1512 male
3449 1459 3697 1514 audimus
3715 1500 3732 1524 ,
3758 1463 3911 1531 quasi

2311 1542 2380 1596 ad
2406 1548 2818 1600 ostentationem
2849 1558 2903 1601 et
2928 1548 3185 1601 ambitum
3216 1550 3394 1602 omnia
3426 1547 3704 1605 faciamus.
3728 1551 3839 1606 Sed
3863 1552 3912 1605 si

2312 1635 2414 1691 hoc
2431 1638 2764 1705 cohibeatur,
2793 1642 2951 1694 etiam
2978 1643 3269 1710 primarum
3293 1643 3500 1697 scdium
3519 1658 3674 1697 amor
3702 1646 3913 1698 exatin-

2310 1740 2520 1798 guetur.
2554 1730 2796 1798 Sufficit,
2836 1735 2881 1787 si
2929 1736 3049 1803 quis
3085 1734 3270 1789 laudes
3309 1746 3486 1799 amat,
3519 1737 3563 1790 si
3607 1746 3729 1805 post
3770 1751 3908 1791 ccu-

2311 1825 2519 1878 cionem
2544 1824 2663 1878 illas
2685 1838 3033 1895 assequatur,
3068 1843 3189 1883 cum
3231 1828 3438 1883 fruetus
3476 1831 3708 1900 colliget.
3756 1830 3912 1901 Rogo

2312 1913 2452 1967 hanc
2486 1916 2761 1969 firmemus
2792 1917 3000 1987 legem;
3030 1930 3087 1972 ut
3108 1935 3229 1974 cum
3256 1923 3433 1974 omnia
3465 1921 3763 1977 secundum
3816 1924 3908 1977 Dei

2310 2006 2563 2075 placitum
2590 2007 2876 2063 fecerimus
2898 2052 2912 2075 ,
2947 2011 3063 2081 ejus
3090 2013 3373 2066 clementia
3400 2013 3699 2083 dignemur.
3737 2017 3914 2084 gratia

2309 2108 2363 2151 et
2390 2101 2822 2157 liiseratiOnibus
2850 2102 3117 2173 Unigeuiti
3148 2105 3265 2171 ejus
3285 2145 3301 2170 ,
3332 2104 3543 2159 Domini
3577 2108 3749 2160 nostri
3773 2107 3908 2163 Iesu

2309 2189 2503 2245 Christi
2528 2234 2543 2257 ,
2571 2195 2785 2262 quicum
2812 2194 2955 2249 Patri
2984 2207 3039 2251 et
3064 2197 3288 2266 Spiritui
3323 2210 3509 2252 sancto
3549 2199 3717 2269 gloria
3740 2242 3755 2263 ,
3805 2202 3909 2254 int—

2311 2286 2514 2353 perium
2541 2329 2554 2351 ,
2591 2287 2791 2354 honor,
2822 2305 2962 2344 nunc
2988 2300 3042 2345 et
3067 2306 3280 2360 semper
3301 2333 3317 2360 ,
3348 2293 3477 2347 etin
3508 2293 3706 2349 sarcula
3732 2310 3911 2351 sum

2312 2378 2504 2431 lorum.
2536 2384 2727 2434 Amen.

2373 2560 2390 2592 ί
2424 2560 2523 2609 Alii
2548 2561 2749 2620 habent,
2767 2575 2919 2612 nonne
2934 2562 3092 2626 quiete
3112 2570 3158 2613 et
3180 2563 3369 2615 silentio
3390 2564 3549 2613 onmia
3570 2563 3919 2618 honestarum?

617 2667 3905 2696 MM

1903 2731 2251 2793 HOMILIA
2293 2732 2536 2792 xxxx.
2575 2712 2578 2719 ’

614 2895 739 2950 CAP.
766 2894 852 2947 M.
879 2906 932 2943 v.
968 2891 1053 2944 15.
1088 2886 1183 2939 His
1211 2885 1397 2937 auditis
1426 2882 1640 2951 apostoli
1669 2877 1929 2932 Barnabas
1964 2886 2010 2929 et
2059 2874 2198 2927 Pau—

684 2982 1059 3049 lus,conscissis
1089 2980 1301 3033 vestibus
1328 2976 1431 3029 suis
1456 2973 1752 3027 exsilierunt
1780 2972 1831 3021 in
1854 2970 2071 3031 turbam,
2089 2966 2196 3018 cla-

685 3087 876 3130 montes
906 3075 993 3129 14.
1022 3082 1065 3124 et
1094 3073 1310 3122 dicentes
1339 3084 1356 3120 :
1392 3065 1537 3128 Viri,
1566 3065 1687 3134 quid
1716 3064 1820 3115 haec
1844 3060 2051 3129 facitis?
2083 3058 2195 3114 Nos

682 3172 867 3225 similes
893 3169 1027 3220 vobis
1060 3164 1317 3233 passibiles
1344 3175 1517 3212 sumus
1540 3156 1784 3215 homines,
1832 3151 2191 3205 annuntiantes

683 3261 819 3317 vobis
845 3260 906 3311 ab
931 3258 1006 3310 his
1034 3255 1172 3307 vanis
1201 3251 1417 3304 converti
1438 3248 1504 3300 ad
1529 3246 1693 3298 Deum
1734 3244 1897 3296 vivum
1917 3283 1933 3307 ,
1962 3242 2047 3310 qui
2078 3240 2195 3310 fecit

685 3356 861 3407 ctelum
883 3358 929 3404 et
957 3360 1141 3423 terram
1171 3358 1215 3398 et
1242 3358 1396 3406 mare,
1430 3350 1473 3393 et
1501 3338 1670 3391 omnia
1692 3350 1804 3405 qua:
1828 3334 1881 3385 in
1908 3334 1979 3385 eis
2000 3342 2137 3385 sunt.

689 3448 739 3499 1.
760 3445 888 3498 Vide
904 3439 1176 3511 apostolos
1205 3435 1380 3489 omnia
1404 3447 1525 3485 cum
1550 3428 1887 3483 vehementia
1912 3425 2187 3479 facientes.

620 3540 897 3595 Scideruut
920 3544 1115 3597 vestes,
1145 3531 1475 3591 exsilierunt,
1508 3526 1840 3584 clamarunt;
1870 3534 1989 3589 qua:
2010 3515 2189 3571 omnia

612 3651 677 3690 ex
706 3632 984 3686 affectione
1028 3626 1188 3679 animi
1232 3621 1518 3685 faciebant,
1563 3624 1907 3675 aversantes,
1935 3621 1989 3665 et
2020 3610 2191 3663 luctus

611 3726 759 3795 signa
802 3722 1011 3776 dantes.
1058 3717 1255 3773 Luctus
1301 3713 1495 3783 quippe
1537 3723 1661 3763 vere
1702 3714 1839 3770 erat,
1872 3706 2040 3757 luctus
2082 3715 2187 3754 non

610 3794 973 3874 consolabilis,
1000 3810 1043 3863 si
1074 3806 1285 3877 quidem
1309 3804 1601 3858 voluissent
1628 3815 1723 3869 pro
1752 3797 1852 3852 diis
1890 3794 2102 3858 haberi,
2135 3802 2189 3846 et

612 3906 961 3961 idololatriam
1004 3898 1447 3965 inducere,quam
1486 3892 1714 3945 solutum
1740 3894 2014 3941 venerant.
2053 3882 2186 3936 Illud

612 4013 771 4069 porro
798 4005 911 4050 erat
939 3991 1132 4046 diaboli
1162 3988 1663 4041 machinamentum.
1712 3983 1779 4033 At
1805 3978 1876 4031 illi
1907 3993 2009 4029 non
2038 3974 2187 4044 quie-

609 4068 781 4155 SCunt,
811 4086 903 4141 sed
934 4083 1098 4154 quid?
1145 4079 1257 4135 Nos
1287 4077 1475 4132 similes
1526 4072 1662 4127 vobis
1706 4068 1965 4140 passibiles
2014 4083 2186 4120 sanius

610 4185 866 4245 homines,
898 4177 1155 4245 inquiunt.
1193 4172 1383 4227 Statim
1404 4169 1471 4221 ab
1504 4166 1654 4221 initio
1677 4162 1873 4217 malum
1905 4160 2185 4214 subverte-

610 4285 733 4332 runt
762 4293 775 4327 :
811 4287 913 4326 nou
941 4270 1191 4322 dixerunt
1216 4263 1547 4332 simpliciter,
1582 4256 1863 4319 Homines;
1890 4252 2005 4317 sed,
2040 4252 2185 4305 Sicut

610 4387 713 4425 vos.
751 4364 969 4425 Deinde,
995 4376 1059 4415 ne
1091 4358 1397 4413 viderentur
1435 4355 1563 4407 deos
1596 4347 1859 4413 venerari,
1890 4345 2013 4398 audi
2057 4342 2183 4412 quid

608 4460 860 4529 adjiciant
888 4473 902 4509 :
933 4451 1299 4517 Annitntiantes
1337 4445 1473 4499 vobis
1502 4444 1563 4495 ab
1588 4442 1665 4495 Itis
1688 4439 1829 4493 vanis
1873 4435 2092 4490 converti
2118 4433 2187 4488 ad

611 4558 771 4608 Deum
799 4552 985 4611 vivum,
1012 4546 1097 4613 qui
1120 4544 1235 4613 fecit
1260 4540 1439 4595 etclam
1462 4547 1508 4591 et
1537 4547 1719 4589 terram
1748 4544 1796 4587 et
1822 4548 1978 4594 mare,
2003 4540 2049 4585 et
2076 4546 2183 4583 om-

610 4651 696 4701 nia
722 4661 831 4716 qua:
854 4645 908 4697 in
932 4643 1001 4695 eis
1030 4649 1145 4693 sunt
1170 4635 1341 4705 (Psal.
1375 4634 1497 4687 145.
1522 4631 1599 4700 6).
1628 4629 1861 4684 Observa
1888 4626 2008 4679 illos
2031 4638 2185 4677 num-

608 4757 765 4811 quam
814 4750 1110 4792 memorare
1156 4731 1477 4801 prophetas,
1521 4740 1694 4794 neque
1738 4722 1936 4785 dicere,
1988 4733 2089 4788 qua
2117 4716 2184 4770 de

606 4850 767 4892 causa
809 4847 930 4886 cum
952 4832 1015 4883 sit
1044 4829 1277 4881 omnium
1322 4824 1567 4887 Creator,
1595 4829 1782 4889 gentes
1831 4817 2046 4885 reliquit
2073 4813 2181 4867 suis

608 4930 706 4983 frui
735 4923 978 4996 legibus?
1009 4924 1095 4977 15.
1119 4920 1216 4987 Qui
1243 4920 1294 4970 in
1310 4916 1570 4987 prateritis
1598 4908 1999 4985 generationibus
2027 4906 2180 4960 dimi-

606 5024 669 5073 sit
699 5035 868 5073 omnes
908 5024 1073 5087 gentes
1097 5014 1167 5064 ire
1196 5010 1302 5063 vias
1339 5026 1479 5061 suas.
1505 5006 1655 5073 Quod
1700 5003 1985 5065 dimiserit,
2015 5000 2177 5065 dicit;

606 5130 699 5168 cur
738 5122 917 5165 autem
955 5104 1233 5168 dimiserit,
1266 5117 1370 5156 non
1410 5099 1589 5161 addit;
1635 5096 1845 5150 interim
1873 5094 1927 5147 in
1949 5108 2013 5147 eo
2038 5092 2179 5161 quod

611 5205 826 5275 urgebat
873 5198 1135 5260 subsistit,
1171 5195 1367 5251 Christi
1414 5206 1608 5246 nomen
1650 5201 1909 5256 nusquam
1954 5197 2178 5255 ponens.

613 5300 693 5351 16.
718 5296 781 5349 Et
808 5297 1007 5364 quidem
1038 5308 1138 5344 non
1164 5292 1269 5343 sine
1297 5288 1579 5342 testimonio
1605 5287 1927 5352 semetipsum
1954 5279 2178 5348 reliquit,

606 5388 915 5457 benefaciens
946 5386 1007 5438 de
1027 5384 1179 5446 caelo,
1214 5380 1351 5434 nobis
1382 5380 1508 5432 dans
1530 5378 1721 5447 pluvias
1746 5386 1791 5428 et
1820 5383 2044 5439 tempora
2064 5374 2181 5441 fru-

605 5482 806 5549 ctifera,
829 5478 1041 5546 implens
1066 5476 1174 5529 cibo
1204 5484 1246 5526 et
1273 5474 1447 5527 latitia
1468 5470 1623 5523 corda
1660 5478 1854 5520 nostra.
1880 5465 2033 5529 Vide,
2074 5478 2179 5517 non

608 5572 719 5625 vult
756 5570 1148 5624 accusa-tionem
1199 5580 1382 5619 eorum
1428 5576 1639 5631 augere,
1680 5560 1771 5614 sed
1811 5557 1985 5627 potius
2024 5556 2182 5610 docet

607 5666 749 5727 illos,
775 5672 831 5717 ut
860 5661 1036 5715 omnia
1076 5658 1142 5713 ad
1188 5658 1353 5711 Deum
1389 5654 1646 5709 referant.
1690 5650 1995 5705 Didicerant
2034 5647 2179 5702 enim

608 5774 711 5812 non
737 5758 809 5811 ita
837 5754 1152 5809 studendum
1181 5767 1299 5807 esse
1323 5748 1517 5820 aliquid
1538 5747 1645 5801 Deo
1660 5733 1883 5815 dignum
1901 5744 2101 5806 dicere,
2120 5750 2183 5795 ut

607 5849 934 5905 auditoribus
962 5847 1088 5901 utile
1115 5845 1238 5915 quid
1267 5842 1525 5913 proferre.
1556 5840 1689 5893 Vide
1714 5835 1983 5909 quomodo
2004 5834 2179 5888 laten-

611 5954 691 5999 ter
730 5940 1118 5997 accusationem
1166 5939 1384 6009 ingerat.
1435 5934 1665 6003 Etenim,
1694 5933 1739 5989 si
1785 5932 1887 5987 hoc
1930 5927 2175 5996 faciebat,

2307 2875 2589 2944 oportebat
2634 2874 2793 2943 plecti
2831 2889 2945 2937 eos,
2992 2876 3081 2945 qui
3110 2883 3188 2929 tot
3229 2875 3386 2930 bonis
3426 2875 3686 2941 fruentes,
3720 2876 3909 2944 ipsum

2302 2982 2408 3019 non
2450 2977 2505 3017 ut
2550 2966 2867 3020 nutritorem
2910 2967 3315 3036 agnoscebant:
3353 2985 3536 3023 vermn
3587 2984 3693 3023 non
3722 2969 3902 3039 palam

2303 3057 2451 3121 dicit,
2501 3058 2593 3111 sed
2618 3057 2939 3122 subindicat,
2978 3058 3058 3111 De
3089 3062 3213 3113 creto
3252 3062 3416 3127 nobis,
3449 3061 3718 3130 inquiens,
3768 3064 3906 3117 dans

2302 3149 2522 3219 pluvias.
2554 3148 2642 3204 Sic
2668 3162 2720 3204 et
2744 3151 2907 3204 David
2930 3152 3141 3207 dicebat
3171 3170 3184 3205 :
3219 3154 3263 3205 Α
3290 3157 3461 3223 fructu
3502 3134 3767 3223 μήτρωα,
3796 3155 3904 3209 riui

2299 3254 2346 3295 et
2377 3243 2474 3295 olei
2521 3244 2603 3296 sui
2645 3244 2970 3313 multiplicati
3010 3254 3127 3297 sunt
3155 3244 3326 3314 (Psal.
3356 3246 3410 3300 4.
3442 3246 3522 3316 3);
3561 3256 3615 3299 et
3658 3262 3806 3315 Sil'pe
3830 3247 3912 3303 «ιθ

2298 3336 2567 3389 creatione
2614 3335 2904 3401 disserens,
2955 3337 3135 3390 hocin
3178 3337 3411 3391 medium
3456 3338 3694 3393 adducit.
3738 3338 3900 3394 Jeru-

2298 3426 2433 3478 mias
2462 3437 2637 3480 autem
2672 3427 2844 3496 primo
2873 3428 3199 3483 creationem
3219 3470 3233 3494 ,
3264 3428 3457 3483 deinde
3495 3428 3901 3497 providentiam

2297 3518 2590 3585 pluxiarum
2616 3517 2746 3572 dicit
2775 3517 2909 3587 (Jer.
2941 3520 2996 3573 5.
3019 3519 3134 3589 24).
3168 3521 3350 3589 Itaque
3382 3520 3501 3573 inde
3528 3520 3752 3574 edoctus
3780 3521 3894 3574 ait:

2296 3609 2526 3680 Implens
2550 3611 2658 3665 cibo
2688 3622 2734 3665 et
2764 3614 2959 3666 latitia.
3007 3612 3138 3667 Cum
3184 3612 3507 3668 liberalitate
3546 3612 3895 3678 alimentum,

2297 3719 2395 3758 nec
2418 3705 2575 3758 modo
2600 3705 2668 3759 ad
2692 3705 3046 3775 frugalitatem
3074 3715 3129 3758 et
3150 3720 3327 3759 usum.
3363 3705 3448 3759 17.
3482 3703 3547 3757 Et
3571 3704 3679 3757 lucc
3709 3706 3895 3758 dicen-

2294 3804 2384 3859 tes,
2416 3797 2499 3849 vix
2544 3798 2844 3850 sedaverunt
2892 3798 3085 3863 turbas,
3130 3814 3191 3850 ne
3232 3798 3327 3851 sibi
3372 3796 3715 3849 imntolarent.
3742 3797 3812 3852 Et
3838 3799 3892 3853 in

2295 3888 2397 3941 hoc
2439 3889 2667 3942 maxime
2713 3888 3050 3942 admirationi
3092 3887 3332 3944 fuerunt.
3385 3888 3571 3943 Viden‘
3614 3904 3713 3945 eos
3758 3891 3894 3945 satis

2294 3979 2563 4043 habuisse,
2587 3979 2727 4049 quod
2769 3981 3028 4034 insaniam
3075 3979 3221 4034 illaut
3270 3982 3633 4035 avertissent?
3664 3983 3749 4037 18.
3786 3982 3893 4039 διι-

2291 4083 2619 4144 pervenerunt
2660 4084 2827 4128 autent
2868 4075 2932 4127 ab
2970 4075 3239 4128 Antiochia
3278 4084 3324 4127 et
3371 4074 3551 4129 Iconio
3594 4075 3772 4130 Judtzi
3798 4089 3891 4133 :et

2292 4166 2543 4233 persuasis
2577 4168 2753 4231 turbis,
2804 4168 3186 4236 lapidantesque
3224 4165 3472 4232 Paulum,
3503 4178 3773 4223 traxerunt
3798 4188 3890 4225 e1-

2289 4266 2370 4309 tra
2410 4259 2689 4322 civitatem,
2729 4258 3069 4311 existimantes
3109 4274 3224 4310 eum
3272 4271 3525 4310 mortuum
3563 4276 3690 4312 esse.
3740 4260 3892 4317 Vere

2289 4346 2485 4400 diaboli
2540 4348 2630 4400 filii
2676 4362 2691 4402 :
2741 4364 2845 4401 non
2900 4349 2953 4400 in
3002 4346 3309 4402 civitatibus
3376 4348 3538 4403 modo
3580 4350 3698 4405 suis
3727 4391 3744 4414 ,
3787 4353 3891 4409 sed

2288 4449 2438 4492 extra
2479 4437 2593 4490 illas
2640 4437 2740 4492 hoc
2785 4437 3067 4505 faciebant,
3108 4448 3165 4493 et
3204 4448 3349 4495 tanto
3397 4440 3573 4495 studio
3618 4443 3888 4500 curabant

2289 4529 2717 4599 praedicationem
2742 4532 2807 4585 de
2824 4532 3000 4586 medio
3026 4532 3446 4602 tollere,quanto
3474 4536 3705 4603 apostoli
3735 4536 3888 4592 illam

2289 4623 2501 4678 firmare
2531 4624 2877 4678 cooabantur.
2911 4623 2974 4677 Et
3002 4626 3277 4696 persuasis,
3308 4626 3497 4697 inquit,
3526 4627 3712 4694 turbis,
3738 4629 3883 4698 lapi-

2287 4719 2460 4769 datum
2483 4716 2704 4769 Paulum
2750 4725 3011 4769 traxerunt
3040 4726 3182 4771 extra
3206 4718 3477 4770 civitatem.
3505 4717 3604 4772 Hic
3623 4718 3885 4787 impletus

2286 4809 2410 4861 illud
2446 4826 2457 4860 :
2488 4809 2683 4877 Sufﬁcit
2709 4809 2797 4861 tibi
2823 4810 2990 4878 gratia
3009 4824 3156 4870 mea;
3182 4824 3299 4861 nam
3326 4809 3483 4862 virtus
3508 4825 3621 4862 mea
3648 4811 3701 4862 in
3726 4811 3882 4880 infir-

2286 4904 2456 4955 mimte
2480 4902 2830 4971 perﬁcitur(2.
2851 4901 2969 4955 Cor.
3001 4900 3086 4955 12.
3111 4901 3190 4973 9).
3208 4900 3375 4976 Majas
3402 4902 3501 4957 hoc
3528 4913 3645 4957 erat
3663 4945 3679 4967 ,
3711 4919 3877 4974 quam

2286 4998 2532 5051 claudum
2556 4997 2779 5067 erigere.
2814 4995 3053 5051 Gentiles
3073 4976 3285 5066 quidem
3310 5005 3367 5049 ut
3393 4996 3525 5051 deos
3567 4995 3877 5062 habebant;

2286 5088 2338 5142 hi
2367 5106 2491 5145 vero
2516 5075 2891 5158 persuadentes
2922 5087 3120 5153 turbis,
3148 5096 3432 5143 traxerunt
3458 5088 3641 5151 illum;
3696 5105 3879 5159 neque

2287 5184 2426 5237 enim
2473 5181 2767 5236 verisimile
2838 5191 2921 5234 est
2950 5186 3150 5235 omnes
3176 5180 3228 5235 in
3275 5196 3462 5235 eorum
3510 5178 3878 5237 admiratione

2288 5275 2467 5330 fuisse.
2518 5274 2584 5328 Et
2611 5274 2749 5339 vide,
2786 5274 2839 5326 in
2868 5272 3051 5327 eadem
3073 5273 3183 5342 ipsa
3211 5273 3446 5334 civitate,
3476 5272 3529 5326 in
3560 5286 3664 5342 qua
3709 5272 3792 5327 sic
3820 5273 3877 5327 in

2288 5369 2634 5423 admiratione
2660 5368 2892 5433 fuerunt,
2919 5367 3096 5437 gravia
3126 5367 3417 5436 patiuntur.
3444 5366 3508 5420 Et
3534 5365 3633 5419 hoc
3652 5382 3876 5437 quoque

2289 5463 2585 5516 videntibus
2633 5460 2895 5530 proderat.
2946 5459 3097 5528 Quod
3140 5468 3317 5513 autem
3358 5458 3456 5512 hac
3484 5458 3551 5513 de
3572 5474 3733 5513 eausa
3762 5460 3883 5528 pati

2290 5556 2683 5625 permitteretur
2704 5594 2719 5617 ,
2752 5552 2874 5606 audi
2917 5553 3062 5605 illum
3091 5550 3193 5604 hoc
3239 5551 3410 5620 ipsum
3452 5548 3825 5605 declarantem
3859 5568 3875 5603 :

2290 5645 2373 5699 Ne
2408 5648 2519 5715 quis
2558 5661 2637 5697 me
2675 5645 2918 5697 existimet
2938 5658 3093 5711 supra
3132 5642 3207 5708 id,
3235 5642 3371 5712 quod
3409 5644 3540 5695 videt
3566 5643 3617 5694 in
3638 5657 3740 5707 me,
3783 5652 3882 5697 ω

2284 5740 2478 5808 aliquid
2499 5738 2637 5793 audit
2661 5753 2722 5790 ea:
2746 5754 2823 5790 me
2845 5737 2918 5808 (‘2.
2944 5734 3062 5792 Cor.
3094 5736 3182 5790 12.
3213 5737 3293 5802 6).

2361 5834 2513 5887 Pauli
2552 5835 2735 5902 fervor.
2763 5860 2833 5872 —-
2864 5832 2950 5887 19.
2974 5829 3411 5885 Circumdantibus
3453 5838 3618 5882 autem
3645 5842 3763 5879 eum
3794 5826 3881 5879 di-

2288 5927 2512 5998 scipulis,
2544 5942 2750 5997 surgens
2774 5926 2975 5981 intravit
3004 5920 3479 5980 cit'itatcui.Yidcn'
3503 5920 3877 5977 alacritatem!
