4088 6330
223 431 336 487 Ci?

229 542 289 599 ἀ)
302 542 372 595 λά
398 540 689 610 νοημάτων
716 537 805 591 καὶ
824 535 1142 605 φιλοσοφίας
1156 532 1400 603 δύναμις,
1424 534 1518 585 καὶ
1547 531 1712 584 παντὶ
1733 529 1914 600 ῥᾴδιον

233 637 412 689 εἰπεῖν
441 635 536 686 καὶ
565 627 916 697 ἀπαγγεῖλαι,
948 626 1065 688 πῶς
1085 625 1183 676 οὐκ
1211 624 1358 688 ἄξιος
1393 621 1540 693 [⁵240]
1578 619 1915 689 κατηγορίας

231 725 264 777 ὀ
315 722 391 793 μὴ
444 718 694 788 δυνηθεὶς
726 717 903 768 εἰπεῖν
940 714 1040 783 τὴν
1086 711 1266 766 αἰτίαν
1291 751 1306 772 ,
1360 709 1426 763 δι’
1459 712 1528 779 ἣν
1557 709 1787 779 ἐπῄνεσε
1825 707 1915 759 τὸν

232 809 498 877 λέγοντα;
539 806 705 859 Οὐδὲν
738 803 882 856 οῦτω
913 800 1124 872 πρέπον
1154 798 1420 868 ἐκκλησίᾳ
1448 797 1523 860 ὡς
1547 796 1691 867 σιγὴ,
1721 796 1796 858 ὡς
1821 795 1916 847 εὐ-

234 897 418 962 ταξία.
444 894 705 963 Θεάτροις
733 889 1037 960 ἐπιτήδειος
1059 890 1088 940 6
1116 886 1341 956 θόρυϐος
1372 886 1468 938 καὶ
1498 883 1801 954 βαλανείοις
1819 882 1919 935 καὶ

237 984 492 1054 πομπαῖς
526 980 623 1033 καὶ
647 979 878 1049 ἀγοραῖς
901 993 915 1006 ·
942 974 1070 1028 ἔνθα
1102 974 1157 1026 δὲ
1188 974 1318 1043 περὶ
1349 971 1604 1025 τοιούτων
1631 970 1918 1041 δογμάτων

235 1073 271 1141 ἡ
311 1066 670 1129 διδασκαλία,
711 1064 919 1135 γαλήνη
956 1061 1051 1116 καὶ
1088 1060 1286 1131 ἡσυχία
1326 1061 1419 1112 καί
1469 1058 1787 1127 φιλοσοφία,
1824 1059 1918 1109 καὶ

236 1155 410 1218 πολὺς
433 1157 464 1208 6
488 1155 655 1225 λιμὴν
684 1147 823 1205 εἷναι
849 1151 1074 1219 ὀφείλει.
1098 1149 1285 1201 Ταῦτα
1312 1148 1503 1218 δέομαι
1529 1149 1622 1201 καὶ
1652 1146 1918 1200 ἀντιϐολῶ

238 1242 455 1305 πάντας
477 1241 698 1295 ειδέναι.
732 1239 987 1310 Περίειμι
1031 1236 1139 1308 γὰρ
1173 1237 1267 1288 καὶ
1310 1236 1471 1297 αὐτὸς
1512 1235 1749 1305 τρόπους
1781 1251 1919 1287 παν-

237 1328 422 1392 τοίους
447 1324 743 1398 ἐπιζητῶν,
766 1327 833 1380 δι’
866 1320 941 1379 ὧν
971 1324 1247 1393 ὠφελῆσαι
1274 1324 1571 1393 δυνήσομαι
1594 1323 1694 1384 τὰς
1723 1321 1920 1390 ὑμετέ-

239 1435 348 1490 ρας
378 1416 579 1486 ψυχάς.
609 1416 685 1469 Οὐ
716 1414 908 1485 μικρὸς
940 1413 1036 1466 καὶ
1065 1406 1219 1474 οὗτος
1250 1412 1278 1463 6
1302 1411 1502 1479 τρόπος
1534 1406 1671 1461 εἷναί
1712 1426 1802 1478 μοι
1832 1410 1919 1461 δο-

239 1505 336 1558 κεῖ
358 1518 373 1533 ⁸
400 1504 501 1572 οὐχ
529 1503 674 1572 ὑμᾶς
707 1499 982 1570 ὠφελήσει
1027 1500 1220 1568 μόνους
1244 1540 1257 1560 ,
1306 1497 1441 1551 ἀλλά
1472 1498 1566 1549 καὶ
1597 1498 1763 1565 ἡμᾶς.
1808 1497 1922 1549 Οὐκ

240 1592 450 1661 ἀφήσει
481 1587 1002 1659 ἐκτραχηλίζεσθαι,
1032 1586 1152 1639 οὐδὲ
1183 1587 1422 1639 ἐπαίνων
1446 1584 1533 1638 καί
1565 1585 1723 1653 δόξης
1752 1586 1883 1655 ἐρᾷν
1904 1625 1918 1648 ,

240 1678 370 1732 οὐδὲ
401 1677 470 1731 τά
498 1678 768 1749 τέρποντα
799 1676 998 1744 λέγειν,
1026 1674 1159 1727 ἀλλά
1184 1673 1254 1726 τά
1279 1673 1617 1742 ὠφελοῦντα·
1646 1674 1764 1726 οὐδὲ
1795 1676 1923 1745 περὶ

243 1764 528 1835 συνθήκας
554 1764 645 1816 καὶ
668 1762 838 1832 κάλλη
868 1761 1087 1828 λέξεων,
1118 1760 1253 1813 ἀλλὰ
1283 1762 1412 1831 περὶ
1438 1761 1725 1830 νοημάτων
1760 1760 1921 1813 δύνα-

245 1868 347 1922 μιν
390 1852 573 1904 πᾶσαν
618 1841 950 1920 ἀπασχολεῖν
988 1848 1083 1902 τοῦ
1122 1848 1317 1918 καιροῦ
1347 1848 1445 1918 τὴν
1485 1849 1676 1919 ῥοπήν.
1704 1847 1924 1901 Είσελθε

243 1939 335 2000 είς
364 1938 726 2008 ζωγραφεῖον,
751 1938 849 1991 κα)⁵
873 1936 993 2006 ὕψει
1017 1935 1218 2006 πολλὴν
1242 1938 1357 1989 ἐκεῖ
1385 1938 1483 2003 τὴν
1510 1936 1689 2005 σιγήν.
1717 1936 1927 1989 Οὐκοῦν

243 2025 347 2080 καὶ
401 2024 673 2079 ἐνταῦθα’
697 2025 793 2077 καὶ
840 2023 949 2095 γάρ
992 2024 1086 2077 καὶ
1126 2023 1361 2076 ἐνταῦθα
1402 2024 1616 2084 εἰκόνας
1644 2023 1927 2093 γράφομεν

244 2110 542 2182 βασιλικὰς
566 2151 581 2177 ,
609 2111 707 2165 καὶ
734 2111 989 2180 οὐδεμίαν
1033 2111 1306 2181 ίδιωτικὴν
1330 2149 1345 2173 ,
1374 2110 1462 2163 διὰ
1488 2110 1595 2162 τῶν
1621 2114 1929 2181 χρωμάτων

243 2199 352 2271 τῆς
381 2200 606 2271 ἀρετῆς.
642 2200 709 2253 Τί
739 2200 928 2265 τοῦτο;
963 2199 1125 2253 πάλιν
1158 2202 1436 2270 κροτεῖτε;
1463 2200 1576 2251 Οὐκ
1610 2196 1831 2251 εὐκολον
1870 2199 1931 2251 τὸ

1170 417 1237 471 IN
1282 415 1465 473 ACTA
1506 410 2054 471 APOSTOLORUM.
2085 406 2322 462 IIOMIL.
2368 404 2559 457 XXXI.

3594 398 3702 451 ἥδ

2024 524 2263 595 πρᾶγμα
2310 520 2491 583 δοκεῖ,
2548 516 2645 571 καὶ
2673 514 2831 569 τοῦτο
2861 515 2923 567 οὐ
2958 514 3139 583 φύσει,
3168 513 3307 567 ἀλλὰ
3340 514 3417 586 τῷ
3448 516 3709 588 συνηθείᾳ.

2019 612 2189 682 πολλῇ
2255 610 2424 680 μήπω
2484 605 2789 677 κατορθοῦν
2849 604 2982 658 αὐτὸ
3036 604 3443 674 μεμαθηκέναι.
3497 606 3708 677 Γραφὶς

2018 701 2196 753 τοίνυν
2232 699 2383 751 ἐστὶν
2422 699 2557 765 ἡμῖν
2598 696 2838 763 γλῶττα,
2879 694 3130 762 τεχνίτης
3164 691 3221 744 δὲ
3267 692 3327 745 τὸ
3379 694 3602 764 Πνεῦμα
3649 693 3711 745 τὸ

2020 787 2198 854 ἅγιον.
2256 783 2391 837 Εἰπέ
2420 801 2509 853 μοι
2535 822 2549 846 ,
2580 783 2638 833 ὲν
2664 783 2776 844 τοῖς
2810 783 3135 851 μυστηρίοις
3159 819 3174 844 ,
3229 784 3302 851 μή
3332 798 3417 844 τις
3445 780 3707 852 θόρυϐος;

2024 877 2096 946 μή
2152 891 2238 936 τις
2288 871 2542 943 ταραχή;
2579 871 2749 922 Ὅταν
2808 867 3223 939 βαπτιζώμεθα,
3277 871 3405 924 ὅταν
3452 869 3524 922 τά
3575 868 3711 923 ἄλλα

2020 963 2197 1016 πάντα
2252 959 2517 1029 ποιῶμεν,
2572 958 2669 1028 οὐχ
2718 958 2921 1028 ἡσυχία
2973 957 3069 1009 καὶ
3120 957 3248 1029 σιγὴ
3295 959 3362 1011 τά
3404 959 3583 1011 πάντα
3612 974 3711 1009 κα-

2019 1052 2165 1120 τέχει
2194 1062 2257 1111 ις
2291 1047 2465 1101 Τοῦτο
2514 1049 2572 1099 ὲν
2619 1046 2698 1117 τῷ
2732 1046 2949 1118 οὐρανῷ
2982 1047 3363 1119 κατέσπαρται
3397 1047 3457 1100 τὸ
3492 1046 3711 1108 κάλλος.

2022 1139 2121 1191 Διά
2167 1136 2330 1189 τοῦτο
2374 1133 2785 1205 διαϐεϐλήμεθα
2834 1136 2930 1187 καὶ
2983 1136 3115 1204 παρ’
3148 1136 3429 1204 Ἕλλησιν,
3467 1135 3543 1199 ὼς
3578 1135 3716 1203 πρὸς

2021 1222 2285 1287 ἐπίδειξιν
2320 1224 2501 1275 πάντα
2548 1222 2830 1284 ποιοῦντες
2866 1222 2959 1274 καὶ
3009 1223 3146 1292 πρὸς
3191 1223 3529 1292 φιλοτιμίαν.
3576 1220 3715 1274 Ἀλλ’

2022 1312 2118 1364 ἐὰν
2144 1311 2302 1364 τοῦτο
2332 1310 2550 1381 κωλυθῇ
2572 1351 2586 1373 ,
2614 1310 2710 1364 καὶ
2737 1308 3201 1381 τῶνιπροεδριῶν
3234 1314 3261 1363 6
3291 1311 3431 1381 ἔρως
3481 1310 3720 1376 σϐεσθη-

2026 1416 2201 1453 σεται.
2239 1401 2427 1471 Ἀρκεῖ
2451 1441 2466 1465 ,
2500 1399 2553 1451 εί
2576 1417 2659 1461 τις
2682 1399 2919 1451 ἐπαίνων
2944 1402 3047 1470 ἐρᾷ
3070 1443 3083 1465 ,
3124 1400 3200 1463 τὰ
3216 1400 3357 1470 μετά
3381 1399 3479 1469 τὴν
3514 1398 3720 1469 ἀκρόα-

2025 1504 2109 1539 σιν
2153 1488 2359 1539 τούτων
2406 1488 2701 1556 τυγχάνειν
2728 1526 2743 1547 ,
2802 1489 2932 1540 ὅταν
2975 1487 3102 1550 τούς
3154 1489 3401 1557 καρποὺς
3462 1486 3717 1555 συλλέγῃ.

2025 1575 2135 1628 Ναὶ
2183 1574 2485 1645 παρακαλῶ
2515 1616 2529 1638 ,
2602 1574 2945 1644 κυρώσωμεν
2988 1575 3176 1628 τοῦτον
3224 1576 3315 1627 τὸν
3360 1574 3523 1643 νόμον
3553 1616 3569 1640 ,
3629 1573 3718 1624 ἵνα

2027 1662 2207 1715 πάντα
2242 1663 2387 1715 κατὰ
2424 1662 2483 1713 τὸ
2518 1661 2595 1731 τῷ
2646 1661 2766 1731 Θεῷ
2794 1661 2986 1715 δοκοῦν
3022 1664 3355 1733 πράττοντες
3384 1702 3396 1722 ,
3448 1662 3547 1730 τῆς
3589 1661 3719 1729 παρ’

2034 1750 2199 1803 αὐτοῦ
2242 1750 2657 1819 φιλανθρωπίας
2690 1749 3012 1820 ἀξιωθῶμεν
3032 1790 3045 1811 ,
3080 1752 3262 1821 χάριτι
3293 1752 3387 1802 καὶ
3412 1751 3723 1818 οίκτιρμοῖς

2034 1840 2128 1892 τοῦ
2154 1840 2495 1905 Μονογενοῦς
2524 1839 2713 1899 αὐτοῦ,
2745 1839 2947 1910 Κυρίου
2978 1842 3033 1892 δὲ
3066 1840 3224 1911 ἡμῶν
3256 1838 3429 1909 Ἰησοῦ
3462 1836 3737 1908 Χριστοῦ(

2040 1928 2160 1998 μεθ’
2192 1920 2252 1979 οὐ
2278 1927 2356 1997 τῷ
2379 1928 2558 1997 Πατρὶ
2587 1928 2702 1996 ἅμα
2724 1927 2801 1995 τῷ
2836 1927 2975 1997 ἁγίῳ
3010 1929 3290 1997 Πνεύματι
3325 1927 3473 1991 δόξα.
3498 1925 3722 1995 κράτος,

2030 2016 2203 2086 τιμὴ,
2254 2015 2349 2068 νῦν
2389 2016 2483 2069 καὶ
2513 2015 2603 2069 ἀεὶ
2632 2057 2646 2080 ,
2682 2018 2775 2068 καὶ
2808 2020 2885 2079 εἰς
2930 2018 3056 2080 τοὺς
3096 2018 3300 2081 αἰῶνας
3349 2016 3456 2069 τῶν
3487 2014 3722 2068 αἰώνων.

2046 2104 2242 2175 Ἀμήν.

2068 2286 2124 2339 ,⁸
2160 2285 2259 2336 Alii
2303 2293 2413 2349 σιγῇ
2448 2288 2508 2335 τὰ
2547 2286 2704 2335 πάντα
2735 2288 3054 2350 κεκόσμηται.

1706 2491 1857 2563 [241]
1896 2492 2142 2544 ΟΜΙΛΙΑ
2174 2488 2294 2545 ΛΑ’.

258 2587 660 2651 Ἀκούσαντες
683 2583 751 2637 δὲ
778 2586 834 2638 οι
864 2584 1196 2638 ἀπόστολοι
1216 2582 1525 2652 Βαρνάϐας
1550 2584 1647 2636 καί
1672 2585 1932 2649 Παῦλος,

325 2674 763 2744 διαρρήξαντες
836 2672 911 2726 τὰ
974 2672 1174 2741 ἱμάτια
1234 2670 1474 2734 αὐτῶν,
1544 2672 1938 2739 ἐξεπήδησαν

324 2766 416 2829 είς
454 2761 562 2814 τὸν
600 2760 809 2828 ὄχλον,
840 2756 1148 2827 κράζοντες
1179 2760 1277 2811 καὶ
1330 2758 1634 2826 λέγοντες,
1668 2759 1936 2827 Ἀνδρες,

326 2850 386 2903 τί
462 2848 650 2902 ταῦτα
733 2847 995 2908 ποιεῖτε;
1096 2847 1267 2914 ἡμεῖς
1339 2846 1715 2915 ὁμοιοπαθεῖς
1798 2846 1941 2915 ὑμῖν

326 2938 519 3006 ἐσμεν
588 2934 885 3002 ἄνθρωποι
915 2974 930 2998 ,
1004 2933 1511 3003 εὐαγγελιζόμενοι
1588 2933 1745 3003 ὑμᾶς
1819 2934 1940 2988 ἀπὸ

328 3022 559 3074 τούτων
608 3015 728 3072 τῶν
765 3017 1032 3087 ματαίων
1072 3017 1455 3087 ἐπιστρέφειν
1497 3018 1595 3071 ἐπὶ
1643 3018 1749 3070 τὸν
1792 3016 1943 3069 Θεὸν

329 3107 443 3162 τὸν
474 3104 699 3171 ζῶντα,
768 3106 837 3171 ὃς
878 3105 1130 3173 ἐποίησε
1187 3104 1291 3159 τὸν
1347 3105 1609 3174 οὐρανὸν
1670 3105 1768 3157 καὶ
1826 3104 1943 3169 τὴν

335 3194 463 3265 τῆν
536 3193 639 3247 καὶ
712 3191 828 3261 τὴν
883 3192 1244 3256 θάλασσαν,
1305 3194 1403 3246 καὶ
1473 3192 1670 3245 πάντα
1732 3193 1806 3245 τὰ
1873 3192 1943 3244 ἐν

331 3281 559 3347 αὐτοῖς.
1206 3324 1207 3327 η

333 3367 405 3423 α’.
454 3368 595 3439 Ὅρα
648 3366 826 3420 πάντα
859 3364 997 3436 μετά
1040 3363 1400 3434 σφοδρότητος
1440 3364 1569 3421 τοὺς
1610 3363 1944 3426 ἀποστόλους

255 3456 577 3520 ποιοῦντας.
627 3454 928 3527 Διέρῤηξαν
956 3451 1025 3505 τά
1074 3452 1290 3522 ἱμάτια,
1318 3450 1618 3522 ὲπήδησαν,
1672 3450 1942 3522 ἔκραξαν,

259 3544 447 3600 πάντα
472 3543 581 3597 ἀπὸ
607 3540 901 3603 διαθέσεως
949 3538 1151 3609 ψυχῆς,
1188 3538 1657 3609 ἀποστρεφόμενοι
1686 3539 1754 3590 τά
1792 3540 1941 3607 γενόι

265 3647 431 3703 μενα,
479 3630 575 3683 καὶ
625 3628 856 3691 πένθους
886 3630 1091 3697 σημεῖα
1138 3625 1434 3689 ποιοῦντες.
1472 3624 1670 3688 Πένθος
1706 3626 1815 3697 γὰρ
1854 3622 1942 3695 ῆν,

258 3717 438 3781 ὄντως
474 3715 671 3779 πένθος
718 3713 1173 3787 ἀπαραμύθητον,
1204 3714 1259 3767 εῐ
1282 3731 1345 3783 γε
1377 3713 1601 3783 ἔμελλον
1644 3713 1758 3767 θεοὶ
1793 3714 1945 3783 νομί-

264 3806 480 3873 ζεσθαι,
523 3804 618 3859 καὶ
647 3802 1089 3874 εἰδωλολατρείαν
1142 3802 1404 3871 εἰσάγειν,
1445 3804 1511 3874 ἣν
1532 3797 1695 3872 ἦλθον
1726 3800 1949 3853 καταλύ-

266 3911 476 3958 σοντες.
546 3893 660 3948 Καὶ
716 3891 876 3946 τοῦτο
932 3890 1026 3944 τοῦ
1079 3891 1326 3944 διαϐόλου
1376 3886 1444 3961 ἦν
1496 3889 1948 3959 κατασκεύασμα.

264 3983 337 4037 Οῑ
360 3982 417 4036 δὲ
447 3983 547 4053 οὐχ
577 3979 968 4052 ἡσυχάζουσιν,
998 3980 1135 4034 ἀλλά
1179 3979 1265 4045 τίς
1318 3979 1430 4033 Καὶ
1462 3978 1637 4047 ἡμεῖς
1668 3982 1949 4047 ὁμοιοπα-

262 4070 395 4137 θεῖς
418 4068 564 4139 ὑμῖν
590 4069 799 4138 ἐσμεν,
840 4070 1027 4139 φασὶν,
1056 4067 1371 4135 ἅνθρωποι.
1420 4066 1637 4129 Εὐθέως
1675 4068 1740 4117 ὲκ
1770 4082 1953 4136 προοι-

272 4158 416 4230 μίων
442 4156 743 4228 ἀνέτρεψαν
776 4157 837 4210 τὸ
874 4156 1063 4210 κακόν.
1118 4156 1233 4208 Οὐκ
1277 4150 1430 4207 εἷπον
1457 4154 1660 4219 ἁπλῶς,
1692 4155 1953 4222 Ἀνθρω-

268 4262 397 4308 arat,
433 4244 592 4310 ἀλλὰ,
641 4244 778 4299 Καθ’
803 4242 979 4314 ὑμᾶς.
1011 4239 1144 4296 Εἶτα
1175 4243 1261 4296 ἴνα
1294 4242 1369 4314 μὴ
1398 4242 1592 4308 δόξωσι
1623 4244 1789 4312 τιμᾷν
1828 4243 1955 4305 τούς

272 4332 435 4396 θεοὺς
459 4373 475 4397 ,
533 4332 766 4387 ἀκουσον
836 4330 889 4385 τί
952 4330 1252 4399 ἐπάγουσιν
1296 4342 1321 4371 ι
1352 4346 1368 4361 ο
1429 4328 1956 4399 Εὑαγγελιζόμενοι

270 4419 437 4491 ὑμᾶς
498 4421 620 4475 ἀπὸ
667 4421 895 4475 τούτων
950 4418 1068 4473 τῶν
1104 4419 1374 4489 ματαίων
1427 4417 1813 4487 ἐπιστρέφειν
1858 4417 1958 4470 ἐπὶ

272 4509 389 4563 τόν
426 4508 578 4563 Θεὸν
613 4509 723 4563 τὸν
758 4505 967 4574 ζῶντα,
1001 4507 1070 4573 ὃς
1105 4508 1358 4573 ἐποίησε
1408 4510 1514 4559 τόν
1544 4506 1809 4565 οὐρανὸν
1856 4506 1955 4558 καὶ

271 4597 395 4664 τὴν
422 4595 542 4666 γῆν
562 4596 661 4650 καί
682 4595 796 4663 τὴν
815 4595 1161 4657 θάλασσαν,
1187 4596 1286 4648 καὶ
1316 4593 1516 4648 πάντα
1542 4594 1614 4646 τὰ
1641 4594 1710 4647 ἐν
1730 4594 1954 4659 αὐτοῖς.

276 4687 428 4755 Ὅρα
482 4684 717 4753 οὐδαμοῦ
749 4683 858 4737 τῶν
911 4682 1209 4755 προφητῶν
1260 4682 1698 4753 μνημονεύοντας
1740 4683 1955 4745 αὐτοὺς,

272 4774 405 4828 οὐδὲ
438 4772 715 4843 λέγοντας,
738 4774 882 4838 τίνος
910 4773 1137 4835 ἕνεκεν,
1157 4772 1375 4825 πάντων
1400 4770 1732 4841 δημιουργὸς
1761 4769 1858 4831 ὢν,
1891 4770 1960 4821 τὰ

278 4863 412 4933 ιθνη
456 4864 668 4935 ἀφῆκεν
726 4863 1033 4934 αὐτόνομα;
1088 4864 1185 4928 ⁸ος
1231 4861 1302 4915 ἐν
1338 4860 1470 4926 ταῖς
1500 4860 1961 4930 παρῳχημέναις

280 4950 520 5022 γενεαῖς
543 4951 715 5006 εἴασε
744 4950 943 5005 πάντα
978 4952 1052 5005 τὰ
1078 4952 1221 5018 ἐθνη
1250 4950 1613 5018 πορεύεσθαι
1639 4948 1771 5014 ταῖς
1798 4947 1962 5013 ὁδοῖς

278 5038 504 5096 αὐτῶν.
525 5038 648 5093 Ὀτι
679 5040 778 5109 μὲν
799 5040 951 5094 εῐασε
978 5038 1150 5107 λέγει,
1180 5039 1271 5092 διὰ
1298 5038 1351 5092 τί
1386 5038 1443 5090 δὲ
1478 5038 1681 5101 εἴασεν,
1718 5037 1817 5089 οὐκ
1847 5037 1927 5088 ἔτι
1946 5053 1959 5066 ’

280 5125 424 5189 τέως
448 5126 583 5197 πρὸς
612 5126 674 5179 τὸ
703 5130 1029 5196 κατεπεῖγον
1061 5127 1298 5191 ἵσταται,
1327 5124 1563 5194 οὐδαμοῦ
1593 5122 1689 5176 τοῦ
1718 5122 1963 5193 Χριστοῦ

280 5213 349 5266 τὸ
377 5212 552 5282 θνομα
579 5212 767 5277 τιθείς.
806 5213 1010 5268 Καίτοι
1066 5229 1134 5283 τε
1182 5215 1293 5267 οὐκ
1352 5210 1697 5280 ἀμάρτυρον
1749 5208 1971 5263 ἑαυτὸν

284 5298 552 5368 ἀφῆκεν,
590 5299 967 5370 ἀγαθοποιῶν
1013 5300 1361 5369 οὐρανόθεν,
1408 5297 1556 5367 ἡμῖν
1614 5300 1829 5363 ὑετοὺς
1881 5296 1970 5351 δι-

284 5385 439 5453 δοὺς
468 5388 568 5441 καί
611 5388 855 5457 καιροὺς
884 5388 1307 5458 καρποφόρους
1331 5427 1346 5451 ,
1390 5384 1709 5455 ἐμπιπλῶν
1746 5384 1973 5454 τροφῆς

289 5473 395 5528 καὶ
414 5477 801 5544 εὐφροσύνης
816 5478 926 5541 τὰς
949 5476 1200 5546 καρδίας
1224 5473 1414 5544 ἡμῶν.
1448 5475 1611 5545 Ὅρα,
1632 5474 1692 5526 οὐ
1729 5474 1976 5544 βούλεται

288 5562 395 5632 τὴν
436 5563 770 5634 κατηγορίαν
797 5552 977 5617 αὐτῶν
1011 5563 1269 5633 αὐξῆσαι,
1308 5562 1445 5615 ἀλλά
1494 5561 1693 5631 μᾶλλον
1740 5562 1833 5615 ἐπὶ
1881 5563 1973 5613 τὸν

289 5649 430 5703 Θεὸν
466 5650 527 5703 τδ
558 5653 666 5704 πᾶν
713 5651 868 5721 ἄγειν
911 5652 1109 5715 αὐτοὺς
1138 5650 1403 5704 παιδεύει.
1446 5650 1690 5719 Ἐμαθον
1728 5650 1859 5720 γὰρ,
1891 5650 1973 5702 ὃτι

288 5738 394 5810 οὐχ
425 5737 571 5792 οὕτω
604 5738 926 5804 σπουδάζειν
960 5740 1044 5794 δεῖ
1074 5741 1223 5807 ἄξιόν
1256 5757 1308 5793 τι
1343 5742 1517 5792 εἰπεῖν
1546 5740 1675 5811 περὶ
1707 5738 1867 5806 Θεοῦ,
1898 5739 1974 5802 ὼς

290 5827 356 5882 τὸ
380 5828 495 5891 τοῖς
515 5826 807 5883 ἀκούουσιν
836 5828 1131 5899 ὠφέλιμον.
1167 5829 1307 5900 ὐρα
1340 5827 1457 5891 πῶς
1477 5827 1848 5891 λανθανόντως
1874 5828 1975 5897 τὴν

292 5914 634 5987 κατηγορίαν
652 5916 853 5989 τίθησι.
887 5919 995 5972 Καὶ
1037 5918 1141 5989 μὴν
1170 5919 1218 5971 εί
1248 5916 1407 5971 τοῦτο
1440 5916 1635 5985 ἐποίει,
1678 5916 1786 5971 ἔδει
1814 5916 1976 5970 κολαο

357 6003 387 6033 ⁸
407 6002 465 6054 Τί
488 6005 744 6073 ἐπάγουσιν
766 6008 910 6058 deest
942 6008 991 6058 in
1028 6019 1142 6057 uno.

2042 2582 2235 2653 σθῆναι
2255 2583 2451 2646 αὐτοὺς
2482 2581 2751 2635 τοσούτων
2778 2577 3153 2639 ἀπολαύοντας
3175 2577 3420 2646 ἀγαθῶν,
3456 2579 3552 2629 καὶ
3596 2578 3730 2647 μηδὲ

2039 2670 2115 2733 ὡς
2144 2671 2349 2741 τροφέα
2384 2671 2794 2741 γνωρίσαντας·
2848 2666 2961 2718 ἀλλ’
2996 2667 3057 2717 οὐ
3092 2664 3241 2734 λέγει
3291 2665 3561 2734 φανερῶς,
3618 2664 3731 2717 ἀλλ’

2040 2759 2358 2821 αἰνίττεται,
2389 2760 2731 2825 Οὑρανόθεν
2780 2755 2943 2824 ἡμῖν,
2998 2753 3193 2820 λέγων,
3242 2753 3456 2819 ὑετοὺς
3503 2751 3730 2818 διδούς.

2042 2846 2200 2900 Οὐτω
2233 2848 2327 2900 καὶ
2357 2847 2386 2898 6
2420 2844 2584 2899 Δαυῒδ
2634 2846 2852 2911 ἔλεγεν
2928 2842 3075 2895 Ἀπὸ
3123 2840 3357 2907 καρποῦ
3406 2841 3581 2893 σίτου
3634 2840 3733 2893 καὶ

2041 2938 2212 2990 οἴνου
2251 2936 2349 2988 καί
2371 2936 2581 2988 ἐλαίου
2615 2932 2815 2987 αὐτῶν
2843 2931 3323 2997 ἑπληθύνθησαν
3347 2946 3359 2958 ·
3408 2930 3501 2981 καὶ
3539 2929 3739 2982 πολλα-

2042 3023 2139 3095 χοῦ
2164 3024 2301 3093 περὶ
2324 3021 2689 3092 δημιουργίας
2728 3020 3135 3088 διαλεγόμενος,
3164 3016 3339 3069 ταῦτα
3386 3016 3601 3088 τίθησιν
3655 3020 3741 3080 είς

2047 3113 2233 3181 μέσον.
2275 3112 2384 3164 Καὶ
2423 3113 2450 3163 6
2484 3110 2755 3180 Ἱερεμίας
2804 3109 2859 3161 δὲ
2920 3108 3017 3176 τὴν
3070 3104 3437 3176 δημιουργίαν
3490 3104 3740 3175 πρώτην,

2045 3196 2164 3253 εἶτα
2221 3199 2319 3269 τὴν
2375 3198 2636 3268 πρόνοιαν
2694 3197 2792 3267 τὴν
2848 3195 2937 3248 διὰ
2975 3194 3083 3249 τῶν
3131 3194 3303 3246 ὐετῶν
3355 3210 3557 3261 φησιν’
3599 3193 3743 3245 ὥστε

2045 3288 2251 3340 ἐκεῖθεν
2280 3284 2716 3355 πεπαιδευμένος
2764 3283 3111 3349 διαλέγεται’
3170 3279 3539 3348 Ἐμπιπλῶν,
3582 3282 3741 3349 φησὶ,

2044 3375 2273 3444 τροφῆς
2302 3375 2399 3426 καὶ
2454 3374 2868 3441 εὐφροσύνης.
2914 3370 3071 3424 Μετά
3116 3368 3491 3438 φιλοτιμίαςὴ
3540 3368 3741 3440 τροφὴ.

2046 3464 2106 3515 οὐ
2144 3464 2301 3533 μόνον
2331 3463 2465 3532 πρὸς
2497 3461 2854 3530 αὐτάρκειαν,
2892 3458 3013 3511 οὐδὲ
3069 3456 3206 3527 πρὸς
3235 3456 3335 3526 τὴν
3389 3456 3598 3526 χρείαν.
3635 3456 3745 3509 Καὶ

2046 3552 2236 3605 ταῦτα
2292 3549 2595 3619 λέγοντες,
2645 3551 2823 3616 μόλις
2867 3546 3265 3599 κατέπαυσαν
3317 3544 3461 3608 τοὺς
3517 3544 3745 3613 ὄχλους

2048 3639 2155 3693 τοῦ
2184 3637 2271 3707 μὴ
2322 3641 2488 3691 θύειν
2540 3636 2765 3700 αὐτοῖς.
2816 3635 2926 3685 Καὶ
2975 3634 3151 3702 τούτῳ
3206 3631 3446 3701 μάλιστα
3499 3628 3749 3701 ἐθαυμά-

2052 3728 2279 3795 σθησαν.
2323 3727 2487 3795 Ὁρᾷς
2531 3726 2614 3777 ὃτι
2652 3724 2785 3794 πρὸς
2807 3722 2966 3773 τοῦτο
2998 3720 3238 3783 ἵσταντο,
3270 3718 3411 3771 ῶστε
3442 3720 3748 3787 ἀνατρέψαι

2050 3814 2148 3884 τὴν
2186 3813 2382 3882 μανίαν
2438 3811 2690 3879 ὲκείνην;
2749 3807 3048 3876 Ἐπῆλθον
3094 3806 3163 3859 δὲ
3226 3806 3341 3858 ἀπὸ
3384 3806 3748 3873 Ἀντιοχείας

2052 3901 2149 3953 καί
2191 3900 2440 3953 Ἰκονίου
2478 3897 2765 3957 Ἰουδαῖοι.
2820 3894 2919 3949 καί
2955 3895 3281 3958 πείσαντες
3319 3893 3463 3957 τοὺς
3498 3893 3746 3960 ὄχλους,

2053 3987 2149 4039 καὶ
2175 3984 2539 4049 λιθάσαντες
2572 3982 2681 4035 τὸν
2709 3981 2975 4043 Παῦλον,
2999 3981 3230 4047 ἔσυραν
3265 3978 3381 4042 ἔξω
3426 3976 3534 4043 τῆς
3568 3981 3748 4030 πόλε-

2053 4092 2154 4139 ως,
2211 4073 2575 4141 νομίσαντες
2620 4072 2809 4123 αὑτὸν
2868 4068 3172 4123 τεθνάναι.
3238 4070 3445 4129 Ὄντως
3497 4066 3746 4119 διαϐόλου

2054 4161 2253 4214 τέκναο
2302 4160 2401 4214 οὐκ
2445 4161 2503 4211 ὲν
2552 4161 2674 4219 ταῖς
2730 4158 2952 4210 πόλεσιν
3001 4156 3180 4209 αὐτῶν
3244 4156 3424 4226 μόνον,
3464 4156 3599 4207 ἀλλὰ
3653 4158 3750 4207 καὶ

2056 4249 2161 4314 ἔξω
2208 4249 2413 4302 τούτων
2442 4247 2617 4300 ταῦτα
2646 4246 2947 4310 ποιοῦντες,
2999 4246 3093 4299 καὶ
3124 4245 3397 4313 τοσαύτην
3430 4243 3750 4312 ποιούμενοι

2058 4339 2293 4409 σπουδὴν
2323 4336 2569 4390 καθελεῖν
2594 4336 2655 4389 τὸ
2682 4337 2966 4405 κήρυγμα,
2992 4335 3123 4401 ὅσην
3152 4336 3199 4385 οἱ
3231 4334 3520 4386 ἀπόστολοι
3555 4334 3751 4402 στῆσαι

2058 4427 2426 4496 ἐπειγόμενοι.
2483 4423 2589 4479 Καὶ
2627 4424 2973 4486 πείσαντες,
3008 4423 3161 4492 φησὶ.
3202 4422 3345 4487 τοὺς
3382 4422 3625 4489 ὄχλους,
3654 4421 3755 4473 καὶ

2056 4513 2421 4577 λιθάσαντες
2472 4511 2582 4563 τὸν
2629 4510 2898 4572 Παῦλον,
2934 4510 3167 4575 ἔσυραν
3195 4508 3311 4571 ἔξω
3352 4507 3465 4575 τῆς
3497 4510 3751 4574 πόλεως.

2072 4600 2339 4657 Ἐνταῦθα
2367 4600 2670 4671 πληροῦται
2700 4598 2782 4661 τὸ,
2834 4597 3028 4666 Ἀρκεῖ
3064 4612 3165 4649 σοι
3218 4597 3255 4663 ἡ
3302 4596 3476 4664 χάρις
3507 4611 3655 4664 μου·
3715 4599 3753 4663 ή

2059 4690 2170 4760 γὰρ
2216 4689 2471 4757 δύναμίς
2509 4705 2630 4757 μου
2683 4688 2753 4740 ἐν
2797 4686 3081 4753 ἀσθενείᾳ
3139 4686 3494 4739 τελειοῦται.
3554 4684 3757 4748 Μεῖζον

2060 4779 2218 4831 τοῦτο
2253 4777 2347 4830 τοῦ
2392 4780 2484 4828 τὸν
2542 4775 2715 4846 χωλὸν
2754 4778 2985 4845 ἐγεῖραι.
3045 4776 3107 4827 Οί
3173 4774 3270 4842 μὲν
3320 4770 3413 4827 οὖν
3452 4774 3654 4825 ἐθνικοὶ
3683 4774 3759 4837 ὡς

2063 4866 2218 4928 θεοὺς
2254 4864 2524 4935 ἐνόμιζον,
2548 4856 2693 4916 οῦτοι
2723 4864 2781 4916 δὲ
2828 4863 3019 4931 ἔσυρον
3052 4862 3342 4925 πείσαντες
3382 4864 3510 4923 τοὺς
3532 4861 3723 4931 ὔχλους
3743 4878 3757 4891 ο

2062 4954 2185 5024 οὐδὲ
2214 4953 2322 5022 γὰρ
2357 4954 2567 5013 πάντας
2606 4952 2751 5013 εἰκὸς
2776 4946 2844 5021 ἦν
2882 4950 3197 5020 θαυμάζειν-
3219 4949 3437 5011 αὐτούς.
3492 4951 3602 5001 Καὶ
3633 4951 3758 5018 ὅρα,

2064 5044 2123 5097 ὲν
2168 5042 2305 5112 αὐτῇ
2338 5044 2403 5112 τῇ
2432 5040 2607 5101 πόλει,
2643 5041 2701 5091 ὲν
2808 5037 2982 5101 οὕτως
3040 5034 3487 5107 ἐθαυμάσθησαν,
3527 5038 3585 5090 ὲν
3620 5038 3757 5107 αὐτῇ

2061 5132 2131 5183 τὰ
2164 5129 2312 5183 δεινὰ
2342 5131 2631 5199 πάσχουσι.
2670 5128 2781 5179 Καὶ
2805 5124 2963 5178 τοῦτο
3010 5124 3067 5176 δὲ
3098 5126 3225 5187 τοὺς
3261 5122 3502 5195 ὁρῶντας
3532 5124 3758 5192 ὠφέλει.

2067 5218 2191 5270 Ὀτι
2238 5216 2295 5268 δὲ
2353 5216 2447 5267 καὶ
2498 5214 2586 5266 διά
2644 5213 2803 5266 τοῦτο
2859 5214 3219 5282 συνεχωρεῖτο
3286 5212 3538 5281 πάσχειν,
3594 5212 3759 5265 ἄκουε

2065 5304 2225 5358 τοῦτο
2251 5303 2383 5355 αὐτὸ
2411 5301 2700 5372 δηλοῦντος
2735 5302 2829 5354 καὶ
2855 5300 3107 5366 λέγοντος
3126 5316 3139 5327 ·
3176 5301 3309 5353 ’Ῑνα
3346 5299 3431 5369 μὴ
3460 5303 3546 5366 εἰς
3580 5300 3605 5337 b
3657 5300 3762 5368 ἐμὲ

2067 5390 2392 5462 λογίσηται
2444 5406 2535 5453 τις
2579 5388 2732 5457 ὑπὲρ
2787 5386 2819 5440 ὃ
2868 5385 3090 5451 ,βλέπει
3133 5403 3230 5456 με,
3265 5386 3303 5449 ἢ
3360 5387 3565 5440 ἀκούει
3594 5404 3649 5439 τι
3692 5387 3763 5450 ἐξ

2070 5480 2218 5551 ἐμοῦ
2230 5521 2243 5534 .

2141 5564 2602 5622 κυκλωσάντων
2631 5562 2700 5616 δὲ
2750 5561 2870 5615 τῶν
2910 5560 3195 5631 μαθητῶν
3240 5562 3448 5627 αὑτὸν,
3494 5560 3765 5626 ἀναστὰς

2068 5656 2358 5722 είσῆλθεν
2388 5656 2476 5718 είς
2504 5652 2620 5720 τὴν
2652 5652 2853 5705 πόλιν.
2888 5648 3041 5723 [ειν]
3076 5652 3237 5721 Ὁρᾷς
3269 5649 3610 5720 προθυμίαν;
3634 5651 3765 5719 ὁρᾷς

2070 5746 2237 5797 πόθον
2278 5743 2469 5808 ζέοντα
2502 5741 2597 5795 καὶ
2651 5740 3083 5809 πεπυρωμένον;
3132 5740 3227 5803 El;
3253 5739 3423 5807 αὐτὴν
3471 5738 3634 5791 πάλιν
3667 5738 3766 5805 τὴν

2076 5834 2229 5887 πόλιν
2258 5830 2528 5902 εἰσῆλθεν,
2560 5827 2701 5881 ῶστε
2730 5828 3030 5897 δειχθῆναι,
3058 5828 3141 5881 ὅτι
3176 5828 3229 5881 εῐ
3273 5844 3374 5881 που
3408 5828 3502 5881 καὶ
3552 5825 3765 5895 ὐπεχώ⁸

2144 6000 2171 6042 ι)
2199 6000 2298 6051 Alii
2334 6001 2524 6059 ὠφέλει.
2550 6001 2630 6047 Mi.
2656 6001 2730 6046 ἵνα
2755 5999 2832 6051 εἰς.
