4088 6330
164 6040 207 6047 ...μ

376 394 486 453 229
1165 385 1225 444 S.
1265 382 1550 443 JOANNIS
1592 377 2085 438 CHRYSOSTOMI
2128 377 2446 439 ARClﬂEP.
2486 374 3035 433 CONSTANTINOP.
3232 452 3236 456 ι
3699 373 3817 428 930

380 527 486 582 ρει,
516 508 604 563 διὰ
624 508 684 561 τὸ
712 508 801 561 τὸν
835 506 992 575 λόγον
1030 503 1312 576 βούλεσθαι
1346 502 1586 571 σπεῖραι,
1619 499 1717 554 καὶ
1740 498 1829 553 διά
1855 498 1919 551 τὸ
1963 497 2038 568 μὴ

375 596 488 650 δεῖν
521 595 759 649 ἐκκαίειν
783 594 963 648 αὐτῶν
986 595 1076 647 τὸν
1106 592 1293 661 θυμόν.
1318 589 1504 642 Ταῦτα
1526 588 1635 642 τῶν
1670 586 1909 657 σημείων
1940 590 2038 656 οὑχ

374 683 537 758 ἧττον
586 686 680 738 καὶ
715 682 1129 756 λαμπροτέρους
1184 679 1375 741 ἐποίει,
1416 679 1511 731 καὶ
1566 676 1763 748 μᾶλλον
1826 676 2037 745 χαίρειν

346 771 805 843 νωρεσκεύαζεν.
877 768 1128 840 οὐδαμοῦ
1178 767 1236 819 δέ
1291 767 1475 833 λέγει,
1542 765 1630 817 ὃτι
1691 761 2037 831 ὑπέστρεψαν

377 860 677 931 χαίροντες,
703 861 785 913 ὅτι
818 861 1019 929 σημεῖα
1052 855 1342 923 ἐποίησαν,
1369 853 1482 907 ἀλλ’
1504 854 1586 905 ὅτι
1623 848 2038 921 κατηξιώθησαν

377 949 515 1017 ὑπὲρ
545 947 640 1000 τοῦ
674 947 934 1016 ὀνόματος
966 942 1129 997 αὑτοῦ
1169 941 1558 1013 ἀτιμασθῆναι.
1602 941 1710 993 Kal
1738 938 1894 990 10610
1930 937 2039 1006 γὰρ

377 1036 530 1104 παρά
548 1034 642 1087 τοῦ
672 1032 906 1104 Χριστοῦ
938 1030 1291 1100 ἐδιδάχθησαν
1316 1029 1562 1097 λέγοντος
1581 1044 1595 1058 ο
1652 1024 1748 1092 Μὴ
1782 1025 2037 1094 χαίρετε,

376 1120 468 1174 ὅτι
519 1123 591 1176 τὰ
624 1118 897 1190 δαιμόνια
928 1117 1071 1187 ὑμῖν
1112 1116 1542 1173 ὑποτάσσεται.
1583 1115 1649 1167 Ἢ
1705 1115 1814 1184 γὰρ
1870 1113 2039 1175 ὅντως

376 1209 522 1280 χαρά
570 1209 663 1262 καὶ
713 1205 1010 1277 εἰλικρινὴς
1075 1204 1212 1274 αὕτη
1259 1205 1409 1265 ἐστὶ,
1468 1204 1530 1255 τὸ
1594 1203 1821 1272 πάσχειν
1855 1217 1906 1252 τι
1952 1200 2040 1252 διά

378 1296 628 1367 Χριστόν.
675 1290 807 1348 Εἶτα
840 1294 936 1357 τὰς
965 1293 1148 1355 πόλεις
1177 1291 1358 1355 πάσας
1396 1290 1654 1361 ἐπῄεσαν,
1684 1290 1741 1341 ἐν
1764 1284 1853 1352 αἷς
1896 1290 2039 1340 ἐκιν-

376 1384 652 1438 δύνευσαν.
689 1384 796 1436 Καὶ
825 1380 899 1450 τῇ
924 1382 1209 1447 ἐπαύριον
1231 1378 1610 1449 ἐξῆλθεσὺν
1639 1376 1719 1443 τῷ
1762 1370 2038 1444 Βαρνάϐᾳ

375 1473 463 1536 εὶς
510 1469 754 1537 Δέρϐην,
810 1468 1340 1538 εὐαγγελισάμενοί
1393 1484 1455 1520 τε
1512 1466 1625 1533 τὴν
1666 1464 1847 1518 πόλιν
1885 1463 2034 1516 ἐκεί-

376 1573 527 1625 νην,
597 1556 697 1609 καί
770 1557 1255 1626 μαθητεύσαντες
1311 1554 1594 1620 ἱκανοὺς,
1648 1552 2040 1620 ὑπέστρεψαν

376 1642 465 1704 εἰς
537 1639 817 1706 Λύστραν
860 1638 959 1691 καί
1019 1638 1269 1693 Ἰκόνιον
1327 1637 1425 1691 καί
1475 1638 1858 1705 Ἀντιόχειαν,
1910 1637 2038 1689 ἐπι-

378 1726 752 1795 στηρίζοντες
810 1725 916 1791 τὰς
983 1726 1184 1794 ψυχὰς
1220 1724 1339 1777 τῶν
1399 1718 1710 1794 μαθητῶν,
1768 1739 2039 1792 παρακα-

375 1815 629 1880 λοῦντες
662 1812 939 1883 ἐμμένειν
976 1812 1049 1881 τῇ
1102 1814 1325 1874 πίστει,
1373 1813 1470 1866 καί
1524 1813 1613 1866 ὅτι
1664 1812 1760 1866 διὰ
1794 1812 2040 1867 πολλῶν

379 1901 652 1967 θλίψεων
667 1900 763 1954 δεῖ
780 1892 947 1969 ’ἡμᾶς
971 1900 1271 1954 εἰσελθεῖν
1304 1902 1389 1966 είς
1431 1899 1545 1967 τὴν
1570 1900 1897 1965 ,ϐασιλείαν
1930 1897 2037 1951 τοῦ

384 1986 553 2039 Θεοῦ.

450 2074 516 2144 β’.
546 2074 715 2127 Τοῦτο
752 2073 933 2143 ἔλεγον
953 2113 968 2137 ,
994 2073 1150 2127 τοῦτο
1191 2074 1477 2128 ἐδείκνυον,
1511 2071 2035 2141 Ἐπιστηρίζοντες,

379 2160 532 2231 φησί,
564 2160 668 2226 τὰς
691 2161 894 2230 ψυχὰς
916 2160 1036 2214 τῶν
1076 2160 1378 2230 μαθητῶν.
1431 2160 1594 2213 Ὥστε
1658 2160 2037 2230 ἐστηριγμένοι

374 2243 547 2319 ἦσαν’
591 2248 789 2318 μᾶλλον
826 2248 882 2301 δὲ
920 2249 1316 2319 προσετίθεντο.
1356 2246 1660 2316 Προῦλεγον
1706 2246 1907 2308 τοίνυν,
1953 2244 2038 2297 ῖνα

380 2336 454 2406 μὴ
488 2320 964 2389 σκανδαλισθῶσιν.
995 2336 1207 2407 Ὠσπερ
1244 2335 1493 2405 ἐπίτηδες
1525 2333 1583 2387 δὲ
1619 2334 1681 2386 τὸ
1716 2331 1848 2386 αὐτὸ
1891 2332 2039 2401 γίνε-

375 2440 488 2484 ται,
522 2424 583 2476 οὐ
636 2423 725 2476 διὰ
769 2423 878 2476 τῶν
936 2424 1247 2478 ἀποστόλων
1279 2423 1457 2493 μόνον,
1498 2422 1631 2476 ἀλλά
1662 2423 1758 2475 καὶ
1795 2421 1883 2475 διά
1930 2420 2039 2473 τῶν

379 2509 668 2581 μαθητῶνο
719 2510 804 2562 ἵνα
848 2509 1092 2579 μάθωσιν
1122 2511 1188 2561 ἐκ
1229 2510 1528 2581 προοιμίων
1570 2508 1771 2571 εὐθέως
1816 2508 1912 2561 καὶ
1944 2506 2037 2560 τοῦ

377 2596 730 2667 κηρύγματος
757 2596 856 2667 τὴν
884 2596 1133 2667 δύναμιν,
1171 2598 1265 2650 καὶ
1308 2597 1391 2650 ὅτι
1432 2597 1526 2650 καὶ
1574 2596 1768 2657 αὐτοὺς
1806 2595 1888 2647 δεῖ
1926 2611 2037 2647 τοι-

377 2686 515 2737 αῦτα
562 2686 824 2753 πάσχειν,
874 2685 968 2737 καὶ
1039 2684 1124 2737 Eva
1170 2685 1429 2752 γενναίως
1481 2683 1669 2745 στῶσι,
1742 2681 1817 2753 μὴ
1880 2681 2038 2751 μόνον

375 2772 511 2840 πρὸς
552 2771 618 2824 τά
662 2773 859 2840 σημεῖα
901 2771 1214 2841 κεχηνότες,
1255 2770 1389 2824 ἀλλά
1437 2769 1617 2840 πολλῷ
1656 2769 1866 2839 μᾶλλον
1903 2768 2039 2839 πρὸς

374 2862 496 2921 τοὺς
521 2856 872 2929 πειρασμούς.
904 2860 1003 2911 Διά
1030 2860 1184 2913 τοῦτο
1206 2860 1299 2913 καὶ
1327 2858 1489 2921 αὐτὸς
1511 2858 1684 2927 ἔλεγε·
1723 2858 1833 2911 Τὸν
1850 2856 2039 2911 αὐτὸν

372 2942 575 3018 ἀγῶνα
607 2946 869 3016 ἔχοντες,
907 2942 1037 2999 οἷον
1056 2946 1242 3001 εἴδετε
1291 2946 1362 3000 ἐν
1400 2946 1529 3014 ἐμοὶ
1570 2944 1667 2999 καί
1714 2945 2035 3012 ἠκούσατε.

372 3033 611 3103 Διωγμοὶ
645 3034 916 3103 διωγμοὺς
957 3034 1303 3105 διεδέχοντο⁶.
1336 3033 1613 3104 πανταχοῦ
1658 3033 1901 3103 πόλεμοι,
1936 3036 2039 3102 μά-

373 3139 487 3190 χαι,
525 3121 833 3176 λιθοϐολίαι.
882 3104 1016 3175 Ποία
1056 3104 1379 3193 προτροπής
1417 3121 1534 3184 πῶς
1572 3120 1787 3175 ἔπειθον
1816 3121 1873 3174 ἐν
1916 3137 2041 3191 προς

372 3208 569 3276 οιμίοις
622 3208 829 3277 θλίψεις
860 3208 1137 3276 λέγοντες;
1176 3204 1311 3262 Εἶτα
1362 3208 1456 3262 καὶ
1514 3208 1646 3278 ἄλλη
1698 3208 2035 3278 παραμυθία.

373 3293 911 3361 Χειροτονήσαντες
966 3293 1034 3346 δὲ
1101 3294 1304 3359 αὐτοῖς
1391 3294 1833 3362 πρεσϐυτέρους
1901 3295 2041 3347 κατ’

387 3378 769 3445 Ἐκκλησίαν,
816 3380 1293 3449 προσευξάμενοι
1326 3381 1476 3448 μετὰ
1525 3377 1840 3445 νηστειῶν,
1889 3393 2038 3449 παρ-

364 3467 574 3527 έθεντο
618 3468 841 3533 αὐτοὺς
871 3462 1206 3535 τῷνΚυρίῳ,
1250 3462 1339 3533 είς
1392 3462 1481 3520 ὃν
1511 3470 2039 3525 πεπιστεύκεισαν.

373 3552 527 3617 Εῐδες
592 3553 904 3625 θερμότητα
966 3554 1211 3619 Παύλου;
1285 3554 1803 3624 Προσευξὰμενοι,
1874 3556 2034 3625 φησὶ,

370 3643 516 3712 μετὰ
590 3640 888 3708 νηστειῶν
973 3641 1297 3710 παρέθεντο
1366 3642 1590 3709 αὐτοὺς
1666 3642 1745 3707 τῷ
1823 3644 2033 3711 Κυρίῳ.

374 3728 535 3799 Ὅρα,
576 3727 715 3798 μετά
744 3728 1006 3797 νηστειῶν
1044 3728 1100 3781 αἱ
1138 3729 1481 3800 χειροτονίαι.
1511 3730 1680 3782 Πάλιν
1703 3731 1942 3801 νηστεία,
1976 3733 2036 3785 τὸ

371 3816 666 3885 καθάρσιον
704 3814 813 3867 τῶν
853 3816 1133 3887 ἡμετέρων
1160 3815 1367 3886 ψυχῶν.
1402 3816 1513 3870 Καὶ
1551 3817 1887 3883 διελθόντες
1920 3818 2039 3885 τὴν

371 3896 672 3966 Πισιδίαν,
705 3898 896 3972 ἦλθον
936 3905 1024 3968 εὶς
1062 3903 1425 3970 Παμφυλίαν
1446 3920 1461 3933 ο
1523 3904 1621 3957 καί
1654 3905 2039 3973 λαλήσαντες

370 3987 442 4041 ὲν
478 3988 671 4057 Πέργῃ
716 3990 822 4041 τὸν
866 3990 1073 4057 λόγον,
1119 3988 1512 4057 κατήντησαν
1553 3992 1639 4056 εἰς
1680 3990 2036 4052 Ἀττάλειαν.

373 4074 491 4127 Ἵνα
534 4076 642 4145 γάρ
694 4075 766 4145 μὴ
813 4074 1096 4147 καταπέσῃ
1142 4075 1211 4127 τά
1284 4077 1609 4147 φρονήματα
1668 4078 1814 4131 τῶνει
1864 4079 2031 4151 μαθη·

371 4160 499 4224 τῶν,
530 4162 611 4213 ὅτι
650 4162 695 4214 οἱ
736 4160 1083 4231 νομιζόμενοι
1114 4162 1227 4214 θεοὶ
1251 4162 1476 4215 τοιαῦτα
1502 4165 1823 4235 πάσχουσιν,
1860 4167 2039 4237 εἰσῆλ-

374 4248 463 4300 θον
515 4248 650 4319 πρὸς
688 4249 906 4315 αὐτοὺς,
964 4249 1057 4301 καὶ
1088 4249 1457 4320 διελέχθησαν.
1511 4252 1618 4304 Καὶ
1638 4252 1773 4323 ὅρα·
1824 4253 2036 4323 πρῶτον

372 4336 451 4398 εἰς
500 4336 704 4406 Δέρϐην
754 4337 1050 4407 ἐξέρχεται,
1101 4337 1274 4401 διδοὺς
1321 4339 1503 4401 αὐτοῖς
1553 4340 1883 4394 ἀναπνεῦσαι
1941 4344 2034 4397 τοῦ

375 4422 569 4491 θυμοῦ,
616 4422 713 4475 καὶ
763 4423 883 4476 τότε
941 4423 1104 4476 πάλιν
1134 4426 1213 4486 εἰς
1268 4424 1517 4496 Λύστραν
1560 4429 1653 4479 καὶ
1680 4429 1895 4481 Ἰκόνιον
1942 4432 2035 4483 καὶ

372 4508 725 4579 Ἀντιόχειαν,
761 4510 1117 4581 θυμουμένοις
1139 4512 1237 4582 μὲν
1258 4515 1439 4578 αὐτοῖς
1460 4515 1642 4581 εἴκων,
1667 4520 2035 4589 πεπαυμένοις

373 4596 427 4649 δὲ
454 4597 845 4669 ἐπιτιθέμενος.
874 4598 1022 4671 [245]
1068 4600 1344 4670 Ὀρᾷς,ὅτι
1373 4602 1432 4655 οὐ
1457 4604 1630 4655 πάντα
1665 4604 1870 4675 χάριτι,
1902 4608 2036 4662 ἀλλά

375 4687 469 4737 καὶ
494 4686 669 4756 οἰκείᾳ
708 4686 907 4757 σπουδῇ
942 4685 1169 4757 διῴκουν
1192 4692 1245 4755 ‘;
1306 4690 1589 4745 Κάκεῖθεν
1640 4693 2038 4748 ἀπέπλευσαν

374 4776 460 4835 εἰς
489 4774 859 4842 Ἀντιόχειαν,
890 4774 1030 4828 ὅθεν
1048 4771 1211 4846 ἦσαν
1250 4766 1716 4847 παραδεδομένοι
1741 4780 1814 4849 τῇ
1843 4782 2037 4850 χάριτι

372 4858 478 4912 τοῦ
518 4860 662 4913 Θεοῦ
702 4863 786 4924 είς
818 4860 883 4914 τὸ
924 4861 1119 4929 ἔργον,
1150 4862 1181 4915 ὃ
1214 4863 1595 4932 ἐπλήρωσαν.
1645 4869 1743 4922 Διά
1782 4870 1835 4922 τί
1876 4870 2037 4923 πάλιν

373 4945 623 5015 ἔρχονται
659 4948 737 5008 εἰς
765 4939 1121 5017 ’Δνὲιόχειανς
1157 4950 1273 5003 ’Ἰνα
1302 4953 1675 5022 ἀπαγγείλωσι
1712 4957 1780 5011 τά
1806 4961 1923 5015 ἐκεῖ
1944 4976 2043 5017 γε-

372 5032 594 5102 νόμενα.
628 5033 833 5097 Ἀλλως
864 5034 1050 5112 δὲκαὶ
1092 5039 1453 5107 οἰκονομεῖται
1505 5043 1645 5111 μέγα
1692 5048 1923 5117 πρᾶγμα
1953 5050 2012 5102 ἐν

372 5118 591 5172 τεῦθεν·
645 5119 752 5172 ἔδει
798 5119 905 5191 γάρ
949 5119 1133 5175 λοιπὸν
1164 5125 1304 5194 μετά
1358 5129 1669 5199 παρρησίας
1710 5135 1823 5196 τοῖς
1860 5134 2035 5189 ἔθνεσι

374 5212 683 5282 κηρύττειν.
730 5213 1018 5283 Ἐρχονται
1062 5210 1154 5269 οὖν
1203 5216 1375 5272 ταῦτα
1434 5220 1897 5289 ἀπαγγέλλοντες,
1948 5226 2035 5278 ἵνα

374 5299 568 5353 εἰδέναι
601 5300 785 5371 ἔχωσι.
830 5302 940 5354 Καὶ
986 5305 1346 5375 οἰκονομεῖται
1402 5308 1523 5361 τότε
1590 5312 1868 5365 κατελθεῖν
1906 5316 2033 5378 τοὺς

374 5388 679 5452 κωλύοντας
721 5391 831 5453 τοῖς
866 5389 1075 5445 ἔθνεσιν
1103 5394 1330 5463 ὁμιλεῖν,
1362 5396 1466 5449 κῖνα
1499 5396 1685 5451 λοιπὸν
1730 5399 1838 5453 ἀπὸ
1864 5402 2033 5473 Ἰερο-

374 5474 619 5545 σολύμων
650 5476 846 5548 πολλὴν
880 5476 1131 5543 λαϐόντες
1161 5480 1362 5544 ἄδειαν,
1396 5485 1533 5553 μετά
1564 5488 1878 5558 παρρησίας
1907 5491 2033 5543 ἀπί-

372 5580 524 5615 ωσιν.
553 5563 624 5615 Ἢ
652 5565 745 5617 καὶ
788 5565 982 5629 ἄλλως,
1018 5568 1286 5621 δείκνυσιν
1316 5570 1493 5624 αὐτῶν
1524 5572 1585 5626 τὸ
1631 5569 1761 5644 ἦθος
1794 5577 1893 5629 οὐκ
1932 5578 2031 5630 αὖ-

373 5648 549 5711 θαδες.
581 5651 869 5721 Ἔρχονται
899 5653 1010 5725 γάρ
1046 5658 1144 5725 τήν
1174 5674 1233 5709 τε
1275 5660 1585 5731 παρρησίαν
1615 5663 2030 5735 ἐνδεικνύμενοι,

372 5737 453 5790 ὅτι
492 5738 585 5791 καὶ
621 5739 790 5809 χωρὶς
836 5741 1058 5797 ἐκείνων
1088 5749 1199 5809 τοῖς
1226 5746 1435 5801 ἔθνεσιν
1480 5751 1775 5821 ἐκήρυξαν,
1812 5759 1905 5808 καὶ
1935 5756 2031 5827 τὴν

435 5967 932 6051 ῗ.ιξἠι]ςιῖά-ν2ήματα
953 5978 1064 6026 τῶν.
1114 5979 1359 6051 :Sicduo
1380 5981 1520 6033 codd.
1547 5985 1747 6044 optime.
1772 5984 2004 6038 Commel.

368 6031 1070 6091 Savu-elhlontffeamxow.
1111 6031 1280 6095 Enlr.’
1339 6031 1350 6033 ν
1391 6031 1399 6033 ν
1450 6031 1455 6032 ν
1577 6031 1591 6044 -
1620 6031 1746 6035 η
1780 6031 2027 6053 -ν--νη

2147 496 2411 568 ὑπακοὴν,
2453 498 2536 550 ὅτι
2577 495 2759 553 αὐτοῖς
2793 494 3189 563 ἀναφέρουσινδ
3233 490 3293 546 ού
3320 490 3429 560 γάρ
3466 491 3542 556 ὡς
3576 493 3816 547 τοσαῦτα

2142 584 2547 654 κατορθωκότες
2590 580 2987 653 ἀπενοήθησαν.
3029 579 3210 632 Ὅθεν
3266 575 3428 649 ἦσαν
3471 579 3809 648 παραδεδο-

2136 669 2335 737 μένοι,
2370 670 2524 738 φησί,
2566 666 2642 737 τῇ
2672 669 2867 737 χάριτι
2896 667 3001 721 τοῦ
3031 665 3198 721 Θεοῦ.
3232 666 3342 719 Καὶ
3363 666 3466 739 μὴν
3491 666 3553 718 τδ
3587 666 3810 737 Πνεῦμα

2142 754 2325 811 εἶπεν·
2364 757 2498 810 άλλά
2530 757 2596 810 τά
2629 756 2723 809 τοῦ
2784 756 3099 825 Πνεύματος
3152 749 3292 808 οἶδεν
3336 754 3465 808 ὄντα
3508 753 3601 807 τοῦ
3647 754 3800 807 Υίοῦ⁹

2144 844 2239 914 μία
2266 844 2375 915 γὰρ
2400 844 2637 909 ἐξουσία,
2662 843 2848 913 ὥσπερ
2900 845 2933 913 η
2988 842 3147 913 φύσις
3183 841 3279 894 καὶ
3331 840 3463 895 Υίοῦ
3506 841 3599 895 καὶ
3640 838 3815 894 Πνεύ-

2143 949 2306 1002 ματος
2330 931 2445 1002 μία.
2477 925 2948 1001 Παραγενόμενόι
2976 930 3044 983 δὲ
3082 930 3179 983 καί
3218 930 3670 997 συναγαγόντες
3696 927 3814 994 τὴν

2153 1018 2536 1086 Ἐκκλησίαν,
2569 1020 2945 1089 ἀπήγγειλαν
2978 1016 3096 1069 ὅσα
3111 1017 3402 1085 ἐποίησεν
3436 1019 3470 1069 ό
3506 1016 3651 1081 Θεὸς
3682 1016 3813 1083 μετ’

2139 1105 2353 1166 αὐτῶν.
2402 1110 2500 1160 καὶ
2541 1107 2631 1161 ὅτι
2674 1106 2919 1176 ἤνοιξεν
2956 1110 2991 1160 ό
3042 1105 3185 1171 Θεὸς
3226 1104 3352 1171 τοῖς
3383 1104 3588 1159 ἔθνεσι
3623 1106 3816 1173 θύραν

2139 1196 2414 1263 πίστεως.
2444 1196 2739 1264 Διέτρισον
2776 1196 2844 1249 δὲ
2891 1195 3021 1250 ἐκεῖ
3043 1194 3266 1264 χρόνον
3300 1195 3413 1249 οὐκ
3441 1194 3649 1264 ὀλίγον
3688 1193 3815 1246 σὺν

2138 1284 2264 1349 τοῖς
2297 1284 2609 1353 μαθηταῖς.
2650 1284 2929 1346 Εἰκότωςί
2972 1283 3183 1353 μεγάλη
3233 1282 3343 1350 γὰρ
3379 1277 3514 1334 οὖσα
3554 1284 3587 1351 η
3634 1281 3809 1343 πόλις,

2139 1371 2308 1424 ἐδεῖτο
2338 1371 2687 1427 διδασκάλων.
2714 1371 2942 1441 Ἴδωμεν
2970 1370 3154 1424 λοιπὸν
3181 1369 3386 1424 ἀνωθεν
3411 1370 3479 1423 τά
3512 1368 3809 1439 εἰρημένα.

2138 1459 2287 1529 Αύτῇ
2311 1462 2376 1529 τῇ
2401 1459 2521 1529 δψει
2540 1458 2568 1499 δ
2592 1457 2937 1527 κατέπληξαν
2963 1458 3161 1520 αὐτοὺς
3179 1456 3573 1531 ’διαρρήξαντες
3600 1455 3669 1514 τά
3688 1456 3813 1526 ἰμά-

2139 1562 2246 1600 τια.
2280 1545 2449 1599 Τοῦτο
2495 1547 2590 1600 καὶ
2634 1544 2838 1616 Ἰησοῦς
2869 1547 2896 1599 ό
2927 1545 3019 1598 τοῦ
3048 1544 3203 1617 Ναυὴ
3232 1544 3405 1597 ἐποίει
3447 1543 3540 1596 ἐπὶ
3574 1546 3641 1613 τῇ
3672 1544 3813 1617 ἥττῃ

2139 1630 2232 1684 τοῦ
2260 1632 2410 1686 λαοῦ.
2434 1632 2525 1703 Μὴ
2550 1633 2727 1686 τοίνυν
2750 1633 2975 1704 νομίσῃς
3011 1632 3230 1698 ἀνάξιον
3258 1631 3440 1685 αὐτῶν
3462 1626 3599 1684 εἶναι
3628 1631 3809 1692 τοῦτο,

2139 1721 2349 1791 καὶτῆς
2382 1721 2698 1785 εὐσταθείας
2732 1720 2941 1775 αὐτῶν·
2983 1720 3085 1773 οὐκ
3123 1719 3190 1773 ἂν
3221 1722 3331 1791 γάρ
3368 1719 3543 1783 ἄλλως
3574 1717 3811 1789 ἐπέσχον

2137 1809 2237 1877 τὴν
2268 1808 2537 1880 τοσαύτην
2564 1810 2762 1879 ὁρμὴν,
2790 1810 2889 1861 οὐκ
2916 1807 2980 1861 ἂν
3008 1807 3187 1870 ἄλλως
3213 1807 3311 1877 τὴν
3341 1808 3520 1878 πυράν
3555 1806 3809 1862 ἔσϐεσαν.

2140 1897 2309 1950 Ὅταν
2332 1892 2425 1951 οὖν
2464 1914 2517 1949 τι
2566 1898 2659 1969 δέῃ
2701 1896 2811 1949 τῶν
2866 1897 3094 1950 δεόντων
3139 1890 3435 1964 γενέσθαι,Δ
3470 1895 3609 1966 μηδέ
3646 1897 3810 1965 ἡμεῖς

2139 1983 2554 2055 παραιτώμεθα.
2584 1986 2647 2038 Εἰ
2668 1984 2846 2038 τοίνυν
2874 1987 2968 2038 καὶ
3004 1983 3142 2055 μετά
3175 1984 3349 2036 ταῦτα
3382 1983 3534 2054 μόλις
3553 1982 3807 2050 ἔπεισαν,

2138 2072 2186 2123 εί
2222 2073 2297 2142 μὴ
2330 2072 2502 2135 οὕτως
2528 2074 2874 2144 εἰργάσαντο,
2898 2072 2951 2126 τί
2976 2073 3077 2126 οὐκ
3105 2072 3171 2126 ἀν
3202 2073 3420 2141 ἐγένετο
3445 2090 3461 2139 ;
3503 2073 3567 2127 Εί
3595 2072 3703 2143 γάρ
3733 2073 3811 2144 μὴ

2139 2160 2309 2225 οὕτως
2356 2162 2637 2232 ἐποίησαν,
2687 2161 3049 2233 ἐνομίσθησαν
3101 2161 3167 2215 ἄν
3230 2178 3345 2225 πως
3394 2160 3808 2233 ὑψηλοφρονεῖν,

2140 2249 2235 2301 καὶ
2274 2249 2474 2321 μᾶλλον
2503 2249 2748 2318 ἐφίεσθαι
2780 2250 2878 2319 τῆς
2904 2252 3090 2319 τιμῆς.
3137 2250 3247 2302 Καὶ
3272 2250 3372 2321 δρα
3406 2250 3495 2303 τὸν
3526 2250 3682 2317 λόγον
3711 2265 3811 2319 με-

2144 2336 2480 2406 μετρημένον
2522 2338 2580 2388 ἐν
2615 2338 2683 2407 τῇ
2730 2334 3038 2406 ἐπιπλήξει,
3092 2338 3186 2389 καὶ
3224 2336 3499 2407 θαύματος
3540 2337 3676 2407 όμοῦ
3718 2337 3813 2406 γέ-

2142 2439 2309 2499 μοντα
2336 2425 2427 2476 καὶ
2456 2423 2815 2495 ἐπιπλήξεως.
2855 2422 3026 2477 Τοῦτο
3050 2424 3288 2495 μάλιστα
3310 2426 3507 2485 αὐτοὺς
3547 2425 3812 2489 ἐκώλυσε,

2137 2510 2198 2563 τὸ
2214 2512 2407 2573 εἰπεῖν,
2432 2512 2541 2566 Καὶ
2576 2510 2746 2581 ἡμεῖς
2767 2512 3141 2577 ὁμοιοπαθεῖς
3177 2513 3366 2581 ἐσμεν
3403 2512 3545 2582 ὑμῖν
3593 2513 3817 2581 ἀνθρω-

2139 2612 2261 2665 ποι,
2280 2597 2786 2669 εὐαγγελιζόμενοι
2808 2598 2963 2669 ὑμᾶς
2988 2600 3107 2653 ἀπὸ
3142 2598 3262 2653 τῶν
3284 2600 3552 2669 ματαίων
3582 2602 3816 2655 τούτων

2138 2684 2521 2753 ἐπιστρέφειν
2552 2685 2662 2739 ἐπὶν
2686 2685 2794 2739 τὸν
2832 2687 3000 2741 Θεόν.
3047 2685 3192 2739 Ὢσεὶ
3234 2686 3445 2755 ἔλεγον·
3496 2686 3814 2759 Ἀνθρωποι

2144 2770 2242 2841 μέν
2271 2774 2459 2841 ἐσμεν,
2491 2774 2642 2843 φησὶ,
2673 2775 2879 2827 τούτων
2907 2774 2964 2827 δὲ
2993 2774 3244 2845 μείζους”
3276 2775 3449 2828 ταῦτα
3480 2775 3589 2845 γάρ
3616 2777 3810 2843 νεκρά.

2145 2856 2283 2926 Ὅρα
2320 2860 2515 2921 αὐτοὺς
2551 2860 2651 2913 οὐκ
2698 2861 3101 2931 ἀνατρέποντας
3152 2861 3333 2931 μόνον,
3374 2861 3511 2915 ἀλλά
3546 2863 3639 2915 καὶ
3666 2862 3816 2915 διδά-

2142 2961 2385 3011 σκοντας,
2427 2948 2520 2999 καὶ
2554 2947 2707 3001 οὐδὲν
2754 2949 2881 3019 περὶ
2935 2949 3180 3019 ἀοράτων
3238 2949 3659 3021 φθεγγομένους.
3702 2952 3817 3017 Ὃς

2138 3034 2409 3101 ἐποίησε,
2456 3036 2621 3105 φησὶ,
2655 3036 2764 3089 τὸν
2801 3037 3061 3105 οὐρανὸν
3096 3037 3197 3090 καί
3244 3037 3360 3103 τὴν
3392 3037 3511 3107 γῆν
3550 3039 3647 3092 καί
3691 3039 3816 3106 τὴν

2141 3122 2477 3186 θάλασσαν,
2503 3122 2601 3175 καὶ
2631 3123 2827 3181 πάντα
2853 3125 2924 3178 τὰ
2949 3126 3019 3178 ἐν
3048 3124 3272 3191 αὐτοῖς.
3294 3126 3594 3196 Μάρτυρας
3613 3126 3813 3192 αὐτοὺς

2141 3208 2286 3276 λέγει
2311 3210 2435 3272 τοὺς
2464 3212 2759 3274 ἐνιαυτούς.
2794 3213 2857 3265 Ὢ
2885 3214 2983 3281 τῆς
3018 3214 3212 3282 μανίας
3239 3215 3336 3283 τῆς
3361 3214 3691 3285 Ἰουδαῖκῆςί
3724 3220 3813 3281 εἰς

2139 3297 2309 3367 δῆμον
2366 3297 2506 3351 οὕτω
2553 3301 2860 3369 τιμήσαντα
2911 3302 3038 3365 τοὺς
3106 3302 3438 3367 ἀποστόλους
3506 3306 3814 3377 ἐτόλμησαν

2138 3386 2371 3461 ἐμθῆναι
2408 3388 2748 3463 καὶῆλιθάσαι
2788 3388 3021 3467 Παῦλον.
3059 3390 3204 3463 Ἔξω
3233 3391 3290 3444 δὲ
3320 3392 3427 3463 τῆς
3452 3392 3657 3458 πόλεως
3685 3393 3814 3467 ἐσυ-
3850 3464 3853 3465 ν

2143 3488 2261 3543 ραν,
2313 3469 2467 3545 ’τάχα
2518 3474 2816 3541 δεδοικότες
2859 3463 3084 3533 ἐκεῖνον.
3144 3466 3256 3535 Καὶ
3305 3463 3810 3551 προσευξάμενζω,

2140 3561 2292 3631 φησί,
2328 3561 2473 3628 μετὰ
2498 3565 2812 3635 νηστειῶν,
2850 3568 3175 3637 παρέθεντο
3207 3569 3429 3635 αὐτοὺς
3460 3569 3541 3635 τῷ
3588 3572 3807 3640 Κυρίῳ.

2139 3649 2249 3702 Καὶ
2270 3652 2550 3718 νηστεύειν
2572 3654 2847 3709 ἐδίδασκον
2879 3659 2935 3709 ἐν
2957 3659 3069 3721 τοῖς
3099 3660 3447 3728 πειρασμοῖς.
3499 3660 3614 3712 Οὐκ
3647 3657 3811 3712 εἶπαν

2138 3737 2237 3791 ὃσα
2270 3740 2423 3795 αὐτοὶ
2446 3744 2729 3813 ἐποίησαν,
2765 3743 2879 3796 ἀλλ’
2916 3746 3017 3798 ὅσα
3044 3747 3072 3798 ὁ
3103 3745 3236 3808 Θεὸς
3265 3745 3381 3817 μετ’
3410 3746 3609 3802 αὐτῶν.
3656 3748 3813 3815 Ἐμοὶ

2138 3820 2352 3876 δοκοῦσι
2381 3827 2505 3888 τοὺς
2532 3827 2871 3896 πειρασμοὺς
2915 3826 3115 3896 λέγειν.
3156 3829 3267 3897 Οὐχ
3311 3830 3497 3893 ἁπλῶς
3528 3826 3693 3900 ἦλθον
3720 3835 3814 3883 ἐν-

2139 3907 2332 3973 ταῦθα,
2350 3910 2469 3963 οὐδὲ
2492 3910 3001 3982 διαναπαυσόμενοι,
3023 3911 3171 3985 [ιιι]
3188 3914 3301 3967 ἀλλ’
3317 3917 3675 3985 οἰκονομικῶς
3704 3918 3814 3970 ὑπὸ

2139 3994 2279 4049 106°
2311 3999 2626 4068 Πνεύματος
2658 3998 3030 4069 ὁδηγούμενοι,
3082 3999 3224 4053 ὥστε
3270 4002 3333 4055 τὺ
3388 4002 3649 4072 κήρυγμα
3697 4003 3812 4056 τῶν

2140 4085 2307 4139 ἐθνῶν
2337 4084 2719 4156 βεὸαιωθῆναι.
2755 4087 2866 4140 Καὶ
2901 4085 2989 4138 διά
3033 4087 3107 4151 τί,
3147 4087 3333 4157 φησὶν,
3367 4090 3425 4141 ἐν
3458 4090 3670 4161 Κύπρῳ
3707 4092 3812 4144 οὐκ

2139 4175 2400 4246 ἐποίησαν
2425 4174 2824 4247 πρεσϐυτέρους
2848 4174 2968 4228 οὐδέ
2990 4178 3048 4228 ἐν
3080 4177 3365 4249 Σαμαρείᾳ
3384 4176 3407 4217 δ
3434 4194 3448 4241 ;
3478 4178 3600 4232 Ὅτι
3623 4180 3808 4251 ἐκείνη

2140 4262 2238 4333 μὲν
2271 4264 2436 4331 ἐγγὺς
2464 4258 2533 4334 ἦν
2560 4260 2667 4313 τῶν
2698 4262 3031 4327 ἀποστόλων,
3069 4263 3208 4333 αὕτη
3236 4264 3291 4316 δὲ
3319 4264 3419 4331 τῆς
3457 4266 3808 4336 Ἀντιοχείας,

2138 4350 2232 4426 καὶ
2262 4352 2291 4403 ό
2316 4351 2473 4418 λόγος
2502 4351 2721 4423 ἐκράτει
2742 4368 2755 4381 ο
2790 4351 3023 4405 ἐνταῦθα
3057 4352 3113 4404 δὲ
3148 4352 3348 4423 πολλῆς
3386 4353 3594 4407 ἐδέοντο
3629 4373 3809 4428 παρα-

2141 4438 2360 4507 μυθίας,
2399 4440 2492 4492 καὶ
2540 4440 2773 4509 μάλιστα
2813 4442 2863 4493 οἱ
2917 4441 2977 4505 ἐξ
3022 4441 3226 4507 ἐθνῶν,
3284 4444 3589 4512 ὀφείλοντες
3636 4445 3810 4499 πολλά

2137 4525 2502 4580 διδάσκεσθαι.
2536 4521 2738 4582 *Ηλθον
2775 4528 3134 4595 διδάσκοντες,
3166 4530 3245 4583 ὅτι
3274 4531 3498 4595 εἰκότως
3532 4534 3806 4603 ἐχειροτο-

2138 4613 2380 4684 νήθησαν
2400 4614 2504 4668 ὑπὸ
2527 4614 2619 4667 τοῦ
2651 4616 2989 4687 Πνεύματος.
3028 4618 3139 4671 Kal
3180 4620 3282 4691 δρα
3312 4620 3374 4673 τὸ
3404 4619 3605 4691 θερμὸν
3653 4622 3808 4674 Παύ-

2137 4700 2249 4754 λου.
2292 4702 2364 4754 Ού
2398 4702 2721 4755 πυνθάνεται
2759 4706 2806 4757 εί
2834 4704 2913 4758 δεῖ
2939 4705 3167 4775 λαλῆσαι
3203 4707 3432 4770 ἔθνεσιν,
3458 4708 3576 4761 ἀλλ’
3604 4709 3809 4774 εὐθέως

2139 4789 2320 4842 λαλεῖ·
2382 4789 2470 4843 διά
2519 4790 2675 4844 τοῦτο
2738 4792 2941 4859 ἔλεγεν.
2992 4790 3074 4841 Οὐ
3119 4795 3577 4866 προσανεθέμην
3623 4800 3807 4861 σαρκὶ

2138 4878 2235 4929 καί
2260 4878 2475 4946 αἵματι.

2207 4970 2276 5031 γ’.
2313 4965 2470 5033 Μέγα
2497 4966 2664 5029 ὅντως
2697 4966 2955 5039 ἀγαθὸνή
2991 4968 3184 5041 θλίψις,
3216 4972 3312 5026 καὶ
3350 4973 3593 5044 μεγάλης
3621 4972 3807 5046 ψυχῆς

2138 5054 2275 5115 ἐστι,
2308 5058 2403 5107 καὶ
2434 5056 2689 5123 γενναίας
2721 5056 3071 5129 κατόρθωμα.
3132 5060 3293 5114 Πόσοι
3333 5062 3472 5131 μετὰ
3499 5061 3656 5115 τοῦτο
3686 5064 3808 5115 ἐπί-

2139 5157 2387 5207 στευσαν,
2420 5145 2517 5198 καὶ
2541 5144 2715 5206 οὐδεὶς
2738 5145 2910 5207 οὕτως
2946 5146 3221 5218 ἔλαμψενς
3280 5148 3437 5203 Οὕτω
3493 5149 3807 5223 προθυμίας

2135 5231 2267 5299 ἡμῖν
2291 5230 2372 5282 δεῖ
2398 5232 2698 5302 πανταχοῦ,
2732 5232 3034 5304 πυρώσεως
3066 5246 3088 5275 ο
3142 5236 3366 5307 πολλῆς,
3429 5236 3609 5309 ψυχῆς
3665 5240 3808 5310 πρὸς

2136 5317 2363 5371 θάνατον
2418 5323 2907 5395 παρατεταγμένης
2932 5341 2946 5353 ·
3004 5324 3183 5389 ἄλλως
3230 5326 3341 5398 γάρ
3393 5328 3492 5381 οὐκ
3556 5328 3634 5381 ενι
3702 5328 3806 5398 τῆς

2136 5402 2414 5476 βασιλείας
2476 5411 2693 5477 τυχεῖν,
2752 5409 2828 5482 μὴ
2878 5414 3280 5483 σταυρωθέντα.
3342 5416 3435 5487 Μὴ
3499 5415 3807 5486 ἀπατῶμεν

2134 5493 2380 5558 ἑαυτούς.
2420 5496 2484 5548 El
2535 5496 2643 5567 γὰρ
2700 5500 2757 5551 ἐν
2815 5500 3036 5572 πολέμῳ
3067 5501 3305 5573 σωθῆναι
3328 5505 3391 5557 οὐ
3420 5504 3643 5558 δυνατὸν
3670 5521 3807 5574 τρυ-

2135 5581 2320 5649 φῶντα
2344 5584 2439 5637 καὶ
2472 5587 2940 5658 χρηματιζόμενον
2973 5591 3066 5643 καὶ
3095 5592 3476 5661 καπηλεύοντα
3504 5594 3599 5647 καὶ
3630 5593 3806 5664 ῥᾳθυ-

2136 5670 2338 5740 μοῦντα
2359 5689 2373 5703 ο
2406 5672 2587 5744 πολλῷ
2610 5675 2808 5744 μᾶλλον
2860 5680 2918 5730 ἐν
2966 5679 3044 5749 τῷ
3094 5670 3329 5752 πολέμῳ
3366 5682 3561 5752 τούτῳ.
3600 5683 3670 5734 Ἦ
3698 5681 3809 5738 οὐκ

2131 5760 2308 5814 οἴεσθε
2347 5762 2582 5833 πόλεμον
2613 5760 2751 5819 slva:
2772 5766 2866 5820 νῦν
2904 5768 3124 5823 πάντων
3178 5770 3431 5841 πολέμων
3482 5771 3809 5841 χαλεπώτα-

2695 5876 2707 5889 θ

2159 5933 2168 5942 1
2191 5862 2217 5902 δ
2240 5869 2339 5919 ΑΙὶὶ
2363 5872 2583 5944 εἰρημένα
2612 5876 2775 5984 πρώτέ
2800 5882 2859 5938 τῇ
2887 5878 3008 5940 ὄψει.
3078 5882 3100 5909 ε
3116 5878 3446 5941 Οἰκονομικῶς
3476 5881 3559 5928 ἅτε
3579 5879 3668 5927 ὑπὸ
3690 5877 3807 5943 τοῦ,

2159 5944 2201 5980 Ic
2249 5944 2391 5979 unus.
2458 5933 2484 5971 ά
2526 5936 2609 5984 Sic
2645 5940 2729 5984 aui
2765 5952 2840 5984 am
2887 5952 2999 5984 mss-
3032 5951 3187 5984 ιίιριρ-
3251 5941 3374 5984 Edin
3424 5955 3542 5984 vero
3583 5942 3630 5984 ἐν
3689 5940 3807 5984 Ἀν-

2130 5933 2201 5980 sic
2249 5944 2391 6005 qnus.
2435 5933 2484 6005 _d
2526 5935 2609 6005 Si}:
2645 5933 2999 6005 qvidamrmm'ss.
3032 5951 3187 5990 recte.
3251 5933 3375 5991 Ediu
3424 5933 3542 5990 iero
3583 5942 3630 6005 ἐν
3689 5933 3809 6005 ’ᾼνξ

2129 5997 2496 6121 ἓχέίὲἐωιιηιθ.
2570 6003 2592 6027 θ
2665 5997 2797 6048 Unus
2848 6002 3047 6065 ἔλαμψε.
3101 6005 3371 6067 Προθυμίας
3420 6004 3509 6067 γὰρ
3549 6003 3657 6067 ὑμῖν
3705 6004 3806 6066 διῑ,
