4084 6332
185 452 291 507 ηε)

190 568 367 623 vruen‘
392 567 724 625 desiderium
755 567 970 625 fervens
998 574 1055 623 et
1078 562 1409 622 accensum?
1450 562 1510 620 In
1548 557 1796 616 eamdem

185 674 380 714 rursus
425 661 650 716 intravit
702 662 976 717 civitatem
999 702 1017 729 ,
1056 669 1123 716 :ut
1160 657 1539 714 ostenderetur
1579 654 1753 725 ipsum
1779 690 1796 717 ,

185 752 363 808 sicubi
405 754 653 822 recessit,
686 754 740 811 id
771 755 983 819 fecisse.
1026 752 1170 824 quod
1188 752 1360 808 .vellet
1398 748 1627 805 verbum
1656 745 1799 800 inse-

188 860 337 909 rere.
367 856 423 903 et
439 848 585 919 quod
614 864 721 904 non
743 858 1018 918 oporteret
1051 847 1288 902 furorem
1316 845 1531 900 illorum
1574 855 1799 897 succen-

190 938 347 994 dere.
376 939 509 1016 ηερ
542 957 649 997 non
689 941 869 996 minus
907 956 1069 1013 quam
1116 938 1270 1011 signa
1311 936 1636 1008 conspicuos
1662 934 1802 989 illos

191 1030 531 1100 reddebant,
571 1042 629 1089 et
665 1032 840 1104 majus
885 1032 1140 1105 gaudium
1174 1032 1474 1104 pariebant.
1522 1029 1798 1097 Nusquam

190 1138 330 1179 vero
367 1124 501 1203 dicit
528 1127 673 1197 ipsos
699 1142 949 1184 reversos
983 1143 1128 1196 esse,
1158 1126 1455 1199 gaudentes
1476 1123 1620 1196 quod
1648 1124 1801 1193 signa

191 1214 479 1287 fecissent,
506 1220 603 1276 sed
632 1220 776 1291 quod
818 1220 968 1293 digni
995 1220 1161 1276 habiti
1206 1218 1559 1301 fuissent'pro
1584 1218 1801 1272 nomine

188 1306 309 1378 ejus
351 1312 734 1368 contumeliam
779 1314 892 1384 pati
921 1333 935 1370 :
965 1329 1088 1369 nam
1114 1311 1299 1370 ethoc
1323 1328 1356 1368 a
1384 1312 1599 1368 Christo
1620 1309 1799 1365 edocti

192 1401 413 1458 fuerant
437 1404 652 1461 dicente
682 1423 695 1459 :
731 1405 906 1461 Nolite
928 1406 1153 1479 gaudere
1171 1448 1187 1473 ,
1219 1408 1342 1477 quia
1371 1404 1633 1460 immania
1662 1402 1801 1457 vobis

190 1494 536 1566 subjiciuntur
555 1497 706 1571 (Luc.
727 1498 815 1555 l0.
848 1498 961 1568 20).
980 1497 1178 1555 Verum
1215 1499 1358 1554 enim
1380 1498 1650 1553 sincerum
1672 1510 1803 1566 gau-

191 1586 347 1642 dium
392 1588 495 1645 hoc
538 1599 651 1654 est,
697 1591 896 1662 aliquid
936 1593 1045 1662 pati
1086 1606 1185 1663 pro
1218 1590 1456 1646 Christo.
1499 1589 1704 1645 Deinde
1746 1590 1809 1661 in.

192 1683 445 1739 civitates
472 1684 589 1739 illas
627 1701 820 1741 omnes
861 1696 1145 1751 venerunt,
1189 1686 1243 1742 in
1276 1686 1473 1758 quibus
1514 1686 1801 1757 periclitati

194 1774 428 1831 fuerant.
460 1774 529 1830 Et
559 1789 761 1846 postera
786 1778 892 1833 die.
915 1782 1172 1850 profectus
1213 1788 1303 1834 est,
1322 1794 1438 1831 cum
1479 1776 1719 1831 Barnaba
1748 1777 1802 1830 in

194 1864 422 1926 Derben.
436 1868 529 1927 20.
546 1869 770 1941 Cumque
785 1872 1210 1942 evangelisassent
1221 1872 1411 1925 civitati
1425 1871 1523 1939 illi,
1541 1883 1589 1925 et
1600 1872 1803 1925 docuis-

192 1972 305 2016 sent
336 1964 541 2029 multos,
580 1966 766 2021 reversi
790 1974 911 2019 sunt
939 1964 1183 2037 Lystram
1208 1974 1256 2019 et
1279 1963 1518 2019 Iconium
1540 1975 1587 2019 et
1617 1964 1801 2017 Antio-

191 2054 388 2122 chiam,
409 2054 502 2111 21.
529 2058 892 2127 confirmantes
928 2058 1128 2112 animus
1170 2057 1564 2127 discipulorum,
1609 2059 1799 2113 exhor—

194 2155 465 2219 tantaque
505 2159 563 2203 ut
606 2159 955 2217 permanerent
988 2150 1044 2203 in
1072 2150 1198 2219 ﬁde,
1224 2160 1271 2203 et
1316 2150 1455 2218 quod
1484 2166 1574 2219 per
1612 2152 1801 2203 multas

196 2240 552 2297 tribulationes
579 2252 774 2313 oportet
800 2260 892 2298 nos
918 2245 1180 2299 intrarein
1206 2261 1417 2316 regnum
1442 2244 1557 2299 Dei.

264 2333 325 2388 2.
367 2334 479 2390 Hoc
504 2335 786 2402 dicebant,
820 2335 923 2392 hoc
954 2336 1346 2391 monstrabant.
1397 2335 1796 2405 Conﬁrmantes,

194 2426 394 2497 inquit,
422 2427 619 2482 animas
648 2427 1038 2498 discipulorum.
1087 2427 1274 2498 Itaque
1304 2429 1607 2484 confirmati
1636 2441 1761 2482 sunt
1782 2470 1796 2491 .

195 2518 309 2572 into
336 2527 463 2573 sunt
486 2520 737 2591 appositi.
770 2519 1144 2575 Przedicabant
1171 2535 1333 2591 ergo,
1386 2535 1454 2575 ne
1487 2521 1540 2575 in
1567 2519 1800 2574 oﬂ‘endi-

194 2611 383 2666 culum
427 2612 700 2667 caderent.
754 2612 824 2667 Et
852 2613 1004 2683 quasi
1048 2612 1118 2669 de
1158 2612 1420 2668 industria
1452 2612 1555 2667 hoc
1584 2613 1662 2679 lit,
1692 2628 1798 2666 non

197 2712 408 2757 tantum
444 2718 541 2774 per
585 2704 883 2774 apostolos;
921 2704 1013 2758 sed
1042 2707 1202 2758 etiam
1236 2720 1333 2774 per
1361 2703 1694 2773 discipulos;
1744 2712 1803 2758 ut

195 2792 413 2849 discant
441 2798 619 2849 statim
650 2796 718 2849 ab
750 2796 903 2849 initio
931 2806 985 2849 et
1008 2795 1405 2865 praedicationis
1426 2796 1557 2857 vim.
1581 2803 1637 2850 et
1657 2796 1802 2864 ipsos

195 2886 365 2942 etiam
392 2897 645 2957 oportere
672 2888 795 2942 talia
836 2889 981 2958 pati;
1015 2898 1179 2957 utque
1228 2889 1437 2943 fortiter
1479 2898 1644 2952 stent,
1694 2902 1805 2942 non

197 2983 366 3035 modo
394 2981 461 3036 ad
489 2981 638 3053 signa
669 2982 954 3046 inhiantes,
987 2981 1081 3037 sed
1116 2983 1285 3037 multo
1311 2982 1482 3052 magis
1512 2982 1577 3036 ad
1618 2992 1799 3057 tenta-

198 3074 400 3128 tiones.
434 3073 557 3129 Ideo
583 3084 640 3130 et
666 3074 779 3145 ipse
807 3075 1061 3137 dicebat;
1090 3072 1237 3128 Idem
1257 3084 1510 3129 certamen
1536 3075 1800 3155 habentes,

195 3167 352 3234 quale
394 3178 442 3221 et
487 3167 683 3222 vidistis
722 3168 776 3220 in
811 3183 890 3221 me
917 3178 965 3221 et
991 3168 1270 3223 madidis
1310 3167 1572 3241 (Philipp.
1604 3170 1654 3223 I.
1686 3168 1800 3245 50).

197 3258 655 3329 Persequutiones
694 3258 1003 3327 frequentes
1034 3268 1191 3315 erant
1220 3278 1233 3313 :
1267 3259 1467 3331 ubique
1499 3260 1672 3326 bella,
1709 3276 1805 3332 pu-

196 3366 345 3422 gnae.
380 3351 758 3421 lapidationes.
789 3352 976 3419 Qualis
1001 3352 1346 3407 adhortatio?
1379 3352 1650 3423 quomodo
1682 3370 1806 3423 per-

196 3443 523 3508 suadebunt,
553 3443 681 3498 dum
713 3444 765 3497 in
800 3444 1066 3515 principio
1108 3444 1486 3499 tribulationes
1526 3445 1809 3500 dicerent?

167 3553 180 3559 ‘
200 3536 413 3609 Deinde
435 3546 490 3592 et
509 3537 611 3605 alia
639 3538 976 3604 consolatio":
1006 3537 1095 3596 22.
1124 3537 1189 3592 Et
1210 3552 1328 3595 cunt
1353 3537 1675 3593 ordinassent
1704 3538 1809 3594 illis
1834 3589 1839 3593 .

199 3647 294 3700 per
312 3631 547 3702 singulas
574 3628 831 3685 Ecclesias
857 3631 1193 3703 presbyteros,
1224 3639 1269 3683 et
1289 3639 1519 3684 orassent
1538 3647 1652 3683 cum
1672 3632 1809 3701 jeju-

199 3724 322 3787 niis,
346 3727 822 3778 commendauerunt
849 3740 933 3778 eos
954 3722 1197 3783 Domino,
1220 3723 1274 3775 in
1296 3738 1443 3789 quem
1462 3721 1807 3777 crediderunt.

198 3805 457 3871 Vidistin‘
488 3813 755 3871 fervorem
778 3814 971 3869 Pauli?
1010 3812 1139 3870 Cum
1168 3822 1417 3878 orassent,
1448 3814 1619 3884 inquit
1646 3855 1660 3879 ,
1695 3831 1811 3867 cum

198 3908 437 3979 iejuniis.
470 3909 948 3963 commendauerunt
976 3924 1061 3962 eos
1088 3906 1330 3962 Domino.
1375 3906 1530 3973 Vide,
1566 3922 1687 3962 cum
1722 3908 1809 3978 je-

198 4000 370 4069 juniis
410 4001 806 4057 ordinationes.
842 4002 1051 4057 Rursus
1090 3999 1378 4071 jejunium,
1419 4001 1666 4071 purgatio
1692 4001 1811 4055 ani-

200 4109 418 4149 marum
447 4105 775 4149 nostrarum.
800 4096 892 4150 23.
917 4092 1357 4163 Transeuntesque
1381 4090 1653 4158 Pisidiam,
1678 4109 1817 4148 vene-

201 4197 327 4241 runt
353 4187 407 4240 in
430 4184 795 4256 Pamphylians
815 4202 833 4249 ;
856 4184 949 4240 24.
972 4196 1018 4238 et
1044 4168 1299 4255 loquentes
1318 4185 1521 4239 uerbum
1544 4185 1596 4237 in
1626 4182 1811 4255 Perge,

202 4280 583 4336 descenderunt
612 4282 667 4333 in
692 4280 958 4334 Attalium.
986 4277 1122 4334 Nam
1146 4294 1214 4333 ne
1232 4277 1618 4347 discipulorum
1651 4279 1814 4332 animi

204 4374 582 4439 conciderent,
613 4374 755 4444 quod
787 4374 884 4434 illi.
918 4374 1008 4444 qui
1037 4372 1109 4428 dii
1138 4373 1428 4428 existimati
1460 4370 1694 4437 fuerant,
1738 4384 1817 4426 ta-

205 4469 277 4523 lia
326 4477 661 4537 paterentur,
716 4466 941 4537 ingressi
992 4473 1119 4520 sunt
1161 4463 1230 4518 ad
1267 4464 1415 4529 illos,
1464 4475 1520 4520 et
1553 4465 1814 4535 alloqnuti

205 4574 344 4619 sunt
370 4576 487 4616 eos.
521 4562 586 4615 Et
619 4560 772 4625 vide;
798 4562 947 4631 prius
986 4560 1041 4614 in
1090 4560 1299 4614 Derben
1344 4559 1475 4621 exit,
1528 4558 1665 4614 dans
1714 4559 1819 4615 illis

209 4653 517 4724 respirandi
560 4653 737 4709 locum
766 4670 793 4706 a
826 4653 1012 4707 furore
1031 4693 1046 4717 ,
1080 4661 1137 4707 et
1165 4662 1293 4706 tunc
1324 4646 1511 4707 rursus
1541 4653 1690 4707 venit
1716 4652 1821 4725 Ly-

206 4759 407 4813 stratn,
430 4745 665 4801 Iconium
683 4756 737 4800 et
755 4746 1091 4799 Antiochiam
1118 4763 1131 4799 :
1157 4744 1458 4799 furentibus
1476 4744 1577 4799 illis
1599 4745 1816 4812 cedens,

208 4840 437 4895 sedatos
462 4854 591 4895 vero
618 4839 827 4893 adiens.
863 4838 1027 4893 Vides
1068 4852 1165 4894 eos
1210 4853 1317 4891 non
1360 4839 1538 4891 omnia
1573 4853 1669 4908 per
1700 4855 1823 4908 gra-

209 4935 377 4994 tiam.
398 4932 495 4988 sed
523 4933 681 4986 etiam
706 4947 800 5002 per
825 4931 1101 5001 proprium
1131 4929 1367 4987 studium
1391 4930 1821 4987 administrasse.

209 5026 305 5081 25.
344 5022 411 5078 Et
437 5024 557 5078 inde
584 5025 946 5096 navigaverunt
978 5023 1323 5086 Antiochiam,
1371 5022 1506 5076 unde
1538 5032 1683 5075 erant
1713 5033 1823 5077 tra-

211 5120 315 5173 diti
342 5118 521 5188 gratia
545 5116 664 5183 Dei,
686 5119 739 5170 in
763 5133 894 5186 Opus
913 5117 1050 5187 quod
1075 5115 1472 5185 compleverunt.
1504 5112 1613 5170 Cur
1636 5132 1827 5171 rursus

216 5209 564 5267 Antiochiam
596 5198 855 5266 veniunt?
879 5208 951 5266 Ut
974 5211 1297 5264 enituntient
1317 5226 1378 5265 ca
1406 5226 1526 5280 qua:
1552 5210 1662 5264 illic
1690 5209 1825 5264 facta

215 5312 372 5359 sunt.
402 5292 656 5373 Alioquin
686 5317 821 5357 vero
868 5302 995 5355 hinc
1026 5315 1222 5371 magna
1253 5316 1339 5355 res
1365 5301 1776 5355 adininiSIratur
1809 5320 1823 5357 :

216 5395 509 5467 oportebat
537 5398 681 5451 enim
705 5397 815 5466 jam
843 5410 965 5451 cum
1002 5395 1193 5450 fiducia
1230 5393 1523 5462 praedicare
1554 5396 1825 5465 gentibus.

224 5490 469 5546 Veniunt
510 5506 641 5561 ergo
686 5491 800 5545 haec
843 5490 1168 5555 nuntiaturi,
1222 5498 1280 5542 ut
1319 5490 1462 5544 scire
1494 5490 1719 5558 possint.
1765 5490 1832 5544 Et

194 5576 559 5655 'providetur,
590 5593 650 5639 nt
687 5595 817 5639 tunc
843 5585 1061 5638 veniant
1098 5584 1133 5637 ii
1161 5584 1251 5653 qui
1305 5583 1660 5651 prohibebant
1704 5600 1828 5638 cum

218 5677 479 5749 gentibus
503 5679 741 5741 versari;
774 5689 833 5731 ut
859 5678 1054 5733 deinde
1081 5666 1329 5748 magnam
1366 5692 1433 5732 es
1476 5677 1829 5749 Ιειοςιιιγιιιίε

223 5770 482 5825 fiduciam
514 5768 716 5839 adepti,
751 5769 979 5825 fidenter
1004 5769 1235 5826 abirent.
1270 5768 1367 5823 Vel
1411 5770 1569 5823 aliter
1648 5779 1830 5823 osten-

222 5860 311 5917 dit
339 5875 525 5915 eorum
559 5875 740 5916 mores
781 5878 889 5915 non
931 5860 1291 5930 arrogantiam
1339 5875 1551 5931 sapere.
1596 5858 1834 5915 Veniunt

225 5951 401 6021 enim,
432 5963 488 6007 nt
516 5960 573 6008 et
608 5952 857 6007 fiduciam
896 5967 1045 6007 suam
1091 5952 1403 6020 exhibeant,
1440 5952 1584 6023 quod
1626 5955 1831 6027 absque

1165 446 1232 504 IN
1272 444 1453 501 ACTA
1495 439 2025 499 AI’OSTOIDRUM.
2067 438 2302 498 HOSIIL.
2343 438 2542 497 XXXI.
2586 458 2589 461 ‘

3400 441 3509 497 230

1909 556 2013 611 illis
2037 556 2425 627 praedicassent
2452 557 2726 629 gentibus,
2770 568 2826 615 et
2856 560 3242 633 obedientiam,
3268 568 3413 638 quod
3444 572 3513 624 ad

1905 652 2027 707 illos
2057 669 2169 708 rem
2197 653 2435 709 referant
2468 672 2481 709 :
2514 670 2690 726 neque
2719 656 2886 721 enim,
2914 659 3058 728 quod
3082 661 3203 715 talia
3236 661 3512 731 fecissent,

1904 757 2223 818 arroganter
2251 757 2501 819 egerunt.
2537 747 2688 804 Unde
2712 759 2858 805 erant
2882 753 3080 815 traditi,
3112 754 3303 824 inquit,
3335 771 3518 827 grame

1906 838 2024 896 Dei.
2059 841 2344 912 Etiamque
2374 843 2609 910 Spiritus
2650 844 2903 909 dixerat;
2946 846 3041 901 sed
3088 863 3182 913 ea,
3226 865 3348 921 quae
3391 864 3518 908 sunt

1906 934 2161 1004 Spiritus,
2208 936 2413 991 sciebat
2439 951 2563 992 esse
2594 935 2712 991 Filii
2748 955 2762 992 :
2795 954 2895 992 una
2924 940 3069 994 enim
3104 952 3367 1009 potestas,
3409 946 3515 1000 sie-

1908 1037 1967 1083 ut
2009 1038 2202 1084 natura
2232 1029 2363 1085 Filii.
2394 1038 2449 1085 et
2479 1030 2715 1101 Spiritus
2756 1044 2841 1087 est
2877 1048 3003 1087 una.
3057 1032 3147 1090 26.
3193 1034 3320 1090 Cum
3346 1048 3517 1093 autem

1905 1120 2157 1176 venissent
2183 1130 2229 1175 et
2254 1131 2645 1193 congregassent
2668 1122 2970 1189 Ecclesium,
2998 1126 3283 1181 retulerunt
3324 1142 3518 1201 quanta

1908 1212 2105 1283 fecisset
2125 1211 2262 1267 Deus
2283 1230 2397 1268 cum
2423 1215 2546 1272 illis.
2575 1226 2622 1268 et
2639 1216 2761 1287 quia
2782 1217 3064 1285 aperuisset
3083 1221 3314 1290 gentibus
3328 1224 3517 1278 ostium

1907 1306 2048 1373 ﬁdei.
2080 1305 2169 1361 27.
2218 1304 2534 1362 Commorati
2572 1318 2691 1363 sunt
2734 1320 2906 1365 autem
2932 1312 3042 1366 illic
3068 1330 3170 1368 non
3197 1333 3356 1385 parvo
3386 1327 3516 1372 tem-

1908 1416 2032 1467 pore
2055 1416 2173 1454 cum
2198 1400 2486 1472 discipulis.
2521 1401 2652 1459 Jure
2681 1404 2901 1473 quidem
2929 1424 2943 1461 :
2973 1423 3099 1462 cum
3136 1425 3325 1481 magna
3372 1413 3516 1468 enim

1906 1490 2096 1545 civitas
2121 1501 2287 1555 esset.
2316 1487 2632 1549 doctoribus
2652 1511 2788 1564 opus
2813 1496 3063 1554 habebat.
3090 1498 3208 1555 lam
3238 1505 3517 1573 superiora

1906 1592 2236 1651 repetamus.
2270 1582 2394 1654 Ipso
2418 1588 2730 1656 spectaculo
2759 1600 3068 1646 terruerunt
3099 1594 3240 1658 illos,
3265 1598 3518 1653 scinden-

1909 1683 1989 1728 tes
2017 1676 2336 1731 vestimenta
2360 1693 2477 1734 sua.
2505 1679 2617 1734 Hoc
2641 1691 2693 1737 et
2710 1681 2867 1737 Iesus
2893 1683 3039 1741 Nave
3077 1687 3222 1754 fecit,
3250 1688 3301 1745 in
3335 1694 3517 1762 populi

1880 1834 1882 1837 τ
1908 1766 2082 1823 clade.
2131 1767 2209 1825 Ne
2248 1785 2379 1841 ergo
2417 1780 2576 1841 putes
2604 1773 2705 1828 hoc
2734 1774 2843 1830 illis
2871 1786 2925 1833 et
2954 1777 3167 1834 illorum
3196 1792 3339 1837 statu
3374 1784 3517 1840 indi-

1905 1875 2068 1932 gnum
2098 1877 2218 1918 esse
2251 1880 2467 1933 :neque
2508 1867 2653 1922 enim
2698 1868 2856 1924 aliter
2902 1871 3271 1929 cohibuissem
3312 1886 3516 1932 tantum

1911 1954 2191 2024 impetum.
2242 1970 2347 2011 non
2388 1956 2547 2014 aliter
2579 1959 2886 2016 incendium
2918 1966 3329 2023 exstinxissent.
3381 1967 3514 2024 Cum

1908 2061 2039 2117 ergo
2063 2061 2199 2117 opus
2220 2046 2381 2104 fuerit
2403 2050 2620 2118 talibus,
2649 2069 2718 2109 ne
2745 2070 3062 2112 recusemus
3093 2075 3276 2130 agere.
3302 2061 3361 2117 Si
3389 2080 3518 2133 ergo

1905 2138 1987 2193 sic
2010 2150 2233 2208 agentes
2262 2141 2352 2196 vix
2381 2156 2671 2198 suaserunt
2699 2146 2828 2212 illis,
2873 2150 2918 2204 si
2961 2164 3071 2206 non
3105 2150 3207 2208 hoc
3231 2151 3515 2223 fecissent,

1906 2231 2033 2300 quid
2063 2248 2169 2286 non
2199 2232 2435 2303 futurum
2467 2236 2626 2297 erat?
2674 2236 2808 2292 Nam
2854 2241 2898 2294 si
2950 2240 3053 2297 hoc
3093 2259 3199 2298 non
3238 2246 3517 2312 fecissent.

1908 2334 2148 2392 putatum
2196 2324 2387 2382 fuisset
2433 2328 2554 2383 illos
2589 2330 2757 2385 altum
2789 2346 2985 2403 sapere
3018 2346 3073 2390 et
3103 2337 3367 2395 honorem
3395 2357 3514 2396 ain-

1907 2418 2043 2474 bire.
2070 2418 2140 2475 Et
2162 2422 2439 2492 perpende
2459 2437 2770 2481 sermoiiem
2795 2426 2846 2481 in
2878 2429 2968 2483 tali
2999 2430 3369 2500 increpatioiie
3397 2450 3517 2490 mo-

1908 2509 2181 2577 deratum,
2204 2512 2568 2572 admiratione
2600 2515 2766 2572 simul
2798 2528 3097 2589 etstupore
3125 2523 3367 2593 plenum.
3403 2528 3517 2583 lloe

1908 2603 2145 2660 maxime
2176 2604 2299 2659 illos
2330 2606 2591 2675 cohibuit,
2622 2611 2766 2679 quod
2788 2610 3037 2668 dicerent
3065 2632 3079 2671 :
3106 2614 3174 2669 Et
3201 2634 3294 2671 nos
3323 2621 3517 2674 similes

1908 2697 2046 2751 vobis
2071 2698 2301 2753 homines
2326 2701 2593 2771 passibiles
2621 2720 2821 2771 sumus,
2862 2709 3227 2765 annuntiantes
3269 2714 3409 2769 nobis
3453 2718 3516 2769 ab

1909 2789 1989 2842 his
2010 2792 2153 2844 vanis
2186 2794 2410 2846 converti
2436 2794 2505 2846 ad
2530 2792 2695 2849 Deum
2719 2814 2739 2862 ;
2766 2812 2832 2850 ac
2861 2798 2905 2853 si
2936 2798 3183 2856 dicerent
3213 2821 3225 2856 :
3255 2803 3519 2864 Homines

1909 2883 2127 2953 quidem
2158 2900 2367 2951 sumus,
2398 2886 2485 2941 his
2504 2897 2682 2943 autem
2717 2890 2980 2960 majores;
3015 2893 3132 2950 brae
3150 2897 3353 2967 quippe
3379 2915 3520 2955 mor-

1911 2983 2001 3028 tua
2027 2986 2171 3030 sunt.
2211 2977 2341 3033 Vide
2368 2979 2491 3034 illos
2516 2996 2620 3035 non
2647 2982 2987 3040 confutantes
3019 2989 3201 3054 modo,
3225 2992 3321 3047 sed
3354 2996 3516 3049 etiam

1910 3065 2190 3136 docentes,
2239 3080 2295 3126 et
2340 3071 2473 3125 nihil
2521 3072 2590 3128 dc
2640 3073 3000 3132 invisibilibns
3047 3081 3351 3151 loquentes.
3418 3087 3519 3155 Qui

1913 3162 2050 3231 fecit,
2094 3162 2282 3232 inquit.
2310 3164 2494 3218 ctelum
2520 3175 2564 3241 et
2591 3175 2779 3220 terram
2800 3178 2848 3222 et
2874 3186 3031 3235 mare,
3065 3183 3113 3228 et
3134 3176 3306 3229 omnia
3334 3195 3447 3242 quin
3465 3181 3520 3235 in

1912 3254 1984 3308 eis
2007 3264 2147 3307 sunt.
2173 3254 2361 3311 Testes
2390 3245 2541 3325 ipsos'
2561 3258 2697 3313 dixit
2734 3274 2929 3316 annos.
2960 3262 3004 3318 Ο
3032 3264 3293 3322 insaniam
3333 3269 3521 3327 Judai-

1912 3348 2068 3401 eam!
2100 3348 2231 3402 Ausi
2254 3358 2380 3402 sunt
2401 3349 2607 3419 ingredi
2630 3350 2697 3406 ad
2727 3354 2986 3423 populum
3015 3357 3095 3411 sic
3126 3363 3400 3429 apostolos
3421 3362 3523 3418 ho-
3562 3356 3563 3359 “

1914 3447 2221 3504 norantem,
2272 3441 2387 3494 ausi
2433 3452 2559 3496 sunt
2604 3444 2867 3524 invadere
2909 3456 2962 3501 et
3008 3449 3246 3521 lapidare
3276 3453 3521 3521 Paulum.

1884 3528 2081 3593 Extra
2127 3529 2399 3585 civitatem
2451 3526 2641 3587 autem
2678 3523 2979 3600 traxerunt.
3036 3539 3219 3596 forsan
3273 3523 3536 3603 timentes

1917 3622 2089 3676 illum.
2113 3620 2179 3675 Et
2206 3635 2431 3687 orantes,
2459 3625 2651 3696 inquit,
2677 3644 2791 3682 cum
2804 3631 3023 3700 jejuniis
3049 3640 3530 3695 commendaverth

1914 3714 2033 3768 illos
2054 3711 2298 3769 Domino.
2336 3715 2401 3770 Et
2433 3716 3108 3790 docueruntjejnnandurn
3149 3742 3269 3784 esse
3308 3731 3360 3785 in
3407 3710 3528 3788 ten-

1919 3808 2230 3862 talionibns.
2280 3808 2396 3864 Non
2447 3810 2738 3879 dixerunt,
2765 3826 2965 3883 quanta
2996 3816 3094 3888 ipsi
3126 3821 3385 3888 fecerant,
3433 3829 3529 3881 sed

1918 3908 2115 3970 quanta
2152 3901 2291 3955 Dens
2322 3900 2541 3958 fecisset
2562 3920 2686 3958 eum
2721 3907 2853 3962 illis.
2884 3908 3151 3968 Videntur
3182 3916 3313 3970 mihi
3348 3929 3528 3973 tenta-

1921 3993 2094 4063 ti‘oncs
2138 3994 2339 4049 dicere.
2381 3994 2498 4049 Non
2528 3997 2645 4051 sine
2668 4013 2853 4063 causa,
2903 4017 3005 4058 nec
3032 4004 3097 4058 ad
3141 4008 3538 4077 quiescendum-

1920 4084 2098 4142 isthuc
2145 4099 2424 4153 venerant,
2473 4089 2567 4143 sed
2608 4090 2842 4160 Spiritus
2884 4096 3231 4163 providentia
3259 4100 3432 4170 ducti,
3475 4118 3535 4161 ut

1921 4177 2234 4247 prrcdieatio
2259 4180 2497 4248 gentium
2524 4181 2850 4239 ﬁrmaretur.
2903 4186 2971 4241 Et
3013 4205 3131 4256 cur,
3164 4192 3395 4263 inquies,
3434 4214 3535 4255 nec

1924 4272 1977 4326 in
2004 4271 2201 4343 Cypro,
2231 4289 2329 4329 nec
2354 4279 2404 4327 in
2429 4276 2670 4329 Samaria
2704 4279 3052 4350 presbyteros
3086 4283 3369 4343 fecerunt?
3398 4291 3533 4359 Quia

1925 4364 2043 4420 hinc
2085 4380 2253 4435 prope
2300 4368 2577 4436 apestolos
2623 4380 2758 4436 erat,
2807 4371 3016 4443 Cyprus
3054 4390 3186 4432 vero
3216 4394 3385 4451 prope
3419 4385 3536 4436 An-

1925 4456 2200 4520 tiochiam.
2248 4466 2305 4512 ct
2353 4460 2578 4513 verbum
2630 4461 3035 4531 invalescebat;
3091 4466 3179 4523 hic
3207 4486 3338 4525 vero
3369 4476 3535 4530 multa

1925 4551 2300 4605 consolatione
2328 4566 2463 4625 opus
2511 4552 2803 4619 habebant,
2842 4556 3091 4614 "maxime
3138 4565 3392 4632 gentiles,
3445 4571 3538 4636 qni

1929 4644 2154 4697 multum
2181 4642 2362 4698 doceri
2402 4644 2696 4701 debebant.
2746 4646 3024 4703 Venerunt
3062 4652 3361 4719 docentes.
3413 4664 3538 4729 quia

1926 4734 2045 4803 jnre
2094 4735 2329 4790 ordinati
2377 4736 2591 4791 fuerant
2634 4754 2662 4792 a
2721 4738 2947 4809 Spiritu.
2996 4743 3063 4798 Et
3108 4747 3227 4802 vide
3268 4749 3539 4808 fervorem

1930 4826 2098 4880 Pauli.
2124 4826 2239 4882 Non
2270 4828 2587 4899 interrogat,
2613 4845 2681 4884 an
2704 4842 2951 4901 oporteat
2974 4820 3115 4906 loqui
3144 4842 3417 4910 gentibus,
3448 4847 3543 4901 sed

1931 4920 2113 4974 statim
2143 4921 2378 4988 loquitur
2409 4939 2421 4973 :
2449 4921 2570 4976 ideo
2609 4922 2854 4991 dicebat,
2908 4925 3035 4981 Non
3061 4933 3289 5000 acquievi
3323 4938 3472 4991 carni
3499 4952 3546 4995 rt

1928 5015 2167 5082 sanguini
2195 5013 2335 5084 (Gal.
2372 5015 2419 5069 1.
2454 5015 2568 5086 ω).

2006 5106 2059 5161 3.
2102 5106 2353 5178 Magnum
2384 5123 2513 5163 Vcrc
2546 5109 2745 5163 bonum
2781 5113 3079 5183 tribulatio,
3126 5133 3191 5175 ac
3240 5118 3449 5194 fnagme
3496 5137 3552 5184 ct

1932 5214 2214 5266 generosas
2244 5202 2441 5256 animae
2468 5218 2625 5272 opus.
2677 5204 2819 5272 Quot
2867 5220 3053 5277 postea
3094 5215 3463 5287 crediderunt,
3496 5234 3554 5278 ct

1936 5293 2114 5347 uultus
2144 5303 2214 5347 Ita
2247 5295 2433 5350 fulsit?
2463 5296 2537 5350 Ita
2570 5299 2728 5356 nobis
2759 5302 2957 5373 ubique
2977 5308 3255 5365 alacritate
3281 5327 3419 5382 opus
3443 5326 3550 5381 est,

1937 5387 2216 5457 multoque
2255 5390 2485 5458 fervore,
2536 5391 2716 5447 anima
2763 5393 2829 5449 ad
2872 5404 3101 5452 mortem
3151 5414 3333 5469 parata
3381 5424 3395 5461 :
3446 5408 3555 5465 alio

1938 5479 2084 5534 enim
2112 5482 2276 5534 modo
2307 5497 2415 5537 non
2447 5500 2737 5553 possumus
2767 5504 2991 5558 regnum
3020 5498 3301 5565 consequi,
3329 5500 3430 5552 nisi
3460 5516 3557 5571 per

1939 5588 2177 5629 crucem.
2209 5576 2285 5630 Ne
2311 5576 2643 5647 decipiamns
2674 5583 3054 5653 nosmetipsos.
3086 5586 3141 5640 Si
3161 5590 3304 5644 enim
3337 5593 3387 5645 in
3412 5592 3559 5648 bello

1940 5668 2149 5721 servari
2178 5670 2383 5739 nequit,
2418 5671 2508 5739 qui
2550 5673 2853 5738 deiiciatur,
2887 5678 3130 5744 pecuniis
3173 5684 3374 5741 studet,
3425 5698 3555 5737 can-

1945 5770 2174 5828 ponatnr
2215 5762 2548 5835 ignavnsque
2586 5779 2674 5821 est
2708 5786 2720 5820 :
2752 5770 2923 5823 multo
2965 5772 3147 5825 minus
3174 5773 3226 5826 in
3260 5773 3363 5829 hoc
3386 5776 3554 5831 bello.

1940 5859 2134 5910 Annon
2167 5860 2366 5925 putatis
2395 5875 2518 5914 esse
2571 5876 2716 5915 nunc
2758 5863 2955 5917 bellum
3003 5865 3249 5931 omnium
3297 5872 3554 5938 gravissi-

1941 5949 2132 6003 mum?
2160 5948 2282 6005 Non
2308 5961 2381 6005 est
2408 5951 2570 6019 nobis,
2608 5954 2811 6024 inquit,
2859 5973 3031 6028 pugna
3066 5962 3311 6015 adrersus
3354 5979 3555 6037 sangui-
