4088 6330
637 412 734 469 2'5!

631 542 746 580 item
788 534 839 580 et
878 539 1083 579 camelli
1128 522 1343 597 (Ep/lu.
1386 522 1441 578 6.
1475 522 1587 594 η).
1618 522 1688 578 Et
1714 521 2117 591 prandentibus.
2153 530 2210 577 et

631 618 1044 683 aunbulantibus,
1064 627 1119 672 et
1142 617 1436 672 lavantibus
1456 616 1608 672 adest
1629 618 1895 673 inimicus.
1918 618 2033 672 Non
2063 618 2210 672 novit

626 692 770 763 enim
811 718 1025 779 tempus
1078 708 1432 773 induciarum,
1477 708 1580 763 nisi
1628 709 1842 773 somni;
1888 708 1997 762 imo
2044 708 2206 762 etiam

627 810 755 857 tunc
778 805 922 871 saepe
952 804 1254 871 impugnat,
1283 812 1336 857 et
1368 802 1606 870 impuras
1650 801 1887 855 immittit
1929 801 2208 870 cogitatio-

631 910 747 957 nes.
780 906 940 966 atque
966 909 996 948 a
1024 894 1247 949 somniis
1296 894 1605 948 lasciviores
1647 893 1828 949 efiicit.
1880 892 1988 947 Nos
2028 902 2207 947 autem

626 987 780 1055 quasi
814 1001 971 1056 parva
1009 1000 1095 1040 res
1120 986 1209 1051 sil,
1242 1000 1338 1054 pro
1363 1000 1465 1055 qua
1492 986 1606 1053 ipse
1635 995 1853 1055 pugnat,
1884 996 2000 1039 non
2039 985 2204 1038 sobrii

627 1094 834 1143 sumus,
867 1092 1040 1147 neque
1063 1078 1352 1147 surgimus.
1395 1094 1570 1147 neque
1613 1077 1928 1146 respicimus
1968 1076 2206 1130 multitu—

625 1171 802 1227 dinem
832 1171 1260 1226 adversariarum
1286 1171 1439 1225 nobis
1469 1179 1822 1239 potestatum;
1866 1183 1971 1223 non
2000 1167 2201 1238 cogita-

625 1276 747 1317 mus
792 1262 893 1317 hoc
932 1264 1104 1332 ipsum
1149 1263 1395 1317 maxima:
1440 1262 1767 1317 infelicitatis
1794 1276 1954 1327 esse;
1988 1260 2082 1316 scd
2128 1267 2204 1313 tot

622 1354 865 1409 conclusi
911 1354 1070 1409 bellis
1093 1396 1109 1421 ,
1142 1370 1205 1409 ac
1243 1354 1289 1409 si
1316 1371 1416 1425 pax
1454 1366 1597 1411 esset
1624 1356 1959 1411 deliciamur.
1990 1355 2203 1410 Credite

623 1445 775 1511 mihi,
815 1447 1061 1517 graviora
1090 1462 1231 1501 nunc
1253 1448 1469 1510 adsunt,
1506 1463 1811 1519 quam-quae
1849 1446 2047 1502 Paulus
2075 1462 2199 1518 pas-

620 1553 714 1593 sus
735 1548 835 1592 est.
869 1537 1016 1591 Tunc
1044 1537 1191 1591 illum
1216 1536 1482 1606 lapidibus
1512 1540 1893 1608 impetierunt;
1921 1554 2063 1595 nunc
2080 1554 2199 1594 ver-

620 1629 699 1683 bis
744 1629 1065 1707 impetiluur,
1114 1644 1233 1699 quae
1284 1629 1548 1699 lapidibus
1592 1630 1840 1700 graviora
1871 1640 2013 1684 sunt.
2063 1630 2199 1698 Quid

616 1739 743 1793 ergo
773 1722 912 1776 factu
941 1722 1117 1791 opus?
1140 1722 1215 1788 Ald
1240 1722 1383 1791 quod
1408 1724 1499 1778 ille
1522 1722 1649 1777 fecit
1683 1742 1695 1777 :
1730 1724 2026 1792 lapidantes
2056 1725 2198 1779 enim

616 1832 677 1875 se,
720 1815 844 1868 odio
887 1830 989 1869 non
1023 1814 1246 1880 habuit;
1280 1816 1373 1891 sed
1404 1826 1686 1887 postquam
1718 1818 1865 1871 illum
1902 1828 2194 1883 traxerant,

618 1920 894 1976 regressus
940 1916 1023 1961 est
1073 1908 1123 1961 in
1164 1908 1455 1971 civitatem,
1498 1908 1873 1963 benefacturus
1904 1910 1987 1974 iis,
2022 1911 2108 1979 qui
2138 1924 2197 1964 se

614 1998 683 2052 ita
716 1998 980 2052 Ill-serant.
1005 1999 1059 2053 Si
1094 2010 1145 2052 tll
1174 2016 1384 2068 quoque
1414 2002 1857 2055 contumeliosum
1897 2011 1949 2055 et
1977 2011 2030 2055 te
2057 2000 2195 2070 inju-

612 2101 694 2147 ste
732 2092 1012 2148 laedentem
1055 2094 1261 2160 tuleris,
1311 2094 1574 2162 lapidatus
1614 2111 1735 2150 esse
1760 2095 1862 2149 dici
1894 2106 2062 2164 potes.
2117 2094 2196 2151 Ne

611 2185 810 2239 dixeris
840 2203 855 2239 :
897 2185 1171 2240 Neminem
1202 2186 1337 2242 laesi.
1379 2185 1547 2254 Quem
1575 2188 1718 2241 enim
1749 2188 1885 2241 laesit
1912 2188 2106 2242 Paulus
2137 2198 2196 2242 ut

614 2276 973 2346 lapidaretur?
1018 2278 1259 2348 Regnum
1302 2280 1676 2345 annuntiabat,
1708 2282 1776 2335 ab
1807 2296 1993 2335 errore
2034 2281 2193 2336 redu-

611 2370 786 2433 eebat,
820 2369 883 2425 ad
917 2371 1081 2424 Deum
1110 2369 1411 2425 adducebat
1443 2389 1455 2425 :
1482 2370 1597 2426 bzrc
1624 2372 1779 2441 digna
1811 2383 1934 2427 sunt
1957 2374 2190 2437 coronis,

614 2460 1053 2526 proclamatione,
1083 2460 1379 2517 innumeris
1421 2461 1596 2526 bonis,
1644 2478 1748 2516 non
1794 2463 2094 2533 lapidibus;
2138 2474 2193 2517 et

609 2562 785 2607 tamen
833 2553 922 2607 ille
959 2553 1225 2606 contraria
1258 2536 1447 2621 passus
1486 2563 1589 2607 est.
1631 2552 1756 2607 Haec
1783 2554 1979 2625 quippe
2007 2556 2190 2625 splen~

608 2642 732 2698 (lida
761 2653 843 2698 est
871 2644 1108 2699 victoria.
1162 2642 1226 2696 Et
1247 2654 1513 2698 traxerunt
1548 2660 1680 2709 eum,
1723 2644 1912 2715 inquit.
1952 2645 2027 2699 Te
2056 2662 2189 2716 quo-

609 2751 714 2803 que
759 2750 901 2804 saepe
946 2735 1197 2800 trahunt;
1246 2735 1340 2790 sed
1370 2750 1435 2789 ne
1467 2735 1736 2802 irascm-is,
1767 2737 1877 2790 imo
1908 2748 2189 2793 mansuete

610 2827 834 2896 praedico
866 2827 1106 2881 verbum.
1141 2827 1218 2882 Te
1244 2828 1566 2883 contumelia
1606 2828 1826 2884 affecit?
1852 2830 1992 2885 Tace
2019 2842 2071 2885 et
2098 2831 2191 2887 be-

607 2919 785 2983 lledic,
818 2920 861 2973 si
892 2929 1067 2988 potes,
1115 2930 1169 2973 et
1196 2920 1273 2973 sic
1298 2928 1352 2972 tu
1379 2934 1595 2989 quoque
1623 2920 1919 2988 prtedicasti
1943 2920 2185 2988 verbum,

604 3010 829 3065 docuisti
860 3010 1172 3064 modestiam
1200 3020 1255 3065 et
1292 3010 1776 3067 mansuetudinem.
1823 3010 2014 3066 Multos
2063 3013 2185 3067 novi

602 3110 711 3152 non
738 3105 844 3150 tam
874 3096 1200 3155 vulneribus.
1224 3111 1381 3165 quam
1411 3094 1693 3149 verborum
1725 3095 1891 3166 plagis
1918 3097 2141 3152 sauciari
2168 3115 2181 3151 :

590 3203 726 3245 nam
759 3186 885 3241 Illild
908 3187 1119 3256 quidem
1146 3187 1336 3241 vulnus
1364 3202 1559 3257 corpus
1579 3188 1826 3257 suscipit,
1854 3186 1958 3243 hoc
1982 3188 2181 3244 anima.

605 3275 709 3331 Sed
760 3292 827 3332 ne
873 3276 1167 3342 doleamus,
1222 3278 1329 3331 imo
1370 3277 1615 3332 dolentes
1645 3282 2024 3335 sustineamus.
2066 3280 2185 3335 Non

603 3367 797 3423 videtis
825 3368 1049 3438 pugiles.
1082 3383 1308 3436 quorum
1335 3369 1506 3437 capita
1541 3368 1835 3432 vulnerata,
1871 3369 2061 3425 dentes
2091 3386 2186 3425 ex-

603 3460 769 3523 cussi,
802 3468 1019 3513 strenue
1040 3457 1181 3513 ferre
1202 3458 1451 3513 de!ores?
1494 3458 1593 3514 Hic
1636 3474 1765 3514 vero
1810 3476 1914 3515 non
1940 3476 2077 3531 opus
2101 3474 2185 3518 est

602 3549 829 3603 stridore
858 3560 917 3603 et
938 3564 1139 3604 morsu.
1170 3548 1475 3604 ReCordare
1502 3551 1710 3604 Domini
1735 3552 1832 3616 tui,
1862 3560 1917 3606 et
1938 3552 2186 3622 pharma-

600 3658 719 3697 cllm
747 3642 926 3697 statim
954 3642 1073 3709 ejus
1101 3642 1474 3696 recordatione
1518 3641 1846 3712 apposuisti;
1872 3704 1875 3707 η
1900 3644 2183 3701 recordare

600 3733 742 3788 Pauli
774 3751 788 3787 :
820 3734 991 3803 cogita
1039 3744 1109 3793 te.
1155 3733 1244 3803 qui
1298 3748 1581 3801 percussus
1622 3748 1703 3795 es.
1755 3734 1987 3803 vicisse,
2029 3735 2179 3790 illum

599 3841 749 3893 vero,
770 3826 860 3897 qui
894 3826 1172 3897 percussit,
1204 3825 1401 3879 victum
1425 3840 1565 3889 esse,
1589 3836 1643 3880 et
1667 3826 1744 3881 sic
1771 3836 1938 3881 totum
1969 3839 2178 3883 curato.

604 3918 927 3974 Momentum
965 3929 1048 3973 est
1076 3936 1089 3972 :
1122 3934 1189 3972 ne
1209 3918 1456 3988 rapiaris,
1483 3930 1536 3973 et
1571 3928 1736 3975 totum
1751 3920 2037 3989 perfecisti
2071 3939 2084 3974 :
2113 3938 2181 3977 ne

603 4012 891 4078 movearis,
932 4020 986 4065 et
1042 4020 1211 4065 totum
1270 4010 1595 4066 exstinxisti.
1652 4011 1837 4081 Magna
1886 4014 2181 4067 consolatio

597 4111 681 4159 est
735 4102 945 4173 aliquid
999 4111 1051 4157 te
1108 4118 1204 4172 pro
1257 4102 1472 4156 Christo
1527 4104 1632 4172 pati
1685 4120 1699 4157 :
1754 4118 1861 4157 non
1923 4104 2181 4173 praedicas

597 4210 897 4251 sermmem
954 4194 1116 4261 fidei,
1187 4194 1281 4249 sed
1331 4194 1592 4272 praedicas
1645 4210 1950 4250 sermonem
2001 4195 2178 4266 philo-

603 4284 826 4355 sophiae.
885 4286 988 4351 At,
1044 4284 1290 4354 inquies,
1332 4295 1531 4353 quanto
1579 4290 1745 4355 magis
1797 4286 1897 4341 ille'
1934 4302 2179 4359 mansue-

602 4386 713 4433 tum
754 4378 973 4442 videbit,
1026 4388 1172 4431 tanto
1210 4379 1379 4447 magis
1424 4378 1660 4445 instabit.
1703 4379 1988 4449 Propterea
2019 4380 2178 4450 igitur

594 4469 769 4533 doles,
796 4469 936 4539 quod
965 4470 1052 4524 ille
1076 4469 1170 4523 tibi
1199 4469 1499 4523 mercedem
1536 4471 1771 4538 augeat?
1815 4475 1882 4526 At
1927 4466 2179 4528 intracia;-

597 4562 720 4617 hilis
746 4574 866 4629 est,
905 4561 1145 4631 inquies?
1187 4560 1314 4615 Haec
1338 4562 1792 4631 pusillanimitatis
1818 4574 1920 4644 tua:
1946 4580 2178 4619 excusa-—

588 4662 668 4714 'tio
694 4669 775 4712 est
808 4674 823 4711 :
852 4657 958 4711 alio
984 4656 1144 4712 modo
1182 4657 1531 4710 intractabilis
1557 4658 1679 4720 erit,
1709 4657 1752 4711 si
1798 4666 1850 4712 te
1872 4646 2171 4715 ulciscaris.

593 4750 649 4804 Si
685 4750 846 4804 sciret
883 4749 1164 4803 Deus'illos
1195 4748 1558 4802 intractabiles
1594 4749 1725 4812 fore,
1754 4748 1799 4803 si
1831 4764 1933 4802 non
1962 4759 2013 4804 te
2040 4752 2177 4805 ulci-

581 4842 784 4906 scaris,
817 4855 920 4894 non
952 4835 1054 4895 hoc
1081 4839 1446 4910 pmcepisset,
1477 4838 1569 4893 sed
1600 4839 1848 4901 dixisset,
1896 4839 1971 4894 Te
2002 4842 2171 4911 ipsum

596 4932 851 4987 ulciscere
882 4951 893 4985 :
926 4947 1111 4986 verum
1139 4934 1285 4986 nevit
1312 4933 1411 4986 hoc
1439 4932 1532 4987 tibi
1566 4932 1746 4986 utilius
1777 4931 1909 4986 fore.

674 5022 1006 5079 Contumelia
1032 5022 1296 5095 quomodo
1342 5024 1769 5090 ferenda—Ne
1813 5040 1953 5095 pone
2000 5027 2170 5097 legem

591 5115 786 5170 divinae
814 5117 1135 5171 contrariam
1168 5132 1182 5167 :
1220 5115 1292 5168 illi
1322 5117 1651 5183 obtempera.
1684 5115 1796 5170 Non
1844 5133 1904 5173 es
1948 5128 2004 5171 tu
2053 5136 2170 5173 mc-

591 5206 695 5261 lior
722 5223 787 5261 co
813 5206 901 5273 qui
930 5206 1057 5271 fecit
1082 5221 1200 5260 nos.
1231 5206 1388 5270 Dixit,
1416 5206 1520 5260 Fer
1546 5209 1896 5263 contumelias
1920 5252 1936 5275 ,
1966 5222 2017 5266 tl.
2050 5229 2171 5266 vero

589 5297 745 5361 dicis,
790 5296 1186 5351 Contumeliam
1241 5299 1506 5365 rependo,
1554 5314 1622 5353 ne
1670 5300 1758 5354 fiat
1800 5301 2165 5359 intractabilis.

592 5385 673 5441 Tll
709 5402 837 5457 ergo
885 5386 1003 5456 plus
1034 5387 1199 5455 sapis,
1246 5404 1404 5458 qualn
1446 5388 1567 5443 ille?
1594 5389 1720 5445 Haec
1758 5392 1917 5447 verba
1954 5409 2017 5448 ex
2050 5410 2167 5465 pas-

591 5480 757 5541 sione.
807 5480 1119 5552 acerbitate,
1168 5489 1221 5534 et
1273 5482 1575 5551 arrogantia
1625 5484 2052 5553 proficiscuntur,
2104 5502 2167 5541 ac

589 5569 851 5622 contraria
883 5578 1007 5624 sunt
1032 5569 1136 5639 legi
1166 5569 1277 5624 Dei.
1330 5570 1548 5625 Etiamsi
1577 5573 1719 5627 enim
1750 5574 2025 5639 laederent,
2066 5592 2163 5630 au-

590 5674 697 5714 non
727 5660 1199 5728 obtemperandum
1228 5663 1380 5715 erat?
1408 5662 1541 5716 Cum
1571 5664 1839 5733 quidpiam
1865 5666 2005 5721 Deus
2032 5683 2164 5734 prte-

588 5752 734 5819 cipit,
760 5768 826 5807 ne
851 5767 1108 5822 ponamus
1138 5768 1237 5807 nos
1258 5752 1428 5823 legem
1459 5756 1803 5810 contrariam.
1856 5755 2161 5830 Responsio,

587 5843 774 5915 inquit.
810 5845 1056 5901 submissa
1085 5849 1260 5901 avertit
1280 5848 1407 5901 iram
1444 5845 1619 5918 (Prov.
1657 5851 1742 5905 15.
1776 5850 1848 5920 1).
1894 5852 2005 5908 lloc
2033 5869 2160 5925 ergo

1402 407 1461 465 S.
1498 406 1774 465 JOANNIS
1810 404 2278 463 CHRYSOSTOMI
2317 406 2633 463 ARCHIEP.
2673 408 3203 470 CONSTANTINOP.

3804 423 3915 480 232

2318 521 2741 591 facitsubmissa,
2768 542 2872 582 non
2893 532 3180 585 contraria.
3209 531 3263 588 Si
3285 533 3375 621 tibi
3405 535 3639 605 prodest,
3668 540 3743 596 illi
3772 559 3906 615 quo-

2317 629 2420 683 que
2447 617 2665 685 prodest
2694 636 2707 671 :
2741 621 2784 673 si
2809 637 2934 676 vero
2962 623 3053 677 tibi
3079 638 3253 692 nocet,
3277 617 3364 696 qui
3387 644 3727 691 correcturus
3752 638 3904 695 illum

2315 718 2395 801 es.
2444 708 2612 801 multo
2653 711 2838 801 magis
2886 714 2958 767 illi
3009 718 3240 771 nocebit.
3287 718 3503 788 Medice,
3538 741 3661 779 cura
3688 730 3905 801 teipsum

2317 795 2466 864 (Luc.
2499 800 2548 853 ι.
2578 799 2695 869 23).
2729 801 3040 859 Maledixitf
3085 806 3162 860 Tu
3192 810 3386 864 lauda:
3417 795 3905 878 convicimus-est?

2316 886 2395 940 Tu
2437 892 2695 947 encomiis
2732 894 2946 951 celebra
2977 914 2989 949 :
3019 898 3302 956 insidiatus
3333 906 3455 959 est?
3497 906 3642 963 Bene
3677 911 3759 966 fac
3799 925 3853 967 ιιι
3887 935 3902 970 :

2314 984 2578 1035 contraria
2609 985 2865 1053 repende,
2895 986 2939 1041 si
2968 988 3181 1043 tandem
3209 993 3435 1049 salutem
3473 998 3590 1066 ejus
3630 1017 3808 1067 curas.
3836 1023 3905 1062 ac

2318 1085 2387 1124 ne
2432 1072 2565 1127 velis
2592 1074 2787 1129 vulnus
2828 1086 2975 1131 tuum
3008 1079 3211 1135 ulcisci.
3245 1085 3333 1148 At,
3368 1086 3600 1155 inquies,
3634 1109 3778 1163 saepe
3807 1115 3899 1165 pa-

2315 1161 2550 1218 tientiam
2574 1182 2744 1221 meam
2762 1179 3032 1239 expertus,
3058 1172 3292 1229 deterior
3319 1180 3494 1233 evasit
3510 1184 3534 1233 7
3554 1182 3665 1239 lloc
3683 1161 3897 1254 .llOII-lc.

2310 1254 2407 1309 sed
2435 1256 2586 1311 illum
2618 1268 2846 1321 spectat.
2884 1261 2974 1316 Vis
3003 1264 3141 1319 scire
3170 1280 3362 1333 quanta
3405 1286 3592 1341 passus
3618 1277 3687 1330 sit
3715 1279 3900 1336 Deos?

2310 1346 2446 1398 Aras
2484 1346 2627 1403 illius
2674 1351 3083 1419 subverterent,
3135 1361 3419 1427 prophetas
3458 1366 3770 1426 occiderunt
3797 1391 3811 1426 :
3843 1383 3898 1428 et

2308 1436 2488 1491 omnia
2519 1439 2752 1507 pertulit.
2773 1444 2965 1499 Annon
2990 1459 3199 1514 poterat
3224 1452 3420 1509 fulmen
3448 1455 3767 1517 demittere?
3786 1461 3894 1520 Sed

2311 1537 2587 1620 postquam
2635 1533 2926 1603 prophetas
2971 1554 3106 1607 quos
3146 1542 3369 1599 miserat
3396 1549 3731 1620 occiderunt,
3768 1565 3896 1613 tunc

2310 1616 2501 1673 Filium
2551 1620 2705 1676 silum
2757 1627 2920 1679 misit.
2971 1626 3195 1695 Quando
3230 1636 3398 1705 magis
3439 1638 3598 1708 impie
3640 1616 3892 1713 agebant,

2313 1720 2438 1765 tunc
2485 1714 2656 1781 majus
2688 1716 3002 1773 beneficium
3044 1724 3287 1779 contulit.
3338 1727 3407 1782 Et
3438 1741 3491 1783 ttl
3531 1734 3575 1786 si
3606 1752 3763 1804 quem
3793 1755 3891 1795 ex-

2306 1815 2608 1871 asperatum
2634 1807 2854 1877 videris,
2880 1821 3005 1869 tunc
3034 1814 3201 1886 magis
3225 1818 3358 1874 cede
3386 1839 3399 1875 :
3434 1823 3523 1877 ille
3550 1842 3778 1899 namque
3807 1832 3891 1885 fu-

2306 1913 2395 1951 ror
2426 1901 2612 1969 majori
2641 1912 2762 1973 eget
2784 1908 3165 1964 consolatione.
3197 1911 3407 1979 Quanto
3432 1921 3731 1986 graviorem
3755 1940 3890 1979 con-

2306 1993 2576 2047 tumeliam
2620 1995 2817 2064 infert,
2871 2010 3018 2056 tanto
3059 2005 3247 2073 majori
3298 2015 3709 2069 mansuetudine
3752 2034 3890 2087 Opus

2302 2094 2384 2137 est
2415 2101 2429 2141 :
2456 2101 2519 2141 ac
2548 2088 2686 2143 sicut
2721 2088 2884 2146 febris
2911 2095 3123 2163 quando
3152 2099 3319 2169 magis
3348 2102 3511 2159 instat
3530 2148 3544 2169 .
3597 2119 3721 2165 tunc
3768 2112 3890 2182 plus

2301 2191 2435 2269 opus
2462 2178 2621 2234 habet
2649 2181 2910 2239 cedente:
2943 2187 3020 2243 sic
3050 2197 3103 2241 et
3131 2188 3220 2244 ille
3251 2193 3338 2261 qui
3374 2193 3638 2253 irascitur.
3662 2178 3889 2269 Qua-mlo

2302 2268 2413 2325 fera
2440 2275 2607 2343 magis
2642 2286 3008 2345 exasperatur,
3043 2290 3166 2336 tunc
3196 2298 3384 2340 onmes
3426 2288 3657 2358 fugimus
3725 2294 3802 2350 sic
3831 2307 3887 2351 et

2300 2360 2436 2416 irato
2464 2363 2735 2421 cedamus.
2785 2367 2863 2423 Ne
2892 2379 3044 2438 putes
3084 2371 3186 2427 hoc
3229 2374 3484 2433 honorem
3533 2397 3651 2436 esse
3683 2402 3694 2436 :
3732 2387 3879 2443 Alio-

2297 2457 2424 2524 quin
2454 2456 2617 2512 feram
2645 2459 2993 2526 houoramus,
3043 2476 3097 2519 ct
3126 2465 3363 2524 furentes
3391 2474 3617 2540 proinde
3648 2475 3884 2533 honora-

2296 2560 2450 2613 mus,
2495 2564 2616 2603 cum
2644 2551 3017 2609 declinamus?
3061 2557 3276 2615 Minime
3311 2582 3323 2615 :
3354 2563 3640 2633 ignominia
3670 2569 3771 2624 hoc
3802 2584 3885 2625 est

2295 2648 2349 2689 et
2373 2642 2725 2707 contumelia;
2750 2644 2858 2698 imo
2889 2663 2993 2700 non
3019 2648 3305 2717 ignominia
3330 2664 3382 2708 et
3411 2661 3752 2725 contumelia,
3786 2664 3884 2718 sed

2296 2729 2660 2786 misericordia
2690 2744 2742 2787 et
2772 2735 3089 2806 benignitas.
3110 2740 3226 2795 Non
3255 2744 3403 2799 vides
3429 2760 3637 2817 nautas,
3662 2758 3881 2821 quando

2299 2820 2647 2877 vehementer
2673 2825 2762 2879 llat
2785 2841 2994 2893 ventus,
3028 2831 3312 2890 demittere
3339 2837 3475 2901 vela,
3511 2856 3578 2896 ne
3603 2820 3883 2915 demerga-

2296 2920 2381 2985 tur
2418 2915 2609 2967 navis?
2646 2917 2877 2985 equitem
2923 2935 3027 2973 non
3074 2923 3243 2989 vides,
3287 2941 3408 2981 cum
3444 2930 3640 3000 abripit
3664 2949 3837 3003 equus
3862 2979 3880 3003 ,

2291 3002 2567 3057 cedentem
2593 3021 2691 3059 nec
2722 3008 3059 3075 retinentem,
3091 3029 3157 3067 ne
3178 3028 3367 3083 sponte
3393 3021 3532 3074 vires
3562 3002 3843 3079 absumat?

2358 3094 2413 3150 ι.
2449 3096 2559 3150 lloc
2582 3110 2637 3156 et
2663 3108 2716 3151 tu
2748 3098 2921 3155 facito.
2957 3101 3128 3159 Furor
3156 3105 3287 3176 ignis
3308 3119 3418 3173 est,
3450 3110 3657 3166 flamma
3679 3116 3883 3172 ardens

2292 3188 2514 3240 materia
2541 3203 2747 3259 egens:
2782 3208 2848 3247 ue
2866 3194 2978 3262 igni
3034 3210 3210 3250 escam
3271 3204 3612 3271 suppedites,
3664 3218 3718 3262 et
3764 3215 3880 3264 cito

2292 3277 2488 3331 malum
2533 3281 2850 3350 exstingllis.
2898 3285 2973 3338 lra
3022 3301 3125 3341 non
3174 3306 3268 3359 per
3297 3308 3355 3345 se
3396 3295 3496 3347 vim
3547 3296 3743 3366 habet,
3774 3302 3877 3361 nisi

2289 3367 2426 3422 alius
2476 3369 2642 3450 ipsam
2690 3373 2818 3427 alat.
2865 3374 3069 3430 Nullam
3116 3387 3172 3434 tu
3229 3388 3626 3441 excusatioilem
3685 3392 3874 3448 habes.

2290 3457 2385 3557 ille
2431 3459 2613 3518 furore
2657 3461 2968 3532 detinetur,
3013 3485 3110 3525 nec
3155 3475 3257 3526 scit
3280 3478 3406 3545 quid
3455 3480 3620 3546 facit;
3676 3494 3727 3537 tu
3778 3492 3871 3557 qui

2288 3551 2434 3605 illum
2484 3554 2707 3610 intueris
2731 3598 2745 3620 ,
2775 3573 2896 3612 cum
2929 3561 2980 3613 in
3013 3564 3157 3630 paria
3196 3566 3436 3625 incidens
3460 3614 3474 3635 ,
3525 3590 3698 3643 neque
3744 3551 3875 3634 hinc

2287 3645 2584 3713 sapientior
2611 3650 2793 3703 evadis
2812 3692 2828 3716 ,
2856 3668 3013 3721 quam
3044 3658 3250 3713 veniam
3282 3666 3547 3720 mereris?
3574 3669 3625 3722 Si
3662 3672 3711 3725 in
3740 3688 3878 3727 con-

2286 3737 2481 3791 vivium
2512 3740 2631 3808 quis
2658 3742 2879 3796 veniens
2902 3787 2916 3809 ,
2952 3745 3004 3799 ill
3035 3752 3295 3805 vestibulo
3333 3759 3636 3826 quempiam
3668 3764 3878 3819 videret

2286 3828 2491 3884 ebrium
2515 3831 2763 3887 indecore
2778 3848 3045 3904 agentem,
3066 3840 3363 3914 deindeque
3381 3848 3561 3914 ipsein
3584 3854 3729 3922 paria
3748 3856 3879 3910 inci-

2288 3922 2473 3989 deret,
2524 3940 2705 3980 noune
2754 3940 2869 3995 post
2911 3930 3055 3985 illiilli
3086 3935 3267 3990 ebrius
3312 3938 3481 3996 factus
3510 3944 3685 4000 minus
3716 3950 3874 4005 venia

2285 4012 2474 4082 dignus
2499 4018 2685 4070 esset?
2708 4017 2779 4071 lta
2800 4031 2854 4073 et
2885 4020 2967 4074 hic
2986 4022 3267 4081 dicendum
3302 4046 3316 4083 :
3352 4047 3418 4085 lle
3442 4046 3688 4102 putemus
3710 4057 3875 4111 posse

2284 4104 2351 4157 ad
2378 4105 2740 4163 defensionem
2766 4110 2867 4166 dici
2900 4130 2912 4165 :
2943 4113 3056 4168 Non
3087 4133 3186 4187 ego
3206 4124 3341 4190 ccepi
3373 4140 3386 4175 :
3420 4126 3519 4181 hoc
3549 4104 3734 4187 eontra
3770 4154 3872 4192 nos

2283 4207 2367 4271 est
2390 4239 2404 4262 ,
2433 4199 2553 4267 quia
2585 4216 2755 4270 neque
2780 4204 2926 4258 illum
2956 4207 3197 4265 videntes
3219 4252 3233 4275 ,
3267 4223 3714 4286 temperantiores
3743 4226 3872 4284 facti

2283 4304 2467 4353 sumus
2496 4313 2508 4343 :
2542 4296 2991 4362 quemadmodum
3036 4303 3079 4355 si
3123 4298 3241 4374 quis
3268 4308 3407 4364 dicat
3437 4330 3449 4362 :
3484 4312 3597 4384 Ego
3626 4334 3732 4373 non
3761 4324 3870 4390 pri-

2286 4399 2405 4437 mos
2454 4388 2644 4440 occidi.
2704 4388 2827 4444 Ideo
2871 4408 3100 4463 namque
3149 4413 3304 4467 poena
3350 4402 3544 4474 dignus
3588 4425 3648 4465 es
3678 4453 3693 4475 ,
3738 4388 3868 4483 quia

2282 4478 2583 4544 exemplum
2614 4480 2829 4547 videns,
2866 4501 2968 4539 non
2994 4496 3044 4541 te
3072 4491 3382 4550 euhibuisti.

2353 4566 2598 4624 Iracundi
2618 4574 2895 4645 imago.—
2913 4580 2969 4634 Si
2998 4583 3207 4640 videres
3234 4589 3440 4643 ebrium
3469 4608 3684 4651 vomere
3703 4640 3717 4660 ,
3750 4598 3869 4653 dis-

2284 4660 2457 4726 trahi,
2486 4662 2747 4734 dirumpi,
2777 4670 2946 4724 oculis
2986 4675 3151 4729 torvis
3186 4682 3455 4749 respicere
3475 4725 3491 4750 ,
3525 4686 3866 4748 immunditia

2281 4766 2518 4854 nlensaln
2570 4759 2817 4826 replere,
2867 4778 3054 4821 omnes
3102 4768 3251 4823 illum
3300 4772 3519 4845 fugere,
3564 4781 3867 4854 deindeque

2282 4844 2331 4894 ill
2365 4844 2508 4911 paria
2556 4847 2853 4915 illcitlcres,
2906 4872 3083 4909 annon
3133 4863 3301 4931 magis
3350 4844 3643 4935 culpandus
3671 4844 3870 4933 essés!

2279 4932 2420 5039 Talis
2446 4946 2527 4991 est
2552 4939 2835 4995 iracundus
2866 4961 2877 4995 :
2915 4948 3083 5017 magis
3106 4965 3270 5008 venas
3298 4932 3483 5025 inflat,
3516 4977 3674 5030 quam
3700 4966 3742 5020 is
3771 4972 3865 5039 qui

2281 5029 2445 5083 vomit
2474 5048 2486 5081 :
2517 5032 2703 5086 oculos
2745 5035 3071 5105 inflanllna‘t,
3101 5045 3305 5102 viscera
3350 5051 3610 5125 discerpit
3632 5100 3647 5121 .
3695 5029 3868 5121 vomit

2281 5121 2441 5175 verba
2467 5124 2556 5177 illo
2573 5127 2693 5179 cibo
2714 5128 3018 5198 impuriora,
3043 5137 3304 5208 indigesta
3325 5146 3501 5200 omnia
3524 5121 3755 5220 loquitur
3781 5160 3868 5212 lli-

2277 5211 2457 5283 hilque
2470 5216 2767 5287 perfectum
2794 5224 2812 5293 (
2835 5240 2937 5279 non
2967 5230 3109 5284 enim
3137 5234 3263 5288 sinit
3290 5237 3405 5307 ira)
3430 5257 3445 5303 ;
3483 5243 3574 5297 sed
3595 5211 3734 5300 sicut
3753 5250 3867 5308 iillc

2276 5321 2419 5375 serpe
2466 5309 2801 5367 immoderati
2867 5314 3120 5376 humores
3181 5331 3518 5386 stomachum
3581 5339 3865 5397 turbantes

2273 5495 2624 5594 concutiens,
2656 5514 2762 5554 non
2788 5502 2915 5557 sinit
2959 5515 3138 5577 tegere
3176 5526 3294 5581 qua:
3337 5517 3497 5574 silere
3544 5533 3860 5594 Opttl'lel'ttl;

2273 5584 2367 5695 sed
2393 5584 2617 5689 dicenda
2647 5600 2700 5643 et
2728 5609 2833 5695 non
2862 5594 3088 5652 dicenda
3117 5601 3341 5659 effundit
3365 5649 3378 5671 ,
3412 5626 3515 5663 non
3543 5584 3861 5695 audientes;

2271 5675 2376 5769 sed
2410 5679 2755 5748 semetipsum
2802 5683 3117 5757 deturpans.
3168 5695 3315 5751 Sicut
3360 5700 3520 5769 igilnr
3578 5675 3865 5767 vomentes

2271 5763 2540 5861 fugimus,
2594 5772 2671 5825 sic
2714 5783 2771 5829 et
2820 5776 2985 5833 iratos
3028 5779 3314 5854 fugiamus.
3362 5763 3498 5857 Quid
3551 5763 3862 5859 facieluusv‘l

2276 5861 2500 5917 Pulvere
2543 5868 2799 5922 vomitum
2830 5879 3103 5944 legamus,
3137 5883 3364 5938 tacendo
3409 5901 3571 5943 canes
3602 5907 3863 5954 vocemus
