4084 6332
98 576 219 624 τονς
287 560 411 611 Οὐκ
466 558 638 611 ἔστιν
674 554 841 624 ἡμῖν,
895 550 1085 623 φησὶν,
1124 552 1165 619 ἡ
1233 549 1397 615 πάλη
1446 546 1597 615 πρὸς
1633 537 1779 612 αἷμα

100 646 191 700 καί
229 646 451 713 σάρκα.
514 644 624 697 Καὶ
676 640 965 714 ἀριστῶσι,
1021 638 1114 693 καὶ
1155 637 1455 708 βαδίζουσι,
1494 634 1587 687 καὶ
1621 634 1774 684 λουο-

104 734 276 804 μένοις
329 731 595 803 πάρεστιν
623 732 651 783 6
684 726 899 799 ἐχθρός.
958 726 1033 779 Ού
1088 725 1198 796 γὰρ
1241 720 1351 777 οἶδε
1411 723 1602 795 καιρὸν
1648 723 1777 774 ἀνα-

104 821 296 891 κωχῆς,
335 822 384 873 εί
422 818 498 889 μή
524 817 617 871 τὸν
651 815 749 869 τοῦ
776 813 947 868 ὕπνου
994 813 1158 885 μόνον
1182 828 1195 842 ·
1255 810 1517 874 πολλάκις
1566 808 1623 862 δὲ
1690 808 1782 862 καὶ

99 911 213 963 τότε
266 905 522 977 πολεμεῖ,
566 905 663 959 καὶ
720 902 1020 973 λογισμοὺς
1074 899 1361 972 ἐμϐάλλων
1409 897 1780 968 ἀκαθάρτους,

104 997 189 1050 καὶ
241 991 677 1063 ἀσελγεστέρους
719 989 830 1048 ἀπὸ
891 989 1002 1043 τῶν
1058 988 1358 1060 ὀνειράτων
1383 986 1779 1057 ἐργαζόμενος.

112 1083 294 1154 Ἡμεῖς
323 1081 383 1135 δέ
410 1079 487 1144 ὼς
512 1080 642 1151 περὶ
671 1075 873 1150 μικροῦ
907 1075 1003 1130 τοῦ
1035 1076 1366 1145 πράγματος
1411 1073 1585 1135 ὄντος.
1641 1072 1785 1142 ὑπὲρ

100 1167 156 1226 οῦ
184 1172 389 1233 ἐκεῖνος
425 1166 673 1239 πολεμεῖ,
732 1167 796 1222 ού
846 1166 1112 1237 νήφομεν,
1177 1164 1300 1217 οὐδὲ
1349 1158 1780 1231 διανιστάμεθα.

98 1258 212 1312 οὐδὲ
238 1256 515 1327 βλέπομεν
545 1256 629 1318 είς
674 1253 739 1307 τὸ
788 1251 995 1324 πλῆθος
1041 1251 1152 1305 τῶν
1200 1250 1599 1320 ἀντικειμένων
1649 1251 1785 1320 ἡμῖν

99 1344 404 1416 δυνάμεων·
467 1344 571 1397 οὐκ
618 1341 933 1412 ἐννοοῦμεν,
976 1341 1059 1395 ὅτι
1114 1338 1275 1394 τοῦτο
1330 1338 1466 1392 αὐτὸ
1488 1338 1591 1407 τῆς
1627 1337 1785 1407 μεγί-

104 1448 227 1501 στης
248 1431 598 1503 δυσπραγίας
630 1429 802 1483 ἐστίν·
832 1428 950 1484 ἀλλ’
992 1429 1100 1483 ὑπὸ
1154 1427 1429 1482 τοσούτων
1475 1423 1786 1493 κυκλούμε-

101 1538 174 1573 νοι
199 1519 474 1589 πολέμων,
505 1517 581 1583 ὡς
622 1520 681 1571 ἐν
712 1518 908 1590 είρήνῃ
936 1516 1260 1589 τρυφῶμεν.
1296 1511 1635 1567 Πιστεύσατέ
1672 1529 1784 1581 μοι,

102 1598 170 1659 ὧν
192 1604 405 1669 Παῦλος
431 1603 603 1659 ἔπαθε
628 1603 991 1676 χαλεπώτερα
1017 1603 1135 1657 ἐστι
1168 1600 1365 1656 παθεῖν
1417 1599 1534 1654 νῦν.
1582 1598 1787 1652 Ἔϐαλ-

103 1694 186 1747 λον
218 1693 383 1746 αὐτὸν
410 1692 535 1746 τότε
582 1692 753 1756 λίθοις
793 1695 1018 1747 ἐκεῖνοι·
1076 1690 1191 1744 ἐστι
1225 1689 1434 1761 ῥήμασι
1494 1687 1787 1757 βάλλεσθαι

103 1782 191 1833 καὶ
248 1779 345 1834 νῦν
416 1779 586 1833 λίθων
659 1780 1083 1851 χαλεπωτέροις.
1150 1777 1215 1831 Τί
1276 1772 1372 1831 οὖν
1430 1776 1514 1829 δεῖ
1567 1777 1785 1839 ποιεῖν;

106 1871 271 1939 Ὅπερ
302 1869 515 1933 ἐκεῖνος
542 1868 769 1937 ἐποίησε
791 1886 806 1901 ν
830 1869 958 1931 τοὺς
1014 1866 1307 1937 βάλλοντας
1360 1865 1471 1936 γὰρ
1528 1865 1631 1917 ούκ
1668 1862 1791 1931 ἐμί-

104 1973 280 2027 σησεν,
314 1955 455 2009 ἀλλά
511 1957 794 2028 συράντων
844 1956 1008 2009 αὐτὸν
1056 1954 1279 2024 εἰσῆλθε
1329 1953 1493 2008 πάλιν
1547 1955 1627 2014 εἰς
1689 1951 1790 2021 τὴν

105 2045 270 2111 πόλιν,
294 2045 682 2116 εὐεργετήσων
711 2044 841 2106 τοὺς
896 2043 966 2097 τά
1015 2042 1241 2097 τοιαῦτα
1297 2042 1649 2112 ἠδικηκότας.
1692 2040 1791 2093 Ἂν

106 2132 325 2203 ἐνέγκῃς
362 2134 459 2185 καὶ
525 2131 590 2185 σὺ
629 2131 721 2185 τὸν
767 2131 1033 2202 ὑϐριστὴν
1063 2131 1155 2183 τὸν
1185 2132 1418 2201 τραχὺν,
1462 2130 1554 2182 τὸν
1588 2127 1791 2190 ἀδίκως

107 2236 159 2273 σε
184 2220 563 2291 ἐργασάμενον
587 2219 785 2284 ταῦτα,
823 2218 1114 2290 ἐλιθάσθης
1142 2219 1235 2273 καὶ
1261 2217 1348 2271 σύ.
1397 2220 1488 2289 Μὴ
1546 2218 1656 2288 γὰρ
1708 2216 1790 2269 ετ-

105 2323 225 2379 πῃς,
248 2310 330 2363 ὅτι
359 2308 532 2362 Οὺδέν
555 2308 816 2379 ἠδίκησα.
845 2308 911 2360 Τί
956 2308 1066 2379 γάρ
1118 2307 1331 2371 Παῦλος
1383 2307 1643 2377 ἠδίκησεν
1703 2306 1792 2363 ἵνα

106 2394 361 2467 λιθασθῇ;
418 2395 711 2449 Βασιλείαν
756 2397 1120 2467 κατήγγελλε,
1169 2396 1381 2466 πλάνης
1435 2396 1651 2466 ἀπῆγε,
1712 2393 1792 2463 τῷ

105 2481 214 2552 Θεῷ
263 2468 548 2555 προσῆγε·
596 2482 773 2537 ταῦτα
822 2484 1105 2552 στεφάνων
1146 2482 1293 2548 ἄξια,
1352 2482 1527 2536 ταῦτα
1580 2482 1792 2550 άνακη⁹

110 2569 323 2640 ρύξεως,
369 2571 548 2625 ταῦτα
599 2571 811 2642 μυρίων
865 2570 1109 2639 ἀγαθῶν,
1150 2571 1212 2624 ού
1262 2571 1425 2624 λίθων
1444 2586 1471 2640 ς
1498 2569 1615 2622 ἀλλ’
1642 2569 1794 2639 ὅμως

108 2659 358 2712 τάναντία
390 2658 655 2729 ἔπασχεν.
687 2657 837 2730 Αὕτη
868 2659 1032 2730 γάρὴ
1060 2658 1288 2730 λαμπρά
1313 2659 1460 2729 νίκη.
1500 2657 1611 2712 Καὶ
1649 2656 1794 2711 ἐσυ-

102 2760 209 2811 [αν
238 2745 456 2809 αὑτὸν,
494 2746 648 2816 φησί.
673 2746 781 2799 Καί
804 2763 863 2799 σε
888 2745 1150 2809 πολλάκις
1197 2746 1476 2818 σύρουσιν·
1546 2745 1685 2799 ἀλλά
1716 2744 1792 2815 μὴ

106 2834 382 2905 ὀργισθῇς,
414 2833 552 2887 ἀλλά
576 2834 815 2905 κήρυξον
851 2834 944 2887 τὸν
976 2833 1136 2902 λόγον
1179 2834 1270 2887 διὰ
1314 2836 1415 2905 τῆς
1468 2833 1792 2895 ἐπιεικείας.

108 2922 333 2993 ’Υϐρισέ
390 2939 489 2986 aa;
541 2923 796 2993 Σίγησον,
825 2924 924 2977 καὶ
984 2922 1283 2994 εὐλόγησον
1315 2924 1364 2975 εἰ
1417 2923 1795 2985 δύνασαι,καὶ

107 3009 267 3073 οὕτως
302 3010 588 3082 ἐκήρυξας
643 3013 739 3066 καὶ
786 3012 851 3064 σὺ
893 3012 986 3065 τὸν
1012 3012 1194 3079 λόγον,
1250 3012 1578 3075 ἐπαίδευσας
1624 3015 1797 3067 ἐπιεί-

108 3114 273 3159 κειαν,
307 3099 646 3159 ἐπαίδευσας
669 3100 974 3171 πραότητα.
1034 3097 1169 3155 Οἶδα
1222 3100 1450 3165 πολλοὺς
1498 3103 1597 3172 οὐχ
1651 3102 1795 3156 οὓτω

108 3187 419 3258 τραύμασιν
462 3186 785 3256 ἀλγοῦντας,
839 3188 916 3252 ὡς
978 3188 1161 3260 πληγῇ
1221 3192 1287 3259 τῇ
1355 3188 1445 3242 διὰ
1493 3190 1791 3261 ῥημάτων·

106 3274 255 3328 τοῦτο
287 3274 391 3345 μὲν
437 3274 546 3345 γάρ
588 3274 649 3327 τὸ
681 3274 905 3345 τραῦμα
944 3273 1007 3328 τὸ
1064 3276 1226 3345 σῶμα
1253 3277 1491 3348 δέχεται,
1521 3280 1699 3331 ἐκεῖνο
1739 3278 1798 3333 δὲ

110 3360 337 3432 ήψυχή.
387 3360 553 3414 Ἀλλά
588 3362 663 3431 μὴ
689 3363 1041 3435 ἀλγήσωμεν,
1087 3363 1291 3434 μᾶλλον
1347 3365 1404 3418 δέ
1458 3366 1797 3435 ἀλγήσαντες

108 3449 441 3519 ἐνέγκωμεν.
467 3449 580 3518 υύκ
606 3451 770 3519 δρᾶτε
788 3451 915 3513 τοὺς
938 3451 1335 3516 πυκτεύοντας,
1363 3452 1413 3506 οἳ
1434 3452 1595 3527 [245]
1617 3454 1798 3507 διατεα

109 3538 371 3607 τρωμένοι
409 3536 507 3600 τὰς
538 3537 800 3605 κεφαλὰς,
824 3540 951 3601 τοῦς
982 3538 1204 3603 ὀδόντας
1240 3540 1555 3605 ἐνδακόντες
1576 3586 1587 3603 ,
1624 3542 1801 3607 οὕτως

111 3624 323 3696 ἡμέρως
354 3623 590 3695 φέρουσι
621 3625 721 3689 τὰς
751 3625 1084 3696 ἀλγηδόνα;;
1124 3627 1391 3682 Ἐνταῦθα
1438 3630 1495 3683 δὲ
1545 3631 1607 3683 ού
1641 3632 1803 3702 χρεία.

114 3714 298 3783 βρύξαι
332 3715 467 3777 τοὺς
530 3713 771 3779 ὀδόντας,
801 3715 863 3767 οὐ
914 3716 1075 3784 χρεία
1134 3717 1339 3771 δακεῖν.
1397 3720 1802 3790 Ἀναμνήσθητι

112 3802 198 3855 τοῦ
226 3802 509 3855 Δεσπότου
543 3801 638 3856 τοῦ
672 3803 800 3867 σοῦ,
839 3804 935 3856 καὶ
984 3805 1046 3857 τὸ
1082 3804 1377 3876 φάρμακον
1436 3807 1640 3872 εὐθέως
1682 3809 1805 3863 ἐπέ-

114 3889 282 3960 θηκας
325 3893 396 3961 τῇ
433 3891 660 3962 μνήμῃ·
696 3890 1076 3963 ἀναμνήσθητι
1111 3892 1328 3946 Παύλου
1351 3910 1366 3925 ·
1416 3896 1671 3965 ἐννόησον
1720 3898 1803 3950 ὅτι

117 3982 175 4033 σὺ
207 3981 475 4049 ἐνίκησας
501 3981 531 4033 6
555 3979 948 4052 πληττόμενος,
982 3983 1190 4047 ἐκεῖνος
1218 3984 1275 4038 δέ
1301 3986 1531 4056 ἥττηται
1589 3988 1618 4040 6
1668 3988 1806 4057 πλή-

116 4066 226 4131 ξας.
255 4068 356 4122 καὶ
378 4070 442 4121 τὺ
465 4070 575 4122 πᾶν
605 4069 742 4123 ίάσω
770 4069 860 4122 διά
883 4068 1097 4124 τούτου.
1140 4072 1309 4143 Ῥοπὴ
1362 4076 1503 4140 ἐστι,
1553 4076 1629 4146 μὴ
1679 4093 1807 4128 συν-

117 4160 389 4228 αρπατῇς,
428 4156 523 4210 καὶ
571 4156 634 4209 τὸ
681 4159 791 4211 πᾶν
848 4157 1227 4231 κατώρθωσας
1263 4160 1499 4235 εὐθέως·
1545 4162 1621 4233 μὴ
1654 4181 1808 4234 xum-

112 4242 228 4314 θῇς,
257 4244 355 4297 καὶ
400 4242 467 4295 τὸ
515 4243 623 4295 πᾶν
664 4242 918 4308 ἔσϐεσας.
951 4245 1180 4324 Μεγάλη
1228 4249 1555 4318 παραμυθία
1610 4251 1672 4304 τὸ
1704 4244 1806 4305 ’διά

118 4331 347 4402 Χριστόν
377 4347 436 4383 τι
462 4328 683 4383 παθεῖν·
715 4330 775 4383 ού
796 4331 1089 4401 κηρύττεις
1112 4334 1204 4387 τὸν
1233 4333 1391 4403 λόγον
1420 4334 1521 4405 τῆς
1548 4336 1803 4401 πίστεως,

118 4418 245 4471 ἀλλά
291 4416 595 4488 κηρύττεις
652 4415 741 4470 τὸν
781 4418 938 4487 λόγον
991 4420 1091 4490 τῆς
1132 4421 1471 4493 φιλοσοφίας.
1528 4423 1666 4477 Ἀλλ’
1697 4424 1808 4496 ὅσῳ

121 4504 181 4557 ἀν
212 4505 297 4577 ἴδῃ
320 4507 428 4576 τὴν
458 4505 784 4571 ἐπιείκειαν,
830 4507 986 4578 φησὶ,
1036 4509 1278 4577 τοσούτῳ
1322 4511 1525 4575 μᾶλλον
1570 4509 1810 4577 ἐπιτίθε-

120 4608 221 4647 ται.
252 4591 354 4645 Διά
387 4591 547 4644 τοῦτο
572 4588 665 4646 οὖν
694 4592 902 4661 ἀλγεῖς,
930 4595 1013 4648 ὅτι
1039 4596 1240 4665 μᾶλλόν
1272 4615 1355 4650 σοι
1402 4599 1531 4661 τοὺς
1581 4598 1810 4668 μισθοὺς

120 4680 300 4747 αὕξει;
337 4679 484 4733 Ἀλλ’
513 4680 787 4751 ἄχρηστος
818 4683 1049 4750 γίνεται,
1074 4684 1229 4756 φησί.
1272 4685 1445 4739 Τοῦτο
1480 4687 1681 4757 σκῆψις
1708 4688 1810 4758 τῆς

124 4767 254 4831 ἰδίας
288 4767 692 4839 μικροψυχίας·
722 4770 927 4841 ἑτέρως
943 4772 1218 4844 ἄχρηστος
1252 4774 1485 4843 γίνεται,
1512 4775 1578 4828 ἂν
1600 4776 1807 4848 ἀμύνῃ.

123 4856 178 4908 El
220 4857 343 4928 ᾔδει
382 4857 417 4909 ό
469 4856 625 4921 Θεὸς,
651 4858 733 4911 ὅτι
781 4858 869 4912 διὰ
912 4859 1007 4912 τοῦ
1062 4860 1137 4931 μὴ
1193 4862 1499 4932 ἀμύνεσθαι
1544 4863 1812 4936 ἄχρηστοι

122 4942 357 5009 ἐγίνοντο
381 4942 437 4995 οἱ
466 4942 664 5009 ἄδικοι,
704 4946 807 4999 ούκ
837 4945 904 5000 ἂν
928 4946 1088 5001 τοῦτο
1116 4949 1381 5014 ἐπέταξεν
1403 4992 1417 5016 ,
1452 4951 1567 5003 ἀλλ’
1599 4951 1753 5005 εἶπεν
1783 4966 1809 4994 α

123 5029 203 5094 ἂν,
237 5033 487 5102 ’Δμυνον
510 5032 730 5100 σαυτῷ·
756 5032 871 5088 ἀλλ’
906 5031 1046 5090 οἶδεν
1073 5038 1157 5091 ὃτι
1208 5037 1354 5092 οὕτω
1413 5040 1615 5110 μᾶλλον
1663 5041 1811 5111 ὠφε-

123 5117 309 5175 λείται.

187 5206 279 5277 Μὴ
304 5206 715 5277 ἀντινομοθέτει
749 5206 827 5278 τῷ
853 5209 974 5280 Θεῷ
997 5226 1012 5243 ·
1044 5212 1240 5282 ἐκείνῳ
1271 5213 1485 5269 πείθου.
1520 5215 1635 5267 Οὐκ
1665 5210 1715 5268 εἴ
1745 5218 1811 5271 σὺ

124 5291 470 5363 ἀγαθώτερος
528 5293 624 5347 τοῦ
678 5296 1006 5367 ποιήσαντος
1034 5299 1202 5369 ἡμᾶς.
1236 5296 1436 5367 Εἶπεν,
1486 5301 1812 5374 Ὑϐριζόμε-

125 5395 208 5443 νος
242 5380 423 5451 φέρε·
486 5380 551 5434 σὺ
611 5381 815 5449 λέγεις.
859 5384 1216 5457 Ἀνθυϐρίζω,
1263 5390 1352 5444 ἵνα
1404 5390 1480 5461 μὴ
1535 5392 1814 5463 ἄχρηστος

126 5468 405 5539 γένηται⁶.
452 5470 525 5523 Σὺ
583 5466 679 5525 οὖν
718 5471 921 5541 μᾶλλον
968 5474 1135 5528 αὐτοῦ
1189 5478 1539 5547 φροντίζεις;
1598 5478 1815 5543 Πάθους

126 5554 291 5608 ταῦτα
327 5556 423 5608 καὶ
445 5557 785 5631 τραχύτητος
839 5559 911 5616 τά
971 5563 1194 5633 ῥήματα
1235 5567 1332 5620 καὶ
1365 5567 1685 5633 ἀλαζονείας
1721 5572 1815 5625 καὶ

125 5642 215 5694 τοῦ
248 5644 694 5715 ἀντινομοθετεῖν
716 5648 799 5719 τῷ
822 5649 960 5720 Θεῷ.
985 5651 1048 5704 Et
1078 5654 1187 5725 γὰρ
1214 5657 1309 5708 καὶ
1335 5656 1657 5722 ἐϐλάπτετο,
1692 5661 1815 5731 ούχὶ

130 5732 411 5786 πείθεσθαι
443 5734 638 5807 ἐχρῆνς
666 5737 835 5791 Ὅταν
862 5738 893 5789 6
922 5738 1054 5804 Θεός
1084 5758 1137 5794 τι
1170 5746 1507 5816 προστάττῃ,
1546 5748 1620 5817 μὴ
1672 5749 1817 5802 ἀντι.

130 5821 507 5891 νομοθετῶμεν
528 5825 711 5894 ἡμεῖς.
770 5826 1130 5897 Ἀπόκρισις,
1170 5834 1355 5903 φησὶν,
1383 5835 1816 5891 ὑποπίπτουσα

187 6020 216 6049 ⁸
242 6020 381 6071 Unus
401 6022 547 6074 τοῦτο
568 6028 811 6086 ἐποίησεν,
840 6034 943 6081 ἀλλ’
971 6035 1116 6085 εἶπεν.

132 6088 347 6134 manem
371 6088 597 6138 codicum
615 6095 913 6154 recepimus.
948 6097 1077 6145 lim'r.

493 6176 767 6238 Ριτιιοι..
808 6175 925 6238 (ὶιι.
972 6178 1100 6242 LX.

1214 6042 1241 6075 "
1267 6038 1435 6089 Montf.
1458 6042 1689 6103 γένωμαι.
1716 6043 1814 6094 Le-

1190 434 1261 491 IN
1298 433 1485 491 ACTA
1522 424 2063 485 APOSTULORUM.
2107 423 2345 481 "OMIL.
2389 423 2584 480 XXXI.

3481 429 3589 486 252

1884 539 2254 609 ἀποστρέφει
2312 540 2515 609 ὀργάς.
2579 540 2726 612 ’Ᾱρα
2776 539 2937 594 τοῦτο
2985 545 3132 596 ποιεῖ
3174 544 3589 614 ύποπίπτουσα.

1883 628 1984 681 ούκ
2013 628 2430 701 ἐναντιουμένη.
2467 630 2529 682 Εἰ
2560 628 2621 681 σέ
2655 629 2877 698 ὠφελεῖ,
2905 632 3160 685 κάκεῖνον
3185 633 3417 705 ὠφελεῖ·
3457 639 3506 693 εί
3531 640 3589 694 δέ

1889 731 1949 767 σε
1982 714 2213 784 βλάπτει
2250 717 2344 770 τὸν
2401 717 2668 786 μέλλοντα
2715 718 3065 789 διορθοῦσθαι
3114 724 3348 791 ἐκεῖνον,
3409 727 3593 798 πολλῷ

1885 802 2088 873 μᾶλλον
2127 806 2358 861 ἐκεῖνον.
2410 804 2612 872 Ἰατρέ,
2670 805 3053 875 θεράπευσον
3106 813 3394 868 σεαυτόν.
3454 811 3592 868 mm

1883 892 2108 956 κακῶς;
2175 892 2496 946 Ἐπαίνεσον
2550 893 2651 947 σύ·
2713 894 3093 968 ἐλοιδόρησενς
3167 900 3588 970 Ἐγκωμίασον·

1881 978 2281 1033 ἐπεϐούλευσεν
2304 995 2319 1045 ;
2352 978 2736 1051 Εὐεργέτηπν
2757 1000 2771 1013 ο
2798 984 2915 1046 τοῖς
2945 984 3214 1049 ἐναντίοις
3242 987 3409 1040 αὑτὸν
3431 990 3593 1061 ἀμείο

1882 1063 2000 1127 ϐου,
2036 1069 2173 1136 εἴγε
2196 1067 2334 1130 ὅλως
2361 1067 2465 1138 τῆς
2494 1067 2708 1122 ἐκείνου
2738 1069 3018 1141 σωτηρίας
3056 1075 3331 1144 προνοεῖς,
3364 1076 3460 1145 καὶ
3514 1077 3592 1151 μὴ

1884 1156 2087 1209 σαυτοῦ
2139 1156 2201 1210 τὸ
2248 1157 2423 1220 πάθος
2488 1157 2726 1211 ἐκδικεῖν
2783 1158 2928 1212 θέλε.
2982 1160 3093 1213 Καὶ
3136 1159 3244 1231 μὴν
3306 1162 3593 1228 πολλάκις,

1886 1246 2072 1315 φησὶν,
2106 1244 2427 1309 ἀπολαύσας
2461 1245 2853 1317 μακροθυμίας
2886 1247 3087 1319 χείρων
3144 1249 3362 1318 γέγονε.
3418 1238 3593 1305 Τοῦτο

1882 1333 1945 1385 οὐ
1974 1332 2127 1403 παρά
2156 1333 2237 1396 σὲ,
2266 1333 2403 1386 άλλά
2438 1335 2570 1403 παρ’
2599 1333 2784 1387 αὐτόν.
2822 1333 3012 1388 Βούλει
3046 1336 3241 1407 μαθεῖν
3264 1333 3354 1393 οἷα
3388 1339 3594 1393 ἔπαθεν

1882 1423 1911 1474 6
1936 1421 2105 1487 636;;
2148 1421 2229 1473 Τά
2259 1420 2629 1491 θυσιαστήρια
2663 1421 2831 1475 αὐτοῦ
2856 1422 3240 1492 κατέσκαψαν,
3264 1426 3391 1488 τοὺς
3456 1443 3594 1499 προο

1887 1510 2065 1577 φήτας
2110 1508 2468 1570 ἀπέκτειναν,
2522 1510 2618 1563 και)⁵
2676 1510 2859 1563 πάντα
2885 1509 3123 1583 ἔφερεν.
3179 1513 3295 1567 Ούκ
3362 1514 3596 1584 ἠδύνατο

1889 1597 2133 1668 σκηπτὸν
2159 1595 2368 1651 ἄνωθεν
2394 1599 2766 1666 καταγαγεῖνς
2806 1598 2949 1651 Ἀλλ’
2992 1600 3081 1652 ὃτε
3128 1602 3259 1664 τοὺς
3307 1604 3596 1673 προφήτας

1886 1685 2196 1750 ἀπέστειλε,
2232 1686 2327 1740 καὶ
2360 1684 2572 1739 ἀνεῖλον
2601 1687 2821 1752 αὐτοὺς,
2854 1686 2977 1741 τότε
3017 1688 3110 1742 τὸν
3142 1689 3271 1742 Υίὸν
3303 1690 3551 1761 ἐπεμψεν
3574 1709 3590 1723 ο

1886 1776 1976 1828 ὅτε
2005 1772 2228 1844 μείζονα
2255 1772 2558 1845 ἠσέϐησαν,
2583 1774 2705 1827 τότε
2742 1774 3010 1843 μειζόνως
3042 1776 3386 1848 εὐηργέτησε
3411 1795 3426 1841 ;
3480 1780 3595 1832 Καὶ

1888 1862 1954 1914 σὺ
1992 1862 2059 1915 ἂν
2093 1862 2209 1935 ίδῃς
2232 1861 2656 1933 τραχυνόμενον,
2687 1864 2810 1916 τότε
2841 1865 3107 1935 μειζόνως
3135 1860 3278 1929 εἶξον
3301 1881 3315 1895 ·
3346 1866 3594 1936 μείζονος

1889 1950 1999 2018 γάρ
2023 1950 2056 2018 ή
2086 1949 2251 2018 μανία
2280 1947 2418 2020 αῦτη
2438 1948 2612 2001 δεῖται
2642 1950 3027 2020 παραμυθίας.
3050 1952 3206 2021 ’Όσῳ
3238 1950 3305 2005 ἂν
3339 1952 3594 2022 χαλεπώ-

1887 2053 2023 2107 τερα
2054 2036 2270 2108 ύϐρίζῃ,
2298 2036 2539 2106 τοσούτῳ
2567 2037 2814 2101 πλείονος
2846 2039 2874 2078 ιθ
2900 2039 3204 2103 ἐπιεικείας
3242 2039 3414 2093 δεῖται
3437 2055 3448 2067 ·
3497 2042 3593 2095 καὶ.

1888 2124 2143 2195 καθάπερ
2166 2124 2401 2195 πυρετὸς
2435 2125 2564 2178 ὅταν
2593 2125 2828 2196 σφοδρὸν
2862 2126 3093 2198 πνεύσῃ,
3130 2127 3252 2181 τότε
3289 2128 3461 2181 δεῖται
3496 2127 3591 2181 τοῦ

1887 2214 2127 2277 εἴκοντος
2155 2229 2168 2241 ·
2198 2213 2341 2266 οὕτω
2373 2214 2465 2266 καὶ
2486 2216 2515 2266 6
2540 2212 2907 2284 θυμούμενος.
2941 2214 3016 2268 Τὸ
3076 2213 3266 2287 θηρίον
3319 2218 3451 2271 ὅταν
3487 2217 3595 2289 μά-

1888 2300 2048 2353 λιστα
2074 2299 2357 2371 ἀγριαίνῃ,
2382 2299 2505 2353 τότε
2536 2300 2819 2371 φεύγομεν
2852 2302 3097 2367 ἅπαντες
3118 2320 3129 2331 ·
3154 2303 3300 2357 οῦτω
3346 2305 3442 2357 καὶ
3497 2304 3595 2359 τὸν

1888 2387 2263 2459 ὀργιζόμενον.
2294 2387 2389 2459 Μὴ
2417 2389 2648 2462 νομίσῃς
2674 2388 2837 2443 τοῦτο
2863 2392 3030 2462 τιμὴν
3074 2389 3217 2445 εἶναι
3244 2408 3257 2422 ·
3315 2393 3440 2445 ἐπεὶ
3497 2395 3594 2449 καὶ

1888 2476 1952 2529 τὸ
1987 2474 2174 2547 θηρίον
2196 2474 2473 2545 τιμῶμεν,
2509 2476 2604 2528 καὶ
2634 2477 2762 2541 τοὺς
2810 2480 3180 2549 μαινομένους
3230 2480 3362 2549 γοῦν
3419 2481 3595 2552 τιμῶ-

1894 2581 2015 2634 μεν,
2049 2565 2180 2617 ὅταν
2206 2563 2584 2635 ἐκκλίνωμεν;
2618 2566 2885 2635 Οὐδαμῶς
2907 2584 2919 2595 ι
2952 2569 3145 2635 ἀτιμία
3176 2567 3337 2621 τοῦτό
3361 2570 3596 2623 ἐστικαὶ

1893 2649 2051 2721 ῦϐρις
2079 2668 2092 2681 ·
2130 2650 2332 2720 μᾶλλον
2369 2651 2426 2705 δὲ
2459 2653 2561 2706 οὐκ
2614 2654 2808 2724 ἀτιμία
2844 2655 2937 2708 καὶ
2974 2654 3151 2726 ὕϐρις,
3180 2656 3296 2708 ἀλλ’
3324 2656 3473 2721 ἕλεος
3499 2658 3597 2711 καὶ

1892 2738 2299 2812 φιλανθρωπία.
2366 2740 2480 2811 οὐχ
2529 2743 2662 2813 ὁρᾷς
2710 2744 2840 2805 τοὺς
2896 2742 3121 2809 ναύτας,
3174 2746 3305 2798 ὃταν
3365 2744 3598 2817 σφοδρὸν

1892 2827 2180 2901 ἐμπνεύσῃ
2210 2828 2271 2881 τὸ
2300 2828 2542 2900 πνεῦμα,
2563 2827 2713 2902 [⁸246]
2737 2830 3140 2901 καθαιροῦντας
3163 2832 3231 2885 τὰ
3262 2832 3428 2894 ίστία,
3452 2832 3597 2887 ὥστε

1897 2917 1973 2988 μὴ
1995 2917 2298 2971 καταδῦσαι
2315 2917 2376 2971 τὸ
2397 2917 2605 2988 σκάφος
2629 2935 2642 2980 ;
2670 2918 2799 2983 τοὺς
2814 2919 3013 2984 ἵππους
3044 2922 3174 2976 ὅταν
3204 2922 3599 2992 συναρπάσωσι

1892 3005 1986 3059 τὸν
2014 3006 2307 3078 ἐπιϐάτην,
2337 3006 2734 3071 συνενδιδόντα,
2768 3007 2864 3061 καὶ
2887 3008 2948 3060 ού
2977 3006 3336 3075 καθέλκοντα,
3374 3010 3464 3064 ἵνα
3520 3012 3599 3083 μὴ

1894 3093 2224 3165 αὐτομάτως
2253 3088 2471 3169 κενὼσῃ
2502 3094 2601 3166 τὴν
2627 3095 2862 3165 δύναμιν
2886 3112 2899 3160 ;

1966 3183 2028 3237 δ’.
2052 3183 2226 3236 Τοῦτο
2240 3183 2335 3236 καὶ
2353 3185 2417 3238 σὺ
2442 3184 2691 3254 ποίησον.
2715 3184 2835 3256 "Sp
2860 3185 3008 3238 ἐστιν
3029 3185 3059 3237 6
3076 3183 3268 3256 θυμὸς,
3290 3185 3423 3256 φλόξ
3450 3186 3601 3241 ἐστιν

1894 3270 2046 3336 ὀξεῖα
2072 3271 2304 3343 δεομένη
2340 3270 2474 3342 ῦλης
2497 3287 2510 3300 ·
2546 3269 2623 3342 μὴ
2652 3272 2949 3344 παράσχῃς
2979 3274 3081 3344 τὴν
3108 3272 3317 3345 τροφὴν
3337 3274 3416 3344 τῷ
3442 3275 3599 3344 πυρὶ,
3634 3320 3636 3322 τ

1896 3360 1991 3415 καὶ
2033 3360 2247 3430 ταχέως
2299 3360 2532 3423 ἔσϐεσας
2577 3358 2638 3413 τὸ
2692 3360 2885 3413 κακόν.
2941 3361 3056 3414 Ούκ
3087 3361 3202 3432 ἔχει
3246 3363 3370 3417 καθ’
3401 3364 3602 3436 ἑαυτὴν

1900 3448 2053 3519 ίσχὺν
2084 3450 2117 3518 ή
2145 3447 2307 3520 ὀργὴ,
2337 3447 2405 3502 ἂν
2442 3449 2520 3518 μὴ
2544 3447 2733 3519 ἕτερος
2755 3448 3020 3519 ὀτρέφων
3049 3449 3222 3521 αὐτὴν
3358 3452 3604 3524 Οὐδεμία

1900 3536 1983 3589 σοί
2010 3538 2160 3588 ἐστιν
2190 3534 2480 3602 ἀπολογία.
2528 3536 2768 3599 Ἐκεῖνος
2832 3537 3129 3606 κατέχεται
3175 3541 3242 3609 τῇ
3281 3539 3472 3612 μανίᾳ,
3509 3541 3605 3596 καὶ

1897 3625 1999 3678 οὐκ
2053 3619 2162 3677 οἶδε
2216 3624 2271 3676 τί
2315 3626 2495 3677 ποιεῖ·
2530 3624 2597 3677 σὺ
2625 3624 2850 3695 θεωρῶν
2878 3625 3063 3690 αὐτὸν,
3098 3627 3227 3680 ὅταν
3261 3631 3375 3692 τοῖς
3417 3630 3605 3694 αὐτοῖς

1900 3711 2229 3785 περιπέσῃς,
2276 3712 2372 3765 καὶ
2421 3711 2556 3783 μηδὲ
2614 3711 2673 3777 ἐξ
2728 3712 2941 3765 ἐκείνου
2997 3716 3413 3788 σωφρονισθῇς,
3472 3720 3606 3772 ποία

1902 3799 2240 3871 συγγνώμη;
2276 3798 2339 3852 El
2360 3801 2418 3851 ἐν
2446 3800 2736 3869 συμποσίῳ
2770 3817 2856 3864 τις
2880 3800 3179 3872 γενόμενος
3209 3803 3332 3857 τινὰ
3375 3806 3434 3857 ἐν
3475 3823 3606 3877 προσ

1902 3887 2088 3959 θύροις
2118 3887 2216 3940 ίδοι
2239 3885 2511 3955 μεθύοντα
2550 3887 2644 3940 καὶ
2674 3887 3116 3959 ἀσχημονοῦντα,
3157 3885 3276 3943 εἶτα
3314 3891 3410 3945 καὶ
3439 3892 3605 3956 αὐτὸς

1901 3979 2014 4038 τοῖς
2060 3974 2267 4045 ὁμοίοις
2322 3976 2621 4045 περιπέσῃ,
2678 3976 2742 4028 ού
2796 3976 2980 4048 πελλῷ
3033 3978 3235 4049 μᾶλλον
3258 3980 3607 4049 μετ’ἐκεῖνον

1906 4063 2123 4134 μεθύων
2176 4060 2566 4131 ἀσύγγνωστος
2601 4062 2668 4115 ἃν
2717 4062 2841 4133 είη;
2879 4064 3039 4118 Οῦτω
3080 4067 3173 4119 καὶ
3212 4067 3483 4122 ἐνταῦθα·
3528 4070 3605 4139 μή

1904 4150 2215 4220 νομίζωμεν
2260 4144 2399 4204 εἶναι
2434 4151 2735 4219 ἀπολογίαν
2776 4151 2839 4204 τὸ
2862 4152 3065 4220 λέγειν,
3101 4155 3183 4208 ὅτι
3209 4156 3324 4209 Ούκ
3363 4156 3475 4225 ἐγὼ
3501 4172 3605 4210 κα-

1902 4240 2078 4310 τῆρξα
2098 4256 2111 4266 ·
2137 4238 2298 4292 τοῦτο
2320 4239 2440 4292 καθ’
2475 4239 2637 4310 ήμῶν
2662 4242 2832 4303 ἐστιν,
2867 4241 2951 4295 ὅτι
2983 4242 3119 4313 μηδὲ
3150 4246 3359 4297 ἐκεῖνον
3405 4245 3609 4310 ίδόντες

1904 4326 2393 4399 ἐσωφρονίσθημεν
2409 4344 2421 4356 ·
2458 4326 2650 4399 ὥσπερ
2670 4327 2736 4381 ἂν
2766 4328 2913 4383 εἴποι
2932 4346 3039 4394 τις,
3065 4331 3181 4385 Ούκ
3201 4331 3315 4401 ἐγὼ
3338 4333 3609 4403 ἐφόνευσα

1908 4418 2148 4488 πρῶτος.
2184 4418 2284 4473 Διά
2304 4418 2415 4490 γάρ
2438 4419 2599 4473 τοῦτο
2631 4420 2910 4484 κολάσεως
2938 4418 2991 4474 εί
3010 4422 3182 4489 ἀξιος,
3205 4423 3291 4477 ὅτι
3333 4425 3471 4496 μηδέ
3525 4426 3609 4489 εἰς

1904 4506 1966 4559 τὸ
1990 4506 2343 4577 παράδειγμα
2371 4506 2498 4560 ίδὼν
2526 4509 2760 4579 ἐπέσχες
2792 4510 3010 4563 σαυτόν.

1980 4596 2041 4649 Εἰ
2071 4595 2201 4659 ἴδοις
2231 4596 2469 4666 ἐμοῦντα
2501 4596 2594 4651 τὸν
2631 4598 2925 4668 μεθύοντα,
2982 4598 3389 4670 διασπώμενον,
3454 4600 3611 4673 διαρ-

1910 4684 2291 4755 ρηγνύμενον,
2338 4686 2467 4748 τοὺς
2528 4684 2847 4756 ὀφθαλμοὺς
2899 4688 3094 4758 ἔχοντα
3162 4688 3608 4759 διατεταμένους,

1907 4772 2258 4842 ἀκαθαρσίας
2297 4772 2397 4843 τὴν
2458 4773 2745 4845 τράπεζαν
2793 4774 3131 4846 πληροῦντα,
3189 4778 3399 4842 πάντας
3444 4779 3613 4832 αὑτὸν

1907 4860 2345 4930 ἀποφεύγοντας,
2366 4857 2489 4914 εἶτα
2518 4865 2631 4927 τοῖς
2661 4864 2850 4927 αὐτοῖς
2885 4866 3217 4937 περιπέσῃς,
3244 4866 3368 4937 οὐχὶ
3404 4868 3612 4937 μᾶλλον

1909 4948 2006 5020 ἐσῃ
2041 4950 2310 5020 μισητὸς;
2340 4950 2599 5013 Τοιοῦτός
2632 4952 2749 5005 ἐστι
2788 4954 2884 5006 καὶ
2944 4955 2973 5007 6
3030 4953 3410 5025 ὀργιζόμενος·
3473 4957 3614 5026 μάλα·

1909 5035 2002 5089 λον
2062 5036 2159 5089 τοῦ
2212 5037 2476 5107 ἐμοῦντος
2527 5040 2787 5093 διατείνει
2844 5039 2946 5106 τάς
3008 5042 3235 5112 φλέϐας,
3283 5048 3451 5116 πυροί
3485 5047 3614 5112 τοὺς

1908 5124 2251 5195 ὀφθαλμοὺς,
2284 5126 2587 5180 διασπᾶται
2633 5128 2704 5183 τά
2751 5127 3062 5202 σπλάγχνα,
3100 5132 3231 5203 ἐμεῖ
3277 5133 3465 5205 πολλῷ
3513 5137 3614 5206 ῥή-

1914 5230 2065 5283 ματα
2088 5213 2192 5285 τῆς
2225 5214 2436 5285 τροφῆς
2488 5216 2705 5288 ἐκείνης
2767 5217 3207 5291 ἀκαθαρτότερα,
3258 5220 3614 5293 ἀδιαμάσητα

1911 5303 2091 5357 πάντα
2124 5303 2453 5372 φθέγγεται,
2484 5305 2641 5359 οὐδὲν
2677 5307 3153 5378 κατειργασμένον
3190 5309 3273 5380 (οὐ
3303 5310 3413 5379 γάρ
3444 5311 3614 5381 ἀφίη-

1914 5410 2001 5446 σιν
2032 5393 2061 5445 6
2092 5391 2288 5463 θυμός)
2311 5408 2325 5423 ·
2353 5392 2469 5446 ἀλλ’
2498 5391 2692 5465 ὥσπερ
2732 5396 2849 5448 ἐκεῖ
2907 5397 3173 5461 πολλάκις
3229 5400 3470 5471 ἀμετρία
3518 5419 3616 5472 χυ-

1916 5480 2033 5551 μῶν
2084 5480 2482 5552 διενοχλήσασα
2555 5481 2648 5535 τὸν
2706 5482 2999 5555 στόμαχον,
3052 5486 3233 5540 πάντα
3306 5488 3611 5543 ἐκένωσεν·

1911 5570 2056 5625 οὕτω
2112 5572 2208 5625 καὶ
2251 5570 2491 5626 ἐνταῦθα
2541 5573 2786 5644 ἀμετρία
2839 5573 3180 5647 θερμότητος
3219 5577 3617 5651 διενοχλήσασα

1912 5662 2013 5732 τὴν
2045 5660 2247 5732 ψυχήν,
2303 5661 2405 5714 ούκ
2450 5661 2647 5734 ἀφίησι
2696 5664 2916 5733 στέγειν
2961 5665 2997 5719 ἀ
3056 5668 3216 5738 σιγᾷν
3246 5668 3433 5732 καλὸν,
3475 5670 3615 5725 ἀλλά

1914 5750 2058 5821 ῥητὰ
2080 5752 2175 5804 καὶ
2209 5751 2427 5822 ἄρρητα
2459 5750 2630 5821 λέγει,
2660 5753 2783 5823 ούχὶ
2811 5754 2937 5817 τοὺς
2965 5755 3288 5821 ἀκούοντας,
3332 5757 3449 5809 ἀλλ’
3481 5760 3616 5813 ἐαυ-

1913 5838 2006 5891 τὸν
2041 5836 2338 5907 αἰσχύνων.
2372 5840 2587 5912 Ὠσπερ
2620 5835 2715 5893 οὖν
2754 5840 2865 5894 ἀπὸ
2909 5841 3020 5895 τῶν
3086 5840 3369 5913 ἐμούντων
3413 5842 3616 5913 φεύγο-

1919 5944 2040 5998 μεν,
2073 5927 2218 5981 οὖτω
2248 5926 2343 5981 καὶ
2374 5927 2485 5981 ἀπὸ
2552 5928 2662 5983 τῶν
2718 5930 3115 6003 ὀργιζομένων.
3170 5932 3236 5985 Τί
3288 5931 3616 6001 ποιοῦντες;

1986 6109 2007 6136 ⁸
2037 6105 2180 6157 Alius
2209 6109 2445 6169 μειζόνως.

3075 6201 3150 6260 13
