4088 6330
507 413 610 471 233

506 525 669 579 Κόνιν
695 525 1034 595 ἐπιϐάλωμεν
1050 521 1227 576 αὑτῶν
1251 521 1328 592 τῷ
1348 521 1542 592 ἐμέτῳ,
1569 519 1830 588 σιγῶντες
1853 521 1976 582 τοὺς
1999 518 2169 600 κύνας

505 613 775 682 καλῶμεν,
809 613 948 664 ὥστε
984 611 1124 665 αὑτά
1152 613 1486 679 καταφαγεῖν
1505 609 1572 662 τὰ
1598 607 1886 678 ἐμεθέντα.
1921 601 2052 661 Οἶδα
2084 607 2167 659 ὅτι

503 703 752 754 ναυτιᾶτε
775 699 1060 762 ἀκούοντες
1083 717 1094 726 ’
1123 698 1236 750 ἀλλ’
1267 699 1396 750 ὅταν
1449 697 1610 766 δρᾶτε
1661 694 1834 748 ταῦτα
1879 695 2165 764 γινόμενα,

505 786 761 857 βούλομαι
783 786 938 840 τοῦτο
969 786 1160 841 παθεῖν
1191 786 1354 855 ὑμᾶς,
1383 783 1516 837 ἀλλά
1543 783 1616 854 μὴ
1641 782 1864 852 ἥδεσθαι
1886 782 1962 851 τῷ
2024 781 2137 850 πρά

502 889 688 941 γματι.
733 871 1192 944 Ἀκαθαρτότερος
1220 875 1248 924 6
1285 871 1548 941 ὑϐριστὴς
1584 869 1680 922 τοῦ
1713 871 1874 933 κυνὸς
1909 868 2001 922 τοῦ
2042 871 2164 920 ἐπι-

503 960 822 1032 στρέφοντος
855 961 948 1013 ἐπὶ
979 961 1069 1013 τὸν
1108 957 1302 1012 ἑαυτοῦ
1329 971 1353 998 ι
1387 957 1600 1027 ἔμετον.
1636 957 1698 1010 Et
1729 957 1829 1027 μὲν
1855 957 1963 1026 γὰρ
2018 954 2164 1020 ἀπαξ

500 1047 705 1114 ἐμέσας
733 1047 981 1111 ἐπαύετο,
1007 1047 1105 1099 οὑκ
1133 1042 1200 1115 ἦν
1232 1045 1351 1097 κατ’
1398 1046 1638 1098 ἐκεῖνον·
1683 1045 1730 1096 εί
1777 1045 1832 1096 δὲ
1883 1043 2042 1096 πάλιν
2094 1043 2164 1096 τά

499 1133 636 1187 αύτά
672 1137 810 1204 ἐμεῖ,
851 1134 1008 1203 δῆλον
1033 1132 1207 1186 ὄτιτά
1238 1131 1377 1185 αὐτὰ
1403 1129 1611 1200 φαγών.
1647 1131 1710 1183 Τί
1741 1127 1831 1184 οὖν
1875 1129 2161 1198 βδελυκτόο

498 1236 654 1290 τερον
685 1218 777 1272 τοῦ
808 1219 1086 1282 τοιούτου;
1121 1219 1174 1271 τί
1224 1218 1280 1271 δὲ
1325 1217 1760 1289 ἀκαθαρτότερον
1809 1217 2018 1270 ἐκείνου
2066 1216 2159 1270 τοῦ

497 1306 781 1376 στόματος,
817 1308 910 1359 τοῦ
939 1306 1190 1368 τοιαύτας
1221 1306 1640 1376 διαμασωμένου
1673 1304 1910 1375 τροφάς;
1982 1305 2159 1358 καίτοι

494 1411 557 1461 γε
590 1394 745 1448 τοῦτο
776 1394 986 1463 φύσεως
1019 1394 1180 1464 ἔργον
1213 1395 1383 1458 ἐστὶν,
1420 1395 1595 1446 ἐκεῖνο
1654 1392 1710 1446 δὲ
1763 1393 1880 1463 ούχί
1901 1407 1912 1419 '
1961 1392 2159 1461 μᾶλλον

491 1482 547 1534 δὲ
574 1481 846 1535 καὶτοῦτο
877 1481 1026 1552 παρά
1062 1481 1223 1550 φύσιν
1262 1483 1500 1533 κάκεῖνο.
1534 1479 1684 1544 Πῶς;
1725 1479 1798 1532 Ού
1851 1479 1958 1550 γάρ
2017 1478 2158 1532 κατά

492 1568 653 1636 φύσιν
683 1569 743 1621 τὸ
777 1569 1020 1640 ὑϐρίζειν
1050 1569 1198 1637 είκῆ,
1234 1567 1371 1620 ἀλλὰ
1404 1567 1554 1636 παρὰ
1586 1565 1778 1634 φύσιν⁸
1831 1567 1981 1619 οὐδὲν
2030 1568 2158 1635 γοῦν

491 1657 566 1720 ὼς
620 1657 900 1729 ἄνθρωπος
941 1657 1263 1726 φθέγγεται,
1327 1655 1460 1708 ἀλλά
1503 1654 1572 1707 τὰ
1612 1655 1711 1724 μὲν
1742 1655 1817 1718 ὡς
1847 1655 2052 1725 θηρίον,
2088 1656 2156 1709 τὰ

489 1744 544 1795 δὲ
571 1743 642 1806 ὡς
669 1745 1014 1816 μαινόμενος.
1049 1745 1258 1814 Ὥσπερ
1300 1738 1390 1796 οῦν
1444 1744 1476 1813 ὴ
1525 1742 1634 1794 τῶν
1685 1743 1954 1812 σωμάτων
2003 1743 2156 1804 νόσος

492 1833 638 1899 παρά
674 1831 856 1900 φύσιν,
889 1833 1030 1885 οὕτω
1061 1834 1154 1886 καὶ
1186 1832 1362 1886 τοῦτο.
1391 1833 1501 1885 Καὶ
1523 1832 1606 1884 ὅτι
1631 1830 1781 1902 παρά
1810 1829 1968 1898 φύσιν
1990 1831 2158 1890 ἐστὶν,

490 1921 536 1971 εί
563 1921 862 1990 ἐγχρονίσει
885 1922 942 1972 ἐν
967 1920 1134 1990 αὑτῷ,
1170 1921 1452 1974 ἀπολεῖται
1487 1921 1626 1974 κατά
1653 1919 1848 1990 μικρὸν
1871 1935 1884 1949 ·
1910 1922 1964 1970 ὲν
1998 1919 2053 1971 δὲ
2084 1920 2158 1988 τῷ

494 2005 630 2057 κατὰ
657 2007 814 2074 φύσιν
846 2007 1304 2078 ὲγχρονίζων,οὑκ
1329 2007 1629 2060 ἀπολεῖται.
1647 2005 1796 2077 [247]
1815 2006 2063 2075 Ἐλοίμην
2092 2006 2156 2058 ἂν

487 2093 753 2164 ἀνθρώπῳ
789 2093 1042 2166 βόρϐορον
1066 2094 1365 2165 σιτουμένῳ
1401 2093 1726 2163 κοινωνῆσαι
1763 2093 2057 2163 τραπέζης,
2122 2093 2154 2164 ἢ

487 2181 839 2252 φθεγγομένῳ
862 2182 1107 2236 τοιαῦτα.
1141 2183 1251 2252 Οὐχ
1296 2184 1458 2252 δρᾶτε
1509 2184 1635 2244 τοὺς
1685 2183 1902 2254 χοίρους
1954 2183 2155 2251 κόπρον

485 2268 963 2340 διαμασωμένους;
991 2270 1151 2324 Οὕτω
1180 2271 1274 2323 καὶ
1323 2265 1488 2323 οὗτοι.
1517 2269 1583 2320 Τί
1617 2271 1726 2339 γὰρ
1764 2269 2156 2338 δυσωδέστερον

485 2357 592 2408 τῶν
623 2359 884 2428 ῥημάτων
913 2351 988 2412 ὧν
1012 2359 1062 2412 οἱ
1099 2357 1353 2429 ὑϐρισταὶ
1388 2355 1717 2425 φθέγγονται
1739 2373 1752 2421 ;
1777 2355 1988 2425 Σπουδὴ
2035 2355 2157 2408 τού-

484 2459 593 2506 τοις
617 2438 731 2497 ὲστὶ
755 2445 919 2516 μηδὲν
950 2448 1124 2498 είπεῖν
1154 2445 1324 2513 ὑγιὲς,
1370 2444 1538 2514 μηδὲν
1570 2445 1832 2514 καθαρὸν,
1868 2444 1986 2497 ἀλλ’
2021 2447 2073 2496 εἴ
2104 2459 2154 2495 τι

483 2532 724 2602 αἰσχρὸν,
749 2533 872 2584 εἴτι
902 2531 1174 2602 ἄσχημον,
1207 2529 1366 2585 τοῦτο
1388 2531 1480 2583 καὶ
1504 2530 1727 2600 ποιῆσαι
1767 2533 1860 2583 καὶ
1919 2530 2153 2600 φθέγξα-

487 2617 609 2671 σθαι
641 2636 654 2649 ·
709 2619 802 2673 καὶ
859 2619 919 2671 τὸ
970 2620 1033 2688 δὴ
1088 2617 1486 2688 χαλεπώτερον,
1535 2618 1618 2670 ὅτι
1667 2617 1895 2680 ἑαυτοὺς
1953 2617 2153 2688 μᾶλλον

482 2705 852 2775 αἰσχύνοντες,
891 2705 1106 2776 ἐτέρους
1129 2703 1404 2775 αἰσχύνειν
1438 2704 1663 2758 οῖονται.
1710 2704 1833 2756 Ὀτι
1873 2704 1978 2774 γάρ
2027 2706 2154 2756 ἐαυ-

483 2795 608 2855 τοὺς
640 2791 974 2861 αίσχύνουσι,
1007 2791 1164 2862 δῆλον
1188 2791 1414 2845 ἐκεῖθεν.
1438 2791 1528 2860 Μὴ
1563 2791 1671 2862 γάρ
1711 2808 1803 2861 μοι
1829 2792 1952 2854 τοὺς
1981 2791 2152 2860 ψευδῆ

483 2879 740 2946 λέγοντας
766 2881 945 2950 εἴπης,
981 2876 1116 2930 ἀλλά
1137 2878 1275 2932 ἔστω
1311 2896 1392 2941 τις
1419 2877 1589 2951 πόρνη
1623 2880 1944 2949 περιφανὴς,
1978 2878 2007 2947 ἢ
2061 2879 2152 2930 καὶ

480 2965 588 3019 ἀπὸ
608 2965 706 3034 τῆς
730 2965 930 3035 σκηνῆς
951 2963 1159 3034 ἕτερος,
1195 2965 1288 3018 καὶ
1319 2965 1540 3018 ποιείτω
1575 2966 1712 3035 μετά
1736 2982 1881 3027 τινος
1934 2965 2112 3034 μάχην
2134 2983 2147 2996 ·

482 3043 597 3101 εἶτα
647 3051 852 3112 ἐκεῖνος
905 3050 1052 3117 αὑτῷ
1098 3049 1270 3103 ταῦτα
1316 3050 1656 3120 προφερέτω,
1707 3051 1957 3114 κάκεῖνος
1988 3052 2149 3104 πάλιν

481 3136 714 3204 ὁμοίωςα
760 3137 841 3198 τίς
892 3136 1089 3205 μᾶλλόν
1143 3138 1288 3190 ἐστιν
1333 3140 1360 3190 6
1401 3137 1679 3206 ὑϐρισθεὶς
1728 3141 1841 3201 τοῖς
1871 3138 2148 3208 ρήμασιν;

494 3222 728 3285 Ἐκεῖνος
767 3222 864 3292 μὲν
895 3223 1004 3294 γὰρ
1040 3223 1183 3294 άπερ
1208 3220 1356 3294 εἶχεν
1391 3226 1640 3294 ἤκουσεν,
1681 3219 1834 3289 οὕτος
1877 3225 1957 3290 δὲ,
2008 3227 2151 3296 ἅπερ

480 3308 578 3360 οὑκ
624 3305 766 3378 εἶχεν
793 3327 805 3340 ο
853 3309 992 3362 ὥστε
1026 3312 1218 3382 ἐκείνῳ
1267 3315 1365 3382 μὲν
1410 3313 1561 3365 οὐδὲν
1613 3312 1774 3367 πλέον
1821 3314 2043 3382 γέγονεν
2072 3316 2150 3378 είς

477 3395 738 3465 αἰσχύνης
789 3395 966 3464 λόγον,
1008 3396 1183 3467 τούτῳ
1228 3399 1284 3452 δὲ
1331 3399 1496 3470 πολλὴ
1543 3400 1640 3471 τῆς
1687 3401 2072 3473 ἀσχημοσύνης
2112 3405 2145 3474 ἡ

478 3481 782 3552 προσθήκη.
843 3483 980 3537 Ἀλλ’
1008 3484 1146 3538 ἔστω
1192 3487 1314 3539 τινὰ
1355 3487 1514 3540 πάλιν
1560 3489 1893 3559 εἰργασμένα
1933 3490 1960 3530 b
2005 3492 2148 3560 πρά-

477 3585 682 3638 γματα,
705 3570 796 3622 καὶ
831 3570 988 3640 μόνος
1009 3572 1037 3624 6
1065 3571 1304 3642 ὑϐρίζων
1331 3573 1466 3627 αύτά
1518 3575 1852 3642 γινωσκέτω
1889 3571 2007 3629 εἶτα
2038 3579 2143 3649 πρὸ

476 3654 664 3708 τούτου
695 3655 878 3724 σιγῶν,
909 3659 1306 3728 ἐκπομπευέτω
1333 3661 1429 3730 τὴν
1453 3659 1610 3732 ὕϐριν
1637 3678 1651 3692 ⁸
1679 3663 1772 3715 καὶ
1798 3661 1968 3727 οὕτως
1991 3659 2145 3729 οὗτος

478 3741 726 3813 ὕϐρισται
784 3745 1000 3814 μᾶλλον.
1055 3745 1227 3813 ’Πῶς;
1305 3749 1494 3816 Κήρυξ
1564 3749 1850 3820 γενόμενος
1919 3752 2140 3816 κακίας,

539 3908 561 3935 ⁸
591 3908 822 3958 Ediderat
846 3909 1013 3960 Monlf.
1057 3911 1163 3960 Ἐπὶ
1195 3912 1275 3961 τὸν
1302 3914 1497 3962 σαυτοῦ.
1525 3915 1739 3964 Lecliuni
1777 3925 1955 3965 nas-[ne
1980 3917 2143 3968 favent

473 3971 580 4018 tres
613 3984 748 4032 mss.,
798 3972 946 4022 Savil.
987 3977 1042 4022 et
1085 3974 1209 4024 Bibl.
1234 3974 1372 4024 Enl'r.
1442 3978 1467 4016 δ
1493 3978 1632 4025 Alius
1671 3981 1986 4041 κεκρυμμένα.

1266 409 1324 464 S.
1364 407 1647 466 JOANN‘IS
1685 405 2173 465 CHRYSOSTOMI
2211 407 2539 464 ARCHIEP.
2582 405 3128 464 CONSTANTINOP.

3842 411 3953 468 εει.

2274 519 2654 590 ἀσυνειδησίας
2686 521 2921 573 ἀπίστου
2952 519 3108 584 δόξαν
3130 519 3306 572 λαϐών
3327 537 3340 551 ⁸
3382 521 3475 574 καὶ
3509 523 3719 587 πάντας
3745 525 3951 590 εὐθέως

2274 606 2636 673 ἐγκαλοῦντας
2663 606 2802 676 ὕψει,
2837 608 2932 659 καὶ
2973 604 3196 660 τοιαῦτα
3235 607 3514 678 πανταχοῦ
3568 610 3826 680 λέγοντας
3850 631 3864 645 °
3899 618 3949 669 τί

2272 695 2381 766 γὰρ
2410 694 2471 766 δὴ
2502 694 2659 762 φόνον
2694 695 2930 764 συνῄδει,
2962 695 3117 764 φησὶ,
3149 694 3326 748 πάντα
3360 696 3595 750 κενῶσαι
3616 699 3785 770 ἐχρῆν
3806 718 3819 730 ·
3852 703 3950 756 καὶ

2271 782 2360 836 τὸν
2394 781 2489 852 μὲν
2519 781 2594 843 ὼς
2621 780 2739 834 οὑδὲ
2771 781 3055 850 ἄνθρωπον
3067 782 3194 835 ὄντα
3215 782 3680 854 ἀποστρέφονται,
3703 787 3946 856 μισοῦσι,

2271 869 2456 940 θηρίον
2483 865 2620 921 εἷναί
2652 886 2814 938 φασιν
2838 869 2986 940 ὠμὸν
3018 871 3111 922 καὶ
3137 871 3343 940 ἀπηνές
3368 885 3378 898 ·
3437 871 3613 942 τούτῳ
3640 873 3698 926 δέ
3753 891 3948 943 συγγι-

2271 956 2538 1009 νώσκουσι
2562 955 2761 1027 μᾶλλον
2789 957 2821 1028 ἦ
2853 957 3061 1024 ἐκείνῳ.
3091 957 3205 1026 υὺχ
3227 956 3369 1010 οὕτω
3392 956 3638 1028 γάρτοῦς
3656 960 3949 1032 τραύματα

2273 1043 2495 1113 ἔχοντας
2521 1044 2809 1115 μισοῦμεν,
2847 1044 2921 1108 ὡς
2954 1045 3078 1108 τοὺς
3099 1045 3466 1099 ἐκκαλύπτειν
3494 1047 3635 1100 αὑτά
3689 1047 3950 1118 βιαζομέ-

2269 1148 2390 1195 νους
2419 1134 2513 1186 καὶ
2541 1133 2833 1186 δεικνύναι.
2862 1133 3017 1186 Οὕτω
3049 1133 3143 1186 καὶ
3164 1127 3322 1195 οὕτος
3353 1133 3576 1204 ὕϐρισεν
3599 1135 3698 1189 οὑκ
3735 1138 3950 1191 ἐκεῖνον

2271 1221 2449 1288 μόνον,
2498 1219 2633 1273 ἀλλά
2683 1222 2776 1273 καὶ
2821 1220 3012 1274 ἐαυτὸν
3066 1221 3158 1273 καὶ
3209 1220 3333 1283 τοὺς
3385 1221 3685 1286 ἀκούοντας
3723 1224 3817 1276 καὶ
3843 1225 3950 1294 τὴν

2267 1307 2453 1376 κοινὴν
2497 1307 2659 1375 φύσιν
2720 1308 2828 1360 τῶν
2862 1305 3200 1377 ἀνθρώπων·
3261 1306 3460 1378 ἔπληξε
3507 1309 3598 1361 τὸν
3644 1311 3946 1382 ἀκροατὴν,

2264 1397 2418 1450 οὐδὲν
2451 1399 2654 1466 ἀγαθὸν
2684 1399 3000 1468 εἰργάσατο.
3036 1399 3135 1452 Διά
3166 1397 3323 1451 τοῦτό
3359 1415 3522 1469 φησιν
3553 1399 3804 1464 ὁΠαῦλος
3831 1417 3844 1430 ·
3871 1403 3948 1452 ΕΙ

2265 1503 2354 1551 τις
2386 1487 2608 1556 ἀγαθὸς
2635 1488 2818 1555 λόγος
2848 1487 2997 1554 πρὸς
3019 1486 3367 1556 οἰκοδομὴν,
3398 1488 3496 1541 ἵνα
3515 1487 3597 1552 δῷ
3625 1487 3799 1557 χάριν
3816 1489 3946 1555 τοῖς

2264 1577 2614 1630 ἀκούουσιν.
2673 1575 2931 1646 Εὕφημον
2979 1574 3309 1646 κτησώμεθα
3346 1576 3617 1644 γλῶτταν,
3669 1578 3754 1630 ἵνα
3787 1571 3946 1646 ὦμεν

2265 1663 2501 1716 ποθεινοὶ
2535 1669 2628 1717 καὶ
2661 1664 2970 1735 ἐπέραστοι.
3015 1663 3173 1716 Ἀλλά
3201 1665 3309 1734 γὰρ
3351 1665 3431 1728 είς
3480 1663 3638 1716 τοῦτο
3697 1664 3944 1735 προῆλθε

2264 1753 2460 1816 κακίας
2488 1754 2722 1817 ἃπαντα,
2751 1752 2892 1805 ὥστε
2941 1754 3023 1822 ἐφ’
3054 1749 3133 1814 οἷς
3179 1751 3618 1820 ἐγκαλύπτεσθαι
3667 1751 3795 1816 ἔδει,
3847 1755 3945 1807 ἐπὶ

2260 1840 2468 1901 τούτοις
2524 1840 2748 1903 πολλοὺς
2799 1842 3048 1912 γαυριᾷν.
3101 1842 3166 1893 Ἀ
3209 1839 3358 1914 [248]
3397 1842 3502 1912 γὰρ
3537 1841 3854 1895 ἀπειλοῦσιν
3892 1846 3943 1896 οῖ

2261 1928 2443 1980 πολλοὶ
2469 1928 2694 1981 τοιαῦτά
2719 1931 2889 1982 ἐστιν·
2926 1930 2998 1982 Οὑ
3028 1929 3250 1982 δύναται
3282 1931 3526 1998 ἐνεγκεῖν
3559 1931 3658 2000 τὴν
3687 1931 3943 1999 γλῶσσάν

2262 2039 2401 2090 μου,
2441 2023 2594 2090 φησί.
2649 2021 2911 2084 Γυναικὸς
2961 2021 3028 2074 τά
3064 2023 3322 2092 ῥήματα,
3372 2021 3541 2092 γραὸς
3591 2022 3941 2093 μεθυούσης,

2257 2109 2701 2180 ἀσχημονούσης,
2735 2109 2841 2161 τῶν
2865 2109 2954 2160 ἐπ’
2975 2103 3178 2179 ἀγορᾶς
3210 2110 3542 2179 συρομένων,
3584 2111 3938 2180 προαγυ›γοῦ.

2258 2196 2423 2248 υύδὲν
2439 2196 2786 2266 αἰσχρότερον
2808 2195 3133 2248 τούτων.τῶν
3153 2195 3435 2266 ῥημάτων,
3453 2196 3606 2248 οὐδὲν
3623 2197 3944 2267 ἀνανδρότε-

2259 2301 2372 2353 ρον,
2429 2283 2579 2335 οὑδὲν
2631 2283 3144 2351 γυναικωδέστερον,
3178 2283 3236 2335 ἐν
3273 2285 3340 2353 τῇ
3375 2282 3590 2355 γλώττῃ
3629 2285 3726 2354 τὴν
3782 2286 3944 2354 ίσχῦν

2256 2372 2420 2441 ἔχειν,
2467 2372 2559 2424 ἐπί
2610 2370 2687 2440 τῷ
2731 2371 2991 2440 λοιδορεῖν
3041 2371 3182 2441 μέγα
3234 2375 3473 2441 φρονεῖν,
3518 2372 3771 2444 καθάπερ
3799 2376 3847 2426 οί
3883 2378 3942 2428 ἐν

2256 2458 2522 2526 πομπαῖς,
2548 2458 2797 2526 καθάπερ
2824 2458 2872 2509 οί
2908 2459 3087 2527 μῖμοι,
3122 2459 3214 2511 καὶ
3254 2460 3568 2530 παράσιτοι,
3629 2461 3724 2514 καὶ
3775 2462 3943 2515 κόλα-

2254 2561 2364 2608 κες.
2400 2547 2583 2614 Χοῖροι
2633 2545 2833 2615 μᾶλλόν
2889 2547 3026 2598 εἰσιν
3069 2546 3100 2615 ἢ
3156 2545 3454 2616 ἄνθρωποι,
3486 2547 3601 2600 ὅσοι
3621 2549 3715 2601 ἐπὶ⁸
3757 2549 3941 2620 τούτῳ

2256 2633 2789 2701 σεμνύνονται.Δέον
2824 2633 3120 2702 κατορύξαι
3148 2634 3378 2699 σαυτὸν,
3429 2635 3548 2688 δέον
3599 2638 3646 2688 εί
3699 2637 3794 2689 καί
3849 2655 3940 2700 τις

2253 2722 2438 2792 ἕτερός
2464 2739 2546 2774 σοι
2578 2721 2749 2776 ταῦτα
2775 2721 3096 2792 ἐμαρτύρει,
3119 2722 3340 2790 φεύγειν
3360 2722 3458 2792 τὴν
3494 2724 3804 2794 μαρτυρίαν
3859 2725 3940 2789 ὼς

2255 2807 2479 2878 ἐχθράν,
2528 2810 2622 2861 καὶ
2682 2807 2974 2877 ἄνανδρον·
3008 2809 3070 2861 σὺ
3123 2808 3177 2860 δὲ
3225 2807 3402 2878 κήρυξ
3430 2808 3639 2880 ὕϐρεων
3670 2811 3934 2878 γέγονας.

2265 2895 2584 2948 Ἀλλ“ούδὲν
2610 2896 2699 2949 τὸν
2735 2897 2922 2958 κακῶς
2981 2896 3248 2949 ἀκούοντα
3310 2895 3509 2964 βλάψαι
3554 2897 3780 2968 δυνήσῃ.
3841 2901 3939 2952 Διὸ

2250 2981 2573 3050 παρακαλῶ,
2611 2982 2963 3052 ἐννοήσαντες
3007 2983 3105 3052 ὅση
3160 2985 3192 3052 η
3248 2983 3436 3044 κακία,
3469 2984 3550 3036 ὅτι
3598 2985 3692 3036 καὶ
3729 2986 3938 3051 ἐγκαυ-

2251 3066 2452 3136 χῶνται
2479 3067 2683 3133 πολλοὶ,
2710 3068 3098 3139 ἀνανήψωμεν,
3143 3068 3567 3140 διορθωσώμεθα
3613 3073 3742 3134 τοὺς
3787 3071 3938 3124 οὕτω

2255 3156 2646 3226 μαινομένους,
2720 3157 2998 3227 ἀνέλωμεν
3057 3158 3232 3213 ταῦτα
3297 3160 3360 3212 ἐκ
3425 3160 3524 3230 τῆς
3591 3161 3802 3225 πόλεως
3865 3164 3938 3216 τά

2253 3237 2526 3315 συνέδρια,
2585 3242 3015 3315 καλλωπίσωμεν
3059 3246 3216 3317 ἡμῶν
3269 3246 3367 3317 τὴν
3416 3247 3702 3315 γλῶτταν,
3747 3248 3939 3320 πάσης

2251 3332 2589 3402 κακηγορίας
2620 3342 2642 3370 ο
2704 3333 3144 3404 ἀπαλλάξωμεν,
3212 3334 3300 3389 ἵνα
3376 3335 3694 3408 δυνηθῶμεν
3758 3337 3935 3392 καθα-

2254 3418 2502 3490 ρεύοντες
2529 3417 2636 3472 τῶν
2666 3419 3105 3492 ἁμαρτημάτων,
3138 3424 3238 3496 τὴν
3287 3424 3494 3478 ἀνωθεν
3548 3424 3761 3480 εὕνοιαν
3810 3427 3936 3479 ἐπι·

2257 3507 2588 3573 σπάσασθαι,
2634 3510 2728 3562 καὶ
2783 3508 2886 3578 τῆς
2952 3511 3102 3581 παρά
3160 3511 3253 3565 τοῦ
3316 3511 3454 3565 θεοῦ
3515 3513 3933 3584 φιλανθρωπίας

2251 3594 2571 3664 ἀξιωθῆναι,
2590 3597 2772 3667 χάριτι
2789 3596 2882 3648 καὶ
2905 3599 3208 3670 οίκτιρμοῖς
3236 3599 3329 3652 τοῦ
3358 3600 3697 3669 Μονογενοῦς
3731 3602 3933 3668 αὑτοῦ,

2252 3683 2370 3752 μεθ’
2389 3676 2448 3736 οὕ
2475 3682 2553 3753 τῷ
2581 3684 2758 3754 Πατρὶ
2781 3683 2899 3754 ἃμα
2919 3684 2996 3756 τῷ
3025 3687 3165 3758 ἀγίῳ
3193 3687 3475 3758 Πνεύματι
3503 3689 3651 3753 δόξα,
3699 3691 3931 3762 κράτος.

2246 3768 2399 3838 τιμὴ,
2432 3769 2524 3824 νῦν
2571 3772 2665 3824 καὶ
2708 3771 2813 3837 ἀεὶ,
2863 3773 2956 3825 καὶ
2997 3774 3077 3836 είς
3132 3774 3258 3837 τοὺς
3294 3775 3496 3840 αίῶνας
3521 3776 3631 3831 τῶν
3687 3777 3931 3833 αίὼνιυν.

2267 3857 2450 3929 Ἀμήν.

2313 3983 2336 4011 ⁸
2383 3982 2465 4032 Sic
2510 3996 2625 4032 mss.
2665 3984 2793 4032 Edili
2817 3986 3117 4049 κατηγορίας.

581 4089 3889 4128 ..-.._.______._____.______.______________________

1950 4182 2200 4234 OMIAIA
2232 4184 2355 4237 AB'.

477 4269 859 4342 Azérpworﬁé
886 4267 1026 4342 ἐκεῖ,
1063 4267 1237 4337 φησι,
1263 4270 1487 4342 χρόνον
1506 4273 1615 4324 οὐκ
1646 4273 1992 4340 ὀλίγονσὺν
2022 4275 2144 4342 τοῖς

542 4338 848 4408 μαθηταῖς.
874 4339 984 4393 Καί
1025 4354 1184 4404 τινες
1225 4340 1616 4408 κατελθόντες
1663 4338 1781 4396 ἀπὸ
1833 4342 1943 4407 τῆς
1995 4338 2145 4398 Ἰουέ

542 4410 738 4482 δαίας,
786 4408 1303 4482 ἐδίδασκονμτνοὺς
1354 4410 1687 4482 ἀδελφοὺς,
1731 4412 1822 4464 ὅτι
1869 4414 2008 4466 Ἐὰν
2057 4413 2144 4482 μὴ

544 4479 971 4558 περιτέμνησθε
1001 4475 1080 4542 τῷ
1104 4477 1224 4533 ἔθει
1266 4475 1584 4548 Μωῠσέὠς,
1615 4475 1686 4536 οὺ
1718 4482 1982 4539 δύνασθε
2015 4475 2146 4536 ab);

546 4554 741 4612 θῆναι.

543 4646 614 4701 c'.
635 4649 774 4716 Ὅρα
797 4645 1072 4716 πανταχοῦ
1094 4646 1194 4717 τῆς
1215 4648 1292 4711 είς
1314 4645 1382 4700 τὰ
1401 4646 1527 4718 ἔθνη
1553 4649 1899 4718 μεταϐάσεως
1924 4663 1947 4691 ι
1975 4651 2144 4718 ἀναγ-

475 4734 634 4786 καίαν
661 4733 760 4803 τὴν
795 4733 967 4804 ἀρχὴν
1013 4735 1106 4787 ἀπ’
1146 4735 1324 4787 αὐτῶν
1364 4736 1746 4806 είσαγομένην.
1789 4738 1902 4807 Πρὸ
1952 4739 2142 4791 τούτου

475 4819 872 4889 ἐγκαλούμενος
917 4821 1318 4891 ἀπελογήσατο,
1351 4824 1446 4877 καὶ
1470 4825 1527 4877 ἐν
1557 4823 1706 4889 τάξει
1745 4825 2041 4893 ἀπολογίας
2085 4826 2144 4878 τὸ

477 4909 583 4960 πᾶν
617 4902 769 4959 εἶπεν
787 4923 803 4936 ‘
835 4910 969 4976 ὅπερ
992 4908 1388 4977 εὑπαράδεκτον
1413 4910 1503 4964 τὸν
1531 4911 1688 4980 λόγον
1715 4913 1917 4964 ἐποίει·
1954 4913 2142 4965 ἔπειτα

473 4993 582 5045 τῶν
647 4993 917 5046 Ἰουδαίων
977 4994 1455 5064 ἀποστραφέντων,
1512 4997 1682 5061 οὕτως
1725 4993 1889 5069 ἦλθεν
1943 5001 2021 5061 εἰς
2074 5000 2143 5052 τά

475 5081 624 5150 ἔθνη.
669 5078 933 5132 Ἐνταῦθα
963 5079 1126 5134 πάλιν
1159 5080 1328 5151 ἄλλην
1356 5083 1626 5153 ἀμετρίαν
1653 5083 1790 5153 ὁρῶν
1813 5085 2140 5154 φερομένην,

475 5165 643 5228 οὕτως
689 5166 868 5237 ἵστησι
901 5167 992 5220 τὸν
1047 5167 1228 5238 νόμον.
1291 5168 1510 5234 Ἐπειδὴ
1559 5169 1687 5240 γὰρ,
1717 5169 1810 5222 ἅτε
1863 5173 2013 5240 παρά
2048 5172 2142 5223 τοῦ

474 5252 606 5304 Θεοῦ
670 5253 1029 5323 διδαχθέντες,
1092 5254 1399 5325 ἀδιαφόρως
1439 5255 1740 5323 διελέγοντο
1797 5259 1948 5317 πᾶσι,
1985 5257 2144 5310 τοῦτο

474 5343 554 5402 εἰς
586 5340 742 5406 ζῆλον
774 5343 948 5412 ἤγαγε
975 5343 1101 5405 τοὺς
1132 5343 1238 5396 ἀπδ
1270 5343 1558 5397 Ἰουδαίων.
1594 5345 1702 5398 Καὶ
1734 5345 1835 5399 οὑκ
1866 5346 2141 5399 ἐδίδασκον

475 5428 658 5489 ἁπλῶς
710 5429 1030 5500 περιτομὴν,
1069 5429 1184 5483 ἀλλ’
1215 5431 1295 5484 ὄτι
1341 5432 1460 5484 οὐδὲ
1497 5432 1734 5502 σωθῆναι
1767 5433 2014 5488 δύνασθε.
2064 5427 2139 5487 υῦ

469 5514 773 5568 τούναντίον
805 5514 1055 5588 εὔκαιρον
1093 5514 1161 5588 ἦν
1195 5518 1374 5586 λέγειν
1397 5559 1411 5583 ,
1446 5519 1526 5571 ὅτι
1558 5523 2002 5591 περιτεμνόμενοι
2032 5539 2136 5574 σω·-

473 5602 627 5672 θῆναι
649 5604 708 5654 ού
731 5602 977 5659 δύνασθε.
1014 5605 1175 5676 Ὁρᾷς
1201 5608 1444 5677 συνεχεῖς
1460 5607 1586 5670 τοὺς
1618 5610 1954 5679 πειρσ.σμοῦς
1986 5609 2133 5662 ἔνδο-

473 5691 581 5752 θεν,
612 5689 843 5755 ἕξωθεν;
873 5691 1065 5754 Καλῶς
1108 5691 1164 5745 δέ
1185 5693 1553 5764 οἰκονομεῖται
1588 5695 1744 5749 τοῦτο
1782 5697 1994 5751 Παύλου
2035 5717 2137 5752 πα-

475 5776 675 5844 ρόντος.
699 5777 781 5828 ἵνα
800 5777 1047 5848 ἀντείπῃ.
1065 5779 1172 5832 Καὶ
1189 5781 1286 5833 οὑκ
1307 5775 1458 5836 εἶπεν
1481 5784 1508 5835 ὁ
1527 5782 1759 5846 Παῦλος’
1787 5769 1850 5836 Τί
1869 5786 1975 5856 γάρ
1999 5805 2011 5852 ;
2039 5789 2136 5840 ούκ

471 5863 585 5931 εἰμὶ
614 5861 916 5927 ἀξιόπιστος
943 5865 1051 5917 ἀπὸ
1079 5866 1344 5922 τοσούτων
1368 5870 1642 5942 σημείων,
1677 5871 1788 5926 ἀλλ’
1815 5873 2040 5943 ἐπείσθη
2071 5873 2139 5927 δι’

532 5982 549 6006 ⁸
568 5983 690 6035 Tres
710 5999 821 6036 mss.
845 5989 1152 6052 διορθώσεως.

2250 4279 2507 4342 ἐκείνους.
2540 4281 2649 4333 Καὶ
2680 4283 2780 4351 ὅρα
2817 4281 3144 4353 μανθάνουσι
3188 4283 3376 4338 λοιπὸν
3406 4288 3604 4353 πάντες
3633 4293 3701 4345 τά
3745 4295 3826 4357 εἰς
3855 4299 3930 4351 τὰ

2249 4365 2373 4435 ἔθνη
2408 4369 2748 4437 γεγενημένα
2797 4371 2891 4423 καὶ
2931 4371 3297 4441 Σαμαρεῖται,
3338 4374 3431 4427 καὶ
3462 4375 3930 4447 ἔχαιρονηΓε-νο.

2242 4452 2431 4521 μένης
2476 4452 2590 4508 οὖν
2645 4456 2919 4522 στάσεως
2965 4459 3062 4512 καὶ
3095 4458 3395 4528 ζητήσεως
3443 4467 3553 4519 οὐκ
3589 4446 3814 4537 θόλίγοης
3840 4474 3928 4538 τῷ

2246 4541 2464 4602 Παύλῳ
2497 4541 2592 4593 καὶ
2626 4541 2704 4606 τῷ
2730 4543 3004 4612 Βαρνάϐᾳ
3041 4546 3190 4614 πρὸς
3230 4551 3471 4617 αὐτοὺς,
3504 4552 3731 4618 ἔταξαν
3776 4560 3929 4614 ἀνα-

2247 4628 2473 4680 ϐαίνειν
2509 4628 2615 4682 τὸν
2649 4629 2893 4684 Παῦλον
2931 4633 3029 4686 καὶ
3067 4635 3416 4703 Βαρνάϐαν,
3452 4641 3553 4693 καί
3594 4659 3762 4711 τινας
3805 4647 3925 4701 ἀνῖ-

2245 4717 2394 4777 .ιους
2425 4715 2493 4778 ἐξ
2528 4715 2724 4770 αὐτῶν
2751 4717 2900 4785 πρὸς
2926 4720 3067 4785 τοὺς
3100 4722 3481 4790 ἀποστόλους
3525 4730 3621 4781 καί
3653 4737 3923 4797 πρεσϐυ-

2243 4800 2450 4868 τέρους
2477 4806 2558 4868 είς
2609 4805 3005 4874 Ἰερουσαλὴμ
3032 4811 3163 4874 περὶ
3193 4809 3298 4863 τοῦ
3325 4810 3648 4882 ζητήματος
3676 4819 3920 4877 τούτου,

2247 4891 2333 4974 θὶς
2358 4889 2465 4955 μὲν
2506 4890 2617 4942 οὑν
2647 4893 3130 4959 προπεμφθέντες
3186 4897 3303 4950 ὑπὸ
3357 4899 3468 4967 τῆς
3523 4903 3918 4974 Ἐκκλησίας,

2243 4973 2557 5040 διήρχοντο
2590 4977 2706 5046 τὴν
2749 4979 3032 5046 Φοινίκην
3083 4981 3179 5033 καὶ
3227 4984 3561 5054 Σαμάρειαν
3612 4973 3926 5060 ἐκδιηγού-

2238 5078 2406 5128 μενοι
2431 5062 2542 5129 τὴν
2563 5064 2938 5132 ἐπιστροφὴν
2959 5065 3074 5120 τῶν
3093 5068 3308 5122 ἐθνῶν·
3335 5073 3432 5126 καὶ
3455 5075 3703 5129 ἐποίουν
3721 5082 3925 5146 χαρὰν

2240 5147 2510 5218 μεγάλην
2530 5151 2679 5205 πᾶσι
2705 5151 2828 5218 τοῖς
2861 5153 3162 5223 ἀδελφοῖς.
3204 5161 3682 5231 Παραγενόμενοι
3721 5165 3791 5217 δὲ
3825 5171 3919 5236 είς

2259 5237 2666 5308 Ἰερουσαλὴμ,
2718 5240 3143 5313 ἁπεδέχθησαν
3196 5249 3314 5300 ὑπὸ
3371 5249 3484 5316 τῆς
3545 5253 3922 5325 Ἐκκλησία(-

2241 5325 2339 5377 καὶ
2393 5325 2511 5378 τῶν
2543 5329 2904 5397 ἀποστόλων
2946 5333 3042 5385 καὶ
3090 5333 3209 5386 τῶν
3244 5339 3694 5406 πρεσϐυτέρων,
3727 5342 3923 5414 ἀνήγε-

2240 5413 2448 5480 γειλάν
2494 5432 2556 5468 τε
2609 5417 2727 5468 ὅσα
2783 5419 2815 5470 ό
2851 5419 2993 5485 Θεὸς
3035 5420 3288 5489 ἐποίησε
3328 5425 3454 5492 μετ’
3513 5427 3731 5484 αὐτῶν.
3771 5413 3923 5504 Ὅρα

2243 5503 2380 5572 πόση
2413 5504 2701 5573 οἰκονομία
2734 5504 2962 5573 γίνεται.
3004 5509 3457 5580 Ἐξανέστησαν
3491 5513 3559 5568 δέ
3596 5535 3750 5585 τινες
3796 5503 3923 5575 τῶν

2240 5589 2357 5642 ἀπὸ
2392 5590 2501 5655 τῆς
2526 5590 2808 5658 αίρέσεως
2841 5586 2961 5646 τῶν
3004 5598 3340 5664 Φαρισαίων
3368 5608 3842 5674 πεπιστευκότες
3869 5612 3917 5676 b,

2238 5678 2537 5747 λέγοντες,
2568 5679 2656 5730 ὅτι
2684 5679 2784 5732 Δεῖ
2806 5683 3178 5753 περιτέμνειν
3208 5689 3448 5756 αὐτοὺς,
3474 5678 3920 5764 παραγγέλλειν

2239 5783 2301 5817 τε
2341 5767 2539 5832 τηρεῖν
2580 5768 2687 5819 τὸν
2736 5770 2924 5838 νόμον
2963 5774 3278 5842 Μωῦσέως.
3328 5777 3918 5853 [2491Συνήχθησαν

2239 5853 2305 5905 δὲ·
2335 5856 2387 5906 οἱ
2413 5855 2745 5908 ἀπόστολοι
2793 5859 2891 5912 καὶ
2923 5861 2975 5913 οἱ
3009 5864 3398 5934 πρεσϐύτεροι
3449 5867 3597 5923 ἰδεῖν
3640 5873 3775 5941 περὶ
3811 5877 3918 5932 τοῦ

2307 5997 2563 6056 bQuidam
2617 6012 2730 6050 mss.
2779 6006 3184 6063 πεπιστευκότων.
