4084 6332
160 375 268 437 933

163 508 219 550 ut
251 496 519 551 vomitum
546 494 729 552 edant.
760 493 886 548 Scio
913 506 1007 545 vos
1036 490 1150 544 lucc
1171 505 1292 544 cum
1319 502 1515 541 nausea
1542 484 1731 538 audire
1758 500 1772 509 ’

160 586 257 642 sed
291 596 425 642 tunc
454 589 539 642 sic
565 602 661 641 vos
702 584 843 639 allici
874 583 1066 650 velim.
1101 596 1222 636 cum
1271 580 1356 632 illa
1400 578 1514 631 fleri
1548 575 1772 639 videtis,

161 692 264 733 nec
289 678 362 733 de
383 694 443 733 re
472 677 563 733 illa
585 676 860 733 oblectari.
883 671 1214 728 lmtnundior
1239 680 1323 726 est
1350 668 1775 724 contumeliosus

163 782 298 828 cane
325 777 636 823 revertente
657 766 722 820 ad
748 765 1003 820 vomitum
1036 778 1215 816 suum.
1246 761 1301 816 Si
1328 760 1470 815 enim
1493 767 1773 829 postquam

164 862 336 916 semel
370 861 656 926 evomuit,
706 865 980 922 cessaret,
1031 870 1137 909 non
1184 861 1331 908 esset
1373 851 1492 906 cani
1537 847 1771 911 similis;

162 956 207 1008 si
237 969 374 1009 vero
406 968 619 1007 rursum
650 952 839 1007 eadem
873 951 988 1020 ipsa
1030 955 1281 1010 evomat,
1329 945 1504 1014 palam
1536 954 1619 997 est
1648 956 1771 997 eum

160 1044 355 1098 eadem
386 1045 501 1113 ipsa
530 1042 853 1097 comedisse.
882 1040 1019 1108 Quid
1047 1040 1137 1092 illo
1164 1032 1622 1091 abominabilius?
1648 1030 1773 1101 quid

162 1136 437 1203 impurius
468 1135 560 1187 illo
587 1149 713 1197 ore,
742 1135 832 1203 qui
867 1134 1002 1185 tales
1030 1127 1236 1183 mandit
1265 1124 1459 1182 escas?
1486 1122 1649 1194 Atqui
1673 1121 1776 1176 hoc

159 1241 301 1295 opus
331 1234 417 1280 est
458 1236 696 1289 naturae,
728 1223 858 1278 illud
904 1221 1164 1285 minime;
1200 1219 1308 1273 imo
1336 1226 1392 1273 et
1426 1215 1531 1270 hoc
1558 1223 1612 1269 et
1643 1211 1774 1267 illud

158 1328 353 1370 contra
387 1327 633 1370 naturam
663 1324 762 1369 est.
798 1311 1126 1380 Quomodo?
1154 1310 1268 1364 Non
1300 1306 1593 1363 secundum
1627 1314 1777 1360 mtu-

159 1426 277 1463 ram
306 1418 392 1464 est
418 1410 538 1463 sine
565 1423 726 1463 causa
756 1404 1139 1461 contumeliam
1183 1401 1384 1457 inferre
1406 1442 1419 1465 ,
1462 1399 1558 1455 sed
1587 1407 1773 1452 contra

160 1511 416 1557 naturam
447 1518 459 1554 :
492 1502 649 1572 igitur
692 1499 821 1553 nihil
855 1508 912 1553 ut
944 1497 1104 1551 homo
1154 1495 1424 1565 loquitur,
1466 1491 1558 1547 sed
1586 1491 1687 1544 alia
1718 1499 1775 1542 ut

160 1593 275 1647 fera
299 1636 315 1659 ,
346 1592 452 1647 alia
482 1603 539 1645 ut
576 1591 777 1645 furens.
814 1585 1279 1655 Quemadmodum
1324 1597 1455 1651 ergo
1481 1592 1775 1651 corporeus

160 1686 393 1740 morbus
437 1692 633 1753 prmter
674 1692 919 1736 naturain
946 1689 1063 1742 est,
1097 1680 1175 1733 sic
1202 1688 1256 1731 et
1303 1676 1388 1730 hic
1435 1675 1672 1729 morbus.
1707 1672 1775 1725 Et

160 1776 289 1844 quia
324 1787 523 1845 praeter
566 1782 808 1828 naturain
841 1780 959 1837 est,
1012 1769 1057 1824 si
1102 1770 1152 1823 in
1196 1770 1286 1822 illo
1330 1776 1604 1829 moretur,
1640 1780 1771 1833 pau-

162 1865 317 1919 latim
366 1865 543 1934 perit;
596 1864 645 1917 in
680 1878 746 1916 eo
791 1873 971 1915 autem
1001 1860 1142 1929 quod
1174 1859 1469 1913 secundum
1524 1866 1769 1910 naturam

160 1966 249 2013 est
298 1970 564 2019 moratis,
616 1970 721 2007 non
779 1952 995 2023 peribit.
1054 1951 1266 2005 Mallem
1321 1949 1595 2003 eomivari
1650 1964 1772 2001 cum

166 2049 393 2102 homine
442 2048 612 2101 lutum
664 2045 895 2109 edente,
949 2059 1107 2114 quam
1156 2060 1276 2098 cum
1326 2043 1446 2096 talia
1501 2043 1769 2111 loquente.

162 2143 366 2193 Annon
422 2138 619 2192 videtis
670 2152 863 2207 porcos
907 2147 1116 2190 stercus
1149 2135 1416 2188 edentes?
1449 2135 1537 2187 Sic
1567 2143 1621 2188 et
1663 2133 1769 2188 isti.

160 2233 301 2300 Quid
333 2233 478 2286 enim
511 2230 703 2285 foidius
748 2230 927 2283 verbis
948 2268 963 2292 ,
1007 2244 1126 2298 quae
1170 2229 1460 2297 loquuntur
1490 2236 1770 2281 contume-

163 2323 335 2377 liosi?
384 2323 448 2377 lli
495 2330 688 2376 curant
736 2321 868 2375 nihil
912 2336 1102 2375 sanum
1146 2319 1327 2389 loqui,
1378 2318 1507 2372 nihil
1541 2333 1769 2388 purum,

162 2415 258 2468 sed
283 2415 330 2468 si
355 2416 483 2484 quid
518 2413 713 2468 foedum
744 2454 756 2475 ,
787 2413 829 2466 si
858 2412 983 2481 quid
1015 2422 1170 2481 turpe
1192 2452 1205 2475 ,
1239 2409 1288 2463 id
1317 2426 1479 2480 agere
1504 2419 1557 2464 et
1578 2409 1727 2463 ell‘ari
1756 2426 1767 2461 :

169 2510 429 2577 quodque
475 2508 689 2575 gravius
734 2516 847 2570 est,
876 2505 1002 2559 dum
1032 2519 1150 2559 sese
1180 2503 1468 2572 deturpant
1494 2544 1509 2567 ,
1541 2503 1676 2557 alios
1714 2517 1773 2557 se

161 2600 460 2668 deturpare
491 2608 694 2667 putant.
731 2598 882 2664 Quod
911 2596 1053 2651 enim
1101 2611 1222 2650 sese
1271 2595 1599 2664 deturpent,
1647 2595 1773 2650 inde

164 2691 356 2759 liquet.
388 2688 467 2744 Ne
494 2688 623 2743 mihi
656 2688 797 2742 enim
829 2702 925 2744 eos
945 2728 960 2753 ,
992 2687 1083 2757 qui
1131 2685 1411 2741 mendacia
1441 2691 1767 2755 loquuntur,

160 2782 413 2851 alleges;
466 2779 562 2835 sed
612 2780 683 2833 sit
736 2778 983 2850 quaedam
1030 2778 1258 2847 insignis
1306 2779 1600 2843 meretrix,
1657 2778 1772 2832 sive

159 2876 284 2943 quis
322 2876 459 2928 alius
484 2889 549 2928 ex
579 2887 772 2937 scena,
804 2874 895 2943 qui
934 2888 1059 2928 cum
1084 2874 1191 2927 alio
1219 2887 1449 2942 pugnam
1471 2884 1721 2928 conserat
1753 2891 1767 2927 :

161 2968 290 3023 hinc
319 2968 411 3023 ille
443 2968 543 3036 ipsi
572 2968 669 3022 ista
703 2968 983 3037 loquatur,
1019 2966 1105 3020 hic
1138 2981 1353 3021 rursum
1392 2966 1581 3021 eadem
1609 2982 1767 3037 repe-

160 3071 238 3115 tat
272 3080 286 3115 :
335 3072 453 3116 uter
482 3061 653 3131 magis
698 3060 1025 3115 contumelia
1056 3059 1334 3113 afﬁcitur?
1362 3058 1496 3114 Nam
1526 3060 1615 3114 ille
1644 3062 1767 3131 qui-

158 3153 285 3207 dem
318 3154 465 3222 quod
513 3168 676 3222 penes
708 3168 766 3206 se
798 3152 984 3206 habuit
1005 3194 1020 3215 ,
1051 3152 1256 3207 audivit
1286 3170 1300 3218 ;
1338 3153 1425 3207 hic
1454 3140 1581 3207 vero
1624 3154 1767 3224 quod

159 3259 269 3297 non
302 3244 541 3307 habuit;
574 3244 753 3313 itaque
802 3244 877 3297 illi
926 3243 1060 3298 nihil
1108 3246 1338 3298 accessit
1380 3245 1764 3313 turpitudinis;

156 3336 283 3390 huic
313 3351 444 3390 vero
472 3335 778 3405 plurimum.
804 3333 911 3389 Sed
941 3335 1049 3389 sint
1072 3333 1315 3404 quaedam
1334 3335 1492 3411 ‘edita
1521 3336 1537 3367 ¹
1569 3350 1765 3406 Opera,

155 3443 275 3497 qua:
306 3427 461 3483 solus
506 3426 595 3482 ille
642 3426 1070 3482 contumeliosus
1118 3428 1366 3492 noverit;
1400 3426 1629 3495 deinde,
1676 3429 1765 3498 qui

152 3530 283 3575 ante
306 3528 579 3585 tacuerat,
603 3520 981 3573 contumeliam
1008 3518 1196 3573 cll'erat
1227 3536 1239 3571 :
1274 3519 1355 3573 sic
1375 3534 1590 3590 quoque
1620 3520 1761 3575 idem

152 3612 271 3680 ipse
304 3611 475 3680 magis
506 3612 831 3664 contumelia
872 3610 1095 3665 allectus
1126 3617 1227 3664 est.
1260 3610 1590 3677 Quomodo?
1623 3613 1765 3667 Pras-

151 3718 217 3757 co
264 3704 487 3757 malitia:
538 3702 743 3768 factus,
796 3702 1134 3757 infidelitatis
1183 3702 1382 3759 famam
1436 3706 1672 3776 accipit:
1708 3716 1763 3760 et

215 3844 231 3875 ⁸
269 3842 419 3893 Alios
439 3842 609 3902 habet,
629 3847 833 3903 secreta,
857 3854 967 3905 pro,
991 3840 1144 3891 edita.

1144 367 1211 426 1N
1252 362 1430 425 ACTA
1479 361 2008 423 APOSTOLOKUM.
2054 364 2287 421 HOMIL.
2337 364 2552 419 XXXII.

3387 370 3491 427 9.ἶᾶ

1884 497 2076 537 omnes
2118 482 2299 537 subito
2323 498 2385 537 se
2427 483 2734 535 incusantes
2782 480 3014 545 videbit,
3049 497 3112 535 ac
3144 483 3267 537 talia
3299 483 3491 554 ubique

1886 575 2213 645 loquentes:
2249 574 2305 629 Si
2347 574 2529 638 enim,
2576 573 2862 642 inquient,
2915 573 3193 630 homicidii
3240 578 3494 632 conscius

1883 679 2036 741 erat,
2070 668 2250 724 omnia
2300 667 2585 724 enuntiare
2632 667 2914 736 oportebat
2947 685 2963 722 :
2994 682 3295 739 omnesque
3339 670 3491 725 illum

1882 762 2035 832 quasi
2065 778 2134 817 ne
2165 761 2327 815 homo
2365 759 2585 832 quidem
2613 760 2683 814 sit
2714 767 3069 826 aversantur,
3099 760 3226 815 odio
3252 760 3456 816 habent
3476 803 3494 830 ,

1883 854 2052 910 feram
2081 869 2203 910 esse
2232 854 2421 909 dicunt
2451 854 2743 907 immanem
2775 870 2789 918 ;
2824 852 2949 907 huic
2977 868 3109 907 vero
3136 854 3309 925 magis
3335 855 3494 924 igno-

1882 956 2071 1013 scunt,
2100 962 2259 1018 quam
2294 947 2391 1001 illi.
2422 946 2537 999 Non
2564 947 2707 999 enim
2738 944 2961 1015 perinde
2991 960 3085 999 eos
3108 987 3121 1010 ,
3149 947 3241 1016 qui
3270 946 3492 1001 vulnera

1886 1038 2132 1106 habent,
2165 1038 2290 1093 odio
2322 1038 2584 1093 habemus
2606 1079 2620 1101 ,
2652 1048 2815 1107 atque
2848 1037 3001 1101 illos,
3032 1038 3121 1108 qui
3155 1052 3219 1092 ea
3248 1038 3495 1093 revelare

1881 1139 2099 1201 cogunt.
2136 1130 2209 1185 lta
2238 1138 2293 1184 et
2318 1130 2404 1183 hic
2426 1129 2754 1185 contumelia
2781 1128 2963 1184 all‘ecit
2986 1144 3096 1185 non
3125 1127 3276 1185 illum
3304 1130 3489 1195 modo,

1881 1223 1975 1278 sed
1999 1225 2158 1278 etiam
2188 1223 2426 1293 seipsum
2448 1232 2503 1278 et
2526 1222 2808 1278 audientes
2834 1238 3291 1296 communemque
3318 1225 3493 1281 homi-

1884 1332 2012 1370 num
2044 1323 2289 1370 naturam
2323 1333 2336 1369 :
2372 1315 2630 1385 perculsit
2659 1315 2992 1383 auditorem,
3019 1316 3153 1372 nihil
3185 1317 3311 1372 boni
3340 1316 3490 1373 fecit.

1882 1409 2008 1463 Ideo
2037 1409 2165 1463 dicit
2194 1409 2391 1463 Paulus
2424 1424 2439 1463 :
2475 1408 2537 1464 Si
2559 1410 2671 1479 quis
2697 1409 2857 1463 bonus
2887 1426 3053 1464 sermo
3084 1411 3155 1464 ad
3179 1411 3490 1479 ardi/icatio-

1881 1518 1993 1555 nem
2017 1545 2029 1566 ,
2061 1512 2113 1555 ut
2136 1504 2217 1555 det
2238 1504 2457 1572 gratiam
2486 1504 2805 1558 audientibus
2832 1503 3062 1577 (Ep/tes.
3097 1507 3151 1560 4.
3179 1506 3250 1562 29
3273 1508 3309 1575 ).
3345 1507 3489 1561 Bona

1884 1594 2193 1663 loquentem
2247 1594 2539 1649 habeamus
2588 1595 2862 1665 linguam,
2898 1604 2955 1651 ut
2992 1598 3164 1651 simus
3207 1597 3491 1652 desidera-

1880 1686 2015 1741 biles
2054 1697 2109 1741 et
2149 1687 2427 1741 amabiles.
2473 1687 2669 1741 Verum
2710 1703 2947 1758 eousque
2974 1688 3194 1742 malitia:
3222 1705 3492 1759 pervene-

1881 1786 2006 1831 runt
2048 1779 2227 1831 omnia
2252 1820 2265 1841 ,
2295 1788 2351 1832 ut
2392 1778 2460 1833 de
2488 1780 2683 1848 quibus
2712 1779 3039 1834 erubescere
3078 1790 3389 1850 oporteret,
3426 1784 3492 1837 de

1881 1868 1945 1923 iis
1992 1868 2233 1939 plerique
2263 1870 2585 1939 glorientur.
2636 1871 2763 1924 [hec
2810 1871 3128 1942 plerumque
3174 1874 3493 1929 minitantur

1880 1961 2146 2031 quidam:
2194 1961 2308 2015 Non
2365 1963 2566 2032 poteris
2622 1964 2859 2034 linguam
2910 1980 3084 2018 meam
3140 1965 3305 2021 ferre.
3366 1968 3493 2022 llzcc

1881 2052 2125 2107 mulieris
2170 2053 2333 2107 verba
2382 2062 2506 2106 sunt
2533 2096 2546 2117 ,
2609 2056 2808 2107 vetula:
2861 2055 3026 2109 ebrite
3072 2066 3127 2109 ct
3172 2057 3440 2111 indecora:
3472 2100 3487 2123 ,

1878 2158 2067 2197 eorum
2110 2143 2198 2212 qui
2232 2143 2403 2199 forum
2436 2146 2809 2214 frequentant,
2844 2146 3073 2199 lenonis.
3104 2144 3247 2200 Nihil
3281 2148 3492 2217 turpius

1882 2238 1964 2291 his
2009 2238 2217 2302 verbis,
2266 2236 2398 2290 nihil
2447 2238 2561 2292 viro
2603 2238 2907 2308 indignius,
2954 2239 3087 2293 nihil
3129 2240 3487 2305 niuliebrius,

1879 2344 2042 2399 quam
2069 2330 2122 2383 in
2170 2329 2353 2398 lingua
2396 2328 2563 2383 robur
2616 2328 2854 2395 nabere,
2909 2330 2964 2383 in
3012 2332 3273 2386 conviciis
3319 2332 3487 2386 altum

1879 2438 2071 2493 sapere
2095 2465 2109 2489 ,
2144 2431 2200 2477 ut
2228 2423 2264 2477 ii
2295 2424 2385 2492 qui
2428 2423 2479 2476 in
2529 2424 2745 2493 pompis
2790 2433 2991 2494 agunt,
3028 2432 3083 2478 ut
3116 2425 3300 2492 mimi,
3333 2439 3490 2496 para—

1878 2516 2007 2581 siti,
2040 2516 2367 2571 adulatores.
2402 2516 2557 2570 Porci
2603 2518 2775 2587 magis
2798 2558 2813 2585 ,
2848 2533 3008 2587 quam
3051 2516 3300 2573 homines
3326 2530 3487 2585 sunt,

1878 2609 1968 2678 qui
2018 2608 2089 2662 de
2141 2607 2336 2664 talibus
2385 2608 2703 2679 gloriantur.
2755 2609 2889 2663 Cum
2935 2620 3214 2681 oporteret
3260 2613 3487 2683 teipsutn

1876 2699 2165 2766 defodere,
2200 2715 2322 2755 cum
2347 2710 2665 2771 oporteret,
2716 2701 2760 2756 si
2790 2702 2913 2771 quis
2940 2718 3002 2756 ea
3032 2702 3125 2756 tibi
3161 2703 3487 2759 testiﬁcare-

1879 2804 1994 2860 tur,
2014 2794 2382 2849 testimonium
2407 2794 2590 2865 fugere
2613 2796 2764 2864 quasi
2790 2795 3069 2850 inimicum
3092 2804 3147 2850 et
3171 2812 3276 2851 non
3297 2798 3484 2854 virile:

1878 2898 1935 2943 tu
1966 2904 2095 2944 vero
2133 2902 2310 2958 praeco
2353 2888 2799 2944 contumeliarum
2840 2904 2921 2943 es.
2957 2888 3064 2943 Sed
3109 2889 3244 2944 nihil
3287 2890 3487 2947 hedere

1877 2980 2079 3051 poteris
2129 2995 2291 3045 eum,
2346 2980 2436 3050 qui
2493 2981 2634 3035 male
2678 2979 2849 3035 audit.
2898 2980 3263 3047 Quamobrem
3317 2999 3485 3053 rogo,

1874 3074 2174 3143 cogitantes
2200 3082 2400 3143 quanta
2432 3075 2502 3127 sit
2549 3074 2786 3143 nequitia
2809 3114 2824 3137 ,
2873 3072 2941 3128 de
2967 3090 3070 3145 qua
3101 3086 3155 3130 et
3185 3076 3488 3146 gloriantur

1874 3164 2091 3235 quidam
2116 3206 2130 3230 ,
2166 3165 2549 3234 resipiscamus
2572 3206 2587 3229 ,
2612 3166 2969 3221 emendemus
2993 3182 3090 3223 eos
3120 3170 3210 3238 qui
3235 3170 3313 3224 sic
3344 3170 3488 3225 insa-

1873 3256 2030 3310 niunt
2048 3296 2065 3323 ,
2092 3255 2435 3310 eliminemus
2462 3271 2493 3311 e
2519 3256 2737 3311 civitate
2769 3257 2865 3310 hos
2891 3272 3185 3314 consessus
3204 3300 3220 3325 ,
3246 3260 3483 3330 linguam

1873 3363 2129 3403 ornemus
2159 3357 2397 3401 nostram
2420 3389 2433 3412 ,
2465 3356 2520 3403 et
2551 3347 2619 3402 ab
2644 3347 2791 3402 omni
2831 3348 3121 3403 maledicto
3146 3350 3439 3406 liberemus
3463 3392 3481 3419 ,

1874 3450 1932 3496 ut
1976 3441 2246 3513 possimus
2270 3456 2301 3495 a
2335 3440 2569 3511 peccatis
2602 3442 2839 3511 purgati.
2891 3457 3183 3511 supernam
3232 3449 3480 3500 benevo-

1872 3535 2092 3590 lentiam
2126 3532 2283 3587 nobis
2314 3532 2606 3586 conciliare
2628 3574 2642 3597 ,
2691 3542 2745 3587 et
2776 3532 2867 3587 Dei
2894 3533 3183 3597 clementia
3232 3536 3481 3607 dignari,

1869 3629 2043 3699 gratia
2073 3635 2128 3682 et
2158 3626 2595 3681 miserationibus
2630 3625 2898 3696 Unigeniti
2932 3627 3051 3697 ejus
3071 3670 3085 3694 ,
3128 3630 3347 3698 quicum
3374 3632 3480 3687 Pa-

1872 3725 1938 3777 tri
1991 3734 2047 3778 et
2098 3722 2321 3793 Spiritui
2388 3731 2577 3776 sancto
2626 3722 2837 3791 gloria,
2892 3723 3213 3792 imperium,
3267 3725 3479 3793 honor,

1871 3831 2013 3870 nunc
2044 3823 2097 3870 et
2125 3829 2375 3883 semper,
2407 3822 2463 3868 ct
2491 3814 2541 3867 in
2569 3814 2766 3868 stncula
2797 3814 3146 3871 saeculorum.
3181 3818 3375 3872 Amen.

1420 4020 1769 4081 HOMILIA
1818 4018 2095 4081 XXXII.

145 4184 199 4222 ν.
238 4169 335 4224 27.
366 4166 561 4220 Horati
588 4175 893 4220 mutantem
920 4166 988 4217 ibi
1014 4176 1210 4235 tempus
1240 4181 1340 4218 non
1369 4165 1623 4219 modicum
1644 4182 1755 4219 cum

216 4259 513 4329 discipulis.
551 4258 679 4313 CAP.
717 4258 801 4313 15.
845 4258 898 4313 1.
952 4256 1020 4311 Et
1058 4256 1264 4324 quidam
1310 4256 1663 4311 descendentes
1695 4258 1758 4311 de

212 4353 438 4417 Iudaea,
469 4352 713 4406 docebant
744 4352 927 4421 fratres
961 4368 978 4405 .'
1012 4350 1146 4416 Quia
1189 4351 1287 4404 nisi
1317 4351 1757 4404 circumcidamini

210 4445 499 4499 secundum
527 4460 717 4497 morem
747 4442 944 4513 Moysis
966 4483 981 4506 ,
1020 4458 1120 4495 non
1147 4443 1355 4511 potestis
1385 4443 1595 4496 salvari.

212 4540 267 4591 1.
308 4534 445 4589 Vide
488 4535 686 4604 ubique
719 4536 1001 4589 transitum
1041 4535 1106 4587 ad
1144 4543 1333 4597 gentes
1365 4536 1675 4590 necessario
1722 4551 1751 4589 a

138 4628 351 4682 iudaeis
392 4625 692 4681 inductum.
736 4626 985 4680 Antehac
1011 4635 1296 4680 accusatus
1326 4627 1594 4682 rationem
1624 4626 1751 4681 red-

138 4720 308 4773 debat
339 4759 355 4783 ,
410 4726 466 4772 et
511 4718 817 4773 excusantis
863 4732 1015 4772 more
1064 4719 1243 4772 omnia
1296 4718 1646 4788 loquebatur:
1698 4721 1750 4775 id

137 4812 285 4879 quod
335 4824 643 4865 sermonem
683 4810 853 4880 magis
897 4818 1178 4879 acceptum
1212 4810 1509 4877 reddebat;
1553 4811 1749 4868 deinde

138 4904 350 4959 Judaeis
390 4903 803 4970 aversantibus,
850 4903 998 4958 venit
1044 4904 1111 4957 ad
1158 4916 1370 4974 gentes.
1407 4904 1506 4961 Hic
1552 4906 1746 4961 iterum

134 4996 332 5052 videns
355 4994 516 5049 aliam
539 4996 942 5051 altercationem
966 5037 979 5062 ,
1010 4996 1181 5065 legem
1206 4998 1409 5051 statuit.
1437 4997 1573 5064 Quia
1600 4999 1744 5053 enim

135 5101 331 5163 utpote
356 5105 387 5144 a
420 5090 531 5145 Deo
564 5089 746 5155 docti,
781 5088 1247 5145 indiscriminatim
1280 5090 1531 5146 omnibus
1558 5091 1746 5160 loque—

133 5185 357 5251 bantur,
381 5184 484 5239 hoc
510 5183 727 5239 .Iudteos
744 5184 835 5254 qui
863 5184 1089 5238 aderant
1116 5183 1181 5238 ad
1203 5184 1377 5239 zelum
1406 5184 1738 5254 provocavit.

130 5278 241 5332 Nec
268 5276 439 5331 modo
460 5276 925 5332 circumcisionem
949 5277 1215 5331 docebant
1235 5318 1251 5346 ,
1282 5277 1374 5332 sed
1416 5278 1577 5332 etiam
1624 5280 1743 5333 sine

129 5372 215 5427 illa
245 5371 485 5427 salutem
513 5371 703 5427 haberi
742 5387 850 5428 non
878 5388 1039 5444 posse
1062 5373 1333 5429 dicebant.
1364 5374 1459 5427 Cui
1497 5375 1573 5428 rei
1605 5388 1739 5427 con-

129 5465 294 5520 traria
326 5464 527 5520 docere
556 5466 875 5536 oportebat,
920 5481 1115 5537 nempe
1145 5467 1189 5521 si
1232 5466 1691 5521 circumcidamini
1720 5509 1735 5534 ,

126 5557 361 5612 salutem
412 5558 669 5628 consequi
732 5573 839 5613 non
888 5558 1133 5627 potestis.
1187 5559 1373 5613 Viden’
1426 5557 1736 5629 frequentes

126 5650 459 5704 tentationes
504 5649 647 5704 intus
694 5659 751 5706 et
798 5650 949 5706 foris.
985 5650 1151 5705 Recte
1183 5661 1363 5705 autem
1413 5651 1734 5719 providetur

124 5739 225 5795 hoc
252 5738 373 5796 ﬁeri
409 5741 577 5797 Paulo
604 5750 871 5812 prasente
891 5784 907 5809 ,
958 5751 1015 5796 ut
1045 5742 1390 5797 contradicat.
1451 5742 1565 5796 Non
1595 5742 1733 5795 dixit

123 5834 321 5893 Paulus
364 5852 378 5889 ι
422 5834 563 5907 Ouid
611 5836 798 5893 enim?
841 5850 1020 5891 annon
1064 5850 1182 5891 sum
1227 5834 1332 5891 fide
1375 5835 1568 5905 dignus
1611 5846 1732 5903 post

1868 4173 1948 4219 tot
1992 4163 2190 4234 signa?
2232 4162 2329 4217 sed
2365 4171 2584 4232 propter
2612 4162 2734 4215 illos
2768 4177 2975 4218 morem
3004 4166 3189 4233 gessit.
3225 4167 3292 4222 Et
3331 4168 3474 4235 vide,

1865 4258 2081 4312 discunt
2107 4271 2298 4313 omnes
2328 4273 2411 4319 ea,
2446 4270 2566 4327 qua:
2597 4256 2648 4309 in
2679 4266 2868 4326 gentes
2896 4256 3035 4313 facta
3064 4270 3240 4328 erant,
3275 4264 3475 4317 etiam-

1864 4365 1968 4421 que
2000 4349 2357 4414 Samaritani,
2407 4358 2461 4403 et
2499 4348 2758 4419 gaudent.
2799 4349 2856 4403 2.
2892 4349 3057 4405 Facta
3082 4369 3201 4424 ergo
3229 4355 3473 4409 seditione

1862 4451 1908 4495 et
1953 4442 2231 4513 quastione
2273 4457 2375 4493 non
2405 4441 2616 4493 minima
2656 4439 2831 4494 Paulo
2856 4452 2904 4496 et
2935 4442 3193 4499 Barnaba:
3226 4450 3472 4503 adversus

1861 4533 1999 4600 illos,
2026 4541 2311 4586 statuerunt
2342 4542 2395 4584 ut
2425 4537 2752 4585 ascenderem
2790 4529 2994 4588 Paulus
3028 4547 3075 4589 et
3106 4534 3400 4604 Barnabas,
3421 4552 3473 4595 et

1858 4624 2067 4693 quidam
2088 4623 2180 4677 alii
2201 4640 2265 4677 ea:
2289 4624 2392 4676 illis
2411 4625 2478 4675 ad
2496 4625 2756 4693 apostolos
2778 4632 2825 4678 et
2848 4627 3165 4698 presbyteros
3185 4630 3469 4688 inJerusa-

1860 4714 1957 4769 lem
1993 4732 2149 4785 super
2186 4717 2282 4768 ltac
2311 4717 2607 4781 quaestione.
2638 4718 2689 4771 3.
2721 4715 2815 4770 Illi
2840 4734 2959 4790 ergo
2991 4722 3243 4789 prwmissi
3270 4726 3332 4779 ab
3364 4725 3471 4780 Ec-

1857 4808 2012 4860 clesia
2041 4806 2418 4877 pertransibunt
2451 4804 2747 4861 Phoenicem
2775 4819 2824 4862 et
2850 4809 3173 4881 Samariam,
3202 4826 3469 4872 narrantes

1857 4901 2235 4954 conversionem
2264 4903 2491 4971 gentium
2516 4917 2535 4955 :
2570 4912 2615 4954 et
2648 4902 2903 4972 faciebant
2932 4906 3181 4975 gaudium
3220 4926 3468 4981 magnum

1855 4992 2089 5045 omnibus
2133 4991 2398 5061 fratribus.
2442 4992 2500 5045 4.
2532 4991 2659 5046 Cum
2688 5003 2858 5047 autem
2899 4997 3149 5051 venissent
3194 4999 3467 5073 Jerosoly-

1854 5101 1990 5137 mam
2010 5127 2026 5153 ,
2055 5085 2276 5153 suscepti
2307 5096 2422 5138 sunt
2451 5084 2513 5137 ab
2535 5084 2765 5137 Ecclesia
2787 5096 2832 5139 et
2861 5087 2925 5140 ab
2952 5083 3202 5157 apostolis
3231 5102 3279 5146 et
3300 5095 3463 5147 senio.

1851 5182 2013 5247 ribus,
2042 5181 2401 5233 annuntiantes
2418 5190 2607 5250 quanta
2640 5179 2777 5235 Deus
2809 5182 3008 5253 fecisset
3036 5198 3151 5237 cum
3172 5185 3299 5239 illis.
3329 5186 3464 5243 Vide

1850 5291 1973 5329 cum
2018 5283 2215 5345 quanta
2260 5274 2565 5329 (economia
2606 5288 2693 5327 res
2733 5286 2974 5344 geratur.
3025 5277 3080 5331 5.
3111 5275 3463 5335 Surrexerunt

1848 5380 2019 5423 autem
2044 5369 2253 5439 quidam
2280 5369 2343 5422 de
2369 5368 2548 5422 Ineresi
2571 5366 2980 5435 Pharisazorum,
3004 5370 3090 5441 qui
3110 5371 3457 5440 crediderant,

1846 5462 2069 5516 dicentes
2094 5477 2113 5515 :
2141 5461 2275 5529 Quia
2297 5472 2490 5531 oportet
2520 5462 2881 5516 circumcidere
2901 5478 3005 5528 eos,
3037 5465 3314 5534 praecipere
3333 5484 3461 5537 que-

1844 5571 1943 5625 que
1977 5569 2177 5608 servare
2223 5554 2383 5623 legem
2423 5551 2611 5623 Moysi.
2644 5553 2697 5608 6.
2729 5550 3188 5627 Conveneruntqne
3235 5560 3457 5627 apostoli

1842 5655 1891 5698 et
1921 5645 2144 5698 seniores
2170 5642 2341 5697 videre
2385 5644 2448 5697 de
2493 5644 2643 5698 verbo
2674 5645 2787 5699 hoc.
2819 5646 2872 5699 7.
2904 5644 3032 5715 Cum
3054 5658 3223 5701 autem
3267 5666 3454 5718 magna

1841 5737 2145 5809 conquisitio
2193 5738 2369 5807 ﬁeret,
2414 5754 2629 5809 surgens
2668 5737 2857 5795 Petrus
2894 5720 3023 5795 dicit
3063 5743 3133 5795 ad
3172 5758 3301 5797 eos:
3336 5742 3452 5801 Viri

1841 5833 2062 5903 fratres,
2097 5848 2182 5886 vos
2218 5831 2365 5887 scitis
2386 5833 2631 5902 quoniam
2658 5834 2722 5884 ab
2754 5831 2981 5904 antiquis
3011 5834 3188 5891 diebus
3224 5836 3359 5891 Deus
3394 5854 3448 5893 m
