4084 6332
600 373 703 430 €35

604 490 741 545 robis
767 488 909 558 elegit
936 502 1022 556 per
1052 500 1110 539 os
1139 495 1303 536 ineunt
1329 476 1508 530 audire
1543 478 1712 544 gntes
1742 465 1946 543 uerbum
1967 472 2181 527 evange-

604 583 680 647 lii,
716 589 775 635 et
812 577 1033 632 credere.
1074 573 1206 628 Vide
1254 569 1469 625 Petrum
1510 563 1619 634 jam
1646 560 1775 651 olim
1804 562 2105 651 separatum
2128 562 2189 651 La

610 644 844 742 negmio,
878 678 931 725 et
959 668 1219 723 hactenus
1246 661 1623 733 judaizantem.
1667 650 1765 705 Vos
1804 647 1960 710 scitis,
1997 644 2187 742 inquit.

607 732 771 822 lt'ovrte
810 732 1032 817 aderant
1060 773 1123 813 ex
1174 732 1273 821 iis,
1317 752 1404 823 qui
1454 748 1581 802 olim
1622 744 2008 798 accusaveraut
2037 732 2187 787 illum

605 860 746 915 circa
775 854 1102 916 Cornelium,
1130 858 1187 906 et
1212 843 1435 917 ingressi
1464 848 1734 897 suntcum
1762 834 1854 889 illo
1884 846 1898 883 :
1924 829 2043 885 ideo
2071 826 2193 880 illos

606 948 821 1005 adducit
846 954 1029 1003 testes.
1060 941 1135 997 Ab
1160 936 1378 1010 antiquis
1417 932 1591 989 diebus
1614 927 1760 1000 elegit
1787 926 1840 980 in
1869 921 2001 977 vobis
2028 918 2191 973 Deus.

609 1040 746 1110 Quid
776 1038 966 1103 est,1n
999 1033 1171 1090 vobis!
1191 1029 1286 1086 Vel
1314 1029 1365 1082 in
1394 1023 1699 1084 Palaestina,
1728 1016 1922 1110 inquit,
1944 1012 2027 1067 vel
2057 1024 2195 1110 prae-

610 1101 1045 1189 sentibus-vobis.
1081 1123 1181 1178 Per
1207 1138 1263 1177 os
1290 1135 1473 1175 meum.
1500 1114 1633 1171 Vide
1654 1107 1923 1183 quomodo
1947 1101 2197 1159 ostendat

617 1202 781 1278 Deum
830 1233 929 1290 per
974 1230 1037 1271 se
1086 1213 1398 1283 loquutum,
1427 1217 1482 1263 et
1528 1204 1659 1260 nihil
1702 1203 2011 1290 humanum.
2044 1191 2096 1250 8.
2131 1191 2197 1290 itit

613 1286 847 1368 cordiuni
864 1308 1094 1380 cognitor
1122 1303 1262 1359 Deus
1291 1301 1585 1371 testiﬁcatus
1614 1305 1688 1350 est
1717 1293 1863 1365 ipsis.
1908 1289 1986 1344 Ad
2034 1286 2196 1357 spiri-

611 1402 801 1459 rituale
834 1398 1198 1457 testimonium
1227 1392 1445 1450 adducit
1472 1390 1614 1446 illos.
1646 1386 1787 1440 Dens
1811 1384 1913 1438 illis
1944 1380 2198 1452 Spiritum

610 1503 858 1556 sanctum,
893 1491 1023 1544 sicut
1045 1498 1091 1543 et
1118 1487 1280 1541 nobis.
1317 1482 1446 1539 Vide
1474 1476 1743 1550 quomodo
1771 1474 1970 1545 ubique
2010 1482 2200 1543 gentes

611 1593 874 1653 exaequat.
909 1582 963 1637 9.
1016 1579 1080 1635 Et
1120 1577 1247 1633 nihil
1284 1572 1521 1628 discernit
1560 1570 1691 1624 inter
1718 1585 1809 1623 nos
1837 1576 1881 1621 et
1918 1565 2066 1630 illos,
2097 1561 2201 1632 ﬁde

612 1679 887 1747 purificans
932 1673 1087 1727 corda
1127 1685 1319 1725 eorum.
1356 1670 1395 1720 Α
1439 1664 1545 1720 fide
1589 1662 1701 1720 sola
1729 1701 1744 1724 ,
1778 1660 1981 1731 inquit,
2010 1656 2197 1711 eadem

610 1765 929 1838 consequuti
952 1773 1095 1820 sunt.
1122 1763 1185 1817 Et
1203 1761 1319 1815 huic
1345 1758 1447 1813 illis
1474 1756 1672 1810 monita
1696 1754 1919 1817 dantur;
1944 1751 2052 1805 imo
2073 1760 2202 1802 vero

611 1860 711 1915 hos
736 1858 929 1914 docere
967 1864 1168 1928 potest,
1198 1851 1300 1907 ﬁde
1328 1849 1440 1904 sola
1468 1861 1591 1903 esse
1619 1860 1775 1916 opus,
1807 1852 1862 1899 et
1888 1856 1993 1897 non
2023 1840 2203 1909 opu-ri-

610 1950 709 2005 bus
737 1948 819 2002 vel
846 1932 1269 2003 circumcisione.
1299 1940 1483 2009 Neque
1525 1937 1670 1993 enim
1700 1936 1814 1990 hmo
1854 1933 2037 1988 dicunt
2080 1939 2201 1983 tan-

614 2052 729 2095 tum
760 2045 821 2094 ut
850 2037 1087 2108 gentium
1116 2046 1333 2090 causam
1361 2036 1556 2101 agant;
1585 2026 1680 2082 sed
1709 2026 1869 2081 etiam
1902 2023 2018 2077 illos
2050 2018 2204 2075 insti-

616 2138 809 2196 tuunt,
845 2136 901 2183 ut
945 2124 1228 2182 discedant
1250 2140 1278 2176 a
1312 2123 1448 2192 lege.
1477 2118 1583 2175 Sed
1612 2126 1790 2171 tamen
1826 2113 2060 2169 nondum
2090 2111 2204 2166 hinc

613 2220 818 2275 dicunt.
854 2217 940 2274 10.
975 2215 1127 2270 Nunc
1145 2230 1263 2284 ergo
1284 2230 1372 2267 cur
1400 2210 1602 2267 teutatis
1627 2206 1793 2263 Deum
1818 2207 2074 2277 imponere
2108 2205 2203 2273 ju-

617 2329 736 2383 gum
770 2327 923 2381 super
953 2308 1174 2362 cervices
1212 2301 1585 2375 discipulorum
1609 2342 1625 2365 ,
1670 2298 1808 2370 quod
1840 2313 1999 2368 neque
2039 2305 2206 2366 patres

612 2403 775 2458 nostri
802 2416 959 2472 neque
994 2415 1084 2452 nos
1104 2406 1306 2469 portare
1327 2393 1582 2464 potuimus
1597 2391 1623 2444 9
1644 2391 1731 2445 ll.
1752 2386 1860 2444 Sed
1881 2404 1970 2457 per
1985 2386 2206 2458 gratiam

617 2494 824 2550 Domini
862 2491 988 2547 Jesu
1028 2489 1277 2543 credimus
1321 2484 1509 2540 salvari
1545 2480 1970 2556 quemadmodum
2011 2485 2058 2532 et
2104 2474 2204 2529 illi.

616 2586 753 2655 Quid
782 2594 864 2645 est
890 2582 1022 2638 illud
1045 2622 1059 2648 ,
1089 2579 1319 2635 Tentatis
1347 2576 1513 2630 Deum
1542 2574 1567 2629 2
1595 2570 1704 2629 Cur
1732 2585 1837 2626 non
1864 2570 2104 2635 creditis,
2130 2567 2210 2622 in-

618 2675 898 2749 quit,Deo?
926 2687 1022 2729 cur
1046 2670 1263 2728 tentatis
1288 2670 1432 2732 eum,
1465 2665 1615 2738 quasi
1645 2679 1752 2719 non
1777 2662 1943 2733 possit
1961 2660 2062 2715 lide
2089 2674 2207 2713 ser-

621 2771 779 2824 vare?
822 2768 1002 2837 itaque
1046 2760 1375 2819 infidelitatis
1419 2770 1503 2815 est
1542 2759 1716 2829 legem
1749 2755 1970 2812 inferre.
2006 2750 2211 2810 Deinde

625 2861 864 2917 ostendit
910 2873 1030 2913 eam
1073 2856 1179 2911 illis
1224 2870 1329 2908 non
1385 2850 1550 2907 fuisse
1592 2849 1776 2905 utilem
1820 2856 1924 2902 :ct
1961 2856 2127 2901 totmn
2158 2843 2212 2901 iu

620 2957 813 3024 legem,
843 2966 949 3005 non
980 2950 1032 3003 in
1068 2947 1191 3002 illos
1222 2945 1397 3017 rejicit
1421 2986 1437 3009 ,
1470 2952 1629 3014 atque
1659 2942 2058 2998 accusationem
2086 2952 2209 2993 suc-

622 3047 769 3101 cidit.
800 3042 949 3109 Quod
976 3057 1077 3095 uon
1104 3040 1363 3111 potuimus
1391 3052 1499 3101 nos,
1534 3034 1738 3105 inquit,
1766 3042 1812 3088 et
1852 3041 2028 3104 patres
2057 3030 2215 3085 nostri

627 3147 848 3207 portare.
870 3132 976 3188 Sed
996 3148 1083 3201 per
1105 3130 1322 3201 gratiam
1337 3125 1546 3181 Domini
1570 3123 1602 3179 J
1610 3141 1695 3179 esu
1724 3124 1976 3179 credimus
2004 3121 2213 3188 salvari,

625 3224 1048 3297 quemadmodum
1092 3230 1140 3277 et
1186 3219 1285 3275 illi.
1315 3220 1522 3287 Quanta
1551 3217 1745 3273 virtute
1770 3217 1925 3287 plena
1951 3224 2075 3271 sunt
2101 3218 2218 3269 hanc

629 3318 830 3374 verba?
858 3317 988 3383 Quae
1022 3314 1217 3369 Paulus
1254 3311 1437 3367 multis
1484 3313 1534 3366 in
1581 3310 1819 3381 Epistula
1850 3308 1917 3364 ad
1946 3308 2220 3362 Romanos

628 3411 785 3477 dixit,
805 3407 991 3465 eadem
1017 3415 1071 3461 et
1098 3406 1185 3461 hic
1203 3406 1353 3460 dicit.
1384 3403 1443 3459 Si
1466 3403 1601 3458 enim
1626 3402 1911 3469 Abraham,
1942 3401 2130 3471 inquit,
2158 3415 2223 3455 ea:

633 3502 869 3572 operibus
882 3498 1196 3570 justiﬁcatus
1221 3507 1327 3561 est,
1370 3495 1515 3548 habet
1536 3494 1754 3566 gloriam
1778 3533 1793 3561 ,
1833 3491 1923 3548 sed
1956 3508 2058 3545 non
2084 3489 2222 3563 apud

635 3591 799 3647 Deum
832 3590 1006 3660 (llam.
1032 3588 1083 3642 4.
1112 3585 1191 3658 2).
1219 3585 1406 3640 Vidcn’
1436 3587 1534 3639 hoc
1563 3585 1685 3639 illos
1710 3584 1879 3654 magis
1905 3583 2185 3638 instituere
2205 3624 2221 3647 ,

635 3699 793 3754 quam
827 3688 1015 3751 gentes
1041 3677 1372 3733 defendere?
1402 3675 1508 3731 Sed
1534 3676 1581 3731 si
1620 3674 1837 3746 quidem
1882 3674 2089 3745 absque
2118 3675 2223 3729 ulla

641 3775 925 3830 occasione
954 3772 1069 3826 lucc
1099 3770 1359 3836 dixisset,
1388 3769 1523 3824 forte
1566 3782 1672 3824 nou
1715 3777 1998 3839 suspectus
2044 3777 2223 3835 esset;

640 3868 795 3921 initio
811 3877 987 3920 autem
1009 3862 1134 3918 hinc
1160 3871 1397 3932 sumpto,
1428 3859 1622 3915 deinde
1650 3859 1768 3916 sine
1796 3858 1943 3916 mino
1968 3860 2224 3931 loquitur.

642 3960 711 4013 Et
737 3957 859 4011 vide
889 3952 1156 4026 quomodo
1186 3954 1384 4023 ubique
1408 3952 1610 4015 omnia.
1643 3966 1764 4023 qua:
1794 3950 1996 4006 inimici
2039 3965 2223 4005 move-

644 4060 792 4111 runt,
818 4050 920 4103 illis
947 4048 1170 4117 prosint.
1199 4045 1309 4099 Nisi
1337 4044 1479 4099 enim
1508 4044 1579 4098 illi
1612 4043 1925 4109 movissent,
1954 4042 2071 4097 hace
2089 4042 2229 4095 dicta

649 4161 754 4197 non
782 4142 1027 4205 fuissent,
1052 4154 1149 4193 nec
1170 4140 1328 4193 etiam
1355 4152 1475 4208 qua:
1494 4144 1811 4207 sequuntur.
1842 4133 1977 4189 Hinc
1997 4132 2230 4200 discunt,

648 4236 794 4307 quod
826 4234 1037 4290 etiamsi
1079 4242 1265 4302 gentes
1295 4230 1490 4287 adduci
1538 4229 1872 4298 noluissent,
1906 4243 2011 4284 non
2056 4237 2233 4283 tamen

651 4344 774 4385 eme
802 4329 919 4382 illas
948 4323 1341 4394 deSpicieudas.
1369 4322 1476 4378 Sed
1504 4336 1665 4391 supra
1692 4322 1831 4377 dicta
1872 4321 2232 4392 exploremus.

653 4421 719 4476 In
763 4420 931 4482 vobis,
982 4418 1180 4485 inquit,
1217 4416 1396 4487 elegit,
1439 4427 1488 4469 et
1529 4414 1591 4467 ab
1631 4414 1847 4483 antiquis
1876 4414 2069 4468 diebus.
2125 4413 2239 4469 Hoc

655 4515 804 4577 dicit,
824 4509 1113 4567 ostendens
1139 4509 1190 4564 id
1216 4508 1367 4576 olim,
1398 4523 1501 4562 non
1528 4522 1671 4563 nunc
1697 4507 1878 4563 fuisse.
1910 4507 2023 4563 Non
2052 4523 2240 4577 parum

658 4615 837 4658 autem
865 4610 967 4667 est,
1005 4601 1145 4672 quod
1175 4602 1339 4656 etiam
1361 4597 1561 4655 Judaris
1590 4598 1934 4655 credentibus
1964 4600 2065 4654 hoc
2090 4616 2243 4655 aver-

660 4705 820 4749 tatur.
852 4694 1064 4747 Duobus
1109 4708 1236 4747 vero
1268 4691 1354 4759 id,
1388 4691 1530 4763 quod
1554 4691 1720 4757 dicit,
1752 4694 2100 4747 continuatur
2120 4732 2135 4759 ,
2191 4703 2247 4748 et

663 4798 903 4855 tempore
930 4797 980 4838 et
1011 4786 1145 4839 loco.
1177 4784 1242 4839 Et
1269 4785 1411 4855 quod
1441 4783 1629 4857 Elegit,
1659 4783 1795 4840 bene
1827 4802 1839 4839 :
1874 4786 2011 4840 sicut
2037 4785 2089 4839 in
2119 4787 2246 4856 ipsis

664 4896 769 4934 non
798 4878 952 4943 dixit,
990 4876 1203 4943 Voluit,
1234 4874 1541 4947 scd,Elegit.
1575 4876 1855 4933 Undenam
1886 4877 1937 4932 id
1966 4878 2173 4948 liquet?
2203 4881 2244 4933 Α

664 4971 896 5041 Spiritu,
928 4968 1121 5039 inquit.
1154 4966 1355 5023 Deinde
1384 4967 1616 5023 ostendit
1648 4985 1751 5023 non
1782 4971 1968 5039 gratia:
2001 4980 2245 5039 tantum,

665 5065 760 5119 sed
790 5064 952 5119 etiam
994 5059 1208 5116 virtutis
1240 5060 1603 5115 testimonium
1656 5060 1756 5116 hoc
1783 5061 1887 5116 illis
1914 5078 2037 5119 esse
2063 5104 2076 5127 ,
2108 5063 2249 5133 quod

671 5159 806 5213 nihil
834 5158 1010 5212 minus
1038 5155 1168 5226 ip~is
1197 5154 1448 5223 pra-beat.
1476 5153 1614 5207 Nihil
1642 5155 1807 5219 enim,
1832 5156 2022 5225 inquit,
2052 5156 2255 5211 discer~

671 5251 750 5304 nit
780 5254 918 5303 inter
964 5263 1063 5301 nos
1090 5254 1145 5301 et
1172 5246 1312 5301 illos.
1345 5245 1485 5317 Ergo
1524 5260 1618 5301 cor
1648 5247 1843 5317 ubique
1880 5250 2252 5318 quaerendum.

675 5343 739 5397 Et
771 5349 1068 5412 opportune
1092 5340 1229 5395 dixit
1261 5356 1274 5393 :
1307 5337 1546 5394 Gordium
1577 5342 1808 5411 cognitor
1848 5338 1987 5396 Deus
2010 5344 2253 5411 testiﬁca-

678 5446 759 5487 tus
784 5444 854 5488 est
876 5433 1033 5503 ipsis;
1074 5434 1211 5487 sicut
1238 5441 1291 5487 et
1318 5432 1425 5486 illic
1454 5447 1469 5485 ε
1501 5430 1577 5486 Tu
1598 5472 1614 5499 ,
1645 5430 1885 5501 Domine,
1912 5433 2142 5488 cordium
2172 5452 2259 5488 co-

683 5527 854 5599 gnitor
878 5524 1123 5590 omnium,
1152 5524 1358 5580 ostende
1385 5524 1537 5597 (Act.
1566 5525 1616 5579 l.
1645 5523 1716 5581 id
1738 5525 1779 5595 ).
1821 5525 1956 5594 Quia
1983 5528 2124 5581 enim
2156 5528 2259 5584 hoc

680 5619 831 5683 vult,
877 5617 1003 5673 vide
1026 5616 1154 5687 quid
1182 5614 1373 5672 inferat
1409 5634 1423 5671 :
1456 5615 1605 5671 Nihil
1644 5616 1882 5672 discernit
1924 5618 2055 5673 inter
2094 5637 2185 5675 nos
2212 5632 2260 5676 et

689 5709 1000 5781 ipsos.Cum
1031 5708 1246 5794 illorum
1292 5710 1651 5766 testimonium
1682 5711 1924 5780 diceret,
1974 5723 2098 5772 tunc
2149 5733 2261 5773 nia-

1034 5812 1097 5865 δι’

1312 357 1369 413 S.
1407 350 1685 412 JOANNIS
1721 334 2197 402 CllllYSOSTObll
2237 330 2553 389 AllClllEP.
2593 326 3120 387 CONSTANTlNOP.

3794 325 3915 382 236

2294 467 2457 522 gnum
2489 450 2615 507 illud
2646 451 2842 508 effatus
2863 462 2945 509 est
2972 495 2986 517 .
3017 454 3161 523 quod
3197 453 3391 507 Paulus
3414 453 3491 507 ait
3522 471 3537 509 :
3568 448 3755 521 Neque
3802 456 3917 507 cir-

2293 546 2535 601 cumcisio
2560 547 2682 615 quid
2704 546 2857 613 ualet,
2889 563 3047 616 neque
3078 547 3383 618 prceputiunt
3422 546 3497 617 (ί.
3521 543 3643 601 Cor.
3672 548 3726 602 7.
3757 546 3914 617 I9);

2294 645 2369 701 et,
2403 635 2469 690 Ut
2489 636 2616 691 duos
2636 636 2821 691 condat
2843 638 2896 691 in
2923 640 3192 707 semcptiso
3220 636 3439 708 (Ep/res.
3462 636 3517 692 2.
3550 638 3659 705 l5).
3686 638 3917 693 Horum

2295 728 2534 783 omnium
2559 728 2765 784 semina
2796 730 2849 783 in
2884 731 3147 785 concione
3178 730 3320 785 Petri
3367 731 3651 786 habentur.
3685 731 3757 786 Et
3793 745 3918 784 non

2296 819 2448 886 dixit,
2477 818 2621 875 Inter
2646 835 2740 877 eos
2764 822 2856 892 qui
2885 837 2949 877 ex
2982 823 3429 890 circumcisione;
3462 824 3729 889 sed,lnter
3757 841 3872 878 nos
3905 866 3924 891 ,

2298 909 2351 966 id
2395 920 2479 967 est
2508 954 2522 979 ,
2566 912 2863 982 apostolos.
2899 913 3101 969 Deinde
3124 955 3140 979 ,
3187 929 3256 969 ne
3294 914 3543 970 videatur
3568 917 3922 971 contumelia

2298 1019 2419 1061 esse
2459 1004 2629 1071 illud,
2688 1004 2877 1072 Nihil,
2920 1006 3104 1075 adjicit
3154 1023 3169 1060 :
3224 1005 3359 1061 Fide
3406 1008 3688 1077 puriﬁcans
3738 1008 3927 1062 corda

2299 1112 2494 1152 eorum.
2533 1097 2597 1150 Et
2630 1096 2754 1151 hinc
2781 1098 2918 1153 tollit
2948 1100 3330 1169 suspicionem.
3363 1099 3693 1169 Expurgavit
3720 1102 3924 1170 primo

2301 1202 2641 1253 sermonem,
2672 1198 2727 1244 et
2758 1198 2886 1245 time
2930 1191 3168 1246 Ostendit
3196 1206 3300 1246 non
3331 1193 3528 1248 malam
3554 1193 3727 1264 legem
3755 1235 3769 1259 ,
3810 1193 3921 1250 sed

2302 1282 2424 1338 illos
2446 1283 2687 1338 infirmos
2715 1297 2856 1338 esse.

2372 1375 2427 1429 2.
2456 1375 2586 1429 Vide
2614 1374 2888 1445 quomodo
2910 1376 3227 1431 terribiliter
3251 1377 3481 1433 desinat.
3507 1376 3649 1432 Nihil
3678 1394 3744 1435 ex
3771 1395 3923 1449 pro-

2304 1467 2479 1537 phetis
2510 1468 2746 1538 loquitur
2768 1468 2920 1538 ipsis,
2950 1469 3045 1525 sed
3074 1485 3137 1523 ex
3166 1470 3523 1539 praesentibus
3553 1471 3737 1536 rebus,
3766 1487 3925 1541 qua-

2304 1578 2421 1617 rmu
2446 1563 2544 1633 ipsi
2579 1571 2743 1619 testes
2766 1573 2943 1618 erant.
2963 1561 3095 1618 Jure
3124 1573 3178 1617 et
3210 1562 3287 1617 illi
3307 1573 3492 1633 postea
3519 1565 3918 1630 testiﬁcantur,

2303 1663 2359 1708 et
2402 1667 2708 1709 sermonem
2743 1654 2999 1708 roborant
3030 1670 3097 1709 cx
3128 1655 3193 1709 iis
3219 1695 3234 1722 ,
3278 1670 3399 1726 quae
3436 1656 3547 1725 jam
3581 1654 3721 1711 facta
3752 1666 3915 1712 sunt.

2308 1744 2374 1799 Et
2420 1744 2541 1799 vide
2580 1761 2593 1798 :
2634 1745 2686 1799 in
2735 1744 2975 1800 Ecclesia
3020 1746 3285 1816 permittit
3328 1748 3501 1818 primo
3547 1749 3921 1819 qumstionem

2308 1835 2533 1900 moveri,
2565 1845 2621 1890 et
2651 1844 2777 1890 tunc
2805 1836 3061 1907 loquitur.
3092 1836 3228 1906 Quia
3259 1839 3417 1909 igitur
3444 1855 3550 1894 non
3584 1841 3925 1895 memoravit

2305 1927 2674 1993 circumcisus,
2702 1927 2799 1984 sed
2826 1938 3013 2001 gentes
3038 1928 3167 1999 (hoc
3198 1932 3342 1985 enim
3374 1932 3623 2000 paulatim
3657 1932 3921 1987 insinua—

2310 2029 2421 2074 tum
2442 2062 2457 2085 ,
2490 2019 2693 2076 ﬁrmius
2718 2021 3020 2089 evadebat;
3053 2021 3183 2078 illud
3217 2038 3347 2076 vero
3369 2024 3627 2078 tentantis
3653 2034 3773 2079 erat
3793 2068 3810 2091 ,
3844 2040 3922 2079 an

2312 2114 2487 2183 possit
2516 2122 2634 2183 post
2661 2114 2832 2184 legem
2863 2114 3143 2186 servare);
3176 2116 3299 2171 vide
3329 2116 3454 2187 quid
3483 2115 3639 2172 faciat
3670 2135 3684 2172 :
3711 2128 3926 2173 osten-

2310 2204 2388 2257 dit
2417 2204 2534 2259 illus
2556 2205 2606 2258 in
2635 2205 2877 2274 periculo
2902 2221 3045 2271 esse,
3073 2207 3121 2261 si
3149 2207 3368 2277 quidem
3401 2208 3471 2273 id,
3502 2212 3646 2279 quod
3676 2226 3789 2263 non
3830 2224 3925 2279 ιο-

2311 2298 2409 2351 tuit
2434 2297 2515 2352 lex
2541 2336 2555 2363 ,
2592 2297 2762 2366 potuit
2792 2296 2966 2362 ﬁdes;
2996 2298 3086 2353 illa
3122 2314 3249 2353 vero
3278 2300 3505 2355 cadente
3524 2342 3541 2365 ,
3572 2316 3806 2356 necesse
3834 2311 3926 2356 est

2312 2386 2431 2441 illos
2464 2388 2515 2441 in
2539 2387 2831 2466 perniciem
2858 2388 2954 2443 ire.
2981 2387 3089 2442 Nec
3115 2388 3269 2454 dixit,
3298 2390 3558 2445 lucreduli
3587 2392 3735 2459 utis,
3762 2390 3923 2462 quod

2311 2479 2589 2535 molestius
2638 2478 2860 2545 fuisset,
2901 2494 3022 2536 eum
3068 2481 3301 2537 maxime
3345 2496 3432 2537 res
3470 2485 3641 2538 evicta
3679 2483 3922 2538 fuisset.

2321 2570 2675 2642 Jcrosolymis
2701 2571 2864 2640 igitur
2901 2586 2967 2626 ex
2997 2572 3247 2641 gentibus
3290 2574 3418 2628 nulli
3461 2585 3616 2629 erant
3645 2614 3661 2643 ,
3710 2578 3925 2633 Antio-

2312 2664 2449 2719 chia:
2496 2673 2677 2720 autem
2709 2662 2879 2721 fuisse
2921 2674 3153 2720 constat.
3202 2664 3327 2721 ldeo
3370 2668 3719 2739 commigrant
3747 2710 3764 2734 ,
3818 2685 3927 2725 nec

2313 2755 2526 2811 modico
2558 2764 2800 2823 tempore
2827 2756 2986 2812 isthic
3013 2766 3251 2813 manent.
3286 2758 3697 2817 lnsurrexernnt
3719 2773 3927 2818 autem

2314 2845 2528 2917 quidam
2558 2845 2626 2901 de
2652 2845 2963 2912 Pharisaais,
2993 2846 3175 2903 adhuc
3195 2848 3512 2907 ambitionis
3535 2851 3717 2907 morbo
3751 2852 3917 2907 labo-

2317 2946 2521 3003 rantes,
2565 2944 2621 2991 et
2644 2935 2888 2993 volentes
2917 2936 3018 2993 sibi
3049 2938 3256 2994 haerere
3286 2954 3382 2995 eos
3408 2981 3423 3008 ,
3451 2941 3542 3011 qui
3570 2955 3633 2996 ex
3659 2944 3928 3011 gentibus

2318 3036 2491 3082 erant.
2525 3027 2684 3098 Atqui
2732 3036 2788 3083 et
2832 3028 3027 3084 Paulus
3069 3029 3123 3085 in
3155 3029 3272 3102 lege
3300 3030 3493 3088 doctus
3534 3042 3685 3097 erat,
3730 3049 3932 3102 tneque

2320 3126 2501 3174 tamen
2531 3117 2610 3173 sic
2632 3126 2749 3173 erat
2776 3116 3003 3174 allectus
3035 3136 3049 3172 :
3080 3130 3363 3191 postquam
3389 3132 3568 3177 autem
3594 3122 3713 3179 inde
3739 3138 3927 3179 vene.

2322 3220 2436 3272 rat,
2460 3208 2573 3279 jam
2601 3206 2795 3279 dogma
2825 3218 3130 3265 accuratius
3156 3222 3295 3268 erat.
3345 3212 3479 3268 Nam
3514 3214 3559 3268 si
3606 3214 3675 3280 ii,
3703 3217 3800 3283 qui
3837 3216 3931 3270 Je-

2324 3301 2612 3373 rosolymis
2642 3310 2789 3369 sunt,
2837 3302 2971 3357 nihil
3016 3304 3324 3373 huiusmodi
3369 3307 3703 3377 prtecipiunt,
3743 3310 3935 3364 multo

2323 3392 2503 3448 minus
2524 3393 2599 3447 hi.
2633 3393 2821 3449 Viden’
2854 3404 3114 3467 quotquot
3143 3398 3497 3468 principatum
3519 3414 3623 3453 non
3650 3400 3928 3466 ambiunt,

2328 3486 2381 3542 in
2412 3485 2517 3543 ﬁde
2540 3486 2820 3557 gaudere?
2857 3486 2974 3542 Non
3003 3488 3301 3544 ambitiosae
3333 3490 3491 3560 igitur
3532 3500 3687 3545 erant
3730 3507 3933 3547 narra.

2282 3612 2283 3615 η
2332 3581 2527 3648 tiones,
2554 3594 2730 3651 neque
2756 3579 2825 3636 ad
2853 3581 3293 3650 ostentationem,
3324 3583 3418 3638 sed
3448 3581 3517 3638 ad
3553 3582 3932 3638 defensionem

2333 3674 2733 3745 priedicationis
2796 3674 3048 3744 gentibus
3104 3673 3259 3729 factm
3314 3692 3327 3729 :
3387 3676 3513 3730 ideo
3560 3675 3688 3729 nihil
3734 3674 3935 3731 dicunt

2333 3783 2519 3824 eorum
2547 3808 2563 3835 ,
2595 3782 2717 3838 quae
2742 3781 2867 3822 cum
2894 3766 3099 3822 Judzeis
3125 3768 3226 3823 sibi
3253 3779 3575 3824 evenerant.
3602 3769 3788 3841 Magna
3815 3781 3937 3825 erat

2334 3860 2627 3930 pertinacia
2658 3858 3075 3926 Pharisteorum,
3103 3859 3193 3930 qui
3224 3859 3385 3915 etiam
3418 3871 3534 3929 post
3566 3860 3723 3917 fidem
3751 3861 3936 3933 legem

2337 3952 2622 4006 tuebantur
2644 3990 2660 4012 ,
2687 3963 2787 4005 nec
2810 3951 3258 4021 obtemperabant
3290 3952 3569 4021 apostolis.
3606 3953 3712 4007 Sed
3758 3954 3890 4009 vide
3916 3995 3930 4017 .

2336 4061 2495 4114 quant
2554 4053 2833 4100 mansuete
2891 4059 2993 4101 nec
3038 4060 3160 4100 cum
3214 4046 3538 4102 auctoritate
3582 4048 3876 4117 loquantur
3920 4062 3932 4099 :

2340 4136 2454 4193 huic
2480 4136 2961 4208 quippeamabilia
2990 4146 3115 4193 sunt
3136 4179 3150 4204 ,
3186 4140 3464 4211 magisque
3488 4143 3671 4195 animo
3700 4142 3937 4212 inligan-

2340 4240 2448 4285 tur.
2475 4229 2668 4286 Videu'
2690 4243 2955 4300 nusquam
2986 4244 3110 4286 esse
3153 4233 3442 4287 verborum
3470 4236 3897 4289 ostentationem
3928 4282 3936 4295 .

2342 4324 2437 4379 sed
2462 4338 2558 4393 per
2582 4336 2669 4378 res
2699 4322 2843 4393 ipsas
2868 4323 2951 4394 agi
2980 4333 3036 4379 et
3066 4338 3162 4395 per
3180 4323 3439 4394 Spiritum
3469 4337 3710 4383 sanctum
3734 4328 3756 4381 ‘3
3781 4332 3937 4383 Aua-

2346 4432 2468 4473 men
2500 4432 2621 4473 cum
2652 4425 2731 4471 tet
2752 4416 2947 4472 indicia
2978 4414 3243 4473 haberent
3267 4460 3282 4483 ,
3326 4417 3503 4474 adhuc
3532 4431 3816 4475 mansuete
3867 4424 3940 4473 lo-

2346 4520 2603 4581 quuntur.
2640 4509 2706 4564 Et
2732 4508 2891 4576 vide,
2935 4523 3045 4564 non
3077 4510 3327 4574 veniunt,
3355 4513 3656 4565 accusaturi
3686 4525 3779 4567 eos
3800 4554 3817 4578 ,
3852 4512 3941 4583 qui

2352 4601 2651 4665 Antiocbize
2700 4610 2893 4668 erant;
2939 4600 3036 4657 sed
3067 4601 3214 4656 illine
3244 4602 3438 4657 iterum
3468 4604 3808 4659 occasionem
3852 4620 3941 4659 su-

2351 4705 2521 4750 munt.
2549 4694 2635 4751 Sic
2663 4693 3063 4751 meditabantur
3090 4692 3211 4747 aliis
3241 4707 3475 4763 praeesse
3500 4736 3513 4760 ,
3543 4695 3633 4765 qui
3684 4699 3944 4766 apostolis

2352 4788 2714 4844 nescientibus
2744 4786 3066 4857 reprehensi
3095 4799 3240 4840 sunt.
3282 4788 3536 4842 Attamen
3583 4787 3719 4843 nihil
3749 4789 3941 4845 borum

2355 4881 2427 4935 illi
2455 4881 2829 4950 protulerunt;
2861 4890 2917 4935 at
2946 4879 3035 4935 ubi
3068 4878 3384 4950 probarunt,
3415 4890 3541 4936 tunc
3572 4882 3946 4939 vehementius

2354 4975 2615 5031 scribunt.
2670 4975 2919 5046 Magnum
2974 4982 3123 5029 certe
3183 4972 3382 5045 ubique
3428 4974 3628 5029 bonum
3674 4976 3945 5046 :equitas:

2357 5063 2536 5139 coquit:
2587 5083 2657 5122 em
2706 5068 2829 5122 dico
2851 5108 2866 5133 ,
2914 5080 3019 5120 non
3049 5064 3433 5136 frigiditatem;
3461 5067 3769 5135 aequitatem
3795 5108 3815 5135 ,
3847 5084 3947 5123 non

2359 5161 2715 5215 adulationem
2753 5178 2764 5211 :
2798 5160 2914 5213 bzcc
2958 5158 3100 5213 enim
3148 5158 3379 5213 multum
3421 5158 3563 5214 inter
3614 5173 3673 5213 se
3728 5159 3947 5214 distant.

2435 5250 2524 5305 Ira
2556 5252 2828 5324 frenanda.
2858 5281 2929 5291 —
2956 5248 3097 5305 Nihil
3128 5250 3353 5306 Paulum
3398 5250 3758 5321 exasperahat
3780 5292 3793 5315 ,
3823 5254 3950 5306 nihil

2364 5344 2604 5400 Petrum.
2634 5344 2770 5400 Cum
2803 5343 2971 5399 babes
2991 5343 3506 5409 demonstrationes,
3531 5358 3629 5398 cur
3659 5345 3953 5400 irasceris?

2365 5453 2430 5491 an
2476 5446 2532 5490 ut
2556 5437 2676 5492 illas
2707 5435 2979 5491 enerves?
3004 5435 3119 5491 Non
3147 5444 3325 5508 potest
3353 5450 3607 5508 umquam
3632 5436 3800 5491 iratus
3832 5452 3953 5507 per-

2366 5529 2598 5584 suaderi.
2645 5529 2818 5582 Etiam
2848 5527 2963 5582 heri
2992 5526 3061 5583 de
3090 5530 3167 5583 ira
3212 5528 3603 5595 disseruimus;
3634 5527 3765 5583 nihil
3814 5539 3955 5583 vetat

2367 5624 2650 5693 quominus
2700 5621 2864 5676 etiam
2919 5619 3078 5675 hodie
3135 5638 3148 5675 :
3214 5617 3468 5692 frequens
3535 5619 3675 5674 forte
3727 5620 3956 5673 hortatio

2368 5717 2635 5791 quidpiam
2679 5716 2897 5772 eiliciet.
2933 5713 3065 5771 Nam
3088 5714 3438 5788 pbarmacum
3475 5715 3585 5769 vim
3618 5711 3825 5769 habens
3863 5726 3951 5765 cu-
