4088 6330
157 554 341 622 ,κότου
366 545 609 603 τούτου.
670 541 919 612 Πολλῆς
950 540 1013 595 δὲ
1061 537 1449 609 συζητήσεως
1493 532 1847 622 γενομένης,

163 619 431 703 ἀναστὰς
456 633 681 703 Πέτρος
700 628 833 687 εἶπε
854 631 1005 699 πρὸς
1020 628 1244 694 αὐτούς
1263 638 1279 655 °
1303 625 1547 695 Ἄνδρες
1568 619 1846 692 ἀδελφοί,

159 727 326 798 ὑμεῖς
352 725 707 787 ἐπίστασθε,
740 721 828 774 ὅτι
853 720 967 789 ἀφ’
992 715 1231 789 ἡμερῶν
1252 716 1519 787 ἀρχαίων
1544 715 1577 768 ό
1607 712 1752 778 Θεὸς
1778 710 1850 764 ἐν

159 813 303 884 ὑμῖν
344 812 670 878 ἐξελέξατο
710 808 809 863 διὰ
848 807 957 863 τοῦ
1007 806 1306 876 στόματός
1328 821 1451 875 μου
1483 800 1747 859 ἀκοῦσαι
1779 800 1853 855 τὰ

158 901 308 971 ἔθνη
330 901 441 956 τὸν
459 902 648 969 λόγον
667 896 774 952 τοῦ
806 895 1183 966 εὐαγγελίου,
1215 892 1313 947 καί
1341 889 1688 947 πιστεῦσαι.
1710 888 1853 960 Ὅρα

156 991 250 1045 τὸν
281 990 490 1062 Πέτρον
536 985 742 1043 ἀνωθεν
781 984 1191 1057 κεχωρισμένον
1223 981 1319 1036 τοῦ
1372 979 1723 1053 πράγματος,
1758 977 1854 1031 καὶ

163 1078 327 1150 μέχρι
362 1076 461 1131 τοῦ
510 1074 607 1131 νῦν
668 1072 1025 1139 ίουδαῖζοντα.
1068 1071 1269 1140 Ὑμεῖς
1304 1069 1656 1132 ἐπίστασθε,
1693 1066 1849 1138 φησί.

160 1165 312 1239 [249]
339 1165 606 1238 Παρῆσαν
631 1163 763 1228 ἴσως
792 1163 888 1217 καὶ
921 1161 969 1215 οἱ
997 1158 1393 1229 ἐγκαλέσαντες
1419 1155 1569 1228 αὐτῷ
1593 1155 1687 1210 ἐπὶ
1711 1156 1856 1225 Κορ-

159 1258 346 1329 νηλίου
391 1255 583 1320 πάλαι,
640 1254 735 1309 καὶ
785 1250 1121 1315 εἰσελθόντες
1165 1251 1284 1321 μετ’
1327 1245 1533 1302 αὑτοῦ·
1571 1245 1660 1300 διὰ
1696 1244 1855 1299 τοῦτο

158 1346 358 1409 αὐτοὺς
414 1344 653 1415 παράγει
699 1340 1008 1413 μάρτυρας.
1060 1338 1188 1408 Ἀφ’
1218 1333 1458 1406 ἡμερῶν
1480 1333 1748 1404 ἀρχαίων
1784 1333 1855 1389 ἐν

156 1436 300 1506 ὑμῖν
333 1438 369 1489 ό
402 1434 542 1501 Θεὸς
566 1431 912 1499 ἐξελέξατο.
950 1430 1016 1484 Τί
1045 1431 1215 1492 ἐστιν,
1257 1429 1361 1483 Ἐν
1390 1426 1566 1496 ὐμῒν;
1609 1426 1768 1479 Ἤτοι
1797 1426 1854 1477 ἐν

159 1524 498 1595 Παλαιστίνῃ
524 1563 539 1588 ,
578 1522 776 1592 φησὶν,
807 1519 842 1591 ἢ
881 1518 1168 1590 παρόντων
1203 1516 1382 1587 ὑμῶν,
1415 1516 1519 1569 Διὰ
1569 1513 1675 1568 τοῦ
1714 1513 1854 1567 στό-

147 1612 343 1681 ματός
364 1628 510 1679 μου.
544 1609 689 1678 Ὅρα
718 1607 836 1670 πῶς
856 1606 1097 1661 δείκνυσι
1120 1605 1209 1657 τὸν
1239 1603 1371 1656 Θεὸν
1399 1602 1465 1655 δι’
1493 1600 1657 1656 αὑτοῦ
1686 1600 1852 1669 φθεγ-

151 1700 407 1771 γόμενον,
439 1699 535 1751 καὶ
559 1696 712 1750 οὐδὲν
737 1693 1098 1766 ἀνθρώπινον.
1159 1692 1268 1747 Καί
1303 1694 1335 1746 ό
1367 1688 1853 1760 καρδιογνώστης

152 1788 299 1855 Θεὸς
324 1788 744 1857 ἐμαρτύρησεν
762 1783 987 1850 αὐτοῖς.
1034 1781 1157 1835 Ἐπὶ
1184 1782 1285 1852 τὴν
1315 1778 1694 1851 πνευματικὴν
1722 1777 1853 1830 ἀνά-

148 1894 235 1946 γει
292 1874 605 1947 μαρτυρίαν
660 1871 879 1935 αὐτούς.
913 1870 1065 1937 Δοὺς
1109 1868 1319 1936 αὐτοῖς
1375 1868 1443 1921 τὸ
1501 1866 1745 1935 Πνεῦμα
1784 1866 1851 1917 τὸ

148 1961 343 2031 ἄτιον,
401 1960 600 2027 καθὼς
631 1958 729 2012 καὶ
772 1956 933 2026 ἡμῖν.
967 1956 1111 2026 Ὅρα
1160 1954 1276 2016 πῶς
1304 1965 1335 1997 ι
1368 1951 1651 2022 πανταχοῦ
1680 1949 1856 2016 ἐξισοῖ

148 2049 215 2104 τά
244 2048 405 2119 ἔθνη.
446 2048 557 2101 Καὶ
612 2044 796 2100 οὐδὲν
843 2042 1104 2111 διέκρινε
1151 2039 1380 2113 μεταξὺ
1414 2038 1587 2109 ἡμῶν
1631 2056 1694 2093 τε
1754 2039 1852 2092 καί

145 2118 377 2199 αὐτῶν,
425 2133 503 2203 τῇ
564 2135 767 2187 πίστει
815 2118 1151 2200 καθαρίσας
1189 2130 1292 2197 τὰς
1327 2128 1580 2198 καρδίας
1627 2127 1849 2183 αὐτῶν.

159 2226 297 2281 ’Δπδ
342 2225 447 2295 τῆς
501 2223 737 2289 πίστεως
795 2223 986 2295 μόνης,
1042 2222 1200 2292 φησι,
1237 2219 1349 2273 τῶν
1398 2219 1579 2275 αὐτῶν
1637 2220 1848 2290 ἔτυχον.

148 2314 441 2368 Κάκείνων
496 2311 670 2367 ταῦτα
704 2312 1063 2382 ἐντρεπτικά·
1101 2309 1305 2381 μᾶλλον
1342 2308 1399 2362 δὲ
1433 2308 1527 2363 καὶ
1555 2308 1798 2372 ἐκείνους
1823 2308 1851 2348 b

143 2402 360 2467 διδάξαι
386 2400 636 2463 δύναται,
666 2399 749 2453 ὅτι
774 2397 1012 2463 πίστεως
1048 2397 1130 2451 δεῖ
1161 2398 1334 2468 μόνης
1353 2438 1372 2464 ,
1408 2396 1506 2451 καὶ
1534 2396 1635 2449 οὐκ
1672 2394 1853 2468 ἔργων

144 2491 271 2546 οὐδὲ
321 2488 652 2561 περιτομῆς.
710 2487 785 2541 Ού
835 2486 944 2559 γὰρ
978 2486 1044 2557 δὴ
1078 2486 1219 2557 ὑπὲρ
1274 2484 1385 2539 τῶν
1432 2483 1604 2539 ἐθνῶν
1654 2483 1853 2541 ἀπολο-

146 2579 413 2650 γούμενοι
462 2577 638 2631 ταῦτα
676 2576 899 2646 λέγουσι
948 2575 1133 2646 μόνον,
1187 2573 1328 2627 ἀλλά
1374 2573 1665 2637 κάκείνους
1721 2590 1851 2626 παι-

143 2669 400 2731 δεύοντες
438 2665 746 2736 ἀποστῆναι
791 2665 884 2720 τοῦ
931 2665 1122 2734 νόμου.
1168 2663 1331 2717 Ἀλλά
1376 2662 1518 2727 τέως
1557 2660 1711 2717 οὔπω
1764 2661 1854 2715 λέ-

144 2775 309 2827 γουσι
338 2755 519 2809 τοῦτο.
546 2754 676 2809 Νῦν
706 2749 823 2809 οὖν
866 2753 926 2807 τί
971 2750 1277 2822 πειράζετε
1312 2752 1418 2807 τόν
1450 2750 1601 2806 Θεὸν
1637 2747 1854 2804 ἐπιθεῖ-

144 2862 249 2921 ναι
283 2843 468 2913 ζυγὸν
504 2842 603 2895 ἐπὶ
641 2840 750 2895 τὸν
780 2840 1091 2910 τράχηλον
1135 2839 1256 2894 τῶν
1280 2836 1567 2910 μαθητῶν
1612 2836 1685 2892 δν
1714 2837 1854 2892 οὔτε

148 2917 200 2987 οἱ
239 2935 500 3000 πατέρες
536 2929 730 3000 ἡμῶν,
758 2930 898 2984 οὔτε
930 2928 1102 2998 ἡμεῖς
1127 2929 1473 2997 ἰσχύσαμεν
1498 2925 1848 2992 βαστάσαι,

160 3021 353 3077 Ἀλλά
382 3021 480 3075 διὰ
515 3018 623 3089 τῆς
654 3018 897 3089 χάριτος
924 3017 1031 3071 τοῦ
1062 3017 1285 3086 Κυρίου
1320 3015 1526 3083 Ἰησοῦ
1568 3016 1852 3070 πιστεύο·

143 3127 263 3181 μεν
315 3108 628 3177 σωθῆναι,
689 3108 819 3162 καθ’
854 3106 928 3161 δν
986 3107 1212 3174 τρόπον
1263 3103 1551 3163 κάκεῖνοι.
1598 3104 1664 3156 Τί
1709 3106 1850 3171 ἐστι,

149 3196 463 3267 Πειρὰζετε
498 3196 607 3249 τὸν
647 3195 835 3257 Θεόν;
872 3193 938 3248 Τί
978 3194 1285 3258 ἀπιστεῖτε,
1318 3192 1473 3263 φησί,
1510 3191 1589 3263 τῷ
1618 3191 1768 3263 Θεῷς
1798 3193 1850 3246 τί

149 3284 448 3361 πειράζετε
474 3283 639 3337 αὐτὸν
662 3283 737 3347 ὼς
764 3283 864 3335 οὐκ
899 3280 1155 3353 ἰσχύοντα
1176 3280 1350 3334 σῶσαι
1371 3282 1437 3350 τῇ
1458 3279 1639 3333 πίστει
1662 3296 1677 3345 ς
1706 3281 1851 3352 Ἀρα

148 3374 413 3437 ἀπιστίας
466 3371 585 3425 ἐστὶ
616 3370 675 3426 τὸ
700 3370 790 3424 τὸν
812 3370 978 3441 νόμον
1012 3370 1305 3441 εἰσφέρειν.
1343 3364 1475 3422 Εἶτα
1492 3368 1732 3448 δείκνυσι
1755 3369 1850 3421 καὶ

148 3462 350 3526 αὐτοὺς
384 3460 539 3515 οὐδὲν
583 3457 1027 3530 ὠφελουμένους,
1068 3457 1163 3510 καὶ
1186 3456 1249 3509 τὸ
1292 3456 1402 3509 πᾶν
1446 3454 1538 3508 ἐπὶ
1572 3454 1663 3509 τὸν
1687 3454 1851 3525 νόμον

150 3552 399 3622 στρέφει,
429 3550 533 3602 οὐκ
565 3549 652 3601 ἐπ’
686 3547 907 3610 αὐτοὺς,
944 3546 1038 3600 καὶ
1058 3545 1159 3614 τὴν
1186 3543 1524 3616 κατηγορίαν
1550 3544 1851 3614 ὑποτέμνε-

148 3656 258 3693 ται.
302 3642 413 3694 ⁸ον
432 3640 545 3693 οὐκ
574 3636 919 3706 ἰσχύσαμεν
941 3633 1107 3705 ἡμεῖς
1140 3633 1240 3687 καί
1268 3636 1322 3687 οί
1368 3634 1624 3702 πατέρες
1654 3633 1848 3703 ἡμῶν,

148 3729 307 3798 φησι,
333 3727 681 3792 ,ϐαστάσαι’
728 3724 893 3781 ἀλλὰ
916 3725 1014 3779 διὰ
1044 3723 1153 3793 τῆς
1202 3723 1447 3793 χάριτος
1477 3723 1584 3777 τοῦ
1622 3725 1849 3791 Κυρίου

164 3816 372 3882 Ἰησοῦ
392 3815 764 3885 πιστεύομεν
778 3812 1045 3882 σωθῆναι
1064 3813 1192 3866 καθ’
1214 3810 1288 3865 δν
1311 3811 1537 3880 τρόπον
1558 3811 1843 3865 κάκεῖνοι.

150 3903 331 3973 Πόσης
380 3904 669 3973 δυνάμεως
708 3900 871 3972 γέμει
915 3897 1090 3954 ταῦτα
1146 3898 1218 3953 τὰ
1274 3900 1523 3971 ῥήματαί
1590 3900 1773 3970 Ἀπερ
1819 3900 1849 3953 ό

150 3992 363 4055 Παῦλος
386 3990 478 4045 διά
519 3990 732 4045 πολλῶν
767 3990 826 4041 ἐν
867 3988 934 4061 τῇ
966 3988 1103 4059 πρὸς
1146 3987 1455 4057 Ῥωμαίους
1484 3982 1605 4040 εἷπε
1626 4028 1639 4051 ,
1671 3985 1848 4041 ταῦτα

148 4082 243 4133 καὶ
275 4075 452 4143 οὗτος.
472 4080 541 4131 El
556 4078 668 4148 τὰρ
710 4074 981 4145 Ἀϐραὰμ,
1004 4075 1191 4147 φησὶν,
1212 4075 1283 4139 ἐξ
1298 4076 1488 4145 ἔργων
1508 4073 1843 4144 ἐδικαιώθη,

148 4170 275 4236 ἔχει
322 4168 627 4236 καύχημα,
682 4163 823 4220 ἀλλ’
882 4166 954 4219 οὐ
1009 4162 1161 4232 πρὸς
1190 4163 1299 4217 τὸν
1334 4164 1502 4218 Θεόν.
1541 4163 1725 4236 Ὁρᾷς,
1762 4164 1846 4218 ὅτι

148 4260 355 4313 τούτων
386 4256 588 4328 μᾶλλόν
616 4256 731 4308 ἐστι
764 4252 925 4307 τοῦτο
952 4250 1321 4316 παιδευτικὸν,
1352 4252 1385 4324 ἢ
1410 4250 1675 4321 ἀπολογία
1705 4252 1845 4325 ὑπὲρ

148 4348 260 4402 τῶν
286 4348 491 4413 ἐθνῶν;
552 4346 693 4399 Ἀλλ’
732 4344 781 4398 εί
812 4343 911 4415 μὲν
943 4342 1115 4416 χωρὶς
1151 4344 1481 4415 προφάσεως
1526 4343 1704 4398 ταῦτα
1732 4344 1847 4397 ἐλεο

148 4454 267 4505 γεν,
329 4436 461 4499 ἴσως
491 4432 744 4506 οὐδαμῶς
800 4431 1045 4496 ὕποπτος
1088 4426 1194 4502 ἦν·
1241 4431 1420 4503 ἀρχῆς
1462 4432 1519 4485 δέ
1547 4431 1844 4504 λαὸόμενος

149 4524 424 4587 ἐντεῦθεν,
455 4522 648 4577 λοιπὸν
680 4520 852 4584 ἀδεῶς
896 4518 1215 4589 φθέγγεται,
1258 4519 1373 4574 Καὶ
1410 4520 1516 4591 ὅρα
1564 4521 1843 4591 πανταχοῦ

147 4616 219 4668 τά
240 4614 393 4685 παρά
422 4611 532 4665 τῶν
561 4610 772 4681 ἐχθρῶν
804 4609 923 4681 μετ’
956 4607 1139 4663 αὐτῶν
1180 4608 1464 4681 γινόμενα.
1507 4610 1571 4663 Εἰ
1619 4610 1694 4681 μὴ
1734 4610 1845 4682 γάρ

149 4702 413 4773 ἐκίνησαν
442 4702 665 4766 ἐκεῖνοι,
692 4697 792 4750 οὐκ
812 4697 878 4751 ἂν
910 4697 1084 4751 ταῦτα
1112 4697 1329 4767 ἐλέχθη,
1370 4696 1478 4751 οὐδ’
1512 4698 1578 4751 ἂν
1610 4697 1679 4751 τὰ
1707 4698 1844 4768 μετά

147 4789 346 4844 ταῦτα.
390 4785 677 4841 Ἐντεῦθεν
718 4784 1118 4857 μανθάνουσιν,
1171 4786 1253 4838 ὅτι
1304 4787 1353 4838 εἰ
1388 4785 1481 4838 καὶ
1537 4786 1612 4859 μὴ
1671 4804 1843 4858 προσ-

147 4877 385 4945 ἀγεσθαι
415 4876 608 4947 ἤθελον
641 4874 710 4927 τὰ
734 4872 862 4945 ἔθνη
883 4914 897 4938 ,
933 4874 992 4926 οὐ
1027 4872 1109 4926 δεῖ
1136 4873 1338 4936 αὐτοὺς
1382 4876 1651 4945 παρορᾷν.
1704 4875 1842 4928 Ἀλλ’

149 4964 351 5033 ἴδωμεν
401 4964 610 5018 ἀνωθεν
650 4962 718 5016 τὰ
752 4960 1039 5032 εἰρημένα.
1084 4962 1189 5016 Ἐν
1222 4961 1382 5029 ὑμῖν,
1425 4963 1611 5031 φησὶν,
1644 4961 1845 5027 ἐξελέ-

150 5050 320 5115 (ato,
362 5051 463 5105 καί
496 5050 598 5119 ἀφ’
630 5046 868 5118 ἡμερῶν
892 5049 1178 5119 ἀρχαίων.
1222 5048 1397 5101 Τοῦτο
1440 5045 1583 5115 εἷπε,
1627 5049 1845 5112 δεικνὺς

148 5140 239 5193 ὅτι
270 5139 471 5203 πάλαι,
500 5139 561 5191 οὐ
600 5137 715 5192 νῦν.
750 5137 831 5191 Οὐ
856 5137 1049 5208 μικρὸν
1091 5138 1149 5191 δὲ
1188 5138 1250 5191 τὸ
1296 5139 1391 5192 καὶ
1439 5138 1713 5193 Ἰουδαίων
1754 5156 1845 5192 πι-

151 5228 455 5283 στευόντων
476 5226 639 5281 τοῦτο
666 5227 1108 5297 ἀποστραφῆναι.
1139 5226 1244 5281 Δύο
1269 5227 1480 5290 τούτοις
1517 5227 1545 5280 δ
1579 5227 1729 5296 λέγει
1755 5246 1845 5281 πι-

149 5315 403 5384 στοῦται,
432 5315 511 5386 τῷ
539 5314 715 5387 καιρῷ
741 5316 836 5368 καὶ
858 5314 938 5386 τῷ
958 5315 1130 5386 τόπῳ.
1164 5317 1273 5370 Καὶ
1320 5316 1402 5379 τὸ,
1449 5315 1805 5381 Ἐξελέεατο
1827 5355 1843 5383 ,

149 5404 369 5466 καλῶς·
413 5404 605 5475 ὥσπερ
647 5404 734 5457 ἐπ’
778 5404 959 5459 αὐτῶν
985 5405 1086 5457 οὐκ
1138 5400 1316 5467 εἶπεν,
1356 5404 1673 5475 Ἦθέλησεν,
1705 5404 1842 5468 ἀλλ’,

163 5490 544 5556 Ἐξελέεατο.
582 5492 754 5546 Πόθεν
786 5490 1165 5561 τοῦτονδῆλονς
1215 5491 1349 5544 Ἀπὸ
1375 5489 1470 5544 τοῦ
1503 5491 1842 5563 Πνεύματος,

149 5579 343 5651 φησίν.
376 5575 509 5632 Εἶτα
544 5579 815 5635 δείκνυσιν
846 5580 967 5649 οὐχὶ
993 5579 1215 5649 χάριτος
1248 5565 1457 5646 ἁπλῶς,
1486 5580 1602 5633 ἀλλ’
1639 5581 1844 5651 ἀρετῇς

150 5665 459 5740 μαρτύριον
501 5667 687 5730 αὐτοῖς
725 5666 884 5720 τοῦτο
928 5666 1251 5736 γινόμενον,
1297 5668 1393 5721 καὶ
1422 5669 1575 5721 οὐδὲν
1618 5668 1841 5723 ἔλαττον

147 5756 342 5818 αὐτοῖς
389 5753 695 5826 παρασχόν.
746 5754 912 5807 Οὐδὲν
962 5755 1093 5825 7&p,
1142 5756 1297 5825 φησι,
1343 5756 1579 5825 διέκρινε
1630 5756 1841 5827 μεταξὺ

148 5840 316 5909 ἡμῶν
344 5858 403 5893 τε
429 5841 523 5900 καὶ
551 5840 751 5894 αὐτῶν.
781 5841 925 5912 ’Δρα
956 5842 1182 5913 καρδίας
1220 5843 1301 5895 δεῖ
1326 5842 1606 5913 πανταχοῦ
1640 5843 1842 5913 ζητεῖν.

150 5929 271 5983 Καὶ
301 5929 570 6001 εὐκαίρως
611 5925 801 5982 εἶπεν·
845 5930 908 5983 '0
949 5930 1436 5999 καρδιογνώστης
1478 5932 1622 5997 Θεὸς
1664 5932 1843 6001 ἐμαρ-

218 6043 400 6114 ξὍρα
418 6045 688 6114 πῶςύοεει
720 6046 769 6096 in
795 6045 1104 6109 quibusdam.
1175 6046 1203 6087 δ
1236 6046 1329 6097 Alii
1357 6043 1505 6095 ταῦτα
1535 6047 1839 6097 mammam.

148 6106 307 6160 ταῦτα
327 6110 405 6155 καὶ
432 6106 653 6165 ἐκείνους.

1162 423 1256 480 ‘lN
1287 420 1469 480 ACTA
1504 415 2046 477 APOSTOLORUM.
2084 411 2322 472 HOMIL
2369 412 2587 468 XXX".

3549 403 3657 459 236

1954 532 2223 600 ’τύρησεν
2252 530 2461 597 αὐτοῖς
2488 546 2500 559 '
2532 527 2611 592 ὡς
2643 528 2739 582 καὶ
2764 529 2900 590 ἐκεῖ,
2927 527 3032 591 Σὺ,
3068 529 3268 595 Κύριε,
3300 525 3656 599 καρδιογνιῖι-

1956 633 2076 674 στα
2102 619 2368 685 πάντων,
2396 617 2743 683 ἀνάδειξον.
2774 616 2898 671 Ὅτι
2932 615 3041 688 γὰρ
3069 616 3231 670 τοῦτο
3254 612 3525 685 βούλεται,
3553 620 3657 689 ὅρα

1966 709 2013 764 τί
2049 708 2205 784 [250]
2241 710 2440 780 ἐπάγει
2458 728 2472 743 ο
2504 710 2589 764 ὅτι
2612 706 2809 763 Οὐδὲν
2839 706 3111 776 διέκρινεν
3131 708 3364 777 μεταξὺ
3393 709 3563 779 ἡμῶν
3592 727 3656 764 τε

1958 799 2061 857 καὶ
2087 798 2307 854 αὐτῶν.
2347 800 2478 855 Ὅτε
2522 792 2679 853 εἶπεν
2708 796 2891 851 αύτῶν
2920 798 3021 867 τὴν
3062 797 3376 868 μαρτυρίαν
3395 838 3409 861 ,
3444 798 3565 850 τότε
3593 797 3657 851 τὸ

1958 887 2106 959 μέγα
2138 887 2298 943 τοῦτο
2318 887 2645 959 ἐφθέγξατο,
2673 887 2814 957 ὅπερ
2844 884 3057 949 Παῦλός
3082 902 3250 955 φησιν
3271 903 3283 917 ⁸
3319 886 3469 939 Οὔτε
3498 902 3658 954 περι-

1954 977 2107 1047 τομή
2160 995 2215 1032 τι
2265 979 2501 1047 ἰσχύει,
2546 976 2687 1031 οὔτε
2721 975 3135 1043 ἀκροϐυστία·
3193 974 3311 1039 καὶ,
3341 974 3465 1028 Ἵνα
3512 974 3659 1041 τοὺς

1956 1065 2067 1122 δύο
2095 1067 2276 1137 κτίσῃ
2303 1066 2373 1120 ἐν
2402 1065 2619 1133 ἐαυτῷ.
2652 1066 2879 1121 ΙΙάντων
2920 1066 3129 1119 τούτων
3158 1065 3229 1119 τά
3274 1065 3569 1137 σπέρματα
3599 1067 3658 1120 ἐν

1955 1157 2022 1227 τῇ
2071 1154 2281 1226 Πέτρου
2319 1154 2639 1227 δημηγορίᾳ
2692 1157 2891 1209 κεῖται.
2942 1153 3054 1209 Καὶ
3099 1154 3201 1207 οὐκ
3224 1148 3370 1214 εἷπε,
3426 1153 3549 1206 Τῶν
3593 1156 3659 1208 ἐκ

1956 1243 2262 1315 περιτομῆς
2284 1285 2298 1309 ,
2337 1241 2509 1307 ἀλλὰ,
2542 1242 2786 1307 Μεταξὺ
2821 1240 3012 1310 ἡμῶν,
3049 1242 3330 1306 τουτέστι,
3370 1243 3480 1297 τῶν
3523 1245 3661 1298 ἀπο⁶

1958 1331 2183 1384 στόλων.
2218 1327 2373 1396 Εἶτα,
2412 1330 2501 1385 ἴνα
2540 1329 2615 1401 μὴ
2650 1330 2779 1402 δόξῃ
2811 1325 2971 1402 ὕϐρις
3006 1325 3149 1385 εἶναι
3189 1330 3254 1386 τὸ
3294 1331 3526 1396 Οὐδὲν,
3557 1334 3662 1386 ἐπ-

1958 1420 2114 1489 άγει·
2178 1421 2389 1475 Πίστει
2426 1421 2764 1489 καθαρίσας
2826 1420 2937 1487 τὰς
2985 1420 3239 1491 καρδίας
3284 1420 3508 1478 αὐτῶν.
3549 1422 3661 1478 Καὶ

1956 1511 2173 1582 ἀναιρεῖ
2203 1509 2303 1582 τὴν
2346 1508 2604 1563 ὑπόνοιαν
2645 1507 2732 1562 διὰ
2768 1508 2984 1564 τούτου.
3029 1508 3365 1582 Ἐξεκάθαρε
3393 1510 3661 1583 πρότερον

1954 1598 2047 1652 τὸν
2092 1599 2270 1668 λόγον,
2306 1598 2401 1652 καὶ
2437 1598 2559 1652 τότε
2602 1598 2879 1651 δείκνυσιν
2907 1597 3029 1669 οὐχὶ
3063 1598 3303 1670 πονηρὸν
3333 1598 3424 1652 τὸν
3466 1599 3655 1670 νόμον,

1956 1687 2072 1741 ἀλλ’
2101 1688 2301 1751 αὐτοὺς
2332 1686 2605 1751 ἀσθενεῖς.

2030 1775 2095 1846 β’.
2131 1776 2279 1847 ὐρα
2319 1776 2436 1840 πῶς
2479 1778 2561 1841 εἰς
2602 1776 2834 1849 φοϐερὸν
2868 1775 3185 1847 κατέληξεν.
3216 1776 3385 1830 Οὐδὲν
3415 1776 3523 1830 ἀπὸ
3548 1775 3675 1830 τῶν.

1959 1864 2255 1935 προφητῶν
2309 1866 2495 1929 αὐτοῖς
2546 1864 2876 1933 διαλέγεται,
2925 1862 3182 1919 ἀλλ”ἀπδ
3216 1864 3326 1917 τῶν
3368 1864 3659 1935 παρόντων

1958 1953 2324 2024 πραγμάτων,
2350 1946 2427 2007 ὧν
2451 1954 2605 2007 αὐτοὶ
2634 1955 2916 2027 μάρτυρες
2938 1948 3099 2025 ἦσαν.
3126 1952 3370 2016 Εἰκότως
3388 1954 3482 2006 καὶ
3501 1953 3660 2006 αὐτοὶ

1955 2040 2143 2094 λοιπὸν
2219 2041 2696 2117 ἐπιμαρτυροῦσι,
2764 2043 2857 2096 καὶ
2916 2041 3010 2095 τὸν
3074 2040 3235 2111 λόγον
3303 2041 3663 2113 ἰσχυρότερον

1957 2130 2172 2183 ποιοῦσι
2195 2133 2309 2195 τοῖς
2349 2130 2448 2203 ἥδη
2476 2132 2814 2202 γενομένοις.
2853 2132 2962 2185 Καὶ
2989 2132 3115 2202 δρα,
3144 2133 3202 2183 ἐν
3249 2133 3319 2202 τῇ
3354 2130 3661 2203 Ἐκκλησία

1958 2221 2238 2289 συγχωρεῖ
2282 2219 2499 2291 πρῶτον
2552 2218 2784 2290 ζήτησιν
2836 2218 3132 2287 γενέσθαι,
3170 2218 3264 2274 καὶ
3309 2218 3432 2271 τότε
3480 2217 3656 2286 λέγει.

1970 2307 2125 2361 Ἐπεὶ
2165 2303 2262 2362 οῦν
2315 2308 2415 2362 ούκ
2452 2303 2595 2375 εἰπε,
2651 2308 2774 2361 Τῶν
2829 2309 2893 2361 ἐκ
2944 2308 3275 2379 περιτομῆς.
3335 2308 3496 2374 ἀλλὰ,
3537 2307 3661 2360 Τῶν

1956 2394 2129 2449 ἐθνῶν
2182 2396 2202 2462 (
2223 2395 2381 2450 τοῦτο
2414 2396 2525 2468 γὰρ
2587 2396 2731 2450 κατά
2790 2396 2989 2468 μικρὸν
3044 2398 3390 2465 ἐπαγόμενον
3446 2396 3662 2464 ἐγίνετο

1959 2486 2332 2558 ἰσχυρότερον,
2380 2488 2561 2541 ἐκεῖνο
2595 2487 2653 2542 δὲ
2694 2482 2763 2559 ἦν
2794 2487 3171 2558 πειράζοντος,
3218 2487 3267 2539 εἰ
3309 2485 3536 2539 δύναται
3563 2485 3660 2539 καὶ

1959 2574 2099 2645 μετά
2125 2575 2290 2645 νόμον
2321 2576 2572 2645 σῶσαι),
2607 2575 2711 2645 δρα
2754 2574 2809 2627 τί
2842 2578 3023 2628 ποιεῖ·
3051 2575 3327 2628 δείκνυσιν
3358 2573 3558 2639 αὐτοὺς
3599 2575 3659 2628 ἐν

1956 2662 2210 2735 κινδύνῳ,
2264 2664 2318 2718 εἴ
2345 2680 2407 2733 γε
2442 2664 2581 2736 ὅπερ
2614 2664 2716 2719 οὐκ
2775 2663 2997 2735 ἴσχυσεν
3024 2666 3054 2717 ό
3104 2665 3306 2734 νόμος,
3360 2665 3583 2734 ἴσχυσεν
3622 2664 3659 2735 ἡ

1956 2750 2173 2815 πίστις·
2224 2751 2431 2821 ταύτης
2473 2752 2532 2806 δὲ
2586 2752 3000 2824 ἐκπιπτούσης,
3047 2752 3265 2822 ἀνάγκη
3318 2752 3563 2815 αὐτουςι
3599 2754 3661 2806 ἐν

1955 2836 2204 2910 ἀπωλείᾳ
2241 2834 2405 2893 εἶναι.
2434 2838 2547 2894 Καὶ
2600 2840 2701 2894 οὐκ
2749 2836 2940 2907 εἶπεν,
2993 2840 3343 2904 Ἀπιστεῖτε,
3395 2840 3538 2913 ὅπερ
3588 2834 3661 2913 ἦν

1956 2926 2384 3000 φορτικώτερον,
2418 2929 2514 2983 καὶ
2545 2928 2722 2984 ταῦτα
2750 2929 3119 3000 ἐληλεγμένου
3154 2928 3249 2982 τοῦ
3304 2928 3658 3000 πράγματος.

1969 3015 2057 3070 Ἐν
2086 3016 2189 3087 μὲν
2246 3013 2340 3071 οὖν
2395 3020 2508 3082 τοῖς
2568 3017 2973 3090 Ἰεροσολύμοις
3031 3018 3141 3072 οὐκΔ
3182 3012 3325 3088 ἦσαν
3376 3016 3437 3082 ἐξ
3484 3016 3659 3074 ἐθνῶν

1953 3120 2119 3169 τινες,
2152 3106 2211 3159 ἐν
2235 3104 2293 3159 δέ
2336 3105 2641 3179 Ἀντιοχείᾳ
2670 3106 2817 3170 εἰκὸς
2841 3101 3007 3163 εῖναι.
3045 3106 3145 3161 Διά
3181 3104 3342 3160 τοῦτο
3364 3105 3461 3160 καὶ
3492 3104 3660 3177 ἀπέρ⁴

1952 3211 2160 3263 χονται,
2192 3194 2287 3247 καὶ
2312 3193 2649 3265 διατρίϐουσι
2692 3194 2887 3265 χρόνον
2928 3194 3029 3248 οὐκ
3082 3194 3265 3263 ὀλίγον
3304 3195 3440 3246 ἐκεῖ.
3480 3193 3661 3259 Ἐξαν-

1955 3281 2195 3352 έστησαν
2251 3281 2309 3336 δέ
2362 3298 2511 3346 τινες
2545 3280 2659 3335 τῶν
2714 3282 3054 3354 Φαρισαίων,
3116 3282 3195 3337 ἔτι
3226 3280 3515 3347 νοσοῦντες
3555 3282 3659 3354 τὴν

1954 3369 2273 3441 φιλαρχίαν,
2318 3369 2415 3423 καὶ
2469 3369 2789 3441 βουλόμενοι
2828 3371 2965 3442 πρὸς
3000 3372 3200 3435 αὐτοὺς
3231 3371 3377 3442 ἔχειν
3427 3372 3556 3436 τοὺς
3595 3371 3661 3440 ἐξ

1952 3456 2146 3512 ἐθνῶν.
2207 3458 2403 3513 Καίτοι
2462 3460 2558 3513 καὶ
2593 3459 2808 3523 Παῦλος
2856 3460 3178 3531 νομομαθὴς
3233 3459 3323 3533 ἦν,
3381 3461 3497 3515 ἀλλ’
3554 3463 3656 3517 οὐκ

1952 3545 2160 3616 ἔπασχε
2192 3545 2381 3600 τοῦτο·
2435 3546 2626 3618 ἐπειδὴ
2670 3546 2727 3601 δὲ
2764 3547 2981 3601 ἐκεῖθεν
3022 3543 3189 3619 ἦλθε,
3232 3550 3327 3603 καὶ
3375 3550 3438 3604 τὸ
3475 3549 3658 3622 δόγμα

1951 3636 2347 3705 ἀκριϐέστερον
2380 3636 2621 3704 ἐγένετο.
2654 3636 2718 3689 Εἰ
2743 3635 2853 3707 γὰρ
2902 3638 2951 3689 οί
2977 3638 3035 3690 ἐν
3077 3637 3475 3709 Ἰεροσολύμοις
3502 3639 3657 3705 ὄντες

1951 3723 2104 3777 οὐδὲν
2135 3723 2379 3778 τοιοῦτον
2406 3725 2782 3790 ἐπιτάττουσι,
2828 3724 3010 3796 πολλῷ
3049 3726 3251 3795 μᾶλλον
3281 3719 3446 3781 οὗτοι.
3489 3728 3655 3800 Ὁρᾷς

1950 3809 2066 3864 ὅσοι
2098 3810 2177 3881 μὴ
2232 3811 2581 3881 φιλαρχοῦσι,
2624 3813 2914 3884 χαίρουσιν
2954 3814 3012 3867 ἐν
3048 3816 3114 3885 τῇ
3155 3814 3373 3883 πίστει;
3406 3815 3480 3869 Οὐ
3511 3816 3657 3885 φιλο-

1949 3900 2141 3968 τιμίας
2178 3899 2359 3953 τοίνυν
2386 3903 2454 3954 τά
2494 3900 2817 3972 διηγήματα
2851 3902 2973 3955 οὐδὲ
3019 3902 3334 3969 ἐπιδείξεως
3373 3899 3444 3974 ἦν
3466 3944 3481 3971 ,
3515 3903 3657 3958 ἀλλά

1950 3988 2251 4057 ἀπολογίας
2279 3987 2373 4042 τοῦ
2405 3990 2485 4054 είς
2524 3988 2595 4043 τά
2632 3989 2760 4059 ἔθνη
2803 3990 3199 4061 κηρύγματος·
3238 3989 3321 4045 διὸ
3369 3994 3465 4047 καὶ
3498 3993 3652 4049 οὐδὲν

1948 4076 2168 4145 λέγουσι
2190 4077 2299 4131 τῶν
2326 4079 2407 4143 εἰς
2429 4079 2561 4143 τοὺς
2604 4079 2895 4143 Ἰουδαίους
2918 4080 3372 4151 συμὸεὸηκότων.
3406 4082 3585 4153 Πολλὴ
3614 4084 3650 4155 ἡ

1948 4164 2255 4237 ἐπιτριϐὴι)
2295 4164 2407 4219 τῶν
2457 4166 2807 4238 Φαρισαίων,
2853 4167 2951 4221 καὶ
3010 4168 3149 4239 μετά
3196 4167 3296 4241 τὴν
3336 4169 3521 4223 πίστιν
3568 4170 3652 4223 ἐτι

1948 4251 2387 4324 νομοθετούντων
2411 4296 2426 4322 ,
2486 4256 2581 4309 καὶ
2630 4254 2691 4309 οὐ
2748 4255 3093 4327 πειθομένων
3138 4260 3253 4321 τοῖς
3304 4256 3646 4323 ἀποστόλοις.

1962 4341 2103 4396 Ἀλλ’
2140 4342 2243 4412 ὅρα
2273 4343 2518 4407 ἐκείνους
2538 4384 2553 4411 ,
2590 4342 2709 4408 πῶς
2742 4344 3008 4409 ἐπιεικῶς
3038 4345 3135 4399 καὶ
3176 4348 3238 4399 οὐ
3269 4346 3409 4417 μετά
3454 4346 3654 4401 αὐθεν-

1947 4431 2100 4494 τείας
2150 4430 2534 4499 διαλέγονται*
2580 4430 2649 4484 τὰ
2704 4432 2815 4503 γὰρ
2870 4431 3101 4487 τοιαῦτα
3146 4433 3497 4506 ἐπιθυμητὰ,
3555 4437 3650 4490 καὶ

1950 4519 2169 4590 πέπηγε
2206 4519 2431 4590 μᾶλλον,
2489 4520 2655 4592 Ὀρᾷς
2696 4520 2938 4591 οὐδαμοῦ
2968 4520 3143 4589 λόγων
3180 4521 3482 4592 ἐπίδειξιν,
3512 4522 3649 4577 ἀλλά

1946 4606 2046 4679 τὴν
2081 4607 2169 4662 διὰ
2208 4607 2318 4661 τῶν
2358 4608 2724 4679 πραγμάτων,
2754 4607 2853 4680 τὴν
2880 4608 2967 4665 διά
2998 4607 3090 4662 τοῦ
3116 4608 3471 4681 Πνεύματος;
3507 4611 3646 4665 Ἀλλ’

1946 4697 2097 4766 ὅμως
2132 4696 2222 4749 καὶ
2250 4695 2479 4750 τοιαῦτα
2518 4695 2735 4767 ἔχοντες
2764 4698 3065 4769 τεκμήρια,
3109 4697 3188 4751 ἔτι
3220 4699 3484 4764 ἐπιεικῶς
3531 4700 3649 4756 δια-ι

1947 4785 2215 4853 λέγονται.
2256 4784 2365 4838 Καὶ
2411 4785 2547 4856 ὅρα·
2582 4785 2684 4838 οὐκ
2732 4785 3069 4857 ἀπέρχονται
3098 4785 3483 4853 διαὸάλλοντες
3520 4790 3647 4853 τοὺς

1948 4874 2007 4926 ἐν
2048 4873 2371 4944 Ἀντιοχείᾳ,
2390 4872 2505 4927 ἀλλ’
2533 4874 2745 4927 ἐκεῖθεν
2767 4874 2930 4928 πάλιν
2951 4874 3335 4946 λαμϐάνουσιν
3362 4878 3651 4950 ἀφορμήν..

1948 4962 2137 5027 Οὕτως
2169 4963 2444 5034 ἐμελέτων
2471 4962 2533 5017 τὸ
2570 4964 2885 5035 φιλαρχεῖν,
2912 4965 2963 5018 οἳ
3004 4964 3101 5018 καί
3146 4966 3248 5020 οὐκ
3279 4968 3498 5022 εἰδότων
3534 4970 3649 5024 τῶν-

1948 5053 2266 5107 ἀποστόλων
2289 5053 2677 5125 ἐμέμφθησαν.
2716 5054 2857 5107 Ἀλλ’
2888 5055 3039 5124 ὅμως
3069 5054 3223 5111 οὐδὲν
3247 5055 3455 5111 τούτων
3494 5052 3643 5113 οὗτοι

1948 5142 2301 5211 προήνεγκαν
2336 5158 2349 5171 ο
2407 5142 2523 5195 ἀλλ’
2568 5144 2657 5196 ὅτε
2712 5142 3042 5209 ἀπέδειξαν,
3088 5144 3213 5198 τότε
3284 5146 3642 5219 σφοδρότερον

1949 5229 2241 5299 γράφουσι.
2282 5228 2445 5298 Μέγα
2498 5229 2609 5301 γὰρ
2668 5232 2700 5301 ή
2757 5232 3029 5289 ἐπιείκεια
3101 5233 3381 5304 πανταχοῦ
3442 5237 3638 5290 καλόνο

1948 5317 2221 5370 ἐπιείκεια
2265 5316 2430 5387 λέγω,
2464 5319 2523 5371 οὐ
2558 5318 2871 5390 ψυχρότης·
2910 5320 3209 5387 ἐπιείκεια,
3252 5322 3314 5375 οὑ
3345 5323 3638 5378 κολακεία·

1949 5406 2083 5459 πολὺ
2110 5405 2218 5477 γὰρ
2247 5405 2419 5460 ταῦτα
2444 5406 2731 5479 διέστηκεν
2752 5408 2849 5461 ἀπ’
2876 5408 3145 5479 ἀλλήλων.

2019 5489 2186 5543 Οὐδὲν
2217 5488 2370 5562 [251]
2405 5490 2677 5562 ἐτράχυνε
2710 5491 2946 5559 Παῦλον,
2985 5492 3140 5545 οὐδὲν
3189 5492 3419 5565 Πέτρον.
3462 5498 3635 5550 Ὅταν

1948 5578 2077 5649 ἔχῃς
2114 5578 2447 5645 ἀποδείξεις,
2482 5580 2535 5633 τί
2572 5579 2769 5653 ὀργίζῃ
2799 5597 2813 5648 ;
2850 5580 2884 5652 ἢ
2925 5581 3014 5634 ἴνα
3045 5581 3139 5633 καὶ
3160 5580 3368 5645 ταύτας
3398 5584 3641 5654 ἀκύρους

1952 5669 2215 5739 ποιήσῃς
2263 5668 2380 5721 Οὐκ
2427 5667 2543 5720 ἐστι
2579 5671 2671 5722 τὸν
2722 5668 3079 5741 ὀργιζόμενον
3112 5669 3297 5723 πεῖσαί
3326 5687 3479 5725 ποτε.
3532 5675 3641 5727 Καὶ

1949 5755 2074 5825 χθὲς
2106 5756 2236 5826 περὶ
2266 5756 2440 5827 ὀργῆς
2473 5756 2827 5828 διελέχθημεν
2852 5774 2866 5786 ·
2900 5758 3054 5811 οὐδὲν
3082 5757 3138 5811 δὲ
3170 5757 3370 5811 κωλύει
3410 5762 3503 5813 καὶ
3543 5765 3639 5835 τή-

1953 5860 2121 5916 μερον
2147 5862 2158 5873 ·
2214 5846 2245 5914 ἡ
2276 5844 2385 5915 γὰρ
2447 5845 2698 5917 συνέχεια
2752 5847 2881 5911 ἴσως
2917 5846 3216 5919 ἐργάσεταί
3250 5864 3326 5902 τι.
3364 5850 3479 5902 Καὶ
3530 5851 3640 5922 γὰρ

1952 5934 2243 6001 φάρμακον
2294 5934 2355 5985 τὸ
2416 5933 2646 6003 δύναμιν
2674 5934 2795 6005 ἕχον
2846 5936 3111 6008 ἀφανίσαι
3164 5934 3409 6006 τραῦμα,
3456 5936 3521 5990 ἂν
3565 5940 3669 6021 μὴ,

2017 6046 2205 6127 ‘hl'dcm
2233 6052 2569 6115 ἐκπιπτούσης,
2618 6056 2704 6120 ὅρα
2733 6055 2919 6113 αὐτούς.
2997 6056 3024 6099 δ
3054 6057 3262 6117 Quidam
3284 6056 3435 6114 πολλὴ
3464 6057 3511 6107 δὲ
3535 6058 3614 6108 ἐπι

1961 6123 2115 6170 rma-rw
