4084 6332
486 491 591 548 ΞΠ

498 603 736 675 συνεχῶς
783 602 1028 673 ἐπιτεθῇ,
1075 600 1135 655 τὺ
1167 601 1277 656 πᾶν
1313 601 1584 657 ἀπώλεσε.
1644 600 1732 673 Μὴ
1778 602 1841 674 δὴ
1886 602 2156 675 νομίζετε,

496 693 837 759 κατάγνωσιν
868 688 1022 759 ὑμῶν
1072 686 1231 757 εἶναι,
1266 689 1327 742 τὸ
1366 689 1603 759 συνεχῶς
1656 692 1785 761 περὶ
1822 691 1931 743 τῶν
1980 691 2163 744 αὑτῶν

495 775 834 846 διαλέγεσθαι
860 794 874 808 ·
905 777 952 828 εί
1004 776 1112 848 γὰρ
1153 776 1615 847 κατεγνώκειμεν,
1645 778 1745 830 οὑκ
1788 776 1854 831 ἂν
1879 778 2159 848 διελέχθη-

502 882 632 937 μεν·
660 864 755 919 νῦν
786 864 842 917 δὲ
864 863 1178 927 ἐλπίζοντες
1216 864 1429 935 μεγάλα
1453 866 1602 935 ἡμᾶς
1626 865 1954 935 κερδαίνειν,
1986 866 2163 919 ταῦτα

496 953 867 1022 φθεγγόμεθα.
928 952 1055 1007 Εἴθε
1132 953 1240 1023 γὰρ
1292 954 1531 1023 συνεχῶς
1601 954 1733 1024 περὶ
1805 952 1913 1006 τῶν
1990 954 2168 1006 αὑτῶν

497 1042 784 1111 ἐλέγομενί
818 1041 927 1095 εῖθε
990 1041 1124 1112 μηδέ
1182 1037 1250 1111 ἦν
1279 1042 1413 1112 ἀλλη
1460 1059 1546 1105 τις
1598 1042 1771 1111 λόγων
1824 1041 2083 1106 ὑπόθεσις
2135 1042 2168 1113 ἢ

497 1130 736 1198 φροντὶς,
772 1128 887 1181 ἀλλ’
920 1129 1069 1192 ὅπως
1100 1128 1208 1181 τῶν
1238 1127 1427 1181 παθῶν
1450 1131 1814 1201 κρατήσωμεν
1838 1131 1944 1184 τῶν
1969 1130 2171 1201 ἡμετέ-

498 1218 633 1281 οωνί
669 1216 792 1279 Πῶς
814 1216 921 1287 γὰρ
946 1216 1046 1267 οὑκ
1068 1215 1285 1277 ἄτοπον,
1315 1215 1596 1284 βασιλεῦσι
1613 1218 1710 1287 μὲν
1732 1219 1791 1270 ὲν
1819 1221 1999 1289 τρυφῇ
2033 1217 2169 1282 ζῶσι

497 1305 593 1357 καὶ
623 1304 859 1375 τοσαύτῃ
888 1306 1018 1374 τιμῇ
1052 1304 1257 1373 μηδένα
1285 1301 1423 1357 εἶναι
1454 1306 1633 1374 λόγον,
1657 1308 1797 1377 μήτε
1831 1307 1924 1360 ἐπὶ
1958 1307 2169 1376 τραπέ-

499 1397 618 1466 ζης,
659 1396 791 1466 μηδὲ
815 1396 870 1446 ἐν
892 1394 1034 1461 ἄλλῳ
1068 1394 1256 1465 μηδενὶ
1288 1396 1485 1466 καιρῷ,
1526 1395 1661 1450 ἀλλά
1718 1396 1837 1460 πῶς
1871 1397 2031 1465 μόνον
2057 1396 2168 1449 τῶν

498 1484 772 1552 πολεμίων
803 1490 822 1511 ⁸
858 1482 1135 1551 κρατῆσαι
1195 1481 1294 1546 δεῖ,
1326 1484 1421 1536 καὶ
1454 1482 1543 1536 διά
1578 1485 1736 1537 τοῦτο
1767 1484 1888 1537 καθ’
1924 1484 2165 1553 ἑκάστην

497 1568 711 1637 ἡμέραν
734 1564 1022 1632 συλλόγους
1050 1568 1244 1629 ποιεῖν,
1275 1568 1369 1619 καὶ
1405 1570 1743 1637 στρατηγοὺς
1767 1569 1859 1621 καὶ
1893 1567 2161 1639 στρατιώ-

497 1671 597 1717 τας
618 1652 958 1716 καταλέγειν,
992 1654 1087 1706 καὶ
1108 1654 1303 1723 φόρους
1334 1656 1606 1718 ἀπαιτεῖν,
1627 1656 1846 1708 καὶτῶν
1874 1656 2168 1709 πολιτικῶν

499 1742 840 1813 πραγμάτων
861 1740 1065 1805 ταύτας
1080 1742 1173 1794 δύο
1198 1743 1378 1804 αἰτίας
1400 1742 1702 1809 ἀναγκαίας
1724 1740 1862 1797 εἶναι
1893 1744 2165 1815 ἡγεῖσθαι,

498 1832 643 1891 ὅπως
676 1829 767 1885 καὶ
811 1828 919 1881 τῶν
964 1827 1340 1899 πολεμούντων
1391 1831 1729 1900 κρατήσωσι,
1775 1833 1869 1885 καὶ
1913 1834 2038 1895 τοὺς
2088 1833 2168 1884 οί-

499 1916 679 1978 κείους
733 1918 791 1967 ὲν
847 1916 1039 1987 είρήνῃ
1089 1916 1537 1985 καταστήσωσιν*
1588 1918 1737 1987 ἡμᾶς
1783 1918 1838 1970 δὲ
1872 1918 2006 1989 μηδέ
2038 1918 2169 1989 όναρ

499 2002 679 2055 θέλειν
708 2002 776 2056 τά
824 2002 1049 2056 τοιαῦτα
1105 2003 1471 2071 διαλέγεσθαι,
1518 2004 1633 2057 ἀλλ’
1661 2006 1813 2069 ὅπως
1859 2006 1959 2076 μὲν
2000 2007 2169 2077 ἀγρὸν

498 2089 861 2161 ῶνησὼμεθα,
889 2091 981 2143 καὶ
1021 2092 1170 2154 ὅπως
1203 2091 1535 2161 ἀνδράποδα,
1570 2094 1663 2144 καὶ
1682 2093 1832 2156 ὅπως
1869 2094 2037 2147 πλείω
2071 2094 2168 2164 τὴν

497 2177 687 2229 οὑσίαν
720 2177 1056 2247 ποιήσωμεν,
1086 2175 1210 2229 καθ’
1255 2177 1491 2247 ἑκάστην
1542 2178 1757 2249 ἡμέραν
1792 2178 2165 2250 διαλεγόμενοι

496 2263 556 2315 οὑ
585 2263 933 2334 λαμϐάνομεν
958 2263 1117 2333 κόρον
1143 2280 1155 2291 ·
1183 2263 1309 2334 περὶ
1331 2264 1385 2316 δὲ
1413 2264 1521 2317 τῶν
1556 2266 1612 2317 ἐν
1652 2268 1785 2337 ἡμῖν
1826 2269 2167 2337 πραγμάτων

498 2352 591 2403 καὶ
613 2350 722 2403 τῶν
743 2350 908 2414 ὅντως
934 2351 1090 2421 ἡμῶν
1116 2350 1238 2403 οὕτε
1269 2352 1421 2419 αὐτοὶ
1462 2352 1643 2419 λέγειν
1684 2354 2013 2425 βουλόμεθα,
2046 2357 2167 2409 οὑδὲ

497 2440 703 2509 ἐτέρων
750 2439 1016 2507 λεγόντων
1054 2439 1359 2509 ἀνεχόμεθα
1410 2440 1657 2506 ἀκούειν;
1697 2443 1831 2513 Περὶ
1873 2443 2016 2505 τίνος
2050 2438 2165 2508 οὖν,

497 2528 618 2580 εἰπέ
672 2545 780 2597 μοι,
843 2526 1186 2595 διαλέγεσθαι
1251 2527 1473 2597 βούλει;
1535 2530 1665 2599 περὶ
1688 2530 1947 2599 ἀρίστου;
2005 2530 2167 2584 Ἀλλά

495 2615 666 2667 ταῦτα
708 2614 986 2685 μαγείρων
1040 2614 1106 2667 τά
1151 2616 1391 2685 ῥήματα.
1447 2616 1607 2669 Ἀλλά
1652 2618 1780 2687 περὶ
1827 2619 2161 2688 χρτκαάτων;

508 2704 667 2757 Ἄλλά
692 2706 864 2758 ταῦτα
896 2704 1156 2775 καπήλων
1206 2705 1300 2757 καὶ
1359 2707 1639 2777 ἐμπόρων.
1676 2707 1837 2760 Ἀλλά
1870 2710 1997 2780 περὶ
2049 2727 2166 2762 κτι-

497 2794 754 2862 σμάτων;
800 2792 961 2844 Ἀλλά
982 2792 1157 2846 ταῦτα
1194 2793 1466 2846 τεκτόνων
1508 2796 1603 2847 καὶ
1649 2795 1968 2865 οἰκοδόμων.
2004 2798 2166 2851 Ἀλλά

494 2883 625 2949 περὶ
661 2881 798 2953 γῆᾼςς
844 2879 1001 2932 Ἀλλά
1034 2879 1203 2932 ταῦτα
1228 2881 1508 2950 γεωργῶν.
1549 2881 1739 2951 Ἠμῶν
1779 2882 1835 2935 δὲ
1869 2884 2020 2936 οὐδὲν
2050 2885 2168 2937 ἓτε-

498 2970 589 3039 ρόν
610 2970 755 3021 ἐστιν
778 2968 957 3037 ἔργον,
995 2967 1113 3019 ἀλλ’
1144 2967 1176 3038 ἢ
1208 2967 1327 3029 πῶς
1366 2966 1598 3022 πλοῦτον
1639 2972 2110 3041 περιποιησόμεθα
2138 2974 2167 3013 δ

490 3059 557 3129 τῇ
588 3056 754 3125 ψυχῇ.
781 3055 873 3125 Μὴ
894 3056 1074 3108 τοίνυν
1100 3054 1415 3126 προσκορὴς
1440 3056 1467 3107 ό
1502 3055 1657 3123 λόγος
1691 3057 1947 3125 γινέσθω.
1984 3060 2083 3113 Διά
2114 3060 2165 3114 τί

491 3143 599 3213 7&9
636 3142 824 3211 μηδεὶς
852 3142 1074 3210 ἐγκαλεῖ
1108 3140 1185 3210 τῷ
1222 3142 1391 3211 ἰατρῷ
1428 3144 1556 3212 περὶ
1599 3145 1851 3215 ἰατρικῆς
1880 3146 1966 3199 ἀεὶ
1990 3146 2165 3200 διαλε⁸

490 3230 727 3299 γομένῳ,
762 3228 898 3300 μηδὲ
946 3232 1059 3288 τοῖς
1114 3229 1292 3293 ἀλλοις
1343 3232 1455 3293 τοῖς
1506 3230 1857 3303 δημιουργοῖς
1888 3235 2016 3305 περὶ
2057 3234 2166 3289 τῶν

491 3312 705 3364 οἰκείων
758 3311 963 3381 τεχνῶν
1003 3311 1289 3379 λέγουσιν;
1330 3313 1387 3365 Εἰ
1432 3313 1529 3382 μὲν
1563 3313 1671 3385 γάρ
1719 3314 1893 3378 οὕτως
1929 3319 2065 3386 ἡμῖν
2098 3314 2165 3389 ἦν

492 3394 898 3465 κατωρθωμένα
932 3395 1000 3448 τά
1047 3396 1153 3448 τῶν
1199 3396 1413 3459 παθῶν,
1442 3396 1515 3459 ῶς
1554 3398 1628 3468 μὴ
1664 3398 1871 3451 δεῖσθαι
1918 3400 2164 3474 ὑπομνή-

491 3498 649 3545 σεως,
679 3482 904 3545 εἰκότως
927 3481 992 3535 ἄν
1020 3501 1100 3546 τις
1120 3485 1151 3553 ή
1163 3485 1257 3553 μῖνη
1270 3482 1553 3536 ἐνεκάλεσε
1583 3486 1894 3556 φιλοτιμίαν
1926 3490 2019 3542 καὶ
2046 3491 2163 3542 ἐπί-

487 3571 683 3633 δειξιν·
720 3570 923 3640 μᾶλλον
958 3570 1011 3622 δὲ
1044 3571 1165 3623 οὑδὲ
1188 3570 1383 3634 οὑτως.
1421 3570 1483 3623 Εἰ
1539 3573 1649 3644 γὰρ
1682 3575 1775 3627 καὶ
1807 3576 2159 3645 κατώρθωτο,

490 3659 584 3711 καὶ
617 3657 787 3720 οὑτως
822 3658 989 3728 ἐχρῆν
1014 3657 1378 3725 διαλέγεσθαι,
1410 3658 1551 3711 ὥστε
1584 3661 1660 3731 μὴ
1692 3662 2019 3716 ἀναπεσεῖνο
2043 3666 2164 3718 ἐπεὶ

491 3747 587 3799 καὶ
620 3747 792 3815 ἰατροὶ
822 3748 942 3815 οὑχὶ
971 3745 1237 3807 νοσοῦσιν,
1279 3746 1418 3800 ἀλλά
1450 3748 1541 3799 καὶ
1574 3748 1879 3815 ὑγιαίνουσι
1900 3752 2165 3821 διαλέγον-

487 3851 601 3897 ται,
640 3834 732 3885 καὶ
790 3832 937 3885 ἔστιν
982 3834 1167 3897 αὑτοῖς
1217 3833 1395 3904 βιϐλία
1450 3834 1705 3906 τοιαύτης
1753 3840 2160 3909 πραγματείας,

487 3926 597 3984 τοῖς
624 3922 741 3992 μὲν,
774 3922 860 3973 ἵνα
889 3923 986 3993 τῆς
1020 3922 1175 3975 νόσου
1231 3922 1643 3989 ἀπαλλάττωσι,
1678 3926 1787 3999 τοῖς
1815 3927 1891 3990 δὲ,
1947 3928 2033 3979 ἵνα
2064 3929 2162 3999 τὴν

490 4010 680 4075 ὑγείαν
714 4009 1168 4078 διαφυλάττωσιν.
1199 4010 1363 4063 ’Ὥστε
1424 4013 1469 4062 εί
1510 4012 1607 4063 καὶ
1660 4012 1998 4083 ὑγιαίνομεν,
2043 4016 2161 4069 οὐδὲ

488 4098 661 4157 οὕτως
688 4098 989 4166 ἀποστῆναι
1021 4099 1207 4168 ὲχρῆν,
1236 4096 1376 4152 ἀλλά
1419 4098 1595 4151 πάντα
1628 4104 1799 4153 ποιεῖν
1820 4101 1959 4155 ῶστε
1984 4105 2164 4177 διατη-

495 4185 719 4257 ρηθῆναι
741 4185 839 4255 τὴν
861 4185 1048 4253 ὑγείαν
1074 4188 1224 4256 ἡμῖν.

504 4262 507 4263 ν
558 4279 628 4340 γ’.
657 4275 825 4326 Ὅταν
858 4273 913 4327 δὲ
930 4275 1022 4326 καὶ
1048 4276 1315 4344 νοσῶμεν,
1343 4276 1502 4347 διπλῆ
1539 4277 1645 4331 τῶν
1673 4277 1895 4350 λόγωνή
1923 4282 2155 4355 ἀνάγκη·

494 4361 591 4430 μία
630 4362 747 4431 μὲν,
801 4362 1181 4432 ἀπαλλαγῆναι
1218 4366 1315 4431 τῆς
1360 4365 1545 4417 νόσου’
1593 4365 1823 4439 δευτέρα
1859 4368 1937 4433 δὲ,
1981 4372 2159 4423 ἀπαλ-

490 4454 751 4519 λαγέντας
805 4454 877 4524 μὴ
931 4457 1247 4523 περιπεσεῖν
1302 4456 1483 4509 πάλιν.
1532 4458 1741 4511 Οὐκοῦν
1787 4459 2158 4532 θεραπευτικῇ

494 4544 700 4613 μεθόδῳ
720 4544 1079 4612 διαλεγόμεθα
1106 4544 1223 4608 νῦν,
1254 4546 1352 4614 οὑχ
1375 4547 1587 4617 ὑγιεινῇ
1619 4551 1996 4620 πραγματείᾳ.
2033 4552 2159 4614 Πῶς

489 4628 579 4692 οῦν
608 4633 672 4686 ἄν
700 4650 783 4695 τις
839 4633 899 4685 τὸ
953 4634 1124 4697 κακὸν
1172 4634 1331 4687 τοῦτο
1380 4636 1629 4705 ἐκκόψειε
1681 4640 1889 4703 πάθος;
1925 4640 2041 4703 πῶς
2068 4640 2159 4693 τὸν

492 4722 715 4793 σψοδρὸν
734 4721 1069 4775 ὑποστείλειε
1102 4733 1123 4761 ε
1162 4724 1431 4793 πυρετόν;
1471 4725 1700 4795 Ἴδωμεν
1735 4726 1896 4779 πόθεν
1941 4727 2155 4797 ἐτέχθη,

490 4808 637 4879 [252]
668 4810 872 4880 καὶτὴν
904 4809 1083 4863 αίτίαν
1118 4811 1415 4882 ἀνέλωμεν.
1442 4811 1612 4865 Πόθεν
1626 4813 1903 4867 τίκτεσθαι
1931 4814 2155 4883 εἰωθεν;

502 4899 592 4963 Ἐξ
608 4897 915 4964 ἀλαζονείας
934 4903 1028 4955 καὶ
1044 4902 1301 4966 ἀπονοίας
1316 4903 1759 4975 πολλῆς.Ταύτην
1778 4902 1869 4959 οὖν
1883 4907 2158 4978 ἀνέλωμεν

492 4986 588 5056 τὴν
607 4986 805 5047 αἰτίαν,
830 4988 923 5051 καὶ
958 4988 1323 5058 συνανῄρηται
1344 4991 1435 5042 καὶ
1456 4991 1518 5044 τὸ
1542 4990 1773 5061 νόσημα.
1791 4993 1856 5046 Τί
1884 4994 1939 5047 δὲ
1966 4996 1997 5065 ή
2026 4996 2157 5049 ἀλα-

490 5076 701 5141 (welz;
743 5074 909 5127 πόθεν
957 5076 1232 5141 τίκτεται;
1282 5077 1425 5147 τάχα
1464 5078 1575 5150 7&9
1632 5080 1795 5134 πάλιν
1835 5082 1919 5151 ἐφ’
1962 5084 2156 5155 ἑτέραν

486 5162 659 5232 ἀρχὴν
706 5160 1093 5233 κινδυνεύομεν
1146 5162 1409 5215 ἀνελθεῖν.
1468 5164 1677 5227 Οὐκοῦν
1737 5168 1803 5236 ἢν
1840 5166 1906 5220 ἂν
1946 5171 1973 5221 ό
2000 5169 2157 5237 λόγος

488 5250 855 5319 ὑφηγήσηται,
901 5250 1106 5328 ταύτην
1186 5249 1514 5323 βαδίζωμεν,
1565 5252 1714 5315 ὅπως
1765 5254 2017 5310 κάτωθεν
2062 5260 2156 5311 καὶ

488 5335 779 5406 πρόρριζον
809 5337 1130 5411 ἀνασπασθῇ
1156 5338 1211 5390 τὸ
1245 5340 1436 5393 κακόν.
1471 5338 1645 5395 Πόθεν
1665 5336 1803 5413 οὖνή
1839 5342 2154 5411 ἀλαζονεία;

501 5423 595 5475 Ἐκ
616 5424 709 5475 τοῦ
753 5425 826 5495 μὴ
859 5423 1287 5479 ἐπισκέπτεσθαι
1326 5426 1394 5480 τά
1436 5428 1705 5501 ἡμέτερα,
1736 5429 1852 5487 ἀλλ’
1882 5430 2023 5501 ὑπὲρ
2059 5433 2158 5503 μὲν

490 5511 704 5589 φύσεως
730 5513 852 5581 γῆς,
905 5513 1083 5567 καίτοι
1107 5514 1207 5566 οὐκ
1233 5514 1392 5577 ὄντας
1414 5519 1719 5593 γεωργοὺς,
1763 5518 2156 5591 πολυπραγμο-

487 5602 620 5661 νεῖν,
662 5599 753 5650 καὶ
780 5600 917 5671 ὑπὲρ
944 5600 1159 5670 φύσεως
1184 5601 1390 5681 φυτῶν,
1413 5602 1508 5658 καὶ
1528 5604 1668 5675 ὑπὲρ
1701 5606 1914 5675 φύσεως
1928 5607 2156 5679 χρυσοῦ,

488 5688 667 5739 καίτοι
704 5687 803 5739 οὐκ
825 5687 984 5752 ὄντας
1011 5690 1309 5768 ἐμπόρους,
1330 5690 1422 5744 καὶ
1447 5691 1587 5763 ὑπὲρ
1607 5692 1858 5765 ἱματίων,
1886 5696 1981 5750 καὶ
2014 5697 2155 5768 ὑπὲρ

556 5853 1061 5942 ῗτΕΒΡὲμῖοέξέξὶρῷ
1075 5861 1371 5942 “ﬁlim
1396 5866 1491 5942 ῖῶγ
1514 5866 1771 5942 τεολεμίιιξι·
1840 5870 1869 5909 ⁵
1892 5872 2024 5926 Unus
2048 5878 2153 5942 πῶς

490 5913 689 5968 πλοῦτον
714 5911 1046 5981 ἐργασόμεθα.’
1095 5924 1117 5953 ⁸
1145 5921 1279 5973 Idem
1303 5911 1880 5991 céo69b§6i6§ia€9tm

1389 488 1673 546 JOANNIS
1709 487 2203 546 CHRYSOSTOMI
2242 488 2563 547 ARCHIEP.
2606 487 3156 548 CONSTANTINOP.

3855 483 3966 540 238

2272 605 2511 658 πάντων·
2529 600 2670 673 ὑπὲρ
2694 604 2750 657 δὲ
2769 604 2923 674 ήμῶν
2940 604 3029 656 καλ
3048 603 3147 674 τῆς
3163 599 3334 674 ήμετέ
3342 619 3439 671 ρας
3452 604 3671 671 φύσεως
3690 608 3967 677 μηδέποτε

2272 690 2560 762 ἀνέχεσθαι
2613 690 2772 743 τοῦτο
2801 694 2996 744 ποιεῖν.
3046 690 3157 745 Καὶ
3212 690 3296 753 τίς
3328 690 3532 759 ἀγνοεῖ,
3566 695 3722 764 φησὶ,
3747 695 3854 765 τὴν
3885 697 3971 747 oi-

2273 780 2424 832 κείαν
2452 778 2650 849 φύσιν;
2690 778 2903 831 Πολλοί·
2935 779 3077 849 τάχα
3108 778 3163 832 δὲ
3186 778 3389 841 πάντες
3421 778 3563 850 πλὴν
3599 780 3837 856 ὀλίγων·
3866 782 3971 835 καὶ

2271 869 2319 919 εἰ
2347 865 2625 937 βούλεσθε,
2662 864 2917 919 ἐντεῦθεν
2973 866 3186 936 ποιήσω
3228 864 3320 917 τὸν
3362 864 3606 936 ἔλεγχον.
3651 867 3792 921 Εἰπὲ
3850 868 3969 939 γάρ

2273 972 2385 1023 μοι,
2416 953 2468 1008 τί
2487 952 2617 1006 ποτέ
2639 956 2787 1007 ἐστιν
2808 953 3093 1021 ἄνθρωπος
3116 971 3129 1018 ;
3153 951 3221 1005 Et
3242 970 3327 1015 τις
3356 950 3680 1023 ἐρωτηθείη,
3704 955 3825 1008 Τίνι
3853 955 3969 1009 τῶν

2270 1039 2479 1107 ἀλόγων
2502 1038 2775 1108 διέστηκε,
2801 1037 2920 1100 πῶς
2955 1038 3227 1107 συγγενής
3254 1039 3371 1091 ἐστι
3402 1038 3511 1093 τῶν
3550 1039 3609 1093 ἐν
3638 1039 3889 1111 οὐρανῷ,
3912 1042 3967 1093 τί

2268 1125 2491 1180 δύναται
2548 1124 2609 1191 ἐξ
2640 1123 2929 1195 ἀνθρώπου
2976 1124 3275 1192 γενέσθαι;
3327 1125 3403 1196 μὴ
3450 1126 3739 1201 δυνήσεται
3770 1126 3834 1193 ἐξ
3872 1128 3971 1191 εὑ-

2271 1213 2423 1277 θείας
2470 1212 2877 1285 ἀποκριθῆναι;
2954 1212 3069 1265 Οὐκ
3107 1210 3284 1279 ἔγωγε
3324 1208 3501 1283 οἶμαι.
3535 1213 3807 1286 Καθάπερ
3850 1216 3969 1285 γάρ

2268 1303 2361 1355 ἐπὶ
2390 1301 2521 1373 ὕλης
2558 1302 2724 1365 τινὸς,
2753 1302 2899 1355 οὕτω
2929 1301 3025 1353 καὶ
3070 1301 3162 1352 ἐπὶ
3188 1298 3481 1370 ἀνθρώπου
3504 1301 3565 1354 τὸ
3596 1302 3697 1373 μὲν
3728 1303 3968 1357 ὑποκεί-

2271 1407 2434 1459 μενον
2459 1389 2746 1460 ἄνθρωπος
2770 1406 2783 1419 ’
2825 1388 3049 1442 δύναται
3092 1388 3150 1442 δὲ
3180 1386 3443 1456 γενέσθαι
3472 1390 3567 1441 καὶ
3605 1390 3841 1459 ἄγγελος
3870 1391 3970 1443 καὶ

2268 1475 2475 1547 θηρίον.
2505 1473 2654 1544 τΑρα
2675 1478 2735 1529 οὑ
2767 1477 2919 1530 δοκεῖ
2952 1476 3103 1541 ξένος
3125 1472 3266 1529 εἶναι
3286 1476 3314 1527 ὁ
3342 1475 3503 1544 λόγος
3521 1469 3713 1544 οὗτος-ς
3759 1479 3966 1531 Καίτοι

2270 1564 2528 1627 πολλάκις
2551 1563 2713 1617 αὑτὸν
2740 1564 2796 1615 ἐν
2822 1565 2940 1626 ταῖς
2972 1563 3011 1614 Γ
3018 1566 3215 1634 ραφαῖς
3244 1562 3539 1631 ἠκούσατε.
3569 1565 3711 1634 Περὶ
3732 1565 3832 1634 μὲν
3852 1566 3969 1635 γάρ

2266 1668 2428 1705 τινων
2454 1651 2754 1723 ἀνθρώπων
2782 1651 3128 1719 ἐλέγετο,ὅτι
3176 1651 3461 1720 Ἀγγελος
3512 1653 3735 1720 Κυρίου
3792 1654 3967 1706 ἐστί·

2267 1740 2366 1793 καί
2392 1743 2461 1793 ἐκ
2490 1741 2787 1810 ,χειλέωη
2841 1739 3017 1808 φησι,
3080 1738 3291 1800 αὑτοῦ,
3331 1736 3666 1804 ζητήσουσι
3710 1741 3931 1808 κρίσιν
3955 1757 3966 1768 ·

2271 1828 2367 1882 καὶ
2397 1828 2578 1882 πάλιψ
2616 1827 3004 1882 Ἀποστέλλω
3036 1826 3142 1879 τὸν
3179 1826 3439 1895 ἄγγελόν
3462 1843 3581 1895 μου
3629 1826 3743 1896 πρὸ
3775 1842 3973 1896 ,πρεσ-

2267 1917 2431 1970 ώπου
2466 1932 2617 1971 σου·
2676 1917 2805 1986 περὶ
2842 1914 2899 1968 δέ
2945 1932 3131 1979 τινων,
3165 1916 3390 1983 Ὀφεις,
3436 1914 3784 1984 γεννήματα
3838 1915 3972 1984 ἐχι·

2266 2002 2445 2056 δνῶν.
2488 2002 2687 2056 Λοιπὸν
2721 2003 2786 2073 δὴ
2821 2002 2972 2074 παρά
3003 2003 3129 2064 τοὺς
3166 2001 3487 2071 χρωμένους
3511 2002 3570 2054 τὸ
3608 2005 3719 2055 πᾶν
3733 2002 3971 2056 δύναται

2267 2092 2521 2159 γενέσθαι
2566 2092 2660 2145 καὶ
2706 2090 2959 2159 ἄγγελος,
2995 2089 3400 2159 καὶᾶνθρωπος
3425 2102 3472 2143 ι.
3509 2090 3576 2143 Τί
3598 2089 3761 2158 λέγω,
3792 2092 3971 2159 ἀγγε-

2266 2179 2355 2241 λος
2381 2197 2394 2244 ;
2422 2180 2531 2231 Καὶ
2557 2178 2694 2231 Θεοῦ
2721 2178 2911 2231 τέκνον
2932 2194 2944 2207 ο
2967 2176 3113 2244 Ἐγὼ
3139 2177 3252 2247 7&9
3272 2173 3434 2243 εἶπα,
3461 2178 3617 2249 φησὶ,
3639 2180 3770 2232 Θεοί
3792 2180 3969 2240 ἐστε,

2274 2266 2371 2319 καὶ
2400 2265 2516 2320 υἱοί
2555 2265 2854 2334 Ὑψίστου
2886 2263 3130 2329 πάντες.
3162 2264 3273 2316 Καὶ
3321 2264 3381 2316 τὸ
3420 2264 3484 2334 δὴ
3514 2265 3716 2335 μεῖζον,
3742 2266 3837 2319 ὅτι
3864 2266 3971 2319 τοῦ

2268 2353 2523 2421 γενέσθαι
2564 2355 2658 2405 καὶ
2696 2352 2819 2415 θεὸς
2863 2353 2958 2405 καὶ
3013 2350 3246 2420 ἄγγελος
3288 2352 3381 2403 καὶ
3437 2350 3574 2405 Θεοῦ
3620 2352 3821 2405 τέκνον
3865 2354 3971 2424 τὴν

2269 2442 2515 2506 ἐξουσίαν
2547 2440 2710 2504 αὐτὸς
2744 2441 3171 2511 ὲγκεχείρισται.
3199 2440 3310 2492 Καὶ
3337 2438 3486 2493 ἐστιν
3531 2438 3825 2509 ἄνθρωπος
3865 2442 3971 2508 ἀγ-

2267 2528 2425 2596 γέλου
2480 2527 2834 2598 δημιουργός.
2886 2527 3045 2597 Τάχα
3106 2527 3256 2595 ὑμᾶς
3306 2525 3614 2598 ἐθορύϐησε
3664 2526 3724 2579 τὸ
3754 2526 3968 2599 ρἧας

2280 2616 2420 2669 Ἀλλ’
2451 2616 2680 2669 ἀκούετε
2706 2613 2799 2669 τοῦ
2835 2613 3075 2686 Χριστοῦ
3105 2614 3387 2683 λέγοντος·
3434 2615 3533 2667 Ἐν
3570 2614 3645 2683 τῇ
3685 2615 3970 2669 ἀναστὰ-

2265 2719 2358 2757 σει
2379 2706 2519 2758 οὔτε
2542 2703 2842 2774 γαμοῦσιν
2864 2703 3005 2757 οὔτε
3034 2704 3452 2772 γαμίσκονται,
3486 2704 3627 2758 ἀλλ’
3669 2705 3837 2758 εἰσιν
3884 2706 3972 2770 ὡς

2266 2790 2527 2861 ἄγγελοι·
2565 2791 2658 2843 καὶ
2685 2790 2870 2855 πάλιν,
2922 2789 2986 2843 '0
3016 2789 3356 2859 δυνάμενος
3421 2790 3635 2860 χωρεῖν
3670 2794 3964 2861 χωρείτω.

2268 2879 2447 2940 Ὀλως
2487 2878 2544 2932 δὲ
2598 2880 2631 2949 ἡ
2685 2877 2859 2949 ἀρετὴ
2893 2877 3161 2946 ἀγγέλους
3214 2880 3391 2931 ποιεῖ’
3438 2878 3646 2950 ταύτης
3689 2880 3741 2933 δὲ
3791 2882 3969 2951 ἡμεῖς

2266 2968 2478 3037 κύριοι*
2512 2967 2621 3036 ἀρα
2675 2966 2939 3034 ἀγγέλους
2993 2964 3272 3035 δυνάμεθα
3322 2964 3697 3037 δημιουργεῖν,
3727 2967 3850 3021 κᾶν
3884 2969 3966 3041 μὴ

2264 3060 2331 3129 τῇ
2362 3056 2544 3125 φύσει,
2572 3053 2709 3108 ἀλλά
2736 3057 2801 3126 τῇ
2827 3055 3165 3137 προαιρέσει.
3189 3053 3410 3125 Ταύτης
3432 3055 3532 3125 μὲν
3553 3055 3661 3137 γάρ
3676 3056 3966 3129 ἀπούσης,

2264 3144 2415 3197 οὐδὲν
2440 3143 2633 3213 ὄφελος
2661 3140 2896 3211 ἄγγελον
2926 3136 3069 3195 εἶναι
3115 3140 3216 3213 τήν
3258 3141 3453 3212 φύσιν
3482 3142 3579 3196 καὶ
3595 3136 3743 3214 δηλοῖ
3775 3146 3810 3197 ὁ
3837 3146 3967 3199 διά-

2266 3231 2420 3295 ϐολος
2440 3231 2596 3285 τοῦτο
2621 3230 2697 3285 ὣν
2715 3230 2823 3296 πρὸ
2843 3229 3037 3283 τούτου
3063 3247 3074 3258 ·
3105 3230 3312 3301 ταύτης
3346 3231 3405 3283 δὲ
3448 3230 3747 3303 παρούσης,
3796 3233 3966 3287 οὐδὲν

2268 3320 2463 3391 βλάϐος
2490 3320 2777 3391 ἄνθρωπον
2806 3313 3072 3391 εἶναιτὴν
3107 3319 3270 3388 φύσιν
3295 3337 3309 3353 ο
3342 3322 3438 3375 καὶ
3482 3319 3633 3389 δηλοί
3691 3321 3964 3394 Ἰωάννης

2261 3407 2550 3479 ἄνθρωπος
2577 3405 2674 3472 ὢν,
2704 3406 2797 3460 καὶ
2840 3406 3027 3469 Ἠλίας
3056 3409 3135 3469 είς
3155 3406 3247 3460 τὸν
3279 3406 3508 3477 οὐρανὸν
3542 3404 3807 3471 ἀνελθὼν,
3836 3413 3967 3463 ’καὶ

2264 3498 2464 3559 πάντες
2492 3496 2541 3549 οί
2584 3496 2870 3567 μέλλοντες
2899 3496 3125 3550 ἀπιέναι
3160 3497 3297 3550 ἐκεῖ.
3332 3488 3492 3549 Οὗτοι
3524 3497 3623 3569 μὲν
3650 3495 3755 3567 7&9
3813 3501 3968 3568 μετά

2266 3584 2517 3654 σώματος
2547 3584 2649 3637 οὑκ
2678 3582 3040 3655 ἐκωλύθησαν
3065 3584 3156 3637 τὸν
3187 3584 3416 3658 οὑρανδν
3448 3588 3619 3642 οἰκεῖν
3642 3604 3653 3618 ·
3675 3588 3888 3641 ἐκεῖνοι
3908 3589 3967 3642 δὲ

2264 3673 2546 3743 ἀσώματοι
2577 3672 2749 3739 ὅντες,
2773 3673 2873 3725 οὑκ
2899 3673 3249 3745 ἠδυνήθησαν
3278 3675 3458 3744 μεῖναι
3488 3675 3545 3731 ὲν
3569 3674 3807 3745 οὐρανῷ.
3836 3678 3966 3748 Μη-

2266 3762 2375 3824 δεὶς
2406 3761 2583 3814 τοίνυν
2635 3760 2870 3829 ἀλγείτω
2908 3760 3044 3831 μηδὲ
3078 3760 3460 3829 ἀγανακτείτω
3484 3762 3513 3802 δ
3544 3763 3677 3835 πρὸς
3705 3763 3811 3834 τὴν
3853 3766 3963 3835 φύ-

2264 3868 2349 3904 σιν
2390 3851 2463 3914 ὡς
2484 3850 2905 3921 ἐμποδίζουσαν,
2943 3849 3077 3903 ἀλλά
3101 3849 3241 3921 πρὸς
3273 3849 3373 3922 τὴν
3405 3851 3741 3922 προαίρεσιν.
3792 3856 3964 3909 Λέων

2263 3940 2467 4004 ἐκεῖνος
2492 3940 2709 4008 ἐγένετο
2746 3938 2806 4005 ἐξ
2827 3939 3156 4008 ἀσωμάτου·
3195 3939 3329 3993 Ἰδοὺ
3382 3941 3514 4009 γάρ,
3573 3942 3723 4011 φησὶ,
3754 3942 3818 3995 Ὀ
3864 3947 3963 4013 ἐχ-

2263 4029 2401 4095 θρὸς
2430 4027 2599 4097 ἡμῶν·
2635 4028 2715 4094 ὡς
2746 4026 2906 4081 λέων
2942 4026 3283 4095 ὠρυόμενος
3322 4028 3714 4097 περιέρχεται,
3756 4029 3961 4099 ζητῶν

2264 4118 2399 4169 τίνα
2428 4118 2717 4184 καταπίῃ’
2742 4117 2905 4187 ἡμεῖς
2936 4113 3160 4183 ἄγγελοι
3199 4114 3308 4167 ἀπὸ
3356 4116 3646 4186 σωμάτων.
3678 4118 3960 4191 Καθάπερ

2261 4206 2371 4276 γὰρ
2400 4205 2453 4257 εί
2470 4222 2552 4268 τις
2586 4204 2722 4276 ὓλην
2748 4199 2927 4275 εὑρὼν
2978 4202 3297 4273 πολύτιμον,
3330 4204 3430 4256 οὐκ
3472 4203 3547 4258 ῶν
3579 4206 3856 4277 τεχνίτης,
3891 4212 3959 4263 ἀν

2262 4294 2655 4366 καταφρονήσῃ
2682 4293 2886 4362 ταύτης
2915 4290 3087 4364 [255],
3110 4291 3361 4363 μεγάλως
3382 4293 3814 4365 ζημιωθήσεται,
3840 4294 3959 4352 οἷον

2262 4382 2294 4451 ἢ
2327 4382 2693 4453 μαργαρίτας,
2719 4381 2750 4451 ἢ
2786 4381 2999 4450 κόχλον,
3036 4381 3068 4449 ἡ
3094 4380 3283 4450 ἔτερόν
3325 4397 3379 4433 τι
3413 4381 3656 4435 τοιοῦτον
3678 4399 3690 4411 ·
3716 4383 3871 4439 οὓτω
3889 4389 3955 4460 δὴ

2262 4469 2355 4521 καὶ
2382 4471 2541 4539 ἡμεῖς
2570 4469 2666 4521 ἐὰν
2689 4469 3051 4538 ἀγνοήσωμεν
3080 4467 3178 4539 τὴν
3202 4469 3480 4542 ἡμετέραν
3515 4469 3697 4540 φύσιν,
3730 4476 3953 4546 σφόδρα,

2259 4556 2431 4626 αὐτῆς
2452 4556 2941 4627 καταφρονήσομεν
2962 4572 2975 4585 ·
2997 4555 3064 4609 ἂν
3113 4556 3168 4609 δὲ
3214 4557 3453 4627 γνῶμεν,
3513 4558 3709 4630 πολλὴν
3736 4561 3952 4615 ἐπιδει-

2262 4642 2464 4713 ξόμεθα
2490 4645 2749 4713 σπουδὴν,
2784 4644 2878 4697 καὶ
2928 4643 2996 4697 τά
3046 4645 3281 4716 μέγιστα
3334 4647 3763 4719 καρπωσόμεθα.
3816 4651 3953 4705 Ἀπὸ

2260 4732 2367 4801 γὰρ
2382 4730 2583 4801 ταύτης
2612 4731 2828 4801 ίμάτιον
2852 4731 3062 4800 γίνεται
3094 4732 3393 4803 βασιλικὸν,
3428 4735 3536 4787 ἀπὸ
3564 4737 3767 4807 ταύτης
3795 4740 3953 4794 οἰκία

2260 4817 2469 4885 γίνεται
2502 4818 2778 4889 βασιλικὴ,
2806 4818 2916 4871 ἀπὸ
2959 4819 3165 4889 ταύτης
3209 4820 3348 4891 μέλη
3392 4822 3605 4889 γίνεται
3652 4824 3949 4893 βασιλικά·

2260 4906 2436 4958 πάντα
2468 4905 2722 4995 βασιλικά
2747 4918 2794 4960 ο.
2822 4907 2916 4995 Μὴ
2947 4906 3012 4977 δὴ
3036 4908 3513 4979 καταχρησώμεθα
3541 4911 3622 4973 εἰς
3655 4911 3947 4995 βλάϐην-τῇ

2257 4994 2431 5064 οἰκείᾳ
2455 4993 2634 5061 φύσει.
2663 4993 2846 5064 Βραχύ
2878 5011 2931 5047 τι
2976 4995 3108 5066 παρ’
3155 4996 3426 5065 ἀγγέλους
3459 5000 3609 5069 ἡμᾶς
3635 4999 3767 5069 ww
3784 4993 3947 5065 ιωσε,

2258 5080 2334 5150 τῷ
2354 5081 2566 5152 θανάτῳ
2587 5082 2749 5150 λέγω·
2784 5082 2920 5136 ἀλλά
2944 5074 3041 5136 καὶ
3074 5082 3234 5137 τοῦτο
3264 5084 3652 5157 ἀπειλήφαμεν
3665 5088 3724 5139 τὸ
3740 5087 3944 5161 βραχύ.

2259 5169 2422 5221 Οὐδὲν
2452 5166 2541 5223 οὖν
2572 5169 2631 5222 τὸ
2656 5168 2866 5222 κωλύον
2895 5171 3044 5242 ἡμᾶς
3077 5171 3327 5240 ἀγγέλων
3349 5173 3606 5241 γενέσθαι
3637 5175 3830 5242 ἐγγὺς,
3878 5178 3949 5231 ἄν

2259 5254 2518 5325 θέλωμεν.
2544 5255 2875 5327 Θελήσωμεν
2892 5258 3093 5323 τοίνυν,
3119 5258 3463 5331 θελήσωμεν,
3486 5261 3582 5314 καὶ
3605 5260 3946 5334 ἐξασκήσανι

2257 5360 2347 5407 τες
2380 5345 2605 5408 ἑαυτοὺς
2628 5344 2786 5409 δόξαν
2815 5345 3234 5417 ἀναπέμψωμεν
3259 5347 3338 5419 τῷ
3380 5348 3561 5417 Πατρλ⁸
3586 5349 3683 5402 καὶ
3709 5348 3790 5418 τῷ
3827 5351 3946 5423 Υίῷ

2258 5434 2350 5486 καὶ
2376 5434 2452 5504 τῷ
2484 5434 2623 5503 ἁγίῳ
2658 5432 2959 5504 Πνεύματι,
2984 5434 3080 5489 νῦν
3110 5436 3207 5489 καὶ
3231 5436 3342 5504 ἀεὶ,
3377 5437 3472 5490 καὶ
3496 5438 3577 5501 είς
3594 5437 3718 5501 τοὺς
3733 5438 3945 5505 αἰῶνας

2257 5520 2364 5573 τῶν
2393 5520 2607 5575 αἰώνων
2646 5521 2839 5590 Ἀμήν.

2321 5819 2563 5888 “__Mor_ql.
2598 5822 2677 5888 καὶ
2708 5823 2931 5888 Θεὸς-καὶ
2968 5825 3232 5888 ἄνθρωπος,
3274 5826 3425 5875 male.
3493 5826 3522 5866 δ
3546 5826 3575 5874 S

2258 5880 2439 5955 εαξη,
2486 5883 2659 5955 Μοιςοι.
2706 5886 2909 5955 ἀλγείτω
2933 5880 3142 5955 ῑξιιὶᾲλω.
3201 5880 3239 5919 ἐ
3272 5888 3639 5955 νει-δηκάιτα
3671 5880 3939 5955 ’βασιλική

2262 5955 2291 5990 e
2324 5943 2475 5995 tribus
2496 5947 2635 5997 codd.
2670 5953 2722 5996 et
2753 5943 2910 6012 marg.
2946 5949 3101 6001 Savil.
3142 5958 3346 6018 recepta
3373 5943 3508 6000 sum.
3556 5943 3691 6002 Εοιτλ

4030 5940 4033 5979 4
