4088 6330
173 469 275 525 257

171 576 323 630 randi
358 571 549 627 vulnus
569 612 583 636 ,
613 568 713 624 nisi
747 566 1059 635 frequenter
1087 565 1407 630 apponatur,
1439 561 1606 608 totum
1640 563 1763 617 pcr-

172 666 268 719 dit.
320 662 402 720 Ne
428 662 622 733 putetis
653 673 747 714 vos
774 652 1125 712 condemnari
1171 666 1237 705 ex
1275 644 1539 716 frequenti
1584 642 1767 709 hujus-

174 757 318 812 modi
368 757 614 812 oratione
660 770 674 807 :
716 753 760 807 si
808 752 951 806 enim
1001 762 1097 802 vos
1146 744 1598 801 condemnarem,
1660 747 1768 786 non

175 852 531 905 concionarer
564 866 577 903 :
611 862 754 902 nunc
782 860 910 900 vero
936 848 1216 911 sperantes
1245 850 1341 889 vos
1368 832 1598 886 multum
1642 826 1770 880 hinc

176 944 480 998 lucraturos
505 955 658 1007 esse,
689 940 802 993 Itasc
833 936 1123 1006 loquimur.
1158 930 1370 987 Utinam
1406 930 1663 995 perpetuo
1705 918 1772 971 de

177 1033 365 1089 iisdem
396 1034 742 1104 loqueremur
772 1046 784 1082 :
822 1032 1024 1083 utinam
1064 1024 1204 1079 nulla
1236 1025 1379 1075 esset
1418 1017 1523 1070 alia
1550 1012 1766 1067 concio.

177 1125 336 1181 nandi
366 1124 579 1179 occasio
604 1123 688 1177 vel
719 1135 846 1177 cura
875 1161 888 1185 ,
924 1132 1083 1188 quam
1112 1111 1385 1184 quomodo
1413 1108 1541 1161 vitia
1589 1111 1771 1158 nostra

176 1232 514 1287 superemus.
560 1214 843 1283 Quomodo
887 1212 1032 1266 enim
1077 1223 1182 1263 non
1230 1203 1525 1260 absurdum
1573 1197 1772 1260 fuerit,

176 1286 394 1379 regibus
426 1309 477 1363 in
510 1307 717 1363 deliciis
750 1303 1082 1367 viventibus,
1113 1308 1169 1355 et
1200 1305 1347 1352 tanto
1370 1296 1574 1349 honore
1595 1332 1610 1354 ,
1643 1286 1774 1343 nihil

175 1399 318 1453 aliud
369 1414 513 1454 cura:
549 1413 669 1453 esse
698 1396 780 1450 vel
814 1397 865 1449 in
900 1408 1080 1449 mensa
1103 1432 1118 1457 ,
1152 1390 1234 1445 vel
1267 1388 1374 1441 alio
1403 1385 1595 1456 quovis
1638 1391 1775 1436 tem-

176 1504 342 1559 pore,
370 1506 534 1560 quam
579 1488 852 1559 quomodo
887 1484 1129 1540 inimicos
1156 1483 1369 1535 vincere
1401 1482 1680 1547 oporteat,
1723 1481 1779 1527 et

176 1596 235 1633 ea
268 1580 335 1635 de
360 1596 523 1636 causa
554 1579 791 1651 qumidie
814 1585 1115 1633 conventus
1143 1589 1306 1645 agere
1326 1615 1340 1639 ,
1374 1570 1538 1625 duces
1578 1582 1638 1621 ac
1679 1565 1780 1619 mi-

175 1671 299 1726 lites
323 1672 598 1743 adlegere,
634 1671 826 1727 tributa
870 1669 1120 1739 exigere;
1164 1674 1217 1719 et
1248 1664 1300 1718 in
1329 1660 1578 1716 civilibus
1618 1657 1779 1712 rebus

181 1764 278 1818 has
310 1765 449 1819 duas
481 1773 684 1818 tantum
716 1778 803 1817 res
834 1757 1168 1815 necessarias
1198 1770 1319 1810 esse
1340 1763 1531 1824 putare
1557 1793 1570 1817 ,
1598 1758 1656 1804 ut
1680 1748 1780 1802 ini-

176 1859 301 1912 mici
351 1858 673 1924 vincantur,
702 1864 759 1911 et
798 1857 881 1909 sui
915 1855 965 1908 in
994 1868 1122 1923 pace
1151 1851 1344 1920 degant
1373 1864 1385 1899 :
1417 1860 1514 1901 nos
1543 1858 1671 1899 vero
1711 1857 1780 1896 ne

176 1966 273 2020 per
312 1951 590 2006 somnium
618 1949 836 2020 quidem
862 1948 930 2003 de
960 1948 1043 2001 his
1076 1952 1304 2000 tractare
1330 1984 1342 2002 .
1384 1940 1479 1995 sed
1508 1936 1780 2009 quomodo

176 2058 365 2113 agrum
414 2053 692 2107 eruamus,
742 2039 1012 2111 quomodo
1054 2050 1271 2099 servos,
1331 2029 1602 2103 quomodo
1650 2042 1781 2096 Opes

176 2150 475 2205 augeamus
502 2177 516 2201 ,
550 2134 790 2205 quotidie
818 2132 936 2186 sine
965 2144 1163 2184 nausea
1194 2139 1479 2186 curemus;
1522 2121 1587 2176 de
1618 2120 1782 2175 rebus

175 2237 359 2280 autem
395 2227 596 2280 nostris
625 2235 678 2280 et
711 2238 835 2279 vere
862 2221 1061 2277 nostris
1090 2234 1188 2275 nec
1214 2216 1391 2287 loqui,
1425 2228 1599 2284 neque
1649 2212 1783 2266 alios

176 2317 425 2372 dicentes
455 2318 643 2372 audire
674 2315 936 2370 velimus?
967 2314 1081 2381 Qua
1112 2312 1177 2367 de
1210 2326 1266 2365 re
1291 2324 1421 2377 ergo
1449 2306 1527 2360 vis
1548 2306 1783 2360 dissera-

178 2411 303 2464 tur?
329 2425 399 2464 an
429 2410 499 2464 tle
531 2408 790 2479 prandio?
818 2407 924 2462 Sed
958 2406 1070 2458 hmc
1098 2403 1165 2457 ad
1191 2416 1393 2471 coquos
1427 2398 1582 2453 verba
1621 2395 1785 2466 perti-

179 2511 330 2556 nent.
368 2502 452 2556 An
482 2501 550 2556 de
579 2500 855 2571 pecuniis?
883 2496 993 2553 Sed
1018 2495 1133 2549 lucc
1160 2492 1546 2563 negotiantium
1582 2500 1705 2543 sunt
1731 2496 1784 2541 et

178 2603 568 2648 mercatorum.
595 2597 675 2646 An
699 2592 765 2647 de
786 2590 1065 2647 aediliciis?
1088 2586 1194 2642 Sed
1225 2586 1341 2640 hinc
1364 2582 1782 2638 architectorum

177 2696 232 2737 et
263 2685 587 2739 latomorum
620 2691 765 2739 sunt.
793 2684 871 2736 An
896 2681 961 2736 de
990 2679 1176 2737 terra?
1204 2677 1309 2733 Sed
1340 2676 1455 2731 haec
1486 2674 1551 2727 ad
1582 2671 1787 2743 agrico-

178 2777 281 2833 las.
305 2776 477 2831 Nobis
502 2792 629 2832 vero
650 2776 854 2830 nullum
878 2773 1021 2829 aliud
1044 2781 1127 2827 est
1148 2785 1301 2840 opus,
1334 2783 1490 2838 quam
1515 2763 1786 2836 quomodo

180 2869 403 2924 divitias
434 2883 683 2939 paremus
722 2870 936 2921 animas.
992 2864 1071 2920 Ne
1109 2877 1236 2933 ergo
1279 2858 1585 2913 fastidiosus
1630 2854 1786 2908 vobis

181 2974 369 3016 sermo
404 2961 492 3014 sit.
524 2959 632 3013 Cur
662 2960 803 3014 enim
834 2958 1013 3012 nullus
1052 2963 1270 3009 accusat
1304 2950 1571 3005 medicum
1598 2989 1610 3011 ,
1641 2946 1783 3016 quod

181 3066 405 3120 semper
427 3053 496 3108 de
525 3053 788 3107 medicina
814 3052 1095 3121 loquatur,
1123 3062 1297 3117 neque
1328 3046 1465 3099 alios
1508 3043 1744 3096 artifices
1766 3083 1780 3106 ,

181 3145 329 3215 quod
367 3146 436 3200 de
479 3154 593 3200 arte
624 3159 717 3199 sua
746 3143 1053 3201 disserant?
1076 3143 1130 3199 Si
1162 3156 1392 3209 namque
1434 3139 1558 3191 vitia
1604 3151 1674 3190 no
1707 3143 1785 3189 tra

182 3236 264 3291 sic
304 3237 513 3291 domita
542 3246 762 3303 essent,
799 3246 995 3313 utnon
1024 3236 1159 3290 ultra
1190 3232 1408 3287 monitis
1453 3244 1591 3299 opus
1624 3228 1790 3282 habe-

184 3338 343 3396 rent,
372 3330 497 3397 jure
525 3330 646 3398 quis
669 3343 767 3383 nos
794 3316 1087 3391 incusaret,
1115 3324 1255 3395 quod
1280 3324 1347 3377 ad
1374 3320 1786 3376 ostentationem

186 3420 336 3487 inqui
370 3420 671 3484 vellemus;
720 3421 827 3475 imo
859 3434 1032 3489 neque
1061 3418 1159 3473 sic.
1191 3415 1321 3470 Nam
1362 3413 1572 3469 etiamsi
1601 3428 1789 3468 emen-

184 3514 312 3567 data
342 3523 549 3579 essent,
579 3514 658 3570 sic
687 3528 901 3583 quoque
930 3510 1254 3566 monendum
1283 3518 1460 3573 esset,
1484 3522 1552 3562 ne
1585 3505 1793 3561 recide-

186 3619 395 3659 remus.
430 3604 862 3659 Etenim-medici
896 3618 999 3657 n0n
1028 3617 1200 3671 aegros
1230 3609 1433 3653 tantum
1459 3638 1472 3660 ,
1503 3596 1597 3651 sed
1628 3596 1789 3650 etiam

188 3697 329 3751 bene
350 3697 595 3751 valentes
622 3698 988 3766 alloquuntur,
1016 3695 1288 3763 librosque
1318 3692 1518 3746 habent
1542 3704 1706 3757 super
1729 3703 1791 3743 ea

190 3806 287 3853 re,
339 3801 397 3844 ut
438 3801 491 3844 et
541 3790 758 3845 morbos
804 3796 1024 3849 curent,
1069 3796 1123 3841 et
1166 3783 1523 3839 valetudinem
1556 3788 1793 3835 servent.

190 3880 378 3949 Itaque
408 3881 507 3935 etsi
547 3882 662 3934 sani
705 3894 980 3945 essemus,
1016 3892 1187 3946 neque
1220 3877 1297 3930 sic
1336 3875 1601 3928 absistere
1636 3886 1798 3940 opor

194 3983 369 4039 teret,
406 3974 501 4028 sed
534 3972 711 4026 omnia
742 3974 919 4026 facere
950 3979 1006 4023 ut
1034 3968 1396 4023 valetudinem
1427 3978 1794 4019 servaremus.

266 4066 320 4117 3.
342 4063 657 4133 Arrogantia
672 4063 923 4132 quomodo
939 4060 1166 4113 curanda
1191 4060 1275 4123 sit,
1294 4068 1338 4109 et
1358 4057 1491 4109 unde
1507 4055 1797 4108 oriatur.

193 4155 333 4210 Cum
362 4164 544 4209 autum
572 4165 891 4224 :egrotemus
912 4194 926 4218 ,
957 4151 1152 4220 duplex
1180 4158 1264 4203 cst
1289 4147 1577 4202 verborum
1608 4160 1798 4202 neces-

194 4250 365 4315 sitas,
403 4258 516 4304 tum
545 4258 600 4301 ut
626 4264 652 4301 a
685 4247 873 4301 morbo
901 4247 1214 4309 liberemur,
1245 4253 1355 4295 tum
1380 4250 1435 4294 ut
1464 4233 1699 4304 liberati,
1727 4256 1793 4293 ne

196 4357 416 4397 rursum
467 4323 784 4395 incidamus.
832 4339 975 4409 Ergo
1026 4335 1246 4392 curandi
1299 4333 1609 4388 methodum
1659 4347 1800 4386 nunc

198 4442 521 4498 tractamus,
554 4446 654 4487 nec
674 4432 741 4486 de
762 4432 989 4485 sanitate
1016 4430 1209 4498 agitur.
1235 4426 1517 4494 Quomodo
1539 4426 1659 4495 quis
1687 4440 1799 4477 ma-

199 4526 317 4578 lum
362 4524 468 4579 hoc
516 4524 700 4577 vitium
748 4522 1067 4577 exscindat?
1109 4518 1380 4589 quomodo
1424 4517 1800 4571 vehementem

199 4615 355 4669 sedet
393 4614 639 4669 febrem?
679 4613 968 4669 Videamus
1002 4612 1146 4667 unde
1187 4620 1302 4667 orta
1350 4612 1454 4675 sit,
1488 4618 1542 4665 et
1584 4623 1799 4663 causam

201 4706 481 4759 tollamus.
514 4704 667 4760 Unde
692 4705 816 4759 oriri
846 4705 1026 4759 solet?
1058 4704 1135 4757 Ex
1166 4701 1471 4772 arrogantia
1501 4708 1556 4754 et
1594 4709 1803 4755 tumore

203 4798 395 4851 multo.
438 4795 587 4850 llanc
617 4811 746 4866 ergo
782 4810 999 4850 causam
1042 4794 1324 4857 tollamus,
1361 4793 1687 4861 morbusque
1715 4807 1806 4845 su-

206 4890 380 4943 blatus
412 4890 536 4941 erit.
565 4887 701 4953 Quid
728 4896 810 4942 est
829 4887 1169 4957 arrogantia?
1201 4886 1342 4941 unde
1373 4886 1643 4939 nascitur?
1665 4884 1803 4939 forte

204 4996 441 5049 namque
461 4980 573 5047 jam
603 4978 746 5034 aliud
773 4980 1095 5049 principium
1117 4978 1266 5032 adire
1292 4976 1678 5046 periclitamur.
1709 4975 1809 5045 lgi-

207 5083 294 5127 tur
318 5086 482 5142 quam
511 5085 692 5125 sermo
717 5070 972 5125 indicabit
1002 5070 1140 5123 viam
1169 5111 1184 5135 ,
1216 5070 1359 5125 illam
1392 5082 1703 5138 sequemur,
1750 5076 1809 5121 ut

207 5165 411 5220 malum
442 5163 701 5219 radicitus
738 5164 1050 5218 evellamus.
1090 5162 1246 5218 Unde
1276 5176 1407 5232 ergo
1447 5162 1620 5216 oritur
1656 5176 1809 5214 arro-

207 5254 425 5327 gantia?
455 5255 534 5310 Ex
567 5269 666 5319 eo,
695 5255 837 5325 quod
862 5263 1045 5309 nostra
1070 5270 1175 5308 non
1207 5253 1550 5322 exploremus
1577 5268 1590 5315 ;
1621 5250 1714 5306 sed
1744 5250 1811 5305 de

210 5357 401 5402 natura
434 5347 650 5417 quidem
682 5354 839 5401 terra:
859 5388 875 5413 ,
921 5346 1022 5401 etsi
1053 5345 1304 5415 agricola:
1336 5359 1440 5397 non
1472 5343 1640 5397 simus
1660 5385 1675 5409 ,
1719 5357 1813 5397 cu-

212 5441 354 5497 riose
383 5441 749 5510 inquiramus,
775 5448 830 5494 et
858 5438 927 5495 de
955 5447 1141 5492 natura
1173 5438 1494 5507 plantarum,
1524 5435 1592 5490 de
1624 5446 1811 5487 natura

212 5535 327 5587 auri
354 5572 368 5594 ,
400 5532 503 5587 etsi
547 5539 879 5585 mercatores
912 5544 1017 5584 non
1056 5530 1224 5585 simus
1249 5570 1263 5593 ,
1312 5530 1381 5583 de
1429 5527 1766 5583 vestimentis
1793 5566 1808 5591 ,

211 5623 388 5693 deque
431 5622 718 5686 omnibus;
751 5620 819 5677 de
850 5620 1005 5676 nobis
1034 5630 1213 5675 autem
1235 5661 1251 5687 ,
1280 5620 1453 5690 deque
1484 5628 1673 5673 natura
1716 5631 1814 5672 no-

213 5726 347 5786 stra,
377 5728 447 5772 ne
474 5713 757 5771 minimum
783 5711 999 5785 quidem
1027 5727 1300 5771 curamus.
1329 5710 1397 5769 Et
1422 5711 1561 5784 quis,
1583 5709 1812 5782 inquies,

1227 443 1401 501 ACTA
1446 430 1977 497 AlOSTOLOllLM.
2026 426 2254 483 llOMlL.
2302 421 2517 479 XXXII.

3381 409 3498 466 938

1877 544 2089 613 ignorat
2117 548 2363 594 naturam
2405 534 2604 591 suam?
2641 532 2831 598 Multi,
2881 538 2935 585 et
2966 528 3140 596 forte,
3179 525 3367 598 paucis
3386 540 3487 580 ex-

1877 637 2047 704 ceptis
2073 676 2087 697 ,
2118 647 2308 687 omnes
2339 649 2351 682 :
2385 639 2467 694 ct,
2500 630 2542 683 si
2575 627 2782 695 placet,
2818 624 2943 678 hinc
2970 623 3162 677 ducam
3192 635 3483 690 argumen

1881 738 2011 783 tum.
2057 728 2149 781 Die
2175 726 2317 779 enim
2347 723 2498 785 mihi,
2528 719 2655 792 quid
2688 728 2772 774 est
2803 716 3007 771 homo?
3054 714 3111 770 Si
3152 712 3275 783 quis
3306 713 3479 766 inter-

1882 828 2054 891 roget,
2084 818 2199 886 Qua
2232 818 2286 870 in
2314 830 2373 871 re
2399 813 2580 869 diil'ert
2609 827 2636 865 a
2671 809 2887 865 brutis?
2914 806 3188 878 quomodo
3229 811 3491 874 cognatus

1881 923 1963 967 est
1992 911 2337 967 caelestibus?
2381 907 2505 977 quid
2556 915 2731 975 potest
2758 922 2823 958 ex
2855 904 3072 957 homine
3102 900 3263 955 lieri?
3292 915 3358 953 an
3391 915 3488 967 pn-

1882 1006 2012 1059 teris
2037 1013 2180 1059 recte
2209 1000 2578 1071 respondere?
2607 999 2719 1053 Non
2743 998 2961 1068 quidem
2992 1006 3140 1066 puto.
3167 995 3316 1050 Sicut
3342 994 3487 1049 enim

1884 1096 1935 1149 in
1968 1097 2189 1150 materia
2220 1094 2473 1165 quadam,
2502 1094 2579 1147 sic
2605 1102 2659 1147 et
2687 1092 2738 1145 in
2768 1091 2985 1144 homine
3018 1088 3240 1144 materia
3270 1087 3491 1158 quidem

1886 1200 1963 1241 est
1998 1187 2199 1253 homo;
2247 1194 2424 1255 potest
2464 1194 2643 1239 autem
2690 1182 2803 1238 eri
2850 1190 2905 1237 et
2939 1180 3163 1250 angelus
3207 1189 3263 1234 et
3297 1179 3491 1233 bestia.

1886 1280 2078 1332 Annon
2122 1278 2391 1332 videbitur
2432 1274 2841 1332 extraneushic
2880 1274 3106 1328 sermo?
3152 1272 3313 1342 Atqui
3345 1286 3492 1343 saepe

1886 1371 2033 1425 illum
2072 1371 2123 1425 in
2154 1370 2448 1439 Scripturis
2478 1369 2725 1423 audistis.
2771 1367 2843 1422 De
2873 1365 3195 1437 quibusdam
3223 1367 3365 1421 enim
3396 1363 3498 1420 ho-

1887 1465 2118 1519 rninibus
2150 1463 2428 1519 dicebatur
2457 1480 2470 1515 :
2504 1462 2730 1531 Angelus
2778 1458 2985 1513 Domini
3025 1469 3098 1513 est
3124 1475 3139 1511 :
3171 1468 3223 1512 et
3258 1474 3323 1511 ea:
3348 1459 3493 1512 labiis

1885 1559 1996 1627 ejus
2041 1562 2265 1625 qutei'ent
2301 1554 2559 1627 judicium
2600 1552 2617 1624 (
2646 1551 2877 1605 Malach.
2906 1550 2961 1603 2.
2992 1551 3021 1603 7
3044 1550 3097 1615 )~;
3147 1558 3202 1604 et
3230 1565 3447 1603 rursum
3476 1590 3489 1614 ,

1887 1647 2092 1701 Mittam
2122 1647 2361 1718 angelum
2406 1661 2572 1699 meum
2611 1655 2727 1697 ante
2770 1645 2955 1715 faciem
3001 1653 3139 1695 tuam
3164 1642 3183 1714 (
3207 1641 3296 1696 Id.
3326 1644 3379 1698 5.
3415 1644 3492 1709 l):

1886 1740 1953 1795 de
1981 1739 2300 1809 quibusdam
2328 1751 2457 1792 vero
2483 1778 2496 1802 ,
2546 1735 2822 1806 Serpentes
2848 1776 2862 1799 ,
2919 1735 3177 1806 genimina
3207 1735 3495 1803 viperarum

1889 1831 1908 1903 (
1934 1830 2123 1884 Matth.
2160 1830 2244 1884 12.
2276 1830 2346 1884 354
2373 1836 2409 1898 ).
2456 1829 2677 1882 Denium
2708 1827 3004 1881 secundum
3048 1825 3309 1895 cujusque
3340 1840 3494 1881 usum

1890 1935 2063 1995 potest
2093 1924 2204 1977 eri
2234 1932 2287 1977 ot
2316 1922 2537 1993 angelus
2562 1930 2615 1975 et
2647 1920 2869 1974 homo.
2903 1920 3039 1985 Quid
3070 1919 3211 1981 dico,
3241 1919 3499 1989 angelus?

1890 2020 2061 2072 Etiam
2110 2017 2199 2070 Dei
2234 2016 2391 2070 iiiius.
2441 2014 2597 2078 Nam,
2630 2014 2749 2066 ait:
2794 2011 2909 2082 Ego
2952 2012 3059 2064 dixi
3087 2052 3102 2077 ,
3151 2010 3241 2064 Dii
3269 2013 3407 2078 estis,
3452 2021 3499 2063 et

1889 2109 1985 2177 lii
2014 2107 2215 2161 [-
2240 2123 2411 2160 onntes
2442 2104 2619 2174 (Psal.
2648 2104 2736 2158 81.
2766 2101 2845 2169 6).
2876 2101 3142 2172 Quodque
3170 2101 3346 2171 majus
3375 2112 3456 2156 est
3483 2143 3497 2164 ,

1891 2210 2209 2270 potestatem
2242 2199 2468 2267 accepit,
2496 2207 2551 2251 ut
2581 2196 2670 2249 at
2699 2204 2753 2250 et
2782 2195 2945 2247 humo
2976 2202 3029 2247 et
3055 2194 3279 2263 angelus
3319 2202 3373 2247 et
3407 2193 3500 2246 Dei

1891 2291 2054 2345 lius.
2096 2291 2188 2344 Est
2221 2291 2380 2343 homo
2411 2298 2466 2342 et
2495 2287 2670 2356 angeli
2700 2295 2933 2340 creator.
2980 2284 3236 2339 Fortasse
3268 2300 3364 2339 vos
3396 2284 3501 2338 hoc

1890 2382 2090 2436 dictum
2122 2379 2498 2447 perturbavit?
2530 2378 2637 2433 Sed
2668 2378 2849 2431 audite
2876 2376 3153 2430 Christum
3180 2377 3452 2431 dicentem
3484 2396 3493 2428 :

1891 2472 1959 2527 In
1984 2472 2344 2529 resurrectione
2372 2486 2532 2539 neque
2568 2469 2756 2522 nubent
2796 2482 2956 2539 neque
2982 2468 3165 2537 nuptui
3193 2468 3463 2520 tradentur
3486 2510 3497 2529 ,

1890 2566 1980 2619 sed
2007 2574 2124 2619 sunt
2150 2566 2277 2616 sicut
2307 2563 2475 2632 angeli
2506 2561 2677 2631 (Luc.
2721 2561 2814 2615 20.
2869 2560 2958 2614 35.
2992 2558 3061 2613 56
3086 2558 3102 2630 )
3130 2576 3144 2625 ;
3179 2569 3232 2614 ct
3262 2574 3500 2622 rursum,

1896 2660 1997 2726 Qui
2020 2668 2180 2728 potest
2205 2673 2405 2727 capere,
2438 2658 2607 2725 capiat
2637 2654 2855 2723 (Matth.
2887 2654 2978 2728 l9.
3010 2652 3137 2724 12).
3184 2652 3238 2706 In
3293 2669 3502 2706 sunnna

1894 2751 2062 2803 virtus
2099 2749 2321 2819 angelos
2362 2723 2533 2803 facit:
2566 2748 2735 2800 virtus
2777 2748 2828 2799 in
2865 2723 3046 2799 nbstra
3083 2723 3349 2814 potestate
3378 2754 3460 2798 est
3490 2762 3501 2796 :

1894 2856 2024 2911 ergo
2047 2840 2267 2911 angelos
2292 2854 2579 2909 possumus
2602 2853 2812 2903 creare,
2845 2839 2948 2891 etsi
2979 2851 3084 2891 non
3115 2846 3326 2901 natura,
3356 2846 3506 2891 certe

1896 2936 2190 3006 proposito.
2239 2934 2446 2988 Virtute
2474 2948 2704 3001 namque
2731 2932 2958 2986 absente
2986 2973 2999 2997 ,
3035 2931 3169 2985 nihil
3216 2930 3458 3001 proderit
3482 2969 3499 2995 ,

1895 3030 1938 3083 si
1976 3029 2065 3098 qui
2094 3029 2257 3083 etiam
2291 3026 2515 3098 angelus
2561 3036 2747 3079 natura
2778 3024 2940 3079 fuerit
2969 3040 2985 3090 ;
3032 3024 3083 3077 id
3116 3023 3259 3094 quod
3296 3039 3362 3079 ex
3394 3022 3513 3077 dia-

1894 3119 2021 3176 bolo
2069 3119 2272 3189 liquet,
2322 3120 2411 3188 qui
2456 3126 2582 3172 ante
2624 3117 2851 3186 angelus
2896 3114 2995 3169 fuit
3030 3132 3041 3168 :
3080 3116 3277 3171 virtute
3322 3126 3506 3170 autem

1896 3222 2165 3280 praisente
2185 3252 2199 3277 ,
2244 3210 2375 3264 nihil
2403 3210 2586 3264 damni
2615 3217 2705 3264 est
2728 3209 3002 3262 hominem
3034 3222 3154 3262 esse
3184 3218 3373 3261 natura
3394 3249 3408 3271 ,
3452 3218 3511 3260 ut

1896 3320 1963 3361 ex
2007 3305 2215 3360 Joanne
2242 3305 2332 3373 qui
2366 3304 2528 3358 homo
2564 3312 2680 3357 erat
2704 3344 2718 3367 ,
2765 3312 2819 3356 et
2850 3316 2917 3355 ex
2963 3302 3077 3355 Elia
3120 3301 3285 3371 liquet
3321 3302 3410 3370 qui
3453 3302 3505 3354 in

1897 3396 2090 3451 caelum
2116 3394 2393 3463 ascendit,
2423 3409 2487 3449 ex
2519 3393 2879 3461 omnibusque
2907 3392 2999 3463 qui
3030 3406 3096 3446 eo
3125 3391 3326 3445 abituri
3360 3402 3503 3445 sunt.

1899 3488 1963 3543 Hi
1994 3502 2220 3557 namque
2246 3488 2371 3541 licet
2397 3485 2682 3555 corporei,
2725 3499 2833 3537 non
2863 3482 3221 3552 prohibentur
3266 3482 3509 3536 habitare

1899 3580 2131 3644 caelum;
2172 3580 2244 3633 illi
2279 3593 2407 3633 vero
2433 3576 2737 3647 incorporei
2764 3576 2928 3642 licet,
2973 3589 3079 3630 non
3126 3581 3417 3644 potuerunt
3456 3574 3507 3628 in

1901 3673 2033 3727 caelo
2080 3686 2319 3727 manere.
2361 3671 2532 3726 Nemo
2580 3670 2739 3740 igitur
2787 3677 3015 3740 angatur
3062 3669 3146 3722 vel
3201 3668 3509 3739 indignetur

1903 3777 2088 3822 contra
2118 3777 2363 3821 naturam
2396 3767 2550 3837 quasi
2580 3766 2647 3821 ab
2678 3765 2764 3820 illa
2794 3765 3152 3835 impediatur,
3185 3764 3281 3819 sed
3323 3772 3511 3817 contra

1904 3860 2240 3929 propositum
2269 3859 2579 3913 voluntatis.
2622 3857 2733 3913 Leo
2774 3857 3022 3912 diabolus
3068 3856 3293 3911 allectus
3321 3862 3403 3910 est
3438 3870 3507 3909 ex

1904 3955 2221 4023 incorporeo
2256 3971 2268 4006 :
2302 3953 2441 4008 Ecce
2465 3994 2479 4016 ,
2515 3952 2721 4022 inquit,
2756 3951 3096 4005 Adversarius
3128 3958 3298 4003 noster
3324 3948 3504 4002 diabo-

1906 4049 1986 4101 lus
2015 4058 2269 4116 tamquam
2295 4046 2372 4099 leo
2403 4046 2607 4116 rugiens
2636 4046 2835 4111 circuit,
2866 4059 3098 4115 qurerem
3127 4058 3273 4113 quem
3302 4042 3507 4095 devoret

1908 4140 1981 4211 (l.
2014 4140 2133 4194 Pet.
2161 4140 2214 4193 5.
2249 4138 2327 4210 8);
2375 4153 2476 4193 nos
2512 4138 2686 4209 angeli
2717 4153 2745 4191 a
2785 4136 3127 4208 corporibus.
3177 4134 3248 4190 Ut
3282 4134 3425 4189 enim
3468 4135 3518 4187 si

1908 4235 2028 4305 quis
2055 4233 2288 4303 pretiosa
2317 4233 2532 4287 inventa
2576 4230 2800 4286 materia
2824 4271 2839 4296 ,
2888 4246 3011 4285 cum
3044 4245 3147 4283 non
3179 4229 3248 4283 sit
3278 4228 3469 4281 artitex
3496 4268 3510 4291 ,

1909 4335 1963 4380 et
1990 4325 2134 4378 illam
2160 4323 2423 4393 despiciat
2443 4338 2637 4393 magno
2654 4322 2888 4376 afcitur
2910 4321 3131 4387 damno,
3161 4320 3275 4373 sive
3301 4334 3508 4388 marga-

1909 4418 2075 4481 ritas,
2121 4416 2233 4470 sive
2266 4415 2492 4468 uniones
2513 4455 2527 4480 ,
2578 4415 2692 4467 sive
2718 4412 2847 4483 quid
2876 4412 3051 4467 simile
3095 4411 3358 4480 repererit
3393 4428 3404 4463 :
3436 4411 3515 4464 sic

1912 4518 1966 4564 et
2011 4522 2108 4563 nos
2151 4509 2194 4561 si
2242 4508 2547 4577 ignoremus
2590 4516 2834 4561 naturam
2886 4514 3171 4570 nostram,
3220 4503 3512 4557 admodum

1913 4601 2056 4653 illam
2089 4598 2490 4669 deSpiciemus;
2524 4598 2569 4653 si
2601 4612 2730 4652 vero
2761 4610 3051 4651 noscamus
3082 4596 3098 4666 (
3128 4595 3273 4649 Prol.
3305 4595 3358 4651 8.
3390 4594 3423 4650 6
3449 4594 3468 4667 )
3501 4636 3514 4660 ,

1914 4692 2137 4745 multum
2168 4688 2540 4744 adhibebimus
2566 4690 2823 4755 studium,
2853 4696 3175 4757 etmagnum
3200 4688 3407 4741 lucrum
3434 4702 3521 4740 rec

1915 4785 2266 4855 portabimus.
2297 4784 2373 4837 Ex
2400 4783 2500 4851 hac
2528 4782 2672 4838 enim
2704 4781 2909 4851 regium
2936 4779 2996 4834 t
3024 4780 3396 4834 indumentum
3414 4819 3430 4845 ,
3454 4793 3523 4832 ex.

1916 4876 2018 4930 hac
2043 4876 2233 4929 domus
2251 4875 2419 4945 regia,
2444 4890 2509 4929 ex
2542 4876 2641 4928 hac
2668 4873 2814 4943 regia
2842 4871 3117 4926 membra:
3148 4870 3329 4925 omnia
3353 4870 3521 4938 regia.

1916 4969 1994 5024 Ne
2021 4978 2209 5023 natura
2236 4977 2419 5023 nostra
2442 4968 2727 5021 abutamur
2755 4966 2807 5021 in
2839 4966 3096 5020 damnum
3120 4974 3387 5021 nostrum.
3415 4964 3537 5018 Nos-

1919 5078 2106 5132 parnm
2140 5062 2378 5117 minores
2406 5060 2612 5131 angelis
2632 5058 2793 5124 fecit,
2825 5074 2892 5113 ex
2918 5058 3396 5128 morte,,inquam;
3427 5057 3539 5112 sed.

1918 5170 2107 5226 parum
2153 5154 2281 5209 illud
2324 5153 2433 5223 iam
2484 5152 2810 5222 recepimus.
2870 5149 3015 5205 Nihil
3066 5150 3226 5219 igitur
3270 5150 3524 5219 prohibet

1919 5247 2209 5317 quominus
2237 5246 2421 5300 statim
2451 5245 2628 5315 angeli
2665 5245 2833 5299 simus
2858 5284 2872 5309 ,
2905 5244 2950 5296 si
2981 5242 3236 5297 velimus.
3282 5242 3526 5298 Velimus

1921 5356 2084 5409 ergo,
2131 5339 2397 5401 velimus,
2450 5348 2504 5393 et
2548 5352 2649 5392 nus
2701 5338 2846 5407 ipsos
2886 5336 3249 5391 exercitantes
3296 5335 3523 5405 gloriam

1924 5431 2219 5487 reteramus
2255 5431 2400 5486 Patri
2432 5439 2485 5486 et
2510 5430 2649 5484 Filio
2694 5440 2749 5485 et
2776 5428 3002 5497 Spiritui
3041 5437 3230 5483 sancto
3252 5469 3266 5495 ,
3301 5445 3443 5483 nunc
3470 5438 3544 5484 et.

1924 5541 2157 5597 semper,
2186 5534 2242 5581 et
2270 5525 2322 5580 in
2352 5524 2549 5579 saecula
2577 5522 2920 5578 seculorum.
2954 5523 3153 5577 Amen.

2042 5660 2207 5711 Morel.
2231 5658 2375 5720 legit,
2402 5664 2449 5709 et
2468 5664 2597 5708 Deus
2619 5655 2845 5720 ethomo,
2870 5654 3000 5707 male
3025 5668 3039 5707 :
3067 5660 3280 5716 nam,,ut
3304 5666 3368 5705 ex
3390 5654 3527 5703 serie

1925 5720 2099 5788 liquet,
2125 5716 2395 5786 legendum
2420 5725 2519 5783 est,
2542 5716 2759 5784 angelus.
