4088 6330
650 369 761 430 239
1198 381 1222 409 ⁸

1345 364 1400 421 8.
1442 356 1716 421 JO.\NNIS
1754 354 2220 415 CIIBYSOSTOMI
2260 353 2577 409 Al‘tCIllEP.
2617 356 3146 415 CONSTANTINOP.

3812 358 3924 420 210

649 476 3913 506 ΜΝ

1929 542 2271 605 HOMILIA
2320 542 2618 604 XXXIII.

632 699 761 755 Car.
804 699 891 756 I5.
933 714 984 752 ν.
1030 698 1117 753 I5.
1175 695 1240 750 Et
1280 705 1542 765 postquam
1594 695 1895 750 tacuerunt,
1952 684 2217 753 respondit

698 790 943 852 Jacobus,
966 790 1179 844 dicens:
1214 786 1317 842 Viri
1336 790 1537 858 fratres,
1563 783 1735 837 audite
1758 796 1851 834 me.
1874 779 1961 833 II.
2002 777 2211 832 Simeon

701 883 924 936 narravit
948 882 1197 954 quomodo
1224 881 1441 949 primum
1469 876 1607 931 Deus
1632 874 1845 929 visitavit
1870 914 1885 939 ,
1912 881 1966 925 ut
1990 879 2212 924 sumeret

700 992 765 1030 ex
782 976 1007 1046 gentibus
1033 974 1275 1045 papillam
1296 972 1348 1025 in
1375 971 1577 1023 nomine
1596 986 1707 1023 suo.
1741 968 1827 1022 I5.
1854 964 1919 1018 Et
1945 964 2063 1016 huic
2083 980 2206 1017 ron-

701 1077 885 1121 sonant
910 1081 1160 1119 sermones
1188 1064 1571 1132 praphetarum.

697 1160 749 1210 I.
792 1157 884 1209 llic
910 1158 1193 1224 cpiscopus
1217 1163 1332 1208 erat
1360 1153 1411 1206 iu
1437 1150 1883 1222 Jcrosolymitaua
1924 1146 2161 1201 Ecclesia
2190 1162 2203 1197 :

634 1246 847 1316 deoque
897 1255 1197 1315 postremus
1244 1244 1478 1313 loquitur
1508 1260 1521 1295 :
1553 1252 1605 1297 et
1647 1240 1898 1309 impletur
1938 1236 2065 1291 illud
2097 1256 2107 1287 :
2138 1234 2204 1288 In

626 1353 707 1389 ore
730 1336 945 1389 duorum
966 1336 1040 1390 vel
1062 1336 1215 1388 trium
1236 1334 1435 1389 testium
1456 1334 1606 1388 stabit
1629 1349 1774 1386 omne
1796 1330 1996 1385 verbum
2022 1326 2199 1397 (Dcat.

626 1427 710 1480 Π.
737 1426 819 1497 6).
848 1424 977 1481 Vide
1000 1437 1175 1480 autem
1200 1434 1254 1479 et
1281 1424 1437 1495 hujus
1459 1424 1811 1494 prudentiam,
1844 1420 1932 1491 qui
1960 1436 2022 1473 ex
2054 1418 2203 1472 novis

620 1531 670 1573 et
698 1534 764 1574 ex
792 1520 1055 1573 veteribus
1082 1517 1354 1589 prophetis
1376 1518 1695 1572 sententiam
1722 1530 1870 1567 suam
1897 1511 2199 1566 conﬁrmat.

617 1610 733 1664 Non
760 1612 902 1665 enim
934 1620 1137 1677 poterat
1164 1608 1379 1680 aliquod
1407 1624 1541 1678 opus
1566 1606 1855 1661 ostendere
1884 1615 1939 1658 ut
1970 1604 2158 1659 Petrus
2180 1643 2195 1668 ,

619 1714 675 1757 ut
704 1703 911 1756 Paulus.
946 1703 1011 1757 Et
1038 1704 1169 1757 bene
1200 1702 1470 1769 provisum
1500 1708 1585 1755 est
1608 1742 1620 1764 ,
1652 1708 1707 1753 ut
1735 1698 1802 1753 ab
1834 1698 1934 1752 illis
1965 1697 2076 1749 lucc
2100 1698 2195 1749 tie-

618 1804 773 1858 rent,
817 1794 906 1861 qui
940 1809 1044 1847 non
1076 1792 1361 1847 ltubitaturi
1390 1799 1545 1846 erant
1570 1789 1956 1861 Jerosolymis;
1986 1797 2038 1841 et
2071 1785 2152 1838 hic
2178 1826 2192 1848 ,

611 1885 700 1954 qui
740 1885 785 1938 Ji
811 1885 1217 1953 rosolymitanos
1257 1882 1522 1946 docebat,
1560 1896 1656 1936 nec
1683 1881 1950 1935 obnoxius
1982 1878 2084 1931 illis
2112 1893 2198 1931 cs-

611 1984 698 2027 iith
722 2015 737 2037 ,
779 1991 793 2027 ι
818 1991 878 2029 cc
906 1975 1117 2029 illorum
1147 1976 1423 2029 sententia:
1451 1973 1749 2043 Oppositus.
1782 1971 1850 2025 Et
1880 1970 2003 2040 quid
2030 1969 2194 2022 dicit?

626 2064 729 2118 l’iri
756 2070 959 2138 fratres,
991 2068 1163 2121 audite
1189 2084 1283 2119 me.
1318 2066 1542 2136 Symeon
1572 2068 1815 2117 narravit.
1857 2062 2079 2129 Quidam
2108 2061 2193 2115 di-

616 2166 742 2211 cunt
782 2162 919 2213 '..uuc
948 2160 1092 2213 illum
1121 2174 1276 2219 esse.
1322 2159 1410 2227 qui
1453 2174 1481 2212 a
1524 2158 1664 2212 Luca
1695 2166 2058 2218 memoratur,
2103 2154 2190 2206 alii

608 2252 770 2304 alium
797 2252 1187 2321 cognominem.
1229 2251 1352 2305 Sive
1382 2250 1497 2314 hic,
1531 2250 1643 2303 sive
1672 2249 1760 2302 ille
1789 2248 1887 2310 sit,
1920 2264 2024 2300 non
2054 2246 2191 2300 ulte-

609 2343 720 2396 rius
743 2343 1141 2411 inquirendum,
1172 2343 1265 2396 sed
1294 2357 1355 2396 ea
1384 2355 1501 2413 qua:
1528 2340 1657 2396 dicit
1686 2350 1740 2393 ut
1767 2339 2070 2395 necessaria
2097 2352 2190 2391 ex-

610 2434 848 2503 cipienda
886 2442 1028 2487 sunt.
1084 2433 1190 2486 Virt
1228 2438 1432 2503 fratres,
1479 2434 1669 2503 inquit.
1710 2432 1897 2501 Magna
1942 2430 2038 2483 viri
2070 2444 2184 2482 mo-

606 2524 812 2587 destia,
858 2531 909 2577 et
938 2522 1224 2593 perfectior
1261 2533 1341 2577 est
1390 2523 1505 2577 hcce
1550 2524 1780 2586 concio,
1824 2536 1940 2591 qum
1985 2519 2189 2574 scilicet

609 2612 769 2666 linem
796 2613 957 2668 rebus
980 2615 1236 2683 imponat.
1271 2614 1535 2680 Quomodo
1567 2614 1784 2683 primum
1814 2612 1951 2665 Deus
1971 2611 2188 2665 visitavit

605 2715 660 2756 ut
682 2714 896 2757 sumeret
922 2720 984 2759 ea:
1012 2706 1239 2773 gentibus
1272 2705 1516 2775 papulum
1546 2706 1745 2757 nomine
1773 2705 1929 2763 illius.
1974 2703 2040 2755 Et
2070 2702 2188 2755 huic

605 2805 880 2848 consonant
904 2812 1154 2849 sermones
1182 2796 1564 2865 prophetarum.
1596 2795 1739 2861 Quia
1770 2795 1861 2848 ille
1888 2810 1915 2847 a
1946 2801 2187 2860 tempore

607 2898 761 2941 notus
788 2896 922 2951 erat,
952 2902 1050 2940 nec
1078 2887 1181 2939 ﬁde
1207 2886 1399 2955 dignus
1426 2884 1740 2949 habebatur,
1772 2884 1911 2953 quod
1938 2884 2187 2953 antiquus

606 2996 710 3035 non
724 2990 1134 3046 esset,vetcrem
1153 2994 1364 3049 quoque
1389 2980 1719 3049 prophetiam
1738 2978 1957 3043 inducit,
1978 2977 2180 3030 dicens:

606 3072 751 3125 Sicut
778 3072 1019 3142 scriptum
1046 3082 1118 3125 est
1146 3087 1164 3125 :
1196 3070 1283 3125 I6.
1313 3069 1499 3124 Postea
1528 3080 1767 3135 revertar,
1796 3080 1844 3123 et
1868 3068 2185 3135 retediﬁcabo

604 3164 980 3217 tabernaculum
1009 3163 1176 3217 David
1200 3164 1335 3233 quod
1360 3163 1569 3229 decidit,
1600 3174 1647 3216 et
1669 3164 1858 3233 erigant
1888 3161 2018 3215 illud
2046 3176 2065 3214 :
2092 3162 2181 3215 I7.

604 3265 657 3307 ut
688 3255 942 3324 requirant
963 3256 1129 3308 caueri
1148 3254 1406 3307 hominum
1432 3254 1706 3307 Dominum
1726 3262 1772 3306 et
1798 3268 1969 3305 omnes
1988 3261 2179 3321 gentes,

603 3364 753 3417 super
780 3364 901 3416 quas
929 3348 1211 3401 invocatum
1237 3356 1311 3400 est
1336 3362 1515 3401 nomen
1542 3362 1726 3410 meum,
1758 3345 1882 3398 dicit
1906 3344 2178 3410 Dominus,

606 3438 692 3505 qui
738 3428 995 3507 facilitate
1034 3439 1207 3491 omnia
1248 3436 1440 3508 (Amos
1468 3436 1521 3490 9.
1566 3436 1692 3506 II).
1731 3435 1865 3502 Quid
1900 3435 2073 3505 ergo?
2114 3450 2181 3488 an

603 3538 780 3582 erecta
806 3538 886 3582 est
907 3527 1278 3599 Jerosolyma?
1314 3543 1489 3582 annon
1518 3527 1694 3597 potius
1714 3527 1887 3581 diruta
1915 3526 2011 3580 fuit
2032 3527 2053 3579 ?
2078 3525 2183 3581 Sed

609 3634 713 3673 non
743 3620 825 3673 his
848 3619 915 3674 de
960 3619 1119 3674 rebus
1157 3620 1271 3688 ipse
1307 3620 1559 3690 loquitur.
1602 3619 1666 3672 Et
1704 3634 1860 3685 quam
1905 3617 2032 3671 dicit
2066 3631 2185 3671 ere-

605 3712 835 3765 ctionem
852 3711 876 3763 ?
894 3711 1022 3765 Eam
1043 3727 1162 3781 qum
1176 3720 1296 3781 post
1316 3712 1659 3783 Babylonem.
1684 3711 1768 3765 I8.
1799 3710 1849 3763 Ν
1854 3722 1935 3764 ota
1954 3729 1983 3764 a
1998 3712 2184 3764 seculo

606 3813 722 3856 sunt
753 3802 859 3855 Deo
884 3804 1053 3855 omnia
1080 3820 1232 3871 Opera
1258 3820 1371 3857 sua.
1418 3802 1618 3856 Deinde
1642 3818 1800 3870 quam
1845 3800 1949 3855 fide
1988 3802 2183 3871 dignus

608 3910 785 3949 sermo
811 3894 879 3948 sit
915 3896 1103 3959 innuit,
1152 3896 1277 3964 quia
1316 3895 1447 3949 nihil
1496 3910 1732 3958 novum,
1782 3894 1875 3949 sed
1920 3895 1987 3948 ab
2032 3895 2182 3949 initio

608 3985 787 4039 omnia
810 3987 1100 4054 prastituta
1119 3997 1261 4040 sunt.
1276 3985 1528 4055 Sequitur
1547 3986 1832 4039 sententia.
1851 3985 1937 4040 I9.
1965 3986 2185 4054 PrOpter

607 4076 740 4145 quod
778 4093 869 4146 ego
896 4077 1077 4146 judico
1102 4118 1116 4137 ,
1160 4092 1259 4129 non
1288 4076 1557 4145 inquietari
1581 4092 1695 4140 eos,
1739 4077 1823 4145 qui
1851 4092 1913 4129 ea:
1952 4076 2183 4147 gentibus

607 4176 962 4219 convertuntur
984 4168 1053 4219 ad
1074 4164 1260 4232 Deum,
1292 4164 1381 4220 20.
1413 4166 1500 4218 sed
1522 4165 1733 4218 scribere
1760 4168 1832 4218 ad
1854 4182 1957 4229 eos,
1987 4175 2042 4219 ut
2068 4166 2183 4219 abs-

608 4262 797 4313 tineant
838 4276 890 4313 se
926 4276 957 4312 a
992 4260 1501 4313 contaminationibus
1537 4260 1922 4312 simulacrorum
1943 4273 1993 4311 et
2020 4260 2182 4329 forni-

609 4353 803 4406 catione
829 4361 875 4403 et
897 4350 1144 4417 suffocato
1166 4361 1211 4405 et
1233 4352 1495 4421 sanguine.
1513 4352 1603 4405 2I.
1631 4352 1831 4421 Moyses
1858 4353 1989 4405 enim
2010 4368 2039 4403 a
2062 4362 2183 4404 lem-

611 4444 813 4512 poribus
833 4443 1047 4512 antiquis
1070 4459 1157 4511 per
1182 4460 1352 4497 ontnes
1379 4444 1601 4496 civitates
1627 4443 1770 4497 habet
1791 4446 1877 4513 qui
1907 4445 2182 4513 praedicent

609 4550 721 4587 eum
747 4535 797 4585 in
824 4534 1113 4603 sgnagogis,
1141 4534 1226 4587 ubi
1247 4550 1334 4603 per
1359 4550 1507 4588 omne
1528 4534 1791 4587 sabbatum
1820 4536 2020 4605 legitur.
2049 4535 2183 4600 Quia

608 4625 682 4678 l'li
717 4640 820 4677 non
851 4623 1131 4677 audierant
1168 4624 1235 4678 de
1277 4625 1391 4693 lege
1416 4666 1430 4689 ,
1466 4625 1656 4679 merito
1692 4626 1804 4679 lucc
1846 4626 2072 4695 imperat
2115 4626 2183 4679 de

610 4718 756 4786 lege,
805 4732 871 4771 ne
909 4717 1149 4771 videatur
1175 4717 1317 4771 illam
1350 4719 1631 4787 abrogare.
1676 4720 1740 4772 Et
1767 4718 1884 4772 vide
1914 4720 2183 4788 quomodo

611 4822 717 4859 non
753 4810 891 4859 sinat
930 4822 1023 4861 eos
1070 4807 1183 4861 haec
1228 4823 1292 4861 ex
1338 4808 1452 4875 lege
1478 4809 1696 4875 audire,
1742 4809 1835 4864 sed
1868 4825 1932 4863 ex
1963 4811 2139 4879 scipso
2167 4852 2180 4875 ,

610 4896 795 4949 dicens
817 4937 830 4959 ,
858 4896 1042 4949 .ludico
1068 4914 1193 4966 ego;
1223 4899 1274 4953 id
1306 4908 1387 4951 cst
1409 4941 1422 4965 ,
1452 4916 1481 4953 a
1511 4900 1713 4968 tneipso
1740 4942 1753 4967 ,
1786 4917 1887 4954 non
1922 4919 2041 4970 qma
2078 4918 2181 4954 au-

610 4990 715 5043 divi
746 5006 808 5043 ex
838 4990 969 5058 lege.
1007 4991 1221 5043 Demum
1249 5005 1529 5045 commune
1554 4992 1741 5061 dogma
1768 4994 2053 5061 profertur.
2085 4995 2174 5047 2:2.

614 5080 757 5134 Tunc
787 5080 975 5147 placuit
1003 5083 1245 5147 apostolis
1270 5092 1316 5134 et
1342 5083 1620 5136 senioribus
1657 5094 1701 5135 et
1742 5088 1875 5137 omni
1904 5085 2143 5141 Ecclesia:
2166 5131 2179 5152 ,

610 5172 791 5240 eligere
828 5172 960 5225 viros
990 5188 1051 5224 ea:
1078 5172 1145 5225 eis
1164 5213 1178 5236 ,
1227 5182 1275 5225 et
1306 5174 1498 5228 mittere
1526 5175 1844 5228 Antiochiam
1872 5194 1981 5229 cum
2018 5176 2182 5231 Paulo

611 5275 657 5317 et
688 5262 922 5316 Barnaba
948 5264 1139 5316 Judam
1160 5306 1174 5329 ,
1224 5267 1309 5334 qui
1334 5268 1781 5337 cognominabatur
1804 5266 2059 5321 Barsabas
2080 5311 2094 5333 ,
2136 5279 2183 5321 et

614 5355 801 5417 Silam,
829 5356 959 5408 viros
982 5359 1167 5424 primos
1189 5358 1238 5409 in
1266 5360 1527 5427 fratribus,
1550 5360 1640 5414 23.
1664 5362 1937 5415 scribentes
1961 5379 2050 5429 per
2075 5379 2185 5414 nta-

614 5461 736 5496 nunt
765 5460 932 5497 eorum
962 5446 1088 5501 haec.
1133 5447 1265 5501 Vide
1295 5448 1414 5501 illos
1440 5466 1543 5501 non
1580 5458 1775 5503 temere
1805 5452 1889 5503 illa
1922 5461 2179 5517 statuere;

614 5532 707 5587 sed
738 5543 794 5586 ut
822 5536 1081 5589 sententia
1114 5536 1214 5592 ﬁde
1242 5538 1399 5607 digna
1432 5541 1500 5593 sit
1524 5582 1537 5602 ,
1569 5540 1781 5593 mittunt
1812 5542 1907 5595 hos
1942 5558 1969 5594 a
2002 5557 2092 5607 se,
2130 5554 2185 5596 ut.

616 5622 848 5691 suspecti
877 5638 983 5677 non
1014 5638 1193 5680 essent
1224 5627 1417 5682 Paulus
1446 5639 1499 5683 et
1526 5630 1721 5685 socius.
1766 5631 1830 5685 Et
1867 5633 1988 5687 vide
2018 5649 2182 5702 quam

615 5714 845 5783 graviter
874 5716 991 5771 illos
1021 5717 1359 5787 obiurgantes
1385 5721 1620 5776 scribant
1648 5740 1659 5775 :
1690 5724 1935 5791 Apostoli,
1964 5728 2182 5781 seniores

2319 692 2365 737 et
2389 684 2569 751 fratres
2595 686 2655 739 iis
2680 729 2692 749 ,
2722 690 2808 757 qui
2832 700 2949 744 sunt
2977 690 3274 755 Antiochia,
3302 695 3355 747 in
3385 694 3536 767 Syria
3566 705 3609 746 et
3639 697 3687 747 in
3724 694 3915 747 Cilicia

2318 776 2559 842 fratribus
2586 780 2672 847 qui
2697 797 2759 833 ea:
2794 784 3023 851 gentibus
3047 829 3059 847 ,
3108 788 3342 839 salutem.
3380 786 3466 840 2i.
3514 788 3763 854 Quoniam
3808 805 3915 842 tm-

2316 867 2529 922 divimus
2554 871 2673 938 quia
2701 872 2906 940 quidam
2945 890 3008 927 ea:
3048 876 3188 929 nobis
3231 877 3552 931 turbaverunt
3583 895 3683 938 vos.
3729 878 3904 934 verbis

2314 969 2582 1013 evertentes
2622 962 2821 1017 animas
2851 975 3036 1020 vestras
3058 1008 3071 1031 ,
3105 965 3325 1021 dicentes
3355 979 3406 1019 ut
3456 971 3899 1024 circumcidaminl

2312 1063 2358 1103 et
2387 1054 2590 1106 servetis
2624 1054 2811 1126 legem,
2864 1060 3042 1127 quibus
3064 1076 3162 1113 non
3190 1062 3558 1116 mandavimus.
3603 1050 3906 1119 Sufficiens

2310 1151 2425 1195 erat
2456 1145 2723 1200 accusatio
2750 1150 3062 1203 temeritatis
3089 1152 3321 1216 illorutn,
3358 1164 3411 1205 ct
3440 1153 3594 1222 digna
3617 1156 3903 1222 apostolo-

2312 1246 2427 1284 rtttn
2450 1235 2711 1303 :equitztte,
2760 1238 2891 1292 nihil
2936 1240 3106 1307 majus
3143 1242 3276 1295 ultra
3298 1242 3609 1297 dicentium.
3638 1246 3727 1299 25.
3761 1244 3905 1298 Pla-

2308 1324 2411 1376 cuit
2444 1325 2587 1379 nobis
2631 1327 2851 1381 collectis
2878 1329 2930 1382 in
2975 1347 3131 1383 unum
3158 1333 3337 1403 eligere
3369 1334 3500 1387 viros
3530 1340 3575 1387 et
3601 1336 3796 1389 mittere
3824 1337 3901 1391 ad

2308 1432 2411 1479 vos,
2443 1433 2552 1469 eum
2578 1419 2849 1473 carissimis
2881 1423 3065 1475 nostris
3094 1420 3332 1477 Barnaba
3357 1437 3403 1477 et
3432 1424 3613 1489 Paulo,
3644 1426 3732 1481 26.
3766 1428 3899 1481 viris

2304 1511 2394 1574 qui
2410 1509 2719 1563 tradiderunt
2742 1512 2934 1565 animos
2967 1530 3084 1566 suas
3112 1530 3203 1583 pro
3238 1515 3440 1573 nomine
3478 1515 3679 1569 Domni
3727 1520 3901 1570 nostri

2309 1599 2435 1653 Jesu
2451 1600 2656 1656 Christi.
2680 1604 2859 1675 Itaque
2880 1607 3197 1671 ostenditur,
3219 1623 3323 1661 non
3344 1609 3617 1679 tyrannice
3645 1627 3755 1663 rem
3778 1613 3893 1680 agi,

2301 1694 2549 1747 Omnibus
2570 1694 2681 1749 hwc
2704 1696 2932 1765 placere.
2953 1710 3005 1753 et
3028 1698 3141 1753 haic
3156 1715 3273 1754 cum
3292 1700 3679 1757 deliberatione
3701 1704 3893 1769 scribi,

2301 1782 2535 1849 Eiectos,
2565 1786 2829 1855 inquiunt,
2859 1790 2998 1844 viros
3020 1807 3081 1843 ex
3110 1791 3282 1844 nobis.
3315 1792 3516 1847 Deinde
3541 1809 3607 1846 ne
3640 1794 3897 1850 videatur

2298 1892 2362 1931 ex
2393 1878 2653 1931 calumnia
2685 1879 2829 1933 Pauli
2860 1892 2911 1935 et
2943 1881 3197 1937 Barnabu:
3234 1883 3353 1939 illos
3389 1884 3522 1938 mitti
3550 1925 3563 1948 ,
3616 1888 3894 1954 perpende

2299 1968 2479 2022 laudes
2508 1970 2741 2039 ipsorum
2777 1989 2789 2024 :
2828 1970 2982 2035 Vin‘s,
3014 1972 3277 2043 inquiunt,
3308 1976 3395 2044 qui
3421 1976 3739 2029 tradiderunt
3765 1978 3889 2029 ani—

2296 2078 2404 2115 mas
2433 2079 2549 2115 suas
2581 2079 2673 2133 pro
2703 2065 2902 2118 nomine
2935 2065 3143 2118 Domini
3170 2068 3327 2122 nostri
3356 2067 3483 2121 Jesu
3533 2069 3743 2123 Christi.
3786 2071 3883 2125 27.

2298 2151 2369 2203 Mi
2402 2154 2529 2206 imus
2558 2171 2675 2224 ergo
2703 2154 2895 2207 ludam
2925 2166 2972 2209 et
3002 2156 3166 2211 Silam
3189 2198 3204 2223 ,
3239 2160 3327 2227 qui
3358 2170 3403 2213 et
3433 2161 3534 2228 ipsi
3562 2161 3697 2213 vobis
3726 2161 3892 2216 verbis

2296 2248 2509 2313 referent
2538 2246 2729 2299 eadem.
2758 2245 2846 2301 28.
2906 2246 3077 2301 Visum
3110 2259 3183 2301 est
3215 2251 3345 2303 enim
3379 2250 3597 2320 Spiritui
3626 2263 3804 2305 sancto
3837 2263 3890 2306 et

2294 2336 2452 2388 nobis.
2496 2336 2635 2389 Nihil
2662 2352 2789 2406 ergo
2821 2338 3108 2391 humanum
3132 2381 3145 2401 ,
3177 2340 3219 2393 si
3248 2339 3477 2409 Spiritus
3506 2342 3620 2395 lucc
3650 2353 3882 2398 statuat.

2294 2427 2445 2481 Nihil
2474 2430 2609 2481 ultra
2637 2430 2829 2499 imponi
2862 2432 2997 2485 vobis
3024 2433 3207 2486 oneris.
3255 2432 3486 2487 Rursum
3517 2450 3651 2489 onus
3685 2446 3885 2491 vocant

2292 2518 2483 2588 legem.
2509 2519 2645 2575 Hinc
2672 2521 2735 2573 de
2765 2522 2871 2576 illis
2900 2522 3026 2589 ipsis
3055 2522 3313 2576 rationem
3344 2524 3594 2577 reddunt.
3632 2524 3748 2579 Nisi
3772 2530 3887 2580 hac

2292 2612 2593 2677 necessaria,
2647 2610 2737 2667 29.
2798 2623 2852 2666 ut
2905 2613 3195 2666 nbslineatis
3247 2630 3332 2667 vos
3386 2616 3447 2668 ab
3506 2616 3779 2669 immolatis
3815 2617 3891 2668 si-

2289 2702 2645 2756 mulacrorum
2722 2713 2768 2755 et
2813 2702 3060 2768 su/focato
3087 2713 3132 2757 et
3158 2706 3489 2775 fornicatione
3516 2716 3561 2760 et
3590 2708 3845 2777 sanguine
3870 2750 3887 2774 ,

2290 2808 2321 2844 a
2346 2792 2524 2861 quibus
2543 2794 2875 2847 custodientes
2898 2810 3002 2859 vos,
3018 2798 3138 2848 bene
3155 2797 3335 2865 agetis.
3358 2796 3482 2851 Hzec
3497 2813 3629 2852 nova
3656 2798 3741 2853 lex
3775 2815 3887 2854 non

2290 2884 2526 2954 praecipit
2556 2900 2571 2936 :
2615 2894 2873 2953 nusquam
2904 2888 3046 2939 enim
3074 2886 3141 2941 de
3171 2887 3253 2941 his
3285 2888 3535 2957 loquutus
3577 2898 3661 2944 est
3702 2890 3871 2946 Chri-

2287 2987 2423 3036 Stus;
2450 2975 2543 3030 sed
2571 2990 2600 3027 a
2626 2976 2738 3047 lege
2768 2976 2882 3031 haec
2906 2989 3141 3031 smnunt.
3166 2978 3237 3033 Et
3260 2979 3531 3047 sa/I‘ocato,
3563 2983 3753 3052 inquit.
3786 2984 3888 3041 Hic

2288 3068 2491 3122 andem
2516 3068 2751 3122 cohibet.
2801 3068 2888 3122 50.
2936 3068 3027 3122 Illi
3055 3087 3172 3139 ergo
3198 3071 3395 3125 dimissi
3422 3084 3663 3127 venerunt
3688 3074 3851 3130 Antio
3869 3106 3883 3115 -

2289 3158 2453 3210 chiam
2475 3198 2489 3221 ,
2519 3168 2565 3210 et
2589 3170 2891 3227 congregata
2927 3160 3245 3214 multitudine
3272 3202 3285 3224 ,
3341 3160 3661 3217 tradiderunt
3685 3168 3882 3235 episto-

2289 3247 2412 3300 lam.
2441 3249 2527 3302 51.
2564 3248 2725 3314 Quam
2749 3264 2862 3301 cum
2891 3250 3144 3319 legissent,
3173 3253 3332 3321 gavisi
3358 3264 3476 3306 sunt
3512 3270 3667 3323 super
3692 3272 3882 3311 conso-

2288 3340 2492 3393 latione.
2545 3340 2735 3395 Postea
2778 3352 2833 3394 ut
2863 3342 3110 3396 ostendat
3148 3344 3417 3413 quomodo
3460 3346 3581 3401 illos
3610 3349 3880 3403 consolati

2286 3433 2426 3497 sint,
2469 3434 2646 3488 subdit
2680 3450 2691 3485 :
2725 3434 2810 3487 52.
2861 3433 3029 3487 Iudas
3057 3446 3226 3490 autem
3248 3447 3295 3490 et
3320 3436 3461 3491 Silas
3485 3479 3500 3501 ,
3547 3450 3593 3493 et
3632 3441 3734 3510 ipsi
3760 3458 3879 3496 cum

2288 3535 2447 3577 essent
2475 3525 2762 3593 propheta,
2810 3526 2957 3579 verbo
2987 3526 3203 3594 plurimo
3230 3527 3477 3582 consolati
3503 3540 3619 3583 sunt
3647 3536 3838 3600 fratres
3866 3574 3878 3584 .

2288 3626 2335 3669 et
2359 3616 2799 3683 conﬁrmaverunt.
2844 3617 2935 3671 55.
2971 3615 3133 3671 Facto
3156 3626 3324 3672 autem
3359 3619 3426 3671 ibi
3454 3621 3720 3689 aliquanto
3749 3634 3881 3677 tent-

2289 3724 2410 3777 pore
2428 3747 2444 3773 ,
2471 3708 2663 3760 dimissi
2690 3718 2805 3761 sunt
2828 3724 2941 3761 cum
2971 3725 3098 3778 pace
3127 3726 3158 3762 a
3184 3711 3426 3781 fratribus
3454 3712 3521 3764 ad
3552 3714 3841 3781 apostolos.

2357 3798 2410 3851 2.
2440 3797 2505 3851 In
2538 3797 2763 3851 Ecclesia
2790 3801 2959 3852 nullus
2985 3799 3165 3869 fastus.
3184 3800 3385 3854 -Νοη
3423 3802 3555 3855 ultra
3582 3805 3883 3862 seditiones

2289 3902 2342 3945 et
2369 3906 2557 3961 pugnae
2590 3912 2601 3943 :
2632 3889 2855 3959 ideoque
2877 3890 3203 3945 conﬁrmatis
3228 3892 3334 3947 illis
3358 3936 3372 3961 ,
3397 3911 3515 3948 cum
3557 3911 3686 3963 pace
3725 3899 3880 3954 abic-

2288 3992 2412 4038 ruut
2443 4000 2455 4034 ε
2487 3982 2738 4036 adversus
2768 3982 2988 4037 Paulum
3020 3982 3162 4037 enim
3194 3986 3641 4040 contentiosiores
3672 4000 3829 4043 erant
3865 4009 3877 4042 :

2286 4090 2350 4129 ac
2377 4074 2567 4128 deinde
2595 4073 2789 4127 Paulus
2816 4072 2993 4127 docet.
3024 4073 3113 4128 Sic
3142 4074 3319 4128 nullus
3353 4075 3519 4130 fastus
3540 4087 3655 4131 erat
3688 4080 3741 4132 in
3772 4081 3878 4135 Ec-

2287 4168 2490 4233 clesia,
2539 4166 2632 4220 sed
2682 4166 2819 4221 bene
2867 4168 3156 4221 constituta
3201 4170 3400 4223 omnia.
3437 4169 3502 4222 Et
3548 4171 3707 4226 vide:
3757 4185 3882 4242 post

2288 4258 2501 4311 Petrum
2536 4258 2726 4311 Paulus
2755 4258 2990 4325 loquitur
3016 4296 3029 4319 ,
3060 4266 3115 4311 et
3144 4273 3303 4311 nemo
3333 4261 3573 4327 reprimit
3599 4278 3612 4323 ;
3644 4261 3884 4318 Jacobus

2288 4355 2596 4414 exspectat,
2626 4362 2724 4399 nec
2751 4346 2924 4399 exsilit
2956 4364 2969 4399 :
3007 4346 3081 4399 illi
3124 4348 3263 4401 enim
3294 4350 3622 4417 principatus
3648 4367 3879 4407 Concre-

2290 4436 2429 4490 ditus
2455 4446 2587 4491 erat.
2616 4436 2755 4489 Nihil
2784 4436 2869 4490 hic
2893 4435 3127 4491 Joannes
3151 4465 3175 4502 ,ε
3208 4438 3339 4492 nihil
3384 4440 3471 4493 alii
3514 4443 3740 4507 apostoli
3792 4444 3880 4497 lo-

2289 4539 2553 4599 quuntur,
2589 4529 2679 4583 sed
2710 4538 2927 4595 tacent,
2960 4545 3059 4584 nec
3086 4530 3427 4600 indignantur
3450 4549 3463 4586 :
3489 4534 3564 4585 sic
3592 4550 3724 4587 vana
3756 4538 3847 4605 g'o

2291 4622 2367 4675 ria
2421 4622 2567 4673 vacui
2624 4620 2787 4674 animi
2838 4629 3008 4675 erant.
3062 4620 3167 4675 Sed
3212 4624 3489 4689 superiora
3545 4635 3877 4692 repetamus.

2293 4712 2569 4783 Postquam
2607 4723 2906 4779 tacuerunt,
2959 4714 3127 4781 inquit
3152 4754 3166 4775 ,
3204 4716 3463 4782 respondit
3500 4714 3723 4771 Iacobus
3749 4761 3763 4783 ,
3796 4722 3854 4773 di
3868 4752 3877 4759 -

2288 4823 2400 4860 cens
2429 4822 2447 4859 :
2479 4805 2684 4860 Simeon
2717 4808 2937 4859 narravit
2960 4808 3209 4875 quomodo
3233 4810 3449 4877 prinmm
3474 4810 3608 4866 Deus
3632 4815 3877 4869 visitavit.

2291 4897 2441 4949 Initio
2470 4897 2837 4950 vehementius
2868 4896 3054 4950 Petrus
3082 4886 3397 4967 loquebatur
3420 4942 3435 4967 ,
3461 4901 3549 4957 hic
3572 4919 3696 4957 vero
3722 4922 3882 4959 mun-

2289 4992 2508 5043 suctius.
2546 4990 2615 5043 Ita
2645 5006 2857 5060 semper
2890 4991 3189 5047 faciendum
3221 5005 3303 5050 est
3332 4998 3380 5051 ei
3406 5040 3420 5063 ,
3453 5002 3543 5068 qui
3586 5000 3638 5054 in
3681 5016 3881 5072 magna

2292 5091 2552 5151 potestate
2589 5091 2709 5136 est:
2757 5097 2983 5136 onerosa
3030 5084 3146 5139 aliis
3189 5086 3443 5141 mittenda
3473 5131 3487 5155 ,
3537 5089 3650 5159 ipse
3693 5101 3880 5147 autem

2291 5177 2466 5230 mitius
2497 5192 2655 5246 agere
2695 5176 2874 5230 debet.
2917 5177 3083 5233 Recte
3132 5178 3308 5235 dixit:
3357 5182 3565 5236 Simeon
3606 5187 3840 5238 narravit
3865 5228 3880 5251 ,

2290 5273 2434 5334 quasi
2469 5269 2556 5322 ille
2586 5268 2809 5320 aliorum
2844 5266 3039 5323 referat
3063 5272 3404 5325 sententiam.
3442 5274 3574 5328 Vide
3601 5277 3881 5344 quomodo

2292 5359 2390 5411 hoc
2420 5358 2693 5427 antiquum
2726 5374 2844 5412 esse
2871 5361 3134 5416 ostendat.
3172 5362 3237 5415 Ut
3284 5374 3531 5430 sumeret,
3574 5366 3747 5436 inquit
3770 5409 3785 5429 ,
3822 5385 3887 5421 ea:

2289 5448 2511 5517 gentibus
2543 5450 2785 5515 populant
2818 5452 3007 5503 nomini
3037 5469 3149 5503 suo.
3193 5452 3305 5505 Non
3339 5455 3511 5507 solum
3544 5456 3710 5525 elegit
3736 5500 3751 5521 ,
3786 5459 3883 5511 Sed

2289 5539 2445 5593 etiam
2476 5540 2678 5592 nomini
2710 5554 2846 5605 suo;
2898 5542 2948 5595 id
2986 5553 3065 5597 est
3092 5586 3105 5606 ,
3155 5544 3337 5611 gloria:
3384 5560 3512 5601 sure.
3546 5548 3662 5602 Non
3715 5550 3885 5618 pudet

2291 5647 2480 5685 nomen
2500 5648 2650 5685 suum
2667 5649 2731 5686 ex
2749 5637 3111 5704 assumptione
3134 5638 3365 5704 gentium
3393 5640 3617 5710 gloriam
3643 5658 3844 5697 vocare
3867 5661 3884 5699 :

2292 5724 2404 5779 hate
2430 5727 2569 5779 enim
2603 5726 2771 5793 major
2801 5736 2881 5779 est
2909 5728 3097 5797 gloria.
3149 5730 3243 5784 llic
3286 5746 3413 5785 vero
3451 5734 3576 5803 quid
3628 5750 3887 5806 magnum
