4084 6332
470 509 569 565 2M

452 619 652 692 ἐτέρων
693 616 867 687 λέγειν
903 614 1145 687 γνώμην.
1180 614 1321 686 Ὅρα
1360 614 1474 676 πῶς
1518 611 1753 665 δείκνυσι
1809 606 2037 662 παλαιὸν
2063 605 2123 659 δν

447 708 624 761 τοῦτο.
661 705 876 761 Λαϐεῖν
906 705 973 768 ἐξ
1002 701 1191 757 ἐθνῶν
1216 702 1386 764 λαὸν,
1416 700 1567 767 φησί,
1608 696 1688 761 τῷ
1729 697 1971 764 ὀνόματι
2010 694 2117 746 αὑ-

450 794 573 847 τοῦ.
623 794 735 862 Οὐχ
775 792 957 854 ἁπλῶς
1011 790 1307 855 ἐξελέξατο,
1345 786 1479 840 ἀλλά
1520 784 1597 855 τῷ
1652 784 1869 853 ὀνόματι
1916 778 2115 834 αὐτοῦ·

447 882 709 945 τουτέστι,
752 884 814 950 τῇ
855 880 981 950 δόξῃ
1019 878 1202 931 αὑτοῦ.
1238 877 1349 927 Οὐκ
1387 873 1702 942 αἰσχύνεται
1737 871 1795 923 τὸ
1827 870 1994 938 ὄνομα
2026 868 2126 921 αύ-

448 968 541 1020 τοῦ
590 971 653 1037 τῇ
688 966 953 1037 προλήψει
992 966 1095 1017 τῶν
1147 962 1314 1017 ἐθνῶν
1352 960 1506 1024 δόξαν
1547 958 1745 1012 καλῶν.
1794 957 1963 1009 Τοῦτο
2014 956 2122 1025 γὰρ

452 1055 650 1125 μείζων
690 1055 835 1120 δόξα.
892 1050 1153 1105 Ἐνταῦθά
1201 1068 1251 1101 τι
1303 1051 1395 1103 καὶ
1425 1048 1569 1119 μέγα
1602 1048 1917 1099 αἰνίττεται.
1962 1044 2121 1097 Ποῖον

445 1144 638 1203 τοῦτος
698 1142 840 1204 Ὅτι,
890 1139 1041 1208 φησὶ,
1082 1138 1186 1208 πρὸ
1230 1138 1447 1190 πάντων
1503 1133 1665 1190 οὗτοι.
1724 1134 1882 1187 Μετὰ
1933 1132 2121 1185 ταῦτα

445 1226 821 1294 ἀναστρέψω,
858 1225 954 1277 καί
1009 1219 1480 1291 ἀνοικοδομήσω,
1526 1223 1679 1292 φησί,
1719 1220 1833 1286 τὴν
1878 1218 2120 1284 σκηνὴν

452 1313 625 1367 Δαυίδ
670 1314 783 1378 τὴν
809 1310 1206 1363 πεπτωκυῖαν.
1246 1309 1311 1362 Εἰ
1343 1326 1428 1372 τις
1467 1309 1707 1378 ἀκριϐῶς
1743 1307 1991 1375 σκοποίη,
2024 1306 2118 1357 νῦν

446 1402 541 1469 τὴν
576 1397 847 1468 βασιλείαν
881 1395 1171 1465 ίσταμένην
1213 1394 1305 1447 τοῦ
1343 1395 1504 1447 Δαυὶδ
1542 1394 1713 1465 εὖροι.
1744 1392 1848 1444 Τοῦ
1891 1393 2115 1460 ἐκγόνου

446 1490 551 1557 γὰρ
590 1486 754 1539 αὑτοῦ
792 1483 1183 1553 βασιλεύοντος,
1238 1482 1511 1551 πανταχοῦ
1567 1482 1795 1549 ἕστηκεν
1842 1479 1997 1549 αὕτη.
2052 1480 2115 1530 Τί

445 1575 550 1644 γάρ
605 1571 795 1640 δ’ρελος
833 1570 939 1623 τῶν
982 1571 1296 1639 οἰκημάτων
1336 1570 1430 1621 καὶ
1467 1568 1562 1635 τῆς
1600 1567 1827 1630 πόλεως,
1867 1567 1975 1618 τῶν
2017 1566 2116 1617 ὑπ-

445 1661 751 1715 ακουόντων
783 1660 881 1713 οὐκ
920 1658 1127 1721 δντων;
1166 1660 1315 1708 ποῖον
1354 1656 1409 1707 δὲ
1450 1653 1644 1722 βλάϐος
1680 1656 1743 1705 ἐκ
1775 1654 1873 1722 τῆς
1918 1653 2112 1706 καθαι-

448 1751 647 1819 ρέσεως
676 1746 778 1815 τῆς
800 1745 1023 1807 πόλεως,
1054 1744 1269 1795 πάντων
1300 1742 1393 1792 καὶ
1426 1740 1524 1802 τὰς
1560 1739 1736 1809 ψυχὰς
1776 1738 2114 1807 βουλομένων

444 1834 749 1895 ἐπιδοῦναι;
790 1833 949 1884 Ὥστε
990 1831 1049 1882 ού
1091 1830 1249 1898 μόνον
1288 1828 1537 1897 ἕστηκεν,
1574 1826 1708 1879 ἀλλά
1746 1826 1838 1878 καὶ
1862 1826 2112 1895 λαμπρο-

442 1923 574 1991 τέρα
607 1920 821 1974 πάντων
848 1918 1064 1985 γέγονε·
1107 1914 1383 1984 πανταχοῦ
1420 1914 1529 1984 γὰρ
1568 1913 1661 1967 νῦν
1717 1916 1813 1983 τῆς
1870 1911 2115 1981 οἱκουμέ.

442 2025 537 2077 νης
570 2007 773 2079 ᾅδεται.
812 2007 1020 2059 Ἐκεῖνο
1056 2001 1247 2071 ἐξέϐη·
1300 2001 1495 2054 οὐκοῦν
1535 2001 1627 2054 καὶ
1682 2000 1838 2053 τοῦτο
1887 1999 2113 2069 ἐκϐῆναι

439 2098 538 2151 δεῖ.
577 2096 758 2149 Εἰπὼν
791 2095 868 2156 δὲ,
926 2092 1032 2145 Καὶ
1071 2091 1549 2160 ἀνοικοδομήσω,
1602 2089 1794 2156 ἐπάγει
1866 2089 1957 2140 καὶ
2016 2088 2113 2157 τήν

439 2185 617 2238 αἰτίαν
633 2182 725 2234 τοῦ
747 2182 835 2234 διὰ
860 2181 932 2245 τί,
959 2180 1161 2247 λέγων·
1194 2179 1394 2241 Ὅπως
1417 2176 1823 2242 ἐκζητήσωσιν
1856 2178 1907 2227 οί
1936 2174 2113 2226 κατεὶς

436 2275 637 2324 λοιποι
668 2268 788 2322 τῶν
830 2265 1155 2336 ἀνθρώπων
1200 2265 1307 2318 τὸν
1355 2266 1598 2332 Κύριον.
1666 2264 1727 2314 EE
1784 2262 1961 2313 τοίνυν
2028 2262 2115 2313 διὰ

436 2357 593 2409 τοῦτο
641 2356 897 2424 ἐξανέστη
932 2356 964 2424 ὴ
994 2354 1148 2415 πόλις
1206 2352 1295 2405 διὰ
1331 2352 1423 2403 τὸν
1484 2351 1545 2413 ἐξ
1598 2350 1795 2407 αὐτῶν,
1841 2349 1999 2416 δῆλον
2034 2350 2114 2399 ὅτι

438 2448 535 2515 τῆς
579 2443 868 2513 οἰκοδομῆς
922 2442 1019 2511 τῆς
1080 2440 1287 2501 πόλεως
1328 2438 1499 2490 αἴτιον
1539 2436 1728 2505 γέγονε
1783 2437 1841 2487 τὸ
1884 2436 1947 2487 τὰ
1986 2435 2113 2505 ἔθνη

438 2532 724 2601 κληθῆναι.
758 2531 913 2592 Τίνες
941 2529 1077 2581 εἰσὶν
1103 2531 1165 2581 Ol
1192 2526 1573 2587 κατάλοιποι;
1611 2529 1670 2577 Οἰ
1703 2525 2115 2592 ὑπολειπόμενοι

436 2621 575 2673 τότε.
638 2616 775 2669 Ἀλλ’
803 2617 901 2686 ὅρα
941 2615 1106 2666 αὐτὸν
1150 2614 1242 2665 καὶ
1280 2613 1379 2681 τὴν
1416 2612 1569 2677 τάξιν
1612 2612 1964 2678 φυλάττοντα,
2020 2611 2115 2662 καὶ

436 2708 719 2775 δευτέρους
750 2704 944 2766 αὐτοὺς
1002 2703 1309 2769 εἰσάγοντα.
1351 2699 1521 2767 Λέγει
1550 2700 1785 2768 Κύριος,
1835 2703 1867 2752 ό
1906 2698 2115 2763 ποιῶν,

440 2795 591 2864 φησὶ,
628 2793 814 2845 ταῦτα
862 2789 1078 2843 πάντα.
1131 2788 1205 2841 υύ
1248 2787 1395 2854 λέγει
1428 2786 1611 2857 μόνον,
1642 2786 1775 2839 ἀλλά
1810 2786 1905 2838 καὶ
1940 2788 2114 2838 ποιεῖ·

438 2886 546 2953 ἀρα
590 2879 724 2933 Θεοῦ
756 2878 912 2947 ἔργον
943 2880 975 2948 ή
1010 2877 1199 2946 κλῆσις
1218 2874 1326 2926 τῶν
1354 2872 1717 2927 ἐθνῶν.”Δλλο
1736 2868 1804 2943 ἦν
1835 2872 1896 2925 τὸ
1925 2874 2119 2944 ζητού-

443 2986 625 3040 μενον,
680 2969 815 3036 ὅπερ
880 2964 1214 3033 σαφέστερον
1254 2961 1347 3013 καὶ
1400 2961 1605 3029 Πέτρος
1644 2959 1863 3028 ἔλεγεν
1918 2961 1981 3013 ού
2040 2961 2122 3013 δεῖ

438 3058 632 3116 αὐτοὺς
674 3051 1116 3124 περιτέμνεσθαι.
1160 3050 1223 3101 Τί
1252 3049 1431 3101 τοίνυν
1469 3047 1643 3101 ταῦτα
1694 3048 2027 3120 δημηγορεῖς
2054 3064 2116 3113 ·;

438 3144 591 3217 [256]
623 3143 696 3195 υύ
728 3142 834 3209 γάρ
861 3138 925 3209 δὴ
958 3138 1115 3192 τοῦτο
1140 3136 1343 3203 ἔλεγον,
1365 3137 1447 3188 ὅτι
1471 3136 1529 3187 οὺ
1553 3136 1633 3188 δεῖ
1660 3136 1857 3197 αὐτοὺς
1871 3136 2121 3205 δέχεσθαι

440 3232 815 3290 πιστεύοντας,
860 3226 972 3279 ἀλλ’
1008 3226 1088 3277 ὅτι
1140 3224 1280 3293 μετά
1311 3224 1499 3293 νόμου.
1537 3223 1644 3276 Καὶ
1670 3222 1825 3275 τοῦτο
1858 3225 1885 3275 ό
1919 3223 2123 3293 Πέτρος

441 3319 617 3380 καλῶς
655 3316 1095 3387 ἐδημηγόρησεν’
1138 3310 1253 3364 ἀλλ’
1310 3311 1497 3383 ἐπειδὴ
1536 3310 1695 3364 τοῦτο
1729 3310 1976 3380 ἐθορύϐει
2019 3311 2123 3380 μά-

437 3420 591 3461 λισ.α
622 3406 835 3457 πάντων
854 3403 977 3464 τοὺς
1000 3400 1291 3470 ἀκροατὰς,
1322 3398 1583 3451 καὶτοῦτο
1614 3398 1905 3467 θεραπεύει
1935 3399 2121 3453 πάλιν.

439 3497 549 3551 Καὶ
573 3496 695 3563 ὃρα,
717 3494 852 3561 ὅπερ
870 3489 1036 3559 ἐχρῆν
1064 3488 1513 3557 νομοθετηθῆναι,
1534 3487 1613 3539 ὅτι
1644 3486 1705 3538 ού
1722 3486 1802 3538 δεῖ
1834 3486 2122 3555 φυλάττειν

447 3584 526 3635 ιον
580 3582 761 3651 νόμον,
814 3582 841 3631 ό
896 3578 1101 3646 Πέτρος
1140 3577 1402 3644 εἰσήγαγε
1428 3591 1441 3604 ο
1502 3574 1563 3625 τὸ
1601 3574 1657 3624 δὲ
1700 3574 1991 3643 ήμέτερον,
2026 3577 2121 3628 καὶ

441 3670 607 3723 πάλαι
656 3664 1011 3737 παραδεχθέν,
1050 3661 1206 3714 τοῦτο
1264 3657 1415 3723 οῦτός
1457 3678 1611 3729 φησι,
1652 3662 1746 3713 καὶ
1796 3662 2121 3733 ἐνδιατρίϐει

438 3758 649 3825 ἐκείνῳ,
682 3754 819 3823 ὑπὲρ
847 3748 905 3805 οὒ
932 3751 1083 3803 οὐδὲν
1114 3750 1443 3818 γέγραπται,
1474 3748 1561 3799 ἴνα
1616 3747 1795 3799 αὐτῶν
1846 3747 2116 3818 θεραπεύ-

439 3862 535 3907 σας
594 3844 690 3912 τὴν
753 3840 992 3893 διάνοιαν
1028 3838 1101 3907 τῷ
1140 3838 1641 3905 συγκεχωρημένον,
1691 3836 1961 3906 εὐκαίρως
2012 3840 2122 3889 εἰσ-

440 3928 626 3997 αγάγῃ
658 3928 748 3976 καὶ
777 3923 953 3975 τοῦτο.
1000 3922 1095 3973 Διὸ
1127 3920 1239 3987 ἐγὼ
1262 3924 1439 3985 κρίνω
1460 3918 1545 3986 μὴ
1578 3918 1974 3991 παρενοχλεῖν
1996 3919 2121 3985 τοῖς

439 4016 557 4068 ἀπὸ
605 4010 721 4064 τῶν
748 4009 938 4063 ἐθνῶν
972 4008 1431 4075 ἐπιστρέφουσι·
1472 4006 1735 4071 τουτέστι,
1775 4006 1847 4075 μὴ
1899 4007 2123 4077 ἀνατρέ-

442 4118 583 4153 πειν.
624 4101 686 4151 Εἰ
722 4098 828 4167 γὰρ
855 4098 882 4149 ό
921 4096 1049 4157 Θεὸς
1085 4095 1361 4156 ἐκάλεσεν,
1404 4088 1559 4146 αὗται
1610 4093 1666 4145 δὲ
1703 4094 1759 4145 αἱ
1798 4095 2121 4165 παρατηρή-

442 4208 555 4254 σεις
584 4192 608 4228 δ
645 4188 1029 4257 ἀνατρέπουσι,
1070 4184 1146 4253 τῷ
1202 4185 1319 4252 Θεῷ
1364 4182 1725 4253 πολεμοῦμεν.
1776 4185 1885 4237 Καὶ
1940 4185 2120 4249 καλῶς

443 4274 585 4338 εἷπε,
661 4276 787 4339 Τοῖς
842 4273 960 4327 ἀπὸ
1020 4271 1138 4324 τῶν
1194 4269 1385 4325 ἐθνῶν
1440 4270 1893 4340 ἐπιστρέφουσι,
1940 4273 2119 4343 δηλῶν

444 4368 538 4418 καὶ
569 4363 661 4416 τοῦ
686 4361 817 4415 Θεοῦ
848 4362 945 4431 τὴν
980 4358 1186 4412 ἀνωθεν
1247 4359 1373 4428 περὶ
1408 4359 1605 4421 αὐτοὺς
1656 4361 1988 4430 οἰκονομίαν,
2024 4362 2119 4414 καὶ

444 4454 503 4506 τὸ
533 4452 735 4504 τούτων
775 4447 1102 4509 καταπειθές
1152 4448 1245 4498 καὶ
1291 4447 1507 4515 ἕτοιμον
1534 4450 1611 4510 εἰς
1663 4448 1761 4516 τήν
1808 4448 2021 4517 κλῆσιν.
2054 4448 2117 4500 Τί

445 4545 582 4604 ἐστι,
614 4538 801 4605 Κρίνω
828 4535 979 4604 ὲγώ;
1025 4536 1169 4586 Ἀντὶ
1196 4534 1311 4597 τοῦ,
1354 4535 1469 4604 μετ’
1504 4534 1750 4599 ἐξουσίας
1783 4536 1926 4602 λέγω
1960 4535 2118 4589 τοῦτο

444 4626 605 4681 εἶναι.
637 4626 799 4680 Ἀλλ’
833 4622 1161 4677 ἐπιστεῖλαι
1186 4623 1391 4687 αὐτοῖς
1425 4621 1527 4675 τοῦ
1552 4622 1901 4689 ἀπέχεσθαι,
1928 4624 2115 4693 φησὶν,

447 4714 563 4768 ἀπὸ
594 4711 712 4765 τῶν
736 4710 1164 4778 ἀλισγημάτων
1194 4708 1309 4761 τῶν
1332 4709 1590 4762 εἰδώλων
1617 4710 1715 4761 καί
1759 4709 1859 4776 τῆς
1892 4713 2119 4777 πορνεί-

446 4820 519 4868 ας
570 4801 667 4854 καὶ
710 4800 816 4853 τοῦ
865 4798 1117 4852 πνικτοῦ
1150 4797 1379 4850 καὶτοῦ
1405 4798 1669 4865 αἵματος.
1716 4792 1886 4850 Αὖται
1928 4800 2035 4869 γὰρ
2069 4801 2117 4852 εἰ

450 4891 543 4941 καὶ
601 4887 927 4957 σωματικαὶ,
983 4885 1095 4937 ἀλλ’
1150 4886 1443 4952 ἀναγκαῖαι
1498 4886 1881 4954 φυλάττεσθαι,
1930 4889 2115 4958 ἐπειδὴ

455 4976 665 5047 μεγάλα
699 4973 1012 5044 εἰργάζοντο
1032 4972 1195 5025 κακά.
1241 4973 1351 5025 Καὶ
1383 4974 1467 5026 ἴνα
1500 4976 1571 5044 μή
1602 4991 1685 5036 τις
1716 4974 2117 5047 ἀνθυπενέγκῃ,

452 5064 553 5118 Διά
580 5063 631 5115 τί
661 5062 735 5133 μὴ
765 5062 859 5114 καὶ
890 5060 1162 5121 Ἰουδαίοις
1197 5060 1263 5111 τὰ
1294 5060 1429 5112 αὐτὰ
1458 5061 1872 5131 ἐπιστέλλομεν;
1909 5064 2119 5131 ἐπήγα-

452 5169 516 5221 γε
552 5150 755 5220 λέγων·
787 5145 1047 5213 Μωῢσῆς
1074 5147 1141 5198 ἐκ
1174 5145 1394 5215 γενεῶν
1422 5148 1682 5214 ἀρχαίων
1725 5152 1874 5203 κατὰ
1938 5153 2120 5206 πόλιν

454 5238 594 5305 τοὺς
630 5236 1052 5304 κηρύσσοντας
1096 5234 1314 5288 ἑαυτὸν
1345 5233 1503 5301 ἕχει·
1562 5235 1827 5301 τουτέστι,
1881 5239 2119 5309 Μωῦσῆς

455 5324 632 5384 αὐτοῖς
665 5319 971 5387 διαλέγεται
1022 5317 1279 5387 συνεχῶς.
1319 5317 1489 5370 Τοῦτο
1538 5318 1644 5389 γάρ
1672 5320 1786 5371 ἐστι
1847 5321 1929 5385 τὸ,
1967 5322 2122 5375 Κατά

458 5404 565 5463 πᾶν
600 5407 864 5461 σάϐϐατον
922 5406 1444 5474 ἀναγινωσκόμενος.
1479 5405 1622 5474 Ὅρα
1667 5406 1807 5476 πόση
1844 5410 1875 5477 ή
1916 5426 2122 5475 συγκα-

458 5497 705 5557 τάϐασις.
741 5493 909 5547 Ἔνθα
936 5491 1088 5545 οὐδὲν
1111 5491 1397 5557 ἔϐλαπτεν,
1423 5492 1721 5563 ἐπέστησεν
1757 5496 1940 5557 αὐτοῖς
1979 5496 2123 5549 διδά-

460 5585 677 5648 σκαλον,
711 5582 804 5635 καὶ
848 5580 1137 5652 ἐχαρίσατο
1188 5581 1346 5651 χάριν
1374 5580 1526 5633 οὐδὲν
1571 5583 1988 5651 ἐμποδίζουσαν,
2011 5586 2126 5639 ἐπι-

459 5673 663 5743 τρέψας
693 5670 958 5732 Ἰουδαίοις
983 5669 1203 5723 ἀκούειν
1248 5664 1413 5723 αὐτοῦ
1467 5671 1606 5723 κατά
1638 5672 1834 5738 πάντα,
1865 5676 1956 5726 καὶ
2018 5675 2125 5726 ἀπ-

459 5763 607 5827 άγων
660 5758 785 5819 τοὺς
825 5755 883 5819 ἐξ
912 5756 1112 5809 ἐθνῶν·
1163 5753 1282 5810 εἶτα
1308 5755 1373 5808 δι’
1404 5750 1478 5811 ὧν
1526 5757 1701 5824 ἔδοξεν
1749 5760 1908 5813 αὑτὸν
1935 5764 2121 5832 τιμᾷν,

460 5847 550 5898 καί
582 5843 863 5911 ἐφιστάναι
893 5844 1004 5907 τοῖς
1027 5843 1239 5909 ἑαυτοῦ,
1270 5843 1357 5897 διὰ
1380 5843 1585 5897 τούτων
1616 5846 1869 5914 ἀπήγαγε
1896 5847 1961 5900 τὰ
1995 5846 2122 5918 ἔθνη

462 5933 519 5994 ἐξ
565 5930 745 5983 αὑτοῦ.
793 5929 890 5984 Διά
946 5930 997 5981 τί
1035 5926 1127 5983 οὖν
1160 5931 1234 6002 μὴ
1266 5932 1393 6003 παρ’
1421 5932 1586 5986 αὐτοῦ
1622 5934 1984 6003 μανθάνουσι;
2026 5937 2123 5990 Διά

524 6070 539 6089 ’
578 6069 1100 6137 Μοῐε1.,δημηγορεῖν.
1169 6071 1195 6113 δ
1221 6074 1335 6138 Alii,
1381 6075 1630 6126 ἐκάλεσεν·
1677 6078 1726 6125 αἰ
1770 6077 1818 6125 δὲ
1852 6078 2095 6140 mpm-api,

478 6167 589 6206 σιις.

1257 503 1315 558 S.
1348 495 1629 558 JOANNIS
1666 490 2155 553 CHRYSOSTOMI
2200 487 2527 545 ARCHIEP.
2572 485 3117 544 CONSTANTINOI'.

3814 483 3921 538 25-!

2227 604 2326 675 τὴν
2372 603 2577 657 οἰκείαν
2624 602 2926 657 ἀπείθειαν.
2993 598 3274 654 Ἐντεῦθεν
3322 600 3619 667 δείκνυσιν,
3682 605 3768 658 δτι
3825 606 3923 657 καὶ

2226 692 2447 753 τούτους
2469 690 2617 744 οὐδὲν
2633 691 2792 745 πλέον
2804 691 2882 743 δεῖ
2901 690 3206 760 φυλάττειν.
3228 688 3266 740 Ε
3275 690 3288 740 ί
3311 688 3365 741 δὲ
3384 690 3481 741 οὐκ
3498 691 3921 762 ἐπιστέλλομεν,

2224 780 2320 848 ούχ
2337 777 2412 841 ὡς
2426 777 2745 845 ὀφειλόντων
2758 777 2937 829 αὐτῶν
2960 776 3119 829 πλέον
3136 793 3185 827 τι
3211 775 3520 842 φυλάττειν,
3542 777 3659 829 ἀλλ’
3674 779 3749 841 ὡς
3766 780 3922 848 ἐχόνο

2221 886 2325 921 των
2343 868 2431 919 τὸν
2448 867 2699 935 λέγοντα.
2726 866 2834 918 Καὶ
2855 867 2955 918 ούκ
2983 861 3124 925 εἷπε,
3170 865 3259 933 Μὴ
3308 864 3683 929 σκανδαλίζειν
3712 866 3922 927 αὐτοὺς

2224 954 2357 1025 μηδὲ
2392 953 2813 1023 καταστρέφειν,
2838 954 2975 1022 ὅπερ
3004 951 3216 1013 Παῦλος
3245 950 3393 1019 λέγει
3434 950 3724 1015 Γαλάταις,
3751 950 3916 1015 ἀλλά,

2219 1041 2314 1107 Μὴ
2330 1039 2729 1108 παρενοχλεῖν
2747 1056 2759 1068 ·
2779 1040 2915 1109 ὅπερ
2933 1038 3083 1089 οὐδὲν
3097 1036 3367 1088 δείκνυσιν
3392 1036 3449 1089 ὃν
3468 1038 3527 1089 τὸ
3550 1037 3917 1107 κατόρθωμα,

2218 1128 2332 1179 ἀλλ’
2362 1127 2393 1197 ἢ
2428 1129 2585 1197 μόνον
2610 1126 2910 1196 ἐνόχλησιν.
2947 1122 3131 1183 Οῦτως
3158 1120 3379 1185 ἐξέλυσε
3422 1122 3484 1173 τὸ
3512 1126 3641 1175 πᾶν.
3664 1124 3792 1176 Καὶ
3825 1124 3919 1175 δνο-

2219 1218 2305 1267 κεῖ
2336 1215 2431 1285 μὲν
2457 1216 2548 1267 καὶ
2576 1215 2667 1267 τὸν
2693 1214 2855 1282 νόμον
2886 1214 3075 1282 τηρεῖν
3104 1209 3182 1280 τῷ
3212 1210 3271 1273 ἐξ
3295 1208 3460 1262 αὑτοῦ
3488 1210 3661 1261 ταῦτα
3695 1210 3919 1275 λαϐεῖν,

2217 1304 2371 1355 ἔλυσε
2396 1304 2450 1355 δέ
2476 1302 2640 1354 αὑτὸν
2676 1301 2752 1371 τῷ
2791 1302 2926 1371 μόνα
2954 1298 3159 1353 λαϐεῖν.
3192 1299 3385 1351 Καίτοι
3417 1314 3481 1365 γε
3518 1298 3781 1360 πολλάκις
3816 1299 3923 1350 αῦ-

2218 1395 2325 1454 ¹τοίς
2352 1392 2488 1461 ὑπὲρ
2515 1390 2721 1442 τούτων
2754 1387 3002 1458 διελέχθη
3023 1404 3037 1418 ο
3074 1386 3191 1439 ἀλλ’
3217 1386 3303 1439 ἵνα
3341 1386 3467 1456 δόξῃ
3495 1387 3589 1437 καὶ
3614 1386 3704 1437 τὸν
3741 1385 3924 1455 νόμον

2223 1482 2400 1549 τιμᾷνο
2444 1478 2536 1530 καὶ
2563 1476 2738 1530 ταῦτα
2778 1477 2875 1546 οὐχ
2904 1475 2979 1538 ὡς
3008 1474 3115 1528 ἀπὸ
3158 1475 3440 1535 Μωῡσέως
3460 1474 3653 1541 λέγων,
3684 1472 3809 1525 ἀλλ’
3844 1473 3925 1534 ὡς

2212 1568 2319 1620 ἀπὸ
2338 1566 2445 1619 τῶν
2466 1564 2803 1629 ἀποστόλων,
2830 1564 2925 1617 καὶ
2954 1564 3043 1616 ἴνα
3065 1562 3265 1624 πολλὰς
3294 1563 3495 1633 ποιήσῃ
3527 1562 3622 1623 τὰς
3658 1561 3922 1623 ἐντολὰς,

2211 1671 2309 1724 την
2330 1653 2454 1723 μίαν
2477 1654 2659 1707 διεῖλε.
2688 1651 2861 1705 Τοῦτο
2895 1652 3134 1721 μάλιστα
3160 1650 3359 1712 αὐτοὺς
3392 1650 3714 1703 ἀνέπαυσεν.
3745 1650 3924 1701 Οἰκοο

2211 1741 2447 1811 νομικῶς
2491 1741 2547 1793 δὲ
2606 1739 2799 1807 γέγονε
2846 1740 2938 1793 καὶ
2996 1740 3029 1807 ή
3083 1736 3405 1804 ἀντιλογία,
3465 1737 3547 1789 ῖνα
3606 1740 3745 1805 μετὰ
3818 1736 3926 1806 τὴν

2210 1828 2518 1895 ἀντιλογίαν
2568 1827 2910 1897 βεϐαιότερον
3016 1826 3073 1878 τὸ
3103 1826 3307 1894 δόγμαο
3345 1866 3358 1879 .
3401 1826 3538 1878 Τότε
3575 1824 3749 1886 ἔδοξε
3786 1825 3926 1889 τοῖς

2210 1916 2594 1980 ἀποστόλοις,
2662 1916 2847 1983 φησὶν,
2914 1914 3141 1981 ἄνδρας
3191 1911 3568 1981 ἡγουμένους
3643 1912 3711 1963 ἐν
3788 1912 3927 1977 τοῖς

2211 2004 2497 2072 ἀδελφοῖς
2532 2005 2781 2073 πέμψαι.
2812 2004 2887 2057 Ού
2920 2004 3047 2066 τοὺς
3086 2004 3372 2073 τυχόντας,
3414 2002 3549 2056 ἀλλὰ
3586 2007 3704 2064 τοὺς
3736 2005 3927 2071 ἡγου-

2215 2093 2408 2161 μένους
2443 2091 2755 2159 πέμπουσιν
2775 2091 3156 2161 ἐκλεξάμενον
3195 2090 3321 2156 Τοῖς
3346 2090 3496 2163 κατά
3516 2090 3922 2157 Ἀντιόχειαν,

2214 2180 2381 2251 φησί,
2438 2178 2537 2232 κ(ιί
2580 2179 2805 2246 Συρίαν
2855 2178 2954 2231 καί
3005 2178 3318 2244 Κιλικίαν,
3382 2178 3508 2230 ἔνθα
3560 2179 3617 2230 τὸ
3684 2180 3927 2249 νότημα

2214 2267 2432 2336 ἐτέχθη.

2286 2363 2351 2422 γ’.
2384 2353 2535 2425 [257]
2560 2354 2701 2423 Ὅρα
2722 2351 2886 2421 μηδὲν
2903 2352 3159 2422 φορτικὸν
3177 2353 3205 2391 δ
3234 2353 3356 2405 κατ’
3372 2355 3594 2407 ἐκείνων
3620 2354 3928 2421 λέχοντας,

2212 2440 2323 2494 ἀλλ’
2369 2443 2447 2500 εἰς
2480 2439 2537 2491 ἒν
2571 2439 2813 2509 ὁρῶντας
2855 2440 3035 2507 μόνον,
3078 2439 3220 2493 ὥστε
3266 2440 3569 2511 ἀνατρέψαι
3595 2441 3652 2493 τὸ
3694 2459 3957 2513 γεγενῆ-

2217 2530 2373 2599 μένον
2394 2544 2405 2555 ·
2439 2528 2595 2579 τοῦτο
2624 2527 2732 2597 γὰρ
2758 2527 2992 2588 καὶτοὺς
3016 2528 3133 2578 ἐκεῖ
3158 2527 3548 2592 στασιάζοντας
3567 2531 3929 2601 ὁμολογῆσαι

2212 2619 2403 2671 ἐποίει.
2421 2618 2533 2671 Ούκ
2562 2612 2735 2681 εἷπον,
2759 2616 2839 2668 δτι
2867 2617 2916 2669 οἱ
2946 2616 3282 2680 ἀπατεῶνες,
3302 2619 3348 2669 οἰ
3372 2616 3664 2687 λυμεῶνες,
3688 2621 3795 2671 καὶ
3817 2622 3929 2672 ὅσα

2213 2705 2435 2759 τοιαῦτα
2460 2717 2474 2732 ⁶
2508 2704 2686 2757 καίτοι
2720 2704 2847 2756 ἔνθα
2869 2704 3057 2772 ἐχρῆν,
3092 2706 3237 2755 ποιεῖ
3265 2704 3397 2757 αὐτὸ
3422 2704 3649 2769 Παῦλος,
3674 2706 3750 2769 ὡς
3778 2710 3929 2761 ὅταν

2214 2793 2367 2865 λέγῃ
2394 2794 2461 2845 Ὢ
2499 2792 2737 2857 πλήρης
2759 2790 2986 2855 παντὸς
3015 2790 3203 2843 δόλου
3225 2806 3237 2817 ·
3264 2791 3497 2845 ἐνταῦθα
3526 2791 3581 2843 δὲ
3613 2794 3928 2863 κατορθω-

2216 2879 2417 2940 θέντος,
2480 2877 2579 2929 οὐκ
2625 2875 2704 2928 ἐτι
2752 2874 2907 2945 χρεία
2955 2872 3045 2943 ἦν.
3092 2875 3202 2928 Καὶ
3249 2877 3369 2945 δρα,
3406 2877 3467 2929 ού
3509 2876 3784 2941 τιθέασιν,
3830 2882 3923 2933 δτι

2214 2966 2357 3027 τινὲς
2391 2964 2447 3029 ἐξ
2480 2963 2635 3033 ήμῶν
2667 2963 2963 3015 ἐκέλευσαν
2999 2963 3143 3031 ὑμᾶς
3168 2962 3260 3016 τὸν
3284 2962 3446 3033 νόμον
3473 2967 3659 3035 τηρεῖν
3690 2984 3702 2995 ο
3762 2968 3926 3033 ἀλλ’,

2214 3050 2553 3117 Ἐτάραξαν
2604 3042 2761 3117 ὑμᾶς
2800 3050 3008 3117 λόγοις
3036 3050 3573 3118 ἀνασκευάζοντες.
3606 3054 3781 3106 Οὐδὲν
3818 3074 3893 3109 κυ
3915 3089 3930 3099 ο

2222 3137 2478 3209 ριώτερον
2515 3138 2613 3206 τῆς
2640 3137 2836 3199 λέξεως
2870 3152 2881 3163 ·
2909 3136 3083 3199 οὐδεὶς
3106 3137 3279 3201 οὕτως
3320 3136 3463 3193 εἷπε.
3520 3141 3627 3204 Τάς
3668 3142 3775 3211 ήδη
3828 3144 3929 3213 βε-

2220 3225 2546 3286 ϐαιωθείσας
2581 3223 2782 3293 ψυχὰς,
2808 3225 2993 3292 φησὶν,
3027 3224 3516 3291 ἀνασκευάζοντες,
3545 3228 3801 3301 καθάπερ
3826 3233 3931 3285 ἐπὶ

2219 3312 2509 3381 οἰκοδομῆς
2554 3312 2623 3364 τά
2672 3310 2767 3363 ὑπ’
2808 3309 3035 3365 ἐκείνων
3082 3315 3431 3383 γεγενημένα
3471 3315 3726 3378 τιθέντες.
3790 3315 3929 3385 Οἷς,

2220 3403 2406 3471 φησὶν,
2438 3403 2509 3454 οὺ
2545 3398 3025 3467 διεστειλάμεθα.
3065 3400 3325 3464 Ἔδοξεν
3347 3398 3462 3455 οὖν
3495 3405 3633 3470 ἡμῖν
3662 3412 3931 3475 γενομέ-

2218 3506 2346 3553 νοις
2380 3487 2763 3557 ὁμοθυμαδὸν
2781 3486 2903 3540 σὺν
2942 3487 3065 3552 τοῖς
3098 3488 3449 3555 ἀγαπητοῖς.
3492 3491 3554 3542 Εἰ
3607 3493 3929 3562 ἀγαπητοὶ,

2218 3578 2277 3629 ού
2316 3576 2827 3646 καταφρονήσουσιν
2859 3575 3039 3627 αὐτῶν
3076 3590 3091 3605 ⁶
3121 3578 3170 3627 εί
3216 3577 3542 3648 παρέδωκαν
3577 3580 3671 3640 τὰς
3700 3580 3931 3651 ψυχὰς,

2219 3666 2311 3716 καὶ
2340 3664 2494 3717 αύτοί⁵
2512 3662 2818 3729 ἀξιόπιστοί
2845 3664 3001 3716 είσιν.
3032 3664 3536 3733 Ἀπεστάλκαμεν
3559 3662 3687 3729 οὖν,
3713 3673 3933 3737 φησὶν,

2216 3751 2445 3805 Ἰούδαν
2474 3750 2573 3802 καί
2598 3751 2808 3813 Σίλαν,
2834 3751 2929 3803 καί
2956 3750 3182 3815 αὐτοὺς
3224 3750 3323 3803 διὰ
3366 3754 3555 3821 λόγου
3604 3753 3933 3823 dna-num-

2216 3843 2442 3905 λοντας
2470 3840 2543 3892 τὰ
2569 3838 2741 3892 αὑτά.
2776 3838 2922 3890 Ἔδει
2948 3838 3056 3907 γάρ
3089 3838 3163 3907 μὴ
3191 3838 3290 3908 τὴν
3318 3841 3611 3910 ἐπιστολήν
3646 3849 3932 3912 παρεῖναι

2222 3927 2401 3996 μόνον,
2438 3926 2525 3977 ἴνα
2560 3925 2634 3995 μὴ
2666 3925 2922 3992 λέγωσιν,
2965 3926 3047 3977 ὅτι
3095 3927 3480 3995 συνήρπασαν,
3508 3928 3588 3981 ὅτι
3622 3930 3754 3982 ἄλλα
3796 3934 3931 3986 ἀντ’

2218 4014 2391 4067 ἄλλων
2416 4008 2599 4064 εἶπαν.
2638 4012 2708 4063 Ϊὸ
2739 4010 3018 4081 ἐγκώμιον
3048 4012 3109 4063 τὸ
3153 4014 3277 4082 περί
3339 4014 3553 4067 Παῦλον
3608 4018 3932 4089 ἐνέφραξε-,ρ

2215 4102 2395 4153 αὐτῶν
2427 4100 2495 4153 τὰ
2528 4100 2795 4169 στόματα.
2828 4099 2927 4151 Διά
2949 4100 3057 4169 γὰρ
3084 4098 3243 4152 τοῦτο
3271 4100 3398 4153 οὔτε
3426 4102 3640 4168 Παῦλος
3679 4105 3926 4175 ἔρχεται

2220 4189 2378 4257 μόνον
2400 4186 2524 4241 οὔτε
2554 4186 2861 4257 Βαρνάϐας,
2897 4186 3031 4239 ἀλλά
3052 4187 3145 4239 καὶ
3173 4187 3324 4239 ἄλλοι
3373 4189 3481 4241 ἀπὸ
3515 4190 3616 4259 τῆς
3672 4193 3927 4266 Ἐκκλη-

2217 4276 2357 4341 σίας,
2388 4276 2474 4327 ἵνα
2503 4274 2580 4343 μὴ
2613 4273 2851 4335 ὕποπτος
2883 4268 2951 4345 ᾖ,
2998 4273 3187 4345 ἐπειδὴ
3248 4275 3414 4339 αὐτὸς
3465 4278 3930 4348 ἀντελαμϐάνετο

2214 4362 2305 4414 τοῦ
2336 4362 2628 4430 δόγματος,
2659 4360 2783 4411 οὕτε
2809 4361 2859 4411 οἱ
2886 4361 2995 4411 ἀπὸ
3028 4360 3423 4432 Ἱεροσολύμων
3452 4365 3623 4433 μόνοι.
3654 4369 3927 4424 Δείκνυσι

2216 4448 2331 4510 πῶς
2359 4446 2660 4512 ἀξιόπιστοι
2688 4448 2826 4499 εἰσιν
2858 4461 2872 4474 ·
2902 4446 3003 4499 οὐκ
3040 4447 3351 4511 ἐξισοῦντες
3389 4451 3638 4518 ἑαυτοὺς,
3684 4458 3865 4522 φησίν
3909 4478 3924 4488 ·

2214 4538 2313 4604 οὐχ
2347 4533 2488 4586 οὕτω
2521 4534 2821 4603 μαίνονται.
2852 4534 2951 4586 Διά
2973 4551 3054 4586 τοι
3087 4535 3245 4587 τοῦτο
3278 4538 3369 4589 καὶ
3399 4538 3481 4600 τὸ,
3542 4540 3927 4613 Ἀνθρώποις

2215 4619 2665 4687 παραδεδωκόσι
2698 4622 2803 4683 τὰς
2820 4622 3027 4688 ψυχὰς
3062 4620 3263 4675 αὐτῶν
3288 4624 3441 4691 ὑπὲρ
3473 4626 3579 4679 τοῦ
3603 4628 3925 4698 ὀνόματος

2215 4711 2320 4765 τοῦ
2377 4712 2596 4778 Κυρίου
2650 4709 2822 4780 ἡμῶν
2843 4711 3048 4778 Ἰησοῦ
3082 4714 3364 4781 Χριστοῦ,
3412 4718 3721 4789 προσέθηκε
3755 4737 3770 4749 ⁸
3816 4726 3928 4776 καὶ

2214 4802 2356 4862 τίνος
2398 4799 2583 4851 ἕνεκεν
2632 4794 2805 4862 εἶπεν,
2873 4799 3087 4863 Ἔδοξε
3134 4800 3213 4865 τῷ
3264 4802 3412 4870 ἁγίῳ
3448 4808 3751 4874 Ηνεύματι
3812 4813 3928 4865 καὶ

2213 4886 2376 4955 ἡμῖν,
2405 4888 2582 4938 καίτοι
2602 4887 2762 4956 ήρκει
2792 4887 2987 4950 εἰπεῖν,
3026 4885 3109 4951 Τῷ
3137 4888 3285 4957 ἁγίῳ
3311 4891 3646 4959 Πνεύματι;
3677 4893 3750 4946 Τὸ
3781 4898 3927 4965 μὲν,

2221 4972 2303 5038 Τῷ
2336 4974 2481 5042 ἁγίῳ
2513 4973 2831 5040 Πνεύματι,
2864 4972 2957 5024 ἵνα
2994 4972 3067 5043 μὴ
3106 4974 3401 5044 νομίσωσιν
3431 4977 3778 5049 ἀνθρώπινον
3842 4982 3931 5036 εἷ-

2214 5078 2302 5113 ναι
2340 5077 2350 5087 ·
2382 5060 2541 5125 τὸδὲ,
2591 5061 2783 5127 Ἡμῖν,
2818 5051 3295 5129 ἵναδιδαχθῶσιν,
3332 5064 3415 5116 ὅτι
3464 5066 3556 5118 καί
3597 5066 3753 5119 αὐτοὶ
3820 5075 3932 5126 καὶ

2217 5146 2593 5215 ἀποδέχονται,
2643 5145 2737 5198 καλ¹
2792 5149 2847 5199 ἐν
2882 5150 3149 5219 περιτομῇ
3200 5147 3373 5213 ὄντες.
3438 5148 3648 5218 Μηδὲν
3692 5152 3932 5218 πλέον,

2218 5233 2402 5303 φησὶν,
2430 5233 2800 5287 ἐπιτίθεσθαι
2823 5234 3017 5302 βάρος
3031 5235 3194 5304 ὑμῖν.
3216 5236 3406 5290 Ταῦτα
3424 5238 3700 5307 λέγουσιν,
3718 5240 3931 5311 ἐπειδὴ

2220 5321 2355 5390 πρὸς
2384 5319 2709 5389 ἀνθρώπους
2734 5320 2983 5385 ἀσθενεῖς
3015 5320 3097 5376 ἔτι
3130 5326 3157 5375 ό
3190 5322 3349 5391 λόγος
3373 5321 3459 5395 ἦν,
3506 5326 3601 5380 καὶ
3661 5329 3933 5399 πεφοϐη-

2224 5406 2415 5475 μένους
2444 5404 2643 5468 αύτούς
2666 5422 2682 5439 ·
2706 5406 2793 5459 διὰ
2824 5407 2983 5461 τοῦτο
3021 5411 3113 5462 καὶ
3177 5409 3340 5465 τοῦτο
3383 5412 3733 5482 πρόσκειται.
3795 5418 3933 5468 Δεί-

2222 5510 2373 5547 κνυσι
2392 5494 2447 5547 δὲ
2465 5494 2584 5563 ούχὶ
2607 5494 3067 5560 συγκαταϐάσεως
3088 5497 3216 5549 δντα
3236 5497 3327 5551 τὸν
3360 5497 3539 5566 λόγον,
3571 5499 3693 5553 οὐδὲ
3719 5501 3936 5576 ἐπειδὴ

2220 5582 2491 5649 ἐφείδοντο
2541 5581 2721 5634 αὐτῶν
2770 5584 2891 5636 οὐδὲ
2940 5583 3015 5646 ὡς
3040 5584 3283 5638 ἀσθενῶν
3317 5603 3330 5615 ·
3369 5587 3508 5640 ἀλλά
3553 5589 3883 5642 τούναντίον
3918 5612 3930 5622 ·

2222 5669 2387 5738 πολλὴ
2420 5670 2530 5739 γὰρ
2584 5669 2679 5721 καὶ
2710 5670 2818 5723 τῶν
2866 5670 3202 5724 διδασκάλων
3248 5672 3413 5738 αἰδὼς
3444 5668 3549 5743 ἦν’
3596 5676 3777 5726 ἐκεῖνο
3806 5678 3936 5747 γὰρ

2221 5758 2471 5827 περιττὸν
2504 5756 2670 5826 βάρος
2690 5754 2777 5828 ἦν.
2808 5760 2949 5829 Ὅρα
2974 5758 3237 5829 βραχεῖαν
3264 5761 3556 5831 ἐπιστολὴν
3578 5761 3736 5815 οὐδὲν
3753 5762 3934 5818 πλέον

2221 5838 2469 5910 ἔχουσαν,
2496 5840 2616 5893 ούδέ
2648 5842 2994 5905 κατασκευὰς
3027 5843 3147 5895 οὐδὲ
3171 5844 3590 5915 συλλογισμοὺς,
3624 5846 3745 5898 ἀλλ’
3789 5849 3931 5902 ἐττει

2222 5946 2408 5997 ταγμα
2445 5940 2491 5967 ε·
2528 5928 2664 5981 Πνεύ
2675 5946 2842 5999 ματος
2874 5930 2982 6002 γὰρ
3013 5927 3081 6002 ἦν
3109 5933 3421 6003 νομοθεσία.
3460 5936 3609 5987 Ἀνω
3640 5939 3735 5987 καὶ
3760 5939 3931 5994 κάτω

2309 6035 2333 6102 f'
2363 6035 2653 6102 Sequentja,
2685 6036 2869 6085 τότε....
2900 6038 3055 6102 φησίν,
3078 6038 3257 6102 desunt
3280 6040 3327 6087 in
3357 6052 3469 6088 uno.
3542 6040 3566 6080 ιι
3599 6042 3753 6099 Mem,
3782 6042 3933 6102 "Op:

2224 6097 2356 6143 οὐδὲν
2392 6100 2751 6161 φορτικώτερον.

2226 6174 2368 6220 ματα.

2824 6103 2844 6129 ε
2874 6099 3099 6161 Quidam,
3143 6101 3250 6149 ούδέ
3283 6102 3555 6165 λογισμοὺς,
3582 6102 3687 6150 ἀλλ’
3711 6099 3931 6167 ἐπιτάγ-
