4084 6332
182 538 275 594 sit
1156 525 1224 583 IN
1262 508 1446 583 ACTA
1489 520 1801 581 nosam.

1914 521 2019 579 UM.
2063 521 2296 580 HOMIL.
2338 520 2582 579 XXXIII.

185 649 508 706 snliindicat.
541 644 822 715 Quodnam
852 641 1107 700 illud?!“
1132 683 1149 709 ,
1182 641 1391 712 inquit,
1420 648 1546 695 ante
1570 632 1780 693 omnes.

190 742 375 795 Postea
402 755 539 795 vero
566 746 852 793 convertam
874 751 955 790 me
978 744 1025 789 et
1052 732 1375 802 retediﬁcabo
1405 722 1787 785 tabernaculum

187 832 358 887 David
376 874 391 898 ,
420 833 559 903 quod
586 831 791 886 decidit.
820 828 875 883 Si
898 828 1019 899 quis
1046 835 1296 883 accurate
1316 826 1564 895 exploret
1588 863 1603 887 ,
1633 820 1792 876 Davi-

186 925 267 981 dis
298 940 527 996 regnum
552 938 696 982 nunc
722 931 868 977 stare
896 920 1151 976 inveniet.
1176 918 1311 973 Nam
1334 929 1455 972 cum
1486 932 1554 972 ex
1576 930 1643 970 eo
1667 929 1797 985 pro-

184 1028 380 1087 gnatus
410 1024 601 1088 regnet
630 1056 645 1082 ,
678 1023 785 1069 stat
812 1014 1010 1084 ubique
1044 1028 1269 1083 regnum
1315 1011 1452 1081 ejus.
1481 1008 1619 1077 Quid
1663 1021 1793 1078 pro-

185 1118 311 1164 snnt
341 1110 489 1166 enim
522 1106 791 1162 domicilia
821 1116 873 1161 et
906 1105 1032 1159 urbs
1057 1146 1073 1172 ,
1114 1106 1158 1160 si
1190 1103 1389 1159 subditi
1418 1117 1523 1157 non
1553 1101 1701 1156 sint?
1739 1106 1795 1153 et

184 1201 316 1274 quid
343 1201 525 1257 damni
561 1216 625 1255 ex
654 1199 800 1255 urbis
827 1198 1045 1254 excidio
1069 1239 1084 1264 ,
1118 1212 1240 1252 cum
1270 1210 1460 1251 omnes
1486 1194 1648 1248 etiam
1674 1191 1792 1245 ani-

185 1307 306 1350 mas
334 1308 462 1349 suas
492 1292 806 1363 impendere
834 1292 1040 1347 velint?
1072 1289 1255 1360 Itaque
1298 1303 1422 1357 non
1454 1286 1617 1342 modo
1645 1294 1747 1339 stat
1776 1325 1791 1349 ,

184 1387 282 1443 led
310 1396 367 1442 et
386 1386 629 1441 omnium
651 1382 1148 1456 Splendidissimum
1177 1380 1374 1435 factum
1398 1389 1483 1435 est
1509 1398 1520 1432 :
1550 1394 1671 1432 nam
1704 1392 1798 1448 per

184 1488 359 1532 totum
390 1493 533 1532 nunc
561 1477 746 1533 orbem
779 1474 1102 1530 celebratur.
1139 1470 1269 1528 lllud
1299 1473 1480 1527 evenit
1510 1488 1523 1527 :
1574 1485 1703 1547 ergo
1739 1480 1796 1525 et

184 1571 292 1625 hoc
319 1572 540 1626 evenire
570 1576 803 1638 oportet.
842 1565 945 1622 Ubi
983 1576 1161 1620 autem
1194 1565 1327 1618 dixit
1356 1607 1371 1631 ,
1408 1563 1754 1632 Rewdificobo
1780 1604 1795 1628 ,

181 1676 405 1715 causam
437 1658 585 1714 addit
616 1678 627 1713 :
658 1657 726 1713 Ut
752 1658 1012 1729 requirant
1038 1658 1205 1712 ueteri
1232 1657 1461 1710 homines
1490 1655 1794 1708 Dominum.

178 1753 235 1807 Si
267 1766 399 1823 ergo
431 1750 554 1806 ideo
585 1760 762 1805 erecta
793 1760 875 1805 est
904 1749 1093 1804 civitas
1124 1758 1346 1819 propter
1384 1763 1505 1802 eum
1536 1789 1551 1813 ,
1597 1746 1685 1817 qui
1729 1762 1795 1802 ex

182 1844 318 1913 ipsis
343 1884 356 1906 ,
406 1842 583 1913 palam
620 1853 703 1896 est
741 1841 1082 1896 remdilicata:
1112 1840 1348 1896 civitatis
1378 1854 1594 1894 causam
1634 1839 1799 1893 fuisse

180 1935 426 2004 gentium
454 1934 815 1987 vocationem.
864 1932 1093 1999 Quinam
1141 1939 1266 1985 sunt
1317 1929 1565 1999 Reliqui?
1598 1928 1677 1983 Illi
1707 1929 1797 1998 qui

184 2035 318 2080 tunc
350 2025 813 2093 relinquebantur.
847 2023 951 2079 Sed
982 2023 1103 2078 vide
1132 2023 1280 2077 illum
1312 2031 1366 2077 et
1406 2021 1652 2076 ordinem
1699 2034 1798 2074 cn-

182 2117 394 2171 stodire
417 2157 433 2181 ,
466 2125 522 2170 et
547 2114 814 2171 secundos
840 2114 965 2170 illos
992 2113 1270 2169 inducere.
1320 2112 1462 2165 Dixit
1506 2110 1758 2165 Dominus
1779 2152 1796 2177 ,

180 2209 272 2279 qui
298 2209 426 2278 facit
454 2207 562 2261 liter
587 2208 775 2261 omnia.
805 2205 923 2260 Non
952 2204 1116 2260 modo
1157 2203 1331 2269 dicit,
1379 2203 1473 2257 sed
1520 2210 1575 2258 et
1622 2196 1747 2256 facit
1781 2218 1794 2254 :

182 2314 317 2369 ergo
351 2299 443 2353 Dei
477 2313 613 2367 opus
637 2306 721 2351 est
751 2297 961 2351 voeatio
990 2296 1252 2367 gentium.
1295 2293 1453 2349 Aliud
1496 2304 1611 2348 erat
1656 2292 1797 2363 quod

181 2389 534 2461 qmerebatur
554 2430 568 2451 ,
597 2389 740 2460 quod
764 2390 962 2443 clarius
988 2387 1204 2443 dicebat
1228 2387 1419 2442 Petrus
1448 2404 1459 2439 :
1484 2384 1601 2441 Non
1629 2400 1796 2454 opor-

185 2493 262 2537 tet
295 2482 421 2537 illos
449 2480 785 2536 circumcidi.
814 2479 922 2536 Cur
950 2493 1079 2551 ergo
1110 2479 1227 2534 haec
1255 2477 1635 2534 concionaris?
1658 2476 1799 2532 Sane

182 2592 293 2632 non
328 2574 434 2631 hoc
466 2574 723 2631 dicebant
762 2574 881 2641 illi,
924 2573 1068 2644 quod
1117 2571 1405 2628 credentes
1451 2586 1556 2626 non
1600 2570 1792 2626 admit.

184 2668 333 2724 tendi
366 2675 582 2733 essent,
614 2666 707 2721 sed
733 2667 875 2737 quod
903 2680 1026 2720 eum
1068 2664 1187 2735 lege
1226 2663 1567 2719 admittendi.
1600 2663 1669 2717 Et
1697 2663 1799 2717 hoc

182 2763 348 2815 etiam
385 2760 577 2815 Petrus
622 2760 759 2815 bene
795 2761 1145 2814 eoncionatus
1187 2766 1310 2825 est;
1353 2757 1446 2812 sed
1496 2758 1620 2827 quia
1669 2756 1799 2811 illud

184 2852 427 2907 maxime
457 2853 697 2905 omnium
729 2850 1004 2905 auditores
1035 2849 1326 2917 turbabat,
1361 2848 1463 2903 hoc
1496 2849 1659 2904 etiam
1704 2847 1799 2903 Ja-

185 2944 359 2999 eobus
386 2950 561 2997 curat.
589 2937 656 2996 Et
684 2941 804 2996 vide
826 2983 841 3006 ,
876 2940 930 2995 id
957 2940 1101 3011 quod
1132 2940 1418 3011 oportebat
1447 2940 1564 3010 lege
1594 2940 1755 2995 statui
1782 2980 1797 3003 ,

186 3052 295 3092 non
325 3033 654 3089 servandam
682 3048 803 3088 esse
831 3033 1003 3102 legem
1028 3073 1044 3099 ,
1077 3032 1129 3088 id
1158 3032 1349 3088 Petrus
1376 3031 1586 3087 induxit
1614 3050 1626 3085 :
1656 3032 1800 3103 quod

185 3142 319 3183 vero
348 3134 596 3181 nostrum
625 3133 712 3179 est
736 3166 751 3193 ,
775 3123 1152 3195 quodquejam
1175 3124 1302 3177 olim
1326 3134 1638 3193 susceptum
1661 3122 1759 3177 fuit
1782 3165 1798 3191 ,

187 3220 293 3276 hoc
317 3220 456 3275 dicit
485 3218 587 3275 iste
611 3258 628 3285 ,
660 3226 716 3273 et
746 3226 997 3273 versatur
1024 3217 1077 3272 in
1105 3230 1171 3273 eo
1198 3258 1215 3284 ,
1244 3216 1311 3273 de
1352 3232 1460 3286 quo
1502 3216 1634 3271 nihil
1664 3217 1801 3272 scri—

189 3322 341 3382 ptum
390 3320 539 3373 erat;
586 3316 645 3363 ut
689 3324 785 3379 per
832 3323 946 3363 rem
990 3322 1308 3364 concessam
1360 3308 1571 3363 illorum
1618 3318 1802 3363 curata

190 3412 422 3468 mente,
475 3402 575 3456 hoc
612 3401 774 3456 etiam
828 3407 1133 3471 Opportune
1187 3399 1490 3455 induceret.
1540 3399 1665 3454 Ideo
1711 3416 1804 3472 ego

190 3496 367 3567 indico
399 3509 504 3546 non
532 3492 803 3560 inquietari
824 3508 907 3545 eos
931 3534 946 3559 ,
964 3492 1049 3561 qui
1070 3508 1136 3545 ex
1154 3491 1384 3561 gentibus
1403 3502 1763 3546 convertuntur
1786 3510 1805 3555 ,-

192 3588 244 3643 id
273 3594 362 3642 est
384 3627 401 3653 ,
431 3602 537 3640 non
564 3584 892 3640 avertendos
918 3599 1062 3640 esse.
1106 3583 1244 3639 Nam
1283 3585 1327 3638 si
1373 3585 1515 3639 Deus
1552 3586 1762 3639 vocavit
1787 3627 1802 3653 ,

192 3693 248 3735 et
278 3679 388 3733 illa:
416 3677 822 3732 observationes
854 3686 1139 3743 avertunt,
1170 3685 1357 3731 contra
1394 3676 1562 3731 Deum
1595 3692 1805 3745 pugna—

193 3785 340 3825 mus.
372 3768 441 3823 Et
466 3777 617 3823 recte
642 3767 815 3834 dixit,
870 3767 973 3834 Qui
1019 3784 1081 3823 ea:
1126 3768 1356 3839 gentibus
1404 3778 1801 3829 convertuntur,

196 3861 485 3916 declarans
513 3875 800 3930 supernam
849 3859 917 3914 de
945 3859 1052 3915 illis
1076 3860 1168 3914 Dei
1202 3860 1595 3930 providentiam
1616 3900 1635 3929 ,
1659 3862 1808 3928 ipso-

197 3968 434 4023 rumque
458 3951 868 4022 obsequentiam
898 3952 1109 4007 vocanti
1136 3951 1643 4022 obtemperantium.
1671 3950 1810 4019 Quid

197 4047 300 4101 sibi
354 4045 470 4100 vult
504 4043 633 4099 illud
660 4085 676 4109 ,
714 4043 903 4097 Iudico
941 4043 1079 4115 ego!
1120 4042 1175 4097 Id
1218 4052 1296 4097 est
1324 4085 1340 4108 ,
1383 4058 1504 4098 cum
1543 4053 1811 4112 potestate

199 4138 325 4193 dico
357 4152 476 4193 rem
507 4136 575 4191 ita
606 4150 747 4191 esse.
782 4135 888 4189 Sed
914 4134 1235 4189 scribendum
1261 4135 1385 4203 ipsis
1423 4151 1530 4188 esse
1560 4143 1614 4187 ut
1649 4134 1809 4187 absti-

201 4238 356 4283 neant
380 4270 396 4293 ,
432 4228 638 4296 inquit,
666 4229 729 4280 ab
749 4227 1025 4280 inmwlatis
1051 4226 1308 4304 idolorum
1334 4266 1349 4289 ,
1377 4243 1408 4278 a
1435 4226 1772 4295 fornicatione
1792 4266 1808 4292 ,

201 4340 233 4377 α
260 4319 518 4389 sit/focam
555 4332 602 4374 et
636 4321 905 4391 sanguine.
950 4320 1074 4373 Haec
1116 4320 1262 4374 enim
1310 4319 1434 4376 licet
1464 4318 1766 4390 corporalia
1793 4359 1807 4384 ,

203 4414 497 4469 observatu
549 4412 851 4466 necessaria
893 4420 1059 4477 sunt,
1102 4410 1227 4480 quia
1281 4425 1474 4480 magna
1531 4411 1813 4481 pariebant

204 4506 368 4560 mala.
398 4502 479 4558 Ne
502 4505 623 4571 quis
646 4518 773 4557 vero
798 4501 1055 4571 Objieiat:
1081 4502 1263 4569 Quare
1289 4517 1396 4557 non
1420 4502 1623 4558 ludatis
1649 4504 1809 4559 etiam

204 4598 333 4652 talia
362 4595 689 4650 scribimus?
712 4594 894 4663 adjicit
920 4611 933 4647 :
971 4594 1174 4665 Moyses
1202 4611 1233 4648 a
1260 4595 1566 4666 tempOribus
1591 4596 1813 4666 antiquis

206 4704 299 4760 per
330 4702 505 4740 omnes
535 4686 757 4740 civitates
780 4685 925 4739 habet
965 4686 1049 4758 qui
1086 4686 1361 4755 pradicent
1400 4703 1551 4753 eum;
1593 4688 1644 4742 id
1694 4698 1810 4757 est,

209 4780 427 4851 Moyses
454 4778 557 4832 illis
584 4777 894 4846 frequenter
921 4778 1179 4848 loquitur.
1228 4778 1342 4835 Hoc
1370 4780 1473 4835 sibi
1519 4782 1633 4836 vult
1670 4782 1815 4838 enim

210 4870 344 4928 illud
366 4913 384 4938 ,
434 4868 536 4925 Per
562 4886 710 4925 omne
732 4870 994 4924 sabbatum
1022 4870 1224 4941 legitur.
1278 4872 1409 4927 Vide
1452 4884 1707 4942 quantum
1757 4890 1817 4930 se

210 4971 556 5031 attemperet.
581 4960 681 5018 Ubi
712 4960 848 5016 nihil
872 4962 1088 5028 nocuit,
1112 4961 1391 5017 doctorem
1416 4962 1519 5018 illis
1544 4965 1773 5020 instituit
1798 5007 1814 5034 ,

212 5066 267 5108 et
296 5054 525 5125 gratiam
553 5052 776 5123 largitus
804 5061 925 5119 est,
958 5052 1095 5107 nihil
1135 5054 1515 5123 impedientem
1539 5098 1554 5123 ,
1592 5058 1817 5127 permit-

214 5158 337 5201 tens
361 5143 565 5199 Judaeis
596 5154 650 5198 ut
681 5144 833 5198 illum
861 5159 957 5213 per
986 5144 1164 5199 omnia
1197 5145 1452 5212 audiant,
1498 5155 1553 5201 et
1589 5150 1819 5218 gentiles

212 5238 283 5289 ab
301 5249 368 5290 eo
394 5234 669 5291 abducens
696 5252 709 5289 :
734 5235 929 5291 deinde
948 5250 1011 5289 ex
1033 5235 1099 5290 iis
1122 5276 1136 5301 ,
1167 5235 1323 5306 queis
1340 5237 1622 5294 videbatur
1645 5240 1817 5309 ipsum

216 5327 491 5382 honorare
520 5336 576 5382 et
605 5326 717 5381 suis
746 5326 1022 5382 doctorem
1037 5330 1370 5383 constituere
1390 5369 1406 5395 ,
1427 5340 1618 5401 gentes
1638 5332 1705 5387 ab
1728 5333 1821 5387 illo

214 5418 465 5475 abduxit.
485 5416 594 5472 Cur
613 5433 742 5489 ergo
761 5417 830 5472 ab
851 5417 1070 5473 illonon
1091 5418 1309 5474 discunt
1323 5420 1347 5474 ?
1362 5418 1444 5476 Ob
1461 5414 1821 5493 inobsequen-

214 5514 348 5570 tiam
376 5526 553 5566 suam.
584 5510 722 5565 Hinc
742 5510 979 5565 ostendit
1003 5552 1017 5577 ,
1049 5511 1181 5580 ipsis
1212 5511 1343 5566 nihil
1368 5512 1505 5569 ultra
1527 5515 1823 5571 observan-

210 5604 349 5659 dum
377 5616 523 5658 esse.
552 5601 707 5671 Quod
737 5601 780 5656 si
813 5616 921 5656 non
951 5601 1253 5657 scribamus
1276 5644 1292 5669 ,
1327 5617 1434 5657 non
1462 5614 1545 5659 est
1571 5606 1715 5676 quod
1745 5607 1820 5661 illi

215 5694 459 5752 debeant
483 5693 689 5764 aliquid
719 5693 949 5764 amplius
965 5693 1295 5764 observare;
1318 5694 1414 5751 sed
1436 5696 1580 5766 quod
1603 5697 1679 5753 illi
1706 5696 1824 5755 haec

217 5793 493 5846 dicentem
520 5787 773 5843 lubeant.
801 5786 913 5843 Nec
938 5786 1068 5843 dicit
1096 5808 1111 5846 :
1138 5788 1216 5843 Ne
1243 5788 1669 5844 scandalizemus
1695 5806 1819 5860 eos,

220 5895 400 5953 neque
425 5880 805 5937 subvertamus
825 5920 841 5946 ,
870 5886 933 5935 ut
962 5878 1158 5936 Paulus
1182 5879 1388 5936 Calatis
1413 5880 1550 5937 dixit
1575 5882 1595 5954 (
1617 5880 1744 5938 (καις
1762 5884 1792 5943 ί

220 5972 253 6030 'l
275 5970 321 6045 )3
353 5968 452 6027 sed
478 6012 493 6039 ,
528 5968 1011 6041 Nsinquietemus:
1038 5971 1091 6027 id
1129 5971 1275 6040 quod
1319 5972 1450 6030 nihil
1498 5976 1642 6033 aliud
1690 5993 1825 6050 Opus

3416 518 3525 578 9.59

1900 635 2101 693 indicat
2126 682 2141 706 ,
2174 654 2336 710 quam
2366 635 2829 694 obturbationem.
2871 635 2961 692 Sic
3005 644 3176 691 totum
3217 636 3401 692 solvit.
3443 637 3515 692 Et

1896 730 2111 787 videtur
2138 732 2359 803 quidem
2390 733 2553 787 etiam
2592 731 2766 801 legem
2808 744 3069 796 servare,
3114 728 3262 800 quod
3310 744 3374 785 ex
3425 729 3516 784 ills

1900 822 2020 880 hrcc
2046 834 2320 888 assumat;
2354 825 2449 881 sed
2481 825 2641 880 solvit
2671 824 2818 879 illam
2844 865 2860 889 ,
2891 823 3034 893 quod
3069 823 3186 878 haec
3214 822 3331 878 sola
3361 837 3521 878 assu-

1901 927 2033 972 mat.
2054 919 2214 989 Atqui
2239 934 2385 989 saepe
2408 919 2513 975 illis
2534 918 2603 974 dc
2630 918 2715 973 bis
2735 918 2988 987 l0quutus
3011 925 3093 972 est
3118 935 3132 983 ;
3167 918 3261 971 sed
3288 924 3345 971 ut
3367 916 3552 981 vide-~

1900 1019 2055 1065 retur
2107 1013 2273 1066 etiam
2327 1011 2498 1081 legem
2544 1011 2857 1077 honorare,
2904 1024 3081 1080 neque
3130 1008 3248 1063 haec
3290 1008 3443 1078 quasi
3491 1023 3523 1062 a

1901 1097 2092 1171 Moyse
2122 1100 2305 1156 dicere
2334 1142 2349 1167 ,
2382 1100 2477 1157 sed
2507 1101 2661 1171 quasi
2695 1100 2764 1155 ab
2801 1101 3101 1170 apostolis;
3145 1108 3197 1154 et
3249 1108 3308 1154 ut
3351 1099 3522 1153 multa

1901 1186 2104 1244 faceret
2130 1200 2433 1263 praecepta,
2484 1206 2651 1246 unum
2701 1190 2903 1245 divisit.
2948 1190 3063 1245 lloc
3108 1190 3233 1244 illos
3277 1190 3521 1243 maxime

1901 1278 2126 1336 sedavit.
2184 1283 2262 1337 Ex
2316 1282 2653 1352 providentia
2679 1298 2809 1337 vero
2836 1282 3107 1336 dissensio
3139 1281 3274 1335 facta
3302 1288 3386 1336 est
3412 1322 3425 1341 .
3458 1290 3518 1334 ut

1904 1381 2029 1443 post
2059 1373 2453 1430 dissensionem
2485 1375 2693 1430 ﬁrmius
2721 1384 2866 1430 esset
2895 1373 3112 1445 dogma.
3150 1372 3294 1427 Tunc
3323 1372 3522 1445 placuit

1904 1468 2150 1535 apostolis
2178 1508 2192 1533 ,
2225 1467 2432 1537 inquit,
2460 1468 2595 1522 viros
2626 1467 2898 1537 primarios
2927 1468 2981 1521 in
3016 1468 3267 1537 fratribus
3300 1469 3521 1521 mittere.

1902 1556 2019 1611 Non
2048 1560 2296 1625 vulgares
2321 1602 2335 1625 ,
2362 1559 2454 1614 sed
2485 1560 2783 1629 praecipuos
2809 1560 3028 1613 mittunt
3057 1560 3297 1625 electos;
3328 1558 3405 1612 lis
3433 1560 3525 1629 qui

1906 1650 2190 1704 Antiochia:
2215 1662 2396 1714 erant,
2434 1651 2646 1721 inquit,
2689 1652 2742 1705 in
2790 1651 2947 1721 Syria
2987 1662 3032 1706 et
3082 1652 3134 1704 in
3175 1649 3357 1705 Cilicia
3382 1692 3397 1717 ,
3429 1651 3523 1706 ubi

1904 1743 2127 1797 morbus
2151 1755 2304 1798 ortus
2336 1745 2529 1799 fuerat.

1977 1838 2029 1891 5.
2079 1837 2209 1892 Vide
2234 1838 2506 1906 quomodo
2535 1836 2666 1892 nihil
2710 1837 2999 1892 molestum
3030 1844 3220 1891 contra
3258 1835 3382 1890 illos
3431 1834 3520 1891 di-

1904 1938 2030 1983 cant
2055 1971 2070 1994 ,
2104 1930 2197 1984 sed
2226 1930 2277 1983 id
2314 1946 2478 1983 unum
2509 1938 2793 2000 spectent,
2837 1938 2897 1983 ut
2942 1938 3090 1983 recte
3135 1944 3225 1983 res
3274 1939 3522 1984 curetur.

1905 2022 2018 2078 Hoc
2049 2025 2193 2079 enim
2227 2023 2497 2079 efﬁciebat
2522 2064 2537 2089 ,
2568 2033 2627 2077 ut
2668 2025 2756 2094 qui
2802 2023 2914 2078 illic
2962 2023 3288 2078 seditionem
3337 2038 3525 2079 move-

1904 2124 2065 2177 rant,
2116 2114 2527 2170 eonﬁterentur.
2580 2114 2697 2169 Non
2740 2115 3035 2182 dixerunt,
3091 2113 3420 2170 Seductores
3470 2125 3527 2170 et

1905 2208 2195 2277 perniciosi
2220 2250 2235 2275 ,
2268 2218 2324 2263 et
2354 2208 2438 2263 his
2464 2208 2662 2262 similia
2690 2226 2705 2270 ς
2739 2209 2865 2263 licet
2891 2208 2981 2262 uhi
3010 2224 3147 2277 opus
3175 2216 3261 2263 est
3298 2206 3401 2262 hoc
3445 2206 3528 2284 fa-

1905 2300 2013 2353 ciat
2044 2298 2241 2354 Paulus
2264 2340 2282 2365 ,
2316 2310 2376 2353 ut
2405 2314 2527 2354 eum
2560 2300 2691 2354 dicit
2720 2317 2731 2352 :
2768 2297 2814 2353 Ο
2839 2299 2987 2369 plene
3030 2298 3174 2352 omni
3209 2298 3330 2353 dolo
3363 2298 3521 2370 (Act.

1906 2392 1994 2448 15.
2029 2392 2176 2457 10)!
2213 2392 2299 2447 hic
2328 2406 2461 2447 vero
2488 2407 2613 2448 cum
2654 2391 2928 2447 emendati
2970 2400 3153 2447 essent
3179 2433 3193 2457 ,
3250 2407 3357 2445 non
3407 2405 3525 2448 erat

1904 2500 2060 2555 opus.
2090 2485 2159 2540 Et
2191 2485 2315 2540 vide
2346 2502 2360 2539 :
2389 2500 2495 2539 non
2536 2486 2640 2540 huc
2684 2494 2929 2555 ponunt,
2976 2484 3207 2553 Quidam
3250 2500 3318 2541 ex
3365 2484 3525 2540 nobis

1901 2578 2181 2649 jusserunt
2207 2594 2303 2634 vos
2336 2578 2508 2648 legem
2554 2592 2817 2645 servare;
2867 2578 3000 2645 sed,
3046 2576 3399 2633 Turbaverunt
3434 2593 3524 2631 vos

1904 2672 2066 2727 verbis
2113 2682 2407 2727 avertentes.
2455 2670 2611 2726 Nulla
2662 2670 2834 2741 magis
2878 2670 3098 2743 pr0pria
3143 2669 3314 2725 dictio
3360 2680 3522 2732 erat;

1907 2766 2088 2821 nullus
2119 2765 2190 2819 ita
2219 2764 2378 2819 dixit.
2408 2764 2634 2819 Animas
2663 2779 2783 2834 qua:
2807 2763 2921 2833 jam
2947 2763 3173 2818 ﬁrmatae
3202 2772 3361 2819 erant
3385 2806 3400 2826 .
3436 2763 3523 2817 in-

1905 2860 2054 2928 quit,
2078 2858 2473 2919 subvertentes,
2498 2857 2653 2927 quasi
2677 2858 2728 2911 in
2750 2855 2983 2911 aedilicio
3006 2898 3023 2923 ,
3042 2872 3162 2925 qua:
3180 2857 3367 2911 abillis
3386 2856 3525 2912 facta

1903 2958 2063 3006 erant
2112 2957 2399 3020 ponentes.
2450 2948 2691 3015 Quibus,
2740 2949 2954 3019 inquit,
3008 2965 3114 3003 non
3168 2950 3529 3020 prccepimus.

1911 3040 2115 3095 Placuit
2148 3057 2267 3112 ergo
2298 3039 2440 3094 nobis
2464 3057 2565 3095 una
2587 3040 2813 3094 collectis
2833 3040 3145 3094 unanimiter
3164 3058 3281 3095 cum
3308 3042 3529 3096 dilectis.

1907 3131 1966 3187 Si
1993 3132 2173 3187 dilecti
2203 3173 2218 3198 ,
2249 3146 2357 3186 non
2384 3139 2738 3186 contemnent
2761 3146 2857 3186 eos
2886 3148 2899 3184 :
2946 3131 2993 3185 si
3028 3130 3369 3186 tradiderunt
3406 3131 3531 3188 aui-

1907 3239 2065 3291 mas,
2123 3224 2225 3292 ipsi
2280 3237 2495 3293 quoque
2540 3222 2647 3278 lide
2690 3221 2835 3292 digni
2885 3227 3035 3278 sunt.
3084 3220 3327 3277 Misimus
3367 3240 3529 3295 ergo,

1909 3317 2083 3386 inquit
2112 3358 2127 3381 ,
2160 3315 2355 3368 Judam
2380 3324 2427 3369 et
2460 3313 2631 3369 Silam
2658 3356 2671 3379 ,
2716 3322 2765 3368 et
2803 3315 2941 3385 ipsos
2976 3314 3126 3369 verbo
3164 3317 3533 3369 annuntiantes

1911 3408 2037 3464 [τωο.
2072 3408 2370 3478 Oportebat
2396 3408 2541 3461 enim
2569 3450 2584 3473 ,
2621 3416 2678 3462 ut
2706 3422 2813 3462 non
2838 3407 3071 3477 epistola
3100 3408 3214 3462 sola
3243 3422 3535 3476 compare-

1912 3511 1993 3555 ret
2020 3542 2035 3566 ,
2068 3516 2132 3555 ne
2161 3500 2410 3553 dicerent
2459 3501 2607 3568 ipsos
2647 3500 2946 3553 extorsisse
2972 3541 2987 3564 ,
3038 3508 3092 3555 et
3132 3499 3234 3554 alia
3285 3514 3383 3569 pro
3415 3499 3536 3554 aliis

1911 3594 2134 3649 dixisse.
2165 3592 2306 3647 Laus
2335 3593 2482 3647 Pauli
2510 3602 2562 3646 et
2584 3592 2716 3647 socii
2745 3608 2933 3647 eorum
2958 3607 3054 3649 ora
3079 3593 3369 3648 obstruxit.
3405 3593 3537 3650 Ideo

1914 3700 2144 3754 namque
2173 3699 2347 3754 neque
2396 3684 2593 3738 Paulus
2634 3676 2785 3739 salus
2834 3700 3014 3755 neque
3059 3685 3337 3739 Barnabas
3381 3685 3533 3741 solus

1913 3777 2099 3840 venit,
2130 3775 2227 3831 sed
2259 3777 2418 3830 etiam
2448 3776 2535 3829 alii
2569 3776 2636 3830 de
2666 3775 2910 3830 Ecclesia
2936 3817 2951 3840 ,
2987 3792 3058 3832 ne
3094 3776 3299 3831 utervis
3336 3764 3560 3847 suspe-I

1915 3877 2034 3923 ctus
2062 3878 2244 3931 esset,
2279 3866 2403 3936 quia
2436 3868 2627 3935 dogma
2662 3866 2791 3921 illud
2835 3868 3117 3938 amplexus
3162 3876 3311 3933 erat,
3359 3884 3538 3937 neque

1918 3960 1952 4014 ii
1987 3966 2190 4012 tantum
2233 3959 2325 4028 qui
2380 3958 2447 4010 ab
2494 3958 2875 4029 Jerosolymis.
2925 3958 3176 4014 Ostendit
3221 3958 3536 4033 quamIﬂde

1918 4049 2064 4119 digni
2094 4050 2199 4102 sint
2227 4067 2239 4100 :
2274 4064 2378 4102 non
2410 4059 2762 4118 exaequantes
2790 4064 2849 4103 se
2870 4090 2883 4115 ,
2918 4050 3089 4119 inquit
3122 4066 3137 4116 ;
3173 4065 3350 4120 neque
3385 4052 3533 4106 enim

1919 4140 1989 4195 ita
2022 4140 2316 4195 insaniunt.
2366 4138 2600 4208 Ideoque
2638 4138 2845 4193 addidit
2895 4140 3025 4195 illud
3050 4182 3065 4205 ,
3098 4135 3421 4196 Hominibus
3450 4144 3537 4213 qui

1920 4232 2240 4285 tradiderunt
2267 4231 2470 4283 animas
2492 4248 2611 4284 suas
2644 4248 2736 4299 pro
2764 4232 2967 4286 nomine
2997 4230 3205 4286 Domini
3226 4234 3387 4287 nostri
3405 4231 3537 4287 Iesu

1920 4322 2130 4377 Christi.
2165 4322 2231 4377 Et
2256 4338 2354 4377 cur
2378 4322 2550 4385 dixit,
2586 4320 2764 4376 Visum
2794 4332 2865 4377 est
2889 4323 3111 4392 Spiritui
3140 4335 3317 4379 sancto
3353 4334 3398 4379 et
3436 4342 3537 4379 no-

1922 4416 1997 4469 bis
2023 4458 2037 4480 ,
2064 4430 2229 4485 quum
2262 4414 2539 4469 sufﬁceret
2565 4413 2769 4469 dixisse
2796 4455 2810 4479 ,
2846 4415 3069 4485 Spiritui
3090 4427 3266 4471 sancto
3292 4420 3314 4470 ?
3357 4417 3489 4472 lllud
3517 4461 3534 4485 ,

1923 4506 2144 4577 Spiritui
2174 4515 2350 4559 sancto
2376 4547 2387 4569 ,
2416 4507 2635 4575 ponitur
2660 4548 2673 4572 ,
2703 4521 2769 4561 ne
2800 4516 3052 4576 putarent
3082 4510 3376 4564 humanum
3410 4509 3535 4579 quid

1922 4613 2086 4666 esse;
2117 4598 2244 4652 illud
2295 4613 2463 4663 vero,
2519 4596 2685 4651 Nobis
2711 4641 2725 4661 ,
2756 4608 2815 4652 ut
2859 4598 3131 4655 discerent
3181 4601 3325 4670 ipsos
3371 4602 3536 4657 etiam

1922 4692 2288 4748 admittendos
2345 4707 2501 4758 esse,
2558 4693 2688 4748 licet
2742 4692 2794 4745 in
2851 4693 3267 4751 circumcisione
3328 4706 3536 4752 essent.

1925 4784 2079 4839 Nihil
2104 4786 2240 4839 ultra
2262 4826 2277 4850 ,
2303 4786 2551 4855 inquiunt
2575 4826 2590 4851 ,
2613 4786 2753 4839 vobis
2780 4786 2975 4857 imponi
2995 4802 3149 4845 onus.
3168 4788 3290 4842 llasc
3308 4788 3495 4843 dicunt
3522 4831 3538 4857 ,

1925 4878 2047 4948 quia
2079 4877 2146 4933 ad
2175 4877 2418 4932 infirmos
2447 4892 2630 4933 sermo
2655 4887 2774 4932 erat
2799 4920 2816 4946 ,
2842 4887 2902 4933 et
2927 4878 3309 4935 formidolosus
3338 4896 3350 4931 :
3383 4880 3540 4938 ideo-

1925 4984 2031 5039 que
2060 4980 2112 5023 et
2140 4968 2242 5023 hoc
2271 4969 2544 5038 adjicitur.
2573 4968 2821 5024 Ostendit
2850 4982 3030 5025 autem
3056 4986 3162 5027 non
3193 4972 3541 5042 indulgentia:

1927 5076 2235 5117 sermonem
2267 5076 2424 5127 esse,
2455 5069 2509 5114 ut
2544 5072 2831 5132 parcerent
2872 5062 2978 5117 illis
3024 5072 3084 5118 ut
3126 5063 3393 5129 inﬁrmis;
3431 5067 3566 5121 iano.

1927 5165 2137 5208 contra.
2171 5152 2395 5223 Magnus
2421 5153 2566 5207 enim
2591 5152 2877 5208 doctorum
2906 5156 3082 5223 pudor
3111 5164 3228 5209 erat
3258 5176 3271 5210 :
3321 5156 3371 5210 id
3410 5172 3540 5212 vero

1928 5245 2261 5315 superﬂuum
2290 5244 2479 5299 fuisset
2503 5259 2661 5299 onus.
2692 5244 2823 5299 Vide
2852 5245 3070 5301 brevem
3092 5247 3375 5317 epistolam
3407 5247 3541 5302 nihil

1930 5336 2242 5391 redundans
2272 5335 2562 5391 habentem
2589 5378 2605 5404 ,
2661 5350 2763 5391 nec
2811 5345 3130 5405 apparatum
3170 5351 3270 5393 nec
3314 5338 3543 5410 syllogi-

1930 5442 2076 5482 smos
2098 5469 2113 5492 ,
2145 5427 2238 5482 sed
2269 5438 2599 5498 praeceptum
2633 5446 2646 5483 :
2679 5436 2797 5482 erat
2818 5429 2961 5485 enim
2995 5430 3078 5483 lex
3102 5428 3352 5499 Spiritus.
3382 5431 3541 5500 Saepe

1932 5518 2035 5573 hoc
2065 5528 2263 5573 vocant
2299 5532 2459 5574 onus.
2500 5518 2819 5591 Congregata
2854 5519 3181 5576 multitudine
3218 5523 3542 5579 tradiderunt

1930 5609 2220 5680 epistolam.
2256 5611 2384 5666 Post
2407 5611 2692 5682 epistolam
2720 5621 2775 5667 et
2804 5612 2905 5682 ipsi
2942 5612 3119 5667 verbis
3161 5614 3544 5670 exhortantur.

1932 5699 2043 5756 liae
2070 5703 2195 5756 item
2228 5718 2289 5757 re
2312 5717 2451 5772 opus
2476 5711 2595 5758 erat
2620 5743 2633 5767 ,
2667 5713 2721 5758 ut
2740 5703 2807 5758 ab
2829 5706 2976 5757 omni
3002 5705 3311 5775 suspicione
3338 5707 3543 5761 libera-

1933 5802 2140 5851 rentur.
2180 5793 2247 5846 Et
2272 5794 2372 5863 ipsi
2396 5832 2411 5858 .
2445 5795 2618 5865 inquit
2638 5836 2653 5863 ,
2680 5811 2796 5849 cum
2825 5808 2987 5851 essent
3018 5797 3283 5867 prop/astte
3304 5842 3317 5864 ,
3348 5816 3544 5854 sermo-

1934 5887 2081 5942 nibus
2112 5887 2288 5940 multis
2317 5886 2576 5942 exhortati
2614 5901 2735 5943 sunt
2781 5889 2987 5960 fratres.
3034 5893 3204 5957 Quam
3242 5892 3350 5949 ﬁde
3395 5894 3545 5965 digiti

1939 5989 2125 6039 essent
2158 5980 2241 6036 hic
2261 5979 2605 6049 ostenditur;
2660 5982 2923 6054 potuisset
2948 5992 3003 6040 et
3048 5984 3247 6041 Paulus
3272 6028 3287 6052 ,
3316 5989 3413 6044 sed
3442 5988 3546 6046 hos
