4084 6332
540 416 652 474 2ιὸ

546 525 737 578 adesse
766 537 899 592 opus
926 530 1061 576 erat.
1098 518 1261 574 Facto
1291 530 1454 573 autem
1484 518 1551 571 ibi
1578 518 1839 587 aliquanto
1874 527 2126 585 tempore,

546 615 743 667 dimissi
767 623 885 666 sunt
930 627 1044 665 cum
1088 628 1228 678 pace.
1276 610 1388 664 Nan
1434 608 1543 677 jam
1591 608 1825 671 seditio,
1880 621 1985 659 non
2022 606 2131 675 jam

542 703 777 758 aversio.
812 702 910 757 llic
938 702 1065 756 mihi
1097 701 1303 756 videtur
1332 700 1455 753 illos
1498 698 1776 753 dexteram
1826 699 2129 767 accepisse,

548 808 602 847 ut
638 796 752 863 ipse
782 796 856 848 ait
882 813 895 848 :
929 794 1173 849 Dextera:
1197 793 1444 846 dederunt
1474 792 1599 844 mihi
1636 803 1682 845 et
1721 791 1970 845 Barnast
1994 808 2133 843 com-

546 887 803 940 munionis
832 885 854 960 (
881 885 1051 941 Colat.
1084 887 1135 940 2.
1167 884 1261 953 9).
1299 884 1484 939 Postea
1518 883 1683 938 dicit:
1714 881 1865 936 Nihil
1894 882 2021 935 mihi
2045 884 2137 934 ad-

543 974 785 1029 diderunt
824 974 844 1039 (
870 973 1005 1029 Ibid.
1035 991 1080 1027 υ.
1115 973 1210 1047 6
1252 974 1380 1043 Ejus
1403 989 1630 1044 namque
1653 974 1969 1028 sententiam
2003 987 2134 1025 con-

550 1067 870 1132 ﬁrmarunt,
905 1064 1259 1121 laudaverunt
1282 1107 1299 1131 ,
1331 1080 1446 1119 eam
1479 1076 1532 1120 et
1564 1064 1739 1119 mirati
1765 1072 1910 1118 sunt.
1941 1062 2135 1119 Osten-

548 1158 629 1213 dit
655 1161 754 1213 hoc
779 1150 933 1229 posse
952 1159 1205 1213 humanis
1231 1158 1524 1214 ratiociniis
1546 1158 1778 1228 conspici
1801 1198 1816 1224 ,
1845 1174 1943 1212 nec
1964 1160 2135 1212 solum

549 1264 580 1304 a
606 1251 805 1318 Spiritu
831 1293 846 1316 ,
879 1252 1000 1321 quia
1027 1252 1359 1306 admiserunt
1391 1263 1664 1322 peccatum
1711 1262 1955 1307 eorrectu
1999 1249 2138 1306 difh-

549 1343 693 1397 cile:
729 1345 861 1397 tales
903 1343 1102 1413 quippe
1150 1359 1237 1398 res
1279 1358 1383 1397 non
1424 1355 1585 1413 egent
1626 1342 1848 1413 Spiritu.
1896 1340 2136 1397 Ostendit

553 1440 746 1485 caetera
802 1447 907 1487 non
957 1449 1078 1489 esse
1128 1435 1468 1500 necessaria;
1521 1436 1628 1489 imo
1674 1434 1941 1503 superﬂua
1982 1448 2136 1498 esse,

553 1523 815 1593 siquidem
848 1524 962 1579 haec
1001 1526 1322 1580 necessaria.
1367 1524 1443 1577 Ab
1491 1525 1569 1577 Itis
1618 1525 1663 1578 si
1699 1524 2011 1579 servaverilis
2054 1541 2140 1579 vos

552 1614 713 1682 ipsos,
740 1615 909 1685 inquit
932 1658 946 1678 ,
970 1615 1097 1669 bene
1130 1616 1344 1686 facietis.
1369 1614 1615 1670 Declarat
1632 1614 1761 1669 nihil
1786 1614 1914 1685 ipsis
1930 1614 2137 1679 deesse,

554 1706 648 1761 sed
678 1707 779 1762 hoc
805 1706 1075 1761 sufficere.
1109 1706 1325 1761 Poterat
1348 1715 1402 1760 et
1426 1707 1544 1761 sine
1571 1706 1741 1761 literis
1762 1749 1774 1771 ,
1807 1706 1902 1762 sed
1949 1716 2008 1761 ut
2057 1707 2137 1762 lex

555 1796 626 1851 ita
673 1798 870 1872 scripta
913 1807 1096 1861 esset,
1137 1797 1419 1867 epistolam
1462 1798 1691 1851 mittunt.
1729 1797 1797 1851 Et
1822 1797 2014 1851 iterum
2040 1837 2055 1863 ,
2087 1805 2143 1850 ut

554 1885 658 1957 legi
688 1889 1164 1958 obtemperarent,
1197 1898 1250 1943 ct
1280 1888 1386 1942 illis
1411 1888 1698 1954 dicebant,
1730 1897 1786 1943 et
1811 1890 1884 1944 illi
1927 1889 2029 1945 hoc
2068 1889 2141 1943 fa-

553 1983 798 2046 ciebant,
830 1990 1031 2035 etcum
1070 1996 1218 2051 pace.
1263 1980 1459 2036 Verum
1510 1997 1578 2035 ne
1626 1980 1947 2036 oﬂ‘endieulo
1989 1982 2143 2037 nobis

557 2074 666 2127 sint
698 2073 952 2127 hvrctici.
996 2072 1124 2126 Vide
1154 2073 1295 2127 enim
1344 2073 1395 2126 in
1440 2072 1699 2142 principio
1748 2073 2144 2141 pra‘dicationis

554 2175 682 2233 quot
709 2164 1029 2220 offendicula
1064 2182 1079 2218 :
1108 2180 1212 2219 non
1239 2165 1363 2219 dico
1388 2179 1449 2219 ea
1470 2205 1486 2232 ,
1518 2179 1637 2234 qute
1660 2164 1729 2219 ab
1756 2165 1821 2219 iis
1851 2166 1940 2235 qui
1973 2165 2101 2220 foris
2127 2181 2141 2231 ;

555 2254 641 2309 illa
671 2255 868 2325 quippe
897 2255 1027 2309 nihil
1057 2266 1247 2320 erant;
1281 2256 1375 2309 sed
1406 2270 1525 2324 qua:
1565 2256 1731 2310 intus.
1779 2256 1961 2311 Primo
2005 2259 2149 2312 Ana-

557 2346 675 2399 nias
702 2363 716 2399 :
746 2345 940 2400 deinde
963 2360 1239 2410 murmur;
1270 2345 1394 2399 hinc
1415 2346 1597 2400 Simon
1622 2362 1806 2415 magus
1830 2362 1844 2412 ;
1879 2355 2059 2415 postea
2088 2348 2144 2416 ii,

561 2438 650 2507 qui
678 2437 893 2492 Petrum
934 2438 1259 2492 accusabant
1284 2438 1354 2491 ob
1382 2438 1729 2504 Cornelium;
1772 2439 1873 2494 sub
1915 2438 2030 2494 lucc
2062 2439 2146 2493 fa-

557 2542 707 2593 mes;
735 2527 951 2582 demum
985 2528 1087 2582 hoc
1116 2528 1290 2597 ipsum
1321 2538 1479 2597 caput
1513 2530 1797 2584 malorum.

630 2615 752 2671 Non
774 2626 933 2684 potest
955 2617 1035 2671 hic
1061 2617 1248 2672 bonum
1268 2635 1373 2673 esse
1389 2620 1497 2672 sine
1521 2619 1675 2673 malo.
1696 2649 1767 2660 —
1783 2620 1968 2691 Neque
1995 2621 2138 2675 enim

562 2718 741 2778 potest
770 2710 966 2764 bonum
994 2710 1281 2779 quodpiam
1310 2725 1452 2776 esse,
1485 2711 1611 2781 quin
1640 2713 1708 2766 sit
1744 2712 1904 2766 etiam
1935 2713 2149 2784 aliquod

567 2802 785 2855 malum.
817 2800 896 2856 Ne
926 2801 1103 2871 itaque
1135 2802 1429 2869 turbemur,
1458 2804 1503 2857 si
1532 2803 1748 2873 quidam
1779 2804 2150 2861 scandalizen-

566 2901 685 2956 tur;
733 2892 825 2946 sed
873 2900 927 2946 et
971 2907 1067 2961 pro
1108 2892 1190 2945 his
1233 2899 1429 2962 gratias
1466 2908 1683 2963 agamus
1728 2895 1856 2961 Deo,
1888 2896 2007 2966 quia
2050 2912 2150 2953 nos

564 2983 900 3052 probatiores
924 2982 1109 3037 efﬁcit.
1153 2982 1335 3053 Neque
1379 2986 1525 3040 enim
1569 2984 1888 3041 afﬂictiones
1918 2995 2145 3055 tantum,

564 3090 592 3129 δ
613 3074 657 3128 οιΙ
686 3076 845 3136 etiam
871 3075 1193 3130 tentationes
1226 3090 1321 3131 nos
1348 3079 1739 3147 splendidiores
1766 3081 2016 3136 reddunt.
2048 3082 2150 3150 Qui

567 3166 733 3232 enim,
764 3166 975 3221 nemine
1000 3166 1051 3220 in
1083 3182 1321 3221 errorem
1356 3169 1641 3225 inducente
1662 3213 1675 3233 ,
1710 3173 1917 3227 veritati
1951 3174 2114 3229 lueret
2134 3216 2149 3242 ,

571 3272 675 3309 non
700 3256 991 3313 vehemens
1022 3259 1261 3314 veritatis
1285 3269 1491 3315 amator
1517 3263 1701 3327 fuerit;
1735 3265 1827 3319 scd
1858 3265 1943 3334 qui
1975 3268 2154 3324 multis

569 3347 961 3404 retrahentibus
1001 3348 1202 3414 lueret,
1235 3351 1321 3407 ille
1350 3352 1548 3407 clarus.
1598 3354 1734 3421 Quid
1762 3356 1930 3425 ergo?
1957 3373 2023 3411 an
2054 3357 2155 3413 hac

572 3438 639 3492 de
659 3454 817 3492 causa
846 3438 978 3493 ﬁunt
1002 3440 1291 3496 scandala?
1317 3442 1431 3495 Non
1461 3442 1602 3509 dico,
1640 3446 1780 3513 quod
1812 3447 1921 3500 Deo
1948 3446 2048 3503 hoc
2074 3450 2153 3502 fa-

570 3532 746 3585 ciente
778 3546 790 3585 :
822 3531 994 3596 absit;
1042 3533 1137 3587 sed
1175 3534 1316 3604 quod
1357 3535 1449 3590 ille
1483 3551 1582 3605 per
1616 3536 1825 3593 illorum
1866 3542 2155 3609 nequitiam

570 3624 725 3678 nobis
758 3623 1050 3679 benefaciat
1080 3643 1094 3678 :
1127 3642 1249 3682 nam
1292 3630 1405 3697 ipse
1444 3630 1528 3683 illa
1575 3632 1685 3684 ﬁeri
1732 3649 2021 3703 numquam
2064 3653 2159 3691 vo-

572 3715 777 3773 luisset.
807 3716 887 3771 Da
914 3718 1047 3785 illis,
1080 3720 1269 3790 inquit,
1300 3732 1355 3774 ut
1390 3738 1547 3775 unum
1576 3725 1677 3777 sint
1707 3724 1884 3793 (Joan.
1925 3728 2005 3781 l7.
2036 3728 2152 3797 21).

569 3808 702 3864 Cum
748 3821 926 3867 autem
974 3813 1221 3867 scandala
1273 3816 1437 3881 fiunt,
1472 3816 1601 3869 nihil
1646 3800 1776 3887 ipsis
1821 3829 2033 3886 uocent,
2062 3822 2156 3878 sed

573 3904 733 3955 etiam
758 3912 982 3973 prosunt
999 3904 1134 3969 illis;
1166 3906 1301 3959 sicut
1321 3917 1373 3961 et
1394 3908 1721 3977 martyribus
1742 3910 1887 3965 inviti
1913 3924 2155 3981 prosunt,

571 3993 661 4063 qui
691 3994 810 4048 illos
838 3993 903 4048 ad
933 3994 1242 4066 martyrium
1277 3996 1523 4063 trahunt;
1554 4012 1661 4052 non
1686 4011 1862 4055 tamen
1894 4017 1924 4056 a
1952 4002 2062 4058 Deo
2091 4004 2158 4058 ad

576 4083 676 4139 huc
705 4083 1048 4154 impelluntur
1081 4103 1093 4138 :
1125 4086 1204 4142 sic
1232 4096 1285 4141 et
1317 4091 1419 4143 hoc
1448 4088 1587 4155 loco,
1618 4105 1685 4144 ne
1712 4091 1987 4148 videamus
2016 4095 2160 4165 quod

573 4178 723 4231 multi
761 4177 1208 4234 scandalizentur.
1252 4179 1365 4235 Hoc
1403 4181 1657 4236 indicium
1699 4193 1784 4238 est
1819 4183 2009 4255 dogma
2040 4201 2161 4243 esse

575 4268 857 4334 eximium,
892 4270 1034 4340 quod
1080 4271 1230 4325 multi
1272 4272 1524 4327 simulent
1552 4282 1606 4329 et
1636 4275 1910 4330 imitentur
1941 4293 1955 4331 :
1987 4293 2161 4349 neque

575 4363 717 4413 enim
745 4360 1059 4416 simularent
1086 4362 1187 4416 nisi
1218 4362 1419 4417 bonum
1446 4374 1609 4419 esset.
1652 4364 1719 4420 Et
1747 4365 1849 4421 hoc
1872 4367 1981 4437 jam
2010 4370 2162 4425 vobis

578 4452 750 4522 palam
784 4452 995 4507 faciam.

646 4544 701 4599 4.
723 4544 995 4615 Unguenta
1015 4560 1131 4615 qua!
1145 4545 1430 4617 fragrantia
1449 4558 1592 4614 sunt,
1612 4566 1641 4604 a
1664 4552 1845 4607 multis
1860 4553 2163 4609 adulteran-

577 4644 685 4701 tur,
715 4646 771 4690 ut
791 4676 805 4700 ,
838 4636 984 4691 verbi
1014 4637 1179 4707 gratia
1200 4677 1216 4703 ,
1251 4638 1433 4693 folium
1460 4642 1677 4695 amomi.
1709 4642 1842 4709 Quia
1871 4644 2013 4699 enim
2043 4661 2163 4700 rara

581 4737 703 4782 sunt
722 4736 777 4782 et
803 4732 1124 4793 necessaria,
1143 4729 1303 4784 multa
1322 4732 1499 4800 spuria
1526 4731 1676 4787 ﬁunt.
1708 4734 1878 4790 Nemo
1899 4736 2058 4807 igitur
2081 4753 2168 4793 vo-

584 4820 740 4877 luerit
778 4837 888 4875 rem
920 4822 1077 4877 vilem
1115 4822 1439 4879 adulterare.
1478 4823 1595 4880 Vita
1624 4840 1756 4895 pura
1786 4828 1981 4883 multos
2009 4829 2167 4885 habet

583 4914 671 4984 qui
698 4928 757 4968 se
781 4913 1082 4969 adulterent
1112 4932 1126 4969 :
1156 4930 1315 4970 nemo
1338 4924 1515 4971 autem
1544 4919 1799 4976 simulare
1828 4936 1887 4976 se
1909 4923 2037 4977 velit
2069 4923 2169 4977 im-

583 5005 835 5076 probum,
858 5006 951 5060 sed
982 5005 1156 5075 pOIitlS
1181 5007 1523 5061 monachum.
1555 5010 1690 5076 Quid
1722 5027 1850 5086 ergo
1878 5014 2169 5082 gentilibus

584 5097 915 5153 dixerimus?
944 5097 1101 5152 Venit
1133 5098 1345 5167 gentilis
1376 5108 1430 5155 et
1454 5100 1568 5166 ait,
1598 5101 1733 5157 Volo
1764 5103 1876 5159 ﬁeri
1905 5104 2169 5161 Christia-

582 5205 705 5256 nus,
734 5191 827 5245 sed
853 5191 1033 5246 nescio
1061 5192 1143 5245 cui
1171 5191 1473 5247 adhaeream
1506 5212 1518 5248 :
1550 5195 1730 5249 multa:
1759 5197 1897 5267 apud
1930 5214 2024 5253 vos
2046 5209 2168 5255 sunt

585 5297 796 5352 pugnzc,
821 5282 1115 5338 seditiones
1140 5294 1193 5337 et
1216 5286 1472 5340 tumultus
1501 5304 1513 5339 :
1540 5288 1682 5357 quod
1714 5288 1902 5358 dogma
1932 5290 2126 5361 eligam
2146 5292 2171 5344 ?

585 5377 723 5444 quod
754 5376 1069 5445 praeferam?
1094 5374 1301 5445 Singuli
1328 5377 1511 5432 dicunt
1543 5396 1556 5432 :
1580 5378 1693 5449 Ego
1716 5382 1995 5436 veritatem
2028 5381 2168 5437 dico.

585 5466 683 5522 Cui
727 5469 976 5533 cmdam,
1023 5468 1113 5539 qui
1158 5469 1289 5523 nihil
1334 5468 1724 5539 Scripturarum
1764 5472 1971 5527 sciam?
2000 5473 2066 5526 Et
2095 5473 2171 5529 illi

586 5560 839 5629 utrinque
880 5561 1019 5615 idem
1070 5560 1369 5631 proferunt.
1410 5560 1553 5616 Sane
1583 5562 1685 5618 hoc
1711 5562 2000 5619 admodum
2033 5565 2090 5617 tit
2116 5565 2169 5619 in

588 5650 763 5706 nobis.
796 5650 925 5705 Nam
951 5653 995 5706 si
1022 5651 1237 5721 quidem
1267 5652 1571 5708 diceremus
1601 5668 1697 5708 nos
1727 5655 2021 5729 ratiociniis
2043 5671 2168 5713 cre-

588 5744 719 5800 dere
743 5786 756 5810 ,
796 5746 985 5799 merito
1017 5746 1307 5801 turbareris
1332 5764 1346 5801 :
1375 5747 1419 5801 si
1450 5762 1578 5802 vero
1607 5746 1896 5817 Scriptnris
1926 5764 2023 5805 nos
2052 5765 2171 5805 cre-

592 5837 716 5894 dere
747 5839 1017 5908 dicamus,
1054 5840 1219 5912 iisque
1248 5843 1579 5916 simplicibus
1608 5855 1661 5901 et
1692 5846 1860 5915 veris,
1898 5847 2049 5903 facile
2078 5848 2169 5903 tibi

1283 406 1341 465 s.
1377 402 1652 463 JOANNlS
1689 397 2154 479 CllltYSOSTOMl
2194 391 2508 453 ARCIIIEP.
2550 392 3066 477 (έοΝδιηςετηηυι,⁸

3760 407 3871 463 3-H

2246 510 2403 565 fuerit
2423 510 2687 578 judicare.
2713 510 2904 580 Siquis
2942 531 3223 587 Ἐντεῦθεν
3270 529 3566 593 δείκνυσιν,
3627 531 3714 584 δτι
3770 530 3874 582 καὶ

2241 611 2355 667 est;
2388 601 2431 656 si
2476 611 2676 670 pugnat
2717 617 2837 657 cum
2887 603 3014 669 illis,
3055 618 3315 675 .mmag
3333 618 3870 689 οὑκὲπιστέλλομεν,

2242 692 2377 759 Quid
2398 707 2548 761 ergo,
2580 692 2624 745 si
2656 693 2745 747 ille
2771 694 2989 749 veniens
3019 695 3694 773 dixerinxazzsw,dn'¢;
3713 704 3873 773 ἐχόν-

2242 798 2387 844 rzun;
2424 786 2475 836 td
2508 798 2632 837 vero
2659 785 2761 838 alie
2793 786 2954 839 modo
2984 786 3204 851 dixeris,
3238 799 3291 843 et
3320 790 3536 845 diverse
3565 814 3634 844 ιιι.
3668 793 3875 851 ﬁsci);

2243 876 2423 929 temini
2468 875 2791 945 Scripturas,
2821 894 3012 934 sensus
3054 881 3262 935 illarum
3310 883 3713 940 distrahentes?
3761 886 3843 941 Tu

2243 968 2431 1036 igitur,
2462 968 2548 1022 die
2592 970 2743 1036 mihi,
2772 980 3080 1027 mentemne
3122 973 3288 1028 habes
3330 991 3391 1029 ac
3426 976 3731 1045 judicium?
3773 979 3852 1034 Et.

2241 1058 2509 1126 quomodo
2556 1060 2787 1129 possim,
2838 1060 3063 1131 inquiet,
3094 1077 3214 1118 cmn
3260 1066 3496 1119 nesciam
3540 1067 3849 1136 diiudicare

2244 1150 2455 1203 vestra?
2493 1150 2787 1221 discipulus
2816 1168 2937 1207 esse
2965 1155 3119 1217 volo,
3156 1165 3211 1209 tu
3242 1172 3370 1211 vero
3398 1174 3482 1212 me
3509 1158 3620 1229 jam
3649 1160 3852 1214 doctu—

2245 1253 2356 1293 rem
2384 1239 2533 1295 facis.
2564 1240 2618 1296 Si
2648 1241 2763 1295 haec
2790 1242 3006 1311 dixerit,
3034 1245 3159 1313 quid
3199 1248 3679 1316 respondebimus?
3703 1267 3852 1321 quo-

2244 1331 2404 1387 modo
2439 1333 2513 1387 illi
2555 1335 3030 1403 persuadebimus?
3066 1339 3478 1410 lntcrrogemus,
3520 1358 3588 1397 an
3632 1344 3734 1399 hoc
3776 1344 3856 1399 sit

2244 1425 2492 1480 obtentus
2524 1444 2537 1479 :
2569 1426 2991 1498 interrogemus,
3025 1448 3091 1487 an
3117 1434 3349 1503 gentiles
3374 1434 3615 1491 damnet.
3646 1436 3854 1492 Omni-

2246 1532 2315 1570 no
2350 1518 2622 1587 quidpiam
2651 1519 2795 1575 dicet
2826 1537 2838 1573 :
2874 1537 3049 1593 neque
3075 1524 3217 1578 enim
3246 1540 3353 1581 non
3382 1527 3651 1584 damnatis
3690 1529 3811 1585 illis
3832 1570 3849 1596 ,

2244 1607 2309 1662 ad
2353 1618 2534 1664 nostra
2575 1611 2815 1667 accedet.
2859 1611 3255 1686 interrogemus
3284 1631 3383 1687 qua
3412 1617 3479 1672 de
3509 1634 3667 1673 causa
3702 1635 3856 1674 ςοιιρ

2245 1697 2463 1755 ἀνηιηοι
2494 1718 2508 1755 :
2545 1718 2647 1756 non
2688 1704 2832 1758 enim
2878 1714 3077 1761 temere
3117 1702 3457 1762 condemnat.
3503 1708 3857 1765 Manifestum

2247 1804 2328 1846 est
2368 1793 2631 1848 dicturum
2661 1810 2801 1850 esse.
2837 1797 2961 1866 quia
3001 1800 3221 1853 numina
3266 1800 3352 1854 illa
3396 1810 3523 1857 sunt
3556 1812 3860 1869 creaturae,

2249 1897 2347 1937 nec
2374 1898 2495 1939 esse
2531 1885 2615 1939 illa
2657 1886 2953 1942 increatum
2996 1888 3185 1943 Deum.
3234 1888 3422 1946 Recte.
3460 1892 3519 1948 Si
3561 1893 3662 1949 hoc
3694 1894 3864 1963 apud

2247 1974 2379 2030 alias
2425 1977 2658 2033 Itmreses
2705 1979 2975 2048 inveniat,
3007 1984 3336 2038 contrarium
3368 2000 3497 2041 vero
3535 1985 3671 2056 apud
3700 2002 3862 2055 nos,

2248 2082 2355 2135 quo
2384 2082 2520 2136 opus
2548 2077 2630 2123 est
2658 2073 2944 2128 sermone?
2982 2073 3181 2130 Omnes
3210 2076 3532 2133 conﬁtemur
3562 2077 3858 2136 Christum

2250 2171 2370 2212 esse
2397 2158 2584 2214 Deum.
2625 2161 2729 2216 Sed
2757 2161 3034 2219 videamus
3061 2166 3148 2234 qui
3178 2177 3449 2236 pugnent,
3480 2170 3569 2240 qui
3599 2186 3701 2225 non
3740 2185 3861 2240 pu-

2251 2260 2435 2319 gncnt.
2469 2252 2575 2308 Nos
2603 2254 2692 2325 qui
2718 2254 2945 2311 dicimus
2964 2272 3084 2313 esse
3114 2258 3280 2314 Deum
3305 2302 3317 2317 .
3347 2259 3508 2330 digna
3540 2262 3646 2315 Deo
3670 2261 3872 2332 loqui-

2255 2356 2405 2406 mur,
2448 2343 2589 2411 quod
2633 2353 2948 2413 potestatem
2991 2346 3204 2413 habeat,
3233 2349 3374 2419 quod
3402 2365 3508 2405 non
3538 2351 3606 2405 sit
3629 2366 3868 2419 servus,

2253 2432 2394 2499 quod
2432 2434 2503 2487 sit
2541 2433 2698 2500 lihe'r,
2725 2435 2866 2505 quod
2898 2453 2927 2491 a
2957 2438 3134 2507 seipse
3164 2439 3344 2494 omnia
3368 2438 3528 2495 faciat
3556 2460 3571 2496 :
3603 2442 3687 2497 ille
3713 2458 3872 2499 vero

2253 2537 2461 2593 contra.
2503 2524 2734 2580 Rursum
2764 2526 3061 2599 interrogo,
3093 2531 3135 2584 si
3168 2531 3492 2587 medicinam
3522 2531 3728 2589 discere
3761 2552 3875 2591 ve-

2254 2610 2338 2677 lis,
2372 2629 2495 2667 num
2518 2614 2693 2671 obiter
2717 2625 2771 2671 ct
2794 2618 3175 2687 perfunctorie,
3200 2638 3402 2691 quteso,
3424 2638 3486 2678 ea
3513 2640 3627 2694 quae
3653 2623 3874 2679 dicun-

2257 2710 2342 2755 tur
2362 2705 2639 2773 snscipies,
2668 2709 2878 2763 tametsi
2907 2710 3069 2765 multa
3092 2713 3230 2781 apud
3257 2714 3377 2768 illos
3397 2715 3504 2769 sint
3523 2715 3776 2786 dogmata
3806 2719 3824 2749 ³
3844 2720 3875 2772 ?

2255 2794 2308 2850 Si
2338 2812 2468 2867 ergo
2495 2799 2811 2869 simpliciter
2849 2804 3027 2857 omnia
3068 2822 3187 2874 qum
3222 2806 3409 2863 audies
3448 2809 3707 2879 accipias,
3748 2809 3876 2867 hoc

2255 2885 2352 2939 viri
2382 2903 2486 2944 nou
2515 2902 2656 2945 esset
2678 2908 2691 2943 :
2711 2892 2755 2945 si
2783 2903 2961 2947 autem
2982 2895 3185 2963 judicio
3209 2909 3262 2951 et
3285 2909 3463 2953 mente
3484 2900 3679 2964 valeas,
3700 2903 3875 2971 quod

2256 2976 2455 3032 bonum
2486 2995 2776 3052 verumque
2804 2994 2885 3039 est
2913 2987 3135 3041 omnino
3158 2989 3317 3044 scics.
3364 2989 3556 3045 Filium
3585 3006 3678 3046 nos
3703 2991 3871 3049 dici-

2256 3086 2395 3137 mus,
2420 3082 2473 3126 et
2493 3074 2635 3143 quod
2661 3091 2845 3130 verum
2869 3088 2949 3132 est
2974 3078 3200 3136 dicimus
3231 3099 3243 3132 :
3272 3081 3345 3135 illi
3374 3098 3501 3138 vero
3527 3084 3703 3139 dicunt
3724 3087 3877 3155 qui-

2259 3162 2404 3228 dem,
2434 3165 2527 3219 sed
2558 3179 2662 3219 non
2694 3168 3039 3224 conﬁtentur.
3071 3170 3139 3227 Ut
3166 3188 3295 3227 vero
3315 3174 3510 3230 clarius
3538 3176 3744 3246 loquar,
3779 3178 3877 3234 illi

2258 3257 2518 3323 quosdam
2547 3258 2764 3324 habent,
2792 3276 2823 3315 a
2848 3262 3044 3331 quibus
3070 3265 3445 3335 appellantur,
3478 3268 3874 3327 haeresiarcha:

2259 3357 2406 3404 certe
2438 3366 2631 3406 nomen
2665 3370 2679 3409 :
2711 3354 2789 3408 sic
2830 3355 3056 3424 singula:
3088 3357 3351 3425 ha-rescs;
3382 3360 3535 3415 nobis
3561 3362 3639 3416 vir
3668 3362 3878 3418 nullus

2261 3458 2455 3498 nomen
2490 3445 2711 3509 indidit,
2743 3447 2835 3502 sed
2869 3450 2980 3517 ipsa
3014 3448 3165 3504 ﬁdes.
3203 3449 3399 3505 Verum
3432 3452 3534 3507 hoc
3562 3465 3879 3522 pmtextus

2261 3534 2620 3607 obtentusque
2664 3547 2765 3592 est.
2806 3536 2915 3593 Cur
2952 3539 3128 3604 enim,
3159 3556 3373 3611 quaeso,
3410 3544 3619 3614 quando
3647 3554 3878 3600 vestem

2263 3634 2538 3692 empturus
2565 3640 2644 3693 es,
2678 3628 2920 3697 quamvis
2951 3629 3004 3684 in
3026 3638 3143 3685 arte
3171 3631 3396 3686 textoria
3420 3632 3711 3703 imperitus,
3744 3650 3877 3689 non

2263 3715 2351 3770 illa
2378 3715 2583 3787 profers
2603 3720 2761 3775 verba
2794 3740 2807 3775 :
2842 3720 3037 3776 Emere
3066 3723 3267 3785 nescio,
3295 3739 3381 3778 me
3406 3722 3674 3794 decipiunt
3698 3740 3712 3789 ;
3762 3726 3879 3783 sed

2255 3808 2398 3862 nihil
2425 3825 2528 3863 non
2548 3810 2661 3880 agis
2686 3820 2742 3865 ut
2760 3810 2980 3867 discas?
3005 3811 3179 3866 Etiam
3206 3813 3251 3866 si
3273 3813 3485 3879 quidvis
3504 3814 3645 3870 aliud
3669 3831 3878 3875 emere

2263 3902 2467 3973 cupias,
2487 3904 2663 3957 omnia
2686 3904 2901 3960 curiose
2923 3905 3223 3975 perquiris;
3254 3905 3341 3961 hic
3361 3922 3490 3962 vero
3512 3907 3582 3961 ita
3601 3907 3878 3974 lo:|ueris.

2265 3995 2447 4065 Itaque
2470 3996 2549 4050 sic
2579 3996 2805 4067 loquens
2825 4038 2841 4063 ,
2879 3996 3008 4051 nihil
3045 3997 3267 4052 omnino
3294 3998 3573 4069 suscipies.
3604 3998 3685 4054 Sit
3712 4002 3879 4055 enim

2263 4088 2456 4158 aliquis
2482 4089 2688 4144 nullum
2711 4089 2930 4145 omnino
2951 4090 3143 4162 dogma
3168 4090 3403 4156 habens;
3431 4090 3476 4145 si
3502 4090 3643 4146 dicat
3664 4092 3749 4145 ille
3784 4092 3879 4158 id,

2264 4180 2407 4250 quod
2440 4189 2492 4236 tu
2521 4181 2589 4237 de
2615 4182 2934 4238 Christianis
2962 4182 3103 4239 dicis
3133 4200 3148 4237 :
3180 4184 3349 4240 Tanta
3378 4184 3661 4240 multitudo
3688 4185 3883 4242 homi-

2268 4289 2392 4326 num
2421 4282 2524 4341 est,
2550 4284 2604 4329 et
2626 4275 2771 4330 varia
2800 4276 3000 4331 habent
3026 4274 3312 4346 dogmata;
3350 4277 3489 4331 alius
3515 4277 3726 4348 gentilis
3753 4289 3879 4344 est,

2269 4362 2405 4418 alius
2430 4365 2667 4433 Iudaeus,
2692 4366 2829 4421 alius
2849 4365 3185 4422 Christianus
3216 4387 3229 4423 :
3258 4368 3464 4422 nullum
3492 4368 3739 4439 amplecti
3764 4369 3885 4427 do-

2268 4475 2389 4532 gma
2434 4466 2646 4530 oportet
2675 4475 2687 4511 :
2720 4458 2795 4513 illi
2822 4458 2963 4513 enim
2992 4457 3134 4514 inter
3162 4473 3221 4513 se
3247 4467 3487 4529 pugnant
3520 4475 3534 4513 :
3567 4473 3667 4529 ego
3698 4458 3886 4516 disci-

2270 4551 2428 4621 pulus
2458 4565 2597 4617 sum,
2620 4538 2786 4619 judex
2811 4563 2931 4605 esse
2957 4549 3105 4615 nolo,
3128 4563 3303 4620 neque
3328 4549 3495 4604 ullum
3520 4547 3711 4621 dogma
3730 4563 3887 4607 con-

2270 4640 2526 4696 demnare
2556 4658 2569 4694 :
2600 4655 2704 4694 non
2735 4641 2847 4711 jam
2892 4640 2983 4695 ille
3027 4648 3322 4710 prastextus
3365 4639 3541 4695 locum
3581 4640 3762 4696 habet.
3799 4639 3888 4699 Ut

2272 4732 2415 4788 enim
2442 4730 2801 4787 adulterinum
2828 4730 3025 4799 ejicere
3054 4728 3295 4798 potuisti,
3314 4728 3393 4784 sic
3415 4731 3617 4801 poteris
3638 4728 3741 4785 huc
3770 4744 3885 4787 ac-

2272 4826 2490 4894 cedens,
2514 4826 2640 4897 quid
2672 4825 2742 4881 sit
2766 4824 2893 4879 utile
2920 4822 3225 4892 explorare.
3257 4822 3390 4877 Nam
3416 4824 3506 4892 qui
3534 4822 3736 4878 nullum
3764 4821 3887 4879 do-

2271 4934 2391 4988 gma
2433 4917 2776 4983 condemnat,
2810 4914 2911 4970 hoc
2940 4913 3097 4969 facile
3122 4913 3267 4969 dicet
3295 4930 3310 4969 :
3340 4913 3431 4983 qui
3462 4928 3593 4969 vero
3621 4913 3881 4982 damnat,

2273 5009 2374 5063 etsi
2420 5008 2548 5063 nihil
2592 5008 2785 5077 eligat,
2828 5018 3114 5076 progressu
3153 5003 3410 5074 temporis
3446 5003 3645 5074 poterit
3686 5000 3888 5062 videre

2273 5099 2400 5169 quid
2419 5107 2683 5169 oporteat.
2710 5096 2786 5151 Ne
2810 5103 3099 5167 praetextus
3115 5109 3421 5165 qumramus
3446 5094 3655 5150 :omnia
3672 5095 3889 5168 quippe

2276 5189 2449 5243 facilia
2476 5197 2626 5244 sunt.
2656 5187 2750 5242 Vis
2776 5184 3056 5241 ostendam
3087 5185 3179 5240 tibi
3209 5184 3325 5239 ιιωο
3351 5193 3673 5254 praetextum
3703 5198 3839 5241 esse
3862 5188 3888 5242 2

2276 5279 2393 5335 Scis
2422 5295 2540 5350 quae
2572 5276 2839 5343 facienda,
2867 5292 2987 5347 qua:
3018 5291 3124 5331 non
3154 5273 3437 5331 facienda?
3475 5289 3573 5330 cur
3602 5289 3734 5347 ergo
3760 5291 3891 5332 non

2276 5389 2395 5442 qua:
2427 5370 2669 5427 facienda
2708 5380 2832 5425 sunt
2859 5369 2990 5425 facis
3014 5411 3030 5437 ,
3060 5369 3154 5424 sed
3178 5384 3297 5438 qua:
3324 5384 3430 5423 non
3459 5368 3739 5426 facienda?
3766 5367 3895 5425 Fac

2280 5466 2385 5532 illa,
2412 5476 2465 5521 et
2491 5474 2635 5519 recta
2664 5464 2870 5517 ratione
2895 5478 3075 5533 quaere
3106 5476 3136 5516 a
3168 5462 3300 5525 Deo,
3323 5471 3377 5515 et
3400 5461 3513 5531 ipse
3534 5461 3628 5515 tibi
3653 5460 3893 5518 omnino

2279 5560 2557 5614 rcvelabit.
2586 5556 2723 5611 Deus
2750 5555 2899 5621 enim,
2928 5554 3117 5622 inquit,
3149 5570 3250 5607 non
3277 5561 3349 5607 est
3377 5569 3714 5620 personarum
3739 5570 3897 5608 acce-

2281 5662 2396 5722 ptor
2422 5652 2557 5724 (Act.
2585 5649 2671 5706 l0.
2700 5648 2823 5718 54);
2855 5648 2949 5704 sed
2978 5649 3031 5702 in
3058 5648 3203 5704 omni
3231 5654 3393 5717 gente
3413 5646 3504 5718 qui
3536 5646 3691 5703 timet
3716 5646 3897 5703 Deum

2348 5792 2361 5821 ί
2400 5796 2527 5837 Unus
2550 5786 2785 5851 habet...,
2814 5781 3002 5851 discere
3027 5776 3173 5851 velis;
3198 5779 3390 5831 κατιριεὶ
3436 5777 3589 5831 multa
3621 5778 3761 5844 apud
3780 5778 3905 5834 idos

2286 5856 2377 5903 sin:
2403 5853 2646 5914 dognwta,
2668 5846 2862 5896 omissis
2886 5845 3201 5906 interpOSIUS.
