4084 6332
466 385 580 441 ‘245

471 499 648 554 πάντα
702 495 1097 551 ἀπευθύνεσθαι
1146 497 1333 568 ἐχρῆν,
1373 499 1434 550 οὐ
1486 497 1686 566 πολλῆς
1724 498 1829 551 ἔδει
1861 498 2124 566 σκέψεως,

468 571 603 640 ἀλλά
633 583 724 636 τὸν
754 583 1206 656 παραμετροῦντα
1234 583 1453 639 εῦκολον
1486 580 1555 655 ἦν
1577 585 1762 638 λαϐεῖν
1794 601 1806 614 ⁸
1836 583 2010 646 οὕτως
2034 583 2126 635 καὶ

469 671 582 726 νῦν.
617 668 738 733 Πῶς
772 667 863 722 οὖν
890 670 950 723 οὐ
982 670 1273 742 συνορῶσις
1308 672 1484 724 Πολλά
1507 673 1684 735 ποιεῖ,
1729 672 1826 724 καὶ
1861 670 2128 740 πρόληψις

470 758 562 811 καὶ
588 755 920 826 ἀνθρώπιναι
953 757 1141 811 αἰτίαι.
1170 757 1338 810 Τοῦτο
1360 759 1601 826 καὶπερὶ
1631 757 1807 828 ἡμῶν,
1849 757 2005 825 φησὶ,
2031 758 2125 808 καὶ

468 845 663 896 ἐκεῖνοι
694 843 928 909 λέγουσι.
961 843 1116 906 Πῶς;
1163 844 1252 912 Μὴ
1295 844 1402 914 γὰρ
1440 844 1821 914 ἀπεσχίσμεθα
1865 844 1965 912 τῆς
2002 844 2126 896 Ἐκ-

463 925 728 994 κλησίαςς
765 925 838 993 μὴ
873 926 979 991 γάρ
1002 926 1354 995 αἱρεσιάρχας
1380 925 1607 996 ἐχομεν;
1663 925 1736 996 μὴ
1772 924 1878 994 γάρ
1903 926 1998 977 ἀπ’
2032 927 2128 977 ἀν-

469 1002 703 1080 θρώπων
751 1011 1095 1081 καλούμεθα;
1145 1012 1219 1080 μὴ
1250 1013 1358 1081 γὰρ
1415 1013 1822 1081 προηγούμενος
1855 1011 2011 1082 ήμῶν
2043 1011 2127 1074 τίς

469 1097 638 1162 ἐστιν,
675 1097 860 1168 ὥσπερ
885 1099 959 1167 τῷ
991 1099 1086 1165 μὲν
1114 1099 1400 1168 Μαρκίων,
1427 1099 1503 1168 τῷ
1531 1100 1586 1151 δέ
1609 1101 1928 1168 Μανιχαῖος,
1960 1097 2037 1168 τῷ
2070 1098 2127 1151 δέ

475 1179 712 1248 Ἄρειος,
735 1178 812 1249 τῷ
840 1180 896 1249 δέ
926 1180 1081 1242 ἀλλος
1112 1197 1192 1243 τις
1218 1182 1476 1252 αἱρέσεως
1503 1181 1778 1252 ἀρχηγός;
1839 1181 1901 1234 El
1938 1182 1994 1234 δὲ
2034 1184 2129 1235 καὶ

471 1267 630 1336 ἡμεῖς
658 1269 1024 1338 προσηγορίαν
1059 1269 1198 1330 τινὸς
1226 1267 1438 1338 ἔχομεν,
1469 1270 1582 1321 ἀλλ’
1618 1271 1676 1321 οὐ
1707 1271 1832 1331 τοὺς
1853 1269 1953 1338 τῆς
1978 1268 2128 1340 αίρέ-

472 1366 607 1410 σεως
639 1351 929 1421 ἄρξαντας,
969 1344 1102 1406 ἀλλά
1123 1354 1245 1416 τοὺς
1271 1355 1607 1425 προστάντας
1637 1354 1792 1424 ἡμῶν
1815 1354 1908 1408 καὶ
1933 1355 2123 1424 κυϐερ-

471 1438 737 1506 νήσαντας
791 1439 888 1509 τὴν
923 1441 1265 1510 Ἐκκλησίαν.
1292 1441 1403 1493 Οὐκ
1433 1441 1627 1510 ἔχομεν
1652 1441 2005 1502 διδασκάλους
2037 1443 2128 1493 ἐπὶ

469 1525 567 1592 τῆς
588 1525 689 1594 γῆς
715 1542 727 1554 ο
767 1527 840 1597 μὴ
872 1527 1082 1593 γένοιτο
1116 1545 1128 1559 ⁸
1159 1528 1255 1580 ἕνα
1281 1527 1473 1597 ἔχομεν
1504 1528 1594 1579 τὸν
1625 1530 1682 1582 ἐν
1709 1531 1820 1590 τοῖς
1856 1530 2123 1598 οὐρανοῖς.

474 1612 748 1678 Κάκεῖνοι,
776 1617 927 1684 φησὶ,
957 1615 1186 1668 τάλαὺτά
1225 1615 1634 1684 προϐάλλονται.
1685 1616 1824 1670 Ἀλλ’
1853 1617 2123 1684 ἐφέστηκε

470 1696 531 1748 τὸ
583 1698 749 1763 ὄνομα
785 1699 1125 1770 κατηγοροῦν
1169 1701 1367 1764 αὐτῶν,
1432 1703 1524 1754 καί⁸
1561 1704 1870 1772 ἐμφράττον
1910 1703 1977 1755 τὰ
2009 1703 2128 1754 στό-

469 1801 635 1852 ματα.
670 1787 856 1838 Πολλοὶ
882 1799 906 1827 ι
935 1788 1218 1855 γεγόνασιν
1247 1788 1523 1859 Ἕλληνες,
1580 1790 1672 1841 καὶ
1726 1789 1899 1853 οὐδεὶς
1949 1790 2122 1842 ταῦτα

1213 383 1271 439 S.
1310 379 1592 438 JOANNIS
1637 380 2130 439 CHRYSOSTOMI
2183 375 2501 436 ARCHIEP.
2544 375 3096 434 CONSTANTINOP.

2226 493 2498 566 ἠρώτησε,
2551 493 2646 546 καὶ⁵
2698 493 2843 564 παρά
2894 491 3201 560 φιλοσόφοις
3236 484 3304 559 ἦν
3347 486 3539 550 ταῦτα,
3577 488 3671 541 καὶ
3717 486 3906 548 οὐδεὶς

2227 582 2470 652 ἐκωλύθη
2501 580 2609 634 τῶν
2640 581 2739 651 τὴν
2777 581 2943 652 ὀρθὴν
2969 579 3179 649 αἰρεσιν
3203 579 3457 649 ἐχόντων.
3512 576 3608 629 Διά
3629 575 3680 628 τί
3707 576 3792 645 μὴ
3827 571 3912 626 εἷ-

2227 686 2324 720 πον
2345 669 2432 720 ὅτε
2462 669 2634 721 ταῦτα
2658 667 2895 730 ἐκίνουν,
2928 668 3010 722 ὅτι
3037 667 3129 721 καὶ
3151 661 3295 721 οῦτοι
3328 665 3573 718 κάκεῖνοι
3612 663 3868 716 Ἰουδαῖοι
3896 675 3912 689 ·

2224 756 2330 808 τίνι
2357 755 2438 808 δεῖ
2465 755 2610 824 ἡμᾶς
2642 753 2954 819 πείθεσθαι;
3004 753 3143 806 Ἀλλ’
3170 752 3499 822 ἐπείσθησαν
3522 751 3597 813 ὡς
3627 749 3751 802 ἔδει.
3809 747 3919 801 Οὗ-

2227 842 2356 896 κοῦν
2386 843 2481 895 καὶ
2522 844 2684 912 ἡμεῖς
2732 841 3052 910 πειθώμεθα
3073 843 3184 900 τοῖς
3225 839 3317 893 τοῦ
3356 837 3492 893 Θεοῦ
3540 837 3742 908 νόμοις,
3813 837 3918 887 καὶ

2227 930 2405 982 πάντα
2434 929 2760 1000 πράττωμεν
2795 928 2935 981 κατά
2963 928 3023 980 τὸ
3049 926 3198 995 αὑτῷ
3232 926 3444 990 δοκοῦν,
3479 926 3573 981 καὶ
3619 924 3760 978 κατά
3806 923 3918 993 τὴν

2225 1015 2388 1070 αὐτοῦ
2419 1015 2671 1086 βούλησιν
2699 1012 3164 1082 πολιτευσώμεθα,
3182 1009 3257 1075 ὥς
3281 1011 3544 1080 ἐτιέσμέν
3576 1013 3632 1065 ἐν
3654 1009 3730 1080 τῷ
3752 1026 3916 1077 παρ-

2225 1104 2337 1156 όντι
2369 1102 2487 1173 βίῳ,
2540 1103 2628 1156 ἵνα
2673 1101 2812 1173 μετὰ
2846 1099 3050 1171 ἀρετῆς
3089 1098 3181 1152 τὸν
3225 1099 3519 1151 ὑπόλοιπον
3553 1097 3745 1168 χρόνον
3801 1095 3914 1165 τῆς

2227 1189 2372 1259 ζωῆς
2407 1189 2567 1260 ήμῶν
2595 1189 2964 1252 διανύσαντες,
3025 1185 3135 1238 τῶν
3193 1185 3620 1254 ἐπηγγελμένων
3667 1181 3916 1250 ἀγαθῶν

2225 1278 2338 1339 τοῖς
2399 1276 2688 1344 ἀγαπῶσιν
2744 1275 2905 1328 αὑτὸν
2951 1277 3226 1344 ἐπιτυχεῖν
3255 1269 3633 1341 δυνησώμεθα,
3669 1269 3765 1322 καὶ
3806 1269 3917 1320 σὺν

2224 1365 2334 1425 τοῖς
2365 1362 2793 1433 εῦαρεστήσασιν
2819 1362 2968 1431 αὑτῷ
3007 1362 3175 1431 τιμῆς
3195 1360 3536 1430 ἀξιωθῶμεν,
3583 1359 3766 1428 χάριτι
3811 1354 3920 1407 καὶ

2227 1447 2605 1518 φιλανθρωπίᾳ
2635 1448 2728 1502 τοῦ
2769 1449 3090 1517 μονογενοῦς
3118 1447 3248 1501 Υἱοῦ
3284 1446 3471 1508 αὑτοῦ,
3511 1447 3605 1498 καὶ
3654 1441 3748 1496 τοῦ
3791 1460 3913 1495 πα-

2226 1533 2414 1600 ναγίου
2446 1535 2541 1587 καὶ
2573 1535 2837 1598 ζωοποιοῦ
2875 1534 3211 1604 Πνεύματος,
3249 1535 3350 1604 τῆς
3377 1535 3507 1604 μιᾶς
3545 1531 3636 1584 καὶ
3659 1528 3918 1598 ἀληθοῦς

2228 1619 2500 1690 θεότητος,
2535 1621 2630 1674 νῦν
2652 1625 2746 1676 καὶ
2775 1623 2880 1688 ἀεὶ,
2905 1622 2996 1675 καὶ
3022 1624 3101 1686 είς
3123 1623 3251 1686 τοὺς
3281 1621 3483 1684 αἰῶνας
3511 1619 3618 1673 τῶν
3656 1617 3915 1671 αἰώνων.

2241 1705 2298 1756 Ἀ
2309 1706 2433 1773 μήν.

2290 1799 2318 1830 ⁸
2345 1799 2477 1848 Unus
2499 1800 2728 1862 στόματα.
2747 1802 2835 1848 Διὰ
2859 1801 2902 1848 τί
2920 1802 3103 1850 πολλοί.

506 1913 3750 1941 mm

1992 1998 2088 2050 ΟΜ
2095 2000 2183 2052 [AI
2190 1999 2234 2050 Α
2275 2000 2396 2052 ΛΔ’.

472 2088 710 2153 Παῦλος
752 2089 818 2140 δὲ
852 2090 948 2140 καὶ
1002 2091 1310 2157 Βαρνάϐας
1339 2091 1627 2157 διέτριϐον
1668 2091 1736 2142 ἐν
1784 2091 2128 2158 Ἀντιοχείᾳ,

540 2158 926 2223 διδάσκοντες
955 2160 1050 2212 καὶ
1082 2159 1590 2227 εὐαγγελιζόμενοι
1610 2162 1759 2226 μετὰ
1782 2161 1880 2212 καὶ
1914 2159 2130 2226 ἐτέρων

541 2227 784 2295 πολλῶν
813 2227 1119 2293 τὸνλόγον
1141 2231 1244 2281 τοῦ
1258 2229 1475 2292 Κυρίου
1519 2231 1675 2282 Μετὰ
1700 2229 1764 2280 δέ
1791 2245 1959 2293 τινας
1982 2228 2124 2295 ήμέο

533 2313 646 2362 ρας
676 2293 804 2375 ﬁeri;
845 2296 1080 2375 Παῦλος
1115 2297 1266 2375 πρὸς
1303 2299 1616 2375 ῌαρναϐαν
1645 2313 1669 2375 °_
1706 2293 2128 2375 Ἐπιστρέψαν-

541 2383 638 2428 τες
668 2365 741 2430 δὴ
771 2365 1227 2433 ἐπισκεψώμεθα
1259 2367 1398 2431 τοὺς
1421 2367 1721 2432 ἀδελφοὺς
1751 2369 1899 2419 κατὰ
1929 2365 2133 2420 πᾶσαν

539 2436 740 2495 πόλιν,
787 2436 859 2504 μὲν
884 2431 983 2504 ,αἷς
1018 2431 1489 2504 κατηγγείλαμεν
1514 2431 1617 2488 τόν
1664 2438 1850 2499 λόγον
1881 2436 1987 2490 τοῦ
2021 2439 2130 2488 Κυ-

535 2505 690 2572 ρίου,
723 2503 845 2567 πῶς
873 2503 1141 2569 ἔχουσιν.

539 2593 608 2638 α’.
630 2587 773 2650 Ὅρα
798 2585 953 2638 πάλιν
979 2585 1155 2637 αὐτῶν
1179 2585 1238 2637 τὸ
1258 2585 1530 2649 ταπεινὸν,
1559 2585 1672 2649 πῶς
1693 2585 1786 2639 καὶ
1803 2587 2008 2655 ἐτέροις
2037 2605 2131 2656 μευ

472 2673 740 2726 ταδιδόασι
767 2672 857 2723 τοῦ
887 2672 1066 2739 λόγου.
1095 2672 1207 2724 Καὶ
1253 2672 1351 2740 ήδη
1390 2671 1487 2740 μέν
1526 2670 1634 2722 τῶν
1672 2673 1983 2724 ἀποστόλων
2023 2672 2130 2725 τῶν

471 2759 671 2812 λοιπῶν
706 2758 766 2811 τὸ
790 2755 922 2829 ἦθος
954 2757 1260 2826 ἀνέγραψεν
1298 2759 1428 2826 ἡμῖν
1457 2758 1484 2809 ό
1520 2757 1754 2822 Λουκᾶς,
1800 2758 2011 2821 δεικνὺς
2049 2758 2131 2810 ὅτι

471 2847 499 2897 ὁ
540 2847 636 2915 μὲν
668 2844 1016 2915 ἁπαλώτερος
1047 2840 1115 2914 ἦν
1148 2845 1242 2896 καὶ
1273 2843 1471 2912 μᾶλλον
1496 2845 1952 2914 συγγνωμονικός,
1979 2840 2132 2908 οὗτος

470 2934 526 2986 δὲ
550 2933 936 3002 ἀκριϐέστερος
966 2932 1060 2985 καὶ
1080 2920 1478 3002 αὐστηρότερος
1510 2948 1525 2963 ·
1551 2931 1784 3002 διάφορα
1807 2934 1913 3002 γάρ
1935 2932 2130 2985 ἐστιτὰ

472 3021 784 3090 χαρίσματα
814 3037 825 3050 ·
865 3021 944 3073 ὅτι
997 3020 1054 3072 δέ
1107 3020 1200 3071 καὶ
1243 3018 1400 3070 τοῦτο
1438 3019 1705 3089 χάρισμα,
1750 3019 1928 3086 δῆλον.
1990 3017 2129 3070 Ἀλλ’

474 3110 647 3160 ἐκεῖνο
679 3108 778 3175 μὲν
813 3109 1016 3176 ἑτέροις
1042 3106 1228 3176 ἧθεσιν
1261 3105 1561 3175 ἀνθρώπων
1593 3105 1841 3177 ἁρμόζει,
1871 3104 2027 3157 τοῦτο
2075 3105 2133 3158 δὲ

475 3196 700 3264 ἐτέροιςο
729 3193 828 3247 κάν
859 3194 1396 3263 μετασκευάσωνται,
1426 3193 1647 3261 γέγονεν
1679 3195 1950 3263 ἄχρηστον
1980 3191 2132 3264 ['261]

475 3280 677 3333 λοιπόν.
721 3281 830 3332 Καὶ
861 3280 1007 3332 δοκεῖ
1052 3280 1149 3350 μέν
1180 3273 1319 3332 εἷναί
1351 3296 1433 3341 τις
1467 3278 1835 3350 παροξυσμὸς,
1858 3278 1918 3331 τὸ
1946 3280 2004 3331 δέ
2026 3281 2132 3331 πᾶν

473 3367 751 3436 οἰκονομία
778 3367 939 3419 ἐστίν.
976 3368 1138 3420 Ὥστε
1167 3365 1275 3440 γάρ
1318 3369 1444 3430 τοὺς
1495 3367 1868 3438 προσήκοντας
1904 3367 2134 3419 ἕκαστον

475 3452 669 3515 τόπους
713 3451 1023 3518 ἀπολαϐεῖν,
1074 3453 1230 3506 τοῦτο
1288 3453 1516 3521 γίνεται.
1552 3452 1763 3516 Ἀλλως
1807 3452 1864 3504 δέ
1895 3453 1990 3506 καὶ
2023 3452 2133 3506 ἔδει

480 3540 678 3601 πάντας
705 3538 800 3608 οὐχ
832 3538 1123 3608 ὁμοτίμους
1154 3535 1311 3603 εἶναι,
1338 3539 1472 3591 ἀλλά
1513 3537 1603 3591 τδν
1643 3539 1739 3607 μὲν
1784 3538 1996 3609 ἄρχειν,
2042 3541 2133 3592 τὸν

475 3621 531 3674 δὲ
562 3620 818 3691 ἄρχεσθαι
843 3637 855 3650 ·
889 3621 982 3673 καὶ
1028 3622 1183 3674 τοῦτο
1207 3620 1568 3690 οἰκονομικόν.
1607 3619 1842 3692 Κύπριοι
1904 3623 2001 3691 μὲν
2027 3624 2136 3693 γὰρ

477 3708 626 3762 οὐδὲν
659 3707 896 3761 τοιοῦτον
923 3707 1282 3774 ἐπεδείξαντο,
1303 3704 1413 3762 οἷον
1434 3709 1482 3760 οί
1516 3709 1573 3761 ἐν
1615 3708 1913 3779 Ἀντιοχείᾳ
1961 3709 2055 3761 καὶ
2088 3711 2135 3761 οἱ

477 3796 650 3848 λοιποί
674 3813 688 3826 ·
721 3796 815 3849 καὶ
839 3797 1030 3849 ἐκεῖνοι
1060 3796 1256 3865 μᾶλλον
1281 3796 1486 3849 ἐδέοντο
1510 3796 1600 3849 τοῦ
1623 3796 1783 3866 ῆθους
1806 3796 1900 3848 τοῦ
1922 3797 2139 3849 ἀπαλωο

478 3883 656 3953 τέρου,
704 3878 846 3936 οῦτοι
899 3883 957 3936 δὲ
1002 3883 1212 3937 τούτου.
1269 3883 1578 3951 Βαρνάϐας
1626 3883 1693 3937 δὲ
1730 3885 2137 3938 ἐϐουλεύσατο

480 3968 971 4037 συμπαραλαϐεἴν
996 3970 1092 4021 καί
1124 3970 1407 4039 Ἰωάννην
1430 3970 1535 4023 τὸν
1569 3972 1949 4040 καλούμενον
1981 3972 2136 4037 Μάρ-

479 4073 590 4107 κον
626 4074 638 4087 ·
679 4056 917 4121 Παῦλος
938 4055 1006 4108 δὲ
1030 4056 1204 4124 ἠξίου
1239 4057 1346 4110 τὸν
1393 4057 1745 4111 ἀποστάντα
1786 4059 1888 4112 ἀπ’
1938 4057 2138 4112 αὐτῶν

481 4143 595 4196 ἀπὸ
636 4145 1003 4210 Παμφυλάς,
1035 4143 1130 4196 καί
1172 4143 1257 4212 μὴ
1292 4146 1668 4198 συνελθόντα
1716 4145 1919 4210 αὺτοῖς
1948 4147 2030 4210 είς
2072 4146 2138 4198 τὸ

482 4232 672 4298 ἔργον,
693 4231 777 4297 μὴ
800 4232 1288 4299 συμπαραλαϐεἴν
1316 4233 1549 4287 τοῦτον.
1584 4234 1852 4302 Ἐγένετο
1873 4230 1986 4288 οὖν
2001 4250 2141 4302 παρ·

487 4311 772 4380 οξυσμιλς,
825 4313 979 4366 ὥστε
1018 4314 1381 4382 χωρισθῆναι
1411 4317 1631 4380 αὐτοὺς
1686 4315 1788 4369 ἀπ’
1826 4314 2137 4381 ἀλλήλων,

485 4396 589 4446 τόν
619 4411 677 4448 τε
704 4396 1012 4461 Βαρνάϐαν
1034 4399 1449 4464 παραλαϐόντα
1480 4398 1585 4452 τὸν
1607 4398 1869 4466 Μάρκον,
1894 4398 2144 4452 ἐκπλεῦ-

485 4493 585 4528 σαι
609 4479 693 4541 είς
723 4478 960 4543 Κύπρον
987 4495 1001 4508 ο
1046 4477 1285 4543 Παῦλος
1324 4479 1392 4530 δὲ
1433 4479 1864 4548 ἐπιλεξάμενος
1929 4482 2137 4544 Σίλαν,

483 4562 699 4630 ἐξῆλθε
761 4564 1113 4633 παραδοθεὶς
1166 4563 1240 4632 τῇ
1293 4565 1484 4633 χάριτι
1546 4567 1650 4620 τοῦ
1702 4567 1850 4620 Θεοῦ
1880 4568 1998 4622 ὑπὸ
2021 4567 2141 4620 τῶν

485 4652 779 4720 ἀδελφῶν.
859 4653 1016 4705 Οῦτω
1059 4654 1154 4706 καὶ
1210 4655 1266 4705 ἐν
1309 4657 1418 4716 τοῖς
1475 4655 1780 4724 προφήταις
1817 4656 2139 4726 εὑρίσκομεν

484 4741 768 4811 διαφόρως
807 4741 1028 4813 γνώμας
1064 4745 1158 4796 καὶ
1201 4744 1430 4814 διάφορα
1474 4746 1575 4815 ἤθη
1629 4757 1642 4771 ⁸
1700 4741 1810 4798 οἷον
1861 4748 1889 4799 ό
1960 4747 2142 4810 Ἠλίας

487 4830 773 4898 αὐστηρδς,
809 4834 836 4883 ὁ
878 4833 1113 4900 Μωῦσῆς
1164 4833 1351 4902 πρᾶος.
1404 4834 1511 4886 Καὶ
1545 4833 1776 4887 ἐνταῦθα
1794 4835 1970 4887 τοίνυν
2021 4852 2144 4904 σφο-

486 4915 737 4984 δρότερός
799 4917 943 4969 ἐστιν
1000 4920 1027 4970 ὁ
1085 4919 1310 4982 Παῦλος.
1374 4918 1514 4973 Ἀλλ’
1588 4923 1689 4990 ὅρα
1748 4921 1842 4975 καὶ
1889 4921 2031 4975 οὕτω
2085 4923 2143 4975 τὺ

488 5003 726 5065 ἐπιεικὲς
784 5001 968 5056 αὑτοῦ.
1019 5005 1240 5067 Ἦξίου,
1293 5009 1444 5076 φησι,
1500 5007 1604 5060 τόν
1654 5008 2004 5063 ἀποστάντα
2041 5011 2140 5062 ἀπ’

486 5088 681 5143 αὐτῶν
713 5089 827 5143 ἀπὸ
863 5092 1212 5159 Παμφυλίας
1237 5093 1319 5159 μὴ
1344 5097 1851 5162 συμπαραλαϐεῖν.
1878 5097 2142 5167 Καθάπερ

487 5176 595 5247 γάρ
627 5193 710 5239 τις
754 5178 1056 5246 στρατηγὸς
1089 5179 1186 5232 οὐκ
1223 5179 1287 5232 ἀν
1329 5179 1501 5232 ἕλοιτο
1528 5180 1617 5232 τὸν
1651 5183 1975 5252 σκευοφόρον
2001 5183 2143 5253 ἔχειν

489 5264 572 5315 ἀεὶ
601 5264 865 5334 βάναυσον
897 5280 910 5292 ·
941 5264 1112 5327 οὕτως
1137 5265 1253 5320 οῦδέ
1282 5266 1309 5318 ὁ
1341 5267 1656 5331 ἀπόστολος.
1701 5267 1867 5321 Τοῦτο
1897 5272 1991 5323 καὶ
2017 5273 2143 5334 τοὺς

488 5349 675 5414 ἄλλους
705 5350 980 5415 ἐπαίδευε,
1003 5354 1095 5405 καὶ
1122 5353 1282 5407 αὐτὸν
1310 5354 1638 5425 ἐῤῥύθμιζεν
1666 5357 1886 5410 ἐκεῖνον.
1912 5357 2140 5417 Οὐκοῦν,

490 5437 642 5506 φησὶ,
677 5438 841 5502 κακὸς
866 5441 893 5492 ό
926 5439 1241 5510 Βαρνάϐας;
1292 5441 1555 5511 Οὐδαμῶς
1599 5461 1614 5475 ο
1654 5444 1790 5498 ἀλλά
1814 5445 1905 5498 καὶ
1940 5445 2144 5517 σφόδρα

488 5524 687 5576 ἄτοπον
720 5525 779 5578 τὸ
810 5526 1048 5596 νομίζειν
1075 5526 1247 5580 τοῦτο.
1270 5527 1393 5590 Πῶς
1417 5528 1472 5581 δὲ
1493 5529 1590 5582 οὐκ
1612 5530 1809 5585 ἄτοπον
1839 5532 1980 5602 ὑπὲρ
2005 5533 2145 5586 οῦτω

491 5609 815 5680 πράγματος
846 5612 1040 5681 μικροῦ
1072 5611 1256 5665 τοῦτον
1289 5612 1467 5681 λέγειν
1496 5615 1744 5682 γενέσθαι
1769 5619 1963 5685 κακόν;
2007 5620 2143 5672 Ἀλλ’

487 5697 609 5764 ὅρα,
642 5699 721 5750 ὅτι
751 5696 962 5768 πρῶτον
996 5698 1092 5768 μὲν
1117 5700 1284 5753 κακὸν
1310 5701 1460 5754 οὐδὲν
1489 5703 1723 5770 γέγονεν,
1758 5706 1805 5757 εί
1834 5705 2145 5777 ὁλοκλήροις

485 5785 689 5837 ἔθνεσιν
731 5784 1054 5856 ἀρκοῦντες,
1093 5787 1499 5857 ἀπεσχίσθησαν
1545 5791 1640 5844 ἀπ’
1690 5791 1964 5862 ἀλλήλων,
2004 5793 2139 5848 ἀλλά

483 5872 573 5926 καὶ
615 5872 754 5941 μέγα
801 5872 1001 5941 ἀγαθόν
1027 5891 1038 5906 ⁸
1071 5875 1256 5931 ἔπειτα
1294 5876 1374 5928 ὅτι
1410 5878 1457 5927 εί
1499 5877 1573 5947 μὴ
1604 5877 1760 5931 τοῦτο
1787 5875 1882 5949 ἦν,
1925 5879 2026 5932 οὐκ
2072 5877 2136 5932 ἂν

2226 2091 2420 2145 τοῦτον
2438 2093 2571 2163 μηδέ
2592 2091 2751 2146 τοῦτο
2777 2093 3084 2164 κρύψαντα.
3131 2091 3269 2144 Ἀλλ’
3304 2092 3352 2144 εί
3385 2091 3479 2143 καὶ
3508 2103 3533 2131 ι
3558 2089 3916 2160 χωρισθῆναι

2229 2181 2355 2247 ἔδει,
2384 2181 2538 2250 φησὶ,
2567 2182 2736 2252 χωρὶς
2759 2179 3132 2252 παροξυσμοῦ.
3168 2178 3422 2233 Μάλιστα
3451 2179 3548 2247 μὲν
3573 2172 3660 2229 οῦν
3685 2177 3780 2229 καὶ
3815 2179 3911 2228 ἐν·

2228 2266 2416 2321 τεῦθεν
2435 2268 2706 2322 δείκνυται
2733 2269 2800 2322 τά
2830 2268 3168 2340 ἀνθρώπινα.
3192 2268 3253 2320 El
3284 2265 3397 2336 γὰρ
3417 2265 3509 2318 ἐπί⁵
3535 2265 3626 2317 τοῦ
3652 2264 3915 2335 Χριστοῦ

2228 2355 2387 2408 τοῦτο
2431 2357 2539 2409 ἔδει
2593 2357 2893 2424 γενέσθαι,
2949 2356 3125 2425 πολλῷ
3177 2353 3376 2423 μᾶλλον
3410 2352 3657 2405 ἐνταῦθα.
3687 2352 3918 2414 Ἄλλως

2229 2443 2286 2496 δέ
2319 2446 2346 2495 ό
2385 2443 2734 2514 παροξυσμὸς
2765 2445 2865 2497 οὐκ
2894 2443 2958 2497 ἂν
2985 2443 3074 2512 εἴη
3114 2442 3346 2510 φαῦλος,
3387 2441 3514 2493 ὅταν
3543 2439 3682 2507 ὑπὲρ
3715 2439 3913 2492 τοιού-

2228 2548 2335 2585 των
2381 2532 2610 2596 ἐκαστος
2651 2531 2971 2603 ἀμφισϐητῇ
2999 2572 3014 2590 ,
3052 2530 3147 2583 καὶ
3187 2529 3327 2601 μετά
3374 2527 3582 2581 δικαίου
3613 2528 3795 2595 λόγου.
3843 2528 3916 2582 El

2234 2620 2331 2689 μὲν
2360 2615 2452 2671 οὖν
2487 2635 2569 2682 τις
2595 2618 2774 2670 αὐτῶν
2802 2619 2864 2670 τὸ
2913 2617 3108 2672 ἐαυτοῦ
3152 2615 3332 2686 ζητῶν
3377 2615 3726 2684 παρωξύνετο
3749 2654 3762 2677 ,
3808 2615 3918 2668 καὶ

2232 2706 2329 2776 τὴν
2357 2707 2437 2768 είς
2470 2707 2633 2759 αὑτὸν
2660 2705 2825 2776 τιμὴν
2844 2747 2860 2769 ,
2902 2704 3084 2767 καλῶς
3108 2722 3119 2733 ’
3154 2706 3204 2756 εἰ
3238 2703 3296 2756 δέ
3322 2702 3610 2757 παιδεῦσαι
3637 2703 3730 2755 καὶ
3751 2702 3920 2756 διδά-

2234 2790 2320 2855 ξαι
2363 2793 2623 2862 ἐκάτερος
2653 2791 2996 2862 βουλόμενος,
3045 2794 3073 2844 ό
3122 2793 3221 2860 μὲν
3261 2789 3490 2860 ταύτην,
3529 2791 3559 2842 ό
3601 2788 3658 2842 δέ
3680 2789 3918 2859 ἐκείνην

2230 2877 2447 2940 ὥδευον,
2496 2876 2655 2930 τοῦτο
2708 2879 2856 2930 ποῖον
2900 2877 3191 2945 έγκλημας
3235 2875 3414 2929 Πολλά
3457 2875 3550 2928 καὶ
3583 2874 3918 2945 ἀνθρωπίνῃ

2229 2963 2438 3034 διανοίᾳ
2483 2963 2698 3017 ἐποίουν
2727 2977 2744 2993 ⁶
2776 2964 2837 3016 οῦ
2884 2964 2993 3034 γάρ
3038 2959 3178 3034 ἦσαν
3229 2963 3425 3032 λίθοιῆ
3459 2962 3614 3026 ξύλα.
3649 2962 3759 3014 Καὶ
3799 2961 3918 3031 ὅρα

2233 3049 2444 3102 Παῦλον
2467 3049 2897 3120 κατηγοροῦντα,
2932 3051 3026 3103 καὶ
3052 3051 3151 3119 τὴν
3180 3050 3357 3103 αἰτίαν
3391 3049 3638 3116 λέγοντα.
3692 3048 3921 3119 ᾙδεῖτο

2232 3137 2341 3205 γάρ
2373 3135 2461 3188 τὸν
2489 3136 2772 3206 Βαρνάϐαν
2803 3137 2910 3189 ἀπὸ
2961 3137 3466 3207 ταπεινοφροσύνης
3511 3135 3714 3204 πολλῆς
3741 3175 3755 3200 ,
3807 3135 3919 3188 ἅτε

2234 3226 2665 3295 κεκοινωνηκότα
2699 3226 2757 3279 ἐν
2786 3224 3058 3287 τοσούτοις
3099 3224 3246 3291 αὐτῷ
3270 3226 3362 3277 καὶ
3391 3223 3508 3294 μετ’
3531 3222 3695 3276 αὐτοῦ
3728 3222 3875 3275 ὂντα
3896 3239 3916 3254 ο

2236 3311 2349 3364 ἀλλ’
2384 3312 2484 3381 οὐχ
2500 3311 2673 3374 οῦτως
2699 3311 2875 3382 ᾐδεῖτο
2899 3353 2914 3375 ,
2958 3311 3098 3365 ὥστε
3144 3312 3238 3364 καὶ
3277 3312 3523 3382 παριδεῖν
3547 3310 3606 3363 τὺ
3632 3309 3768 3363 δέον.
3811 3310 3924 3374 Τίς

2239 3398 2338 3470 μὲν
2364 3394 2456 3452 οῦν
2509 3398 2732 3468 ἄμεινον
2761 3399 3143 3459 ἐϐουλεύσατο,
3168 3400 3265 3469 οὐχ
3293 3399 3448 3468 ήμῶν
3473 3396 3864 3468 ἀποφήνασθαι
3903 3415 3918 3427 ·

2235 3488 2372 3550 τέως
2400 3488 2474 3553 δέ,
2505 3489 2586 3541 ὅτι
2625 3489 2834 3559 μεγάλη
2866 3490 3086 3556 γέγονεν
3118 3486 3417 3556 οίκονομία,
3452 3487 3504 3539 εί
3531 3503 3594 3552 γε
3633 3479 3776 3538 οὗτοι
3811 3485 3924 3554 μὲν

2237 3575 2462 3646 ἔμελλον
2484 3575 2734 3646 δεύτερον
2763 3575 3105 3642 ἐπισκέψεως
3139 3572 3451 3640 ἀξιοῦσθαι,
3483 3574 3680 3624 ἐκεῖνοι
3704 3571 3760 3623 δὲ
3783 3572 3924 3626 οὐδὲ

2237 3662 2405 3729 ἅπαξ.
2458 3664 2569 3732 Οὐχ
2598 3663 2785 3726 ἀπλῶς
2817 3661 3085 3732 διέτριϐον
3114 3663 3173 3714 ἐν
3216 3659 3548 3730 Ἀντιοχείᾳ,
3579 3658 3696 3711 ἀλλ’
3737 3657 3924 3711 mea-

2239 3770 2386 3806 σκον.
2421 3754 2485 3806 Τί
2521 3754 2832 3818 ἐδίδασκον;
2864 3753 2997 3806 τίδὲ
3025 3751 3469 3821 εῦηγγελίζοντος
3522 3749 3659 3812 Τούς
3697 3766 3756 3801 τε
3807 3751 3921 3821 ἤδη

2239 3842 2480 3903 πιστοὺς,
2522 3841 2647 3904 τούς
2672 3858 2732 3893 τε
2761 3841 2992 3893 οὐδέπω.
3037 3837 3258 3909 Ἐπειδὴ
3287 3839 3395 3908 γάρ
3436 3836 3603 3906 μυρία
3635 3835 3921 3889 σκάνδαλα

2239 3923 2326 3998 ἦν,
2348 3927 2451 3980 ἔδει
2481 3929 2577 3998 τῆς
2607 3928 2788 3981 αὐτῶν
2815 3927 3141 3997 παρουσίας.
3179 3927 3252 3978 Τὸ
3299 3925 3629 3995 ζητούμενον
3652 3964 3666 3985 ,
3691 3923 3793 3993 οὐχ
3832 3925 3921 3978 δτι

2239 4015 2594 4085 διηνέχθησαν
2611 4013 2756 4087 [262]
2773 4018 2828 4067 ἐν
2844 4017 2960 4076 ταῖς
2981 4012 3246 4083 γνώμαις,
3265 4012 3374 4064 ἀλλ’
3392 4015 3474 4066 ὅτι
3490 4011 3802 4081 συγκατέϐη
3812 4028 3921 4063 σαν

2239 4103 2488 4172 ἀλλήλοις
2519 4103 2665 4155 ἰδεῖν.
2708 4102 2864 4156 Οῦτω
2906 4099 3090 4171 μεῖζον
3128 4100 3330 4166 ἀγαθὸν
3361 4100 3554 4167 γέγονε
3584 4101 3645 4151 τὸ
3677 4099 3704 4139 ι·
3744 4116 3923 4168 χωρι-

2239 4182 2468 4260 σθῆναι,
2507 4191 2602 4244 καὶ
2637 4189 2911 4260 πρόφασιν
2955 4190 3017 4240 ἐκ
3044 4188 3234 4240 τούτου
3269 4187 3328 4239 τὸ
3356 4189 3589 4256 πρᾶγμα
3617 4185 3801 4239 ἔλαϐε.
3851 4187 3919 4238 Τί

2241 4272 2364 4339 οῦν;
2401 4275 2586 4346 ἐχθροὶ
2634 4275 3022 4344 ἀνεχώρησαν;
3053 4274 3144 4343 Μὴ
3169 4275 3394 4340 γένοιτο.
3435 4271 3602 4342 Ὁρᾷς
3626 4272 3738 4341 γὰρ
3772 4273 3917 4341 μετά

2242 4363 2396 4416 τοῦτο
2444 4363 2728 4433 Βαρνάϐαν
2790 4361 2996 4414 πολλῶν
3043 4361 3329 4430 ἐγκωμίων
3381 4359 3723 4413 ἀπολαύοντα
3761 4358 3919 4428 παρὰ

2243 4451 2455 4504 Παύλου
2481 4453 2536 4503 ἐν
2561 4453 2680 4512 ταῖς
2723 4448 3077 4508 Ἐπιστολαῖς.
3109 4447 3525 4516 Παροξυσμὸς,
3563 4448 3754 4515 φησιν,
3787 4446 3921 4516 ἐγέ-

2242 4555 2377 4592 νετο
2405 4580 2418 4599 ,
2464 4539 2564 4591 οὐκ
2592 4536 2779 4606 -ἕχθρα
2830 4537 2949 4588 οὐδέ
2982 4534 3308 4602 φιλονεικία.
3345 4533 3612 4586 Τοσοῦτον
3637 4535 3861 4604 ἴσχυσεν
3890 4534 3919 4584 ὁ

2244 4624 2622 4696 παροξυσμὸς,
2670 4623 2808 4675 ὥστε
2855 4623 3116 4692 χωρίσαι·
3151 4621 3241 4674 καὶ
3292 4620 3542 4682 εἰκότως.
3577 4618 3759 4691 ’Ὀπερ
3804 4621 3922 4690 γὰρ

2242 4712 2470 4774 ἕκαστος
2498 4710 2760 4763 ὑπέλαϐεν
2788 4706 2929 4761 εἷναι
2952 4707 3247 4772 λυσιτελὲς,
3279 4706 3434 4758 τοῦτο
3470 4706 3610 4776 μετά
3640 4707 3820 4759 ταῦτα
3853 4707 3920 4759 οῦ

2243 4801 2557 4868 προσήκατο
2579 4797 2666 4850 διὰ
2693 4797 2789 4866 τὴν
2820 4794 2954 4863 πρὸς
2996 4796 3204 4846 ἐκεῖνον
3232 4793 3538 4849 κοινωνίαν.

2316 4887 2380 4957 β’.
2413 4887 2563 4956 Ἐμοὶ
2580 4885 2726 4938 δοκεῖ
2752 4883 2845 4935 καὶ
2876 4882 3015 4934 κατά
3044 4880 3258 4933 σύνεσιν
3279 4881 3607 4950 γεγενῆσθαι
3627 4880 3720 4933 τὸν
3741 4899 3920 4954 χωρι-

2246 4973 2397 5044 σμὸν,
2425 4974 2518 5026 καὶ
2547 4971 2682 5043 πρὸς
2713 4969 2972 5040 ἀλλήλους
2989 4972 3178 5031 εἰπεῖν,
3202 4972 3282 5023 ὅτι
3316 4967 3531 5038 Ἐπειδὴ
3566 4966 3678 5037 ἐγὼ
3703 4970 3766 5022 οῦ
3798 4969 3920 5038 βού-

2249 5074 2401 5132 λομαι
2469 5063 2531 5115 σὺ
2572 5062 2627 5113 δέ
2664 5058 2861 5128 βούλει,
2905 5058 2989 5110 ἵνα
3032 5057 3106 5128 μὴ
3151 5056 3469 5128 μαχώμεθα,
3504 5056 3923 5127 διανειμώμεθα

2243 5153 2369 5214 τοὺς
2385 5148 2771 5210 τόπους.”Ωστε
2791 5146 2931 5200 πάνυ
2958 5149 3194 5208 εἴκοντες
3225 5144 3472 5216 ἀλλήλοις
3490 5143 3651 5198 τοῦτο
3670 5145 3918 5199 ἐποίουν.

2257 5239 2537 5292 Ἐϐούλετο
2568 5235 2676 5305 γὰρ
2709 5235 2900 5304 στῆναι
2933 5234 2993 5287 τὸ
3024 5233 3239 5287 Παύλου
3279 5231 3563 5304 Βαρνάϐας
3590 5250 3602 5262 ·
3627 5232 3716 5286 διά
3756 5232 3923 5286 τοῦτο

2243 5327 2335 5380 καὶ
2361 5323 2705 5395 ἀνεχώρησεν
2733 5338 2747 5351 ’
2790 5321 3039 5376 ἐϐούλετο
3068 5322 3164 5375 καὶ
3192 5320 3400 5383 Παῦλος
3433 5320 3636 5390 ὁμοίως
3670 5320 3734 5373 τὸ
3773 5322 3923 5375 ἐκεί-

2244 5434 2334 5470 νου
2352 5433 2363 5445 ·
2389 5414 2476 5466 διὰ
2499 5411 2657 5465 τοῦτο
2681 5412 2772 5464 καὶ
2797 5411 2956 5474 αὐτὸς
2979 5411 3040 5462 τὺ
3060 5411 3175 5463 ίσον
3198 5412 3339 5462 ποιεί
3357 5408 3452 5462 καὶ
3465 5409 3762 5478 ἀναχωρεῖ.
3788 5409 3922 5462 Em:

2244 5506 2339 5558 καὶ
2370 5505 2534 5574 ἡμεῖς
2563 5500 2835 5565 τοιούτους
2857 5498 3236 5571 ἐχωριζόμεθα
3265 5500 3581 5570 χωρισμοὺς
3603 5539 3618 5561 ,
3650 5498 3792 5552 ὥστε
3825 5500 3934 5553 ἐπὶν

2246 5593 2507 5664 κήρυγμα
2536 5588 2788 5643 ἀπιέναιί
2836 5589 3078 5654 Παῦλος
3123 5587 3211 5650 δὲ,
3247 5588 3412 5658 φησιν
3437 5628 3451 5648 ,
3479 5585 3926 5656 ἐπιλεξάμενος

2245 5680 2353 5733 τόν
2384 5680 2571 5732 Σίλαν
2595 5718 2608 5737 ,
2639 5676 2858 5745 ἐξῆλθε
2889 5674 3243 5744 παραδοθεὶς
3275 5674 3352 5743 τῇ
3386 5675 3578 5743 χάριτι
3611 5675 3720 5728 τοῦ
3768 5676 3928 5729 Θεοῦ

2245 5769 2363 5822 ὑπὸ
2411 5766 2527 5820 τῶν
2575 5764 2869 5833 ἀδελφῶν.
2915 5763 3240 5834 Θαυμαστός
3296 5764 3444 5817 ἐστιν
3480 5758 3634 5825 οὗτος
3671 5763 3701 5814 ό
3753 5764 3928 5834 ἀνὴρ,

2303 5913 2321 5936 ⁸
2347 5912 2482 5960 linus
2504 5910 2762 5973 κρύψαντα,
2807 5911 2928 5964 ὅλως
2955 5909 3003 5956 δέ
3037 5909 3076 5956 τί
3115 5909 3212 5957 καί.
3281 5905 3309 5946 δ
3341 5908 3535 5968 Ἀγαθὸν
3575 5906 3692 5955 εἶναι
3737 5907 3813 5968 τό,
3849 5908 3931 5956 διε

489 5959 690 6014 εἴλοντο
721 5960 952 6026 εὐκόλως
986 5961 1197 6032 ἀφεῖναι
1227 5963 1502 6034 ἀλλήλους.
1531 5966 1599 6018 Σὺ
1631 5966 1686 6019 δέ
1731 5984 1818 6036 μοι
1856 5965 2135 6036 θαύμασον
2241 5959 2448 6036 ηυὶιίηηι.

3794 369 3905 424 256
3971 382 3983 389 ’
