4084 6332
200 429 307 486 2&5

206 554 260 601 et
289 543 415 599 facit
439 540 730 612 justitiam,
762 545 1013 607 acceptus
1042 534 1117 589 illi
1140 544 1242 590 est.
1274 534 1390 590 Non
1424 541 1603 605 potest
1634 533 1700 597 is,
1720 531 1811 601 qui

207 641 413 707 absque
453 633 803 705 pnejudicata
847 630 1101 699 opinione
1138 627 1306 694 audit,
1339 640 1445 681 non
1482 624 1812 696 persuaderi.

210 729 280 787 Ct
322 729 469 784 enim
498 729 544 782 si
588 726 769 798 regula
808 723 1054 795 qutedam
1095 731 1276 788 esset,
1317 719 1385 775 ad
1423 735 1583 790 quam
1627 733 1816 773 omnes

204 821 362 890 dirigi
386 827 687 889 oporteret,
712 831 817 871 nou
842 815 1008 869 multa
1030 814 1464 868 consideratione
1490 826 1626 881 opus
1650 818 1815 873 esset,

206 911 304 965 sed
338 911 478 965 male
518 910 827 964 metientem
859 906 1014 960 facile
1042 904 1575 972 deprehenderemus
1612 944 1624 955 .
1663 902 1732 955 ita
1765 909 1819 956 et

206 1018 377 1057 nunc.
407 1002 693 1069 Quomodo
712 1015 850 1070 ergo
882 1013 987 1052 non
1020 996 1243 1052 vident?
1271 997 1431 1051 Multa
1466 995 1517 1049 id
1546 994 1779 1050 efliciunt
1798 1035 1814 1059 ,

202 1093 558 1163 pra-judicata
583 1091 786 1162 Opinio,
818 1091 1175 1158 humanmque
1196 1103 1395 1142 causae.
1420 1086 1534 1141 Hoc
1562 1086 1724 1141 etiam
1747 1084 1817 1141 de

208 1185 391 1252 nobis,
427 1186 657 1254 inquies,
689 1184 761 1238 illi
794 1182 1001 1237 dicunt.
1028 1180 1348 1249 Quomodo?
1374 1196 1499 1235 num
1529 1180 1596 1234 ab
1628 1179 1819 1233 Eccle-

206 1278 284 1331 sia
308 1294 413 1332 nos
434 1276 769 1332 excidimus?
800 1293 924 1330 num
952 1274 1339 1331 haeresiarchas
1364 1273 1660 1329 habemus?
1686 1289 1814 1326 num

206 1367 276 1421 ah
304 1367 615 1422 hominibus
652 1383 847 1421 nomen
877 1366 1214 1436 accipimus?
1257 1381 1383 1419 num
1410 1363 1521 1417 dux
1548 1363 1814 1432 quispiam
1844 1398 1847 1405 ι

206 1460 369 1514 nobis
412 1468 530 1523 est,
580 1469 636 1511 ut
686 1460 791 1513 illis
834 1458 1094 1524 Marcion,
1148 1458 1253 1511 illis
1298 1456 1661 1519 Manichacus,
1711 1455 1816 1508 illis

206 1554 373 1608 Arius
398 1592 417 1619 ,
460 1553 564 1607 illis
594 1552 730 1606 alius
763 1552 983 1606 htcresis
1013 1550 1297 1620 princeps?
1324 1547 1477 1617 Quod
1510 1548 1553 1601 si
1588 1562 1686 1600 nos
1716 1562 1814 1600 cu-

203 1644 442 1712 juspiam
471 1658 671 1697 nomen
708 1643 977 1707 feramus;
1010 1650 1066 1696 at
1095 1658 1200 1695 non
1233 1640 1495 1696 habemus
1526 1647 1690 1694 sectae
1717 1654 1814 1692 au-

203 1743 412 1799 ctores,
447 1734 540 1789 sed
572 1733 856 1803 praefectos
883 1743 937 1787 et
963 1733 1352 1803 gubernatores
1380 1732 1661 1787 Ecclesiae.
1697 1732 1812 1785 Non

204 1825 474 1880 habemus
500 1826 787 1895 magistros
818 1841 981 1895 super
1007 1835 1206 1880 terram
1234 1824 1425 1889 :absit,
1458 1840 1623 1878 unum
1652 1823 1819 1877 habe-

204 1935 330 1974 mus
374 1921 428 1973 in
470 1920 637 1974 uelis.
682 1919 761 1973 llli
792 1934 1038 1991 quoque,
1072 1920 1312 1990 inquies,
1344 1918 1461 1974 haec
1494 1919 1811 1973 obtendunt.

1141 418 1206 474 IN
1246 418 1429 476 ACTA
1468 411 1999 474 APOSTULORUM.
2043 416 2273 472 llOMlL.
2309 416 2556 473 XXXIV.

3428 417 3534 475 256

1930 528 2124 588 Verum
2154 533 2355 590 habent
2382 550 2605 600 nomen,
2629 535 2773 606 quod
2803 532 2925 590 illos
2947 542 3186 600 accusat,
3213 532 3539 607 illorumque

1924 641 2016 680 ora
2046 626 2297 682 obstruit.
2333 626 2483 681 Multi
2515 626 2665 681 fuere
2690 627 2941 696 gentiles,
2972 634 3027 680 et
3067 625 3246 681 nullus
3290 626 3406 683 haec
3446 628 3534 684 in-

1924 719 2217 787 terrogavit
2248 735 2260 773 :
2296 728 2348 773 et
2371 718 2511 788 apud
2547 717 2902 787 philosophos
2929 716 3047 773 htec
3072 728 3247 784 erant,
3272 728 3328 773 et
3357 720 3539 775 nullus
3580 780 3585 783 Α

1925 824 2141 874 eorum,
2172 810 2261 878 qui
2292 818 2494 864 rectam
2528 818 2729 863 sectam
2765 810 3028 864 haberent
3048 850 3063 874 ,
3094 808 3401 878 prohibitus
3432 818 3536 864 est.

1923 898 2033 953 Cur
2062 916 2168 954 non
2195 901 2469 967 dixerunt,
2503 900 2723 971 quando
2755 901 2871 955 lucc
2901 901 3215 966 movebant,
3241 900 3384 971 quod
3406 912 3461 956 et
3484 902 3539 956 hi

1904 1001 1979 1048 et
2028 991 2104 1047 illi
2148 992 2321 1048 Judaei
2371 1003 2576 1057 essent,
2621 1003 2678 1048 et
2717 992 2821 1048 utri
2863 993 3246 1063 obtemperare
3273 996 3535 1064 oportet?

1924 1083 2030 1139 Sed
2072 1095 2129 1137 ut
2174 1084 2459 1152 Oportebat
2488 1083 2953 1155 obtemperarunt.
3004 1084 3074 1139 Et
3120 1100 3219 1139 nos
3266 1100 3397 1155 ergo
3438 1086 3536 1141 Dei

1926 1172 2131 1244 legibus
2162 1174 2602 1244 obtemperemus
2628 1215 2643 1239 ,
2679 1185 2732 1230 et
2765 1176 2945 1229 omnia
2977 1184 3035 1230 ut
3064 1177 3162 1246 ipsi
3194 1176 3386 1245 placita
3417 1187 3544 1231 sunt

1921 1268 2223 1336 iaciamus,
2274 1284 2337 1323 ac
2385 1268 2679 1324 secundum
2724 1268 2842 1337 ejus
2890 1268 3221 1323 voluntatem
3266 1269 3535 1336 vivamus,

1920 1362 2047 1416 dum
2078 1363 2131 1417 in
2163 1361 2415 1431 praesenti
2443 1366 2548 1415 vita
2578 1361 2843 1432 degimus,
2876 1372 2934 1417 ut
2966 1362 3017 1416 in
3050 1362 3249 1417 virtute
3276 1364 3536 1432 praesenti

1924 1465 2191 1511 transacta
2224 1457 2330 1511 vita
2353 1498 2367 1522 ,
2403 1457 2665 1526 promissa
2698 1455 3051 1525 diligentibus
3076 1473 3135 1512 se
3168 1458 3304 1513 bona
3334 1473 3532 1513 conse-

1921 1565 2185 1620 quamur,
2219 1558 2274 1604 et
2303 1565 2424 1604 cum
2460 1548 2524 1603 iis
2554 1550 2642 1620 qui
2676 1549 2776 1619 ipsi
2812 1550 3133 1618 placuerunt
3164 1549 3535 1617 bonoremur,

1920 1644 2089 1713 gratia
2118 1649 2173 1696 et
2199 1640 2531 1709 benignitate
2559 1640 2820 1711 unigeniti
2849 1640 2967 1695 Filii
2991 1641 3108 1710 ejus
3130 1650 3185 1695 et
3208 1640 3539 1695 sanctissimi

1922 1733 2230 1803 vivificique
2264 1732 2501 1801 Spiritus
2522 1774 2537 1798 ,
2568 1734 2726 1787 unius
2757 1742 2813 1787 et
2841 1748 2983 1788 VCI‘lB
3015 1733 3238 1789 Deitatis
3262 1774 3278 1803 ,
3312 1748 3456 1789 nunc
3486 1742 3544 1790 et

1921 1844 2163 1899 semper,
2191 1839 2245 1884 et
2272 1829 2325 1882 in
2349 1828 2543 1883 saecula
2570 1827 2916 1883 saeculorum.
2947 1832 3144 1883 Amen.

1545 2125 1898 2187 HOMILIA
1944 2126 2249 2188 XXXIV.

201 2272 335 2329 Cn.
373 2274 439 2328 15
492 2289 544 2326 v.
575 2273 665 2329 35.
698 2272 895 2329 Paulus
916 2286 1085 2329 autem
1121 2284 1167 2330 et
1203 2274 1468 2332 Barnabas
1488 2275 1817 2329 morabantur

277 2364 587 2430 Antiochiae,
616 2366 850 2420 docentes
872 2376 920 2419 et
948 2368 1352 2439 evangelisantes
1373 2384 1487 2420 cum
1509 2368 1627 2421 aliis
1653 2366 1815 2435 pluria

278 2460 372 2512 bus
417 2459 620 2513 verbum
675 2458 904 2514 Domini.
953 2460 1041 2515 36.
1091 2459 1218 2513 Post
1264 2462 1461 2532 aliquot
1505 2471 1674 2514 autem
1710 2460 1817 2513 dies

277 2552 412 2605 dixit
456 2554 525 2605 ad
565 2550 857 2606 Barnabam
902 2550 1100 2607 Paulus
1128 2568 1147 2606 :
1172 2551 1516 2617 Revertentes,
1562 2553 1817 2606 visitemus

277 2642 467 2709 fratres
491 2659 579 2711 per
600 2644 858 2697 universas
878 2644 1123 2709 civitates,
1145 2644 1199 2696 in
1228 2644 1406 2713 quibus
1428 2643 1817 2714 pradicavimus

277 2732 487 2788 uerbum
512 2733 740 2797 Domini,
768 2735 1022 2805 quomodo
1049 2752 1103 2789 se
1124 2736 1361 2789 habeant.

279 2825 335 2877 1.
368 2823 447 2878 De
476 2824 631 2877 Pauli
665 2841 782 2879 cum
816 2825 1054 2879 Barnaba
1088 2828 1423 2882 dissensione.
1452 2856 1523 2868 —
1554 2826 1689 2881 Vide
1720 2827 1819 2881 ite-

205 2931 330 2970 rum
360 2926 557 2986 quanta
593 2916 893 2971 humilitate
923 2934 1229 2973 sermonem
1260 2935 1383 2973 cum
1417 2920 1536 2973 aliis
1575 2933 1817 2974 commu—

203 3010 413 3064 nicent.
461 3010 527 3063 Et
552 3008 661 3080 jam
690 3011 905 3079 quidem
936 3012 1263 3082 reliquorum
1290 3012 1658 3081 apostolorum
1683 3029 1817 3069 conc

205 3100 549 3155 suetudinem
590 3100 875 3170 descripsit
915 3102 1071 3156 nobis
1115 3102 1289 3157 Lucas
1313 3143 1326 3163 .
1360 3104 1655 3158 ostendens
1682 3104 1817 3159 alios

207 3190 493 3245 suaviores
520 3190 1053 3262 indulgentioresque
1079 3207 1200 3247 esse
1218 3234 1236 3261 ,
1269 3194 1406 3248 alios
1436 3195 1737 3250 exactiores
1763 3205 1819 3249 et

206 3283 540 3338 austeriores
575 3300 588 3336 :
623 3282 834 3338 diversa
858 3299 1089 3354 namque
1113 3294 1239 3340 sunt
1260 3285 1400 3341 dona
1428 3304 1441 3340 :
1466 3287 1608 3357 quod
1636 3297 1816 3343 autem

206 3374 317 3430 hoc
347 3390 562 3446 quoque
590 3375 659 3430 sit
688 3376 887 3431 donum
919 3377 1107 3447 liquet.
1140 3378 1247 3434 Sed
1280 3380 1409 3434 illud
1445 3380 1664 3450 quidem
1696 3380 1819 3436 aliis

208 3468 491 3523 hominum
535 3468 777 3523 moribus
804 3470 1085 3539 competit,
1117 3469 1219 3525 hoc
1262 3482 1441 3526 autem
1477 3474 1633 3539 aliis;
1681 3483 1735 3528 et
1772 3474 1819 3528 si

204 3569 696 3625 commutarentur,
728 3560 932 3614 inutilia
958 3560 1150 3616 forent.
1177 3561 1403 3619 Videtur
1427 3564 1644 3635 quidem
1670 3581 1819 3635 qua:-

208 3652 336 3706 dam
364 3666 485 3707 esse
514 3651 817 3718 dissensio;
852 3661 1022 3707 totum
1052 3669 1182 3721 vero
1214 3659 1514 3712 oeconomia
1548 3666 1651 3712 cst.
1684 3657 1819 3713 Illud

206 3745 358 3799 enim
377 3744 456 3809 lit,
477 3752 534 3797 ut
559 3746 920 3814 unusquisque
943 3745 1120 3801 locum
1140 3748 1228 3817 qui
1246 3748 1346 3803 sibi
1363 3750 1818 3805 conveniatnccu-

208 3844 323 3905 pet.
354 3835 604 3905 Alioquin
626 3851 756 3890 vero
773 3851 877 3892 non
901 3839 1202 3908 oportebat,
1220 3848 1278 3894 ut
1293 3855 1481 3897 omnes
1501 3842 1614 3911 pari
1636 3853 1821 3898 essent

210 3924 422 3983 honore
443 3969 457 3995 ,
493 3928 589 3982 sed
619 3937 673 3982 ut
703 3928 839 3983 alius
869 3938 1157 3998 pra-esset,
1186 3930 1326 3987 alius
1361 3932 1606 3988 subditus
1634 3944 1778 3990 esset
1803 3954 1816 3989 :

207 4030 265 4074 et
308 4021 411 4075 hoc
448 4022 608 4075 etiam
656 4021 1007 4091 providentia:
1046 4038 1183 4092 opus
1220 4035 1325 4079 est.
1373 4026 1558 4096 Cyprii
1590 4044 1821 4099 namque

210 4110 348 4164 nihil
382 4110 485 4165 tale
512 4112 869 4167 exlnbuerant
890 4154 905 4180 ,
944 4113 1103 4184 quale
1141 4114 1464 4173 Antiocheui
1495 4128 1550 4174 el
1580 4122 1768 4191 reliqui
1804 4140 1817 4176 :

207 4212 263 4255 et
298 4200 372 4255 illi
401 4201 647 4270 mitiore,
681 4202 735 4258 hi
765 4205 1039 4261 severiore
1069 4207 1328 4277 magistro
1356 4224 1492 4279 opus
1526 4210 1816 4266 habebant.

209 4294 302 4349 37.
322 4292 590 4348 Barnabas
613 4305 781 4349 autem
803 4297 995 4351 volebat
1008 4315 1179 4353 secum
1192 4317 1451 4356 assumere
1470 4312 1517 4356 et
1539 4301 1816 4370 Joannem,

210 4385 299 4454 qui
326 4386 716 4454 cognominatur
745 4386 953 4443 Marcus
983 4405 1002 4442 .'
1030 4390 1122 4445 38.
1157 4389 1356 4445 Paulus
1385 4402 1552 4447 autent
1584 4395 1816 4465 rogabat,

206 4486 264 4528 ut
285 4476 375 4545 qui
397 4476 705 4538 discessisset
726 4480 789 4532 ab
811 4481 880 4535 eis
902 4481 965 4535 de
994 4481 1333 4555 Pamphylia,
1363 4496 1408 4539 et
1432 4504 1532 4541 non
1556 4500 1683 4543 esset
1703 4506 1820 4543 cunt

208 4574 282 4624 eis
312 4570 367 4623 in
398 4586 544 4639 Opus,
568 4588 669 4624 non
700 4572 880 4627 debere
910 4575 1087 4643 recipi.
1115 4576 1205 4631 59.
1236 4576 1401 4631 Facta
1432 4590 1502 4633 est
1532 4581 1692 4650 igitur
1714 4582 1820 4635 dis-

207 4665 378 4717 sensio
402 4704 418 4730 ,
450 4664 521 4716 ita
542 4673 597 4716 ut
627 4663 937 4720 discederent
960 4667 1023 4720 ab
1055 4670 1265 4722 invicem
1288 4712 1302 4736 ,
1334 4680 1381 4724 et
1412 4670 1676 4727 Barnabas
1701 4675 1789 4744 qui
1800 4705 1817 4715 ο

208 4759 328 4809 dem
358 4769 619 4825 assumpto
648 4758 825 4811 Murco
855 4761 1114 4829 navigaret
1142 4762 1192 4815 in
1217 4762 1440 4832 Cyprum
1465 4781 1483 4818 :
1503 4766 1590 4821 40.
1619 4765 1818 4821 Paulus

208 4864 330 4901 vero
367 4849 521 4901 electo
567 4849 681 4903 Sila
730 4851 987 4919 profectus
1038 4863 1141 4917 est,
1188 4856 1407 4908 traditus
1449 4860 1631 4927 gratia:
1660 4857 1756 4913 Dei
1786 4878 1819 4913 a

202 4941 476 5011 fratribus.
508 4940 596 4996 Sic
620 4952 671 4995 ct
701 4943 750 4995 iu
779 4945 1056 5013 prophetis
1080 4945 1321 5001 diversas
1345 4952 1643 5005 sententias
1670 4968 1819 5006 οοιιι-

201 5032 468 5103 perimus,
498 5043 552 5087 et
583 5034 758 5088 varios
786 5052 1000 5090 mores:
1030 5039 1172 5092 verbi
1197 5041 1363 5105 gratia
1397 5041 1542 5095 Elius
1570 5054 1817 5101 austerus

197 5132 326 5179 erat
352 5165 368 5189 ,
400 5124 609 5194 Moyses
640 5126 800 5181 mitis.
850 5127 945 5181 llic
979 5128 1137 5198 igitur
1164 5130 1534 5187 vehementior
1562 5146 1643 5189 cst
1673 5136 1815 5189 Pau-

199 5218 311 5271 lus.
357 5214 462 5270 Sed
505 5217 584 5271 sic
622 5225 797 5274 tamen
822 5219 944 5273 vide
975 5224 1441 5279 mansuetudinem
1463 5226 1600 5294 ejus.
1635 5228 1814 5299 Roga-

198 5312 309 5375 θαι,
347 5310 537 5379 inquit,
561 5321 613 5363 ut
640 5312 726 5381 qui
751 5313 1059 5367 discessisset
1080 5316 1141 5368 ab
1162 5317 1233 5370 eis
1254 5317 1317 5370 de
1344 5316 1686 5390 Pamphylia,
1713 5339 1813 5377 non

195 5404 387 5457 «tt-bere
414 5404 591 5473 recipi.
642 5405 709 5461 Ut
746 5408 889 5461 enim
931 5407 1039 5463 dux
1076 5412 1349 5465 exercitus
1378 5414 1545 5468 nollet
1577 5417 1812 5486 bajulum

196 5512 423 5565 semper
452 5496 648 5552 habere
675 5498 956 5554 sordidum
983 5540 1000 5568 ,
1038 5501 1118 5556 sic
1149 5519 1321 5573 neque
1353 5507 1651 5575 apostolus.
1700 5509 1813 5566 l‘luc

196 5591 371 5643 etiam
403 5588 539 5643 alios
567 5589 785 5657 docuit,
819 5602 873 5646 et
904 5591 1051 5647 illum
1094 5596 1421 5651 emendavit.
1457 5598 1672 5669 Ergone
1704 5602 1809 5655 im-

198 5683 406 5750 probus
454 5680 770 5737 Barnabas?
800 5683 1050 5751 Minime;
1083 5687 1190 5741 imo
1221 5689 1377 5744 valde
1402 5690 1693 5748 absurdum
1720 5710 1810 5749 es-

196 5784 279 5827 set
309 5775 361 5826 ul
392 5782 605 5842 putare.
638 5773 920 5843 Quomodo
948 5793 1055 5832 non
1083 5780 1375 5836 absurdum
1399 5794 1559 5849 esset,
1593 5786 1663 5840 ob
1693 5804 1809 5842 rem

197 5868 335 5924 adeo
362 5868 540 5923 levem
584 5868 734 5924 illum
774 5870 954 5937 dicere
997 5872 1347 5945 improbum?
1378 5877 1485 5934 Sed
1514 5880 1650 5951 vide,
1681 5884 1805 5954 pri-

1929 2287 2078 2341 mum
2110 2271 2234 2326 hinc
2264 2271 2398 2326 nihil
2423 2271 2548 2326 mali
2573 2272 2912 2341 provenisse,
2938 2272 2983 2327 si
3013 2288 3135 2329 cum
3164 2274 3389 2344 integris
3416 2290 3544 2344 gen-

1929 2364 2071 2418 tibus
2103 2362 2355 2419 sufliccre
2385 2374 2627 2433 possent,
2654 2365 2889 2433 separati
2918 2365 3060 2431 sint;
3095 2366 3204 2420 imo
3231 2367 3391 2421 etiam
3419 2364 3547 2422 hinc

1928 2472 2179 2526 magnum
2204 2455 2474 2526 prodiisse
2502 2456 2703 2510 bonum
2738 2474 2750 2510 :
2778 2454 2974 2511 deinde
3000 2497 3013 2519 ,
3048 2460 3091 2512 si
3122 2457 3227 2512 hoc
3253 2474 3359 2512 non
3394 2458 3541 2514 acci-

1925 2549 2098 2603 disset
2123 2591 2137 2614 ,
2168 2564 2275 2601 non
2302 2547 2460 2603 facile
2487 2549 2729 2618 separari
2759 2549 3080 2605 voluissent.
3112 2550 3190 2604 Tu
3220 2566 3351 2605 vero
3382 2552 3547 2605 mire-

1927 2642 2000 2695 ris
2031 2641 2232 2705 velim,
2264 2640 2405 2710 quod
2442 2639 2615 2695 Lucas
2648 2641 2751 2696 hoc
2789 2656 2896 2695 non
2928 2641 3203 2697 celaverit.
3238 2642 3343 2698 Sed
3375 2643 3419 2697 si
3446 2658 3539 2698 se-

1927 2734 2103 2804 parari
2145 2735 2454 2805 oportebat,
2506 2736 2736 2805 inquies,
2783 2736 2975 2791 saltem
3018 2738 3138 2791 sine
3177 2737 3541 2795 dissensione.

1927 2828 1999 2881 At
2045 2826 2170 2881 hinc
2220 2828 2461 2881 maxime
2511 2827 2743 2882 humana
2794 2828 3175 2884 ostenduntur.
3219 2828 3351 2883 Nam
3397 2829 3442 2883 si
3490 2814 3545 2883 in

1927 2917 2145 2974 Christo
2192 2921 2478 2989 oportebat
2522 2923 2657 2987 lieri,
2704 2923 2873 2978 multo
2918 2922 3087 2993 magis
3136 2922 3242 2977 hic.
3291 2924 3543 2994 Alioquin

1927 3028 2059 3068 vero
2088 3013 2359 3068 dissensio
2388 3029 2493 3068 non
2527 3015 2666 3068 mala
2695 3024 2797 3082 est,
2826 3015 3044 3085 quando
3069 3016 3137 3070 de
3166 3014 3364 3070 talibus
3393 3016 3546 3086 quis—

1930 3105 2080 3175 piam
2112 3106 2412 3169 contendit.
2439 3117 2495 3160 et
2524 3122 2645 3161 cum
2674 3108 2815 3177 justa
2847 3108 3078 3163 ratione.
3102 3108 3159 3163 Si
3186 3119 3336 3164 certe
3356 3125 3545 3164 eorum

1927 3200 2194 3270 quispiam
2224 3216 2343 3270 qua:
2391 3215 2487 3255 sua
2514 3211 2669 3256 erant
2700 3201 2788 3256 vel
2821 3202 3084 3257 honorem
3110 3217 3394 3272 quaerens,
3444 3218 3546 3257 ex-

1927 3302 2207 3362 asperatus
2230 3302 2393 3358 esset,
2427 3295 2565 3349 bene
2596 3294 2993 3364 improbaretur
3027 3313 3040 3349 :
3074 3296 3119 3351 si
3150 3310 3279 3350 vero
3313 3304 3546 3366 uterque

1927 3384 2125 3439 docere
2154 3386 2547 3457 instituereque
2577 3387 2765 3442 volens
2784 3428 2799 3448 ,
2832 3386 2969 3441 alter
3002 3386 3123 3453 hac,
3152 3388 3295 3443 alter
3319 3387 3424 3442 alia
3459 3387 3545 3442 via

1928 3476 2190 3545 processit
2234 3493 2246 3535 :
2289 3477 2434 3553 quod
2485 3476 2689 3533 crifuen
2737 3476 2939 3532 fuerit?
2988 3478 3152 3533 Multa
3194 3494 3261 3535 ex
3308 3478 3546 3535 humana

1927 3574 2108 3621 mente
2150 3565 2419 3622 faciebant
2454 3585 2597 3622 :nou
2629 3568 2772 3623 enim
2802 3577 2960 3623 erant
3001 3568 3209 3639 lapides
3246 3579 3339 3624 aut
3376 3570 3542 3640 ligna.

1927 3655 1999 3711 Et
2024 3657 2146 3712 vide
2174 3657 2397 3712 Paulum
2422 3669 2768 3713 oceusantem
2792 3669 2848 3715 et
2872 3675 3092 3715 causam
3115 3661 3407 3717 dicentem.
3438 3662 3546 3718 Re-

1927 3748 2220 3802 vcrebatur
2243 3748 2387 3802 enim
2417 3748 2718 3804 Barnabam
2750 3766 2858 3820 pra:
2885 3750 3189 3807 humilitate
3216 3754 3385 3807 multa
3408 3796 3422 3821 ,
3452 3754 3545 3824 qui

1928 3839 1983 3893 in
2016 3840 2177 3894 tantis
2208 3840 2369 3894 rebus
2397 3840 2497 3894 sibi
2526 3856 2753 3897 consors
2774 3851 2826 3897 et
2848 3857 3033 3898 secum
3066 3842 3273 3909 fuerat;
3306 3844 3401 3900 sed
3434 3860 3541 3899 non

1929 3931 1999 3985 ita
2027 3930 2397 3995 reverebatur,
2422 3941 2482 3985 ut
2506 3931 2744 3987 officium
2770 3934 3089 4006 negligeret.
3118 3935 3250 3993 Uter
3279 3952 3407 4007 ergo
3430 3954 3545 3994 me-

1928 4024 2031 4079 lius
2046 4024 2397 4091 consuluerit,
2423 4040 2527 4080 non
2542 4035 2625 4081 est
2648 4035 2889 4081 nostrum
2923 4028 3293 4097 pronuntiare,
3319 4030 3539 4085 interim

1928 4134 2059 4175 vero
2105 4134 2298 4189 magna
2330 4118 2431 4173 fuit
2460 4120 2761 4175 oeconomia
2788 4161 2803 4187 ,
2839 4121 2882 4175 si
2914 4121 3130 4189 quidem
3163 4121 3214 4176 hi
3248 4123 3543 4180 secundum

1925 4211 2293 4266 visitationem
2317 4213 2659 4282 assequuturi
2689 4222 2865 4279 erant,
2898 4214 2985 4268 alii
3023 4214 3244 4271 nullam.
3279 4216 3394 4271 Non
3425 4218 3544 4274 sine

1926 4319 2085 4359 causa
2128 4314 2307 4359 autem
2352 4306 2655 4361 Antiochia:
2700 4308 2894 4361 morati
2935 4320 3091 4377 sunt,
3130 4310 3223 4364 scd
3252 4310 3538 4365 docebant.

1926 4398 2066 4465 Quid
2103 4400 2412 4456 ducebant?
2459 4404 2585 4473 quid
2631 4403 3115 4474 evangelizabant?
3145 4405 3294 4460 Alios
3322 4406 3540 4476 quidem
3634 4482 3640 4489 ⁸

1926 4491 2156 4559 fideles,
2206 4494 2341 4549 alios
2386 4494 2627 4550 nondum
2670 4496 2827 4551 tales.
2887 4496 3023 4564 Quia
3066 4498 3209 4552 enim
3256 4498 3536 4553 innumera

1925 4586 2178 4640 scandala
2216 4596 2406 4652 erant,
2446 4603 2583 4658 opus
2609 4599 2726 4643 erat
2759 4590 2977 4644 illorum
3014 4591 3321 4660 praesentia.
3355 4592 3409 4646 ln
3438 4592 3539 4647 hac

1926 4680 2226 4749 quastione
2247 4682 2667 4747 observandum,
2693 4697 2799 4737 non
2832 4683 2885 4736 in
2912 4698 3020 4753 quo
3042 4682 3421 4753 dissenserint,
3442 4686 3539 4742 sed

1926 4771 1980 4824 in
2009 4786 2117 4842 quo
2148 4782 2334 4827 mutuo
2360 4776 2760 4829 consenserint.
2803 4774 2893 4830 Sic
2923 4774 3096 4846 majus
3126 4778 3327 4831 bonum
3355 4794 3419 4833 ex
3452 4795 3539 4834 se-

1925 4866 2204 4933 paratione
2237 4867 2469 4935 prodiit,
2500 4878 2658 4938 atque
2688 4869 2811 4923 inde
2842 4880 3021 4925 ortum
3052 4882 3154 4925 est.
3198 4871 3336 4938 Quid
3369 4874 3539 4944 ergo?

1925 4958 2198 5014 iuimicine
2251 4961 2635 5015 recesserunt?
2695 4961 2883 5027 Absit;
2935 4963 3085 5017 vides
3143 4966 3286 5019 enim
3350 4977 3536 5034 postea

1923 5052 2224 5107 Barnabam
2264 5054 2449 5109 multis
2481 5056 2731 5112 laudibus
2764 5073 2791 5111 a
2823 5058 2991 5113 Paulo
3019 5060 3281 5138 eelebrari
3315 5062 3366 5116 in
3410 5063 3538 5133 Epi-

1922 5145 2097 5199 stolis.
2124 5145 2405 5212 Dissensio,
2433 5147 2623 5218 inquit,
2645 5155 2782 5221 facta
2805 5161 2898 5217 est,
2923 5168 3028 5206 nou
3054 5152 3331 5208 inimicitia
3362 5172 3536 5226 neque

1920 5243 2219 5295 contentio.
2258 5241 2489 5296 Tantum
2522 5244 2685 5298 valuit
2710 5244 2998 5312 dissensio,
3034 5258 3090 5301 ut
3116 5259 3531 5318 separarentur;

1922 5342 1976 5387 et
1998 5334 2122 5404 jure
2150 5334 2389 5405 quidem.
2412 5336 2545 5391 Nam
2572 5338 2713 5407 quod
2739 5348 2967 5409 uterque
2994 5341 3217 5409 putabat
3242 5344 3371 5399 utile
3394 5344 3531 5412 fore,

1924 5435 2113 5495 postea
2140 5444 2243 5481 non
2273 5428 2605 5495 admisisset,
2635 5445 2700 5485 eo
2726 5430 2867 5500 quod
2901 5432 3060 5486 simul
3090 5442 3274 5488 essent

1990 5518 2046 5573 2.
2075 5520 2199 5575 Mihi
2226 5520 2438 5576 videtur
2481 5523 2623 5577 illam
2654 5526 3051 5592 separationem
3086 5526 3380 5595 prudenter
3410 5543 3533 5585 esse

1917 5608 2114 5666 factam
2140 5654 2154 5677 ,
2198 5614 2425 5683 illosque
2459 5624 2646 5669 mutuo
2676 5615 2880 5671 dixisse
2911 5634 2923 5670 :
2954 5617 3401 5689 Quandoquidem
3430 5637 3534 5690 ego

1918 5704 2064 5769 nolo,
2101 5715 2155 5758 tu
2184 5717 2362 5761 autem
2394 5708 2502 5773 vis;
2535 5717 2591 5762 ut
2626 5724 2693 5763 ne
2722 5724 3041 5779 pugnemus,
3086 5710 3201 5765 loca
3238 5710 3530 5767 distribua-

1916 5811 2056 5850 mus.
2090 5796 2271 5868 llaque
2302 5800 2527 5854 multum
2556 5800 2657 5857 sibi
2689 5811 2876 5857 mutuo
2917 5802 3175 5859 cedentes
3214 5803 3317 5859 hoc
3361 5804 3530 5861 iacie-

1915 5886 2064 5943 bant.
2092 5888 2313 5947 Volebat
2339 5891 2609 5948 Barnabas
2636 5902 2781 5949 stare
2795 5895 2939 5967 quod
2970 5896 3168 5953 Paulus
3189 5897 3537 5966 decreverat;
