4084 6332
624 445 731 502 247

538 584 541 587 δ
623 561 745 617 ideo
762 554 979 614 recessit
1005 572 1018 610 :
1044 552 1256 607 Volebat
1280 549 1525 606 similiter
1549 548 1740 602 Paulus
1755 548 1895 617 quod
1927 546 2001 602 illi
2018 547 2199 618 place-

624 654 742 715 bat;
787 649 1011 716 ideoque
1040 655 1093 700 et
1124 646 1236 713 ipse
1265 642 1486 698 recedit.
1521 639 1735 697 Utinam
1762 655 1859 695 nos
1884 655 2098 710 quoque
2124 648 2205 694 ta-

621 743 699 797 les
738 740 1105 808 separationes
1148 734 1570 796 admitteremus,
1613 741 1672 785 ut
1704 730 1769 786 ad
1812 730 2207 800 prmdicandum

619 832 912 886 abiremus.
946 827 1143 881 Paulus
1172 835 1366 886 autem,
1403 822 1596 891 inquit,
1629 823 1787 876 electo
1814 820 1927 875 Sila
1952 825 2208 891 profectus

615 932 711 989 est,
744 924 959 977 traditus
986 919 1165 991 gratia
1190 917 1280 971 Dei
1300 933 1331 969 a
1353 914 1617 987 fratribus.
1646 911 1988 967 Admirabilis
2009 920 2088 965 est
2120 910 2209 965 hic

623 1017 704 1070 vir
746 1023 802 1070 et
831 1013 985 1068 valde
1029 1023 1269 1080 magnus.
1303 1007 1600 1062 Plurimum
1633 1020 1762 1060 vero
1789 1003 1969 1058 Marco
2010 1002 2210 1073 profuit

619 1108 732 1161 Inec
767 1119 961 1175 pugna.
1007 1102 1153 1171 Pauli
1183 1113 1413 1169 namque
1438 1098 1694 1153 severitas
1722 1096 1986 1151 convertit
2016 1096 2162 1150 illum
2189 1134 2203 1159 ,

618 1197 922 1267 benignitas
948 1202 1123 1247 autem
1153 1190 1413 1245 Barnabas
1444 1188 1569 1244 fecit
1605 1196 1662 1242 ut
1692 1201 1760 1242 ne
1793 1185 2203 1256 relinqueretur.

617 1289 806 1358 Itaque
833 1294 1069 1356 pugnant
1096 1282 1333 1352 quidem,
1362 1279 1432 1336 ad
1459 1295 1622 1335 unum
1652 1293 1779 1333 vero
1810 1279 1968 1333 linem
1998 1278 2205 1332 lucrum

619 1379 896 1450 pertingit.
928 1377 1147 1431 Paulum
1177 1375 1322 1430 enim
1356 1372 1545 1426 videns
1572 1371 1709 1425 velle
1722 1367 2033 1447 discedere,
2066 1368 2201 1422 mul-

622 1479 733 1525 tim
761 1466 1078 1531 exterritus,
1123 1464 1360 1534 seipsum
1398 1461 1713 1516 damnavit:
1744 1460 2044 1527 iterumque
2078 1457 2205 1511 Bar-

618 1561 813 1616 aabam
840 1558 1027 1613 videns
1051 1559 1123 1612 ita
1150 1554 1251 1610 sibi
1281 1552 1699 1625 patrocinantem
1723 1594 1737 1617 ,
1766 1538 1923 1605 valde
1953 1549 2099 1603 illum
2127 1548 2206 1600 di-

618 1654 768 1721 lexit,
791 1661 845 1708 ct
864 1668 927 1708 ex
953 1651 1229 1706 doctorum
1249 1662 1423 1719 pugna
1444 1645 1759 1702 emendatus
1780 1654 1862 1699 est
1883 1642 2202 1712 discipulus:

619 1753 824 1800 tantum
865 1743 1034 1799 abfuit
1063 1758 1130 1798 ne
1162 1742 1213 1798 id
1253 1740 1576 1795 offendiculo
1618 1738 1717 1808 ipsi
1756 1744 1918 1792 esset.
1961 1734 2016 1791 Si
2060 1734 2204 1790 enim

622 1856 721 1909 pro
750 1855 848 1896 suo
893 1840 943 1893 id
988 1840 1240 1894 fecissent
1284 1836 1507 1902 honore,
1538 1836 1659 1905 iure
1696 1834 1936 1890 offensus
1978 1831 2204 1896 fuisset;

619 1932 703 1986 sin
741 1944 839 2001 pro
878 1930 1043 1999 ipsius
1080 1930 1273 1994 salute,
1303 1937 1357 1983 et
1382 1928 1426 1981 si
1462 1935 1681 1995 propter
1710 1925 1759 1978 id
1792 1940 1954 1977 unum
1980 1932 2204 1978 conten-

619 2023 775 2088 dunt,
820 2033 877 2077 ut
915 2021 1199 2076 ostendant
1241 2035 1363 2075 eum
1403 2018 1490 2087 qui
1535 2019 1708 2087 ipsum
1746 2015 2027 2069 honoravit
2070 2014 2207 2068 bene

618 2113 970 2176 consuluisse,
1005 2112 1128 2181 quid
1156 2110 1479 2165 absurdum?

695 2205 749 2259 3.
801 2204 930 2258 Vide
976 2202 1123 2257 Pauli
1178 2200 1510 2271 prudentiam
1558 2216 1571 2252 :
1616 2213 1721 2253 non
1770 2198 1915 2269 prius
1960 2198 2026 2250 ad
2072 2195 2205 2250 alias

620 2297 813 2351 transit
841 2296 1030 2353 urbes.
1071 2310 1228 2364 quam
1258 2309 1386 2357 eas,
1428 2309 1547 2363 qua:
1585 2292 1804 2346 verbum
1852 2297 2204 2359 acceperant,

622 2390 911 2442 visitasset.
942 2388 1032 2442 tt.
1064 2384 1455 2439 Perumbulabat
1482 2394 1651 2438 autem
1679 2383 1883 2453 Syriam
1909 2391 1955 2435 et
1978 2381 2207 2435 Ciliciam

627 2480 935 2547 conﬁrmans
962 2477 1236 2532 Ecclesias.
1256 2476 1407 2545 (Cap.
1430 2476 1596 2547 16.)Ι.
1631 2474 1865 2529 Pervenit
1886 2488 2051 2529 autem
2074 2472 2204 2527 Der-

620 2570 713 2624 ben
749 2578 797 2623 et
825 2566 1077 2638 Lystram.
1112 2568 1318 2623 Etenim
1347 2566 1567 2621 stultum
1603 2575 1683 2620 est
1723 2575 1924 2621 temere
1964 2580 2202 2620 currere.

621 2661 735 2716 lloc
767 2668 823 2715 et
849 2673 945 2713 nos
986 2658 1241 2714 faciamus
1273 2676 1288 2711 :
1334 2659 1536 2726 primos
1564 2658 1794 2729 prirnum
1839 2658 2163 2711 insuliamus
2186 2697 2203 2722 ,

622 2769 691 2808 ne
733 2752 809 2806 illi
854 2750 1236 2819 impedimento
1277 2750 1384 2803 sint
1429 2732 1832 2817 pesteriorih‘us.
1885 2745 2156 2801 Visitemus
2188 2787 2204 2814 ,

625 2843 813 2911 inquit,
840 2848 1023 2913 fratres
1048 2840 1299 2912 quomodo
1338 2857 1392 2895 se
1431 2840 1665 2894 habeant.
1705 2839 1816 2894 Hoc
1849 2841 2053 2896 scilicet
2086 2839 2209 2907 jure

622 2933 932 3002 ignorabat;
976 2940 1033 2985 nt
1076 2932 1296 2986 veniens
1345 2932 1534 2986 fratres
1575 2932 1849 2986 inviseret.
1900 2931 2029 2985 Vide
2060 2932 2205 2985 illum

622 3038 837 3092 semper
867 3021 1077 3092 vigilem
1106 3031 1161 3076 et
1200 3022 1489 3077 sollicitum
1510 3060 1525 3086 ,
1570 3037 1669 3076 nec
1708 3021 1947 3078 desidem
1978 3020 2168 3076 sedere
2187 3061 2201 3084 ,

622 3114 721 3169 etsi
766 3114 1042 3167 innumera
1078 3113 1280 3168 subiret
1311 3111 1568 3182 pericula.
1597 3111 1759 3167 Vides
1798 3126 1902 3165 non
1935 3126 1998 3165 ex
2029 3110 2211 3163 formi-

623 3207 746 3261 dine
775 3205 1110 3261 Antiochiam
1138 3206 1365 3261 venisse.
1397 3203 1607 3261 Etenim
1638 3214 1693 3258 ut
1723 3205 1957 3258 medicus
1983 3211 2211 3273 mgrotns

626 3297 807 3353 adibat
836 3317 849 3351 :
882 3307 936 3352 et
966 3296 1212 3351 visitandi
1246 3297 1618 3352 necessitatem
1647 3296 1956 3358 declaravit,
1985 3294 2168 3349 dicens
2193 3311 2206 3347 :

624 3388 690 3443 In
717 3389 894 3459 quibus
931 3389 1316 3458 prwdicavimus
1359 3387 1560 3442 verbum
1617 3386 1857 3441 Recessit
1901 3384 2205 3447 Barnabas.

626 3491 680 3537 et
703 3496 807 3536 non
835 3482 970 3535 ultra
1001 3482 1179 3537 Socius
1206 3481 1323 3535 fuit.
1359 3480 1550 3543 Electa,
1587 3481 1772 3550 inquit.
1806 3480 1937 3545 Sila,
1971 3490 2016 3534 et
2048 3479 2209 3533 tradi-

627 3582 706 3626 tus
735 3574 911 3643 gratiae
942 3572 1054 3625 Dei.
1084 3573 1219 3641 Quid
1252 3572 1351 3627 hoc
1377 3574 1499 3627 est?
1528 3572 1736 3627 Precati
1767 3582 1908 3636 sunt,
1945 3572 2054 3627 Deo
2083 3588 2210 3642 sup-

625 3664 908 3733 plicarunt.
964 3664 1095 3718 Vide
1151 3664 1346 3734 ubique
1400 3664 1695 3717 orationem
1747 3662 1967 3717 fratrum
2019 3680 2209 3734 magna

623 3768 801 3824 posse.
847 3757 925 3809 Ac
960 3753 1211 3824 deinceps
1251 3754 1413 3825 pedes
1458 3756 1780 3819 ambulabat,
1827 3763 1883 3808 ut
1928 3756 1978 3808 in
2022 3756 2209 3810 itinere

624 3847 924 3902 videntibus
964 3862 1024 3903 se
1056 3847 1363 3917 prodesset;
1396 3858 1449 3903 et
1487 3848 1607 3916 jure
1647 3848 1877 3921 quidem.
1914 3846 2046 3901 Nam
2086 3862 2206 3901 cum

627 3938 962 4006 festinarent,
992 3941 1339 4010 navigabant;
1366 3956 1507 3995 nunc
1534 3956 1658 3995 vero
1687 3955 1791 3993 non
1822 3942 1968 3995 item.
2005 3939 2070 3993 Et
2097 3956 2211 3994 ecce

626 4030 905 4100 discipulus
949 4031 1153 4101 quidam
1187 4041 1293 4085 erat
1330 4031 1438 4086 illic
1471 4032 1672 4085 nomine
1714 4029 2025 4094 Timotheus,
2072 4032 2211 4100 ﬁlius

627 4123 851 4177 mulieris
874 4123 1074 4176 Judtete
1102 4122 1288 4191 ﬁdelis,
1322 4132 1466 4191 patre
1491 4122 1687 4192 gentili.
1722 4121 1775 4175 2.
1816 4121 1947 4174 Huic
1978 4124 2206 4176 testimo-

630 4216 769 4267 nium
814 4215 999 4268 bonum
1042 4214 1314 4268 reddebant
1353 4218 1556 4284 fratres,
1597 4216 1685 4283 qui
1722 4212 1892 4267 'lconii
1927 4227 1973 4268 et
2016 4214 2210 4285 Lystris

631 4315 795 4359 erant.
839 4306 891 4362 5.
940 4305 1089 4359 Hunc
1116 4307 1271 4360 voluit
1298 4304 1500 4360 Paulus
1527 4323 1695 4360 secum
1720 4308 1977 4375 proﬁcisci
2002 4323 2021 4361 :
2048 4316 2095 4361 et
2123 4324 2208 4362 as-

631 4414 827 4452 sumens
841 4398 1151 4451 circumcidit
1162 4414 1276 4451 eum
1293 4398 1754 4469 prept'er'Judteos,
1770 4401 1854 4469 qui
1870 4410 2011 4454 erant
2028 4400 2080 4453 in
2109 4402 2213 4455 illis

631 4489 775 4544 locis.
808 4487 1045 4543 Sciebant
1072 4490 1203 4542 enim
1219 4506 1388 4543 omnes
1413 4492 1548 4558 quod
1566 4502 1710 4561 puter
1730 4494 1837 4560 ejus
1858 4503 1965 4545 erat
1985 4492 2205 4562 gentilis.

703 4579 858 4633 Pauli
899 4580 1185 4648 prudentia.
1237 4579 1422 4633 Omnia
1466 4592 1673 4649 prosunt
1715 4583 1923 4636 sanctis.
1966 4612 2039 4623 -—-
2078 4582 2213 4639 Veto

630 4680 847 4739 stupore
872 4671 1029 4738 digna
1059 4680 1140 4725 est
1166 4669 1315 4724 Pauli
1346 4671 1643 4739 prudentia.
1674 4672 1773 4739 Qui
1810 4680 2086 4743 tantopere
2114 4691 2211 4743 pu-

631 4773 885 4830 guaverat
924 4773 1140 4833 prepter
1180 4763 1641 4818 circumcisionem
1662 4805 1675 4828 ,
1706 4765 1793 4830 qui
1824 4765 2001 4818 omnia
2028 4781 2213 4820 move-

634 4864 735 4916 rat,
765 4865 817 4909 et
843 4871 946 4909 non
980 4856 1123 4923 prius
1147 4855 1369 4918 destitit,
1397 4855 1570 4910 donec
1590 4871 1703 4910 rem
1736 4855 2016 4924 perliceret
2035 4899 2051 4923 ,
2079 4873 2213 4912 con-

637 4947 844 4998 tirmato
870 4944 1114 5015 dogmate
1134 4988 1149 5012 ,
1177 4946 1508 5003 circumcidit
1536 4947 1873 5017 discipulum.
1912 4948 2025 5004 Non
2056 4949 2215 5003 modo

637 5037 771 5090 alios
809 5052 912 5089 non
949 5038 1183 5102 mhibct,
1220 5040 1313 5093 sed
1342 5040 1443 5093 hoc
1468 5052 1521 5093 et
1550 5040 1663 5110 ipse
1704 5042 1846 5095 facit.
1879 5040 2021 5096 Nihil
2050 5042 2215 5097 Paulo

637 5126 953 5197 prudentius
982 5145 994 5181 :
1026 5134 1200 5182 omnia
1226 5169 1241 5193 ,
1274 5139 1331 5183 ut
1364 5129 1722 5185 conducerent
1760 5143 2005 5199 spectans
2028 5174 2043 5198 ,
2087 5134 2215 5188 nihil

637 5229 840 5273 temere
878 5229 932 5296 e_t
968 5235 1033 5273 ex
1065 5220 1403 5295 prtejudicata
1429 5222 1680 5291 opinione
1715 5224 1925 5291 agebat.
1960 5222 2109 5276 Hunc
2133 5240 2219 5277 eo-

636 5312 729 5364 luit
752 5354 766 5374 ,
806 5298 1010 5381 inquit,
1043 5328 1211 5365 secum
1250 5315 1520 5383 proﬁcisci.
1555 5314 1666 5368 Hoc
1699 5314 1940 5368 mirabile
1965 5322 2046 5367 est
2076 5314 2217 5384 quod

637 5405 985 5472 assumpscrit
1013 5420 1155 5460 cum.
1203 5404 1412 5475 Propter
1435 5405 1645 5461 Iudaeos
1667 5449 1680 5469 ,
1716 5407 1883 5477 inquit
1907 5448 1922 5470 ,
1963 5409 2049 5475 qui
2076 5420 2219 5462 erant

636 5497 686 5549 in
714 5495 817 5549 illis
846 5496 988 5550 locis.
1018 5496 1167 5570 [llzcc
1188 5512 1345 5552 causa
1364 5499 1777 5553 circutucidendi
1818 5496 1933 5571 fuit]
1963 5501 2039 5569 (α)
2067 5516 2079 5551 :
2111 5515 2218 5553 non

637 5592 779 5641 enim
828 5588 1072 5642 tulissent
1114 5588 1300 5643 audire
1342 5590 1561 5643 verbum
1607 5590 1673 5644 ab
1718 5591 2112 5645 incircumcisn.
2156 5590 2221 5645 Et

636 5682 771 5734 cur?
799 5677 931 5735 Vide
963 5682 1278 5750 praeclarum
1305 5695 1439 5750 opus
1468 5699 1479 5733 :
1508 5682 1875 5752 circumcidit,
1908 5692 1964 5739 ut
1988 5660 2219 5739 circum-

702 5861 779 5923 (a)
797 5861 991 5910 Uncinis
1013 5859 1173 5910 clausa
1189 5859 1370 5911 desunt
1394 5861 1441 5910 in
1464 5873 1579 5912 uno.

1352 433 1412 491 S.
1450 419 2235 490 JOANNIS'CHRYSOSTOMI
2276 426 2593 483 ARCHIEP.
2634 426 3168 485 CONSTANTINOP.

3812 433 3923 489 248

2319 545 2577 600 cisionem
2604 543 2818 599 tolleret
2848 562 2861 597 :
2888 543 3134 616 dogmata
3165 544 3305 601 enim
3338 545 3664 616 prmdicabat
3702 561 3924 618 aposta-

2314 636 2509 692 lorum.
2532 634 2727 691 Viden‘
2748 651 3001 707 pugnam,
3018 646 3075 693 et
3091 651 3187 707 per
3210 654 3442 709 pugnam
3466 640 3884 695 aedificationem
3902 643 3927 695 ?

2311 728 2426 784 Non
2466 728 2535 782 ab
2560 728 2682 784 aliis
2721 729 3210 800 impugnabantur;
3256 731 3351 786 sed
3382 731 3482 801 ipsi
3519 734 3797 787 contraria
3848 734 3927 787 fa-

2311 819 2550 887 cientes,
2581 820 2654 873 ita
2684 819 2981 875 Ecciesiam
3007 820 3366 875 aedificabant.
3395 822 3593 893 Dogma
3620 824 3927 879 aﬂ'erehant

2312 927 2417 965 non
2464 911 2885 967 circumcidendi
2908 954 2923 976 ,
2956 920 3011 966 et
3038 912 3394 969 circumcidit.
3440 914 3507 969 Et
3546 916 3921 981 abundabant,

2312 1001 2520 1072 inquit,
2553 1018 2763 1055 numero
2794 1001 3039 1073 quotidie.
3070 1001 3323 1057 Vidistin'
3353 1005 3636 1061 utilitatem
3677 1008 3920 1061 circum-

2315 1092 2573 1148 cisionis?
2606 1092 2809 1148 Deinde
2840 1110 2946 1148 non
2991 1102 3233 1149 moratur
3275 1094 3383 1160 ibi,
3413 1096 3613 1165 quippe
3643 1098 3736 1167 qui
3786 1098 3926 1153 visi-

2311 1186 2456 1238 tandi
2508 1185 2677 1255 gratia
2723 1186 3005 1250 venisset;
3062 1186 3156 1242 sed
3214 1186 3382 1257 quid?
3438 1186 3590 1243 Ultra
3653 1188 3919 1256 procedit.

2309 1276 2366 1329 4.
2397 1274 2523 1329 Cum
2547 1284 2714 1329 autent
2741 1277 3112 1345 pertransirent
3135 1276 3360 1332 civitates
3379 1319 3394 1342 ,
3423 1278 3690 1333 tradebant
3722 1281 3794 1333 eis
3821 1296 3921 1333 cu-

2308 1366 2497 1418 stodire
2509 1366 2769 1435 dogmata,
2795 1381 2908 1433 qua
2929 1376 3075 1421 erant
3101 1368 3303 1421 decreta
3326 1367 3388 1419 ab
3410 1370 3656 1436 apostolis
3674 1379 3725 1422 et
3752 1372 3925 1424 senio-

2308 1453 2473 1517 ribus,
2515 1455 2602 1524 qui
2642 1466 2785 1507 erant
2812 1454 2866 1508 in
2889 1452 3201 1512 Jerusalem.
3230 1457 3283 1511 5.
3310 1456 3494 1527 Itaque
3520 1456 3767 1514 Ecclesia:
3793 1476 3921 1515 con-

2309 1546 2643 1613 ﬁrmabantur
2696 1545 2835 1613 ﬁde,
2901 1554 2948 1600 et
2998 1548 3322 1601 abundabunt
3392 1566 3603 1604 numero
3669 1554 3921 1622 quotidie.

2310 1636 2364 1689 6.
2398 1634 2738 1691 Transeuntes
2781 1647 2949 1691 autent
2980 1636 3264 1710 Phrygiam
3292 1649 3339 1693 et
3383 1640 3601 1696 Galatia
3637 1643 3920 1714 regionem,

2310 1728 2553 1797 prohibiti
2578 1745 2609 1780 a
2645 1727 2846 1798 Spiritu
2878 1741 3052 1784 sancto
3081 1731 3219 1801 loqui
3246 1731 3450 1786 uerbum
3479 1733 3531 1785 in
3563 1733 3721 1799 Asia,
3750 1734 3807 1789 6.
3835 1753 3923 1790 reo

2310 1819 2431 1871 licta
2462 1817 2696 1888 Phrygia
2722 1827 2769 1873 et
2800 1818 3039 1886 Calatia,
3071 1821 3124 1874 in
3154 1823 3371 1875 mediam
3410 1824 3665 1894 regionem
3699 1826 3920 1896 [estina-

2308 1907 2449 1962 bant.
2484 1909 2537 1962 7.
2563 1909 2687 1963 Cum
2720 1912 2969 1965 venissent
2997 1921 3167 1966 autem
3196 1913 3250 1965 in
3278 1912 3522 1984 Mysiam,
3554 1919 3817 1969 tentabant
3840 1919 3918 1972 ire

2312 2004 2367 2056 in
2393 2002 2713 2076 Bithyniam,
2742 2015 2788 2057 et
2813 2022 2913 2059 non
2947 2006 3173 2075 permisit
3203 2023 3287 2061 eos
3315 2006 3557 2077 Spiritus.
3583 2008 3762 2075 Quare
3793 2026 3922 2079 pro-

2310 2094 2461 2150 hibiti
2489 2095 2703 2149 fuerunt
2729 2111 2834 2149 non
2865 2095 3017 2161 dicit,
3037 2096 3132 2150 sed
3162 2105 3366 2150 tantum
3395 2097 3695 2167 prohibitos
3727 2098 3919 2167 fuisse,

2313 2200 2412 2241 nos
2438 2186 2637 2241 docens
2669 2196 2726 2240 ut
2765 2186 2942 2241 solum
2969 2188 3424 2256 obtemperemus,
3460 2204 3560 2244 nec
3593 2205 3785 2244 causas
3834 2192 3921 2246 in-

2313 2281 2625 2350 quiramus;
2657 2279 3056 2349 ostendensque
3092 2279 3217 2333 illos
3261 2279 3429 2333 multa
3481 2281 3717 2336 humano
3761 2298 3925 2338 more

2313 2370 2524 2425 fecisse.
2558 2372 2611 2426 8.
2649 2368 2777 2425 Cum
2804 2380 2979 2424 autem
3004 2372 3395 2440 pet-transissent
3422 2370 3665 2442 Mysiam,
3708 2374 3927 2427 descen-

2312 2463 2495 2517 derunt
2524 2461 2796 2516 Troadem.
2829 2462 2883 2517 9.
2921 2462 2985 2515 Et
3011 2462 3137 2515 visio
3168 2478 3259 2533 per
3286 2472 3480 2517 noctem
3513 2462 3682 2516 Paulo
3712 2474 3925 2517 ostensa

2310 2564 2385 2609 est
2413 2570 2432 2608 :
2469 2553 2557 2607 Vir
2584 2553 2793 2625 quidam
2823 2564 2931 2607 erat
2964 2553 3177 2607 Macedo
3205 2562 3348 2609 stans
3366 2596 3381 2619 ,
3411 2555 3689 2625 deprecans
3719 2573 3842 2610 eum
3876 2568 3924 2611 et

2311 2647 2504 2713 dicens,
2548 2645 2826 2701 Transieus
2874 2649 2929 2699 in
2983 2645 3361 2713 Macedoniam,
3409 2648 3597 2718 adjura
3650 2665 3759 2703 nos.
3806 2649 3926 2705 Cur

2311 2740 2468 2806 visio,
2495 2750 2547 2794 et
2575 2754 2673 2794 cur
2699 2737 2929 2808 Spiritus
2957 2748 3172 2793 sanctus
3199 2740 3311 2808 ipse
3333 2755 3438 2793 non
3461 2740 3621 2809 jussit
3645 2741 3667 2794 ?
3695 2741 3928 2799 Volebat

2312 2845 2409 2886 eos
2442 2830 2543 2886 hoc
2568 2846 2780 2901 quoque
2809 2828 2970 2885 modo
2994 2830 3287 2887 attrahere.
3320 2832 3529 2885 Etenim
3558 2832 3760 2887 sanctis
3786 2848 3929 2903 quo-

2313 2939 2422 2992 que
2466 2924 2701 2977 visiones
2750 2938 2846 2992 per
2888 2923 3157 2979 somnium
3204 2931 3571 2992 apparuerunt
3611 2942 3625 2977 :
3667 2934 3721 2980 et
3767 2924 3929 2981 initio

2302 3029 2527 3096 quoque
2556 3015 2675 3084 ipse
2712 3014 2976 3069 visionem
3007 3012 3193 3068 habuit
3220 3014 3455 3068 hominis
3490 3013 3843 3083 ingredientis
3872 3026 3928 3071 et

2312 3107 2637 3177 imponentis
2664 3107 2763 3161 sibi
2792 3122 3011 3162 manus.
3048 3106 3249 3161 Deinde
3270 3106 3391 3162 ideo
3418 3107 3592 3176 ipsum
3622 3107 3718 3161 illo
3738 3109 3923 3175 trahit,

2316 3211 2375 3254 ut
2421 3199 2733 3270 praedicatio
2771 3199 3175 3255 ostenderetur.
3220 3199 3469 3271 Alioquin
3523 3214 3653 3255 vero
3700 3214 3924 3271 prtpser

2318 3292 2419 3347 hoc
2460 3291 2775 3363 prohibetur
2819 3292 3018 3347 morari
3066 3292 3118 3345 in
3161 3290 3283 3345 aliis
3324 3291 3652 3357 civitatibus,
3708 3293 3927 3348 Christo

2317 3383 2489 3452 ipsum
2516 3394 2754 3453 urgente.
2782 3382 2845 3437 Hi
2870 3398 3100 3455 namque
3119 3382 3326 3438 Joanne
3349 3382 3559 3437 fruituri
3577 3394 3736 3440 erant
3757 3386 3927 3440 multo

2316 3484 2574 3543 tempore,
2603 3483 2658 3527 et
2677 3471 2908 3529 fortasse
2939 3488 3044 3529 non
3077 3474 3302 3530 multum
3330 3474 3601 3530 habebant
3626 3491 3801 3545 opus;
3832 3478 3926 3532 illo

2312 3577 2490 3621 autem
2537 3568 2768 3637 migrare
2814 3567 3117 3634 Oportebat.
3172 3568 3238 3623 Et
3284 3569 3655 3636 pertransiens
3700 3570 3925 3625 demmn

2318 3658 2695 3727 proﬁciscitur.
2728 3657 2796 3713 10
2850 3657 2919 3712 Ut
2958 3667 3126 3713 autem
3154 3662 3316 3713 visum
3347 3659 3505 3726 vidit,
3533 3662 3707 3713 statim
3736 3662 3925 3731 quesi-

2312 3750 2473 3803 vimus
2496 3750 2748 3819 proﬁcisci
2768 3750 2819 3803 in
2843 3747 3221 3815 Macedoniam,
3246 3751 3369 3804 certi
3391 3752 3513 3820 [acti
3534 3753 3671 3822 quod
3699 3762 3925 3807 uocasset

2314 3858 2406 3894 nos
2460 3840 2599 3895 Deus
2648 3842 2999 3913 evangelisare
3043 3844 3135 3897 eis.
3180 3844 3270 3898 11.
3316 3842 3633 3914 Navigantes
3682 3855 3855 3899 autem
3893 3862 3925 3898 a

2314 3930 2519 3987 Troade
2559 3943 2695 3987 recto
2739 3948 2890 3987 cursu
2929 3933 3157 3987 venimus
3193 3933 3246 3987 in
3277 3934 3711 4002 Samothraciam,
3755 3944 3806 3989 et
3844 3952 3924 3989 se-

2313 4026 2489 4093 quenti
2533 4022 2617 4077 die
2659 4022 2956 4090 Neapolim,
3006 4022 3090 4078 12.
3134 4033 3180 4077 et
3225 4025 3343 4079 inde
3375 4023 3664 4094 Philippos,
3696 4042 3817 4096 qua
3854 4035 3925 4080 est

2315 4118 2480 4185 prima
2507 4115 2667 4186 partis
2701 4114 3019 4169 Macedonia!
3036 4116 3229 4181 ciuitas,
3259 4117 3479 4169 colonia.
3505 4114 3733 4171 Eramus
3755 4130 3925 4171 autem

2312 4208 2367 4259 in
2398 4206 2492 4260 hac
2520 4207 2641 4259 urbe
2673 4206 2847 4261 diebus
2891 4206 3084 4277 aliquot
3132 4212 3462 4278 conferentes.
3505 4208 3595 4263 Sic
3637 4209 3709 4263 illi
3754 4211 3916 4265 etiam

2314 4298 2559 4353 Christus
2588 4308 2809 4367 apparet
2834 4297 3053 4365 dicens,
3094 4298 3283 4353 Casari
3328 4310 3376 4352 te
3412 4310 3610 4367 oportet
3636 4301 3750 4355 sisti
3779 4302 3915 4374 (Act.

2315 4386 2407 4442 27.
2458 4387 2575 4458 ﬁt).
2633 4387 2835 4442 Deinde
2901 4388 3016 4442 loca
3069 4398 3351 4453 recenset,
3405 4389 3687 4445 historiam
3729 4393 3925 4463 quippe

2319 4490 2531 4547 texens,
2558 4490 2611 4535 et
2643 4480 2933 4536 ostendens
2958 4481 3174 4537 ubinam
3207 4494 3447 4537 moratus
3476 4484 3580 4550 sit;
3616 4485 3924 4556 indicatque

2322 4570 2470 4625 illum
2501 4573 2551 4626 in
2581 4571 2874 4641 majoribus
2896 4582 3186 4639 moratum,
3215 4574 3348 4627 alias
3369 4576 3719 4645 praeteriisse.
3752 4577 3928 4648 Digni-

2321 4675 2403 4720 tas
2431 4676 2513 4722 est
2549 4663 2783 4722 civitatis
2826 4667 3093 4722 coloniam
3139 4682 3279 4723 esse.
3314 4668 3419 4723 Sed
3450 4670 3734 4740 superiora
3768 4684 3926 4740 repe-

2323 4768 2519 4815 tamus.
2551 4760 2937 4816 NeceSsitatetn
2967 4760 3227 4815 Barnabm
3255 4762 3502 4830 impunit,
3530 4762 3762 4819 dicens:
3798 4763 3927 4818 Visi-

2320 4861 2483 4906 temus
2509 4852 2756 4917 ciritates,
2784 4853 2836 4905 in
2866 4850 3047 4921 quibus
3072 4854 3488 4908 annuntiavimus
3518 4856 3745 4910 verbum.
3776 4856 3927 4912 Licet

2324 4958 2429 4996 non
2461 4952 2735 5013 oporteret
2761 4956 2950 5012 rogare
2986 4957 3109 4996 cum
3132 4983 3147 5004 ο
3179 4958 3338 5012 quem
3367 4953 3548 5013 postea
3573 4958 3929 5001 accusaturus

2320 5041 2456 5086 erat.

2392 5124 2447 5177 4.
2485 5122 2669 5175 Adhuc
2699 5133 2762 5176 de
2790 5122 3113 5191 separatione
3141 5124 3298 5177 rauli
3324 5133 3371 5178 et
3397 5122 3672 5179 Barnaba.
3702 5155 3781 5166 —
3817 5125 3931 5181 Hoc

2323 5216 2483 5270 etiam
2526 5214 2669 5269 circa
2719 5214 2886 5269 lleum
2934 5224 2989 5269 et
3034 5214 3270 5286 Moysem
3313 5216 3560 5287 legimus.
3614 5218 3706 5272 Ille
3739 5229 3927 5288 rogat,

2327 5307 2766 5370 Deus'irascitur;
2800 5316 2855 5360 ut
2879 5306 3091 5376 quando
3116 5305 3248 5361 dicit
3277 5324 3292 5362 :
3323 5305 3386 5362 Si
3404 5317 3551 5377 pater
3566 5309 3681 5378 ejus
3700 5312 3932 5379 εει-ψιάδ-

2323 5407 2394 5451 set
2420 5398 2470 5451 in
2504 5399 2686 5469 faciem
2712 5400 2822 5467 ejus
2851 5397 3037 5471 (Num.
3076 5396 3161 5453 12.
3194 5398 3318 5468 id);
3345 5409 3400 5454 et
3426 5414 3638 5454 rursum
3663 5441 3679 5467 ,
3716 5400 3931 5455 Dimitte

2324 5504 2423 5556 me,
2454 5500 2502 5543 et
2528 5490 2690 5544 iratus
2719 5490 2891 5543 delebo
2922 5490 3165 5561 populum
3195 5490 3327 5543 hunc
3355 5490 3550 5562 (Exod.
3583 5491 3675 5546 δί.
3714 5492 3849 5562 52);
3884 5502 3933 5547 et

2325 5580 2543 5637 Samuel
2569 5580 2783 5651 quando
2811 5582 3025 5653 lugebat
3049 5582 3263 5637 Saitlem
3292 5584 3369 5652 (1.
3409 5585 3532 5655 Reg.
3563 5586 3653 5641 i5.
3673 5586 3770 5658 35)
3799 5603 3814 5643 :
3842 5601 3935 5656 per

2327 5685 2611 5744 utrumque
2638 5675 2779 5730 enim
2803 5692 2993 5747 magna
3019 5677 3273 5731 eveniunt
3295 5678 3457 5731 bona.
3486 5677 3576 5733 Sic
3599 5692 3655 5734 et
3680 5696 3824 5735 nunc
3845 5681 3934 5733 ille

2328 5767 2609 5833 irascitur,
2643 5766 2735 5821 sed
2767 5782 2871 5822 non
2903 5769 3023 5824 iste.
3052 5767 3164 5823 Hoc
3184 5769 3324 5839 apud
3356 5784 3455 5824 nos
3482 5770 3608 5825 item
3639 5773 3842 5827 evenit.
3871 5772 3934 5827 Et

2327 5858 2593 5916 dissensio
2626 5860 2903 5930 apposite,
2948 5870 3005 5916 ut
3045 5862 3135 5916 ille
3162 5862 3501 5931 erudiretur,
3533 5878 3635 5918 nec
3660 5865 3935 5920 videretur
