4088 6330
509 434 612 485 219

509 577 623 630 γων
654 579 668 594 ο
707 561 899 630 ἠιξ-ἴς
932 561 998 616 δὲ
1020 563 1106 631 μὴ
1144 561 1449 617 ἐκκακεῖτε
1493 561 1557 615 τὸ
1604 559 1797 614 καλὸν
1840 555 2172 618 ποιοῦντες.

511 661 620 714 Καὶ
659 659 887 728 ἐπιτιμᾷ
919 659 1018 730 μὲν
1051 658 1290 729 ἑτέροις,
1328 658 1537 712 κελεύει
1583 657 1640 710 δὲ
1691 655 1754 708 τὸ
1801 654 1965 708 καλὸν
2004 652 2176 704 ποιεῖν

509 761 644 825 πρὸς
680 755 908 818 πάντας.
946 755 1118 809 Τοῦτο
1149 757 1243 810 καὶ
1272 758 1330 808 ἐν
1359 758 1423 826 τῇ
1459 752 1718 824 συνηθείᾳ
1749 751 2029 821 ποιοῦμεν.
2061 749 2179 800 Ἐνο

506 850 680 903 ταῦθά
705 869 795 922 μοι
812 851 1030 906 δοκοῦσι
1058 853 1152 906 καὶ
1174 853 1320 907 ἄλλοι
1349 850 1830 921 συναγανακτῆσαι
1857 846 1934 916 τῷ
1960 843 2178 913 Παύλῳ.

509 947 616 1000 Καὶ
649 946 835 1002 λοιπὸν
864 949 984 1002 κατ’
1016 949 1151 1003 ἰδίαν
1181 949 1468 1011 κάκείνους
1489 947 1669 1001 λαϐὼν
1692 929 1871 1000 πάντα
1892 945 2052 1008 ποιεῖ,
2085 941 2180 994 καὶ

507 1049 784 1115 παραινεῖ,
834 1048 928 1101 καὶ
955 1047 1213 1100 νουθετεῖ.
1253 1047 1433 1101 Πολλά
1460 1049 1493 1115 ἡ
1524 1045 1745 1116 ὁμόνοια
1775 1043 2018 1103 δύναται,
2049 1040 2180 1093 πολ-

505 1140 568 1194 λὰ
591 1144 625 1213 ἡ
648 1143 838 1214 ἀγάπη
858 1158 873 1171 °
897 1143 1000 1196 κᾶν
1032 1143 1171 1215 ὑπὲρ
1200 1143 1437 1214 μεγάλου
1471 1143 1642 1208 ἀξιοῖς
1667 1183 1681 1206 ,
1717 1140 1818 1195 κᾶν
1845 1137 2060 1203 ἀνάξιος
2085 1133 2175 1211 ᾗς,

501 1239 609 1290 ἀπὸ
645 1240 746 1309 τῆς
779 1240 1147 1312 προαιρέσεως
1180 1240 1520 1314 ἁκουσθήσῃ,
1556 1239 1630 1310 μὴ
1659 1237 1846 1307 φοϐοῦ.
1870 1233 2175 1303 Διήρχετο,

501 1336 657 1404 φησὶ,
682 1336 787 1401 τὰς
816 1338 1048 1403 πόλεις.
1083 1338 1194 1390 Καὶ
1230 1337 1356 1391 ἰδοὺ
1383 1335 1462 1408 ἦν
1491 1335 1768 1406 μαθητὴς
1803 1336 2046 1404 ὀνόματι
2087 1335 2174 1386 Τι-

493 1433 731 1498 μόθεος,
776 1431 844 1500 ὃς
885 1434 1265 1503 ἐμαρτυρεῖτο
1313 1435 1431 1488 ὑπὸ
1480 1433 1602 1487 τῶν
1627 1434 1698 1486 ἐν
1747 1433 2043 1500 Λύστροις
2076 1434 2174 1489 καί

510 1527 736 1594 Ἰκονίῳ
767 1529 1069 1600 ἀδελφῶν.
1118 1532 1343 1602 Μεγάλη
1377 1533 1409 1601 ἡ
1443 1531 1627 1594 πίστις
1657 1544 1683 1571 ι
1716 1530 1811 1584 τοῦ
1861 1531 2129 1600 Τιμοθέου
2154 1570 2172 1595 ,

495 1622 577 1674 ὅτι
606 1623 711 1675 ὑπὸ
742 1624 961 1678 πάντων
997 1628 1372 1696 μαρτυρεῖται.
1413 1625 1544 1678 Ὅτε
1593 1626 1804 1696 ἀπέστη
1848 1625 2170 1697 Βαρνάϐας,

494 1717 680 1790 ἕτερον
707 1720 1032 1791 ἀντίρροπον
1064 1722 1333 1789 εὑρίσκει.
1358 1724 1495 1794 Περὶ
1523 1722 1714 1776 τούτου
1749 1723 1907 1792 φησὶ,
1945 1727 2171 1793 Μεμνη·

490 1817 672 1880 μένος
698 1830 817 1870 σου
851 1815 972 1871 τῶν
1005 1817 1280 1886 δακρύων
1322 1822 1422 1874 καὶ
1460 1819 1572 1888 τῆς
1605 1820 2015 1888 ἀνυποκρίτου
2054 1838 2170 1875 σου

493 1912 771 1978 πίστεως,
830 1912 966 1983 ἣτις
1004 1914 1276 1982 ἐνῴκησε
1315 1915 1550 1984 πρῶτον
1594 1917 1664 1968 ἐν
1693 1915 1768 1985 τῇ
1793 1916 2001 1985 μάμμῃ
2052 1934 2168 1971 σου

491 2007 686 2070 Acutae,
727 2009 826 2062 καί
866 2009 943 2078 τῇ
969 2012 1152 2079 μητρί
1180 2028 1299 2066 σου
1326 2012 1578 2081 Εὐνίκῃ.
1615 2013 1726 2067 Καὶ
1761 2013 1980 2079 λαϐὼν,
2013 2015 2165 2085 φησὶ,

490 2105 831 2174 πεοιέτεμεν
859 2109 1064 2162 αὐτόν.
1109 2109 1265 2169 Τίνος
1294 2109 1347 2162 δὲ
1379 2111 1564 2163 ἕνεκεν
1585 2149 1601 2175 ,
1638 2109 1802 2173 αὐτὸς
1847 2111 2041 2178 ἐπάγει
2082 2110 2167 2163 λέ-

489 2215 600 2266 γαν
636 2220 648 2231 ·
683 2205 787 2256 Διὰ
815 2220 868 2255 τι
888 2203 954 2269 bc
985 2205 1313 2270 Ἰουδαιους
1344 2207 1486 2272 τοὺς
1511 2206 1692 2270 ὄντας
1705 2207 1773 2259 ἐν
1811 2206 1934 2272 τοῖς
1965 2211 2168 2270 τόποις

489 2295 764 2364 ἐκείνοις.
793 2300 891 2353 Διὰ
920 2301 1077 2355 τοῦτο
1097 2303 1276 2355 τοίνυν
1307 2303 1693 2374 περιτέμνεται
1725 2320 1736 2332 ·
1769 2305 1800 2373 ἢ
1841 2306 1934 2356 καὶ
1960 2303 2048 2356 διὰ
2077 2304 2167 2356 τὸν

490 2392 723 2458 πατέρα’
750 2395 951 2466 Ἕλλην
978 2399 1086 2468 γὰρ
1117 2398 1309 2469 ἔμενεν
1339 2397 1434 2452 ὢν.
1477 2401 1618 2469 Ἀρα
1645 2402 1744 2452 οὐκ
1770 2395 1836 2471 ἦν
1870 2399 2165 2470 ἐμπερίτο-

493 2505 529 2557 μ
581 2509 608 2540 τ.
640 2489 789 2562 [265]
819 2492 960 2564 Ὅρα
1000 2495 1100 2564 ἤδη
1141 2496 1232 2547 τὸν
1262 2496 1425 2566 νόμον
1456 2496 1736 2563 λυόμενον.
1796 2497 1919 2548 Τισὶ
1943 2497 1997 2564 δὲ
2019 2497 2166 2548 δοκεῖ

491 2585 627 2654 μετὰ
640 2587 696 2639 τὸ
710 2590 968 2659 κήρυγμα
980 2590 1140 2643 αὑτὸν
1156 2590 1431 2661 τεχθῆναι·
1449 2590 1565 2643 ἀλλ’
1582 2592 1683 2644 οὑκ
1697 2591 1812 2645 ἔστι
1827 2593 1968 2662 τάχα
1983 2590 2159 2644 τοῦτο.

501 2681 530 2735 ἰ
567 2683 644 2736 πὸ
683 2684 955 2754 ,βρέφους
987 2685 1116 2755 γὰρ,
1160 2688 1318 2759 φησὶ,
1349 2691 1422 2741 τὰ
1452 2691 1576 2756 ἱερὰ
1612 2689 1940 2758 Γράμματα
1964 2685 2154 2753 οἶδας.

500 2777 705 2832 Ἐκεῖνο
733 2781 910 2834 τοίνυν
944 2781 1090 2834 ἔστιν
1121 2783 1313 2842 είπειν,
1353 2783 1384 2854 ἢ
1418 2786 1466 2836 εί
1510 2783 1582 2855 μὴ
1616 2784 1793 2848 τοῦτο,
1824 2785 1904 2837 δτι
1941 2785 2165 2854 ἔμελλεν

486 2876 647 2928 αὑτὸν
676 2878 974 2931 ἐπίσκοπον
1010 2883 1184 2934 ποιεῖν
1211 2922 1224 2945 ,
1252 2881 1345 2933 καὶ
1374 2883 1474 2935 οὑκ
1497 2882 1603 2934 ἔδει
1632 2882 1968 2952 ἀκρόϐυστον
2001 2878 2160 2937 εἶναι.

488 2973 638 3036 Τέως
691 2975 748 3028 δὲ
787 2976 891 3028 ἔδει
941 2976 1009 3029 τά
1051 2979 1180 3047 ἔθνη
1221 2979 1388 3050 μηδὲν
1439 2979 1681 3032 τοιοῦτον
1725 2980 2039 3048 φυλάττειν.
2084 2981 2158 3034 Οὑ

489 3070 687 3140 μικρὸν
718 3075 813 3124 καὶ
842 3074 1000 3126 τοῦτο
1028 3070 1117 3144 ἦν,
1157 3076 1291 3129 ὅπου
1321 3093 1384 3144 γε
1411 3076 1550 3145 μετά
1575 3077 1829 3130 τοσοῦτον
1850 3077 2041 3147 χρόνον
2065 3079 2160 3131 καὶ

484 3165 644 3220 τοῦτο
671 3169 869 3235 αὑτοὺς
893 3173 1298 3236 ἐσκανδάλιξεν.
1319 3174 1486 3246 Ἀρχὴ
1518 3175 1870 3238 καταλύσεως
1900 3171 1967 3247 ἦν
1997 3176 2058 3228 τὸ
2089 3177 2159 3230 τά

484 3263 610 3337 ἔθνη
648 3268 721 3339 μὴ
762 3273 950 3340 τηρεῖν
988 3271 1199 3334 ταῦτα,
1247 3273 1340 3325 καὶ
1388 3273 1556 3343 μηδὲν
1605 3273 1969 3343 βλάπτεσθαι,
2025 3274 2159 3344 μηδέ

485 3360 703 3415 ἔλαττον
726 3363 868 3434 ἔχειν
887 3366 1024 3419 κατὰ
1042 3367 1140 3438 τὴν
1155 3368 1338 3420 πίστιν
1364 3386 1377 3397 ·
1404 3370 1621 3432 ἐκόντες
1640 3369 1822 3423 λοιπὸν
1842 3370 2154 3439 ἀφίσταντο.

497 3456 652 3511 Ἐπεὶ
675 3456 769 3513 οὖν
800 3461 991 3531 ἔμελλε
1031 3463 1323 3534 κηρύττειν
1349 3505 1363 3528 ,
1396 3466 1486 3519 ἵνα
1529 3467 1602 3538 μὴ
1633 3467 1793 3538 διπλῇ
1828 3468 2004 3538 πλήξῃ
2031 3469 2157 3531 τοὺς

497 3554 798 3623 Ἰουδαίους,
835 3558 1126 3630 περιέτεμε
1166 3560 1376 3627 τοῦτον,
1421 3563 1599 3617 καίτοι
1642 3563 1701 3628 ἐξ
1748 3566 2006 3635 ἡμισείας
2044 3562 2110 3638 ἦν
2142 3584 2154 3598 ·

484 3653 590 3706 ἀπὸ
617 3655 822 3726 πατρὸς
845 3656 1105 3728 Ἕλληνος
1127 3658 1234 3730 γὰρ
1259 3654 1327 3730 ἦν
1351 3699 1365 3723 ,
1396 3660 1492 3713 καὶ
1524 3662 1722 3732 πιστῆς
1755 3661 1961 3731 μητρός
1986 3678 1999 3690 ·
2042 3663 2156 3716 ἀλλ’

483 3751 633 3819 ὅμως
659 3753 846 3824 ἐπειδὴ
887 3754 1028 3824 μέγα
1069 3750 1138 3826 ἦν
1183 3757 1359 3810 ἐκεῖνο
1394 3756 1452 3809 τὸ
1492 3758 1825 3829 κατόρθωμα
1859 3759 1920 3811 τὸ
1953 3760 2010 3811 ἐν
2047 3762 2156 3823 τοῖς

485 3846 714 3912 ἔθνεσιν,
744 3850 843 3902 οὑκ
872 3850 1153 3922 ἐφρόντιζε
1175 3853 1364 3906 τούτου
1391 3872 1404 3884 ’
1430 3853 1519 3908 τὸν
1544 3836 1828 3924 γὰρ’λόγον
1861 3858 1965 3910 ἔδει
1990 3875 2156 3910 κατα-

489 3945 761 4016 σπαρῆναι
791 3965 804 3977 ·
825 3946 911 4000 διὰ
941 3948 1096 4001 τοῦτο
1129 3950 1224 4001 καὶ
1253 3951 1412 4013 αὐτὸς
1442 3951 1603 4004 αὑτὸν
1633 3951 1978 4021 περιέτεμεν.
2016 3953 2156 4024 Ὅρα

487 4041 581 4093 καὶ
634 4041 867 4095 ἐνταῦθα
909 4044 1017 4097 ἀπὸ
1052 4045 1419 4110 ἐναντιώσεως
1453 4047 1597 4116 μέγα
1626 4065 1676 4101 τι
1709 4049 2000 4120 γενόμενον
2030 4050 2157 4117 ἁγα-

486 4139 595 4192 θόν.
622 4140 729 4194 Καὶ
753 4141 1156 4209 ἐπερίσσευον
1182 4144 1208 4183 δ
1243 4143 1320 4208 τῷ
1347 4143 1590 4214 ἀριθμῷ,
1627 4146 1813 4215 φησίν.
1853 4144 2036 4217 Ὁρᾷς,
2071 4147 2153 4200 ὅτι

485 4239 547 4291 ού
595 4242 753 4308 μόνον
788 4242 942 4295 οὐδὲν
975 4243 1174 4313 ἔϐλαψε
1206 4244 1498 4314 περιτομὴ,
1536 4244 1672 4297 ἀλλά
1697 4245 1792 4298 καὶ
1821 4246 1889 4299 τὰ
1920 4247 2152 4317 μέγιστα

485 4336 798 4408 ώφέλησεν;
834 4340 930 4406 Ὠς
979 4341 1047 4394 δὲ
1099 4342 1163 4395 τὸ
1215 4343 1404 4412 ὅραμα
1452 4343 1632 4409 εἶδεν,
1679 4343 1918 4411 εὐθέως,
1960 4345 2148 4415 φησὶν,

483 4433 852 4503 ἐζητήσαμεν
882 4437 1152 4501 ἐξελθεῖν
1184 4444 1272 4505 είς
1298 4440 1411 4508 τὴν
1435 4441 1831 4510 Μακεδονίαν,
1863 4442 2153 4511 συμϐιϐά-

485 4528 683 4597 (avrae
708 4531 799 4585 ὅτι
827 4535 1271 4603 προσκέκληται
1297 4536 1453 4605 ἡμᾶς
1478 4540 1509 4592 ό
1530 4540 1764 4607 Κύριος.

560 4629 717 4700 Ὅρα,
756 4631 940 4684 οὑκέτι
970 4633 1036 4685 δι’
1065 4633 1296 4702 ἀγγέλου
1324 4635 1578 4707 καθάπερ
1607 4637 1872 4708 Φιλίππῳ,
1899 4639 2150 4714 καθάπερ

487 4716 766 4788 Κορνηλίῳ
792 4733 806 4748 ⁸
831 4719 966 4772 ἀλλά
990 4722 1043 4773 τί
1064 4739 1078 4784 ς
1107 4724 1185 4773 Δι’
1210 4721 1492 4794 ὁράματος
1519 4724 1768 4792 φαίνεται
1797 4728 1945 4797 αύτῷ
1968 4728 2150 4781 λοιπὸν

484 4805 985 4878 ἀνθρωπικώτερον,
1020 4810 1199 4863 οὐκέτι
1235 4809 1700 4882 θειότερον.Ἔνθα
1737 4814 1836 4882 μὲν
1859 4817 1964 4886 γάρ
1996 4818 2152 4870 εὐκο-

482 4893 718 4964 λώτερον
742 4895 802 4948 τὸ
833 4897 1142 4967 πεισθῆναι,
1174 4899 1658 4972 ἀνθρωπινώτερον
1691 4919 1703 4932 ·
1736 4903 1863 4956 ἔνθα
1888 4906 1944 4957 δὲ
1980 4907 2148 4978 πολλὴ

484 4982 511 5049 ἡ
549 4979 658 5049 βία,
685 4981 978 5050 θειότερον.
1022 4985 1195 5038 Ὅπου
1224 4987 1322 5055 μὲν
1352 4989 1460 5056 γὰρ
1495 4989 1730 5059 κηρῦξαι
1759 4993 2018 5061 ἠπείγετο
2056 4996 2150 5064 μό-

481 5085 589 5131 νον,
616 5071 695 5130 είς
716 5070 879 5122 τοῦτο·
899 5070 1031 5142 ὖναρ
1064 5073 1309 5142 φαίνεται
1337 5076 1484 5146 αὑτῷ
1517 5092 1530 5105 °
1565 5080 1696 5130 ὅπου
1727 5079 1782 5131 δέ
1817 5079 1890 5150 μὴ
1918 5083 2148 5152 κηρῦξαι

481 5157 578 5208 οὐκ
627 5158 895 5227 ἠνείχετο,
941 5161 1025 5223 ,εἰς
1072 5161 1226 5214 τοῦτο
1280 5163 1502 5233 Πνεῦμα
1553 5165 1705 5233 ἆγιον
1748 5167 2143 5227 ἀποκαλύπτει.

481 5245 632 5295 υύτω
669 5253 760 5297 καὶ
795 5249 912 5298 ἐκεῖ
933 5249 1009 5317 τῷ
1039 5249 1228 5320 Πέτρῳ
1252 5265 1266 5279 °
1303 5251 1589 5317 Ἀναστὰς
1617 5254 1921 5322 κατάϐηθι.
1947 5259 2018 5310 Οὐ
2040 5260 2145 5330 γὰρ

479 5331 540 5400 δὴ
563 5333 654 5383 καὶ
683 5331 751 5384 τὰ
780 5334 978 5389 εὔκολα
1006 5336 1293 5406 εἰργάζετο
1321 5339 1381 5392 τὸ
1414 5340 1636 5412 Πνεῦμα
1657 5382 1671 5406 ,
1706 5344 1820 5396 ἀλλ’
1860 5346 2017 5416 ἤρκει
2054 5350 2146 5401 καὶ

479 5419 609 5490 ὄναρ
641 5421 810 5491 αὑτῷ.
846 5425 952 5476 Καὶ
995 5424 1074 5494 τῷ
1123 5426 1319 5497 Ἰωσὴφ
1351 5428 1406 5480 δὲ
1443 5430 1639 5499 ῥᾳδίως
1675 5432 1980 5504 πειθομένῳ
2013 5435 2147 5506 ὄναρ

480 5507 748 5573 φαίνεται,
784 5513 893 5574 τοῖς
923 5512 977 5564 δὲ
1005 5513 1185 5577 ἄλλοις
1211 5513 1380 5585 ῦπαρ.
1405 5516 1559 5569 Οὑτω
1590 5519 1684 5571 καὶ
1714 5521 2020 5593 Κορνηλίῳ,
2051 5524 2145 5576 καὶ

480 5595 625 5664 αὑτῷ
667 5595 860 5666 τούτῳ.
893 5601 1002 5651 Καὶ
1033 5601 1181 5668 ἰδοὺ,
1217 5603 1404 5673 φησὶν,
1436 5605 1588 5674 ἀνὴρ
1615 5609 1902 5662 Μακεδὼν
1931 5612 2141 5679 ἑστὼς,

479 5685 844 5750 παρακαλῶν
870 5687 965 5740 καί
997 5689 1206 5758 λέγων.
1239 5693 1350 5745 Ούκ
1410 5689 1583 5756 εἶπεν,
1622 5697 1975 5761 Ἐπιτάττων,
2008 5703 2144 5756 ἀλλὰ

479 5773 848 5839 Παρακαλῶν
879 5790 892 5802 ’
927 5777 1222 5840 τουτέστιν,
1253 5780 1391 5850 ὑπὲρ
1414 5781 1592 5834 αὐτῶν
1619 5783 1725 5852 τῷν
1757 5786 2026 5854 δεομένων
2047 5792 2145 5861 τῆς

479 5858 793 5928 θεραπείας.
838 5863 902 5915 Τί
957 5866 1113 5929 ἐστι,
1174 5868 1668 5934 Συμϐιϐἀζοντεςε
1728 5858 2139 5948 Στοχαζόμενοι,

478 5951 628 6018 φησί.
671 5951 759 6021 Τῷ
786 5969 844 6003 τε
867 5954 973 6024 γὰρ
1012 5953 1222 6007 Παῦλον
1269 5957 1394 6009 ἰδεῖν
1425 5957 1518 6010 καὶ
1554 5959 1754 6027 μηδένα
1792 5963 2007 6033 ἕτερον,
2051 5971 2142 6022 καὶ

542 6104 720 6155 ‘Unus
743 6108 919 6167 μεγάλη
948 6116 977 6169 ἡ
1010 6113 1157 6176 χάρις.
1186 6117 1210 6157 δ
1237 6115 1435 6176 Quidam
1470 6127 1584 6161 mSS-
1609 6116 1932 6177 περιέσσευον.

1294 443 1352 500 S.
1394 439 1682 525 JOANNIS
1719 431 2211 495 CHRYSOSTOMI
2251 432 2574 490 ARCHIEP.
2613 424 3165 488 CONSTANTINOP.

3853 413 3944 473 Ξίῖθ

2281 551 2360 624 τῷ
2412 551 2718 626 κωλυθῆναι
2770 550 2876 604 ὑπὸ
2918 546 3015 602 τοῦ
3047 543 3364 616 Πνεύματος
3389 583 3404 608 ,
3450 541 3548 596 καὶ
3572 540 3651 612 τῷ
3677 540 3813 614 πρὸς
3849 541 3948 604 τοῖς

2281 651 2430 720 ὅροις
2490 645 2629 704 εἷναι
2655 689 2671 714 ,
2733 647 2845 703 ἀπὺ
2902 645 3110 700 τούτων
3163 642 3421 697 ἀπάντων
3467 638 3642 693 ταῦτα
3707 638 3947 708 συνῆγον.

2287 745 2495 811 Ἄλλως
2529 745 2587 800 δέ
2619 745 2712 798 καὶ
2745 746 2775 798 ό
2809 741 2978 805 πλοῦς
3013 753 3038 782 α
3075 740 3232 795 τοῦτο
3267 737 3545 808 ἐνέφαινεν
3574 752 3589 767 ·
3617 735 3680 789 οὑ
3703 736 3810 808 γὰρ
3835 736 3947 804 ἐγέ-

2284 863 2408 899 νετο
2439 845 2630 916 χρόνος
2662 843 2830 908 πολὺς
2854 883 2869 908 ,
2921 842 3044 896 ὅθεν
3075 841 3155 904 είς
3181 839 3351 909 αὐτὴν
3380 837 3478 909 τὴν
3521 836 3679 908 ῥίζαν
3714 837 3813 908 τῆς
3846 837 3951 890 Ma-

2284 942 2528 1006 κεδονίας
2549 938 3136 1014 παραγίνονται.Ὥστε
3157 937 3186 990 ό
3207 934 3557 1008 παροξυσμὸς
3575 933 3952 1005 συμφερόντως

2283 1041 2646 1111 οἰκονομεῖται
2667 1037 2945 1106 γενέσθαι.
2979 1036 3095 1090 υύκ
3121 1036 3188 1090 ἂν
3213 1033 3321 1105 γὰρ
3351 1033 3622 1103 ἐνήργησε
3644 1029 3704 1084 τὸ
3735 1028 3954 1100 Πνεῦμα

2279 1136 2340 1188 τὸ
2369 1135 2524 1203 ἆγιον
2547 1174 2562 1202 ,
2593 1135 2695 1188 οὑκ
2728 1134 2796 1189 ἂν
2826 1134 2916 1187 τὸν
2963 1132 3120 1201 λόγον
3167 1128 3479 1185 Μακεδονία
3526 1127 3760 1191 ἐδέξατο.
3809 1127 3870 1180 Ἦ
3901 1127 3953 1180 δὲ

2278 1233 2521 1304 τοσαύτη
2569 1231 2826 1304 προκοπὴ
2871 1233 3096 1303 σημεῖον
3125 1227 3219 1282 τοῦ
3254 1227 3328 1298 μὴ
3366 1225 3506 1279 εἷναί
3535 1244 3588 1279 τι
3615 1223 3956 1295 ἀνθρώπινον

2279 1333 2339 1386 τὸ
2372 1332 2616 1401 γεγονός.
2645 1332 2839 1386 Καίτοι
2867 1331 2969 1384 οὑκ
3003 1329 3128 1399 ἔφη,
3159 1329 3242 1382 ὅτι
3271 1325 3558 1396 Βαρνάϐας
3593 1323 3922 1395 παρωξύνθη
3940 1339 3954 1352 ’

2279 1428 2415 1483 ἀλλὰ
2437 1469 2452 1493 ,
2503 1428 2746 1493 Μεταξὺ
2777 1425 2975 1482 αὐτῶν
3003 1423 3397 1495 παροξυσμὸς
3421 1421 3676 1493 ἐγένετο.
3708 1423 3770 1475 El
3805 1414 3958 1485 οὗτος

2283 1529 2343 1581 ού
2378 1526 2735 1598 παρωξύνθη,
2768 1525 2890 1579 οὑδέ
2914 1525 3143 1586 ἐκεῖνος.

2346 1632 2408 1679 ε’.
2425 1623 2612 1678 Ταῦτα
2642 1624 2865 1686 εἰδότες,
2905 1622 2978 1693 μὴ
3011 1620 3199 1684 ἁπλῶς
3225 1619 3289 1690 δὴ
3312 1617 3450 1672 αὑτά
3471 1615 3961 1694 ἐκλέγωμενιάλλα

2279 1721 2642 1791 μανθάνωμεν
2666 1721 2762 1774 καὶ
2785 1718 3169 1788 παιδευώμεθα
3200 1732 3211 1743 ·
3238 1717 3300 1770 ού
3328 1715 3438 1786 γάρ
3467 1716 3588 1786 εἰκῇ
3617 1714 3952 1783 γέγραπται.

2273 1819 2434 1888 Μέγα
2465 1819 2635 1872 κακὸν
2668 1819 2885 1886 ἀγνοεῖν
2914 1816 3135 1887 Γραφάς
3168 1830 3182 1846 ⁸
3213 1815 3308 1884 ἀφ’
3358 1806 3433 1867 ὧν
3475 1811 3801 1880 ὡφελεῖσθαι
3833 1810 3954 1872 δεῖ,

2271 1914 2380 1966 ἀπὸ
2417 1914 2624 1966 τούτων
2661 1913 3035 1984 βλαπτόμεθα.
3068 1911 3224 1964 Οὕτω
3264 1910 3358 1963 καὶ
3389 1909 3658 1979 φάρμακα
3696 1905 3957 1968 πολλάκις

2273 2011 2434 2079 φύσιν
2459 2012 2650 2081 ἔχοντα
2687 2012 2820 2082 θερα
2834 2010 3092 2081 πευτικὴν
3116 2049 3130 2071 ,
3165 2009 3264 2061 οὑκ
3294 2007 3509 2060 εἰδότων
3528 2004 3637 2058 τῶν
3659 2003 3958 2075 χρωμένων

2272 2108 2454 2172 καλῶς
2485 2108 2720 2179 χρῆσθαι
2751 2110 2935 2171 αὑτοῖς
2957 2149 2970 2172 ,
2999 2106 3150 2179 [9.66]
3198 2104 3504 2175 διαφθείρει
3535 2102 3628 2155 καὶ
3660 2101 3955 2153 ἀπόλλυσγ

2271 2207 2365 2259 καὶ
2395 2207 2533 2259 ὅπλα
2556 2207 2833 2277 δυνάμενα
2861 2205 3114 2274 φυλάξαι,
3157 2204 3223 2258 ἂν
3261 2203 3450 2272 μηδεὶς
3481 2199 3622 2255 αύτά
3666 2199 3780 2269 εἰδῇ
3812 2215 3959 2268 περι-

2274 2303 2482 2368 θέσθαι,
2519 2303 2610 2356 ὑπ’
2635 2304 2816 2356 αὑτῶν
2840 2303 3233 2374 διαφθείρεται.
3252 2299 3326 2352 Τὸ
3348 2298 3405 2352 δὲ
3427 2298 3620 2361 αἴτιον,
3660 2297 3741 2350 ὅτι
3777 2296 3958 2349 πάντα

2272 2401 2472 2470 μᾶλλον
2491 2400 2782 2469 ζητοῦμεν,
2804 2399 2835 2469 ἦ
2863 2401 2923 2452 τὸ
2950 2400 3047 2468 τῆς
3068 2398 3247 2468 ψυχῆς
3267 2397 3479 2467 δφελος,
3501 2393 3678 2450 καὶτὰ
3695 2392 3957 2463 ἀλλότρια

2270 2498 2472 2564 μᾶλλον
2502 2497 2813 2567 σκοποῦμεν
2835 2538 2848 2560 ,
2880 2498 2912 2568 ἢ
2935 2498 2996 2549 τὺ
3019 2497 3288 2568 ἡμέτερον
3309 2495 3610 2565 συμφέρον.
3647 2493 3760 2546 Καὶ
3778 2494 3958 2554 οἰκίας

2270 2597 2367 2667 μὲν
2387 2597 2644 2649 σύστασιν
2666 2597 2925 2657 πολλάκις
2944 2595 3236 2665 ζητοῦμεν,
3258 2593 3352 2646 καὶ
3375 2593 3475 2644 οὑκ
3491 2591 3554 2644 ἂν
3577 2589 3957 2659 ἀνασχοίμεθα

2268 2695 2676 2765 παλαιουμένην
2694 2692 2860 2763 αὑτὴν
2884 2693 3007 2745 ἰδεῖν
3040 2692 3160 2744 οὑδέ
3195 2689 3643 2742 καταπίπτουσαν
3679 2687 3800 2740 οὑδέ
3852 2687 3956 2738 ὑπδ

2268 2789 2555 2861 χειμώνων
2603 2788 3073 2861 ἐπηρεαζομένην·
3116 2787 3244 2856 περὶ
3279 2785 3334 2837 δὲ
3372 2785 3470 2854 τῆς
3522 2783 3703 2854 ψυχῆς
3726 2782 3955 2852 οὐδεμία

2266 2888 2508 2958 φροντὶς,
2539 2887 2676 2940 ἀλλά
2706 2888 2734 2926 δ
2765 2886 2868 2939 κᾶν
2909 2886 3033 2947 τοὺς
3065 2883 3346 2954 θεμελίους
3391 2882 3561 2950 αὑτῆς
3616 2881 3820 2951 ἴδωμεν
3853 2897 3954 2949 ση-

2266 2984 2559 3054 πομένους,
2589 2984 2694 3036 κᾶν
2727 2982 2826 3053 τὴν
2871 2981 3160 3051 οἰκοδομὴν
3213 2979 3309 3033 καὶ
3356 2979 3448 3031 τὸν
3504 2977 3736 3048 δροφον,
3775 2976 3957 3039 οὐδεὶς

2261 3085 2396 3152 ἡμῖν
2419 3083 2446 3135 ὁ
2469 3081 2626 3150 λόγος
2664 3078 2800 3133 ἐστί.
2827 3077 2993 3130 Πάλιν
3022 3076 3192 3144 ἄλογα
3221 3075 3286 3128 ἂν
3311 3074 3548 3145 ἔχωμεν,
3580 3075 3644 3126 τὸ
3666 3073 3957 3144 συμφέρον

2266 3180 2443 3233 αὐτῶν
2480 3177 2769 3249 ζητοῦμεν,
2804 3177 2897 3228 καὶ
2929 3173 3301 3245 ίπποφορσοὺς
3332 3173 3428 3226 καὶ
3469 3172 3824 3242 ἶππιατροδεῖο
3858 3171 3958 3225 καὶ

2264 3277 2445 3330 πάντα
2495 3275 2674 3328 κάλων
2735 3272 2992 3343 κινοῦμεν
3063 3291 3074 3301 ο
3140 3271 3235 3324 καὶ
3289 3269 3466 3332 οἰκίας
3514 3266 3953 3338 ἐπιμελούμεθα,

2265 3376 2362 3427 καὶ
2379 3375 2492 3436 τοῖς
2512 3375 2535 3425 ἐ
2545 3388 2852 3442 μπεπιστευ
2861 3370 3043 3441 μένοις
3068 3367 3466 3438 παραινοῦμεν,
3495 3364 3634 3419 ὥστε
3662 3365 3738 3437 μὴ
3762 3365 3956 3425 ἀπλῶς

2265 3469 2400 3539 μηδέ
2436 3469 2512 3532 ὼς
2558 3467 2749 3538 ἔτυχεν
2783 3466 3049 3534 ἐλαύνειν,
3092 3465 3226 3536 μηδὲ
3269 3463 3434 3534 βάρος
3457 3463 3784 3526 ἐπιτιθέναι,
3814 3462 3958 3533 μηδὲ

2261 3566 2400 3636 ἀωρὶ
2428 3565 2537 3618 τῶν
2557 3563 2770 3619 νυκτῶν
2801 3563 3037 3631 ἐξάγειν,
3070 3561 3204 3633 μηδὲ
3226 3561 3323 3625 τὰς
3340 3560 3548 3632 τροφὰς
3574 3559 3953 3630 ἀπεμπολεῐν,

2260 3663 2354 3716 καὶ
2391 3661 2575 3715 πολλοὶ
2620 3662 2773 3730 νόμοι
2821 3661 2950 3731 περὶ
2993 3659 3088 3712 τοῦ
3139 3658 3519 3729 συμφέροντος
3563 3656 3676 3710 τῶν
3728 3656 3955 3725 ἀλόγων

2261 3758 2469 3808 κεῖνται
2511 3756 2640 3826 παρ’
2661 3757 2796 3825 ἡμῖν
2824 3771 2836 3782 ·
2859 3753 2958 3822 τῆς
2985 3753 3041 3806 δὲ
3067 3752 3248 3824 ψυχῆς
3275 3751 3434 3820 λόγος
3454 3749 3650 3815 οὑδείς.
3692 3751 3869 3805 Πάλιν
3896 3749 3956 3803 τι

2258 3850 2402 3918 λέγω
2429 3852 2557 3921 περὶ
2601 3851 2811 3919 ἀλόγων
2861 3849 2970 3901 τῶν
3013 3848 3296 3920 χρησίμων
3326 3850 3489 3918 ἡμῖν;
3530 3848 3654 3901 Εἰσὶ
3676 3846 3869 3900 πολλοὶ
3899 3846 3955 3899 οἶ

2263 3949 2556 4021 στρουθοὺς
2580 3949 2793 4020 ἔχουσιν
2814 3948 2964 4000 οὑδέν
2996 3947 3218 4016 ἔχοντας
3234 3946 3528 4017 χρήσιμον,
3560 3945 3726 4016 ἀλλ’ἢ
3755 3945 3954 4009 ἁπλῶς

2259 4047 2583 4118 τέρποντας,
2610 4046 2703 4098 καὶ
2737 4044 2920 4097 πολλοὶ
2962 4045 3056 4097 καὶ
3094 4044 3222 4114 περὶ
3251 4043 3476 4096 ἐκείνων
3504 4043 3682 4113 νόμοι,
3721 4045 3821 4096 καὶ
3852 4044 3953 4096 οὑ-

2256 4144 2343 4197 δὲν
2374 4143 2725 4215 ἠμελημένον
2757 4141 2878 4194 οὑδέ
2909 4141 3142 4194 ἄτακτόν
3183 4141 3317 4204 ἐστι,
3356 4141 3450 4192 καὶ
3486 4140 3704 4193 πάντων
3739 4139 3953 4210 μᾶλλον

2255 4239 2681 4310 ἐπιμελούμεθα,
2731 4239 2764 4309 ἢ
2821 4237 2978 4308 ἡμῶν
3031 4236 3230 4293 αὑτῶν.
3293 4235 3450 4289 Οὑτω
3505 4236 3724 4290 πάντων
3772 4237 3952 4306 ἐσμὲν

2256 4336 2589 4408 ἀτιμότεροι.
2642 4335 2762 4388 Κᾶν
2825 4335 2922 4405 μέν
2978 4351 3059 4398 τις
3112 4333 3260 4405 ἡμᾶς
3305 4331 3542 4403 ὑϐρίζων
3572 4333 3722 4403 εἴπῃ,
3767 4335 3949 4397 κύων,

2256 4431 2564 4502 ἀλγοῦμεν’
2599 4432 2762 4501 ἡμεῖς
2794 4430 2848 4483 δὲ
2890 4431 3036 4500 ἡμᾶς
3066 4430 3266 4493 αὐτοὺς
3311 4429 3627 4500 ὑϐρίζοντες
3667 4430 3727 4482 οὑ
3770 4429 3949 4499 λόγῳ,

2255 4529 2370 4584 ἀλλ’
2407 4528 2573 4598 ἔργῳ,
2597 4528 2693 4581 καὶ
2737 4527 2872 4598 μηδὲ
2903 4525 3173 4597 τοσαύτης
3211 4526 3585 4596 μεταδιδόντες
3615 4527 3952 4596 ἐπιμελείας

2253 4631 2319 4699 τῇ
2348 4627 2492 4696 ψυχῇ
2515 4627 2644 4695 ὅσης
2673 4627 2781 4686 τοῖς
2807 4623 2986 4686 κυσὶν,
3009 4623 3162 4676 οὐδὲν
3189 4623 3467 4693 ἡγούμεθα
3486 4623 3716 4694 πάσχειν
3742 4623 3945 4678 δεινόν.

2265 4724 2459 4793 Ὁρᾶτε
2511 4722 2636 4774 ὅσου
2685 4719 2906 4782 σκότους
2945 4719 3011 4772 τὰ
3052 4719 3228 4772 πάντα
3291 4718 3708 4789 ἐμπέπλησται;
3772 4721 3951 4773 Πόσοι

2255 4821 2600 4894 φροντίζουσι
2647 4820 2755 4873 τῶν
2803 4817 3022 4884 κυνῶν,
3080 4817 3221 4870 ὥστε
3284 4817 3359 4888 μὴ
3391 4817 3553 4872 πλέον
3597 4817 3693 4872 τοῦ
3721 4818 3953 4882 δέοντος

2252 4919 2668 4991 ἐμπλησθῆναι,
2704 4917 2844 4971 ὥστε
2872 4915 3011 4980 ὀξεῖς
3047 4912 3304 4969 εἶναικαὶ
3334 4914 3663 4986 θηρατικοὺς
3702 4916 3810 4969 ὑπὸ
3837 4916 3944 4968 τοῦ

2250 5016 2410 5087 λιμοῦ
2439 5017 2530 5069 καὶ
2561 5016 2659 5086 τῆς
2688 5015 2880 5085 πείνης
2922 5013 3296 5084 ὠθουμένους·
3333 5015 3543 5067 ἑαυτῶν
3579 5015 3636 5067 δὲ
3671 5016 3776 5068 οὑκ
3811 5017 3946 5067 ἐπι-

2253 5111 2539 5184 μελοῦνται
2569 5114 2688 5166 οὑδέ
2724 5113 3102 5165 ἐπιτάττουσιν
3131 5111 3272 5164 ὥστε
3328 5111 3403 5183 μὴ
3431 5113 3642 5183 τρυφᾷν
3674 5127 3689 5142 ⁶
3727 5113 3823 5164 καὶ
3865 5113 3951 5164 τὰ

2255 5214 2352 5283 μὲν
2377 5213 2545 5281 ἄλογα
2581 5213 2894 5281 φιλοσοφεῖν
2923 5210 3269 5265 διδάσκουσιν
3293 5250 3307 5275 ,
3334 5211 3488 5263 αὑτοὶ
3509 5209 3566 5263 δὲ
3587 5211 3668 5274 είς
3693 5210 3796 5281 τὴν
3822 5209 3950 5262 τῶν

2250 5310 2457 5378 ἀλόγων
2488 5309 2782 5381 θηριωδίαν
2816 5308 3098 5378 ἀνέχονται
3128 5308 3511 5378 καταγόμενοι.

2318 5410 2551 5479 Αίνιγμα
2576 5419 2597 5446 ο
2630 5407 2690 5460 τὸ
2723 5407 2954 5478 πρᾶγμά
2993 5409 3130 5460 ἐστι.
3178 5407 3288 5458 Καὶ
3317 5405 3420 5458 ποῦ
3454 5403 3523 5457 τὰ
3560 5404 3737 5474 ἄλογα
3775 5391 3946 5474 φιλό-

2251 5517 2405 5567 σοφα,
2434 5499 2631 5569 φησίν;
2656 5495 2728 5548 Ἦ
2759 5495 2817 5548 οὑ
2847 5495 2994 5548 δοκεῖ
3022 5511 3104 5548 σοι
3131 5493 3448 5564 φιλοσοφίας
3479 5489 3618 5545 εἶναι
3652 5493 3943 5563 μεγάλης,

2249 5589 2376 5641 ὅταν
2409 5587 2556 5640 κύων
2604 5583 2934 5654 δακνόμενος
2976 5582 3082 5635 ὑπὸ
3126 5581 3219 5634 τοῦ
3251 5579 3412 5650 λιμοῦ
3437 5620 3451 5645 ,
3485 5578 3625 5652 μετά
3650 5579 3714 5633 τὺ
3739 5581 3948 5634 λαϐεῖν

2248 5677 2339 5728 καὶ
2369 5673 2656 5744 θηρεῦσαι,
2689 5675 2968 5742 παρούσης
2994 5671 3266 5740 ἀπέχηται
3291 5669 3386 5740 τῆς
3410 5668 3641 5739 τροφῆς,
3671 5671 3771 5723 καὶ
3799 5671 3951 5741 τρά-

2247 5761 2417 5826 πεζαν
2443 5760 2583 5832 ὁρῶν
2627 5759 3058 5828 παρακειμένην,
3092 5757 3184 5809 καὶ
3234 5755 3326 5808 τοῦ
3369 5753 3530 5824 λιμοῦ
3564 5757 3946 5825 κατεπείγον-

2245 5868 2334 5912 τος
2365 5849 2629 5918 ἁναμένοι
2671 5847 2763 5898 τὸν
2790 5847 3092 5915 δεσπότην;
3133 5843 3466 5914 Αίσχύνθητε
3498 5843 3728 5906 ἑαυτούς
3750 5861 3763 5874 ·
3802 5861 3950 5896 παι-

2243 5938 2469 5992 δεύσατε
2496 5937 2594 5998 τὰς
2629 5936 2899 6007 ὑμετέρας
2921 5934 3196 6006 γαστέρας·
3217 5933 3390 5997 οὕτως
3413 5929 3552 5986 εἶναι
3574 5934 3950 6004 φιλοσόφους.

2311 6061 2497 6111 “Alius
2558 6065 2781 6119 συνῆγον,
2825 6061 3040 6108 τουτέστι
3087 6059 3168 6107 καὶ
3205 6060 3233 6106 ὁ
3263 6055 3428 6113 π)οῦς.
3505 6056 3533 6094 δ
3584 6056 3724 6107 Unus
3779 6064 3950 6120 ψυχῆς

2248 6125 2395 6180 οὐδεὶς
2417 6126 2571 6185 λόγος,
2623 6123 2760 6174 ἀλλά.
2849 6126 2868 6153 ε
2893 6121 3026 6172 Idem
3060 6121 3310 6184 θηριωδίαν
3355 6119 3656 6183 κατάγονται.
3698 6119 3950 6182 Mum
