4084 6332
227 395 333 457 249

219 547 344 590 rem
372 543 497 585 esse
521 541 765 585 scenam.
794 522 978 598 Neque
1005 518 1148 575 enim
1185 518 1275 590 qui
1313 530 1527 587 semper
1552 520 1789 571 cesserat
1809 555 1825 581 ,

220 626 319 683 hic
345 639 453 680 non
477 620 763 687 cessisset,
788 616 881 690 qui
907 616 979 671 ita
1008 612 1231 670 Paulum
1255 609 1490 677 amabat,
1519 618 1577 663 ut
1601 607 1829 663 antehac

225 726 498 793 quareret
525 730 651 773 eum
680 711 853 779 Tarsi,
882 717 939 766 et
962 707 1031 764 ad
1058 705 1333 777 apostolos
1362 704 1537 774 ipsum
1576 700 1827 793 introduf

222 791 414 880 ceret,
444 819 498 867 et
535 810 930 878 eleemosynam
958 812 1299 856 communem
1335 794 1575 863 faceret,
1601 803 1655 849 et
1683 791 1825 864 quod

218 908 295 965 ad
343 907 534 977 dogma
584 901 775 957 attinet
812 939 828 965 ,
872 893 1231 953 communiter
1276 889 1594 958 susciperet.
1643 885 1827 955 Itaque

219 1016 335 1058 non
360 1006 582 1071 propter
602 994 741 1050 hanc
760 1006 874 1049 rem
907 990 1073 1045 iratus
1096 985 1303 1041 fuisset.
1332 981 1441 1039 Sed
1470 987 1787 1071 separantur
1804 1017 1822 1043 ,

218 1104 280 1149 ut
303 1070 552 1152 doceant,
577 1094 633 1142 et
654 1100 750 1156 per
766 1080 1163 1154 separationem
1192 1088 1309 1141 eos,
1340 1073 1431 1144 qui
1460 1070 1701 1127 doctrina
1726 1082 1822 1122 sua

220 1184 482 1255 egebant.
514 1178 799 1235 instituant
830 1192 845 1230 :
871 1185 930 1229 ut
957 1172 1117 1227 etiam
1148 1167 1277 1224 alibi
1309 1166 1437 1222 facit
1461 1164 1685 1221 dicens:
1722 1161 1824 1216 Vos

214 1286 396 1330 autem
414 1289 476 1327 ne
491 1267 836 1341 defatigemini
855 1267 1040 1321 bonum
1062 1262 1303 1334 facientes
1321 1259 1399 1330 (Ξ.
1425 1257 1603 1312 Thess.
1626 1256 1679 1312 5.
1706 1255 1820 1324 15).

218 1368 293 1425 Et
330 1366 465 1423 alios
492 1362 707 1437 quidem
747 1360 1026 1429 increpat,
1063 1354 1217 1426 jubet
1258 1359 1440 1408 autem
1479 1349 1616 1404 bene
1644 1347 1824 1402 facere

215 1474 350 1532 erga
402 1472 609 1513 omnes.
657 1453 770 1508 Hoc
812 1451 977 1508 etiam
1021 1449 1076 1503 in
1115 1442 1506 1520 consuetudine
1535 1439 1817 1532 habemus.

218 1531 322 1608 llic
348 1560 527 1606 autem
556 1545 685 1601 mihi
709 1543 965 1599 videntur
992 1539 1080 1595 alii
1108 1552 1323 1609 quoque
1349 1534 1606 1605 indignati
1626 1547 1747 1586 esse
1769 1531 1821 1585 in

216 1643 468 1699 Paulum.
496 1639 561 1694 Et
585 1644 767 1710 postea
790 1634 902 1701 ille,
933 1632 1062 1702 ipsis
1081 1644 1326 1687 seorsum
1352 1626 1619 1692 adductis,
1643 1623 1820 1679 omnia

216 1735 372 1797 facit,
403 1740 609 1798 monet,
639 1728 901 1783 hortatur.
934 1725 1093 1780 Multa
1124 1731 1300 1794 potest
1320 1719 1631 1786 concordia,
1656 1718 1821 1773 multa

210 1825 420 1881 caritas
444 1841 457 1877 :
482 1821 691 1877 etiamsr
716 1832 815 1890 pro
835 1831 895 1872 re
916 1830 1109 1885 magna
1134 1828 1311 1886 roges,
1334 1812 1544 1868 etiamsi
1576 1810 1821 1880 indignus

211 1916 293 1972 sis
311 1956 331 1981 ,
362 1920 583 1985 propter
610 1908 941 1979 propositum
969 1905 1204 1961 audieris
1222 1945 1235 1966 .
1268 1919 1337 1960 ne
1364 1903 1574 1959 timeas.
1600 1900 1821 1957 Peram-

212 2008 446 2073 bulabat,
476 2004 668 2074 inquit,
692 2001 933 2055 ciuitates.
959 1998 1030 2054 Et
1052 2015 1165 2054 ecce
1190 2007 1298 2054 crat
1319 1996 1822 2068 discipulusnomine

214 2098 514 2154 Timotheus
536 2137 553 2163 ,
589 2096 675 2165 qui
718 2093 1059 2148 testimonium
1089 2091 1301 2146 habebat
1330 2108 1364 2145 a
1407 2090 1650 2161 fratribus
1673 2129 1687 2153 ,
1733 2089 1821 2160 qui

210 2203 360 2249 erant
390 2192 586 2267 Lgstris
616 2206 660 2251 et
686 2195 872 2250 lconii.
900 2194 1087 2265 Magna
1116 2192 1251 2248 fides
1271 2194 1287 2224 ¹
1310 2191 1602 2256 Timothei,
1630 2188 1720 2260 qui
1752 2189 1820 2244 ab

210 2289 463 2344 omnibus
490 2290 851 2345 teatimonium
882 2289 1058 2345 habet.
1089 2286 1314 2354 Quando
1343 2284 1588 2341 discessit
1612 2284 1818 2339 Barna-

210 2382 332 2447 bas,
346 2382 576 2438 alterum
602 2382 700 2453 ipsi
725 2398 903 2453 parem
926 2382 1146 2438 invenit.
1180 2380 1256 2435 De
1275 2378 1377 2436 hoc
1398 2378 1594 2449 inquit:
1622 2377 1819 2431 Memor

210 2473 560 2546 lacrymarunt
590 2484 789 2529 tuarum
820 2484 867 2529 et
896 2475 1015 2542 ﬁdei
1043 2484 1145 2527 tute
1169 2490 1272 2527 non
1292 2473 1577 2544 simulata,
1608 2487 1721 2541 qua:
1740 2472 1822 2523 in-

209 2566 456 2621 habitavit
477 2568 640 2636 primo
662 2569 713 2620 in
733 2567 846 2620 avia
872 2576 958 2620 tua
984 2564 1165 2631 Laide,
1183 2574 1232 2619 et
1261 2565 1313 2618 in
1335 2573 1496 2617 matre
1518 2572 1603 2617 tua
1626 2561 1821 2615 Eunice

210 2660 291 2726 (2.
314 2659 447 2715 Tim.
476 2660 595 2715 ιλ.
611 2660 686 2732 5).
709 2660 774 2714 Et
791 2676 1073 2725 assumens,
1098 2659 1288 2729 inquit,
1313 2658 1459 2713 illum
1479 2656 1815 2712 circumcidit.

209 2751 328 2820 Qua
353 2752 425 2808 de
444 2766 603 2807 causa
634 2752 749 2821 ipse
773 2752 944 2817 addit,
973 2751 1159 2807 dicens
1184 2769 1197 2806 :
1223 2750 1445 2819 Propter
1473 2748 1708 2812 Judteos,
1729 2748 1816 2819 qui

210 2854 357 2898 erant
386 2846 439 2898 in
470 2844 593 2899 locis
621 2845 743 2899 illis.
776 2842 901 2898 Ideo
927 2857 1055 2914 ergo
1081 2841 1510 2907 circumciditur;
1545 2840 1627 2895 vel
1655 2840 1815 2895 etiam

210 2945 437 3006 propter
475 2945 702 3005 patrem,
744 2936 833 3005 qui
858 2935 1077 3006 gentilis
1097 2935 1371 2991 manebat.
1401 2934 1544 3003 Ergo
1573 2947 1680 2988 non
1711 2932 1817 2987 cir-

209 3029 483 3085 cumcisus
511 3038 649 3084 erat.
688 3028 821 3084 Vide
843 3028 954 3098 jam
986 3027 1217 3083 solutam
1248 3027 1441 3097 legem.
1466 3026 1690 3094 Quidam
1720 3041 1819 3079 au-

210 3131 322 3175 tem
363 3130 549 3191 putant
598 3120 745 3175 illum
789 3129 909 3191 post
950 3119 1389 3189 praedicationem
1422 3129 1602 3173 natum
1647 3131 1811 3183 esse;

208 3214 311 3270 sed
335 3214 519 3269 forsan
552 3213 656 3268 hoc
685 3228 791 3268 non
820 3222 922 3269 est.
953 3213 1030 3268 Ab
1053 3213 1272 3284 infantia
1300 3228 1462 3279 enim,
1496 3211 1695 3281 inquit,
1724 3228 1812 3264 sa-

204 3322 327 3362 cras
368 3306 540 3361 literas
568 3307 723 3360 nosti.
764 3304 898 3361 Illud
932 3305 1094 3376 igitur
1120 3315 1203 3361 est
1229 3305 1552 3371 dicendum;
1581 3304 1667 3360 vel
1705 3304 1815 3358 for-

208 3406 377 3460 tasse.
407 3399 533 3470 quia
563 3399 716 3454 illum
746 3398 1095 3455 ordinaturus
1123 3406 1240 3453 erat
1262 3398 1597 3467 episcopum,
1623 3406 1674 3451 et
1706 3412 1813 3452 non

206 3488 440 3552 decebat
484 3490 916 3546 incircumcisum
964 3504 1106 3546 esse.
1154 3489 1272 3545 Jam
1328 3498 1509 3544 autem
1562 3488 1815 3560 gentibus

210 3582 349 3637 nihil
389 3583 493 3638 tale
526 3583 847 3639 servandum
874 3592 1009 3640 erat.
1041 3582 1227 3654 Neque
1252 3582 1356 3640 hoc
1388 3598 1609 3653 parvum
1653 3591 1771 3637 erat
1792 3623 1809 3651 ,

209 3676 429 3745 quando
454 3684 573 3746 post
604 3684 809 3731 tantum
837 3683 1047 3747 tempus
1074 3676 1176 3730 hoc
1196 3675 1300 3730 illis
1325 3674 1650 3731 olfendiculo
1670 3682 1809 3730 erat.

207 3768 427 3825 Initium
473 3770 837 3840 abrogationis
874 3780 1008 3838 erat,
1057 3770 1199 3842 quod
1255 3771 1482 3841 gentiles
1535 3769 1650 3827 haec
1704 3785 1810 3824 non

208 3873 492 3921 servarent
518 3878 692 3935 neque
718 3865 841 3920 hinc
867 3864 1221 3929 laederentur,
1251 3865 1489 3934 nihilque
1520 3865 1696 3920 minus
1718 3863 1814 3918 ha-

209 3956 406 4013 berent
432 3957 574 4014 circa
602 3956 762 4015 ﬁdem
789 3975 803 4011 :
832 3966 1025 4027 sponte
1049 3956 1264 4014 demum
1287 3957 1636 4014 desistebant.
1676 3958 1811 4026 Quia

209 4048 375 4119 igitur
418 4050 805 4120 praedicaturus
842 4059 980 4117 erat,
1013 4066 1082 4106 ne
1120 4049 1407 4122 dupliciter
1434 4062 1692 4123 pungeret
1717 4052 1813 4108 Ju-

208 4140 362 4197 daaos
381 4184 397 4209 ,
426 4140 568 4197 hunc
590 4140 947 4210 circumcidit,
979 4142 1226 4214 quamvis
1250 4158 1317 4199 ex
1353 4142 1576 4199 dimidio
1604 4128 1809 4200 tantum

209 4241 379 4300 esset,
413 4246 563 4303 patre
595 4234 803 4305 gentili,
839 4243 1011 4290 matre
1044 4233 1208 4291 ﬁdeli.
1250 4237 1499 4291 Attamen
1530 4235 1653 4307 quia
1690 4253 1809 4292 ma-

208 4340 376 4396 gnum
404 4334 520 4381 erat
546 4342 683 4395 Opus
711 4328 846 4393 hoc,
886 4327 1029 4399 quod
1069 4327 1211 4384 inter
1235 4340 1423 4399 gentes
1454 4329 1557 4386 hoc
1583 4340 1807 4402 ageret,

212 4433 319 4472 non
362 4421 569 4475 curavit
608 4418 774 4485 illud;
808 4420 1090 4490 oportebat
1116 4420 1260 4476 enim
1300 4422 1522 4477 verbum
1562 4425 1809 4480 dissemi-

212 4510 328 4563 nari
353 4526 368 4563 :
393 4509 516 4565 ideo
553 4520 607 4566 et
646 4510 762 4580 ipse
800 4512 949 4566 illum
981 4513 1332 4569 circumcidit.
1365 4515 1464 4571 Hic
1498 4517 1659 4572 etiam
1687 4518 1809 4575 vide

210 4602 340 4658 dum
386 4618 419 4659 e
461 4606 731 4660 contrario
772 4605 984 4661 videtur
1011 4622 1191 4678 agere,
1232 4624 1484 4679 magnum
1533 4621 1806 4681 peractum

212 4695 439 4751 bonum.
483 4692 551 4751 Et
590 4697 920 4752 abundabant
957 4715 1186 4765 numero,
1220 4700 1411 4771 inquit.
1454 4702 1639 4759 Viden‘
1668 4720 1805 4776 quo-

211 4788 376 4844 modo
417 4804 524 4844 non
568 4790 741 4846 solum
782 4791 917 4847 nihil
961 4794 1206 4850 nocuerit
1231 4795 1597 4866 circumcisio,
1626 4798 1719 4854 sed
1753 4810 1808 4856 et

214 4881 505 4949 plurimum
531 4883 837 4953 profuerit?
866 4883 932 4940 Ut
952 4896 1120 4939 autem
1150 4887 1390 4942 visionem
1418 4890 1571 4958 vidit,
1601 4892 1804 4959 statim,

211 4976 405 5046 inquit,
442 4978 762 5045 quasivimus
792 4979 1049 5048 proﬁcisci
1074 4981 1127 5035 in
1157 4979 1543 5050 Macedoniam,
1575 4986 1699 5038 certi
1727 4990 1809 5057 fa-

211 5071 278 5121 cti
305 5068 444 5135 quod
465 5079 689 5124 vocasset
709 5088 800 5126 nos
824 5069 981 5126 Deus.

294 5162 555 5218 Visionum
578 5172 625 5218 et
647 5167 960 5219 somniorum
982 5168 1257 5223 distinctio.
1276 5197 1349 5210 --
1375 5168 1528 5235 Vide,
1563 5186 1669 5226 non
1693 5172 1803 5242 jam

211 5270 310 5323 per
351 5255 622 5326 angelum,
648 5266 705 5310 ut
726 5256 977 5328 Philippo
1006 5269 1059 5313 et
1092 5259 1372 5327 Cornelio;
1397 5263 1493 5318 sed
1520 5264 1683 5333 quid?
1705 5266 1807 5323 Per

208 5350 473 5405 visionem
498 5360 721 5421 apparet
746 5352 846 5423 ipsi
886 5352 1142 5423 deinceps
1189 5356 1425 5411 humano
1473 5374 1645 5425 more,
1696 5378 1802 5417 non

206 5442 411 5497 divino.
440 5442 543 5499 Ubi
566 5444 710 5499 enim
737 5444 947 5500 facilius
972 5457 1085 5500 erat
1112 5448 1459 5517 persuadere,
1481 5450 1801 5520 humanius;

206 5535 301 5590 ubi
329 5550 519 5606 magna
541 5537 622 5592 vis
651 5536 1358 5602 desiderabaturpdivinius.
1384 5543 1514 5598 Nam
1546 5545 1634 5601 ubi
1666 5562 1805 5617 prce-

204 5625 391 5684 dicare
434 5626 722 5685 festinabat
764 5630 961 5696 solum,
995 5632 1066 5687 ibi
1095 5634 1364 5689 somnium
1409 5636 1509 5707 ipsi
1549 5651 1801 5711 apparet;

207 5720 298 5777 ubi
323 5736 454 5777 vero
484 5722 778 5793 praedicare
810 5740 916 5780 non
939 5727 1319 5798 sustinebatur,
1354 5729 1423 5786 ibi
1449 5731 1681 5803 Spiritus
1711 5752 1802 5792 re-

272 5902 289 5929 ι
309 5903 442 5947 Unus
461 5897 632 5962 habet,
658 5900 841 5966 gratia,
860 5915 965 5966 pro.
983 5900 1110 5968 fides

1193 399 1259 459 IN
1297 400 1479 459 ACTA
1514 396 2043 457 APOSTOLORUI.
2086 396 2318 456 IIOMIL.
2361 395 2607 456 XXXIV.

3437 395 3548 454 250

1934 513 2097 569 velat.
2128 514 2218 570 Sic
2245 525 2299 572 et
2324 515 2433 571 illic
2449 513 2646 572 Petro:
2674 513 2926 586 Surgens,
2956 512 3222 568 descende.
3251 509 3370 567 Non
3398 510 3545 568 enim

1933 603 2110 661 facilia
2126 607 2453 677 operabatur
2468 605 2725 678 Spiritus,
2744 606 2841 663 sed
2852 606 2984 663 satis
2998 613 3118 662 erat
3132 604 3235 675 ipsi
3250 603 3544 660 somnium.

1933 696 2169 768 Josepho
2188 714 2403 771 quoque
2426 700 2582 756 facile
2603 699 2848 756 credenti
2869 698 3139 754 somnium
3161 706 3405 769 apparet,
3424 693 3547 754 aliis

1933 806 2065 846 vero
2089 791 2247 848 visio.
2273 792 2349 847 Ita
2382 803 2437 848 et
2464 791 2721 849 Cornelio
2756 800 2813 848 et
2854 791 2983 848 huic
3024 790 3147 861 ipsi.
3184 788 3256 844 Et
3283 778 3541 855 ecce,in-

1931 883 2066 953 quit,
2099 884 2176 939 vir
2201 883 2419 951 Macedo
2440 894 2599 951 stans,
2632 885 2901 940 obsecrans
2934 893 2984 937 et
3011 883 3205 938 dicens.
3238 880 3356 937 Non
3384 878 3544 949 dixit,

1932 976 2281 1048 Prmeipiens,
2309 978 2753 1043 sed.0bsecrans,'
2777 978 2831 1034 id
2857 987 2963 1042 est.
2992 991 3091 1048 pro
3132 977 3199 1032 iis
3245 976 3337 1047 qui
3380 988 3544 1030 cura-
3588 1032 3597 1040 ,

1931 1071 2079 1126 tione
2108 1085 2244 1141 opus
2280 1070 2571 1127 habebant.
2614 1071 2752 1140 Quid
2784 1079 2891 1137 est,
2923 1070 3061 1125 Certi
3085 1067 3255 1141 facti!
3297 1068 3409 1123 Iloe
3436 1073 3544 1134 est,

1929 1162 2320 1233 coniectantes,
2352 1163 2671 1221 inferentes.
2696 1164 2831 1221 Nam
2862 1164 3005 1236 quod
3036 1162 3236 1219 Paulus
3262 1160 3462 1217 viderit
3487 1171 3543 1215 et

1906 1270 2090 1310 nemo
2113 1256 2271 1322 alius,
2299 1265 2356 1311 et
2391 1255 2538 1327 quod
2564 1255 2870 1328 prohibitus
2892 1256 2963 1312 sit
2990 1270 3021 1311 a
3046 1255 3272 1326 Spiritu,
3313 1263 3369 1309 et
3396 1250 3540 1323 quod

1929 1346 1984 1402 in
2022 1348 2270 1404 terminis
2299 1358 2503 1414 essent,
2536 1364 2604 1405 ex
2637 1348 2723 1403 his
2765 1347 3021 1405 omnibus
3051 1346 3168 1403 haec
3210 1344 3539 1402 inferebant.

1927 1438 2182 1509 Alioquin
2213 1440 2486 1511 navigatio
2514 1439 2645 1496 illud
2677 1439 2983 1496 indicabat:
3012 1454 3190 1511 neque
3225 1440 3372 1495 enim
3403 1435 3544 1492 mul-

1929 1540 2042 1587 tum
2075 1541 2288 1603 tempus
2312 1543 2450 1597 erat,
2484 1547 2593 1605 quo
2630 1534 2688 1588 in
2735 1533 2887 1588 illam
2930 1531 3262 1588 Macedonia:
3301 1528 3540 1586 radicem

1927 1638 2207 1684 venerant.
2232 1629 2409 1698 Atque
2437 1629 2507 1684 ita
2530 1627 2801 1683 dissensio
2822 1628 3027 1683 utiliter
3047 1626 3264 1697 provisa
3294 1623 3415 1680 fuit.
3434 1622 3543 1679 Nc-

1926 1736 2032 1792 que
2060 1721 2203 1776 enim
2234 1721 2367 1777 alias
2395 1720 2631 1792 Spiritus
2652 1729 2874 1777 sanctus
2897 1730 3157 1791 operatus
3172 1728 3339 1781 esset,
3366 1732 3544 1791 neque

1927 1812 2241 1872 Macedonia
2267 1814 2493 1871 verbum
2520 1816 2870 1885 suscepisset.
2899 1814 3106 1870 Tantus
3137 1827 3267 1869 vero
3298 1812 3389 1869 ille
3412 1826 3540 1883 pro-

1928 1907 2100 1962 fectus
2126 1908 2339 1980 signum
2369 1916 2506 1972 erat,
2534 1923 2647 1963 rem
2673 1917 2880 1979 gestam
2904 1923 3012 1962 non
3030 1906 3198 1961 fuisse
3221 1904 3537 1960 humanam.

1926 2000 2087 2071 Atqui
2110 2016 2217 2055 non
2242 1999 2398 2067 dixit,
2418 2001 2721 2055 Barnabam
2750 2000 3141 2056 exacerbatum
3169 1998 3371 2063 fuisse;
3402 1996 3524 2062 sed,

1926 2092 2074 2147 Inter
2101 2093 2219 2148 illos
2245 2094 2496 2149 dissensio
2516 2094 2635 2165 fuit.
2664 2093 2723 2151 Si
2765 2093 2853 2149 hic
2881 2092 3238 2150 exacerbatus
3282 2106 3394 2149 non
3417 2099 3537 2159 est,
3598 2124 3603 2131 ι

1928 2201 2103 2256 neque
2129 2185 2240 2241 ille.

1998 2281 2052 2336 5.
2098 2280 2226 2336 Ητεο
2254 2296 2377 2337 cum
2400 2282 2656 2353 sciamus,
2694 2295 2765 2337 ne
2790 2279 3159 2352 perfunctorie
3184 2280 3275 2337 illa
3296 2277 3538 2350 excipia-

1926 2391 2066 2439 mus.
2098 2376 2193 2433 sed
2236 2376 2510 2432 discamus
2542 2387 2600 2432 et
2643 2375 3019 2440 instituamur;
3061 2389 3237 2446 neque
3284 2375 3428 2428 enim
3459 2380 3540 2427 te-

1924 2483 2075 2523 mere
2102 2468 2366 2539 scriptum
2392 2477 2494 2523 est.
2515 2467 2762 2540 Magnum
2782 2467 2984 2523 malum
3010 2476 3096 2523 est
3121 2468 3375 2537 ignorare
3393 2463 3540 2521 Scri-

1925 2569 2143 2629 pturas:
2165 2575 2196 2615 a
2222 2561 2419 2631 quibus
2443 2560 2619 2631 juvari
2649 2568 2947 2631 oporteret,
2973 2559 3042 2615 ab
3069 2560 3135 2615 iis
3157 2559 3425 2614 laedimur.
3445 2556 3537 2613 Sic

1924 2655 2231 2723 frequenter
2252 2652 2543 2724 pharmaca
2564 2653 2672 2707 vim
2696 2652 2953 2710 medendi
2974 2652 3250 2717 habentia,
3271 2667 3394 2708 cum
3417 2649 3537 2722 ejus

1924 2761 2080 2800 nsum
2109 2747 2360 2801 nesciunt
2389 2746 2481 2815 qui
2523 2745 2613 2800 illa
2643 2744 2926 2807 adhibent.
2961 2754 3159 2800 nocent
3184 2757 3248 2797 ac
3292 2756 3538 2813 pessum-

1923 2830 2087 2884 dant:
2113 2840 2169 2886 et
2192 2845 2343 2885 arma
2374 2846 2495 2901 qua:
2524 2840 2752 2900 possunt
2776 2830 2939 2895 tueri,
2971 2829 3077 2885 nisi
3102 2830 3223 2900 quis
3248 2835 3403 2885 recte
3428 2826 3538 2883 cir-

1920 2930 2233 2992 cumponat,
2254 2922 2318 2977 iis
2334 2932 2574 2977 utentem
2594 2923 2890 2993 perimunt.
2910 2921 3081 2978 Causa
3104 2936 3235 2978 vero
3262 2929 3367 2985 est,
3390 2919 3534 2992 quod

1920 3014 2098 3069 omnia
2151 3014 2323 3085 magis
2351 3029 2680 3085 quaeramus,
2710 3030 2871 3086 quam
2903 3014 3101 3070 anima:
3129 3013 3449 3080 utilitatem;
3477 3022 3535 3070 et

1918 3107 2022 3163 alia
2049 3108 2224 3178 magis
2246 3117 2580 3177 spectemus,
2609 3123 2771 3179 quam
2799 3108 3092 3165 utilitatem
3122 3116 3390 3163 nostram.
3422 3107 3533 3162 Do-

1919 3215 2040 3255 mus
2078 3212 2226 3256 certe
2252 3200 2566 3257 firmitatem
2597 3215 2742 3273 stepe
2779 3200 3095 3273 quaerimus,
3148 3214 3251 3257 nec
3294 3200 3531 3271 patimur

1918 3291 2071 3347 illam
2098 3300 2371 3347 vetustate
2394 3302 2681 3349 nutantem
2704 3293 2788 3349 vel
2818 3293 3092 3349 labentem
3116 3291 3325 3355 videre.
3358 3307 3534 3363 neque

1917 3396 1947 3435 a
1971 3390 2289 3453 tempestate
2308 3383 2706 3454 periclitantem
2727 3401 2740 3437 :
2755 3382 2824 3439 de
2840 3385 3021 3439 anima
3033 3398 3166 3441 vero
3183 3384 3330 3440 nulla
3355 3397 3483 3439 cura
3507 3401 3521 3437 :

1918 3474 2013 3531 sed
2043 3476 2260 3532 etiamsi
2292 3475 2642 3554 fundamenta
2673 3477 2797 3547 ejus
2825 3477 3041 3534 infirma
3079 3477 3383 3542 videamus,
3407 3478 3530 3534 licet

1917 3578 1974 3625 ct
1996 3577 2328 3624 structuram
2357 3578 2413 3625 et
2444 3578 2646 3625 tectum
2672 3569 2899 3641 perinde
2930 3570 3163 3638 habere;
3197 3572 3402 3627 nullam
3425 3570 3529 3626 ho-

1917 3678 2037 3719 rum
2063 3664 2330 3718 rationem
2360 3662 2644 3720 habemus.
2682 3663 2815 3719 Item
2843 3664 2890 3721 si
2918 3673 3167 3721 armenta
3208 3665 3527 3732 habeamus,

1917 3756 2048 3828 quid
2076 3755 2182 3811 illis
2206 3756 2382 3827 prosit
2406 3756 2725 3827 quzerimus,
2758 3755 3121 3827 ductoresque
3158 3773 3223 3813 ac
3260 3758 3524 3823 medicos,

1915 3865 2243 3921 omnemque
2263 3849 2497 3921 lapidem
2524 3864 2808 3906 movemus
2826 3850 2844 3882 ⁸
2866 3868 2880 3905 :
2906 3849 3097 3907 domos
3125 3866 3343 3923 quoque
3367 3867 3529 3909 cura-

1918 3957 2059 4006 mus,
2087 3951 2145 3997 et
2171 3956 2268 3997 eos
2296 3942 2493 4012 quibus
2523 3940 2642 3997 hcce
2668 3941 2960 3998 commissa
2986 3952 3112 3999 sunt
3134 3944 3438 4010 hortamur,
3466 3956 3526 4001 ut

1916 4052 2025 4092 non
2056 4047 2262 4093 temere
2286 4037 2373 4093 vel
2397 4035 2765 4108 perfunctorie
2803 4039 3049 4109 jumenta
3074 4036 3316 4110 abigant,
3347 4054 3526 4112 neque

1915 4143 2080 4185 onera
2110 4130 2409 4201 imponant,
2452 4128 2538 4185 vel
2586 4129 2911 4200 intempesta
2942 4139 3103 4186 nocte
3143 4130 3400 4199 educant,
3432 4131 3523 4188 vel

1914 4222 2173 4276 alimenta
2199 4219 2551 4287 venumdent,
2586 4221 2878 4293 multaeque
2915 4221 3062 4293 leges
3089 4221 3232 4294 apud
3262 4236 3363 4279 nos
3392 4233 3523 4280 sunt

1914 4314 1981 4371 ad
2008 4314 2295 4370 utilitatem
2327 4313 2698 4384 iumentorum
2724 4333 2738 4370 :
2761 4314 2831 4371 de
2856 4316 3033 4372 anima
3062 4317 3201 4373 ratio
3228 4317 3397 4373 nulla.
3415 4317 3524 4376 Ve-

1914 4422 2035 4463 rum
2066 4406 2194 4477 quid
2221 4406 2343 4463 dico
2363 4406 2431 4463 de
2452 4407 2646 4475 brutis,
2672 4424 2793 4479 qure
2814 4408 2972 4464 nobis
2998 4409 3147 4465 utilia
3170 4411 3331 4466 sunt?
3363 4409 3521 4468 Multi

1915 4507 2061 4566 sunt,
2091 4500 2183 4571 qui
2214 4514 2463 4570 passeres
2489 4500 2690 4556 habent
2718 4500 2787 4557 ad
2816 4502 2949 4558 nihil
2976 4503 3158 4567 utiles.
3191 4502 3289 4561 sed
3313 4505 3403 4577 qui
3429 4520 3520 4563 so-

1913 4593 2025 4648 lum
2051 4602 2321 4661 recreant,
2345 4593 2640 4665 multaeque
2660 4606 2788 4651 sunt
2814 4597 2956 4653 circa
2998 4597 3121 4653 illos
3152 4598 3321 4669 leges,
3350 4600 3519 4657 nihil-

1912 4701 2017 4758 que
2030 4685 2317 4757 negligitur
2332 4686 2417 4743 vel
2432 4686 2697 4743 omittitur
2713 4705 2728 4743 :
2752 4692 3036 4762 omniaque
3054 4694 3224 4765 magis
3240 4709 3517 4762 curamus,

1913 4793 2073 4848 quam
2099 4794 2197 4834 nos
2225 4778 2393 4849 ipsos.
2425 4777 2517 4835 Sic
2546 4780 2799 4837 omnibus
2828 4799 3013 4840 sumus
3059 4785 3431 4856 ignobiliores.
3461 4788 3518 4844 Si

1918 4872 2039 4941 quis
2059 4873 2454 4929 contumeliose
2476 4874 2633 4929 nobis
2652 4873 2869 4943 dixerit,
2892 4876 3075 4947 Canis,
3100 4880 3349 4939 dolemus
3364 4900 3377 4913 ·
3398 4898 3520 4939 cum

1915 4978 2046 5019 vero
2072 4978 2172 5018 nos
2199 4963 2300 5035 ipsi
2332 4965 2490 5021 nobis
2519 4969 2901 5024 contumeliam
2926 4969 3229 5041 inferimus,
3264 4991 3372 5032 non
3402 4993 3523 5034 ver-

1916 5055 2003 5121 bo,
2037 5054 2132 5110 sed
2156 5071 2238 5122 re,
2267 5072 2369 5113 nec
2392 5066 2596 5113 tantam
2622 5061 2817 5116 animae
2842 5076 3027 5117 curam
3051 5063 3333 5135 habemus,
3353 5084 3516 5141 quam

1920 5163 2138 5212 canum,
2162 5147 2296 5203 nihil
2322 5164 2422 5203 nos
2446 5151 2555 5220 pati
2579 5161 2850 5222 putamus.
2879 5154 3071 5211 Videte
3098 5160 3313 5228 quantis
3341 5163 3522 5217 omnia

1920 5241 2079 5310 plena
2105 5240 2215 5295 sint
2244 5241 2503 5298 tenebris.
2532 5242 2678 5310 Quot
2706 5254 2834 5301 sunt
2868 5247 2957 5317 qui
2988 5250 3227 5318 student,
3258 5270 3327 5309 ne
3355 5270 3520 5313 canes

1918 5332 2037 5401 plus
2063 5348 2217 5403 :rquo
2244 5335 2608 5401 exsatientur;
2641 5346 2701 5393 ut
2728 5340 2839 5394 sint
2882 5340 3100 5399 veloces
3151 5354 3207 5400 et
3250 5352 3520 5405 venatorii

1918 5437 2193 5495 premente
2224 5426 2395 5495 fame;
2414 5427 2483 5484 de
2504 5444 2565 5485 se
2585 5446 2717 5487 vero
2740 5433 2868 5487 nihil
2892 5434 3270 5494 sollicitudinis
3292 5440 3515 5509 habent,

1918 5534 2090 5590 neque
2130 5519 2234 5574 sibi
2281 5523 2624 5592 praecipiunt,
2655 5540 2725 5580 ne
2750 5526 2959 5583 deliciis
3001 5528 3131 5585 dent
3177 5547 3434 5603 operam:
3468 5548 3519 5591 et

1914 5612 2067 5667 bruta
2100 5612 2320 5683 quidem
2351 5613 2726 5685 philosophari
2755 5618 2974 5689 docent,
3003 5637 3065 5679 se
3093 5639 3223 5680 vero
3250 5626 3301 5682 in
3332 5628 3516 5685 bruto-

1910 5721 2029 5761 rum
2060 5706 2324 5762 feritatem
2350 5708 2459 5765 labi
2487 5711 2781 5782 patiuntur.

1974 5862 2075 5943 1min
2083 5864 2259 5943 ligatae
2272 5863 2619 5943 legitur-gs".
2633 5884 2748 5927 κάλων
2764 5890 2949 5939 “mw,
2972 5879 3101 5943 quod
3121 5886 3214 5943 est,
3240 5884 3518 5942 adllteram.

1924 5938 2111 5977 omnem
2128 5926 2393 5991 pannum
2418 5926 2676 5985 meremur.
