4088 6330
1242 416 1297 471 S.
1337 405 1609 468 JOANNIS
1645 393 2119 457 CllliYSOSTOMl
2162 389 2473 446 ARCIIIEP.
2503 386 3028 445 CONSTANTINOI'.
3696 379 3806 438 253

2224 503 2464 557 infideles
2493 503 2629 556 bene
2658 512 2837 571 agunt.
2869 511 2921 553 et
2952 502 3074 553 fera:
3096 514 3391 570 canesque;
3423 498 3525 554 soli
3555 498 3805 554 homines

2225 596 2460 650 minime.
2496 594 2601 651 Sed
2635 605 2687 649 et
2730 609 2826 648 nos
2872 595 2969 664 ipsi
3015 609 3114 648 nos
3138 594 3528 658 accusabimus,
3558 596 3647 663 qui
3679 611 3805 650 cum

2227 692 2494 751 volumus,
2528 698 2673 743 recte
2702 690 2937 757 agimus;
2968 702 3111 747 curm
3132 704 3260 742 vero
3302 687 3643 758 negligimus,
3678 706 3809 757 per-

2230 783 2507 835 trahimur.
2529 780 2658 835 Nam
2683 781 2831 835 exiis
2850 783 3031 847 etiam,
3055 782 3142 850 qui
3168 782 3473 851 nequissimi
3493 790 3635 845 sunt,
3658 781 3814 837 multi

2232 889 2374 941 smpe
2400 890 2521 929 cum
2550 874 2767 937 vellent,
2793 883 2919 927 sunt
2946 874 3151 927 mutati.
3179 873 3234 927 lu
3265 890 3421 928 causa
3448 883 3549 940 est,
3577 885 3635 929 ut
3676 876 3812 943 dixi,

2235 967 2357 1034 quia
2381 966 2688 1031 circuimns,
2706 982 2766 1019 ea
2786 974 3086 1035 quaerentes
3100 984 3218 1035 qua:
3236 969 3356 1023 aliis
3379 970 3524 1024 utilia
3537 984 3681 1037 sunt,
3707 987 3817 1025 non

2238 1060 2411 1114 nobis.
2434 1060 2487 1115 Si
2511 1059 2725 1114 domum
2744 1062 3070 1116 exstruxeris
3088 1061 3443 1131 splendidam,
3460 1063 3651 1120 domus
3671 1080 3823 1119 com-

2244 1151 2402 1204 modo
2422 1150 2626 1217 studes,
2654 1166 2759 1205 non
2788 1161 2909 1206 tuo:
2942 1154 2985 1206 si
3018 1162 3219 1208 vestem
3246 1154 3578 1222 magnificam
3598 1156 3824 1217 emeris.

2244 1245 2485 1313 corporis
2516 1243 2695 1298 decori
2734 1246 2997 1305 consulis.
3030 1262 3134 1300 non
3168 1255 3258 1301 tuo
3286 1266 3299 1301 :
3328 1247 3373 1302 si
3400 1263 3594 1318 equum
3626 1249 3827 1304 bonum

2244 1335 2533 1401 Curaveris,
2569 1336 2836 1391 similiter.
2879 1337 3047 1392 Nemo
3074 1350 3225 1393 curat
3253 1349 3313 1394 ut
3338 1341 3406 1395 sit
3432 1342 3606 1394 anima
3634 1341 3777 1396 bona
3814 1360 3829 1397 :

537 427 633 480 251

618 538 884 589 Brutorum
910 528 1227 599 philosOpltia
1254 541 1385 597 qtae.
1405 553 1473 562 ——
1501 519 1744 586 Enigma
1768 523 1848 568 est
1870 512 1983 565 lucc
2006 521 2113 561 res.

549 630 613 682 lit
644 628 854 681 ubinam
878 632 1002 678 sunt
1028 621 1276 676 animalia
1300 613 1631 688 philoSOpba,
1665 606 1902 678 inquies?
1931 604 2119 656 Annon

550 722 642 774 tibi
670 718 879 771 videtur
909 730 1115 786 magna
1140 727 1259 769 esse
1285 705 1654 781 plliIOSOphim,
1680 717 1798 757 cum
1827 696 1975 751 canis
2007 709 2129 764 pre—

550 822 725 866 mente
743 809 904 873 fame,
932 817 1207 879 postquam
1230 807 1280 858 in
1300 810 1486 855 venatu
1510 797 1671 866 cepit,
1690 811 1717 848 a
1741 790 1984 864 prmsenti
2004 804 2124 841 csca

549 904 802 967 abstinet,
836 915 889 957 et
920 910 1138 971 urgente
1161 898 1296 952 fame
1321 892 1592 949 dominum
1610 884 1911 956 exspectat?
1931 882 2131 937 Pudeat

556 1013 683 1052 vos:
711 1005 925 1051 ventres
964 994 1153 1049 docete
1195 998 1424 1051 vestros,
1459 995 1517 1041 ut
1562 988 1631 1038 ita
1673 984 1779 1037 sint
1805 975 2127 1049 philosophi.

558 1089 707 1144 Nulla
736 1088 885 1142 vobis
914 1084 1184 1141 excusatio
1211 1089 1311 1136 est.
1358 1080 1489 1134 Cum
1522 1085 1724 1131 natura:
1763 1066 2132 1148 irrationabili,

560 1196 678 1251 qum
718 1195 816 1234 nec
847 1177 1078 1247 loquitur
1108 1188 1206 1228 nec
1244 1170 1608 1229 ratiocinatur,
1660 1174 1856 1219 tantam
1902 1158 2138 1229 philoso-

566 1273 742 1337 phiam
776 1268 959 1323 indere
1004 1268 1200 1336 possis,
1252 1263 1420 1318 multo
1469 1259 1637 1331 magis
1668 1254 1867 1327 poteris
1893 1253 1984 1306 tibi
2016 1251 2133 1320 ipsi.

564 1363 713 1429 Quod
742 1360 881 1415 enim
914 1375 979 1413 ex
1013 1360 1240 1412 humana
1263 1355 1555 1425 diligentia,
1588 1367 1691 1405 non
1714 1365 1777 1403 ex
1810 1356 1993 1401 natura
2021 1359 2143 1413 pro-

569 1454 834 1506 ticiscatur
860 1449 1059 1516 liquet;
1089 1447 1323 1515 alioquin
1350 1453 1623 1514 oporteret
1649 1452 1836 1492 omnes
1857 1449 2016 1490 canes
2044 1433 2144 1487 hoc

569 1544 785 1596 habere.
822 1538 1009 1593 Estote
1048 1538 1239 1592 saltem
1269 1538 1408 1591 sicut
1451 1547 1633 1588 canes.
1680 1530 1788 1585 Vos
1830 1544 1915 1583 me
1956 1527 2145 1596 cogitis

572 1636 694 1687 hinc
720 1632 957 1700 exempla
985 1630 1211 1683 ducere:
1245 1627 1566 1697 oportuisset
1595 1624 1736 1679 enim
1769 1637 1796 1674 a
1826 1619 2145 1679 caelestibus;

572 1727 693 1795 quia
724 1738 849 1779 vero
877 1723 922 1779 si
957 1722 1060 1776 tale
1087 1720 1359 1791 quidpiam
1392 1720 1599 1783 dixero,
1641 1716 1818 1770 dicitis
1848 1714 1936 1767 illa
1964 1726 2150 1782 magna

574 1833 689 1872 esse
712 1837 724 1873 :
750 1817 869 1871 ideo
902 1816 1035 1869 nihil
1078 1813 1368 1869 czelestium
1415 1825 1674 1866 memoro.
1706 1808 1761 1863 Si
1802 1807 1987 1861 dixero
2014 1806 2151 1859 Pau-

580 1908 909 1973 lum,dicitis
951 1908 1098 1960 illum
1146 1904 1310 1959 fuisse
1354 1900 1683 1973 apostolum;
1718 1899 1837 1952 ideo
1880 1911 1985 1950 non
2035 1894 2155 1949 dico

580 2001 820 2055 Paulum.
853 1998 908 2053 Si
940 1998 1122 2052 dixero
1145 1995 1436 2060 hominem,
1467 1992 1674 2052 dicetis,
1698 1989 1788 2044 llle
1817 1988 2012 2057 potuit;
2038 1986 2157 2041 ideo

583 2109 754 2161 neque
786 2092 1053 2145 hominem
1084 2088 1224 2153 dico,
1267 2088 1358 2141 sed
1388 2085 1635 2148 bestiam,
1682 2090 1735 2136 et
1776 2082 1999 2135 bestiam
2040 2095 2159 2150 qua:

584 2186 683 2238 hoc
704 2198 809 2238 non
834 2198 895 2237 ex
930 2190 1117 2235 natura
1140 2195 1233 2233 sua
1262 2178 1440 2241 habet,
1474 2192 1541 2230 ne
1563 2174 1754 2229 dicatis
1778 2174 1944 2241 ipsam
1972 2188 2036 2226 ex
2064 2187 2160 2224 na-

587 2287 703 2329 tura
736 2275 953 2338 habere,
986 2288 1092 2327 non
1121 2288 1184 2327 ex
1218 2270 1496 2341 preposito
1537 2282 1666 2331 suo;
1697 2264 1944 2335 quodque
1971 2265 2162 2317 mirum

588 2375 691 2429 est,
725 2382 831 2420 non
860 2364 1133 2434 proposito
1159 2377 1276 2427 suo,
1308 2360 1400 2415 sed
1424 2373 1549 2414 cura
1589 2367 1695 2413 tua.
1734 2356 1846 2411 Non
1875 2356 2015 2423 quod
2044 2354 2165 2407 fati-

591 2467 731 2523 gata,
768 2472 871 2509 non
900 2454 1039 2523 quod
1071 2468 1229 2507 cursu
1274 2452 1559 2519 discerpta,
1604 2463 1708 2502 non
1756 2446 1899 2515 quod
1950 2446 2167 2515 pr0prio

595 2547 773 2601 labore
798 2555 942 2614 parta
969 2544 1080 2597 hmo
1106 2544 1333 2612 cogitet;
1362 2541 1457 2595 sed
1484 2540 1563 2593 his
1591 2537 1839 2593 omnibus
1872 2535 2012 2590 foras
2044 2536 2170 2591 mis-

596 2640 689 2704 sis,
707 2640 909 2705 jUSSllm
930 2636 1129 2690 domini
1149 2642 1327 2689 servat
1343 2644 1389 2688 et
1414 2643 1597 2687 ventre
1615 2630 1673 2685 lit
1690 2631 1952 2700 superior.
1976 2630 2168 2693 Etiam,

599 2729 838 2797 inquies;
867 2734 1141 2794 exspectat
1186 2726 1328 2778 enim
1381 2722 1605 2782 laudari,
1653 2728 1926 2791 eXSpectat
1974 2720 2175 2789 majore

600 2818 701 2872 frui
732 2832 934 2872 mensa.
962 2817 1053 2869 Dic
1085 2814 1243 2885 igitur
1274 2813 1364 2868 tibi
1394 2814 1513 2881 ipsi,
1547 2828 1731 2866 canem
1752 2826 1847 2882 spe
1868 2812 2059 2867 fotum
2080 2827 2176 2865 vo-

523 2918 529 2921 ‘
604 2910 815 2977 luptatis
846 2916 1160 2977 pra‘scnlem
1182 2906 1486 2975 despicere;
1513 2913 1566 2958 tu
1593 2919 1720 2958 vero
1744 2919 1850 2957 non
1875 2905 1956 2959 vis
1982 2920 2077 2973 spe
2100 2904 2179 2958 fu-

606 3010 842 3051 tororum
896 2998 1157 3051 bonorum
1212 2996 1491 3065 pra'sentia
1531 3003 1895 3049 contemnere.
1940 2996 2044 3050 Sed
2091 2996 2180 3049 ille

606 3090 815 3158 quidem
848 3089 1015 3152 nmil,
1048 3090 1090 3141 si
1124 3087 1493 3155 intempestive
1513 3094 1562 3139 et
1592 3096 1788 3155 prmter
1816 3085 2060 3153 placitum
2084 3085 2182 3139 do-

612 3182 741 3236 mini
770 3182 947 3235 cibum
978 3181 1240 3249 degustet,
1274 3180 1365 3235 illo
1390 3178 1549 3233 etiam
1574 3177 1886 3247 privandum
1917 3192 2054 3243 esse,
2080 3192 2177 3231 nec

613 3282 847 3343 paratam
888 3287 1063 3328 escam
1106 3271 1405 3325 habiturum
1437 3286 1575 3334 esse,
1610 3270 1703 3325 sed
1736 3271 1914 3340 plagas
1946 3286 2038 3339 pro
2062 3271 2182 3326 cibo

614 3375 983 3433 accepturum;
1020 3374 1071 3417 tu
1106 3378 1231 3418 vero
1263 3379 1329 3417 ne
1360 3362 1458 3417 hoc
1488 3362 1700 3433 quidem
1727 3370 1875 3431 potes
1902 3362 2081 3419 videre
2105 3384 2117 3417 :
2137 3374 2191 3417 et

616 3458 754 3526 quod
782 3458 868 3512 ille
898 3472 926 3510 a
950 3455 1335 3511 consuetudine
1377 3455 1580 3518 didicit,
1633 3454 1735 3508 hoc
1765 3465 1819 3509 tu
1848 3455 2054 3509 ratione
2085 3472 2191 3510 non

617 3549 889 3605 emendas.
922 3547 1193 3601 imitemur
1220 3561 1399 3599 canes.
1427 3544 1539 3599 lloc
1560 3544 1808 3600 dicuntur
1827 3553 1882 3600 et
1909 3546 2195 3615 accipitres

620 3651 670 3695 et
698 3641 886 3707 aquila:
918 3638 1123 3702 facere;
1158 3646 1210 3691 et
1240 3637 1379 3691 sicut
1422 3638 1560 3691 inter
1600 3635 1741 3690 feras
1783 3646 1836 3690 et
1861 3650 2081 3705 capreas
2110 3652 2199 3691 ca-

623 3750 739 3797 nes,
768 3733 844 3785 sic
876 3731 927 3785 hi
960 3731 1097 3784 inter
1124 3745 1249 3783 aves
1280 3727 1512 3781 faciunt:
1537 3726 1591 3781 hi
1625 3742 1749 3781 vero
1779 3728 1936 3782 etiam
1982 3742 2047 3783 cx
2095 3726 2198 3781 ltu-

629 3838 783 3877 mana
824 3822 1176 3892 philosophia.
1215 3820 1339 3874 llaec
1385 3834 1482 3874 nos
1529 3819 1782 3875 damnare
1812 3831 2053 3889 possunt,
2087 3819 2202 3875 hmc

631 3930 727 3969 nos
753 3928 963 3983 capere.
998 3913 1153 3967 Aliud
1185 3913 1387 3966 dicam:
1413 3925 1579 3980 equos
1605 3921 1840 3981 agrestes
1879 3921 1933 3967 et
1971 3913 2203 3967 indomi-

631 4018 734 4071 tos,
765 4006 1102 4060 calcitrantes
1132 4013 1183 4059 ct
1210 4004 1537 4069 mordentes,
1570 4002 1715 4057 brevi
1745 4013 1982 4073 tempore
2012 4006 2081 4058 ita
2114 4020 2204 4074 pc—

540 4126 543 4129 λ
634 4098 717 4151 riti
750 4096 1015 4160 erudiunt,
1045 4106 1100 4149 ut
1124 4110 1287 4165 eques
1318 4094 1553 4149 insidens
1582 4109 1647 4148 ex
1676 4094 1969 4165 composito
1995 4096 2206 4151 incessu

633 4189 931 4243 obluctetur
971 4189 1244 4242 :auimam
1294 4201 1420 4241 vero
1474 4186 1822 4255 incomposite
1876 4187 2207 4243 incedentem

640 4300 797 4339 nemo
826 4295 993 4350 curat,
1027 4283 1117 4339 sed
1141 4282 1314 4337 exsilit
1340 4282 1445 4349 illa,
1476 4281 1736 4347 calcitrat,
1764 4279 2015 4335 deorsum
2046 4282 2212 4335 trahi-

643 4390 726 4432 tur
756 4388 811 4431 ut
837 4393 991 4446 puer,
1024 4376 1272 4431 indecore
1302 4376 1496 4430 millies
1540 4375 1666 4445 agit,
1700 4389 1964 4443 nemoque
1992 4375 2092 4445 ipsi
2123 4391 2214 4429 ca-

646 4485 789 4523 mum
824 4468 990 4537 injicit
1028 4477 1079 4521 et
1109 4467 1397 4521 retinacula
1442 4466 1656 4536 pedum,
1701 4468 1782 4521 vel
1834 4466 2001 4533 frena,
2046 4483 2212 4538 neque

647 4559 879 4613 admittit
912 4560 998 4611 illa
1034 4558 1259 4626 peritum
1305 4558 1558 4627 equitem.
1608 4556 1876 4611 Christum
1920 4558 2060 4613 dico.
2097 4559 2217 4612 Ideo

650 4650 825 4703 omnia
854 4664 945 4703 sus
973 4648 1143 4716 deque
1170 4650 1337 4717 posita
1362 4657 1503 4701 sunt.
1536 4648 1665 4701 Cum
1690 4649 1828 4702 enim
1852 4664 2010 4705 canes
2030 4650 2218 4706 doceas

2246 1430 2488 1498 quamvis
2504 1430 2547 1483 si
2572 1429 2661 1483 illa
2678 1428 2816 1483 bona
2845 1429 2934 1490 sit.
2964 1446 3066 1484 non
3091 1432 3160 1484 sit
3185 1433 3289 1486 illis
3310 1448 3472 1501 opus;
3496 1434 3538 1487 si
3564 1435 3701 1488 bona
3722 1450 3830 1488 non

2250 1524 2336 1586 sit,
2367 1522 2509 1576 nulla
2538 1538 2603 1577 ex
2632 1522 2736 1575 illis
2764 1522 2983 1577 utilitas.
3012 1522 3161 1577 Sicut
3187 1524 3329 1579 enim
3368 1540 3490 1580 cum
3536 1524 3602 1579 de
3632 1540 3836 1595 sponsa

2252 1615 2443 1684 agitur,
2476 1614 2594 1669 sive
2638 1614 2760 1669 lecti
2805 1615 2913 1668 sint
2959 1630 3027 1669 ex
3074 1616 3427 1671 velamiuibus
3474 1617 3672 1681 aureis,
3720 1619 3841 1671 sive

2254 1705 2402 1759 chori
2436 1705 2719 1761 mulierum
2754 1705 3282 1774 formosissimarum,
3325 1710 3440 1763 sive
3486 1724 3621 1763 rosa:
3659 1709 3844 1763 adsint

2256 1806 2310 1851 et
2335 1812 2570 1861 coronae,
2599 1797 2711 1851 sive
2740 1812 2971 1866 sponsus
3001 1798 3288 1861 formosus,
3332 1799 3445 1854 sive
3472 1799 3700 1863 ancillae,
3725 1799 3846 1854 sive

2259 1888 2443 1941 amica:
2473 1896 2784 1957 cunctaeque
2811 1887 3023 1943 decora:
3052 1891 3176 1953 sint,
3224 1889 3267 1943 si
3318 1890 3407 1943 illa
3451 1891 3705 1945 deformis
3749 1890 3845 1958 sit,

2264 1979 2406 2033 nulla
2430 1979 2661 2043 utilitas;
2693 1988 2751 2033 ut
2780 1996 2954 2049 neque
2980 1980 3254 2047 damnum,
3285 1983 3329 2036 si
3353 1983 3441 2035 illa
3481 1982 3697 2051 pulchra
3731 1984 3847 2046 sit;

2264 2074 2372 2127 imo
2399 2082 2603 2127 contra.
2640 2072 2770 2127 Nam
2794 2075 2836 2127 si
2865 2073 3119 2128 deformis
3144 2076 3232 2139 sit,
3262 2092 3290 2130 a
3321 2076 3567 2131 formosis
3591 2076 3850 2141 ιίειιειιιη

2268 2164 2310 2217 si
2336 2163 2589 2230 formosa,
2621 2180 2649 2217 a
2678 2164 3005 2221 deformibus
3043 2166 3334 2235 jnvabitur.
3365 2169 3454 2223 Sic
3483 2179 3536 2221 et
3566 2170 3767 2235 anima,
3803 2171 3855 2222 si

2272 2256 2486 2324 pulchra
2517 2258 2605 2322 sit,
2651 2272 2756 2310 non
2784 2257 2944 2311 modo
2970 2259 3117 2312 nullo
3163 2264 3349 2314 horum
3378 2275 3513 2330 opus
3543 2260 3724 2327 habet,
3758 2259 3859 2313 sed

2272 2348 2432 2401 etiam
2466 2348 2552 2401 illa
2599 2348 2884 2403 obumbrat
2913 2350 3256 2418 pulchritudo
3285 2352 3420 2421 ejus.
3469 2352 3860 2421 Philosophum

2274 2438 2414 2491 enim
2446 2452 2555 2491 non
2600 2438 2677 2491 sic
2708 2439 2758 2491 in
2800 2439 3027 2505 divitiis,
3061 2451 3115 2493 ut
3146 2442 3198 2494 in
3229 2452 3539 2511 paupertate
3568 2442 3862 2512 fulgentem

2276 2527 2593 2584 videbimus.
2626 2529 2756 2584 Nam
2787 2531 2829 2585 si
2859 2531 3009 2586 dives
3036 2534 3125 2598 sit,
3157 2533 3304 2586 multi
3332 2534 3523 2601 opibus
3547 2532 3865 2587 adscribunt

2276 2622 2551 2686 virtutem,
2585 2630 2768 2689 utpote
2800 2624 2946 2677 nullo
2969 2633 3214 2694 egentem
3238 2642 3250 2675 :
3280 2625 3325 2679 si
3357 2639 3486 2679 vero
3512 2625 3582 2679 sit
3611 2625 3789 2695 in0ps,
3809 2633 3868 2680 et

2282 2712 2501 2767 omnino
2526 2714 2825 2783 Splendeat,
2846 2731 2947 2771 nec
2967 2725 3118 2786 turpe
3134 2717 3403 2787 quidpiam
3422 2733 3579 2787 agere
3606 2728 3866 2788 cogatur;

2286 2822 2443 2862 nemo
2470 2823 2590 2861 cum
2617 2810 2709 2863 illo
2736 2809 2800 2863 de
2830 2809 3177 2880 philosophia:
3202 2824 3401 2864 corona
3426 2812 3721 2865 contendit.

2358 2903 2542 2955 Anima
2571 2902 2803 2953 ornanda
2832 2902 2947 2971 plus
2976 2918 3126 2970 quam
3153 2903 3257 2955 alia
3304 2904 3492 2957 omnia.
3528 2932 3598 2941 —
3619 2902 3872 2956 Animam

2287 2994 2447 3064 igitur
2473 3008 2747 3058 ornemus,
2777 2994 2821 3048 si
2847 2993 3037 3048 divites
3066 3007 3185 3048 esse
3212 2994 3458 3047 velimus.
3483 2993 3611 3061 Qua:
3642 2995 3871 3059 utilitas,

2293 3088 2337 3141 si
2368 3088 2525 3141 mulm
2554 3087 2687 3141 alba:
2718 3087 2843 3152 sint,
2880 3086 3101 3156 pingues
3131 3096 3184 3141 et
3207 3086 3404 3150 obesa,
3438 3094 3493 3140 tu
3521 3100 3650 3140 vero
3677 3087 3768 3156 qui
3790 3101 3877 3141 se-

2296 3179 2412 3245 des,
2443 3180 2676 3249 gracilis,
2708 3179 2982 3233 scabiosus
3006 3188 3060 3233 et
3084 3178 3374 3233 deformis?
3396 3178 3537 3247 quod
3566 3179 3798 3240 lucrum,
3830 3177 3877 3232 si

2300 3280 2463 3325 strata
2513 3270 2690 3325 mollia
2736 3279 2791 3324 et
2834 3271 3079 3339 pulchra,
3127 3272 3389 3325 varietate
3428 3281 3650 3339 arteque
3683 3271 3877 3339 plena;

2298 3364 2472 3417 anima
2502 3380 2630 3417 vero
2657 3363 2847 3433 pannis
2878 3364 3066 3418 laceris
3096 3364 3298 3422 induta.
3330 3363 3410 3419 vel
3442 3363 3579 3417 nuda
3620 3371 3673 3416 et
3703 3362 3884 3417 fceda?

2299 3454 2441 3524 quod
2480 3456 2707 3520 lucrum,
2755 3457 2797 3508 si
2844 3469 3014 3524 equus
3041 3456 3340 3524 composito
3368 3454 3532 3526 gradu
3566 3454 3797 3518 incedat,
3830 3463 3887 3509 et

2304 3548 2678 3618 tripudiantem
2706 3549 2872 3618 magis
2898 3548 3111 3614 referat,
3136 3565 3293 3619 quam
3312 3548 3667 3614 incedentem,
3693 3557 3887 3617 etpost

2303 3638 2607 3709 hujusmodi
2647 3639 2897 3693 cheream
2928 3640 3161 3708 Sponsali
3204 3641 3273 3694 sit
3315 3647 3630 3693 ornamento
3659 3637 3889 3693 decora-

2308 3741 2421 3795 tus;
2445 3746 2609 3801 eques
2629 3748 2760 3785 vero
2792 3733 2911 3801 plus
2934 3746 3092 3801 quam
3120 3730 3341 3785 claudus
3376 3730 3659 3794 claudicet,
3688 3738 3745 3784 et
3772 3730 3892 3798 plus

2308 3839 2465 3893 quam
2492 3824 2735 3878 ebriosus
2755 3825 2873 3893 quis
2906 3824 3242 3893 furiosusque
3271 3824 3527 3878 distortus
3557 3824 3625 3877 sit
3648 3822 3894 3877 manibus

2311 3914 2662 3985 pedibusque.
2699 3916 2793 3969 Dic
2823 3915 2979 3981 mihi,
3009 3917 3053 3970 si
3083 3916 3203 3986 quis
3245 3915 3338 3970 tibi
3381 3915 3536 3970 daret
3564 3930 3759 3985 equum
3786 3914 3899 3984 pul-

2313 4008 2522 4073 chrum,
2552 4016 2606 4062 et
2644 4024 2838 4078 corpus
2870 4019 3015 4062 tuum
3066 4008 3445 4078 distorquoret,
3498 4023 3617 4077 qua:
3660 4006 3898 4061 utilitas?

2313 4099 2465 4156 Nunc
2491 4102 2723 4155 animam
2756 4099 3036 4155 distortam
3071 4098 3258 4165 habes,
3287 4114 3388 4155 nec
3413 4114 3587 4154 curas.
3639 4099 3715 4153 De
3744 4098 3899 4154 nobis

2317 4192 2465 4263 ipsis,
2490 4209 2692 4263 quaeso,
2727 4192 2939 4247 tandem
2962 4192 3181 4248 solliciti
3203 4196 3388 4246 simus.
3419 4192 3497 4247 Ne
3524 4206 3623 4246 nos
3650 4192 3903 4246 omnibus

2319 4288 2785 4357 iguominiosiores
2814 4286 3221 4341 constituamus.
3264 4284 3321 4340 Si
3347 4286 3465 4355 quis
3506 4299 3603 4339 nos
3647 4284 3905 4340 conviciis

2322 4382 2574 4444 incessat,
2606 4380 2916 4435 mordernur
2959 4379 3339 4451 dolemusque;
3383 4395 3502 4434 cum
3534 4394 3661 4434 vero
3700 4393 3801 4433 nos
3847 4393 3908 4434 re

2326 4475 2438 4546 ipsa
2465 4474 2797 4530 contumeliis
2820 4474 3101 4539 afticimus,
3150 4489 3253 4529 non
3279 4473 3662 4528 convertimur.
3694 4471 3907 4540 Resipi-

2326 4582 2538 4622 scamus
2570 4568 2648 4620 vel
2677 4582 2799 4621 sero
2823 4566 3058 4634 tandem,
3088 4574 3146 4620 ut
3170 4566 3459 4636 possimus,
3490 4576 3770 4636 postquam
3794 4566 3913 4620 ani-

2328 4675 2469 4715 mam
2500 4661 2883 4726 curaverimus,
2936 4669 2989 4716 et
3038 4660 3288 4716 virtutem
3332 4661 3675 4724 eolucrimus,
3709 4669 3913 4715 aeterna

653 4742 823 4796 ventri
855 4741 1137 4811 imperare,
1180 4749 1234 4793 et
1265 4740 1495 4793 furorem
1528 4739 1695 4793 leonis
1722 4739 1960 4803 edomes,
2000 4752 2052 4796 et
2082 4741 2224 4796 fero-

657 4833 791 4883 ciam
833 4831 971 4899 equi,
1020 4841 1074 4884 et
1102 4830 1295 4883 doceas
1324 4843 1449 4883 aves
1481 4829 1621 4899 loqui
1659 4844 1673 4882 :
1715 4844 1892 4883 annon
1935 4830 2223 4884 absurdum

662 4922 821 4976 fuerit
850 4922 1019 4975 brutis
1048 4923 1245 4975 naturis
1267 4922 1591 4976 rationabilis
1624 4938 1783 4991 opera
1826 4924 2028 4988 indere,
2061 4928 2111 4980 in
2140 4943 2227 4979 ra-

666 5012 933 5067 tionabilia
964 5027 1092 5067 vero
1132 5012 1569 5065 irrationabilium
1598 5014 1722 5066 vitia
1766 5014 2051 5070 inducere?
2076 5016 2229 5072 Nulla

668 5103 839 5166 nobis,
871 5102 1014 5165 nulla
1042 5110 1187 5157 certe
1213 5102 1366 5155 venia
1409 5111 1509 5155 est.
1541 5100 1737 5155 Omnes
1773 5104 1859 5169 qui
1890 5105 2023 5159 bene
2048 5118 2229 5177 agunt,

667 5204 770 5246 tam
806 5193 987 5247 fideles
1028 5208 1184 5262 quam
1234 5192 1496 5257 infideles,
1526 5207 1622 5246 nos
1648 5194 1988 5249 accusabunt.
2017 5196 2148 5251 Nam
2182 5210 2235 5255 et

2330 4758 2580 4827 consequi
2611 4757 2770 4822 bona,
2817 4759 2987 4828 gratia
3020 4766 3073 4812 et
3118 4756 3443 4826 benignitate
3485 4756 3693 4811 Domini
3740 4757 3914 4811 nostri

2330 4847 2455 4903 Jesu
2482 4847 2701 4913 Christi,
2736 4854 2949 4920 quicum
2995 4850 3137 4922 Patri
3177 4859 3233 4904 et
3261 4848 3479 4919 Spiritui
3508 4860 3697 4903 sancto
3717 4849 3915 4919 gloria,

2334 4941 2637 5011 imperium,
2680 4943 2873 5009 honor,
2904 4958 3045 4998 nunc
3083 4951 3139 4998 et
3163 4957 3394 5012 semper,
3416 4951 3473 4997 et
3504 4942 3555 4995 in
3582 4942 3778 4997 uacula
3809 4954 3915 4995 se.

2336 5033 2593 5091 culorum.
2620 5035 2810 5089 Amen.

660 5326 3936 5364 ._____________“__“_____________

1964 5405 2304 5475 HOMILIA
2348 5415 2615 5483 XXXV.

666 5544 796 5599 Car.
832 5544 913 5597 16.
960 5560 1011 5595 v.
1061 5546 1144 5599 15.
1198 5544 1291 5597 Die
1316 5553 1479 5597 autem
1508 5543 1825 5597 sabbatorum
1862 5550 2237 5615 cgressisumus

744 5637 865 5689 urbe
893 5652 1058 5689 versus
1092 5638 1319 5705 fluvium,
1352 5639 1434 5689 ubi
1474 5637 1661 5691 solebat
1707 5640 1867 5692 oratio
1898 5658 2001 5695 esse
2030 5659 2048 5696 :
2082 5656 2128 5697 et
2158 5663 2237 5699 se-

744 5734 911 5783 dentes
952 5730 1269 5798 loquebamur
1295 5731 1601 5790 mulieribus.
1632 5748 1744 5799 qm'e
1768 5748 2115 5791 convenerant.
2150 5740 2234 5795 14.

749 5824 810 5875 lit
837 5823 1063 5889 qua‘dam
1093 5825 1269 5880 mulier
1304 5827 1503 5880 nomine
1534 5822 1713 5895 Lydia,
1756 5833 2081 5899 purpuraria,
2112 5833 2236 5887 civi-

2415 5574 2531 5624 tatis
2582 5570 3039 5643 Thyatirenorum,
3074 5579 3241 5631 colens
3285 5576 3465 5644 Deum,
3513 5581 3703 5635 audivit
3733 5598 3751 5635 :
3782 5585 3929 5652 cuius

2415 5663 2664 5720 Dominus
2690 5682 2777 5720 cer
2806 5671 3023 5737 aperuit,
3052 5680 3105 5723 ut
3132 5671 3405 5726 attenderet
3426 5673 3488 5727 iis
3506 5689 3622 5744 qua
3634 5675 3929 5730 dicebamus

2418 5776 2449 5813 α
2472 5760 2654 5816 Paulo.

2423 5850 2472 5902 1.
2508 5848 2702 5903 Paulus
2724 5849 2980 5919 judaizat.
3017 5847 3192 5921 Lydia:
3218 5852 3539 5926 philosoyln‘a
3561 5864 3609 5909 et
3632 5852 3929 5917 humilitas.
