4088 6330
217 425 311 484 251

203 550 315 603 θὺκ
342 548 495 600 ἐστιν
530 547 659 617 ὑμῖν
687 545 972 613 ἀπολογία.
1016 542 1405 612 Ἀλόγῳηφύσει
1434 540 1681 612 δυνηθεὶς
1710 538 1883 593 ἐνθεῖ-

202 653 285 689 ναι
313 634 440 689 οῦτε
489 634 837 705 φθεγγομένη
885 632 1009 685 οῦτε
1056 631 1318 702 λογισμὸν
1369 629 1568 701 ἐχούσῃ
1612 628 1883 697 τοσαύτην

203 723 544 793 φιλοσοφίαν,
588 721 768 792 πολλῴ
829 721 1029 791 μᾶλλον
1079 720 1285 792 δυνήσῃ
1339 717 1542 787 σαυτῷ.
1598 716 1720 769 Ὅτι
1775 716 1885 786 γάρ

203 812 525 883 ἐπιμελείας
582 812 929 882 ἀνθρωπίνης
983 811 1134 873 ἐστὶ,
1194 810 1290 863 xui
1340 809 1399 861 ού
1432 806 1670 876 φύσεως,
1716 806 1883 875 ἐχρῆν

203 900 451 965 ἅπαντας
489 901 645 954 τοῦτο
665 899 793 963 τοὺς
821 897 990 962 κύνας
1014 898 1179 968 ἔχειν.
1208 894 1439 950 Γένεσθε
1460 889 1553 947 οὖν
1578 892 1721 947 κατά
1759 894 1885 955 τοὺς

203 987 391 1050 κύνας.
447 988 637 1059 Ὑμεῖς
668 1004 735 1058 με
762 986 1100 1055 ἀναγκάζετε
1125 985 1332 1040 ἐκεῖθεν
1355 984 1424 1037 τά
1460 981 1886 1053 παραδείγματα

201 1077 422 1147 φέρειν·
454 1076 560 1128 ἔδει
599 1074 697 1144 μὲν
727 1076 834 1147 γάρ
868 1075 981 1129 ἀπὸ
1012 1074 1118 1128 τῶν
1144 1073 1411 1142 οὐρανίων
1434 1090 1445 1102 ·
1478 1071 1667 1140 ἐπειδὴ
1694 1069 1783 1132 δέ,
1818 1068 1885 1121 ἂν

199 1165 341 1217 εἴπω
392 1181 446 1216 τι
488 1161 757 1227 τοιοῦτον,
791 1162 978 1233 λέγετε
1008 1164 1090 1216 ὅτι
1137 1163 1321 1215 ἐκεῖνα
1371 1159 1584 1231 μεγάλα
1618 1160 1746 1224 είσὶ,
1796 1156 1886 1211 διὰ

199 1251 358 1304 τοῦτο
391 1248 546 1304 οὐδὲν
571 1251 716 1319 λέγω
738 1250 847 1305 τῶν
872 1251 931 1303 ού
943 1251 1157 1322 ρανίων.
1198 1250 1318 1305 Κᾶν
1352 1250 1493 1303 είπω
1522 1249 1613 1301 τὸν
1636 1248 1847 1301 Παῦλον
1865 1288 1882 1315 ,

201 1339 391 1407 λέγετε
421 1340 503 1393 ὅτι
534 1340 743 1401 ἐκεῖνος
763 1338 1061 1402 ἀπόστολος
1092 1334 1159 1410 ἧν
1179 1355 1192 1370 ο
1224 1338 1311 1391 διὰ
1331 1337 1491 1390 τοῦτο
1520 1336 1641 1389 οὐδὲ
1672 1335 1884 1389 Παῦλον

202 1426 368 1495 λέγω.
402 1429 499 1479 “Av
522 1428 662 1481 εἵπω
698 1426 1003 1497 ἄνθρωπον,
1031 1426 1219 1496 λέγετε
1260 1428 1345 1479 ὅτι
1379 1427 1587 1487 ἐκεῖνος
1620 1423 1878 1495 ἠδύνατο--

202 1515 291 1569 διὰ
310 1515 471 1570 τοῦτο
498 1516 619 1569 οὐδὲ
831 1514 1117 1586 ἄνθρωπον
1144 1515 1308 1583 λέγω,
1340 1514 1477 1567 ἀλλά
1522 1512 1709 1583 θηρίον
1729 1552 1744 1575 ,
1790 1512 1884 1565 xui

204 1604 394 1676 θηρίον
418 1604 480 1657 ού
514 1603 674 1673 φύσει
701 1603 859 1656 τοῦτο
885 1603 1026 1675 ἔχον,
1046 1604 1132 1656 ἵνα
1158 1602 1231 1672 μὴ
1261 1602 1452 1671 εῖπητε
1477 1601 1558 1653 ὅτι
1586 1599 1765 1669 φύσει,
1792 1600 1886 1653 xui

199 1693 259 1745 οὐ
290 1692 615 1764 προαιρέσει
634 1690 796 1745 τοῦτο
811 1691 1176 1763 κατώρθωσεν
1205 1691 1297 1743 xui
1325 1691 1385 1743 τὸ
1414 1689 1478 1760 δὴ
1498 1701 1523 1729 ι
1548 1688 1883 1757 θαυμαστὸν,

200 1780 523 1852 προαιρέσει
549 1780 648 1833 ούκ
684 1780 881 1850 οίκείᾳ,
928 1780 1063 1834 ἀλλά
1101 1782 1166 1851 τῇ
1205 1782 1271 1851 σῇ
1313 1778 1625 1849 ἐπιμελείᾳ.
1653 1778 1764 1846 Οὐχ
1803 1777 1886 1829 ὅτι

201 1869 510 1937 κατεκόπη,
543 1868 641 1939 οὐχ
692 1869 776 1922 ὃτι
826 1869 1130 1939 διεσπάσθη
1173 1868 1250 1937 τῷ
1288 1867 1495 1937 δρόμῳ,
1529 1867 1625 1935 οὐχ
1665 1867 1745 1918 ὅτι
1774 1867 1888 1929 τοῖς

199 1956 426 2020 οἰκείοις
459 1957 623 2009 αὑτοῦ
659 1956 841 2020 πόνοις
870 1956 1082 2021 ἐλαϐεν,
1118 1958 1317 2012 ἐννοεῖ’
1344 1955 1479 2010 ἀλλά
1505 1956 1682 2008 πάντα
1711 1954 1887 2010 ταῦτα

202 2044 367 2115 ῥίψας
413 2044 539 2110 ἔξω,
574 2043 758 2098 τὸτοῦ
810 2045 1073 2099 δεσπότου
1109 2046 1437 2116 πρόσταγμα
1470 2044 1726 2113 φυλάττει
1793 2044 1888 2097 καὶ

200 2131 442 2201 γαστρὸς
476 2130 749 2201 ἀνώτερον
774 2133 801 2172 b
834 2132 1063 2202 γίνεται.
1104 2133 1235 2197 Nui,
1262 2132 1395 2203 φησί
1416 2146 1430 2161 θ
1467 2133 1744 2203 προσδοκᾷ
1776 2131 1886 2202 γὰρ

200 2220 679 2289 ἐπαινεθήσεσθαι,
729 2222 1003 2293 προσδοκᾷ
1046 2221 1289 2285 πλείονος
1318 2221 1722 2275 ἀπολαύσεσθαι
1754 2237 1888 2291 τρα-

200 2306 393 2376 πέζης.
433 2308 568 2361 Εἰπὲ
592 2306 684 2362 οὖν
710 2309 804 2361 xui
834 2309 1031 2380 σαυτῷ,
1052 2310 1134 2363 ὅτι
1158 2312 1186 2363 ό
1208 2309 1359 2362 κύων
1381 2309 1555 2362 ἐλπίδι
1586 2308 1886 2379 μελλούσης

200 2396 417 2465 ἡδονῆς,
454 2396 554 2467 τῆς
581 2397 864 2469 παρούσης
902 2399 1269 2468 καταφρονεῖ·
1308 2398 1372 2450 σὺ
1408 2398 1465 2451 δέ
1507 2386 1566 2450 οὗ
1597 2396 1777 2467 βούλει
1801 2396 1885 2449 ἐλ-

200 2483 310 2536 πίδι
333 2470 463 2536 τῶιῘ
475 2484 779 2555 μελλόντων
797 2485 1019 2555 ἀγαθῶν
1038 2486 1147 2539 τῶν
1170 2486 1455 2556 παρόντων
1484 2488 1848 2555 καταφρονεῖν
1868 2502 1881 2514 ·

198 2570 311 2623 ἀλλ’
346 2574 560 2636 ἐκεῖνος
598 2574 695 2643 μὲν
723 2570 867 2626 οἶδεν
896 2575 1000 2636 δτι,
1032 2573 1097 2627 ἂν
1149 2574 1395 2641 ἀκαίρως
1429 2573 1525 2626 xui
1548 2572 1701 2642 παρὰ
1726 2572 1785 2625 τὸ
1807 2572 1886 2643 τῷ

197 2660 433 2730 δεσπότῃ
461 2660 651 2713 δοκοῦν
677 2660 777 2730 τῆς
807 2661 1013 2733 τροφῆς
1039 2660 1436 2731 ἀπογεύσηται,
1465 2661 1722 2731 κάκείνης
1747 2662 1886 2713 ἀπο-

201 2747 629 2818 στερηθήσεται,
692 2748 784 2801 καὶ
834 2749 954 2803 οὐδὲ
994 2749 1092 2821 τήν
1142 2750 1456 2821 ὡρισμένην
1502 2749 1632 2815 ἕξει,
1671 2750 1885 2819 πληγάς

198 2836 376 2889 λαϐὼν
402 2838 529 2890 ἀντὶ
555 2837 655 2907 τῆς
688 2839 893 2909 τροφῆς
916 2856 929 2869 ·
951 2840 1016 2892 σὺ
1048 2839 1107 2893 δέ
1135 2838 1255 2891 οὐδὲ
1278 2838 1436 2893 τοῦτο
1472 2839 1697 2892 δύνασαι
1732 2839 1883 2902 ἰδεῖν,

197 2927 289 2979 καὶ
324 2928 470 2996 ὅπερ
501 2925 610 2978 ἀπὸ
664 2926 762 2998 τῆς
792 2927 1077 2999 συνηθείας
1119 2926 1321 2996 ἔμαθεν
1358 2929 1563 2989 ἐκεῖνος
1585 2968 1598 2989 ,
1629 2928 1787 2980 τοῦτο
1819 2929 1883 2981 σὺ

196 3015 301 3067 ἀπὸ
322 3014 489 3082 λόγου
519 3015 579 3067 ού
604 3014 909 3084 κατορθοῖς.
942 3014 1331 3085 Μιμησώμεθα
1356 3017 1482 3078 τοὺς
1507 3016 1692 3077 κύνας.
1712 3015 1885 3068 Τοῦτο

195 3101 442 3170 λέγονται
481 3101 578 3155 καὶ
608 3101 826 3173 ἱέρακες
866 3104 1038 3155 ποιεῖν
1081 3104 1175 3155 καὶ
1214 3102 1381 3156 ἀετοί.
1433 3102 1613 3173 Ὅπερ
1645 3102 1738 3156 ἐπὶ
1774 3102 1883 3155 τῶν

196 3190 453 3259 ἀλόγων(⁵
505 3191 598 3243 xui
652 3190 761 3243 τῶν
815 3190 1093 3261 δορκάδων
1143 3192 1363 3253 ἐκεῖνοι,
1412 3189 1572 3243 τοῦτο
1625 3190 1719 3243 ἐπὶ
1774 3190 1883 3243 τῶν

194 3280 425 3350 ὀρνίθων
478 3273 663 3333 οῦτοι·
726 3280 820 3334 xui
874 3272 1022 3333 οῦτοι
1077 3280 1134 3332 δέ
1188 3280 1349 3332 πάλιν
1404 3280 1513 3332 ἀπὸ
1564 3278 1883 3348 φιλοσοφίας

195 3371 567 3440 ἀνθρωπίνης.
634 3368 820 3423 Ταῦτα
877 3370 1025 3438 ἡμᾶς
1076 3368 1437 3421 καταδικάσαι
1503 3368 1652 3447 ἔχει,
1710 3368 1883 3421 ταῦτα

195 3460 340 3526 ήμῶς
380 3457 545 3510 ἐλείν.
582 3458 735 3511 Εῖπω
763 3459 858 3510 καὶ
882 3456 1068 3527 ἕτερον
1089 3496 1102 3517 ,
1157 3457 1357 3518 ἵππους
1385 3454 1613 3525 ἀγρίους
1647 3455 1742 3507 xui
1786 3457 1882 3507 ἀν-

193 3562 227 3614 η
236 3546 440 3615 μέρους
469 3544 745 3607 λαϐόντες,
769 3543 1124 3608 λακτίζοντας
1141 3544 1234 3596 xui
1263 3543 1581 3605 δάκνοντας,
1612 3544 1667 3595 ἐν
1692 3543 1886 3614 βραχεῖ

192 3635 369 3703 χρόνῳ
398 3631 550 3685 οῦτω
579 3632 923 3685 παιδεύουσιν
960 3633 1009 3685 οἱ
1058 3632 1338 3702 ἔμπειροι,
1374 3632 1448 3695 ὼς
1476 3632 1566 3684 τὸν
1612 3632 1884 3702 ἐπιϐάτην

192 3723 405 3791 τρυφᾷν
452 3719 542 3773 τὸν
581 3719 988 3792 ἐπικαθήμενον
1031 3720 1109 3790 τῷ
1155 3718 1255 3789 τῆς
1286 3718 1551 3789 βαδίσεως
1597 3721 1880 3789 εύτάκτῳ·

191 3810 292 3877 τῆς
333 3811 389 3863 δέ
433 3810 618 3880 ψυχῆς
668 3811 881 3864 ἄτακτα
936 3808 1260 3879 βαδιζούσης
1304 3808 1481 3871 οὐδεὶς
1517 3810 1879 3879 ἐπιμελεῖται,

193 3900 325 3952 ἀλλά
347 3900 445 3952 καὶ
648 3898 742 3951 xui
770 3897 1017 3962 λακτίζει
1042 3899 1136 3952 καὶ
1171 3897 1396 3969 σύρεται
1420 3898 1596 3967 χαμαὶ
1626 3898 1881 3970 καθάπερ

192 3990 426 4053 παιδίον,
463 3989 558 4040 xui
590 3990 894 4057 ἀσχημονεῖ
928 3988 1118 4058 μυρία,
1153 3990 1248 4041 xui
1277 3986 1453 4049 οὐδεὶς
1490 3989 1627 4059 αύτῇ
1652 3987 1884 4056 ψαλίδας

193 4076 539 4147 περιτίθησιν
567 4076 689 4129 οὐδὲ
724 4076 1066 4144 ποδόστροφα
1086 4075 1206 4128 οὐδὲ
1246 4074 1519 4145 χαλινοὺς,
1552 4075 1663 4127 οὐδ’
1686 4078 1884 4129 ἐπικα-

193 4165 329 4229 θίζει
359 4166 455 4218 τὸν
484 4164 747 4235 ἔμπειρον
776 4163 1064 4233 ἐπιϐάτην,
1096 4162 1187 4217 τὸν
1217 4164 1451 4235 Χριστὸν
1480 4163 1643 4231 λέγω.
1676 4164 1881 4219 Διά’τοι

190 4254 348 4308 τοῦτο
379 4254 560 4307 πάντα
591 4253 705 4307 ἀνω
741 4253 836 4305 xui
864 4251 1015 4305 κάτω
1042 4251 1287 4321 γέγονεν.
1324 4252 1489 4305 Ὅταν
1512 4250 1621 4323 γὰρ
1655 4253 1751 4306 xui
1781 4271 1883 4322 γα-

194 4345 350 4415 στρὸς
379 4345 607 4415 κρατεῖν
637 4340 809 4405 κύνας
832 4339 1116 4413 παιδεύῃς,
1151 4342 1245 4394 xui
1274 4341 1444 4412 θυμὸν
1480 4342 1539 4396 ἐν
1576 4342 1750 4396 λέοντι
1786 4342 1878 4395 δα-

192 4433 398 4505 μάζῃς,
428 4433 524 4484 xui
558 4428 783 4495 ἀταξίαν
803 4431 861 4481 ἐν
884 4430 1091 4493 ἵπποις,
1124 4431 1217 4483 xui
1245 4430 1577 4497 εύγλωττίαν
1602 4431 1659 4483 ἐν
1679 4430 1875 4501 ὄρνισι,

190 4519 308 4581 πῶς
345 4518 447 4570 οὐκ
470 4518 669 4570 ἀτοπον
696 4519 753 4569 ἐν
787 4516 887 4586 μὲν
919 4515 1135 4584 ἀλόγοις
1170 4515 1364 4583 φύσεσι
1398 4516 1590 4585 λογικά
1612 4518 1877 4571 ἐντιθέναι

189 4604 614 4675 κατορθώματα,
645 4605 705 4657 ἐν
733 4603 788 4657 δὲ
823 4604 1069 4673 λογικαῖς
1090 4604 1156 4657 τά
1187 4604 1293 4656 τῶν
1322 4604 1532 4673 ἀλόγων
1564 4605 1879 4675 ἐπεισάγειν

189 4694 370 4764 πάθη;
429 4694 544 4746 Ούκ
579 4691 726 4745 ἐστιν
768 4693 919 4762 ἡμῖν,
973 4692 1074 4744 οὐκ
1116 4692 1233 4744 ἐστι
1286 4692 1608 4763 συγγνώμη.
1670 4694 1879 4758 Πάντες

188 4784 349 4852 ἡμῶν
378 4784 849 4852 κατηγορήσουσιν
876 4780 927 4832 οἱ
968 4780 1415 4850 κατωρθωκότες,
1447 4782 1540 4834 καὶ
1574 4784 1753 4835 πιστοὶ
1780 4784 1875 4837 xui

187 4874 407 4925 ἄπιστοι
428 4888 442 4900 ⁸
481 4870 577 4923 xui
609 4872 717 4939 γὰρ
747 4868 843 4923 xui
884 4868 1103 4923 ἀπιστοι
1135 4868 1505 4940 κατώρθωσαν
1529 4911 1543 4933 ,
1576 4872 1670 4924 xui
1708 4870 1875 4942 θηρία

188 4961 279 5012 xui
306 4959 488 5021 κύνες,
522 4957 625 5010 οὐκ
657 4955 933 5010 ἀνθοωποι
961 4958 1120 5029 μόνον
1140 4974 1151 4986 ·
1184 4958 1276 5009 xui
1308 4958 1465 5030 ἡμεῖς
1507 4958 1662 5031 ήμῶν
1694 4960 1875 5014 αὐτῶν

188 5099 266 5215 5³·
288 5100 366 5212 ἐμ
383 5113 502 5149 mss.
526 5096 824 5161 quibusdam
844 5096 901 5162 δή
923 5097 1069 5148 deest
1153 5097 1178 5137 δ
1201 5096 1298 5146 Alii
1330 5096 1583 5161 ἀνώτερος.

254 5177 303 5214 νι
328 5176 422 5212 ms.

254 5176 422 5214 unus.

1655 5103 1677 5128 ιε
1699 5102 1875 5163 Λαγῶν

1284 424 1351 480 ΙΝ
1386 422 1568 481 ACTA
1606 416 2403 479 APOSTOLORUMJIOMIL.
2441 412 2659 469 XXXV.

3565 400 3669 454 25?.

1988 534 2471 605 κατηγορήσομεν,
2518 531 2646 584 ὅταν
2702 527 2801 598 μὲν
2860 523 3200 596 βουλώμεθα,
3255 518 3671 593 κατορθοῦντες,

1986 625 2113 678 ὅταν
2162 623 2219 674 δὲ
2272 620 2629 693 ρᾳθυμῶμεν,
2686 614 3105 687 ὑποσυρόμενοι.
3148 613 3262 667 Καὶ
3308 611 3418 681 γάρ
3472 608 3581 661 τῶν
3618 608 3675 657 ἐν

1989 713 2196 783 σφοδρᾷ
2231 711 2400 781 κακία
2450 710 2619 762 όντων
2656 706 2842 759 πολλοὶ
2882 703 3143 767 πολλάκις
3180 700 3506 772 θελήσαντες
3543 709 3675 783 μετέ

1987 781 2259 856 ἐϐάλοντο.
2298 800 2371 853 Τὸ
2398 798 2453 852 δέ
2488 798 2681 860 αἴτιον,
2713 794 2849 865 ὅπερ
2873 793 3029 862 ἐφην,
3072 792 3155 844 ὃτι
3179 785 3582 860 περιερχόμεθα
3606 781 3675 835 τά

1986 894 2189 962 ἐτέρων
2250 890 2601 960 συμφέροντα
2649 882 2976 956 ζητοῦντες,
3039 883 3099 934 ού
3148 879 3245 953 13‘
3265 877 3533 950 ἡμέτερα.
3563 874 3677 962 -Ἃν

1984 959 2163 1031 οἰκίαν
2212 959 2576 1046 οἰκοδομήσῃς
2623 971 2905 1044 λαμπράν,
2938 969 2998 1022 τὸ
3030 968 3131 1038 τῆς
3174 967 3356 1028 οἰκίας
3394 959 3676 1033 συμφέρον

1986 1063 2145 1128 εἶδες,
2173 1066 2235 1118 ού
2261 1064 2321 1117 τὸ
2351 1064 2444 1117 σόν
2464 1081 2476 1093 ·
2510 1064 2575 1116 ἂν
2612 1061 2828 1131 ἱμάτιον
2856 1058 3029 1130 λάϐῃς
3058 1055 3244 1116 καλὸν,
3276 1052 3336 1107 τὸ
3356 1048 3451 1104 τοῦ
3488 1046 3671 1116 σῶμα·

1985 1171 2099 1217 τος,
2122 1154 2183 1208 ού
2213 1153 2274 1206 τὸ
2298 1153 2389 1205 σόν
2412 1169 2426 1184 ο
2463 1150 2529 1206 ἂν
2558 1150 2725 1203 ἵππον
2762 1147 2951 1209 καλὸν,
2984 1144 3267 1205 ὡσαύτως.
3302 1137 3493 1201 Οὐδεὶς
3528 1136 3679 1196 ὅπως

1988 1243 2143 1296 ἐσται
2174 1243 2320 1312 ψυχὴ
2368 1240 2505 1310 καλὴ
2549 1240 2774 1291 σκοπεῖ·
2822 1237 3000 1289 καίτοι
3033 1232 3240 1297 ταύτης
3271 1228 3438 1295 οῦσης
3479 1223 3674 1293 καλῆς,

1985 1332 2197 1395 οὐδενὸς
2236 1332 2462 1384 ἐκείνων
2515 1328 2749 1383 δεῖ-οὑκ
2798 1324 2965 1397 οῦσης
2994 1324 3069 1388 δὲ,
3125 1320 3278 1375 οὐδὲν
3341 1316 3400 1381 ἐξ
3452 1312 3676 1397 ἐκείνων

1985 1393 2194 1489 δφελοςξ
2226 1419 2495 1489 Καθάπερ
2528 1417 2637 1487 γὰρ
2684 1415 2775 1468 ἐπὶ
2820 1393 3072 1484 νύμφης,
3101 1408 3203 1463 κᾶν
3241 1403 3513 1464 παστάδες
3544 1393 3677 1489 ῶσιν

1988 1511 2050 1563 ὲκ
2072 1487 2589 1579 παραπετασμάτων
2622 1503 2861 1576 χρυσῶν,
2902 1502 3007 1555 κᾶν
3057 1498 3211 1571 χοροὶ
3249 1489 3351 1549 ῶσι
3401 1487 3679 1579 γυναικῶν

1988 1596 2373 1651 εύειδεστάτων
2406 1595 2500 1649 καὶ
2528 1593 2732 1656 καλῶν,
2770 1591 2873 1646 κᾶν
2912 1590 3041 1662 ῥόδα
3090 1587 3195 1641 κᾶν
3228 1584 3541 1652 στέμματα,
3577 1575 3680 1628 κᾶν

1988 1688 2017 1739 ό
2040 1684 2274 1755 νυμφίος
2301 1684 2465 1747 καλὸς
2496 1678 2553 1757 ᾖ,
2576 1683 2682 1735 κᾶν
2715 1683 2769 1734 αἱ
2795 1679 3126 1751 θεράπαιναι
3155 1673 3261 1729 κᾶν
3293 1673 3349 1727 αἱ
3382 1669 3535 1757 φίλαι
3575 1664 3681 1757 κᾶν

1992 1748 2192 1837 πάντες
2221 1748 2529 1847 εὐπρεπεῖς.
2564 1766 2733 1831 ὦσιν,
2770 1748 2923 1841 [268]
2982 1765 3165 1835 ἐκείνη
3219 1761 3276 1817 δέ
3318 1756 3607 1847 ἀμορφιαξ

1993 1863 2187 1934 μεστὴ,
2214 1844 2406 1930 ὄφελος
2427 1860 2610 1913 οὐδέν·
2644 1858 2833 1929 ὥσπερ
2862 1853 2954 1910 οὖν
2988 1854 3111 1909 ούδέ
3146 1851 3319 1918 καλῆς
3361 1847 3528 1915 οὔσης
3560 1841 3679 1915 βλά-

1990 1932 2081 2013 ϐος
2104 1932 2163 2003 τι
2185 1950 2381 2020 γένοιτ’
2412 1949 2478 2003 ἂν
2510 1950 2616 2002 ἀπὸ
2640 1947 2867 2013 τούτων,
2899 1943 3036 1998 ἀλλὰ
3065 1942 3159 1995 :fui
3183 1937 3514 1994 τούναντίον.
3548 1932 3682 1985 Ἀπὸ

1993 2040 2090 2111 μὲν
2120 2039 2229 2109 γὰρ
2252 2038 2474 2091 ἐκείνων
2498 2036 2749 2108 ἀμόρφου
2772 2033 2961 2100 οὔσης,
2984 2029 3341 2102 ἀμορφότερα
3359 2025 3425 2079 ἂν
3450 2023 3676 2111 φαίεἷηξ

1990 2109 2098 2181 ἀπὸ
2149 2127 2206 2180 δὲ
2254 2126 2459 2180 τούτων
2506 2124 2815 2196 ὡραιοτέρα
2866 2121 2931 2175 ἂν
2980 2120 3212 2190 γένοιτο.
3271 2113 3427 2169 Οῦτω
3462 2111 3527 2182 δὴ
3588 2109 3683 2161 xui

1989 2215 2166 2286 ψυχὴν
2208 2217 2335 2268 ὅταν
2376 2209 2409 2286 ᾖ
2468 2214 2639 2283 καλὴ,
2670 2212 2732 2265 ού
2783 2211 2943 2281 μόνον
2978 2207 3191 2269 οὐδενὸς
3239 2204 3414 2258 δεῖται
3449 2198 3677 2257 τούτων,

1990 2305 2125 2357 ἀλλὰ
2153 2305 2245 2356 xui
2276 2302 2559 2366 συσκιάζει
2586 2301 2648 2355 τὸ
2670 2300 2867 2362 κάλλος
2893 2299 3084 2368 αὐτῆς.
3119 2291 3363 2361 Τὸνγάρ
3392 2288 3680 2358 φιλόσοφον

1989 2393 2085 2461 ούχ
2115 2391 2288 2455 οὕτως
2314 2393 2371 2445 ἐν
2407 2382 2647 2460 πλούτῳ,
2695 2389 2769 2451 ὡς
2799 2390 2856 2441 ἐν
2891 2386 3052 2455 πενίᾳ
3098 2380 3343 2452 ὀψόμεθα
3369 2378 3677 2447 λάμποντα.

2002 2480 2149 2534 Ἐκεῖ
2198 2480 2297 2550 μὲν
2325 2480 2442 2560 γςὶιρ⁸
2479 2482 2591 2542 τοῖς
2625 2478 2874 2549 χρήμασι
2909 2474 3069 2527 τοῦτο
3108 2469 3295 2524 πολλοὶ
3333 2464 3643 2535 λογιοῦνται
3665 2504 3678 2527 ,

1990 2576 2083 2628 καὶ
2113 2573 2191 2645 τῷ
2228 2576 2304 2644 μή
2334 2553 2491 2625 ἐνδεᾶ
2527 2570 2828 2642 χρημάτων
2869 2562 3039 2619 εἶναι’
3071 2565 3199 2617 ὅταν
3229 2560 3285 2613 δέ
3315 2558 3477 2628 πενία
3520 2553 3677 2624 συζῇ,

1989 2666 2084 2719 xui
2105 2664 2193 2718 διὰ
2229 2667 2449 2719 πάντων
2471 2664 2686 2733 λάμπῃ,
2714 2659 2811 2713 xui
2846 2658 3013 2729 μηδὲν
3046 2652 3270 2725 αἰσχρὸν
3302 2647 3681 2717 ἀναγκάζηται

1988 2756 2185 2817 ποιεῖν,
2211 2754 2311 2807 οὐκ
2340 2752 2418 2806 ἔτι
2437 2752 2595 2813 ἀλλος
2623 2768 2701 2814 τις
2735 2747 3049 2817 διανέμεται
3093 2743 3230 2815 πρὸς
3276 2738 3439 2795 αὐτὸν
3469 2738 3560 2790 τὸν
3588 2734 3683 2787 ἐπὶ

1988 2844 2052 2913 τῇ
2086 2841 2373 2911 φιλοσοφίᾳ
2391 2840 2677 2909 στέφανον.

2060 2930 2279 3000 Ταύτην
2335 2926 2427 2983 οῦν
2479 2926 2934 2996 καλλωπίζωμεν,
2968 2923 3111 2991 εἴγε
3153 2920 3484 2991 βουλοίμεθα
3517 2918 3682 2966 πλου-

1989 3023 2123 3071 τεῖν.
2156 3020 2219 3072 Τί
2252 3018 2311 3071 τὸ
2340 3019 2552 3087 ὄφελος,
2575 3018 2704 3071 ὃταν
2728 3016 2783 3068 αἱ
2828 3014 2925 3085 μὲν
2962 3011 3177 3082 ἡμίονοι
3219 3005 3414 3061 λευκαὶ
3456 3003 3557 3059 ῶσι
3586 3002 3683 3055 xui

1987 3108 2297 3177 σφριγῶσαι
2316 3108 2411 3160 xui
2444 3105 2887 3175 εύσωματοῦσαι,
2918 3104 2981 3156 σὺ
3004 3102 3063 3155 δέ
3089 3103 3116 3154 ὁ
3146 3098 3456 3169 καθήμενος
3485 3093 3684 3156 λεπτὸς

1988 3197 2082 3250 xui
2108 3196 2390 3266 ψωραλέος
2424 3197 2517 3250 καὶ
2550 3197 2842 3264 δυσειδής;
2875 3192 2927 3246 τί
2968 3192 3055 3245 δαὶ
3098 3189 3157 3243 τὸ
3184 3188 3377 3261 κέρδος
3399 3228 3414 3253 ,
3451 3186 3581 3239 ὅταν
3615 3183 3686 3235 τά

1990 3286 2090 3357 μὲν
2118 3285 2412 3356 στρώματα
2450 3284 2639 3338 άπαλά
2669 3286 2761 3338 καὶ
2785 3282 2930 3336 καλά
2962 3277 3019 3352 ᾗ,
3049 3280 3143 3334 xui
3170 3276 3375 3345 πολλῆς
3408 3272 3684 3335 ποικιλίας

1984 3373 2226 3443 γέμοντα
2257 3373 2353 3426 xui
2402 3372 2685 3442 τέχνης,ή
2734 3371 2791 3423 δέ
2840 3370 2987 3439 ψυχὴ
3021 3368 3189 3439 ῥάκια
3238 3361 3683 3436 περιϐεϐλημένη

1984 3457 2018 3535 ᾔ
2060 3464 2155 3517 καὶ
2210 3462 2391 3533 γυμνὴ
2432 3463 2527 3516 καὶ
2574 3460 2806 3532 αἱσχρά;
2852 3459 2903 3511 τί
2954 3458 3015 3509 τὸ
3062 3455 3279 3528 κέρδος,
3337 3454 3466 3506 ὅταν
3517 3453 3546 3504 ό
3586 3451 3686 3521 μὲν

1986 3552 2155 3614 ἵππος
2183 3549 2423 3603 εῦτακτα
2448 3549 2663 3619 βαδίζῃ,
2716 3550 2812 3601 καὶ
2848 3544 3129 3617 χορεύοντι
3188 3543 3392 3615 μᾶλλον
3424 3540 3619 3603 ἐοικὼς
3651 3539 3683 3610 ἦ

1987 3638 2275 3710 βαδίζοντι,
2307 3638 2404 3691 xui
2433 3637 2571 3709 μετὰ
2594 3640 2695 3707 τῆς
2728 3635 2943 3707 χορείας
2981 3632 3173 3702 κόσμῳ
3202 3646 3227 3672 ει
3264 3628 3685 3700 κεκοσμημένος

1982 3724 2016 3803 ᾖ
2038 3726 2316 3798 νυμφικῷ·
2342 3729 2369 3779 ὁ
2390 3726 2447 3779 δὲ
2477 3726 2886 3795 ἐπικαθήμενος
2910 3722 3017 3775 τῶν
3047 3720 3239 3791 χωλῶν
3273 3719 3477 3789 μᾶλλον
3504 3719 3688 3770 ἀσκωο

1983 3817 2167 3887 λιάζῃ,
2197 3816 2293 3867 xui
2324 3814 2433 3867 τῶν
2489 3813 2800 3885 μεθυόντων
2833 3812 2927 3866 καὶ
2959 3810 3087 3864 τῶν-
3109 3807 3455 3879 μαινομένων
3485 3804 3687 3875 μᾶλλον

1982 3903 2417 3975 διεστραμμένος
2510 3902 2604 3956 xui
2634 3904 2823 3972 χεῖρας
2871 3901 2967 3953 καὶ
3016 3898 3222 3962 πόδας;
3276 3895 3411 3949 Εἰνπέ
3452 3895 3516 3967 δή
3571 3911 3683 3964 μοι,

1982 3993 2037 4046 εἵ
2065 3993 2148 4056 τίς
2176 4010 2258 4045 σοι
2304 3992 2467 4044 ἵππον
2508 3990 2679 4044 ἐδίδου
2712 3990 2899 4053 καλὸν,
2934 3988 3031 4041 xui
3076 3987 3136 4040 τὸ
3165 3984 3327 4055 σῶμα
3369 3984 3684 4055 διέστρεφε,

1980 4080 2035 4137 τί
2085 4082 2146 4134 τὸ
2197 4080 2424 4150 ὅφελος;
2478 4078 2593 4133 Νῦν
2646 4078 2825 4150 ψυχὴν
2883 4074 3327 4147 διεστραμμένην
3362 4073 3529 4143 ἐχεις,
3589 4072 3687 4126 καὶ

1982 4169 2135 4223 οὐδέν
2161 4186 2242 4222 σοι
2280 4168 2466 4239 μέλεις
2505 4168 2891 4239 Φροντίσωμεν
2921 4165 3079 4234 ήμῶν
3099 4162 3281 4218 αὐτῶν
3310 4179 3465 4228 ποτε,
3509 4178 3684 4231 παρει-

1983 4257 2154 4311 καλῶ.
2186 4257 2278 4328 Μὴ
2307 4256 2370 4325 δὴ
2405 4256 2626 4310 πάντων
2669 4256 3027 4324 ἀτιμοτέρους
3069 4254 3218 4320 ἡμᾶς
3263 4252 3463 4315 αὐτοὺς
3510 4267 3682 4304 κατα-

1988 4348 2281 4417 στήσομεν.
2314 4344 2434 4398 Κᾶν
2462 4345 2562 4415 μὲν
2594 4343 2803 4416 ῥήμασί
2858 4360 2943 4405 τις
2975 4341 3195 4413 ὑϐρίζῃ,
3240 4338 3555 4410 δακνόμεθα
3590 4341 3685 4393 xui

1987 4434 2289 4506 ἀλγοῦμεν·
2327 4433 2623 4503 πράγμασι
2673 4430 2729 4483 δὲ
2764 4432 2994 4494 ἐαυτοῦς
3027 4430 3359 4502 ὑϐρίζοντες,
3416 4431 3519 4481 οὐκ
3564 4430 3684 4480 ἐπι-

1987 4522 2351 4594 στρεφόμεθα.
2385 4519 2777 4591 Ἀνανήψωμεν
2822 4519 2920 4587 ὀψὲ
2968 4517 3099 4586 γοῦν
3135 4534 3286 4579 ποτε,
3326 4516 3413 4570 ἵνα
3448 4515 3682 4587 δυνηθῶ-

1989 4635 2108 4688 μεν,
2138 4617 2233 4669 xui
2258 4615 2357 4686 τῆς
2391 4614 2569 4684 ψυχῆς
2600 4611 2802 4682 πολλὴν
2837 4609 2936 4682 τὴν
2968 4609 3293 4679 ἐπιμέλειαν
3334 4606 3679 4677 ποιούμενοι,

1986 4708 2082 4759 xui
2115 4705 2213 4775 τῆς
2241 4704 2443 4774 ἀρετῆς
2470 4699 2880 4771 ἐπιλαϐόμενοι,
2912 4698 3022 4751 τῶν
3045 4700 3281 4752 αἰωνίων
3310 4700 3495 4767 τυχεῖν
3543 4698 3680 4765 ἀγα-

1985 4793 2114 4857 θῶν,
2145 4794 2328 4863 χάριτι
2363 4790 2459 4843 xui
2484 4788 2869 4860 φιλανθρωπίᾳ
2914 4785 3006 4839 τοῦ
3052 4788 3260 4857 Κυρίου
3314 4786 3470 4855 ἡμῶν
3504 4785 3679 4854 Ἰησοῦ

1984 4878 2245 4950 Χριστοῦ,
2298 4876 2416 4947 μεθ’
2451 4872 2513 4933 οὗ
2558 4875 2635 4946 τῷ
2670 4876 2850 4947 Πατρὶ
2902 4875 3019 4944 ἃμα
3060 4874 3139 4943 τῷ
3175 4874 3318 4944 άγίῳ
3374 4874 3674 4943 Πνεῦματι,

1983 4968 2133 5035 δόξα,
2155 4967 2376 5036 κράτος,
2404 4966 2557 5036 τιμὴ,
2586 4964 2681 5018 νῦν
2704 4965 2800 5017 xui
2825 4964 2935 5029 usi,
2966 4966 3059 5015 xui
3082 4964 3162 5024 εἰς
3190 4963 3315 5027 τοὺς
3338 4962 3543 5027 αἰῶνας
3570 4962 3677 5016 τῶν

1985 5055 2218 5113 αἰώνων.
2245 5055 2443 5126 Ἀμήν.

2045 5148 2073 5177 ⁸
2113 5146 2214 5196 Alli
2239 5146 2359 5195 μετὰ
2380 5150 2465 5202 τῆς
2488 5144 2703 5210 πορείας,
2720 5144 2801 5192 καὶ
2824 5143 3013 5207 κόσμῳ.

1783 5529 2029 5582 ΟΜΙΛΙΑ
2065 5529 2191 5585 ΛΕ’.

188 5643 263 5719 Τῇ
287 5647 359 5702 δὲ
391 5647 583 5718 ἡμέρᾳ
612 5644 734 5700 τῶν
769 5644 1083 5699 σαϐϐάτων
1103 5645 1438 5717 ἐξήλθομεν
1468 5648 1584 5713 ἔξω
1607 5646 1719 5715 τῆς
1748 5650 1857 5702 πό-

243 5725 396 5770 λεωι-
472 5718 633 5770 παρὰ
707 5716 998 5770 ποταμὸν.
1057 5712 1129 5770 οὗ
1186 5718 1483 5770 ἐνοιιίζέτο
1540 5720 1856 5770 ποοσευγὴ

243 5725 396 5784 huc
472 5718 633 5787 παρὰ
707 5718 998 5786 ποταμὸν,
1057 5718 1129 5772 οὗ
1186 5718 1483 5787 ἐνομίζετο
1540 5720 1856 5789 προσευχὴ

244 5787 439 5852 εἶναι,
491 5790 591 5842 καὶ
637 5789 997 5853 καθίσαντες
1056 5788 1394 5857 ἐλαλοῦμεν
1450 5790 1578 5854 ταῖς
1624 5794 1859 5843 συνελ-

244 5863 498 5924 θούσαις
548 5858 811 5928 γυναιξί.
858 5860 966 5912 Καί
1000 5874 1091 5923 τις
1131 5860 1307 5928 γυνὴ,
1354 5862 1599 5929 ὀνόματι
1646 5861 1855 5925 Λυδία,

245 5930 712 5999 πορφυρόπωλις
738 5972 753 5992 ,
816 5932 1049 5991 πόλεως
1120 5932 1491 5999 Θυατείρων,
1563 5931 1857 6000 σεϐομένη

245 6004 351 6055 τὸν
408 5999 579 6065 Θεὸν,
630 6000 938 6069 ἤκουσεν·
998 5998 1073 6069 ἧς
1126 6006 1157 6055 ό
1221 6004 1435 6069 Κύριος
1493 6002 1699 6069 ἤνοιξε
1746 6002 1861 6069 τὴν

244 6020 351 6055 τον
408 6020 579 6065 osor,
630 6020 938 6069 ηκουσεν·
998 6020 1073 6070 ης
1126 6021 1157 6055 o
1221 6020 1435 6069 ιιυριος
1493 6020 1699 6071 ηνοιιςε
1746 6020 1859 6069 την

244 6072 503 6196 ῗΙαρζίξαν
560 6073 881 6139 προσέχειν
936 6075 1058 6138 τοῖς
1111 6074 1509 6143 ,ίαλοι-μέιγις
1570 6075 1686 6127 ὑ.τώ
1752 6075 1859 6129 τοῦ

297 6156 495 6197 auxou

2040 5655 2111 5703 u'.
2146 5649 2291 5720 Ὅρα
2322 5648 2483 5703 πάλιν
2533 5649 2869 5715 ίουδαῖζοντα
2906 5648 3001 5701 τὸν
3037 5646 3272 5709 Παῦλον,
3310 5645 3405 5698 καὶ
3438 5646 3546 5699 ἀπὸ
3572 5665 3668 5701 του

1968 5727 2166 5799 καιροῦ
2217 5730 2313 5782 xui
2370 5729 2480 5783 ἀπὸ
2534 5729 2631 5782 τοῦ
2698 5730 2926 5801 τρόπου.
2992 5724 3074 5783 οὗ
3132 5724 3451 5795 ἐνομίζετο,
3507 5730 3663 5795 φησι,

1969 5812 2243 5882 προσευχὴ
2294 5806 2453 5864 εἶναι.
2491 5812 2566 5865 Ού
2609 5811 2717 5882 γάρ
2770 5811 2833 5882 δὴ
2882 5810 3012 5864 ἔνθα
3058 5807 3352 5877 συναγωγὴ
3385 5804 3453 5878 ἦν
3482 5810 3661 5877 μόνον,

1967 5890 2105 5941 ἀλλά
2134 5892 2227 5942 xui
2261 5890 2366 5957 ἐξω
2396 5890 2647 5962 ηὔχοντο,
2703 5892 2895 5963 ὥσπερ
2926 5891 3089 5943 τόπον
3123 5888 3246 5943 τινά
3287 5888 3660 5959 ἀφορίζοντες,

1968 5978 2063 6031 ἆτε
2102 5979 2550 6051 σωματικὼτεροι
2584 5981 2734 6045 ὄντες
2766 5981 3033 6034 Ἰουδαῖοι.
3082 5976 3161 6046 Τῇ
3201 5977 3393 6046 θήμέρᾳ
3424 5975 3495 6027 δὲ
3543 5977 3662 6029 τῶν

1970 6057 2305 6121 σαϐϐάτων,
2335 6059 2423 6113 ὅτε
2456 6062 2549 6113 xui
2570 6060 2727 6130 ὄχλον
2762 6062 2909 6125 εἰκὸς
2942 6058 3010 6133 ἦν
3032 6059 3326 6113 συνελθεῖν.
3352 6056 3507 6128 [269]
3541 6058 3652 6110 Καὶ

1974 6138 2334 6205 καθίσαντες
2364 6140 2547 6194 έλαλο
2560 6142 2705 6205 ῦμεν
2744 6142 2873 6195 τοῖο
2897 6144 3348 6201 συνελθούσαις
3381 6138 3621 6208 γυναι-εί
