  <div class='ocr_page' id='page_1' title='image "/cluster/home/n/w/nwhite01/storage/ocr_20150623/60/pst.000005712601/258.png"; bbox 0 0 4084 6332; ppageno 0'>
   <div class='ocr_carea' id='block_1_1' title="bbox 140 363 261 419">
    <p class='ocr_par' dir='ltr' id='par_1_1' title="bbox 140 363 261 419">
     <span class='ocr_line' id='line_1_1' title="bbox 140 363 261 419; baseline 0.008 -1"><span class='ocrx_word' id='word_1_1' title='bbox 140 363 261 419; x_wconf 62' lang='grc' dir='ltr'><strong><em>εει</em></strong></span> 
     </span>
    </p>
   </div>
   <div class='ocr_carea' id='block_1_2' title="bbox 138 470 1768 544">
    <p class='ocr_par' dir='ltr' id='par_1_2' title="bbox 138 470 1768 544">
     <span class='ocr_line' id='line_1_2' title="bbox 138 470 1768 544; baseline -0.01 -10"><span class='ocrx_word' id='word_1_2' title='bbox 138 506 194 521; x_wconf 73' lang='grc' dir='ltr'><strong><em>α-</em></strong></span> <span class='ocrx_word' id='word_1_3' title='bbox 256 474 399 532; x_wconf 78' lang='lat' dir='ltr'><strong><em>Vide</em></strong></span> <span class='ocrx_word' id='word_1_4' title='bbox 424 489 616 532; x_wconf 79' lang='lat' dir='ltr'><strong>rursus</strong></span> <span class='ocrx_word' id='word_1_5' title='bbox 642 473 862 530; x_wconf 80' lang='lat' dir='ltr'><strong><em>Paulum</em></strong></span> <span class='ocrx_word' id='word_1_6' title='bbox 879 470 1266 544; x_wconf 78' lang='lat' dir='ltr'><strong><em>judaizantem,</em></strong></span> <span class='ocrx_word' id='word_1_7' title='bbox 1294 476 1350 523; x_wconf 88' lang='lat' dir='ltr'><strong><em>et</em></strong></span> <span class='ocrx_word' id='word_1_8' title='bbox 1384 482 1413 521; x_wconf 88' lang='lat' dir='ltr'><strong><em>a</em></strong></span> <span class='ocrx_word' id='word_1_9' title='bbox 1441 476 1684 536; x_wconf 89' lang='lat' dir='ltr'><strong><em>tempore</em></strong></span> <span class='ocrx_word' id='word_1_10' title='bbox 1713 471 1768 518; x_wconf 90' lang='lat' dir='ltr'><strong><em>et</em></strong></span> 
     </span>
    </p>
   </div>
   <div class='ocr_carea' id='block_1_3' title="bbox 140 555 1764 638">
    <p class='ocr_par' dir='ltr' id='par_1_3' title="bbox 140 555 1764 638">
     <span class='ocr_line' id='line_1_3' title="bbox 140 555 1764 638; baseline -0.009 -16"><span class='ocrx_word' id='word_1_11' title='bbox 140 584 172 622; x_wconf 87' lang='lat' dir='ltr'><strong><em>a</em></strong></span> <span class='ocrx_word' id='word_1_12' title='bbox 205 570 360 624; x_wconf 85' lang='lat' dir='ltr'><strong><em>loco.</em></strong></span> <span class='ocrx_word' id='word_1_13' title='bbox 400 566 500 623; x_wconf 89' lang='lat' dir='ltr'><strong><em>Ubi</em></strong></span> <span class='ocrx_word' id='word_1_14' title='bbox 526 567 821 638; x_wconf 71' lang='lat' dir='ltr'><strong><em>palabatur,</em></strong></span> <span class='ocrx_word' id='word_1_15' title='bbox 852 564 1044 634; x_wconf 84' lang='lat' dir='ltr'><strong><em>inquit,</em></strong></span> <span class='ocrx_word' id='word_1_16' title='bbox 1067 562 1231 617; x_wconf 87' lang='lat' dir='ltr'><strong><em>oratio</em></strong></span> <span class='ocrx_word' id='word_1_17' title='bbox 1257 576 1384 614; x_wconf 87' lang='lat' dir='ltr'><strong><em>esse.</em></strong></span> <span class='ocrx_word' id='word_1_18' title='bbox 1410 557 1596 629; x_wconf 84' lang='lat' dir='ltr'><strong><em>Neque</em></strong></span> <span class='ocrx_word' id='word_1_19' title='bbox 1620 555 1764 611; x_wconf 88' lang='lat' dir='ltr'><strong><em>enim</em></strong></span> 
     </span>
    </p>
   </div>
   <div class='ocr_carea' id='block_1_4' title="bbox 142 648 1768 729">
    <p class='ocr_par' dir='ltr' id='par_1_4' title="bbox 142 648 1768 729">
     <span class='ocr_line' id='line_1_4' title="bbox 142 648 1768 729; baseline -0.007 -17"><span class='ocrx_word' id='word_1_20' title='bbox 142 668 370 714; x_wconf 82' lang='lat' dir='ltr'><strong><em>tantum</em></strong></span> <span class='ocrx_word' id='word_1_21' title='bbox 397 658 488 714; x_wconf 88' lang='lat' dir='ltr'><strong><em>ubi</em></strong></span> <span class='ocrx_word' id='word_1_22' title='bbox 526 671 795 729; x_wconf 74' lang='lat' dir='ltr'><strong><em>synagoga</em></strong></span> <span class='ocrx_word' id='word_1_23' title='bbox 832 665 969 721; x_wconf 87' lang='lat' dir='ltr'><strong><em>erat,</em></strong></span> <span class='ocrx_word' id='word_1_24' title='bbox 1000 655 1094 709; x_wconf 88' lang='lat' dir='ltr'><strong><em>sed</em></strong></span> <span class='ocrx_word' id='word_1_25' title='bbox 1119 653 1281 707; x_wconf 88' lang='lat' dir='ltr'><strong><em>etiam</em></strong></span> <span class='ocrx_word' id='word_1_26' title='bbox 1315 650 1445 705; x_wconf 79' lang='lat' dir='ltr'><strong><em>foris</em></strong></span> <span class='ocrx_word' id='word_1_27' title='bbox 1472 648 1768 720; x_wconf 87' lang='lat' dir='ltr'><strong><em>precaban-</em></strong></span> 
     </span>
    </p>
   </div>
   <div class='ocr_carea' id='block_1_5' title="bbox 142 740 1767 822">
    <p class='ocr_par' dir='ltr' id='par_1_5' title="bbox 142 740 1767 822">
     <span class='ocr_line' id='line_1_5' title="bbox 142 740 1767 822; baseline -0.006 -17"><span class='ocrx_word' id='word_1_28' title='bbox 142 762 240 807; x_wconf 82' lang='lat' dir='ltr'><strong><em>tur</em></strong></span> <span class='ocrx_word' id='word_1_29' title='bbox 274 770 294 807; x_wconf 86' lang='lat'><strong>:</strong></span> <span class='ocrx_word' id='word_1_30' title='bbox 326 752 479 822; x_wconf 89' lang='lat' dir='ltr'><strong><em>quasi</em></strong></span> <span class='ocrx_word' id='word_1_31' title='bbox 504 750 679 805; x_wconf 90' lang='lat' dir='ltr'><strong><em>locum</em></strong></span> <span class='ocrx_word' id='word_1_32' title='bbox 708 747 1017 819; x_wconf 84' lang='lat' dir='ltr'><strong><em>quempiam</em></strong></span> <span class='ocrx_word' id='word_1_33' title='bbox 1056 748 1415 816; x_wconf 73' lang='lat' dir='ltr'><strong><em>assignantes,</em></strong></span> <span class='ocrx_word' id='word_1_34' title='bbox 1446 742 1570 813; x_wconf 89' lang='lat' dir='ltr'><strong><em>quia</em></strong></span> <span class='ocrx_word' id='word_1_35' title='bbox 1593 740 1767 797; x_wconf 62' lang='lat' dir='ltr'><strong><em>Judaei</em></strong></span> 
     </span>
    </p>
   </div>
   <div class='ocr_carea' id='block_1_6' title="bbox 141 833 1767 905">
    <p class='ocr_par' dir='ltr' id='par_1_6' title="bbox 141 833 1767 905">
     <span class='ocr_line' id='line_1_6' title="bbox 141 833 1767 905; baseline -0.009 -7"><span class='ocrx_word' id='word_1_36' title='bbox 141 844 462 898; x_wconf 78' lang='lat' dir='ltr'><strong><em>crassiores</em></strong></span> <span class='ocrx_word' id='word_1_37' title='bbox 484 852 660 896; x_wconf 89' lang='lat' dir='ltr'><strong><em>erant.</em></strong></span> <span class='ocrx_word' id='word_1_38' title='bbox 686 839 781 895; x_wconf 84' lang='lat' dir='ltr'><strong><em>Die</em></strong></span> <span class='ocrx_word' id='word_1_39' title='bbox 810 850 978 894; x_wconf 76' lang='lat' dir='ltr'><strong><em>autent</em></strong></span> <span class='ocrx_word' id='word_1_40' title='bbox 1005 837 1349 901; x_wconf 69' lang='lat' dir='ltr'><strong><em>sabbatorum,</em></strong></span> <span class='ocrx_word' id='word_1_41' title='bbox 1380 833 1595 905; x_wconf 79' lang='lat' dir='ltr'><strong><em>quando</em></strong></span> <span class='ocrx_word' id='word_1_42' title='bbox 1622 836 1767 888; x_wconf 78' lang='lat' dir='ltr'><strong><em>veri-</em></strong></span> 
     </span>
    </p>
   </div>
   <div class='ocr_carea' id='block_1_7' title="bbox 142 926 1769 997">
    <p class='ocr_par' dir='ltr' id='par_1_7' title="bbox 142 926 1769 997">
     <span class='ocr_line' id='line_1_7' title="bbox 142 926 1769 997; baseline -0.007 -7"><span class='ocrx_word' id='word_1_43' title='bbox 142 936 336 990; x_wconf 79' lang='lat' dir='ltr'><strong><em>simile</em></strong></span> <span class='ocrx_word' id='word_1_44' title='bbox 363 941 484 989; x_wconf 89' lang='lat' dir='ltr'><strong><em>erat</em></strong></span> <span class='ocrx_word' id='word_1_45' title='bbox 513 934 721 989; x_wconf 85' lang='lat' dir='ltr'><strong><em>turbam</em></strong></span> <span class='ocrx_word' id='word_1_46' title='bbox 742 933 1051 989; x_wconf 88' lang='lat' dir='ltr'><strong><em>convenire.</em></strong></span> <span class='ocrx_word' id='word_1_47' title='bbox 1084 931 1150 986; x_wconf 85' lang='lat' dir='ltr'><strong><em>Et</em></strong></span> <span class='ocrx_word' id='word_1_48' title='bbox 1178 933 1405 985; x_wconf 88' lang='lat' dir='ltr'><strong><em>sedentes</em></strong></span> <span class='ocrx_word' id='word_1_49' title='bbox 1438 926 1769 997; x_wconf 78' lang='lat' dir='ltr'><strong><em>loquebamur</em></strong></span> 
     </span>
    </p>
   </div>
   <div class='ocr_carea' id='block_1_8' title="bbox 143 1019 1768 1095">
    <p class='ocr_par' dir='ltr' id='par_1_8' title="bbox 143 1019 1768 1095">
     <span class='ocr_line' id='line_1_8' title="bbox 143 1019 1768 1095; baseline -0.005 -16"><span class='ocrx_word' id='word_1_50' title='bbox 143 1026 479 1089; x_wconf 84' lang='lat' dir='ltr'><strong><em>mulieribus,</em></strong></span> <span class='ocrx_word' id='word_1_51' title='bbox 511 1042 624 1095; x_wconf 72' lang='lat' dir='ltr'><strong><em>qua:</em></strong></span> <span class='ocrx_word' id='word_1_52' title='bbox 637 1035 993 1079; x_wconf 74' lang='lat' dir='ltr'><strong><em>convenerant.</em></strong></span> <span class='ocrx_word' id='word_1_53' title='bbox 1021 1022 1085 1077; x_wconf 87' lang='lat' dir='ltr'><strong><em>Et</em></strong></span> <span class='ocrx_word' id='word_1_54' title='bbox 1114 1023 1297 1076; x_wconf 78' lang='lat' dir='ltr'><strong><em>mulier</em></strong></span> <span class='ocrx_word' id='word_1_55' title='bbox 1311 1020 1542 1093; x_wconf 63' lang='lat' dir='ltr'><strong><em>quadam</em></strong></span> <span class='ocrx_word' id='word_1_56' title='bbox 1566 1019 1768 1073; x_wconf 80' lang='lat' dir='ltr'><strong><em>nomine</em></strong></span> 
     </span>
    </p>
   </div>
   <div class='ocr_carea' id='block_1_9' title="bbox 146 1105 1769 1188">
    <p class='ocr_par' dir='ltr' id='par_1_9' title="bbox 146 1105 1769 1188">
     <span class='ocr_line' id='line_1_9' title="bbox 146 1105 1769 1188; baseline -0.004 -19"><span class='ocrx_word' id='word_1_57' title='bbox 146 1117 361 1188; x_wconf 73' lang='lat' dir='ltr'><strong><em>Lydia,</em></strong></span> <span class='ocrx_word' id='word_1_58' title='bbox 423 1119 773 1188; x_wconf 85' lang='lat' dir='ltr'><strong><em>purpuraria,</em></strong></span> <span class='ocrx_word' id='word_1_59' title='bbox 813 1115 1028 1170; x_wconf 82' lang='lat' dir='ltr'><strong><em>civitatis</em></strong></span> <span class='ocrx_word' id='word_1_60' title='bbox 1084 1105 1547 1186; x_wconf 84' lang='lat' dir='ltr'><strong><em>Thyatirenorum,</em></strong></span> <span class='ocrx_word' id='word_1_61' title='bbox 1598 1114 1769 1165; x_wconf 83' lang='lat' dir='ltr'><strong><em>colem</em></strong></span> 
     </span>
    </p>
   </div>
   <div class='ocr_carea' id='block_1_10' title="bbox 144 1207 1767 1277">
    <p class='ocr_par' dir='ltr' id='par_1_10' title="bbox 144 1207 1767 1277">
     <span class='ocr_line' id='line_1_10' title="bbox 144 1207 1767 1277; baseline -0.004 -15"><span class='ocrx_word' id='word_1_62' title='bbox 144 1210 350 1275; x_wconf 79' lang='lat' dir='ltr'><strong><em>Deum,</em></strong></span> <span class='ocrx_word' id='word_1_63' title='bbox 382 1210 573 1263; x_wconf 75' lang='lat' dir='ltr'><strong><em>audivit</em></strong></span> <span class='ocrx_word' id='word_1_64' title='bbox 599 1226 616 1263; x_wconf 92' lang='lat'><strong><em>:</em></strong></span> <span class='ocrx_word' id='word_1_65' title='bbox 640 1209 785 1275; x_wconf 79' lang='lat' dir='ltr'><strong><em>cuius</em></strong></span> <span class='ocrx_word' id='word_1_66' title='bbox 814 1207 1063 1262; x_wconf 89' lang='lat' dir='ltr'><strong><em>Dominus</em></strong></span> <span class='ocrx_word' id='word_1_67' title='bbox 1083 1224 1171 1261; x_wconf 91' lang='lat' dir='ltr'><strong><em>cor</em></strong></span> <span class='ocrx_word' id='word_1_68' title='bbox 1195 1214 1487 1277; x_wconf 84' lang='lat' dir='ltr'><strong><em>aperuerat,</em></strong></span> <span class='ocrx_word' id='word_1_69' title='bbox 1519 1215 1575 1258; x_wconf 91' lang='lat' dir='ltr'><strong><em>ut</em></strong></span> <span class='ocrx_word' id='word_1_70' title='bbox 1597 1214 1767 1257; x_wconf 85' lang='lat' dir='ltr'><strong><em>atten-</em></strong></span> 
     </span>
    </p>
   </div>
   <div class='ocr_carea' id='block_1_11' title="bbox 143 1294 1770 1371">
    <p class='ocr_par' dir='ltr' id='par_1_11' title="bbox 143 1294 1770 1371">
     <span class='ocr_line' id='line_1_11' title="bbox 143 1294 1770 1371; baseline -0.001 -19"><span class='ocrx_word' id='word_1_71' title='bbox 143 1302 298 1356; x_wconf 69' lang='lat' dir='ltr'><strong><em>dere:</em></strong></span> <span class='ocrx_word' id='word_1_72' title='bbox 352 1302 420 1356; x_wconf 82' lang='lat' dir='ltr'><strong><em>iis</em></strong></span> <span class='ocrx_word' id='word_1_73' title='bbox 456 1316 571 1371; x_wconf 67' lang='lat' dir='ltr'><strong><em>qua</em></strong></span> <span class='ocrx_word' id='word_1_74' title='bbox 616 1299 914 1353; x_wconf 81' lang='lat' dir='ltr'><strong><em>dicebantur</em></strong></span> <span class='ocrx_word' id='word_1_75' title='bbox 959 1317 991 1353; x_wconf 95' lang='lat' dir='ltr'><strong><em>a</em></strong></span> <span class='ocrx_word' id='word_1_76' title='bbox 1022 1298 1209 1352; x_wconf 86' lang='lat' dir='ltr'><strong><em>Paulo.</em></strong></span> <span class='ocrx_word' id='word_1_77' title='bbox 1242 1297 1377 1353; x_wconf 82' lang='lat' dir='ltr'><strong><em>Vide</em></strong></span> <span class='ocrx_word' id='word_1_78' title='bbox 1422 1312 1536 1351; x_wconf 89' lang='lat' dir='ltr'><strong><em>rem</em></strong></span> <span class='ocrx_word' id='word_1_79' title='bbox 1565 1311 1595 1351; x_wconf 90' lang='lat' dir='ltr'><strong><em>a</em></strong></span> <span class='ocrx_word' id='word_1_80' title='bbox 1628 1294 1770 1350; x_wconf 82' lang='lat' dir='ltr'><strong><em>fastu</em></strong></span> 
     </span>
    </p>
   </div>
   <div class='ocr_carea' id='block_1_12' title="bbox 143 1389 1766 1463">
    <p class='ocr_par' dir='ltr' id='par_1_12' title="bbox 143 1389 1766 1463">
     <span class='ocr_line' id='line_1_12' title="bbox 143 1389 1766 1463; baseline -0.002 -19"><span class='ocrx_word' id='word_1_81' title='bbox 143 1395 414 1448; x_wconf 82' lang='lat' dir='ltr'><strong><em>alienam.</em></strong></span> <span class='ocrx_word' id='word_1_82' title='bbox 442 1392 632 1447; x_wconf 77' lang='lat' dir='ltr'><strong><em>Mulier</em></strong></span> <span class='ocrx_word' id='word_1_83' title='bbox 659 1403 713 1447; x_wconf 93' lang='lat' dir='ltr'><strong><em>et</em></strong></span> <span class='ocrx_word' id='word_1_84' title='bbox 740 1392 958 1447; x_wconf 84' lang='lat' dir='ltr'><strong><em>humilis</em></strong></span> <span class='ocrx_word' id='word_1_85' title='bbox 984 1400 1120 1457; x_wconf 87' lang='lat' dir='ltr'><strong><em>erat,</em></strong></span> <span class='ocrx_word' id='word_1_86' title='bbox 1148 1401 1205 1445; x_wconf 92' lang='lat' dir='ltr'><strong><em>ut</em></strong></span> <span class='ocrx_word' id='word_1_87' title='bbox 1226 1392 1401 1463; x_wconf 80' lang='lat' dir='ltr'><strong><em>palam</em></strong></span> <span class='ocrx_word' id='word_1_88' title='bbox 1422 1399 1506 1445; x_wconf 90' lang='lat' dir='ltr'><strong><em>est</em></strong></span> <span class='ocrx_word' id='word_1_89' title='bbox 1525 1389 1593 1443; x_wconf 89' lang='lat' dir='ltr'><strong><em>ab</em></strong></span> <span class='ocrx_word' id='word_1_90' title='bbox 1616 1398 1766 1443; x_wconf 85' lang='lat' dir='ltr'><strong><em>arte:</em></strong></span> 
     </span>
    </p>
   </div>
   <div class='ocr_carea' id='block_1_13' title="bbox 144 1478 1770 1555">
    <p class='ocr_par' dir='ltr' id='par_1_13' title="bbox 144 1478 1770 1555">
     <span class='ocr_line' id='line_1_13' title="bbox 144 1478 1770 1555; baseline -0.003 -15"><span class='ocrx_word' id='word_1_91' title='bbox 144 1484 249 1540; x_wconf 83' lang='lat' dir='ltr'><strong><em>sed</em></strong></span> <span class='ocrx_word' id='word_1_92' title='bbox 282 1483 410 1539; x_wconf 90' lang='lat' dir='ltr'><strong><em>vide</em></strong></span> <span class='ocrx_word' id='word_1_93' title='bbox 447 1484 842 1555; x_wconf 79' lang='lat' dir='ltr'><strong><em>philosophiam</em></strong></span> <span class='ocrx_word' id='word_1_94' title='bbox 890 1484 1028 1553; x_wconf 90' lang='lat' dir='ltr'><strong><em>ejus.</em></strong></span> <span class='ocrx_word' id='word_1_95' title='bbox 1080 1483 1262 1538; x_wconf 87' lang='lat' dir='ltr'><strong><em>Primo</em></strong></span> <span class='ocrx_word' id='word_1_96' title='bbox 1291 1482 1506 1553; x_wconf 91' lang='lat' dir='ltr'><strong><em>quidem</em></strong></span> <span class='ocrx_word' id='word_1_97' title='bbox 1536 1478 1770 1551; x_wconf 27' lang='lat' dir='ltr'><strong><em>hoe&#39;ip&#39;si</em></strong></span> 
     </span>
    </p>
   </div>
   <div class='ocr_carea' id='block_1_14' title="bbox 143 1572 1769 1650">
    <p class='ocr_par' dir='ltr' id='par_1_14' title="bbox 143 1572 1769 1650">
     <span class='ocr_line' id='line_1_14' title="bbox 143 1572 1769 1650; baseline -0.003 -20"><span class='ocrx_word' id='word_1_98' title='bbox 143 1577 316 1631; x_wconf 86' lang='lat' dir='ltr'><strong><em>datur</em></strong></span> <span class='ocrx_word' id='word_1_99' title='bbox 348 1576 739 1642; x_wconf 87' lang='lat' dir='ltr'><strong><em>testimonium,</em></strong></span> <span class='ocrx_word' id='word_1_100' title='bbox 784 1576 926 1645; x_wconf 91' lang='lat' dir='ltr'><strong><em>quod</em></strong></span> <span class='ocrx_word' id='word_1_101' title='bbox 956 1574 1163 1650; x_wconf 81' lang='lat' dir='ltr'><strong><em>coleret</em></strong></span> <span class='ocrx_word' id='word_1_102' title='bbox 1187 1575 1378 1642; x_wconf 85' lang='lat' dir='ltr'><strong><em>Deum,</em></strong></span> <span class='ocrx_word' id='word_1_103' title='bbox 1408 1573 1605 1630; x_wconf 90' lang='lat' dir='ltr'><strong><em>deinde</em></strong></span> <span class='ocrx_word' id='word_1_104' title='bbox 1628 1572 1769 1644; x_wconf 87' lang='lat' dir='ltr'><strong><em>quod</em></strong></span> 
     </span>
    </p>
   </div>
   <div class='ocr_carea' id='block_1_15' title="bbox 145 1666 1771 1740">
    <p class='ocr_par' dir='ltr' id='par_1_15' title="bbox 145 1666 1771 1740">
     <span class='ocr_line' id='line_1_15' title="bbox 145 1666 1771 1740; baseline -0.002 -18"><span class='ocrx_word' id='word_1_105' title='bbox 145 1669 416 1723; x_wconf 72' lang='lat' dir='ltr'><strong><em>inritaret</em></strong></span> <span class='ocrx_word' id='word_1_106' title='bbox 442 1669 737 1739; x_wconf 79' lang='lat' dir='ltr'><strong><em>apostolos.</em></strong></span> <span class='ocrx_word' id='word_1_107' title='bbox 766 1668 852 1725; x_wconf 81' lang='grc'><strong><em>15.</em></strong></span> <span class='ocrx_word' id='word_1_108' title='bbox 878 1667 1007 1724; x_wconf 88' lang='lat' dir='ltr'><strong><em>Cum</em></strong></span> <span class='ocrx_word' id='word_1_109' title='bbox 1034 1683 1155 1740; x_wconf 83' lang='lat' dir='ltr'><strong><em>ergo</em></strong></span> <span class='ocrx_word' id='word_1_110' title='bbox 1180 1668 1436 1738; x_wconf 73' lang='lat' dir='ltr'><strong><em>baptizata</em></strong></span> <span class='ocrx_word' id='word_1_111' title='bbox 1456 1676 1584 1722; x_wconf 92' lang='lat' dir='ltr'><strong><em>esset</em></strong></span> <span class='ocrx_word' id='word_1_112' title='bbox 1611 1675 1654 1719; x_wconf 87' lang='lat' dir='ltr'><strong><em>et</em></strong></span> <span class='ocrx_word' id='word_1_113' title='bbox 1678 1666 1771 1719; x_wconf 82' lang='lat' dir='ltr'><strong><em>do-</em></strong></span> 
     </span>
    </p>
   </div>
   <div class='ocr_carea' id='block_1_16' title="bbox 144 1759 1768 1832">
    <p class='ocr_par' dir='ltr' id='par_1_16' title="bbox 144 1759 1768 1832">
     <span class='ocr_line' id='line_1_16' title="bbox 144 1759 1768 1832; baseline -0.002 -18"><span class='ocrx_word' id='word_1_114' title='bbox 144 1778 268 1817; x_wconf 84' lang='lat' dir='ltr'><strong><em>mus</em></strong></span> <span class='ocrx_word' id='word_1_115' title='bbox 298 1764 433 1832; x_wconf 77' lang='lat' dir='ltr'><strong><em>ejus,</em></strong></span> <span class='ocrx_word' id='word_1_116' title='bbox 463 1763 736 1831; x_wconf 88' lang='lat' dir='ltr'><strong><em>deprecata</em></strong></span> <span class='ocrx_word' id='word_1_117' title='bbox 754 1772 830 1817; x_wconf 87' lang='lat' dir='ltr'><strong><em>est</em></strong></span> <span class='ocrx_word' id='word_1_118' title='bbox 860 1762 1030 1817; x_wconf 62' lang='lat' dir='ltr'><strong><em>dicens</em></strong></span> <span class='ocrx_word' id='word_1_119' title='bbox 1060 1778 1079 1815; x_wconf 91' lang='lat'><strong><em>:</em></strong></span> <span class='ocrx_word' id='word_1_120' title='bbox 1104 1759 1315 1814; x_wconf 86' lang='lat' dir='ltr'><strong><em>Domini</em></strong></span> <span class='ocrx_word' id='word_1_121' title='bbox 1342 1762 1462 1825; x_wconf 88' lang='lat' dir='ltr'><strong><em>mei,</em></strong></span> <span class='ocrx_word' id='word_1_122' title='bbox 1490 1759 1535 1814; x_wconf 97' lang='lat' dir='ltr'><strong><em>si</em></strong></span> <span class='ocrx_word' id='word_1_123' title='bbox 1553 1759 1768 1829; x_wconf 87' lang='lat' dir='ltr'><strong><em>judica-</em></strong></span> 
     </span>
    </p>
   </div>
   <div class='ocr_carea' id='block_1_17' title="bbox 143 1842 1767 1923">
    <p class='ocr_par' dir='ltr' id='par_1_17' title="bbox 143 1842 1767 1923">
     <span class='ocr_line' id='line_1_17' title="bbox 143 1842 1767 1923; baseline -0.002 -18"><span class='ocrx_word' id='word_1_124' title='bbox 143 1855 242 1908; x_wconf 85' lang='lat' dir='ltr'><strong><em>stis</em></strong></span> <span class='ocrx_word' id='word_1_125' title='bbox 275 1870 361 1908; x_wconf 80' lang='lat' dir='ltr'><strong><em>me</em></strong></span> <span class='ocrx_word' id='word_1_126' title='bbox 386 1854 589 1923; x_wconf 82' lang='lat' dir='ltr'><strong><em>ﬁdelem</em></strong></span> <span class='ocrx_word' id='word_1_127' title='bbox 615 1842 836 1909; x_wconf 85' lang='lat' dir='ltr'><strong><em>Domino</em></strong></span> <span class='ocrx_word' id='word_1_128' title='bbox 866 1870 997 1922; x_wconf 78' lang='lat' dir='ltr'><strong><em>esse,</em></strong></span> <span class='ocrx_word' id='word_1_129' title='bbox 1026 1854 1229 1908; x_wconf 84' lang='lat' dir='ltr'><strong><em>introile</em></strong></span> <span class='ocrx_word' id='word_1_130' title='bbox 1255 1854 1307 1907; x_wconf 89' lang='lat' dir='ltr'><strong><em>in</em></strong></span> <span class='ocrx_word' id='word_1_131' title='bbox 1331 1852 1539 1906; x_wconf 87' lang='lat' dir='ltr'><strong><em>domum</em></strong></span> <span class='ocrx_word' id='word_1_132' title='bbox 1569 1867 1731 1904; x_wconf 88' lang='lat' dir='ltr'><strong><em>meam</em></strong></span> <span class='ocrx_word' id='word_1_133' title='bbox 1750 1890 1767 1917; x_wconf 92' lang='lat'><strong><em>,</em></strong></span> 
     </span>
    </p>
   </div>
   <div class='ocr_carea' id='block_1_18' title="bbox 144 1943 1767 2018">
    <p class='ocr_par' dir='ltr' id='par_1_18' title="bbox 144 1943 1767 2018">
     <span class='ocr_line' id='line_1_18' title="bbox 144 1943 1767 2018; baseline -0.002 -20"><span class='ocrx_word' id='word_1_134' title='bbox 144 1956 194 1998; x_wconf 86' lang='lat' dir='ltr'><strong><em>et</em></strong></span> <span class='ocrx_word' id='word_1_135' title='bbox 212 1956 441 2000; x_wconf 80' lang='lat' dir='ltr'><strong><em>ntauete.</em></strong></span> <span class='ocrx_word' id='word_1_136' title='bbox 469 1944 537 2000; x_wconf 85' lang='lat' dir='ltr'><strong><em>Et</em></strong></span> <span class='ocrx_word' id='word_1_137' title='bbox 557 1948 716 2018; x_wconf 86' lang='lat' dir='ltr'><strong><em>coegit</em></strong></span> <span class='ocrx_word' id='word_1_138' title='bbox 737 1963 851 2002; x_wconf 91' lang='lat' dir='ltr'><strong><em>nos.</em></strong></span> <span class='ocrx_word' id='word_1_139' title='bbox 880 1946 949 2002; x_wconf 87' lang='lat' dir='ltr'><strong><em>Ut</em></strong></span> <span class='ocrx_word' id='word_1_140' title='bbox 974 1956 1141 2000; x_wconf 89' lang='lat' dir='ltr'><strong><em>autem</em></strong></span> <span class='ocrx_word' id='word_1_141' title='bbox 1163 1945 1423 2016; x_wconf 73' lang='lat' dir='ltr'><strong><em>baptizata</em></strong></span> <span class='ocrx_word' id='word_1_142' title='bbox 1446 1953 1541 2008; x_wconf 88' lang='lat' dir='ltr'><strong><em>est,</em></strong></span> <span class='ocrx_word' id='word_1_143' title='bbox 1572 1943 1767 2013; x_wconf 85' lang='lat' dir='ltr'><strong><em>inquit,</em></strong></span> 
     </span>
    </p>
   </div>
   <div class='ocr_carea' id='block_1_19' title="bbox 141 2039 1770 2114">
    <p class='ocr_par' dir='ltr' id='par_1_19' title="bbox 141 2039 1770 2114">
     <span class='ocr_line' id='line_1_19' title="bbox 141 2039 1770 2114; baseline -0.002 -19"><span class='ocrx_word' id='word_1_144' title='bbox 141 2042 243 2096; x_wconf 88' lang='lat' dir='ltr'><strong><em>illa</em></strong></span> <span class='ocrx_word' id='word_1_145' title='bbox 270 2055 320 2098; x_wconf 87' lang='lat' dir='ltr'><strong><em>et</em></strong></span> <span class='ocrx_word' id='word_1_146' title='bbox 348 2043 535 2097; x_wconf 89' lang='lat' dir='ltr'><strong><em>domus</em></strong></span> <span class='ocrx_word' id='word_1_147' title='bbox 558 2044 687 2114; x_wconf 83' lang='lat' dir='ltr'><strong><em>ejus.</em></strong></span> <span class='ocrx_word' id='word_1_148' title='bbox 711 2041 1006 2098; x_wconf 88' lang='lat' dir='ltr'><strong><em>Considera</em></strong></span> <span class='ocrx_word' id='word_1_149' title='bbox 1032 2043 1305 2113; x_wconf 87' lang='lat' dir='ltr'><strong><em>quomodo</em></strong></span> <span class='ocrx_word' id='word_1_150' title='bbox 1332 2040 1565 2096; x_wconf 83' lang='lat' dir='ltr'><strong><em>suaserit</em></strong></span> <span class='ocrx_word' id='word_1_151' title='bbox 1591 2039 1770 2093; x_wconf 83' lang='lat' dir='ltr'><strong><em>omni-</em></strong></span> 
     </span>
    </p>
   </div>
   <div class='ocr_carea' id='block_1_20' title="bbox 142 2133 1771 2206">
    <p class='ocr_par' dir='ltr' id='par_1_20' title="bbox 142 2133 1771 2206">
     <span class='ocr_line' id='line_1_20' title="bbox 142 2133 1771 2206; baseline -0.001 -19"><span class='ocrx_word' id='word_1_152' title='bbox 142 2134 302 2189; x_wconf 85' lang='lat' dir='ltr'><strong><em>bus:</em></strong></span> <span class='ocrx_word' id='word_1_153' title='bbox 351 2136 551 2191; x_wconf 90' lang='lat' dir='ltr'><strong><em>deinde</em></strong></span> <span class='ocrx_word' id='word_1_154' title='bbox 598 2135 721 2190; x_wconf 74' lang='lat' dir='ltr'><strong><em>vide</em></strong></span> <span class='ocrx_word' id='word_1_155' title='bbox 779 2135 1151 2206; x_wconf 86' lang='lat' dir='ltr'><strong><em>prudentiam,</em></strong></span> <span class='ocrx_word' id='word_1_156' title='bbox 1201 2133 1473 2206; x_wconf 86' lang='lat' dir='ltr'><strong><em>quomodo</em></strong></span> <span class='ocrx_word' id='word_1_157' title='bbox 1521 2133 1771 2188; x_wconf 81' lang='lat' dir='ltr'><strong><em>obsecret</em></strong></span> 
     </span>
    </p>
   </div>
   <div class='ocr_carea' id='block_1_21' title="bbox 140 2228 1769 2299">
    <p class='ocr_par' dir='ltr' id='par_1_21' title="bbox 140 2228 1769 2299">
     <span class='ocr_line' id='line_1_21' title="bbox 140 2228 1769 2299; baseline -0.001 -17"><span class='ocrx_word' id='word_1_158' title='bbox 140 2228 458 2297; x_wconf 79' lang='lat' dir='ltr'><strong><em>apostolos,</em></strong></span> <span class='ocrx_word' id='word_1_159' title='bbox 488 2244 646 2299; x_wconf 91' lang='lat' dir='ltr'><strong><em>quam</em></strong></span> <span class='ocrx_word' id='word_1_160' title='bbox 678 2228 900 2283; x_wconf 83' lang='lat' dir='ltr'><strong><em>humilia</em></strong></span> <span class='ocrx_word' id='word_1_161' title='bbox 926 2228 1169 2299; x_wconf 82' lang='lat' dir='ltr'><strong><em>proferat</em></strong></span> <span class='ocrx_word' id='word_1_162' title='bbox 1194 2228 1386 2295; x_wconf 86' lang='lat' dir='ltr'><strong><em>verba,</em></strong></span> <span class='ocrx_word' id='word_1_163' title='bbox 1418 2243 1541 2282; x_wconf 90' lang='lat' dir='ltr'><strong><em>cum</em></strong></span> <span class='ocrx_word' id='word_1_164' title='bbox 1569 2236 1769 2297; x_wconf 88' lang='lat' dir='ltr'><strong><em>quanta</em></strong></span> 
     </span>
    </p>
   </div>
   <div class='ocr_carea' id='block_1_22' title="bbox 141 2318 1764 2392">
    <p class='ocr_par' dir='ltr' id='par_1_22' title="bbox 141 2318 1764 2392">
     <span class='ocr_line' id='line_1_22' title="bbox 141 2318 1764 2392; baseline -0.001 -17"><span class='ocrx_word' id='word_1_165' title='bbox 141 2321 444 2390; x_wconf 81' lang='lat' dir='ltr'><strong><em>sapientia.</em></strong></span> <span class='ocrx_word' id='word_1_166' title='bbox 493 2320 555 2376; x_wconf 89' lang='lat' dir='ltr'><strong><em>Si</em></strong></span> <span class='ocrx_word' id='word_1_167' title='bbox 599 2322 851 2392; x_wconf 88' lang='lat' dir='ltr'><strong><em>judicatis</em></strong></span> <span class='ocrx_word' id='word_1_168' title='bbox 906 2337 1008 2388; x_wconf 87' lang='lat' dir='ltr'><strong><em>me,</em></strong></span> <span class='ocrx_word' id='word_1_169' title='bbox 1059 2320 1248 2392; x_wconf 84' lang='lat' dir='ltr'><strong><em>inquit,</em></strong></span> <span class='ocrx_word' id='word_1_170' title='bbox 1291 2321 1495 2390; x_wconf 80' lang='lat' dir='ltr'><strong><em>ﬁdelem</em></strong></span> <span class='ocrx_word' id='word_1_171' title='bbox 1525 2318 1764 2373; x_wconf 87' lang='lat' dir='ltr'><strong><em>Domino.</em></strong></span> 
     </span>
    </p>
   </div>
   <div class='ocr_carea' id='block_1_23' title="bbox 142 2412 1767 2485">
    <p class='ocr_par' dir='ltr' id='par_1_23' title="bbox 142 2412 1767 2485">
     <span class='ocr_line' id='line_1_23' title="bbox 142 2412 1767 2485; baseline 0 -19"><span class='ocrx_word' id='word_1_172' title='bbox 142 2412 296 2467; x_wconf 66' lang='lat' dir='ltr'><strong><em>Nihil</em></strong></span> <span class='ocrx_word' id='word_1_173' title='bbox 334 2413 405 2468; x_wconf 90' lang='lat' dir='ltr'><strong><em>ad</em></strong></span> <span class='ocrx_word' id='word_1_174' title='bbox 433 2414 866 2484; x_wconf 82' lang='lat' dir='ltr'><strong><em>persuadendum</em></strong></span> <span class='ocrx_word' id='word_1_175' title='bbox 890 2415 1087 2485; x_wconf 85' lang='lat' dir='ltr'><strong><em>aptius.</em></strong></span> <span class='ocrx_word' id='word_1_176' title='bbox 1117 2414 1288 2482; x_wconf 84' lang='lat' dir='ltr'><strong><em>Quem</em></strong></span> <span class='ocrx_word' id='word_1_177' title='bbox 1330 2428 1437 2468; x_wconf 91' lang='lat' dir='ltr'><strong><em>non</em></strong></span> <span class='ocrx_word' id='word_1_178' title='bbox 1468 2412 1767 2468; x_wconf 77' lang='lat' dir='ltr'><strong><em>emollirent</em></strong></span> 
     </span>
    </p>
   </div>
   <div class='ocr_carea' id='block_1_24' title="bbox 143 2506 1768 2577">
    <p class='ocr_par' dir='ltr' id='par_1_24' title="bbox 143 2506 1768 2577">
     <span class='ocr_line' id='line_1_24' title="bbox 143 2506 1768 2577; baseline -0.001 -18"><span class='ocrx_word' id='word_1_179' title='bbox 143 2506 273 2560; x_wconf 60' lang='lat' dir='ltr'><strong><em>hac</em></strong></span> <span class='ocrx_word' id='word_1_180' title='bbox 297 2506 638 2561; x_wconf 77' lang='lat' dir='ltr'><strong><em>verbalNou</em></strong></span> <span class='ocrx_word' id='word_1_181' title='bbox 662 2507 889 2577; x_wconf 81' lang='lat' dir='ltr'><strong><em>rogavit,</em></strong></span> <span class='ocrx_word' id='word_1_182' title='bbox 922 2520 1028 2561; x_wconf 90' lang='lat' dir='ltr'><strong><em>non</em></strong></span> <span class='ocrx_word' id='word_1_183' title='bbox 1052 2514 1267 2576; x_wconf 83' lang='lat' dir='ltr'><strong><em>precata</em></strong></span> <span class='ocrx_word' id='word_1_184' title='bbox 1295 2514 1378 2560; x_wconf 90' lang='lat' dir='ltr'><strong><em>est</em></strong></span> <span class='ocrx_word' id='word_1_185' title='bbox 1408 2514 1634 2571; x_wconf 88' lang='lat' dir='ltr'><strong><em>tantum,</em></strong></span> <span class='ocrx_word' id='word_1_186' title='bbox 1662 2517 1768 2558; x_wconf 90' lang='lat' dir='ltr'><strong><em>non</em></strong></span> 
     </span>
    </p>
   </div>
   <div class='ocr_carea' id='block_1_25' title="bbox 141 2596 1768 2668">
    <p class='ocr_par' dir='ltr' id='par_1_25' title="bbox 141 2596 1768 2668">
     <span class='ocr_line' id='line_1_25' title="bbox 141 2596 1768 2668; baseline 0 -17"><span class='ocrx_word' id='word_1_187' title='bbox 141 2611 351 2651; x_wconf 85' lang='lat' dir='ltr'><strong><em>eorum</em></strong></span> <span class='ocrx_word' id='word_1_188' title='bbox 396 2598 619 2652; x_wconf 88' lang='lat' dir='ltr'><strong><em>arbitrio</em></strong></span> <span class='ocrx_word' id='word_1_189' title='bbox 668 2614 782 2653; x_wconf 83' lang='lat' dir='ltr'><strong><em>rem</em></strong></span> <span class='ocrx_word' id='word_1_190' title='bbox 830 2598 1071 2668; x_wconf 87' lang='lat' dir='ltr'><strong><em>reliquit,</em></strong></span> <span class='ocrx_word' id='word_1_191' title='bbox 1120 2598 1215 2653; x_wconf 89' lang='lat' dir='ltr'><strong><em>sed</em></strong></span> <span class='ocrx_word' id='word_1_192' title='bbox 1253 2598 1415 2653; x_wconf 89' lang='lat' dir='ltr'><strong><em>etiam</em></strong></span> <span class='ocrx_word' id='word_1_193' title='bbox 1462 2598 1680 2667; x_wconf 83' lang='lat' dir='ltr'><strong><em>coegit:</em></strong></span> <span class='ocrx_word' id='word_1_194' title='bbox 1718 2596 1768 2651; x_wconf 88' lang='lat' dir='ltr'><strong><em>id</em></strong></span> 
     </span>
    </p>
   </div>
   <div class='ocr_carea' id='block_1_26' title="bbox 140 2688 1766 2762">
    <p class='ocr_par' dir='ltr' id='par_1_26' title="bbox 140 2688 1766 2762">
     <span class='ocr_line' id='line_1_26' title="bbox 140 2688 1766 2762; baseline -0.001 -18"><span class='ocrx_word' id='word_1_195' title='bbox 140 2689 297 2744; x_wconf 84' lang='lat' dir='ltr'><strong><em>enim</em></strong></span> <span class='ocrx_word' id='word_1_196' title='bbox 341 2689 608 2760; x_wconf 80' lang='lat' dir='ltr'><strong><em>signiﬁcat</em></strong></span> <span class='ocrx_word' id='word_1_197' title='bbox 663 2689 818 2756; x_wconf 90' lang='lat' dir='ltr'><strong><em>illud,</em></strong></span> <span class='ocrx_word' id='word_1_198' title='bbox 876 2690 1049 2762; x_wconf 78' lang='lat' dir='ltr'><strong><em>Coegit</em></strong></span> <span class='ocrx_word' id='word_1_199' title='bbox 1094 2707 1208 2756; x_wconf 90' lang='lat' dir='ltr'><strong><em>nos,</em></strong></span> <span class='ocrx_word' id='word_1_200' title='bbox 1240 2691 1297 2746; x_wconf 87' lang='lat' dir='ltr'><strong><em>id</em></strong></span> <span class='ocrx_word' id='word_1_201' title='bbox 1320 2699 1423 2757; x_wconf 77' lang='lat' dir='ltr'><strong><em>est,</em></strong></span> <span class='ocrx_word' id='word_1_202' title='bbox 1452 2690 1535 2744; x_wconf 87' lang='lat' dir='ltr'><strong><em>his</em></strong></span> <span class='ocrx_word' id='word_1_203' title='bbox 1568 2688 1766 2743; x_wconf 81' lang='lat' dir='ltr'><strong><em>verbis.</em></strong></span> 
     </span>
    </p>
   </div>
   <div class='ocr_carea' id='block_1_27' title="bbox 144 2780 1769 2852">
    <p class='ocr_par' dir='ltr' id='par_1_27' title="bbox 144 2780 1769 2852">
     <span class='ocr_line' id='line_1_27' title="bbox 144 2780 1769 2852; baseline -0.001 -17"><span class='ocrx_word' id='word_1_204' title='bbox 144 2780 293 2836; x_wconf 77' lang='lat' dir='ltr'><strong><em>Vide</em></strong></span> <span class='ocrx_word' id='word_1_205' title='bbox 317 2783 592 2852; x_wconf 89' lang='lat' dir='ltr'><strong><em>quomodo</em></strong></span> <span class='ocrx_word' id='word_1_206' title='bbox 619 2783 802 2837; x_wconf 79' lang='lat' dir='ltr'><strong><em>statim</em></strong></span> <span class='ocrx_word' id='word_1_207' title='bbox 851 2784 1084 2837; x_wconf 81' lang='lat' dir='ltr'><strong><em>fructum</em></strong></span> <span class='ocrx_word' id='word_1_208' title='bbox 1136 2783 1292 2847; x_wconf 83' lang='lat' dir='ltr'><strong><em>lerat,</em></strong></span> <span class='ocrx_word' id='word_1_209' title='bbox 1333 2794 1388 2838; x_wconf 90' lang='lat' dir='ltr'><strong><em>et</em></strong></span> <span class='ocrx_word' id='word_1_210' title='bbox 1418 2783 1624 2838; x_wconf 91' lang='lat' dir='ltr'><strong><em>lucrum</em></strong></span> <span class='ocrx_word' id='word_1_211' title='bbox 1656 2798 1769 2835; x_wconf 87' lang='lat' dir='ltr'><strong><em>ma-</em></strong></span> 
     </span>
    </p>
   </div>
   <div class='ocr_carea' id='block_1_28' title="bbox 138 2874 1766 2950">
    <p class='ocr_par' dir='ltr' id='par_1_28' title="bbox 138 2874 1766 2950">
     <span class='ocr_line' id='line_1_28' title="bbox 138 2874 1766 2950; baseline 0.001 -23"><span class='ocrx_word' id='word_1_212' title='bbox 138 2890 319 2944; x_wconf 67' lang='lat' dir='ltr'><strong><em>gnum</em></strong></span> <span class='ocrx_word' id='word_1_213' title='bbox 354 2883 504 2943; x_wconf 85' lang='lat' dir='ltr'><strong><em>putet</em></strong></span> <span class='ocrx_word' id='word_1_214' title='bbox 548 2876 904 2930; x_wconf 82' lang='lat' dir='ltr'><strong><em>voeationem.</em></strong></span> <span class='ocrx_word' id='word_1_215' title='bbox 938 2874 1094 2943; x_wconf 84' lang='lat' dir='ltr'><strong><em>Quod</em></strong></span> <span class='ocrx_word' id='word_1_216' title='bbox 1124 2892 1211 2929; x_wconf 89' lang='lat' dir='ltr'><strong><em>me</em></strong></span> <span class='ocrx_word' id='word_1_217' title='bbox 1242 2876 1457 2929; x_wconf 80' lang='lat' dir='ltr'><strong><em>lidelem</em></strong></span> <span class='ocrx_word' id='word_1_218' title='bbox 1482 2875 1766 2950; x_wconf 71' lang='lat' dir='ltr'><strong><em>judicare-</em></strong></span> 
     </span>
    </p>
   </div>
   <div class='ocr_carea' id='block_1_29' title="bbox 142 2966 1769 3040">
    <p class='ocr_par' dir='ltr' id='par_1_29' title="bbox 142 2966 1769 3040">
     <span class='ocr_line' id='line_1_29' title="bbox 142 2966 1769 3040; baseline -0.001 -17"><span class='ocrx_word' id='word_1_219' title='bbox 142 2971 296 3034; x_wconf 88' lang='lat' dir='ltr'><strong><em>ritis,</em></strong></span> <span class='ocrx_word' id='word_1_220' title='bbox 325 2968 496 3038; x_wconf 90' lang='lat' dir='ltr'><strong><em>liquet</em></strong></span> <span class='ocrx_word' id='word_1_221' title='bbox 523 2982 594 3023; x_wconf 85' lang='lat' dir='ltr'><strong><em>ex</em></strong></span> <span class='ocrx_word' id='word_1_222' title='bbox 623 2983 714 3035; x_wconf 87' lang='lat' dir='ltr'><strong><em>eo,</em></strong></span> <span class='ocrx_word' id='word_1_223' title='bbox 748 2970 892 3040; x_wconf 92' lang='lat' dir='ltr'><strong><em>quod</em></strong></span> <span class='ocrx_word' id='word_1_224' title='bbox 930 2967 1059 3022; x_wconf 89' lang='lat' dir='ltr'><strong><em>mihi</em></strong></span> <span class='ocrx_word' id='word_1_225' title='bbox 1084 2979 1226 3022; x_wconf 88' lang='lat' dir='ltr'><strong><em>tanta</em></strong></span> <span class='ocrx_word' id='word_1_226' title='bbox 1251 2969 1503 3040; x_wconf 87' lang='lat' dir='ltr'><strong><em>mysteria</em></strong></span> <span class='ocrx_word' id='word_1_227' title='bbox 1537 2966 1769 3022; x_wconf 85' lang='lat' dir='ltr'><strong><em>tradide-</em></strong></span> 
     </span>
    </p>
   </div>
   <div class='ocr_carea' id='block_1_30' title="bbox 143 3059 1770 3131">
    <p class='ocr_par' dir='ltr' id='par_1_30' title="bbox 143 3059 1770 3131">
     <span class='ocr_line' id='line_1_30' title="bbox 143 3059 1770 3131; baseline 0.001 -17"><span class='ocrx_word' id='word_1_228' title='bbox 143 3062 298 3125; x_wconf 82' lang='lat' dir='ltr'><strong><em>titis,</em></strong></span> <span class='ocrx_word' id='word_1_229' title='bbox 333 3076 441 3113; x_wconf 89' lang='lat' dir='ltr'><strong><em>non</em></strong></span> <span class='ocrx_word' id='word_1_230' title='bbox 497 3061 764 3127; x_wconf 86' lang='lat' dir='ltr'><strong><em>tradituri,</em></strong></span> <span class='ocrx_word' id='word_1_231' title='bbox 810 3062 911 3115; x_wconf 89' lang='lat' dir='ltr'><strong><em>nisi</em></strong></span> <span class='ocrx_word' id='word_1_232' title='bbox 942 3076 1031 3115; x_wconf 88' lang='lat' dir='ltr'><strong><em>me</em></strong></span> <span class='ocrx_word' id='word_1_233' title='bbox 1062 3062 1221 3115; x_wconf 85' lang='lat' dir='ltr'><strong><em>talem</em></strong></span> <span class='ocrx_word' id='word_1_234' title='bbox 1247 3061 1609 3131; x_wconf 81' lang='lat' dir='ltr'><strong><em>judicassetis.</em></strong></span> <span class='ocrx_word' id='word_1_235' title='bbox 1660 3059 1770 3115; x_wconf 84' lang='lat' dir='ltr'><strong><em>Nec</em></strong></span> 
     </span>
    </p>
   </div>
   <div class='ocr_carea' id='block_1_31' title="bbox 140 3153 1767 3224">
    <p class='ocr_par' dir='ltr' id='par_1_31' title="bbox 140 3153 1767 3224">
     <span class='ocr_line' id='line_1_31' title="bbox 140 3153 1767 3224; baseline 0.001 -19"><span class='ocrx_word' id='word_1_236' title='bbox 140 3167 284 3207; x_wconf 76' lang='lat' dir='ltr'><strong><em>ausa</em></strong></span> <span class='ocrx_word' id='word_1_237' title='bbox 309 3160 400 3207; x_wconf 88' lang='lat' dir='ltr'><strong><em>est</em></strong></span> <span class='ocrx_word' id='word_1_238' title='bbox 425 3163 582 3207; x_wconf 82' lang='lat' dir='ltr'><strong><em>antea</em></strong></span> <span class='ocrx_word' id='word_1_239' title='bbox 610 3154 859 3220; x_wconf 83' lang='lat' dir='ltr'><strong><em>invitare,</em></strong></span> <span class='ocrx_word' id='word_1_240' title='bbox 906 3153 1003 3208; x_wconf 90' lang='lat' dir='ltr'><strong><em>sed</em></strong></span> <span class='ocrx_word' id='word_1_241' title='bbox 1052 3163 1334 3224; x_wconf 82' lang='lat' dir='ltr'><strong><em>postquam</em></strong></span> <span class='ocrx_word' id='word_1_242' title='bbox 1367 3154 1632 3223; x_wconf 84' lang='lat' dir='ltr'><strong><em>baptizata</em></strong></span> <span class='ocrx_word' id='word_1_243' title='bbox 1664 3162 1767 3220; x_wconf 91' lang='lat' dir='ltr'><strong><em>est,</em></strong></span> 
     </span>
    </p>
   </div>
   <div class='ocr_carea' id='block_1_32' title="bbox 142 3244 1766 3316">
    <p class='ocr_par' dir='ltr' id='par_1_32' title="bbox 142 3244 1766 3316">
     <span class='ocr_line' id='line_1_32' title="bbox 142 3244 1766 3316; baseline 0.001 -18"><span class='ocrx_word' id='word_1_244' title='bbox 142 3244 281 3299; x_wconf 81' lang='lat' dir='ltr'><strong><em>hinc</em></strong></span> <span class='ocrx_word' id='word_1_245' title='bbox 310 3244 613 3300; x_wconf 89' lang='lat' dir='ltr'><strong><em>ostendens</em></strong></span> <span class='ocrx_word' id='word_1_246' title='bbox 638 3260 698 3301; x_wconf 88' lang='lat' dir='ltr'><strong><em>se</em></strong></span> <span class='ocrx_word' id='word_1_247' title='bbox 725 3260 835 3301; x_wconf 91' lang='lat' dir='ltr'><strong><em>non</em></strong></span> <span class='ocrx_word' id='word_1_248' title='bbox 864 3247 973 3301; x_wconf 90' lang='lat' dir='ltr'><strong><em>alio</em></strong></span> <span class='ocrx_word' id='word_1_249' title='bbox 994 3246 1157 3301; x_wconf 91' lang='lat' dir='ltr'><strong><em>modo</em></strong></span> <span class='ocrx_word' id='word_1_250' title='bbox 1182 3260 1558 3316; x_wconf 84' lang='lat' dir='ltr'><strong><em>persuasuram</em></strong></span> <span class='ocrx_word' id='word_1_251' title='bbox 1581 3246 1766 3302; x_wconf 81' lang='lat' dir='ltr'><strong><em>fuisse.</em></strong></span> 
     </span>
    </p>
   </div>
   <div class='ocr_carea' id='block_1_33' title="bbox 141 3337 1772 3407">
    <p class='ocr_par' dir='ltr' id='par_1_33' title="bbox 141 3337 1772 3407">
     <span class='ocr_line' id='line_1_33' title="bbox 141 3337 1772 3407; baseline 0.002 -15"><span class='ocrx_word' id='word_1_252' title='bbox 141 3338 261 3392; x_wconf 87' lang='lat' dir='ltr'><strong><em>Cur</em></strong></span> <span class='ocrx_word' id='word_1_253' title='bbox 286 3337 494 3393; x_wconf 79' lang='lat' dir='ltr'><strong><em>Paulus</em></strong></span> <span class='ocrx_word' id='word_1_254' title='bbox 516 3348 573 3395; x_wconf 91' lang='lat' dir='ltr'><strong><em>et</em></strong></span> <span class='ocrx_word' id='word_1_255' title='bbox 594 3339 727 3394; x_wconf 88' lang='lat' dir='ltr'><strong><em>socii</em></strong></span> <span class='ocrx_word' id='word_1_256' title='bbox 749 3339 1026 3404; x_wconf 88' lang='lat' dir='ltr'><strong><em>nolebant,</em></strong></span> <span class='ocrx_word' id='word_1_257' title='bbox 1046 3338 1141 3394; x_wconf 90' lang='lat' dir='ltr'><strong><em>sed</em></strong></span> <span class='ocrx_word' id='word_1_258' title='bbox 1163 3340 1484 3407; x_wconf 80' lang='lat' dir='ltr'><strong><em>retinebant,</em></strong></span> <span class='ocrx_word' id='word_1_259' title='bbox 1508 3340 1580 3393; x_wconf 89' lang='lat' dir='ltr'><strong><em>ita</em></strong></span> <span class='ocrx_word' id='word_1_260' title='bbox 1605 3347 1663 3394; x_wconf 91' lang='lat' dir='ltr'><strong><em>ut</em></strong></span> <span class='ocrx_word' id='word_1_261' title='bbox 1681 3354 1772 3395; x_wconf 86' lang='lat' dir='ltr'><strong><em>co-</em></strong></span> 
     </span>
    </p>
   </div>
   <div class='ocr_carea' id='block_1_34' title="bbox 139 3431 1765 3503">
    <p class='ocr_par' dir='ltr' id='par_1_34' title="bbox 139 3431 1765 3503">
     <span class='ocr_line' id='line_1_34' title="bbox 139 3431 1765 3503; baseline 0.002 -19"><span class='ocrx_word' id='word_1_262' title='bbox 139 3431 457 3503; x_wconf 72' lang='lat' dir='ltr'><strong><em>gerentur?</em></strong></span> <span class='ocrx_word' id='word_1_263' title='bbox 504 3431 574 3489; x_wconf 87' lang='lat' dir='ltr'><strong><em>Ut</em></strong></span> <span class='ocrx_word' id='word_1_264' title='bbox 626 3432 775 3487; x_wconf 88' lang='lat' dir='ltr'><strong><em>illam</em></strong></span> <span class='ocrx_word' id='word_1_265' title='bbox 804 3432 873 3487; x_wconf 89' lang='lat' dir='ltr'><strong><em>ad</em></strong></span> <span class='ocrx_word' id='word_1_266' title='bbox 905 3433 1078 3503; x_wconf 86' lang='lat' dir='ltr'><strong><em>majus</em></strong></span> <span class='ocrx_word' id='word_1_267' title='bbox 1126 3433 1364 3487; x_wconf 77' lang='lat' dir='ltr'><strong><em>Studium</em></strong></span> <span class='ocrx_word' id='word_1_268' title='bbox 1384 3434 1765 3499; x_wconf 86' lang='lat' dir='ltr'><strong><em>concitarent;</em></strong></span> 
     </span>
    </p>
   </div>
   <div class='ocr_carea' id='block_1_35' title="bbox 143 3524 1771 3598">
    <p class='ocr_par' dir='ltr' id='par_1_35' title="bbox 143 3524 1771 3598">
     <span class='ocr_line' id='line_1_35' title="bbox 143 3524 1771 3598; baseline 0.003 -22"><span class='ocrx_word' id='word_1_269' title='bbox 143 3525 233 3577; x_wconf 78' lang='lat' dir='ltr'><strong><em>vel</em></strong></span> <span class='ocrx_word' id='word_1_270' title='bbox 258 3526 394 3594; x_wconf 86' lang='lat' dir='ltr'><strong><em>quia</em></strong></span> <span class='ocrx_word' id='word_1_271' title='bbox 422 3524 559 3580; x_wconf 90' lang='lat' dir='ltr'><strong><em>dixit</em></strong></span> <span class='ocrx_word' id='word_1_272' title='bbox 582 3524 832 3581; x_wconf 85' lang='lat' dir='ltr'><strong><em>Christus</em></strong></span> <span class='ocrx_word' id='word_1_273' title='bbox 857 3544 871 3580; x_wconf 89' lang='lat'><strong>:</strong></span> <span class='ocrx_word' id='word_1_274' title='bbox 899 3524 969 3580; x_wconf 85' lang='lat' dir='ltr'><strong><em>In</em></strong></span> <span class='ocrx_word' id='word_1_275' title='bbox 1004 3542 1376 3598; x_wconf 85' lang='lat' dir='ltr'><strong><em>quamcumque</em></strong></span> <span class='ocrx_word' id='word_1_276' title='bbox 1402 3528 1656 3582; x_wconf 87' lang='lat' dir='ltr'><strong><em>civitatem</em></strong></span> <span class='ocrx_word' id='word_1_277' title='bbox 1685 3529 1771 3581; x_wconf 86' lang='lat' dir='ltr'><strong><em>in-</em></strong></span> 
     </span>
    </p>
   </div>
   <div class='ocr_carea' id='block_1_36' title="bbox 141 3622 1772 3696">
    <p class='ocr_par' dir='ltr' id='par_1_36' title="bbox 141 3622 1772 3696">
     <span class='ocr_line' id='line_1_36' title="bbox 141 3622 1772 3696; baseline 0.002 -21"><span class='ocrx_word' id='word_1_278' title='bbox 141 3623 433 3686; x_wconf 77' lang='lat' dir='ltr'><strong><em>traneritis,</em></strong></span> <span class='ocrx_word' id='word_1_279' title='bbox 465 3623 577 3693; x_wconf 86' lang='lat' dir='ltr'><strong><em>quis</em></strong></span> <span class='ocrx_word' id='word_1_280' title='bbox 604 3624 669 3678; x_wconf 89' lang='lat' dir='ltr'><strong><em>sit</em></strong></span> <span class='ocrx_word' id='word_1_281' title='bbox 711 3622 897 3696; x_wconf 79' lang='lat' dir='ltr'><strong><em>dignus</em></strong></span> <span class='ocrx_word' id='word_1_282' title='bbox 938 3624 1269 3695; x_wconf 84' lang='lat' dir='ltr'><strong><em>interrogate,</em></strong></span> <span class='ocrx_word' id='word_1_283' title='bbox 1320 3633 1367 3678; x_wconf 88' lang='lat' dir='ltr'><strong><em>et</em></strong></span> <span class='ocrx_word' id='word_1_284' title='bbox 1420 3626 1526 3679; x_wconf 87' lang='lat' dir='ltr'><strong><em>illic</em></strong></span> <span class='ocrx_word' id='word_1_285' title='bbox 1574 3635 1772 3679; x_wconf 83' lang='lat' dir='ltr'><strong><em>manete</em></strong></span> 
     </span>
    </p>
   </div>
   <div class='ocr_carea' id='block_1_37' title="bbox 142 3716 1767 3789">
    <p class='ocr_par' dir='ltr' id='par_1_37' title="bbox 142 3716 1767 3789">
     <span class='ocr_line' id='line_1_37' title="bbox 142 3716 1767 3789; baseline 0.001 -18"><span class='ocrx_word' id='word_1_286' title='bbox 142 3716 323 3787; x_wconf 89' lang='lat' dir='ltr'><strong><em>(Luc.</em></strong></span> <span class='ocrx_word' id='word_1_287' title='bbox 362 3716 449 3772; x_wconf 88' lang='grc'>10.</span> <span class='ocrx_word' id='word_1_288' title='bbox 477 3716 571 3789; x_wconf 86' lang='grc'><strong><em>8).</em></strong></span> <span class='ocrx_word' id='word_1_289' title='bbox 602 3716 785 3788; x_wconf 85' lang='lat' dir='ltr'><strong><em>Itaque</em></strong></span> <span class='ocrx_word' id='word_1_290' title='bbox 829 3717 1009 3772; x_wconf 90' lang='lat' dir='ltr'><strong><em>omnia</em></strong></span> <span class='ocrx_word' id='word_1_291' title='bbox 1057 3732 1154 3787; x_wconf 87' lang='lat' dir='ltr'><strong><em>per</em></strong></span> <span class='ocrx_word' id='word_1_292' title='bbox 1205 3720 1564 3773; x_wconf 76' lang='lat' dir='ltr'><strong><em>(economiam</em></strong></span> <span class='ocrx_word' id='word_1_293' title='bbox 1611 3718 1767 3773; x_wconf 75' lang='lat' dir='ltr'><strong><em>lacie«</em></strong></span> 
     </span>
    </p>
   </div>
   <div class='ocr_carea' id='block_1_38' title="bbox 142 3808 1768 3877">
    <p class='ocr_par' dir='ltr' id='par_1_38' title="bbox 142 3808 1768 3877">
     <span class='ocr_line' id='line_1_38' title="bbox 142 3808 1768 3877; baseline 0 -13"><span class='ocrx_word' id='word_1_294' title='bbox 142 3810 304 3864; x_wconf 81' lang='lat' dir='ltr'><strong><em>bant.</em></strong></span> <span class='ocrx_word' id='word_1_295' title='bbox 333 3810 421 3864; x_wconf 88' lang='grc'><strong><em>16.</em></strong></span> <span class='ocrx_word' id='word_1_296' title='bbox 453 3808 673 3863; x_wconf 83' lang='lat' dir='ltr'><strong><em>Factum</em></strong></span> <span class='ocrx_word' id='word_1_297' title='bbox 691 3819 766 3863; x_wconf 86' lang='lat' dir='ltr'><strong><em>est</em></strong></span> <span class='ocrx_word' id='word_1_298' title='bbox 784 3819 953 3863; x_wconf 90' lang='lat' dir='ltr'><strong><em>autem</em></strong></span> <span class='ocrx_word' id='word_1_299' title='bbox 968 3809 1204 3863; x_wconf 87' lang='lat' dir='ltr'><strong><em>euntibus</em></strong></span> <span class='ocrx_word' id='word_1_300' title='bbox 1222 3810 1366 3864; x_wconf 87' lang='lat' dir='ltr'><strong><em>nobis</em></strong></span> <span class='ocrx_word' id='word_1_301' title='bbox 1382 3811 1451 3863; x_wconf 89' lang='lat' dir='ltr'><strong><em>ad</em></strong></span> <span class='ocrx_word' id='word_1_302' title='bbox 1467 3812 1768 3877; x_wconf 88' lang='lat' dir='ltr'><strong><em>orationem,</em></strong></span> 
     </span>
    </p>
   </div>
   <div class='ocr_carea' id='block_1_39' title="bbox 145 3902 1775 3974">
    <p class='ocr_par' dir='ltr' id='par_1_39' title="bbox 145 3902 1775 3974">
     <span class='ocr_line' id='line_1_39' title="bbox 145 3902 1775 3974; baseline 0.002 -19"><span class='ocrx_word' id='word_1_303' title='bbox 145 3903 389 3970; x_wconf 81' lang='lat' dir='ltr'><strong><em>puellam</em></strong></span> <span class='ocrx_word' id='word_1_304' title='bbox 411 3902 687 3972; x_wconf 83' lang='lat' dir='ltr'><strong><em>quamdam</em></strong></span> <span class='ocrx_word' id='word_1_305' title='bbox 713 3902 980 3956; x_wconf 82' lang='lat' dir='ltr'><strong><em>habentem</em></strong></span> <span class='ocrx_word' id='word_1_306' title='bbox 1005 3903 1240 3972; x_wconf 85' lang='lat' dir='ltr'><strong><em>spiritum</em></strong></span> <span class='ocrx_word' id='word_1_307' title='bbox 1267 3903 1543 3974; x_wconf 86' lang='lat' dir='ltr'><strong><em>pythonem</em></strong></span> <span class='ocrx_word' id='word_1_308' title='bbox 1572 3902 1775 3958; x_wconf 82' lang='lat' dir='ltr'><strong><em>obviare</em></strong></span> 
     </span>
    </p>
   </div>
   <div class='ocr_carea' id='block_1_40' title="bbox 144 3994 1773 4065">
    <p class='ocr_par' dir='ltr' id='par_1_40' title="bbox 144 3994 1773 4065">
     <span class='ocr_line' id='line_1_40' title="bbox 144 3994 1773 4065; baseline 0.002 -18"><span class='ocrx_word' id='word_1_309' title='bbox 144 3996 325 4061; x_wconf 81' lang='lat' dir='ltr'><strong><em>nobis,</em></strong></span> <span class='ocrx_word' id='word_1_310' title='bbox 386 4010 501 4063; x_wconf 68' lang='lat' dir='ltr'><strong><em>quae</em></strong></span> <span class='ocrx_word' id='word_1_311' title='bbox 542 4003 799 4064; x_wconf 65' lang='lat' dir='ltr'><strong><em>questum</em></strong></span> <span class='ocrx_word' id='word_1_312' title='bbox 838 4010 1083 4065; x_wconf 89' lang='lat' dir='ltr'><strong><em>magnum</em></strong></span> <span class='ocrx_word' id='word_1_313' title='bbox 1122 3994 1396 4065; x_wconf 69' lang='lat' dir='ltr'><strong><em>praestabat</em></strong></span> <span class='ocrx_word' id='word_1_314' title='bbox 1429 3996 1649 4049; x_wconf 90' lang='lat' dir='ltr'><strong><em>dominis</em></strong></span> <span class='ocrx_word' id='word_1_315' title='bbox 1668 3998 1773 4051; x_wconf 84' lang='lat' dir='ltr'><strong><em>suis</em></strong></span> 
     </span>
    </p>
   </div>
   <div class='ocr_carea' id='block_1_41' title="bbox 146 4087 1770 4157">
    <p class='ocr_par' dir='ltr' id='par_1_41' title="bbox 146 4087 1770 4157">
     <span class='ocr_line' id='line_1_41' title="bbox 146 4087 1770 4157; baseline 0.001 -16"><span class='ocrx_word' id='word_1_316' title='bbox 146 4090 462 4143; x_wconf 69' lang='lat' dir='ltr'><strong><em>divinando.</em></strong></span> <span class='ocrx_word' id='word_1_317' title='bbox 496 4088 581 4142; x_wconf 85' lang='grc'>17.</span> <span class='ocrx_word' id='word_1_318' title='bbox 616 4087 742 4142; x_wconf 77' lang='lat' dir='ltr'><strong><em>Hazc</em></strong></span> <span class='ocrx_word' id='word_1_319' title='bbox 769 4088 1079 4157; x_wconf 90' lang='lat' dir='ltr'><strong><em>subsequuta</em></strong></span> <span class='ocrx_word' id='word_1_320' title='bbox 1106 4087 1334 4142; x_wconf 88' lang='lat' dir='ltr'><strong><em>Paulum</em></strong></span> <span class='ocrx_word' id='word_1_321' title='bbox 1360 4099 1407 4143; x_wconf 88' lang='lat' dir='ltr'><strong><em>et</em></strong></span> <span class='ocrx_word' id='word_1_322' title='bbox 1445 4106 1537 4143; x_wconf 91' lang='lat' dir='ltr'><strong><em>nos</em></strong></span> <span class='ocrx_word' id='word_1_323' title='bbox 1571 4090 1770 4144; x_wconf 83' lang='lat' dir='ltr'><strong><em>clama-</em></strong></span> 
     </span>
    </p>
   </div>
   <div class='ocr_carea' id='block_1_42' title="bbox 146 4176 1777 4254">
    <p class='ocr_par' dir='ltr' id='par_1_42' title="bbox 146 4176 1777 4254">
     <span class='ocr_line' id='line_1_42' title="bbox 146 4176 1777 4254; baseline 0.001 -20"><span class='ocrx_word' id='word_1_324' title='bbox 146 4181 259 4249; x_wconf 84' lang='lat' dir='ltr'><strong><em>bat,</em></strong></span> <span class='ocrx_word' id='word_1_325' title='bbox 290 4180 471 4234; x_wconf 86' lang='lat' dir='ltr'><strong><em>dicens</em></strong></span> <span class='ocrx_word' id='word_1_326' title='bbox 498 4195 516 4235; x_wconf 89' lang='lat'><strong><em>:</em></strong></span> <span class='ocrx_word' id='word_1_327' title='bbox 538 4178 635 4234; x_wconf 83' lang='lat' dir='ltr'><strong><em>Isti</em></strong></span> <span class='ocrx_word' id='word_1_328' title='bbox 660 4181 887 4235; x_wconf 81' lang='lat' dir='ltr'><strong><em>homines</em></strong></span> <span class='ocrx_word' id='word_1_329' title='bbox 917 4176 1047 4234; x_wconf 82' lang='lat' dir='ltr'><strong><em>servi</em></strong></span> <span class='ocrx_word' id='word_1_330' title='bbox 1067 4177 1164 4234; x_wconf 92' lang='lat' dir='ltr'><strong><em>Dci</em></strong></span> <span class='ocrx_word' id='word_1_331' title='bbox 1189 4181 1373 4235; x_wconf 72' lang='lat' dir='ltr'><strong><em>excelsi</em></strong></span> <span class='ocrx_word' id='word_1_332' title='bbox 1411 4192 1549 4248; x_wconf 90' lang='lat' dir='ltr'><strong><em>sunt,</em></strong></span> <span class='ocrx_word' id='word_1_333' title='bbox 1570 4184 1659 4254; x_wconf 87' lang='lat' dir='ltr'><strong><em>qui</em></strong></span> <span class='ocrx_word' id='word_1_334' title='bbox 1682 4200 1777 4237; x_wconf 82' lang='lat' dir='ltr'><strong><em>an-</em></strong></span> 
     </span>
    </p>
   </div>
   <div class='ocr_carea' id='block_1_43' title="bbox 147 4272 1774 4347">
    <p class='ocr_par' dir='ltr' id='par_1_43' title="bbox 147 4272 1774 4347">
     <span class='ocr_line' id='line_1_43' title="bbox 147 4272 1774 4347; baseline 0.003 -21"><span class='ocrx_word' id='word_1_335' title='bbox 147 4274 400 4326; x_wconf 80' lang='lat' dir='ltr'><strong><em>nuntiant</em></strong></span> <span class='ocrx_word' id='word_1_336' title='bbox 425 4273 570 4327; x_wconf 81' lang='lat' dir='ltr'><strong><em>nobis</em></strong></span> <span class='ocrx_word' id='word_1_337' title='bbox 588 4274 723 4327; x_wconf 74' lang='lat' dir='ltr'><strong><em>siam</em></strong></span> <span class='ocrx_word' id='word_1_338' title='bbox 744 4273 943 4329; x_wconf 88' lang='lat' dir='ltr'><strong><em>salutis.</em></strong></span> <span class='ocrx_word' id='word_1_339' title='bbox 994 4272 1104 4328; x_wconf 88' lang='lat' dir='ltr'><strong><em>Cur</em></strong></span> <span class='ocrx_word' id='word_1_340' title='bbox 1125 4284 1181 4329; x_wconf 91' lang='lat' dir='ltr'><strong><em>et</em></strong></span> <span class='ocrx_word' id='word_1_341' title='bbox 1201 4275 1411 4329; x_wconf 71' lang='lat' dir='ltr'><strong><em>dremon</em></strong></span> <span class='ocrx_word' id='word_1_342' title='bbox 1443 4276 1566 4330; x_wconf 84' lang='lat' dir='ltr'><strong><em>talia</em></strong></span> <span class='ocrx_word' id='word_1_343' title='bbox 1595 4277 1774 4347; x_wconf 86' lang='lat' dir='ltr'><strong><em>loquu-</em></strong></span> 
     </span>
    </p>
   </div>
   <div class='ocr_carea' id='block_1_44' title="bbox 150 4365 1776 4439">
    <p class='ocr_par' dir='ltr' id='par_1_44' title="bbox 150 4365 1776 4439">
     <span class='ocr_line' id='line_1_44' title="bbox 150 4365 1776 4439; baseline 0.002 -19"><span class='ocrx_word' id='word_1_344' title='bbox 150 4376 243 4421; x_wconf 87' lang='lat' dir='ltr'><strong><em>tus</em></strong></span> <span class='ocrx_word' id='word_1_345' title='bbox 269 4376 385 4432; x_wconf 87' lang='lat' dir='ltr'><strong><em>est,</em></strong></span> <span class='ocrx_word' id='word_1_346' title='bbox 415 4376 472 4421; x_wconf 90' lang='lat' dir='ltr'><strong><em>et</em></strong></span> <span class='ocrx_word' id='word_1_347' title='bbox 508 4365 707 4422; x_wconf 82' lang='lat' dir='ltr'><strong><em>Paulus</em></strong></span> <span class='ocrx_word' id='word_1_348' title='bbox 739 4366 1017 4437; x_wconf 86' lang='lat' dir='ltr'><strong><em>prohibuit</em></strong></span> <span class='ocrx_word' id='word_1_349' title='bbox 1043 4369 1066 4419; x_wconf 80' lang='lat' dir='ltr'><strong><em>‘l</em></strong></span> <span class='ocrx_word' id='word_1_350' title='bbox 1094 4367 1162 4421; x_wconf 87' lang='lat' dir='ltr'><strong><em>Et</em></strong></span> <span class='ocrx_word' id='word_1_351' title='bbox 1190 4367 1283 4422; x_wconf 90' lang='lat' dir='ltr'><strong><em>ille</em></strong></span> <span class='ocrx_word' id='word_1_352' title='bbox 1314 4368 1570 4439; x_wconf 86' lang='lat' dir='ltr'><strong><em>maligne,</em></strong></span> <span class='ocrx_word' id='word_1_353' title='bbox 1608 4380 1664 4423; x_wconf 91' lang='lat' dir='ltr'><strong><em>et</em></strong></span> <span class='ocrx_word' id='word_1_354' title='bbox 1688 4370 1776 4424; x_wconf 87' lang='lat' dir='ltr'><strong><em>hic</em></strong></span> 
     </span>
    </p>
   </div>
   <div class='ocr_carea' id='block_1_45' title="bbox 151 4460 1776 4533">
    <p class='ocr_par' dir='ltr' id='par_1_45' title="bbox 151 4460 1776 4533">
     <span class='ocr_line' id='line_1_45' title="bbox 151 4460 1776 4533; baseline 0.002 -20"><span class='ocrx_word' id='word_1_355' title='bbox 151 4460 467 4529; x_wconf 87' lang='lat' dir='ltr'><strong><em>prudenter</em></strong></span> <span class='ocrx_word' id='word_1_356' title='bbox 494 4460 685 4530; x_wconf 80' lang='lat' dir='ltr'><strong><em>agebat</em></strong></span> <span class='ocrx_word' id='word_1_357' title='bbox 712 4477 727 4514; x_wconf 87' lang='lat'><strong>:</strong></span> <span class='ocrx_word' id='word_1_358' title='bbox 750 4460 962 4515; x_wconf 80' lang='lat' dir='ltr'><strong><em>volebat</em></strong></span> <span class='ocrx_word' id='word_1_359' title='bbox 982 4462 1123 4515; x_wconf 90' lang='lat' dir='ltr'><strong><em>enim</em></strong></span> <span class='ocrx_word' id='word_1_360' title='bbox 1148 4476 1255 4515; x_wconf 88' lang='lat' dir='ltr'><strong><em>non</em></strong></span> <span class='ocrx_word' id='word_1_361' title='bbox 1277 4460 1382 4516; x_wconf 81' lang='lat' dir='ltr'><strong><em>ﬁde</em></strong></span> <span class='ocrx_word' id='word_1_362' title='bbox 1404 4462 1622 4533; x_wconf 83' lang='lat' dir='ltr'><strong><em>dignum</em></strong></span> <span class='ocrx_word' id='word_1_363' title='bbox 1650 4465 1776 4517; x_wconf 84' lang='lat' dir='ltr'><strong><em>red-</em></strong></span> 
     </span>
    </p>
   </div>
   <div class='ocr_carea' id='block_1_46' title="bbox 152 4552 1773 4626">
    <p class='ocr_par' dir='ltr' id='par_1_46' title="bbox 152 4552 1773 4626">
     <span class='ocr_line' id='line_1_46' title="bbox 152 4552 1773 4626; baseline 0.003 -17"><span class='ocrx_word' id='word_1_364' title='bbox 152 4554 291 4609; x_wconf 89' lang='lat' dir='ltr'><strong><em>dere</em></strong></span> <span class='ocrx_word' id='word_1_365' title='bbox 325 4554 370 4608; x_wconf 82' lang='grc'><strong><em>¹.</em></strong></span> <span class='ocrx_word' id='word_1_366' title='bbox 399 4552 535 4609; x_wconf 79' lang='lat' dir='ltr'><strong><em>Nam</em></strong></span> <span class='ocrx_word' id='word_1_367' title='bbox 566 4555 609 4609; x_wconf 90' lang='lat' dir='ltr'><strong><em>si</em></strong></span> <span class='ocrx_word' id='word_1_368' title='bbox 642 4554 1009 4611; x_wconf 88' lang='lat' dir='ltr'><strong><em>testimonium</em></strong></span> <span class='ocrx_word' id='word_1_369' title='bbox 1041 4555 1157 4626; x_wconf 86' lang='lat' dir='ltr'><strong><em>ejus</em></strong></span> <span class='ocrx_word' id='word_1_370' title='bbox 1202 4556 1398 4611; x_wconf 87' lang='lat' dir='ltr'><strong><em>Paulus</em></strong></span> <span class='ocrx_word' id='word_1_371' title='bbox 1445 4556 1773 4626; x_wconf 82' lang='lat' dir='ltr'><strong><em>admisisset,</em></strong></span> 
     </span>
    </p>
   </div>
   <div class='ocr_carea' id='block_1_47' title="bbox 153 4648 1775 4723">
    <p class='ocr_par' dir='ltr' id='par_1_47' title="bbox 153 4648 1775 4723">
     <span class='ocr_line' id='line_1_47' title="bbox 153 4648 1775 4723; baseline 0.003 -20"><span class='ocrx_word' id='word_1_372' title='bbox 153 4648 371 4704; x_wconf 83' lang='lat' dir='ltr'><strong><em>multos</em></strong></span> <span class='ocrx_word' id='word_1_373' title='bbox 400 4648 561 4704; x_wconf 88' lang='lat' dir='ltr'><strong><em>etiam</em></strong></span> <span class='ocrx_word' id='word_1_374' title='bbox 579 4648 766 4705; x_wconf 83' lang='lat' dir='ltr'><strong><em>ﬁdeles</em></strong></span> <span class='ocrx_word' id='word_1_375' title='bbox 784 4650 1107 4720; x_wconf 73' lang='lat' dir='ltr'><strong><em>decepisset,</em></strong></span> <span class='ocrx_word' id='word_1_376' title='bbox 1126 4658 1185 4705; x_wconf 91' lang='lat' dir='ltr'><strong><em>ut</em></strong></span> <span class='ocrx_word' id='word_1_377' title='bbox 1207 4651 1274 4706; x_wconf 89' lang='lat' dir='ltr'><strong><em>ab</em></strong></span> <span class='ocrx_word' id='word_1_378' title='bbox 1295 4651 1387 4706; x_wconf 87' lang='lat' dir='ltr'><strong><em>illo</em></strong></span> <span class='ocrx_word' id='word_1_379' title='bbox 1407 4652 1735 4723; x_wconf 84' lang='lat' dir='ltr'><strong><em>approbatus</em></strong></span> <span class='ocrx_word' id='word_1_380' title='bbox 1762 4672 1775 4708; x_wconf 87' lang='lat'><strong>:</strong></span> 
     </span>
    </p>
   </div>
   <div class='ocr_carea' id='block_1_48' title="bbox 154 4741 1779 4813">
    <p class='ocr_par' dir='ltr' id='par_1_48' title="bbox 154 4741 1779 4813">
     <span class='ocr_line' id='line_1_48' title="bbox 154 4741 1779 4813; baseline 0.003 -16"><span class='ocrx_word' id='word_1_381' title='bbox 154 4744 285 4798; x_wconf 86' lang='lat' dir='ltr'><strong><em>ideo</em></strong></span> <span class='ocrx_word' id='word_1_382' title='bbox 316 4741 445 4798; x_wconf 88' lang='lat' dir='ltr'><strong><em>illos</em></strong></span> <span class='ocrx_word' id='word_1_383' title='bbox 472 4742 750 4813; x_wconf 70' lang='lat' dir='ltr'><strong><em>prmdicat,</em></strong></span> <span class='ocrx_word' id='word_1_384' title='bbox 780 4754 837 4799; x_wconf 91' lang='lat' dir='ltr'><strong><em>ut</em></strong></span> <span class='ocrx_word' id='word_1_385' title='bbox 880 4758 975 4799; x_wconf 89' lang='lat' dir='ltr'><strong><em>sua</em></strong></span> <span class='ocrx_word' id='word_1_386' title='bbox 1020 4744 1277 4811; x_wconf 83' lang='lat' dir='ltr'><strong><em>stabiliat,</em></strong></span> <span class='ocrx_word' id='word_1_387' title='bbox 1308 4754 1363 4799; x_wconf 83' lang='lat' dir='ltr'><strong><em>et</em></strong></span> <span class='ocrx_word' id='word_1_388' title='bbox 1408 4746 1699 4800; x_wconf 85' lang='lat' dir='ltr'><strong><em>demissius</em></strong></span> <span class='ocrx_word' id='word_1_389' title='bbox 1720 4763 1779 4802; x_wconf 88' lang='lat' dir='ltr'><strong><em>se</em></strong></span> 
     </span>
    </p>
   </div>
   <div class='ocr_carea' id='block_1_49' title="bbox 152 4832 1775 4906">
    <p class='ocr_par' dir='ltr' id='par_1_49' title="bbox 152 4832 1775 4906">
     <span class='ocr_line' id='line_1_49' title="bbox 152 4832 1775 4906; baseline 0.002 -17"><span class='ocrx_word' id='word_1_390' title='bbox 152 4837 304 4905; x_wconf 84' lang='lat' dir='ltr'><strong><em>gerit</em></strong></span> <span class='ocrx_word' id='word_1_391' title='bbox 324 4832 398 4888; x_wconf 87' lang='lat' dir='ltr'><strong><em>ad</em></strong></span> <span class='ocrx_word' id='word_1_392' title='bbox 420 4835 735 4904; x_wconf 88' lang='lat' dir='ltr'><strong><em>perniciem.</em></strong></span> <span class='ocrx_word' id='word_1_393' title='bbox 768 4836 952 4891; x_wconf 88' lang='lat' dir='ltr'><strong><em>Primo</em></strong></span> <span class='ocrx_word' id='word_1_394' title='bbox 981 4836 1160 4906; x_wconf 84' lang='lat' dir='ltr'><strong><em>itaque</em></strong></span> <span class='ocrx_word' id='word_1_395' title='bbox 1186 4851 1291 4891; x_wconf 90' lang='lat' dir='ltr'><strong><em>non</em></strong></span> <span class='ocrx_word' id='word_1_396' title='bbox 1317 4838 1537 4892; x_wconf 90' lang='lat' dir='ltr'><strong><em>admisit</em></strong></span> <span class='ocrx_word' id='word_1_397' title='bbox 1557 4838 1775 4905; x_wconf 86' lang='lat' dir='ltr'><strong><em>Paulus,</em></strong></span> 
     </span>
    </p>
   </div>
   <div class='ocr_carea' id='block_1_50' title="bbox 154 4926 1780 5001">
    <p class='ocr_par' dir='ltr' id='par_1_50' title="bbox 154 4926 1780 5001">
     <span class='ocr_line' id='line_1_50' title="bbox 154 4926 1780 5001; baseline 0.003 -20"><span class='ocrx_word' id='word_1_398' title='bbox 154 4928 254 4981; x_wconf 85' lang='lat' dir='ltr'><strong><em>sed</em></strong></span> <span class='ocrx_word' id='word_1_399' title='bbox 291 4926 525 4995; x_wconf 86' lang='lat' dir='ltr'><strong><em>respuit,</em></strong></span> <span class='ocrx_word' id='word_1_400' title='bbox 556 4927 752 4982; x_wconf 90' lang='lat' dir='ltr'><strong><em>nolens</em></strong></span> <span class='ocrx_word' id='word_1_401' title='bbox 783 4936 888 4981; x_wconf 85' lang='lat' dir='ltr'><strong><em>tam</em></strong></span> <span class='ocrx_word' id='word_1_402' title='bbox 916 4926 1074 4983; x_wconf 80' lang='lat' dir='ltr'><strong><em>facile</em></strong></span> <span class='ocrx_word' id='word_1_403' title='bbox 1102 4928 1256 4999; x_wconf 84' lang='lat' dir='ltr'><strong><em>signa</em></strong></span> <span class='ocrx_word' id='word_1_404' title='bbox 1278 4929 1441 4985; x_wconf 89' lang='lat' dir='ltr'><strong><em>edere</em></strong></span> <span class='ocrx_word' id='word_1_405' title='bbox 1466 4947 1477 4983; x_wconf 94' lang='lat'>:</span> <span class='ocrx_word' id='word_1_406' title='bbox 1508 4931 1631 5001; x_wconf 92' lang='lat' dir='ltr'><strong><em>quia</em></strong></span> <span class='ocrx_word' id='word_1_407' title='bbox 1651 4946 1780 4986; x_wconf 87' lang='lat' dir='ltr'><strong><em>vero</em></strong></span> 
     </span>
    </p>
   </div>
   <div class='ocr_carea' id='block_1_51' title="bbox 155 5020 1776 5092">
    <p class='ocr_par' dir='ltr' id='par_1_51' title="bbox 155 5020 1776 5092">
     <span class='ocr_line' id='line_1_51' title="bbox 155 5020 1776 5092; baseline 0.001 -17"><span class='ocrx_word' id='word_1_408' title='bbox 155 5020 669 5092; x_wconf 74' lang='lat' dir='ltr'><strong><em>perseVerabatilla</em></strong></span> <span class='ocrx_word' id='word_1_409' title='bbox 694 5021 877 5075; x_wconf 88' lang='lat' dir='ltr'><strong><em>multis</em></strong></span> <span class='ocrx_word' id='word_1_410' title='bbox 903 5021 1115 5086; x_wconf 89' lang='lat' dir='ltr'><strong><em>diebus,</em></strong></span> <span class='ocrx_word' id='word_1_411' title='bbox 1138 5032 1193 5075; x_wconf 91' lang='lat' dir='ltr'><strong><em>et</em></strong></span> <span class='ocrx_word' id='word_1_412' title='bbox 1219 5036 1357 5092; x_wconf 87' lang='lat' dir='ltr'><strong><em>Optls</em></strong></span> <span class='ocrx_word' id='word_1_413' title='bbox 1394 5023 1729 5079; x_wconf 85' lang='lat' dir='ltr'><strong><em>monstrabat</em></strong></span> <span class='ocrx_word' id='word_1_414' title='bbox 1764 5041 1776 5077; x_wconf 93' lang='lat'>:</span> 
     </span>
    </p>
   </div>
   <div class='ocr_carea' id='block_1_52' title="bbox 158 5111 1780 5184">
    <p class='ocr_par' dir='ltr' id='par_1_52' title="bbox 158 5111 1780 5184">
     <span class='ocr_line' id='line_1_52' title="bbox 158 5111 1780 5184; baseline 0.003 -17"><span class='ocrx_word' id='word_1_415' title='bbox 158 5113 235 5167; x_wconf 80' lang='lat' dir='ltr'><strong><em>lli</em></strong></span> <span class='ocrx_word' id='word_1_416' title='bbox 263 5114 502 5168; x_wconf 82' lang='lat' dir='ltr'><strong><em>homines</em></strong></span> <span class='ocrx_word' id='word_1_417' title='bbox 528 5114 656 5167; x_wconf 82' lang='lat' dir='ltr'><strong><em>servi</em></strong></span> <span class='ocrx_word' id='word_1_418' title='bbox 684 5111 777 5166; x_wconf 89' lang='lat' dir='ltr'><strong><em>Dei</em></strong></span> <span class='ocrx_word' id='word_1_419' title='bbox 803 5115 1039 5169; x_wconf 85' lang='lat' dir='ltr'><strong><em>altissimi</em></strong></span> <span class='ocrx_word' id='word_1_420' title='bbox 1067 5126 1203 5181; x_wconf 87' lang='lat' dir='ltr'><strong><em>sunt,</em></strong></span> <span class='ocrx_word' id='word_1_421' title='bbox 1241 5117 1327 5184; x_wconf 91' lang='lat' dir='ltr'><strong><em>qui</em></strong></span> <span class='ocrx_word' id='word_1_422' title='bbox 1356 5118 1661 5171; x_wconf 82' lang='lat' dir='ltr'><strong><em>annuntinnt</em></strong></span> <span class='ocrx_word' id='word_1_423' title='bbox 1685 5134 1780 5172; x_wconf 90' lang='lat' dir='ltr'><strong><em>no-</em></strong></span> 
     </span>
    </p>
   </div>
   <div class='ocr_carea' id='block_1_53' title="bbox 155 5208 1778 5279">
    <p class='ocr_par' dir='ltr' id='par_1_53' title="bbox 155 5208 1778 5279">
     <span class='ocr_line' id='line_1_53' title="bbox 155 5208 1778 5279; baseline 0.002 -15"><span class='ocrx_word' id='word_1_424' title='bbox 155 5210 236 5264; x_wconf 77' lang='lat' dir='ltr'><strong><em>bis</em></strong></span> <span class='ocrx_word' id='word_1_425' title='bbox 282 5209 423 5261; x_wconf 79' lang='lat' dir='ltr'><strong><em>viam</em></strong></span> <span class='ocrx_word' id='word_1_426' title='bbox 467 5208 688 5271; x_wconf 87' lang='lat' dir='ltr'><strong><em>salutis;</em></strong></span> <span class='ocrx_word' id='word_1_427' title='bbox 736 5220 861 5263; x_wconf 91' lang='lat' dir='ltr'><strong><em>tunc</em></strong></span> <span class='ocrx_word' id='word_1_428' title='bbox 913 5211 1170 5279; x_wconf 59' lang='lat' dir='ltr'><strong><em>praecepit</em></strong></span> <span class='ocrx_word' id='word_1_429' title='bbox 1218 5209 1293 5264; x_wconf 89' lang='lat' dir='ltr'><strong><em>illi</em></strong></span> <span class='ocrx_word' id='word_1_430' title='bbox 1349 5219 1407 5265; x_wconf 90' lang='lat' dir='ltr'><strong><em>ut</em></strong></span> <span class='ocrx_word' id='word_1_431' title='bbox 1450 5212 1641 5267; x_wconf 78' lang='lat' dir='ltr'><strong><em>exiret.</em></strong></span> <span class='ocrx_word' id='word_1_432' title='bbox 1690 5213 1778 5267; x_wconf 87' lang='grc'><strong><em>18.</em></strong></span> 
     </span>
    </p>
   </div>
   <div class='ocr_carea' id='block_1_54' title="bbox 162 5298 1782 5378">
    <p class='ocr_par' dir='ltr' id='par_1_54' title="bbox 162 5298 1782 5378">
     <span class='ocr_line' id='line_1_54' title="bbox 162 5298 1782 5378; baseline 0.002 -23"><span class='ocrx_word' id='word_1_433' title='bbox 162 5302 367 5356; x_wconf 82' lang='lat' dir='ltr'><strong><em>Dolens</em></strong></span> <span class='ocrx_word' id='word_1_434' title='bbox 394 5310 563 5355; x_wconf 78' lang='lat' dir='ltr'><strong><em>autem</em></strong></span> <span class='ocrx_word' id='word_1_435' title='bbox 594 5298 816 5367; x_wconf 88' lang='lat' dir='ltr'><strong><em>Paulus,</em></strong></span> <span class='ocrx_word' id='word_1_436' title='bbox 846 5310 893 5355; x_wconf 89' lang='lat' dir='ltr'><strong><em>et</em></strong></span> <span class='ocrx_word' id='word_1_437' title='bbox 916 5317 1204 5368; x_wconf 87' lang='lat' dir='ltr'><strong><em>conversus,</em></strong></span> <span class='ocrx_word' id='word_1_438' title='bbox 1227 5304 1430 5378; x_wconf 66' lang='lat' dir='ltr'><strong><em>spiritui</em></strong></span> <span class='ocrx_word' id='word_1_439' title='bbox 1449 5304 1578 5358; x_wconf 64' lang='lat' dir='ltr'><strong><em>dixit</em></strong></span> <span class='ocrx_word' id='word_1_440' title='bbox 1598 5320 1615 5357; x_wconf 90' lang='lat'><em>:</em></span> <span class='ocrx_word' id='word_1_441' title='bbox 1637 5304 1782 5359; x_wconf 79' lang='lat' dir='ltr'><strong><em>Prte-</em></strong></span> 
     </span>
    </p>
   </div>
   <div class='ocr_carea' id='block_1_55' title="bbox 162 5392 1785 5466">
    <p class='ocr_par' dir='ltr' id='par_1_55' title="bbox 162 5392 1785 5466">
     <span class='ocr_line' id='line_1_55' title="bbox 162 5392 1785 5466; baseline 0.004 -21"><span class='ocrx_word' id='word_1_442' title='bbox 162 5396 307 5466; x_wconf 74' lang='lat' dir='ltr'><strong><em>eipio</em></strong></span> <span class='ocrx_word' id='word_1_443' title='bbox 338 5394 429 5446; x_wconf 87' lang='lat' dir='ltr'><strong><em>tibi</em></strong></span> <span class='ocrx_word' id='word_1_444' title='bbox 460 5394 513 5447; x_wconf 88' lang='lat' dir='ltr'><strong><em>in</em></strong></span> <span class='ocrx_word' id='word_1_445' title='bbox 536 5394 741 5447; x_wconf 87' lang='lat' dir='ltr'><strong><em>nomine</em></strong></span> <span class='ocrx_word' id='word_1_446' title='bbox 765 5392 892 5449; x_wconf 74' lang='lat' dir='ltr'><strong><em>Iesu</em></strong></span> <span class='ocrx_word' id='word_1_447' title='bbox 929 5395 1138 5463; x_wconf 82' lang='lat' dir='ltr'><strong><em>Christi,</em></strong></span> <span class='ocrx_word' id='word_1_448' title='bbox 1171 5398 1310 5450; x_wconf 76' lang='lat' dir='ltr'><strong><em>exire</em></strong></span> <span class='ocrx_word' id='word_1_449' title='bbox 1351 5400 1413 5451; x_wconf 89' lang='lat' dir='ltr'><strong><em>ab</em></strong></span> <span class='ocrx_word' id='word_1_450' title='bbox 1448 5415 1526 5451; x_wconf 89' lang='lat' dir='ltr'><strong><em>ea.</em></strong></span> <span class='ocrx_word' id='word_1_451' title='bbox 1558 5400 1623 5453; x_wconf 83' lang='lat' dir='ltr'><strong><em>Et</em></strong></span> <span class='ocrx_word' id='word_1_452' title='bbox 1664 5403 1785 5453; x_wconf 71' lang='lat' dir='ltr'><strong><em>exiit</em></strong></span> 
     </span>
    </p>
   </div>
   <div class='ocr_carea' id='block_1_56' title="bbox 161 5485 1783 5559">
    <p class='ocr_par' dir='ltr' id='par_1_56' title="bbox 161 5485 1783 5559">
     <span class='ocr_line' id='line_1_56' title="bbox 161 5485 1783 5559; baseline 0.002 -18"><span class='ocrx_word' id='word_1_453' title='bbox 161 5489 352 5541; x_wconf 76' lang='lat' dir='ltr'><strong><em>eadem</em></strong></span> <span class='ocrx_word' id='word_1_454' title='bbox 378 5488 526 5539; x_wconf 91' lang='lat' dir='ltr'><strong><em>hora.</em></strong></span> <span class='ocrx_word' id='word_1_455' title='bbox 561 5486 651 5542; x_wconf 86' lang='grc'><strong><em>19.</em></strong></span> <span class='ocrx_word' id='word_1_456' title='bbox 684 5485 921 5544; x_wconf 80' lang='lat' dir='ltr'><strong><em>Videntes</em></strong></span> <span class='ocrx_word' id='word_1_457' title='bbox 946 5499 1112 5543; x_wconf 88' lang='lat' dir='ltr'><strong><em>autem</em></strong></span> <span class='ocrx_word' id='word_1_458' title='bbox 1140 5491 1335 5545; x_wconf 84' lang='lat' dir='ltr'><strong><em>domini</em></strong></span> <span class='ocrx_word' id='word_1_459' title='bbox 1364 5494 1492 5559; x_wconf 81' lang='lat' dir='ltr'><strong><em>ejus,</em></strong></span> <span class='ocrx_word' id='word_1_460' title='bbox 1523 5496 1644 5559; x_wconf 88' lang='lat' dir='ltr'><strong><em>quia</em></strong></span> <span class='ocrx_word' id='word_1_461' title='bbox 1672 5496 1783 5547; x_wconf 58' lang='lat' dir='ltr'><strong><em>exi-</em></strong></span> 
     </span>
    </p>
   </div>
   <div class='ocr_carea' id='block_1_57' title="bbox 165 5583 1785 5653">
    <p class='ocr_par' dir='ltr' id='par_1_57' title="bbox 165 5583 1785 5653">
     <span class='ocr_line' id='line_1_57' title="bbox 165 5583 1785 5653; baseline 0.004 -20"><span class='ocrx_word' id='word_1_462' title='bbox 165 5583 233 5633; x_wconf 76' lang='lat' dir='ltr'><strong><em>uit</em></strong></span> <span class='ocrx_word' id='word_1_463' title='bbox 267 5596 390 5651; x_wconf 84' lang='lat' dir='ltr'><strong><em>spes</em></strong></span> <span class='ocrx_word' id='word_1_464' title='bbox 413 5591 636 5647; x_wconf 77' lang='lat' dir='ltr'><strong><em>qua&#39;stus</em></strong></span> <span class='ocrx_word' id='word_1_465' title='bbox 666 5598 863 5647; x_wconf 88' lang='lat' dir='ltr'><strong><em>eorum,</em></strong></span> <span class='ocrx_word' id='word_1_466' title='bbox 896 5584 1331 5653; x_wconf 83' lang='lat' dir='ltr'><strong><em>apprehendentes</em></strong></span> <span class='ocrx_word' id='word_1_467' title='bbox 1365 5584 1589 5638; x_wconf 82' lang='lat' dir='ltr'><strong><em>Paulum</em></strong></span> <span class='ocrx_word' id='word_1_468' title='bbox 1619 5597 1665 5639; x_wconf 90' lang='lat' dir='ltr'><strong><em>et</em></strong></span> <span class='ocrx_word' id='word_1_469' title='bbox 1693 5587 1785 5641; x_wconf 53' lang='lat' dir='ltr'><strong><em>Si-</em></strong></span> 
     </span>
    </p>
   </div>
   <div class='ocr_carea' id='block_1_58' title="bbox 167 5674 1788 5748">
    <p class='ocr_par' dir='ltr' id='par_1_58' title="bbox 167 5674 1788 5748">
     <span class='ocr_line' id='line_1_58' title="bbox 167 5674 1788 5748; baseline 0.005 -20"><span class='ocrx_word' id='word_1_470' title='bbox 167 5682 297 5741; x_wconf 87' lang='lat' dir='ltr'><strong><em>tam,</em></strong></span> <span class='ocrx_word' id='word_1_471' title='bbox 334 5674 666 5729; x_wconf 76' lang='lat' dir='ltr'><strong><em>adduxerunt</em></strong></span> <span class='ocrx_word' id='word_1_472' title='bbox 691 5677 743 5728; x_wconf 91' lang='lat' dir='ltr'><strong><em>in</em></strong></span> <span class='ocrx_word' id='word_1_473' title='bbox 766 5680 937 5747; x_wconf 78' lang='lat' dir='ltr'><strong><em>forant</em></strong></span> <span class='ocrx_word' id='word_1_474' title='bbox 954 5677 1021 5729; x_wconf 90' lang='lat' dir='ltr'><strong><em>ad</em></strong></span> <span class='ocrx_word' id='word_1_475' title='bbox 1040 5678 1313 5748; x_wconf 89' lang='lat' dir='ltr'><strong><em>principes,</em></strong></span> <span class='ocrx_word' id='word_1_476' title='bbox 1333 5679 1423 5733; x_wconf 77' lang='grc'><strong><em>20.</em></strong></span> <span class='ocrx_word' id='word_1_477' title='bbox 1450 5690 1493 5733; x_wconf 89' lang='lat' dir='ltr'><strong><em>et</em></strong></span> <span class='ocrx_word' id='word_1_478' title='bbox 1521 5681 1788 5748; x_wconf 69' lang='lat' dir='ltr'><strong><em>offerentes</em></strong></span> 
     </span>
    </p>
   </div>
   <div class='ocr_carea' id='block_1_59' title="bbox 169 5769 1788 5839">
    <p class='ocr_par' dir='ltr' id='par_1_59' title="bbox 169 5769 1788 5839">
     <span class='ocr_line' id='line_1_59' title="bbox 169 5769 1788 5839; baseline 0.005 -16"><span class='ocrx_word' id='word_1_479' title='bbox 169 5788 254 5823; x_wconf 76' lang='lat' dir='ltr'><strong><em>eos</em></strong></span> <span class='ocrx_word' id='word_1_480' title='bbox 279 5769 684 5839; x_wconf 73' lang='lat' dir='ltr'><strong><em>magistratibus,</em></strong></span> <span class='ocrx_word' id='word_1_481' title='bbox 717 5770 957 5823; x_wconf 80' lang='lat' dir='ltr'><strong><em>dixerunt</em></strong></span> <span class='ocrx_word' id='word_1_482' title='bbox 986 5786 1006 5824; x_wconf 88' lang='lat'><strong><em>:</em></strong></span> <span class='ocrx_word' id='word_1_483' title='bbox 1036 5770 1106 5824; x_wconf 82' lang='lat' dir='ltr'><strong><em>Ili</em></strong></span> <span class='ocrx_word' id='word_1_484' title='bbox 1133 5774 1360 5827; x_wconf 86' lang='lat' dir='ltr'><strong><em>homines</em></strong></span> <span class='ocrx_word' id='word_1_485' title='bbox 1388 5778 1688 5829; x_wconf 80' lang='lat' dir='ltr'><strong><em>conturbant</em></strong></span> <span class='ocrx_word' id='word_1_486' title='bbox 1712 5779 1788 5831; x_wconf 89' lang='lat' dir='ltr'><strong><em>ci-</em></strong></span> 
     </span>
    </p>
   </div>
   <div class='ocr_carea' id='block_1_60' title="bbox 236 5864 1569 5930">
    <p class='ocr_par' dir='ltr' id='par_1_60' title="bbox 236 5864 1569 5930">
     <span class='ocr_line' id='line_1_60' title="bbox 236 5864 1569 5930; baseline 0.003 -15"><span class='ocrx_word' id='word_1_487' title='bbox 236 5866 250 5895; x_wconf 85' lang='lat'>&#39;</span> <span class='ocrx_word' id='word_1_488' title='bbox 294 5864 391 5915; x_wconf 81' lang='lat' dir='ltr'><strong><em>Alii</em></strong></span> <span class='ocrx_word' id='word_1_489' title='bbox 408 5864 615 5927; x_wconf 83' lang='lat' dir='ltr'><strong><em>habent,</em></strong></span> <span class='ocrx_word' id='word_1_490' title='bbox 633 5864 811 5915; x_wconf 64' lang='lat' dir='ltr'><strong><em>volebat</em></strong></span> <span class='ocrx_word' id='word_1_491' title='bbox 835 5866 962 5917; x_wconf 83' lang='lat' dir='ltr'><strong><em>enim</em></strong></span> <span class='ocrx_word' id='word_1_492' title='bbox 985 5880 1034 5917; x_wconf 73' lang='lat' dir='ltr'><strong><em>se</em></strong></span> <span class='ocrx_word' id='word_1_493' title='bbox 1048 5864 1150 5929; x_wconf 82' lang='lat' dir='ltr'><strong><em>ﬁde</em></strong></span> <span class='ocrx_word' id='word_1_494' title='bbox 1175 5868 1373 5929; x_wconf 84' lang='lat' dir='ltr'><strong><em>diqnnm</em></strong></span> <span class='ocrx_word' id='word_1_495' title='bbox 1387 5868 1569 5930; x_wconf 68' lang='lat' dir='ltr'><strong><em>limere.</em></strong></span> 
     </span>
    </p>
   </div>
   <div class='ocr_carea' id='block_1_61' title="bbox 1100 340 2507 409">
    <p class='ocr_par' dir='ltr' id='par_1_61' title="bbox 1100 340 2507 409">
     <span class='ocr_line' id='line_1_61' title="bbox 1100 340 2507 409; baseline -0.011 0"><span class='ocrx_word' id='word_1_496' title='bbox 1100 353 1167 409; x_wconf 81' lang='grc' dir='ltr'><strong><em>ΙΝ</em></strong></span> <span class='ocrx_word' id='word_1_497' title='bbox 1208 351 1391 408; x_wconf 77' lang='lat' dir='ltr'><strong><em>ACTA</em></strong></span> <span class='ocrx_word' id='word_1_498' title='bbox 1434 340 1968 404; x_wconf 73' lang='lat' dir='ltr'><strong><em>APOSTOLOBUM.</em></strong></span> <span class='ocrx_word' id='word_1_499' title='bbox 2012 341 2245 398; x_wconf 76' lang='lat' dir='ltr'><strong><em>IIOMIL.</em></strong></span> <span class='ocrx_word' id='word_1_500' title='bbox 2290 342 2507 397; x_wconf 73' lang='lat' dir='ltr'><strong>XXXV.</strong></span> 
     </span>
    </p>
   </div>
   <div class='ocr_carea' id='block_1_62' title="bbox 3380 346 3486 400">
    <p class='ocr_par' dir='ltr' id='par_1_62' title="bbox 3380 346 3486 400">
     <span class='ocr_line' id='line_1_62' title="bbox 3380 346 3486 400; baseline 0.009 -1"><span class='ocrx_word' id='word_1_501' title='bbox 3380 346 3486 400; x_wconf 70' lang='grc'><strong><em>’254</em></strong></span> 
     </span>
    </p>
   </div>
   <div class='ocr_carea' id='block_1_63' title="bbox 1878 458 3490 529">
    <p class='ocr_par' dir='ltr' id='par_1_63' title="bbox 1878 458 3490 529">
     <span class='ocr_line' id='line_1_63' title="bbox 1878 458 3490 529; baseline 0.003 -16"><span class='ocrx_word' id='word_1_502' title='bbox 1878 458 2083 513; x_wconf 69' lang='lat' dir='ltr'><strong><em>vitalem</em></strong></span> <span class='ocrx_word' id='word_1_503' title='bbox 2131 468 2381 525; x_wconf 68' lang='lat' dir='ltr'><strong><em>nostum,</em></strong></span> <span class='ocrx_word' id='word_1_504' title='bbox 2434 476 2548 513; x_wconf 87' lang='lat' dir='ltr'><strong><em>cum</em></strong></span> <span class='ocrx_word' id='word_1_505' title='bbox 2596 460 2699 514; x_wconf 86' lang='lat' dir='ltr'><strong><em>sint</em></strong></span> <span class='ocrx_word' id='word_1_506' title='bbox 2747 460 2945 529; x_wconf 68' lang='lat' dir='ltr'><strong><em>Judaei,</em></strong></span> <span class='ocrx_word' id='word_1_507' title='bbox 2984 461 3077 517; x_wconf 73' lang='lat'><strong><em>2|.</em></strong></span> <span class='ocrx_word' id='word_1_508' title='bbox 3110 465 3490 518; x_wconf 82' lang='lat' dir='ltr'><strong><em>etannuntinnt</em></strong></span> 
     </span>
    </p>
   </div>
   <div class='ocr_carea' id='block_1_64' title="bbox 1875 551 3486 626">
    <p class='ocr_par' dir='ltr' id='par_1_64' title="bbox 1875 551 3486 626">
     <span class='ocr_line' id='line_1_64' title="bbox 1875 551 3486 626; baseline 0.004 -21"><span class='ocrx_word' id='word_1_509' title='bbox 1875 568 2061 618; x_wconf 88' lang='lat' dir='ltr'><strong><em>mores,</em></strong></span> <span class='ocrx_word' id='word_1_510' title='bbox 2090 568 2215 621; x_wconf 90' lang='lat' dir='ltr'><strong><em>quos</em></strong></span> <span class='ocrx_word' id='word_1_511' title='bbox 2231 568 2332 605; x_wconf 90' lang='lat' dir='ltr'><strong><em>non</em></strong></span> <span class='ocrx_word' id='word_1_512' title='bbox 2350 552 2468 606; x_wconf 87' lang='lat' dir='ltr'><strong><em>licet</em></strong></span> <span class='ocrx_word' id='word_1_513' title='bbox 2494 551 2638 607; x_wconf 88' lang='lat' dir='ltr'><strong><em>nobis</em></strong></span> <span class='ocrx_word' id='word_1_514' title='bbox 2656 553 2917 623; x_wconf 82' lang='lat' dir='ltr'><strong><em>suscipere</em></strong></span> <span class='ocrx_word' id='word_1_515' title='bbox 2936 570 3097 626; x_wconf 85' lang='lat' dir='ltr'><strong><em>neque</em></strong></span> <span class='ocrx_word' id='word_1_516' title='bbox 3120 570 3345 623; x_wconf 81' lang='lat' dir='ltr'><strong><em>servare,</em></strong></span> <span class='ocrx_word' id='word_1_517' title='bbox 3366 574 3486 612; x_wconf 89' lang='lat' dir='ltr'><strong><em>cum</em></strong></span> 
     </span>
    </p>
   </div>
   <div class='ocr_carea' id='block_1_65' title="bbox 1872 645 3487 719">
    <p class='ocr_par' dir='ltr' id='par_1_65' title="bbox 1872 645 3487 719">
     <span class='ocr_line' id='line_1_65' title="bbox 1872 645 3487 719; baseline 0.004 -20"><span class='ocrx_word' id='word_1_518' title='bbox 1872 647 2032 700; x_wconf 90' lang='lat' dir='ltr'><strong><em>simus</em></strong></span> <span class='ocrx_word' id='word_1_519' title='bbox 2062 645 2307 702; x_wconf 81' lang='lat' dir='ltr'><strong><em>Romani.</em></strong></span> <span class='ocrx_word' id='word_1_520' title='bbox 2333 645 2544 717; x_wconf 89' lang='lat' dir='ltr'><strong><em>Ubique</em></strong></span> <span class='ocrx_word' id='word_1_521' title='bbox 2564 645 2832 701; x_wconf 87' lang='lat' dir='ltr'><strong><em>malorum</em></strong></span> <span class='ocrx_word' id='word_1_522' title='bbox 2861 662 3042 704; x_wconf 63' lang='lat' dir='ltr'><strong><em>causa;</em></strong></span> <span class='ocrx_word' id='word_1_523' title='bbox 3063 650 3311 719; x_wconf 79' lang='lat' dir='ltr'><strong><em>pecunia:</em></strong></span> <span class='ocrx_word' id='word_1_524' title='bbox 3339 660 3487 705; x_wconf 91' lang='lat' dir='ltr'><strong><em>sunt.</em></strong></span> 
     </span>
    </p>
   </div>
   <div class='ocr_carea' id='block_1_66' title="bbox 1871 738 3495 811">
    <p class='ocr_par' dir='ltr' id='par_1_66' title="bbox 1871 738 3495 811">
     <span class='ocr_line' id='line_1_66' title="bbox 1871 738 3495 811; baseline 0.003 -18"><span class='ocrx_word' id='word_1_525' title='bbox 1871 738 1917 793; x_wconf 87' lang='grc'>0</span> <span class='ocrx_word' id='word_1_526' title='bbox 1940 754 2270 809; x_wconf 79' lang='lat' dir='ltr'><strong><em>paganorum</em></strong></span> <span class='ocrx_word' id='word_1_527' title='bbox 2301 738 2750 794; x_wconf 87' lang='lat' dir='ltr'><strong><em>inhumanitatem</em></strong></span> <span class='ocrx_word' id='word_1_528' title='bbox 2777 740 2791 795; x_wconf 81' lang='grc' dir='ltr'><strong>ι</strong></span> <span class='ocrx_word' id='word_1_529' title='bbox 2824 739 3096 795; x_wconf 82' lang='lat' dir='ltr'><strong><em>Volebam</em></strong></span> <span class='ocrx_word' id='word_1_530' title='bbox 3113 740 3349 811; x_wconf 89' lang='lat' dir='ltr'><strong><em>puellam</em></strong></span> <span class='ocrx_word' id='word_1_531' title='bbox 3379 741 3495 798; x_wconf 67' lang='lat' dir='ltr'><strong><em>dua-</em></strong></span> 
     </span>
    </p>
   </div>
   <div class='ocr_carea' id='block_1_67' title="bbox 1873 832 3492 905">
    <p class='ocr_par' dir='ltr' id='par_1_67' title="bbox 1873 832 3492 905">
     <span class='ocr_line' id='line_1_67' title="bbox 1873 832 3492 905; baseline 0.003 -21"><span class='ocrx_word' id='word_1_532' title='bbox 1873 832 2176 887; x_wconf 78' lang='lat' dir='ltr'><strong><em>muniacam</em></strong></span> <span class='ocrx_word' id='word_1_533' title='bbox 2191 847 2335 898; x_wconf 87' lang='lat' dir='ltr'><strong><em>esse,</em></strong></span> <span class='ocrx_word' id='word_1_534' title='bbox 2362 840 2420 886; x_wconf 92' lang='lat' dir='ltr'><strong><em>ut</em></strong></span> <span class='ocrx_word' id='word_1_535' title='bbox 2438 832 2694 901; x_wconf 86' lang='lat' dir='ltr'><strong><em>pecunias</em></strong></span> <span class='ocrx_word' id='word_1_536' title='bbox 2719 832 3057 904; x_wconf 79' lang='lat' dir='ltr'><strong><em>colligerent.</em></strong></span> <span class='ocrx_word' id='word_1_537' title='bbox 3080 833 3492 905; x_wconf 82' lang='lat' dir='ltr'><strong><em>Apprehenden-</em></strong></span> 
     </span>
    </p>
   </div>
   <div class='ocr_carea' id='block_1_68' title="bbox 1874 921 3494 994">
    <p class='ocr_par' dir='ltr' id='par_1_68' title="bbox 1874 921 3494 994">
     <span class='ocr_line' id='line_1_68' title="bbox 1874 921 3494 994; baseline 0.006 -20"><span class='ocrx_word' id='word_1_538' title='bbox 1874 930 1967 987; x_wconf 85' lang='lat' dir='ltr'><strong><em>(es,</em></strong></span> <span class='ocrx_word' id='word_1_539' title='bbox 2005 923 2198 994; x_wconf 89' lang='lat' dir='ltr'><strong><em>inquit,</em></strong></span> <span class='ocrx_word' id='word_1_540' title='bbox 2246 921 2475 978; x_wconf 86' lang='lat' dir='ltr'><strong><em>Paulum</em></strong></span> <span class='ocrx_word' id='word_1_541' title='bbox 2529 934 2576 979; x_wconf 87' lang='lat' dir='ltr'><strong><em>et</em></strong></span> <span class='ocrx_word' id='word_1_542' title='bbox 2617 923 2811 991; x_wconf 88' lang='lat' dir='ltr'><strong><em>Silam,</em></strong></span> <span class='ocrx_word' id='word_1_543' title='bbox 2854 927 3089 981; x_wconf 86' lang='lat' dir='ltr'><strong><em>dicebant</em></strong></span> <span class='ocrx_word' id='word_1_544' title='bbox 3118 926 3234 982; x_wconf 85' lang='lat' dir='ltr'><strong><em>:Hi</em></strong></span> <span class='ocrx_word' id='word_1_545' title='bbox 3260 930 3494 983; x_wconf 87' lang='lat' dir='ltr'><strong><em>homines</em></strong></span> 
     </span>
    </p>
   </div>
   <div class='ocr_carea' id='block_1_69' title="bbox 1872 1018 3495 1087">
    <p class='ocr_par' dir='ltr' id='par_1_69' title="bbox 1872 1018 3495 1087">
     <span class='ocr_line' id='line_1_69' title="bbox 1872 1018 3495 1087; baseline 0.005 -19"><span class='ocrx_word' id='word_1_546' title='bbox 1872 1018 2175 1071; x_wconf 86' lang='lat' dir='ltr'><strong><em>conturbant</em></strong></span> <span class='ocrx_word' id='word_1_547' title='bbox 2206 1018 2455 1071; x_wconf 84' lang='lat' dir='ltr'><strong><em>civitatem</em></strong></span> <span class='ocrx_word' id='word_1_548' title='bbox 2477 1029 2726 1075; x_wconf 90' lang='lat' dir='ltr'><strong><em>nostram.</em></strong></span> <span class='ocrx_word' id='word_1_549' title='bbox 2766 1019 2903 1087; x_wconf 86' lang='lat' dir='ltr'><strong><em>Quid</em></strong></span> <span class='ocrx_word' id='word_1_550' title='bbox 2933 1018 3194 1076; x_wconf 84' lang='lat' dir='ltr'><strong><em>facientes</em></strong></span> <span class='ocrx_word' id='word_1_551' title='bbox 3224 1022 3360 1077; x_wconf 86' lang='lat' dir='ltr'><strong><em>?cur</em></strong></span> <span class='ocrx_word' id='word_1_552' title='bbox 3384 1038 3495 1077; x_wconf 91' lang='lat' dir='ltr'><strong><em>non</em></strong></span> 
     </span>
    </p>
   </div>
   <div class='ocr_carea' id='block_1_70' title="bbox 1873 1107 3495 1182">
    <p class='ocr_par' dir='ltr' id='par_1_70' title="bbox 1873 1107 3495 1182">
     <span class='ocr_line' id='line_1_70' title="bbox 1873 1107 3495 1182; baseline 0.007 -22"><span class='ocrx_word' id='word_1_553' title='bbox 1873 1116 1999 1162; x_wconf 89' lang='lat' dir='ltr'><strong><em>ante</em></strong></span> <span class='ocrx_word' id='word_1_554' title='bbox 2028 1109 2266 1163; x_wconf 88' lang='lat' dir='ltr'><strong><em>traxistis</em></strong></span> <span class='ocrx_word' id='word_1_555' title='bbox 2297 1109 2438 1165; x_wconf 89' lang='lat' dir='ltr'><strong><em>eos?</em></strong></span> <span class='ocrx_word' id='word_1_556' title='bbox 2465 1107 2640 1163; x_wconf 73' lang='lat' dir='ltr'><strong><em>Judwi</em></strong></span> <span class='ocrx_word' id='word_1_557' title='bbox 2670 1127 2789 1164; x_wconf 87' lang='lat' dir='ltr'><strong><em>cum</em></strong></span> <span class='ocrx_word' id='word_1_558' title='bbox 2815 1112 2937 1175; x_wconf 87' lang='lat' dir='ltr'><strong><em>sint,</em></strong></span> <span class='ocrx_word' id='word_1_559' title='bbox 2967 1112 3220 1182; x_wconf 90' lang='lat' dir='ltr'><strong><em>inquiunt</em></strong></span> <span class='ocrx_word' id='word_1_560' title='bbox 3250 1130 3265 1168; x_wconf 89' lang='lat'><strong>:</strong></span> <span class='ocrx_word' id='word_1_561' title='bbox 3296 1114 3367 1169; x_wconf 91' lang='lat' dir='ltr'><strong><em>ita</em></strong></span> <span class='ocrx_word' id='word_1_562' title='bbox 3396 1130 3495 1171; x_wconf 88' lang='lat' dir='ltr'><strong><em>no-</em></strong></span> 
     </span>
    </p>
   </div>
   <div class='ocr_carea' id='block_1_71' title="bbox 1874 1199 3495 1276">
    <p class='ocr_par' dir='ltr' id='par_1_71' title="bbox 1874 1199 3495 1276">
     <span class='ocr_line' id='line_1_71' title="bbox 1874 1199 3495 1276; baseline 0.006 -24"><span class='ocrx_word' id='word_1_563' title='bbox 1874 1214 1997 1253; x_wconf 89' lang='lat' dir='ltr'><strong><em>men</em></strong></span> <span class='ocrx_word' id='word_1_564' title='bbox 2029 1199 2159 1254; x_wconf 91' lang='lat' dir='ltr'><strong><em>illud</em></strong></span> <span class='ocrx_word' id='word_1_565' title='bbox 2195 1201 2337 1255; x_wconf 89' lang='lat' dir='ltr'><strong><em>male</em></strong></span> <span class='ocrx_word' id='word_1_566' title='bbox 2358 1200 2635 1256; x_wconf 86' lang='lat' dir='ltr'><strong><em>audiebat.</em></strong></span> <span class='ocrx_word' id='word_1_567' title='bbox 2667 1200 2739 1255; x_wconf 87' lang='lat' dir='ltr'><strong><em>Et</em></strong></span> <span class='ocrx_word' id='word_1_568' title='bbox 2786 1203 3096 1257; x_wconf 87' lang='lat' dir='ltr'><strong><em>annuntiant</em></strong></span> <span class='ocrx_word' id='word_1_569' title='bbox 3139 1221 3329 1273; x_wconf 89' lang='lat' dir='ltr'><strong><em>mores,</em></strong></span> <span class='ocrx_word' id='word_1_570' title='bbox 3367 1222 3495 1276; x_wconf 82' lang='lat' dir='ltr'><strong><em>quos</em></strong></span> 
     </span>
    </p>
   </div>
   <div class='ocr_carea' id='block_1_72' title="bbox 1875 1291 3485 1367">
    <p class='ocr_par' dir='ltr' id='par_1_72' title="bbox 1875 1291 3485 1367">
     <span class='ocr_line' id='line_1_72' title="bbox 1875 1291 3485 1367; baseline 0.006 -24"><span class='ocrx_word' id='word_1_571' title='bbox 1875 1307 1978 1345; x_wconf 90' lang='lat' dir='ltr'><strong><em>non</em></strong></span> <span class='ocrx_word' id='word_1_572' title='bbox 2002 1291 2117 1345; x_wconf 88' lang='lat' dir='ltr'><strong><em>licet</em></strong></span> <span class='ocrx_word' id='word_1_573' title='bbox 2146 1292 2289 1346; x_wconf 88' lang='lat' dir='ltr'><strong><em>nobis</em></strong></span> <span class='ocrx_word' id='word_1_574' title='bbox 2315 1293 2569 1363; x_wconf 79' lang='lat' dir='ltr'><strong><em>suscipere</em></strong></span> <span class='ocrx_word' id='word_1_575' title='bbox 2616 1310 2776 1367; x_wconf 71' lang='lat' dir='ltr'><strong><em>neque</em></strong></span> <span class='ocrx_word' id='word_1_576' title='bbox 2799 1311 3021 1363; x_wconf 81' lang='lat' dir='ltr'><strong><em>servare,</em></strong></span> <span class='ocrx_word' id='word_1_577' title='bbox 3048 1312 3163 1350; x_wconf 89' lang='lat' dir='ltr'><strong><em>cum</em></strong></span> <span class='ocrx_word' id='word_1_578' title='bbox 3192 1299 3354 1353; x_wconf 89' lang='lat' dir='ltr'><strong><em>simus</em></strong></span> <span class='ocrx_word' id='word_1_579' title='bbox 3383 1298 3485 1353; x_wconf 55' lang='lat' dir='ltr'><strong><em>Ilo.</em></strong></span> 
     </span>
    </p>
   </div>
   <div class='ocr_carea' id='block_1_73' title="bbox 1874 1385 3498 1456">
    <p class='ocr_par' dir='ltr' id='par_1_73' title="bbox 1874 1385 3498 1456">
     <span class='ocr_line' id='line_1_73' title="bbox 1874 1385 3498 1456; baseline 0.006 -19"><span class='ocrx_word' id='word_1_580' title='bbox 1874 1385 2034 1441; x_wconf 77' lang='lat' dir='ltr'><strong><em>niani.</em></strong></span> <span class='ocrx_word' id='word_1_581' title='bbox 2060 1385 2194 1440; x_wconf 82' lang='lat' dir='ltr'><strong><em>Rem</em></strong></span> <span class='ocrx_word' id='word_1_582' title='bbox 2228 1386 2281 1439; x_wconf 93' lang='lat' dir='ltr'><strong><em>in</em></strong></span> <span class='ocrx_word' id='word_1_583' title='bbox 2312 1385 2455 1440; x_wconf 67' lang='lat' dir='ltr'><strong><em>lazsze</em></strong></span> <span class='ocrx_word' id='word_1_584' title='bbox 2485 1387 2781 1456; x_wconf 87' lang='lat' dir='ltr'><strong><em>majestatis</em></strong></span> <span class='ocrx_word' id='word_1_585' title='bbox 2802 1388 3012 1443; x_wconf 86' lang='lat' dir='ltr'><strong><em>crimen</em></strong></span> <span class='ocrx_word' id='word_1_586' title='bbox 3045 1400 3283 1445; x_wconf 87' lang='lat' dir='ltr'><strong><em>vertunt.</em></strong></span> <span class='ocrx_word' id='word_1_587' title='bbox 3306 1391 3398 1446; x_wconf 69' lang='lat'><strong><em>2‘1.</em></strong></span> <span class='ocrx_word' id='word_1_588' title='bbox 3428 1391 3498 1446; x_wconf 82' lang='lat' dir='ltr'><strong><em>Et</em></strong></span> 
     </span>
    </p>
   </div>
   <div class='ocr_carea' id='block_1_74' title="bbox 1874 1478 3493 1555">
    <p class='ocr_par' dir='ltr' id='par_1_74' title="bbox 1874 1478 3493 1555">
     <span class='ocr_line' id='line_1_74' title="bbox 1874 1478 3493 1555; baseline 0.006 -24"><span class='ocrx_word' id='word_1_589' title='bbox 1874 1478 2029 1533; x_wconf 87' lang='lat' dir='ltr'><strong><em>simul</em></strong></span> <span class='ocrx_word' id='word_1_590' title='bbox 2050 1480 2327 1533; x_wconf 76' lang='lat' dir='ltr'><strong><em>insurrexit</em></strong></span> <span class='ocrx_word' id='word_1_591' title='bbox 2349 1479 2497 1533; x_wconf 89' lang='lat' dir='ltr'><strong><em>turba</em></strong></span> <span class='ocrx_word' id='word_1_592' title='bbox 2522 1488 2701 1533; x_wconf 87' lang='lat' dir='ltr'><strong><em>contra</em></strong></span> <span class='ocrx_word' id='word_1_593' title='bbox 2722 1481 2861 1536; x_wconf 87' lang='lat' dir='ltr'><strong><em>illos.</em></strong></span> <span class='ocrx_word' id='word_1_594' title='bbox 2880 1479 2926 1536; x_wconf 91' lang='grc' dir='ltr'>Ο</span> <span class='ocrx_word' id='word_1_595' title='bbox 2952 1481 3348 1555; x_wconf 77' lang='lat' dir='ltr'><strong><em>insipientiam!</em></strong></span> <span class='ocrx_word' id='word_1_596' title='bbox 3376 1484 3493 1540; x_wconf 68' lang='lat' dir='ltr'><strong><em>Nam</em></strong></span> 
     </span>
    </p>
   </div>
   <div class='ocr_carea' id='block_1_75' title="bbox 1874 1572 3497 1645">
    <p class='ocr_par' dir='ltr' id='par_1_75' title="bbox 1874 1572 3497 1645">
     <span class='ocr_line' id='line_1_75' title="bbox 1874 1572 3497 1645; baseline 0.006 -20"><span class='ocrx_word' id='word_1_597' title='bbox 1874 1572 2295 1638; x_wconf 88' lang='lat' dir='ltr'><strong><em>examinarunt,</em></strong></span> <span class='ocrx_word' id='word_1_598' title='bbox 2331 1587 2439 1627; x_wconf 89' lang='lat' dir='ltr'><strong><em>non</em></strong></span> <span class='ocrx_word' id='word_1_599' title='bbox 2488 1572 2890 1641; x_wconf 89' lang='lat' dir='ltr'><strong><em>deliberarunt;</em></strong></span> <span class='ocrx_word' id='word_1_600' title='bbox 2936 1576 3187 1645; x_wconf 88' lang='lat' dir='ltr'><strong><em>quamvis</em></strong></span> <span class='ocrx_word' id='word_1_601' title='bbox 3236 1592 3303 1633; x_wconf 90' lang='lat' dir='ltr'><strong><em>eo</em></strong></span> <span class='ocrx_word' id='word_1_602' title='bbox 3348 1578 3497 1634; x_wconf 88' lang='lat' dir='ltr'><strong><em>edito</em></strong></span> 
     </span>
    </p>
   </div>
   <div class='ocr_carea' id='block_1_76' title="bbox 1874 1664 3497 1739">
    <p class='ocr_par' dir='ltr' id='par_1_76' title="bbox 1874 1664 3497 1739">
     <span class='ocr_line' id='line_1_76' title="bbox 1874 1664 3497 1739; baseline 0.005 -22"><span class='ocrx_word' id='word_1_603' title='bbox 1874 1664 2136 1720; x_wconf 89' lang='lat' dir='ltr'><strong><em>miraculo</em></strong></span> <span class='ocrx_word' id='word_1_604' title='bbox 2166 1665 2395 1721; x_wconf 84' lang='lat' dir='ltr'><strong><em>adorare</em></strong></span> <span class='ocrx_word' id='word_1_605' title='bbox 2426 1676 2726 1737; x_wconf 88' lang='lat' dir='ltr'><strong><em>oporteret,</em></strong></span> <span class='ocrx_word' id='word_1_606' title='bbox 2750 1677 2806 1723; x_wconf 91' lang='lat' dir='ltr'><strong><em>et</em></strong></span> <span class='ocrx_word' id='word_1_607' title='bbox 2842 1668 2963 1723; x_wconf 91' lang='lat' dir='ltr'><strong><em>illos</em></strong></span> <span class='ocrx_word' id='word_1_608' title='bbox 2991 1685 3091 1739; x_wconf 90' lang='lat' dir='ltr'><strong><em>pro</em></strong></span> <span class='ocrx_word' id='word_1_609' title='bbox 3122 1671 3497 1727; x_wconf 85' lang='lat' dir='ltr'><strong><em>servatoribus</em></strong></span> 
     </span>
    </p>
   </div>
   <div class='ocr_carea' id='block_1_77' title="bbox 1874 1758 3496 1831">
    <p class='ocr_par' dir='ltr' id='par_1_77' title="bbox 1874 1758 3496 1831">
     <span class='ocr_line' id='line_1_77' title="bbox 1874 1758 3496 1831; baseline 0.004 -18"><span class='ocrx_word' id='word_1_610' title='bbox 1874 1768 1931 1813; x_wconf 87' lang='lat' dir='ltr'><strong><em>et</em></strong></span> <span class='ocrx_word' id='word_1_611' title='bbox 1972 1759 2228 1814; x_wconf 75' lang='lat' dir='ltr'><strong><em>beneficis</em></strong></span> <span class='ocrx_word' id='word_1_612' title='bbox 2263 1758 2490 1815; x_wconf 85' lang='lat' dir='ltr'><strong><em>habere.</em></strong></span> <span class='ocrx_word' id='word_1_613' title='bbox 2526 1759 2661 1815; x_wconf 81' lang='lat' dir='ltr'><strong><em>Nam</em></strong></span> <span class='ocrx_word' id='word_1_614' title='bbox 2696 1760 2740 1815; x_wconf 91' lang='lat' dir='ltr'><strong><em>si</em></strong></span> <span class='ocrx_word' id='word_1_615' title='bbox 2759 1762 3019 1831; x_wconf 83' lang='lat' dir='ltr'><strong><em>pecunias</em></strong></span> <span class='ocrx_word' id='word_1_616' title='bbox 3058 1762 3349 1831; x_wconf 85' lang='lat' dir='ltr'><strong><em>volebatis,</em></strong></span> <span class='ocrx_word' id='word_1_617' title='bbox 3397 1760 3496 1819; x_wconf 79' lang='lat' dir='ltr'><strong><em>cur</em></strong></span> 
     </span>
    </p>
   </div>
   <div class='ocr_carea' id='block_1_78' title="bbox 1878 1851 3496 1911">
    <p class='ocr_par' dir='ltr' id='par_1_78' title="bbox 1878 1851 3496 1911">
     <span class='ocr_line' id='line_1_78' title="bbox 1878 1851 3496 1911; baseline 0.004 -7"><span class='ocrx_word' id='word_1_618' title='bbox 1878 1851 2037 1904; x_wconf 83' lang='lat' dir='ltr'><strong><em>tantis</em></strong></span> <span class='ocrx_word' id='word_1_619' title='bbox 2057 1851 2292 1907; x_wconf 89' lang='lat' dir='ltr'><strong><em>inventis</em></strong></span> <span class='ocrx_word' id='word_1_620' title='bbox 2308 1852 2509 1907; x_wconf 88' lang='lat' dir='ltr'><strong><em>divitiis</em></strong></span> <span class='ocrx_word' id='word_1_621' title='bbox 2531 1867 2638 1907; x_wconf 89' lang='lat' dir='ltr'><strong><em>non</em></strong></span> <span class='ocrx_word' id='word_1_622' title='bbox 2658 1854 3011 1909; x_wconf 88' lang='lat' dir='ltr'><strong><em>accurristis?</em></strong></span> <span class='ocrx_word' id='word_1_623' title='bbox 3033 1855 3201 1910; x_wconf 87' lang='lat' dir='ltr'><strong><em>Posse</em></strong></span> <span class='ocrx_word' id='word_1_624' title='bbox 3220 1856 3496 1911; x_wconf 69' lang='lat' dir='ltr'><strong><em>dwmoms</em></strong></span> 
     </span>
    </p>
   </div>
   <div class='ocr_carea' id='block_1_79' title="bbox 1875 1942 3496 2021">
    <p class='ocr_par' dir='ltr' id='par_1_79' title="bbox 1875 1942 3496 2021">
     <span class='ocr_line' id='line_1_79' title="bbox 1875 1942 3496 2021; baseline 0.006 -24"><span class='ocrx_word' id='word_1_625' title='bbox 1875 1942 2085 2013; x_wconf 82' lang='lat' dir='ltr'><strong><em>fugare,</em></strong></span> <span class='ocrx_word' id='word_1_626' title='bbox 2116 1944 2514 2017; x_wconf 87' lang='lat' dir='ltr'><strong><em>splendidiores</em></strong></span> <span class='ocrx_word' id='word_1_627' title='bbox 2537 1946 2734 2013; x_wconf 90' lang='lat' dir='ltr'><strong><em>reddit,</em></strong></span> <span class='ocrx_word' id='word_1_628' title='bbox 2754 1963 2915 2017; x_wconf 87' lang='lat' dir='ltr'><strong><em>quam</em></strong></span> <span class='ocrx_word' id='word_1_629' title='bbox 2937 1948 3069 2018; x_wconf 89' lang='lat' dir='ltr'><strong><em>ipsis</em></strong></span> <span class='ocrx_word' id='word_1_630' title='bbox 3091 1948 3496 2021; x_wconf 85' lang='lat' dir='ltr'><strong><em>obtemperare.</em></strong></span> 
     </span>
    </p>
   </div>
   <div class='ocr_carea' id='block_1_80' title="bbox 1876 2036 3499 2110">
    <p class='ocr_par' dir='ltr' id='par_1_80' title="bbox 1876 2036 3499 2110">
     <span class='ocr_line' id='line_1_80' title="bbox 1876 2036 3499 2110; baseline 0.004 -19"><span class='ocrx_word' id='word_1_631' title='bbox 1876 2036 2017 2092; x_wconf 82' lang='lat' dir='ltr'><strong><em>Ecce</em></strong></span> <span class='ocrx_word' id='word_1_632' title='bbox 2046 2038 2220 2108; x_wconf 87' lang='lat' dir='ltr'><strong><em>signa,</em></strong></span> <span class='ocrx_word' id='word_1_633' title='bbox 2257 2038 2353 2093; x_wconf 88' lang='lat' dir='ltr'><strong><em>sed</em></strong></span> <span class='ocrx_word' id='word_1_634' title='bbox 2385 2041 2737 2108; x_wconf 86' lang='lat' dir='ltr'><strong><em>pecuniarum</em></strong></span> <span class='ocrx_word' id='word_1_635' title='bbox 2759 2039 3031 2109; x_wconf 84' lang='lat' dir='ltr'><strong><em>cupiditas</em></strong></span> <span class='ocrx_word' id='word_1_636' title='bbox 3055 2042 3176 2110; x_wconf 87' lang='lat' dir='ltr'><strong><em>plus</em></strong></span> <span class='ocrx_word' id='word_1_637' title='bbox 3210 2042 3395 2097; x_wconf 86' lang='lat' dir='ltr'><strong><em>valuit.</em></strong></span> <span class='ocrx_word' id='word_1_638' title='bbox 3430 2042 3499 2098; x_wconf 88' lang='lat' dir='ltr'><strong><em>Et</em></strong></span> 
     </span>
    </p>
   </div>
   <div class='ocr_carea' id='block_1_81' title="bbox 1875 2129 3499 2207">
    <p class='ocr_par' dir='ltr' id='par_1_81' title="bbox 1875 2129 3499 2207">
     <span class='ocr_line' id='line_1_81' title="bbox 1875 2129 3499 2207; baseline 0.006 -27"><span class='ocrx_word' id='word_1_639' title='bbox 1875 2129 2229 2197; x_wconf 85' lang='lat' dir='ltr'><strong><em>magistratus,</em></strong></span> <span class='ocrx_word' id='word_1_640' title='bbox 2276 2131 2449 2187; x_wconf 82' lang='lat' dir='ltr'><strong><em>scissis</em></strong></span> <span class='ocrx_word' id='word_1_641' title='bbox 2494 2131 2679 2184; x_wconf 87' lang='lat' dir='ltr'><strong><em>tunicis</em></strong></span> <span class='ocrx_word' id='word_1_642' title='bbox 2706 2146 2905 2198; x_wconf 85' lang='lat' dir='ltr'><strong><em>eorum,</em></strong></span> <span class='ocrx_word' id='word_1_643' title='bbox 2928 2134 3201 2205; x_wconf 87' lang='lat' dir='ltr'><strong><em>jusserunt</em></strong></span> <span class='ocrx_word' id='word_1_644' title='bbox 3227 2150 3313 2188; x_wconf 90' lang='lat' dir='ltr'><strong><em>eos</em></strong></span> <span class='ocrx_word' id='word_1_645' title='bbox 3341 2136 3499 2207; x_wconf 80' lang='lat' dir='ltr'><strong><em>virgis</em></strong></span> 
     </span>
    </p>
   </div>
   <div class='ocr_carea' id='block_1_82' title="bbox 1876 2221 3502 2295">
    <p class='ocr_par' dir='ltr' id='par_1_82' title="bbox 1876 2221 3502 2295">
     <span class='ocr_line' id='line_1_82' title="bbox 1876 2221 3502 2295; baseline 0.005 -21"><span class='ocrx_word' id='word_1_646' title='bbox 1876 2221 2010 2275; x_wconf 76' lang='grc' dir='ltr'><strong><em>ειεάί</em></strong></span> <span class='ocrx_word' id='word_1_647' title='bbox 2038 2221 2168 2276; x_wconf 68' lang='lat'><strong><em>:25.</em></strong></span> <span class='ocrx_word' id='word_1_648' title='bbox 2202 2232 2247 2275; x_wconf 87' lang='lat' dir='ltr'><strong><em>et</em></strong></span> <span class='ocrx_word' id='word_1_649' title='bbox 2272 2238 2385 2275; x_wconf 89' lang='lat' dir='ltr'><strong><em>cum</em></strong></span> <span class='ocrx_word' id='word_1_650' title='bbox 2415 2222 2603 2277; x_wconf 89' lang='lat' dir='ltr'><strong><em>multas</em></strong></span> <span class='ocrx_word' id='word_1_651' title='bbox 2629 2223 2703 2277; x_wconf 87' lang='lat' dir='ltr'><strong><em>eis</em></strong></span> <span class='ocrx_word' id='word_1_652' title='bbox 2735 2224 2917 2295; x_wconf 88' lang='lat' dir='ltr'><strong><em>plagas</em></strong></span> <span class='ocrx_word' id='word_1_653' title='bbox 2939 2226 3321 2294; x_wconf 86' lang='lat' dir='ltr'><strong><em>imposuissent,</em></strong></span> <span class='ocrx_word' id='word_1_654' title='bbox 3350 2230 3502 2282; x_wconf 85' lang='lat' dir='ltr'><strong><em>mise-</em></strong></span> 
     </span>
    </p>
   </div>
   <div class='ocr_carea' id='block_1_83' title="bbox 1875 2315 3500 2391">
    <p class='ocr_par' dir='ltr' id='par_1_83' title="bbox 1875 2315 3500 2391">
     <span class='ocr_line' id='line_1_83' title="bbox 1875 2315 3500 2391; baseline 0.004 -24"><span class='ocrx_word' id='word_1_655' title='bbox 1875 2323 1995 2367; x_wconf 87' lang='lat' dir='ltr'><strong><em>runt</em></strong></span> <span class='ocrx_word' id='word_1_656' title='bbox 2032 2329 2117 2368; x_wconf 90' lang='lat' dir='ltr'><strong><em>eos</em></strong></span> <span class='ocrx_word' id='word_1_657' title='bbox 2155 2316 2210 2368; x_wconf 89' lang='lat' dir='ltr'><strong><em>in</em></strong></span> <span class='ocrx_word' id='word_1_658' title='bbox 2234 2326 2506 2381; x_wconf 86' lang='lat' dir='ltr'><strong><em>carcerem,</em></strong></span> <span class='ocrx_word' id='word_1_659' title='bbox 2538 2315 2890 2386; x_wconf 63' lang='lat' dir='ltr'><strong><em>praecipientes</em></strong></span> <span class='ocrx_word' id='word_1_660' title='bbox 2916 2319 3117 2371; x_wconf 86' lang='lat' dir='ltr'><strong><em>custodi</em></strong></span> <span class='ocrx_word' id='word_1_661' title='bbox 3145 2331 3199 2371; x_wconf 90' lang='lat' dir='ltr'><strong><em>ut</em></strong></span> <span class='ocrx_word' id='word_1_662' title='bbox 3230 2320 3500 2391; x_wconf 86' lang='lat' dir='ltr'><strong><em>diligenter</em></strong></span> 
     </span>
    </p>
   </div>
   <div class='ocr_carea' id='block_1_84' title="bbox 1876 2407 3500 2479">
    <p class='ocr_par' dir='ltr' id='par_1_84' title="bbox 1876 2407 3500 2479">
     <span class='ocr_line' id='line_1_84' title="bbox 1876 2407 3500 2479; baseline 0.004 -18"><span class='ocrx_word' id='word_1_663' title='bbox 1876 2407 2156 2461; x_wconf 88' lang='lat' dir='ltr'><strong><em>custodiret</em></strong></span> <span class='ocrx_word' id='word_1_664' title='bbox 2186 2423 2290 2462; x_wconf 89' lang='lat' dir='ltr'><strong><em>eos.</em></strong></span> <span class='ocrx_word' id='word_1_665' title='bbox 2326 2408 2516 2479; x_wconf 88' lang='lat' dir='ltr'><strong><em>Itaque</em></strong></span> <span class='ocrx_word' id='word_1_666' title='bbox 2549 2409 2747 2463; x_wconf 82' lang='lat' dir='ltr'><strong><em>l’anlns</em></strong></span> <span class='ocrx_word' id='word_1_667' title='bbox 2775 2418 2946 2463; x_wconf 57' lang='lat' dir='ltr'><strong><em>tutum</em></strong></span> <span class='ocrx_word' id='word_1_668' title='bbox 2974 2410 3119 2476; x_wconf 80' lang='lat' dir='ltr'><strong><em>fecit,</em></strong></span> <span class='ocrx_word' id='word_1_669' title='bbox 3154 2420 3210 2466; x_wconf 91' lang='lat' dir='ltr'><strong><em>et</em></strong></span> <span class='ocrx_word' id='word_1_670' title='bbox 3240 2414 3500 2468; x_wconf 82' lang='lat' dir='ltr'><strong><em>miracula</em></strong></span> 
     </span>
    </p>
   </div>
   <div class='ocr_carea' id='block_1_85' title="bbox 1875 2492 3498 2569">
    <p class='ocr_par' dir='ltr' id='par_1_85' title="bbox 1875 2492 3498 2569">
     <span class='ocr_line' id='line_1_85' title="bbox 1875 2492 3498 2569; baseline 0.004 -16"><span class='ocrx_word' id='word_1_671' title='bbox 1875 2505 1931 2553; x_wconf 89' lang='lat' dir='ltr'><strong><em>et</em></strong></span> <span class='ocrx_word' id='word_1_672' title='bbox 1958 2497 2299 2564; x_wconf 86' lang='lat' dir='ltr'><strong><em>doctrinam;</em></strong></span> <span class='ocrx_word' id='word_1_673' title='bbox 2354 2499 2717 2569; x_wconf 87' lang='lat' dir='ltr'><strong><em>periculorqu</em></strong></span> <span class='ocrx_word' id='word_1_674' title='bbox 2763 2517 2895 2556; x_wconf 85' lang='lat' dir='ltr'><strong><em>vero</em></strong></span> <span class='ocrx_word' id='word_1_675' title='bbox 2935 2518 3162 2558; x_wconf 90' lang='lat' dir='ltr'><strong><em>consors</em></strong></span> <span class='ocrx_word' id='word_1_676' title='bbox 3191 2492 3310 2559; x_wconf 44' lang='lat' dir='ltr'><strong><em>fuit&#39;</em></strong></span> <span class='ocrx_word' id='word_1_677' title='bbox 3335 2504 3498 2561; x_wconf 75' lang='lat' dir='ltr'><strong><em>Silus.</em></strong></span> 
     </span>
    </p>
   </div>
   <div class='ocr_carea' id='block_1_86' title="bbox 1875 2588 3498 2667">
    <p class='ocr_par' dir='ltr' id='par_1_86' title="bbox 1875 2588 3498 2667">
     <span class='ocr_line' id='line_1_86' title="bbox 1875 2588 3498 2667; baseline 0.005 -22"><span class='ocrx_word' id='word_1_678' title='bbox 1875 2588 2013 2657; x_wconf 87' lang='lat' dir='ltr'><strong><em>Quid</em></strong></span> <span class='ocrx_word' id='word_1_679' title='bbox 2044 2601 2128 2645; x_wconf 91' lang='lat' dir='ltr'><strong><em>est</em></strong></span> <span class='ocrx_word' id='word_1_680' title='bbox 2154 2588 2351 2645; x_wconf 89' lang='lat' dir='ltr'><strong><em>Dolens</em></strong></span> <span class='ocrx_word' id='word_1_681' title='bbox 2372 2603 2541 2646; x_wconf 88' lang='lat' dir='ltr'><strong><em>autem</em></strong></span> <span class='ocrx_word' id='word_1_682' title='bbox 2574 2592 2820 2648; x_wconf 83' lang='lat' dir='ltr'><strong><em>Paulus?</em></strong></span> <span class='ocrx_word' id='word_1_683' title='bbox 2848 2594 3128 2661; x_wconf 76' lang='lat' dir='ltr'><strong><em>Malitiam,</em></strong></span> <span class='ocrx_word' id='word_1_684' title='bbox 3159 2596 3353 2667; x_wconf 91' lang='lat' dir='ltr'><strong><em>inquit,</em></strong></span> <span class='ocrx_word' id='word_1_685' title='bbox 3383 2597 3498 2653; x_wconf 78' lang='lat' dir='ltr'><strong><em>da:-</em></strong></span> 
     </span>
    </p>
   </div>
   <div class='ocr_carea' id='block_1_87' title="bbox 1876 2684 3503 2763">
    <p class='ocr_par' dir='ltr' id='par_1_87' title="bbox 1876 2684 3503 2763">
     <span class='ocr_line' id='line_1_87' title="bbox 1876 2684 3503 2763; baseline 0.006 -26"><span class='ocrx_word' id='word_1_686' title='bbox 1876 2684 2054 2739; x_wconf 90' lang='lat' dir='ltr'><strong><em>monis</em></strong></span> <span class='ocrx_word' id='word_1_687' title='bbox 2078 2684 2287 2751; x_wconf 86' lang='lat' dir='ltr'><strong><em>videns,</em></strong></span> <span class='ocrx_word' id='word_1_688' title='bbox 2313 2696 2369 2740; x_wconf 94' lang='lat' dir='ltr'><strong><em>ut</em></strong></span> <span class='ocrx_word' id='word_1_689' title='bbox 2400 2686 2518 2755; x_wconf 86' lang='lat' dir='ltr'><strong><em>ipse</em></strong></span> <span class='ocrx_word' id='word_1_690' title='bbox 2542 2686 2668 2742; x_wconf 89' lang='lat' dir='ltr'><strong><em>alibi</em></strong></span> <span class='ocrx_word' id='word_1_691' title='bbox 2700 2686 2831 2741; x_wconf 89' lang='lat' dir='ltr'><strong><em>dicit</em></strong></span> <span class='ocrx_word' id='word_1_692' title='bbox 2869 2706 2882 2743; x_wconf 91' lang='lat'><strong>:</strong></span> <span class='ocrx_word' id='word_1_693' title='bbox 2914 2686 3040 2743; x_wconf 79' lang='lat' dir='ltr'><strong><em>Non</em></strong></span> <span class='ocrx_word' id='word_1_694' title='bbox 3071 2690 3207 2744; x_wconf 91' lang='lat' dir='ltr'><strong><em>enim</em></strong></span> <span class='ocrx_word' id='word_1_695' title='bbox 3233 2693 3503 2763; x_wconf 87' lang='lat' dir='ltr'><strong><em>cogitatio-</em></strong></span> 
     </span>
    </p>
   </div>
   <div class='ocr_carea' id='block_1_88' title="bbox 1876 2776 3498 2852">
    <p class='ocr_par' dir='ltr' id='par_1_88' title="bbox 1876 2776 3498 2852">
     <span class='ocr_line' id='line_1_88' title="bbox 1876 2776 3498 2852; baseline 0.007 -23"><span class='ocrx_word' id='word_1_696' title='bbox 1876 2792 1964 2829; x_wconf 88' lang='lat' dir='ltr'><strong><em>nes</em></strong></span> <span class='ocrx_word' id='word_1_697' title='bbox 1988 2777 2099 2847; x_wconf 87' lang='lat' dir='ltr'><strong><em>ejus</em></strong></span> <span class='ocrx_word' id='word_1_698' title='bbox 2124 2777 2421 2848; x_wconf 87' lang='lat' dir='ltr'><strong><em>ignoramus</em></strong></span> <span class='ocrx_word' id='word_1_699' title='bbox 2449 2777 2542 2848; x_wconf 71' lang='grc'>(2.</span> <span class='ocrx_word' id='word_1_700' title='bbox 2567 2776 2687 2835; x_wconf 88' lang='lat' dir='ltr'><strong><em>Cor.</em></strong></span> <span class='ocrx_word' id='word_1_701' title='bbox 2716 2778 2774 2833; x_wconf 77' lang='grc'>2.</span> <span class='ocrx_word' id='word_1_702' title='bbox 2801 2781 2863 2835; x_wconf 84' lang='grc'><strong><em>11</em></strong></span> <span class='ocrx_word' id='word_1_703' title='bbox 2887 2780 2929 2852; x_wconf 84' lang='lat'><strong><em>).</em></strong></span> <span class='ocrx_word' id='word_1_704' title='bbox 2956 2781 3064 2837; x_wconf 88' lang='lat' dir='ltr'><strong><em>Cur</em></strong></span> <span class='ocrx_word' id='word_1_705' title='bbox 3090 2798 3199 2837; x_wconf 83' lang='lat' dir='ltr'><strong><em>non</em></strong></span> <span class='ocrx_word' id='word_1_706' title='bbox 3219 2785 3498 2851; x_wconf 84' lang='lat' dir='ltr'><strong><em>dixerunt,</em></strong></span> 
     </span>
    </p>
   </div>
   <div class='ocr_carea' id='block_1_89' title="bbox 1878 2868 3498 2946">
    <p class='ocr_par' dir='ltr' id='par_1_89' title="bbox 1878 2868 3498 2946">
     <span class='ocr_line' id='line_1_89' title="bbox 1878 2868 3498 2946; baseline 0.007 -23"><span class='ocrx_word' id='word_1_707' title='bbox 1878 2868 2187 2925; x_wconf 73' lang='lat' dir='ltr'><strong><em>Daemonem</em></strong></span> <span class='ocrx_word' id='word_1_708' title='bbox 2230 2870 2530 2941; x_wconf 88' lang='lat' dir='ltr'><strong><em>ejecerunt,</em></strong></span> <span class='ocrx_word' id='word_1_709' title='bbox 2575 2872 2628 2927; x_wconf 93' lang='lat' dir='ltr'><strong><em>in</em></strong></span> <span class='ocrx_word' id='word_1_710' title='bbox 2670 2872 2841 2929; x_wconf 89' lang='lat' dir='ltr'><strong><em>Deum</em></strong></span> <span class='ocrx_word' id='word_1_711' title='bbox 2872 2874 3036 2944; x_wconf 90' lang='lat' dir='ltr'><strong><em>impie</em></strong></span> <span class='ocrx_word' id='word_1_712' title='bbox 3084 2887 3354 2946; x_wconf 86' lang='lat' dir='ltr'><strong><em>egerunt;</em></strong></span> <span class='ocrx_word' id='word_1_713' title='bbox 3402 2879 3498 2934; x_wconf 89' lang='lat' dir='ltr'><strong><em>sed</em></strong></span> 
     </span>
    </p>
   </div>
   <div class='ocr_carea' id='block_1_90' title="bbox 1875 2964 3499 3036">
    <p class='ocr_par' dir='ltr' id='par_1_90' title="bbox 1875 2964 3499 3036">
     <span class='ocr_line' id='line_1_90' title="bbox 1875 2964 3499 3036; baseline 0.006 -17"><span class='ocrx_word' id='word_1_714' title='bbox 1875 2964 2082 3020; x_wconf 86' lang='lat' dir='ltr'><strong><em>crimen</em></strong></span> <span class='ocrx_word' id='word_1_715' title='bbox 2112 2965 2256 3019; x_wconf 65' lang='lat' dir='ltr'><strong><em>laesa:</em></strong></span> <span class='ocrx_word' id='word_1_716' title='bbox 2278 2966 2579 3036; x_wconf 88' lang='lat' dir='ltr'><strong><em>majestatis</em></strong></span> <span class='ocrx_word' id='word_1_717' title='bbox 2608 2966 2917 3023; x_wconf 76' lang='lat' dir='ltr'><strong><em>intentant?</em></strong></span> <span class='ocrx_word' id='word_1_718' title='bbox 2942 2968 3041 3024; x_wconf 86' lang='lat' dir='ltr'><strong><em>llic</em></strong></span> <span class='ocrx_word' id='word_1_719' title='bbox 3063 2985 3124 3025; x_wconf 91' lang='lat' dir='ltr'><strong><em>se</em></strong></span> <span class='ocrx_word' id='word_1_720' title='bbox 3148 2974 3318 3025; x_wconf 81' lang='lat' dir='ltr'><strong><em>victos</em></strong></span> <span class='ocrx_word' id='word_1_721' title='bbox 3342 2972 3499 3029; x_wconf 86' lang='lat' dir='ltr'><strong><em>vide-</em></strong></span> 
     </span>
    </p>
   </div>
   <div class='ocr_carea' id='block_1_91' title="bbox 1875 3055 3499 3138">
    <p class='ocr_par' dir='ltr' id='par_1_91' title="bbox 1875 3055 3499 3138">
     <span class='ocr_line' id='line_1_91' title="bbox 1875 3055 3499 3138; baseline 0.005 -27"><span class='ocrx_word' id='word_1_722' title='bbox 1875 3055 2027 3111; x_wconf 83' lang='lat' dir='ltr'><strong><em>bant.</em></strong></span> <span class='ocrx_word' id='word_1_723' title='bbox 2050 3056 2140 3113; x_wconf 88' lang='lat' dir='ltr'><strong><em>Sic</em></strong></span> <span class='ocrx_word' id='word_1_724' title='bbox 2169 3057 2315 3113; x_wconf 82' lang='lat' dir='ltr'><strong><em>etde</em></strong></span> <span class='ocrx_word' id='word_1_725' title='bbox 2336 3057 2554 3115; x_wconf 85' lang='lat' dir='ltr'><strong><em>Christo</em></strong></span> <span class='ocrx_word' id='word_1_726' title='bbox 2572 3059 2827 3116; x_wconf 86' lang='lat' dir='ltr'><strong><em>dicebant</em></strong></span> <span class='ocrx_word' id='word_1_727' title='bbox 2852 3079 2865 3118; x_wconf 89' lang='lat'>:</span> <span class='ocrx_word' id='word_1_728' title='bbox 2902 3060 3025 3117; x_wconf 80' lang='lat' dir='ltr'><strong><em>Non</em></strong></span> <span class='ocrx_word' id='word_1_729' title='bbox 3043 3064 3285 3119; x_wconf 86' lang='lat' dir='ltr'><strong><em>habemus</em></strong></span> <span class='ocrx_word' id='word_1_730' title='bbox 3307 3082 3499 3138; x_wconf 85' lang='lat' dir='ltr'><strong><em>regem,</em></strong></span> 
     </span>
    </p>
   </div>
   <div class='ocr_carea' id='block_1_92' title="bbox 1875 3150 3502 3233">
    <p class='ocr_par' dir='ltr' id='par_1_92' title="bbox 1875 3150 3502 3233">
     <span class='ocr_line' id='line_1_92' title="bbox 1875 3150 3502 3233; baseline 0.006 -28"><span class='ocrx_word' id='word_1_731' title='bbox 1875 3152 1975 3206; x_wconf 85' lang='lat' dir='ltr'><strong><em>nisi</em></strong></span> <span class='ocrx_word' id='word_1_732' title='bbox 2000 3150 2255 3207; x_wconf 66' lang='lat' dir='ltr'><strong><em>Cmsarem</em></strong></span> <span class='ocrx_word' id='word_1_733' title='bbox 2288 3152 2487 3226; x_wconf 85' lang='lat' dir='ltr'><strong><em>(Joan.</em></strong></span> <span class='ocrx_word' id='word_1_734' title='bbox 2516 3155 2605 3211; x_wconf 85' lang='grc'>19.</span> <span class='ocrx_word' id='word_1_735' title='bbox 2643 3156 2763 3227; x_wconf 82' lang='grc'>15).</span> <span class='ocrx_word' id='word_1_736' title='bbox 2798 3154 2979 3212; x_wconf 90' lang='lat' dir='ltr'><strong><em>Omnis</em></strong></span> <span class='ocrx_word' id='word_1_737' title='bbox 3006 3158 3093 3228; x_wconf 87' lang='lat' dir='ltr'><strong><em>qui</em></strong></span> <span class='ocrx_word' id='word_1_738' title='bbox 3115 3175 3169 3213; x_wconf 89' lang='lat' dir='ltr'><strong><em>se</em></strong></span> <span class='ocrx_word' id='word_1_739' title='bbox 3210 3175 3378 3231; x_wconf 85' lang='lat' dir='ltr'><strong><em>regem</em></strong></span> <span class='ocrx_word' id='word_1_740' title='bbox 3415 3166 3502 3233; x_wconf 77' lang='lat' dir='ltr'><strong><em>fa-</em></strong></span> 
     </span>
    </p>
   </div>
   <div class='ocr_carea' id='block_1_93' title="bbox 1878 3246 3506 3325">
    <p class='ocr_par' dir='ltr' id='par_1_93' title="bbox 1878 3246 3506 3325">
     <span class='ocr_line' id='line_1_93' title="bbox 1878 3246 3506 3325; baseline 0.006 -26"><span class='ocrx_word' id='word_1_741' title='bbox 1878 3246 1982 3311; x_wconf 90' lang='lat' dir='ltr'><strong><em>cit,</em></strong></span> <span class='ocrx_word' id='word_1_742' title='bbox 2033 3248 2340 3301; x_wconf 84' lang='lat' dir='ltr'><strong><em>contradicit</em></strong></span> <span class='ocrx_word' id='word_1_743' title='bbox 2384 3247 2579 3302; x_wconf 75' lang='lat' dir='ltr'><strong><em>Ctesari</em></strong></span> <span class='ocrx_word' id='word_1_744' title='bbox 2627 3248 2805 3322; x_wconf 87' lang='lat' dir='ltr'><strong><em>(Ibid.</em></strong></span> <span class='ocrx_word' id='word_1_745' title='bbox 2835 3266 2882 3305; x_wconf 83' lang='grc' dir='ltr'>υ.</span> <span class='ocrx_word' id='word_1_746' title='bbox 2925 3251 3051 3323; x_wconf 77' lang='grc'>12).</span> <span class='ocrx_word' id='word_1_747' title='bbox 3080 3251 3151 3305; x_wconf 86' lang='lat' dir='ltr'><strong><em>Et</em></strong></span> <span class='ocrx_word' id='word_1_748' title='bbox 3178 3256 3506 3325; x_wconf 77' lang='lat' dir='ltr'><strong><em>conjeceruut</em></strong></span> 
     </span>
    </p>
   </div>
   <div class='ocr_carea' id='block_1_94' title="bbox 1877 3339 3503 3413">
    <p class='ocr_par' dir='ltr' id='par_1_94' title="bbox 1877 3339 3503 3413">
     <span class='ocr_line' id='line_1_94' title="bbox 1877 3339 3503 3413; baseline 0.006 -21"><span class='ocrx_word' id='word_1_749' title='bbox 1877 3354 1985 3404; x_wconf 88' lang='lat' dir='ltr'><strong><em>eos,</em></strong></span> <span class='ocrx_word' id='word_1_750' title='bbox 2013 3339 2210 3409; x_wconf 90' lang='lat' dir='ltr'><strong><em>inquit,</em></strong></span> <span class='ocrx_word' id='word_1_751' title='bbox 2259 3341 2313 3393; x_wconf 90' lang='lat' dir='ltr'><strong><em>in</em></strong></span> <span class='ocrx_word' id='word_1_752' title='bbox 2358 3356 2632 3395; x_wconf 88' lang='lat' dir='ltr'><strong><em>carcerem.</em></strong></span> <span class='ocrx_word' id='word_1_753' title='bbox 2674 3341 2901 3413; x_wconf 82' lang='lat' dir='ltr'><strong><em>Magnus</em></strong></span> <span class='ocrx_word' id='word_1_754' title='bbox 2931 3342 3102 3400; x_wconf 79' lang='lat' dir='ltr'><strong><em>furor.</em></strong></span> <span class='ocrx_word' id='word_1_755' title='bbox 3126 3345 3219 3400; x_wconf 76' lang='grc'>24.</span> <span class='ocrx_word' id='word_1_756' title='bbox 3254 3345 3355 3412; x_wconf 82' lang='lat' dir='ltr'><strong><em>Qui</em></strong></span> <span class='ocrx_word' id='word_1_757' title='bbox 3384 3363 3503 3401; x_wconf 88' lang='lat' dir='ltr'><strong><em>cum</em></strong></span> 
     </span>
    </p>
   </div>
   <div class='ocr_carea' id='block_1_95' title="bbox 1878 3434 3568 3511">
    <p class='ocr_par' dir='ltr' id='par_1_95' title="bbox 1878 3434 3568 3511">
     <span class='ocr_line' id='line_1_95' title="bbox 1878 3434 3568 3511; baseline 0.007 -27"><span class='ocrx_word' id='word_1_758' title='bbox 1878 3434 1980 3487; x_wconf 89' lang='lat' dir='ltr'><strong><em>tale</em></strong></span> <span class='ocrx_word' id='word_1_759' title='bbox 2010 3443 2323 3505; x_wconf 66' lang='lat' dir='ltr'><strong><em>praeceptum</em></strong></span> <span class='ocrx_word' id='word_1_760' title='bbox 2375 3437 2674 3506; x_wconf 86' lang='lat' dir='ltr'><strong><em>accepisset,</em></strong></span> <span class='ocrx_word' id='word_1_761' title='bbox 2725 3438 2943 3511; x_wconf 74' lang='lat' dir='ltr'><strong><em>confecit</em></strong></span> <span class='ocrx_word' id='word_1_762' title='bbox 2982 3438 3100 3492; x_wconf 87' lang='lat' dir='ltr'><strong><em>illos</em></strong></span> <span class='ocrx_word' id='word_1_763' title='bbox 3127 3440 3179 3493; x_wconf 90' lang='lat' dir='ltr'><strong><em>in</em></strong></span> <span class='ocrx_word' id='word_1_764' title='bbox 3210 3440 3505 3495; x_wconf 84' lang='lat' dir='ltr'><strong><em>interiorem</em></strong></span> <span class='ocrx_word' id='word_1_765' title='bbox 3565 3459 3568 3462; x_wconf 68' lang='grc'><strong>’</strong></span> 
     </span>
    </p>
   </div>
   <div class='ocr_carea' id='block_1_96' title="bbox 1876 3528 3506 3601">
    <p class='ocr_par' dir='ltr' id='par_1_96' title="bbox 1876 3528 3506 3601">
     <span class='ocr_line' id='line_1_96' title="bbox 1876 3528 3506 3601; baseline 0.008 -22"><span class='ocrx_word' id='word_1_766' title='bbox 1876 3542 2160 3591; x_wconf 88' lang='lat' dir='ltr'><strong><em>carcerem,</em></strong></span> <span class='ocrx_word' id='word_1_767' title='bbox 2191 3538 2239 3580; x_wconf 84' lang='lat' dir='ltr'><strong><em>e:</em></strong></span> <span class='ocrx_word' id='word_1_768' title='bbox 2270 3528 2423 3599; x_wconf 84' lang='lat' dir='ltr'><strong><em>pedes</em></strong></span> <span class='ocrx_word' id='word_1_769' title='bbox 2450 3545 2627 3582; x_wconf 88' lang='lat' dir='ltr'><strong><em>eorum</em></strong></span> <span class='ocrx_word' id='word_1_770' title='bbox 2658 3528 2866 3584; x_wconf 76' lang='lat' dir='ltr'><strong><em>strinxit</em></strong></span> <span class='ocrx_word' id='word_1_771' title='bbox 2906 3530 3069 3601; x_wconf 90' lang='lat' dir='ltr'><strong><em>ligno.</em></strong></span> <span class='ocrx_word' id='word_1_772' title='bbox 3105 3530 3261 3599; x_wconf 65' lang='lat' dir='ltr'><strong><em>Vide,</em></strong></span> <span class='ocrx_word' id='word_1_773' title='bbox 3292 3534 3381 3589; x_wconf 89' lang='lat' dir='ltr'><strong><em>ille</em></strong></span> <span class='ocrx_word' id='word_1_774' title='bbox 3410 3551 3506 3592; x_wconf 81' lang='lat' dir='ltr'><strong><em>eos</em></strong></span> 
     </span>
    </p>
   </div>
   <div class='ocr_carea' id='block_1_97' title="bbox 1879 3616 3507 3694">
    <p class='ocr_par' dir='ltr' id='par_1_97' title="bbox 1879 3616 3507 3694">
     <span class='ocr_line' id='line_1_97' title="bbox 1879 3616 3507 3694; baseline 0.009 -25"><span class='ocrx_word' id='word_1_775' title='bbox 1879 3616 1931 3669; x_wconf 92' lang='lat' dir='ltr'><strong><em>in</em></strong></span> <span class='ocrx_word' id='word_1_776' title='bbox 1966 3616 2281 3673; x_wconf 87' lang='lat' dir='ltr'><strong><em>interiorem</em></strong></span> <span class='ocrx_word' id='word_1_777' title='bbox 2307 3618 2543 3689; x_wconf 89' lang='lat' dir='ltr'><strong><em>conjecit</em></strong></span> <span class='ocrx_word' id='word_1_778' title='bbox 2571 3634 2849 3676; x_wconf 87' lang='lat' dir='ltr'><strong><em>carcerem</em></strong></span> <span class='ocrx_word' id='word_1_779' title='bbox 2876 3639 2888 3676; x_wconf 88' lang='lat'><strong>:</strong></span> <span class='ocrx_word' id='word_1_780' title='bbox 2911 3630 2966 3677; x_wconf 92' lang='lat' dir='ltr'><strong><em>et</em></strong></span> <span class='ocrx_word' id='word_1_781' title='bbox 2993 3622 3095 3678; x_wconf 90' lang='lat' dir='ltr'><strong><em>hoc</em></strong></span> <span class='ocrx_word' id='word_1_782' title='bbox 3113 3637 3182 3678; x_wconf 88' lang='lat' dir='ltr'><strong><em>cx</em></strong></span> <span class='ocrx_word' id='word_1_783' title='bbox 3215 3626 3507 3694; x_wconf 79' lang='lat' dir='ltr'><strong><em>providen-</em></strong></span> 
     </span>
    </p>
   </div>
   <div class='ocr_carea' id='block_1_98' title="bbox 1880 3710 3497 3787">
    <p class='ocr_par' dir='ltr' id='par_1_98' title="bbox 1880 3710 3497 3787">
     <span class='ocr_line' id='line_1_98' title="bbox 1880 3710 3497 3787; baseline 0.009 -24"><span class='ocrx_word' id='word_1_784' title='bbox 1880 3710 1953 3765; x_wconf 91' lang='lat' dir='ltr'><strong><em>tia</em></strong></span> <span class='ocrx_word' id='word_1_785' title='bbox 2003 3712 2225 3766; x_wconf 79' lang='lat' dir='ltr'><strong><em>factum.</em></strong></span> <span class='ocrx_word' id='word_1_786' title='bbox 2267 3713 2405 3779; x_wconf 87' lang='lat' dir='ltr'><strong><em>Quia</em></strong></span> <span class='ocrx_word' id='word_1_787' title='bbox 2437 3714 2582 3768; x_wconf 89' lang='lat' dir='ltr'><strong><em>enim</em></strong></span> <span class='ocrx_word' id='word_1_788' title='bbox 2616 3713 2939 3769; x_wconf 85' lang='lat' dir='ltr'><strong><em>miraculum</em></strong></span> <span class='ocrx_word' id='word_1_789' title='bbox 2962 3730 3218 3787; x_wconf 81' lang='lat' dir='ltr'><strong><em>magnum</em></strong></span> <span class='ocrx_word' id='word_1_790' title='bbox 3252 3718 3497 3777; x_wconf 81' lang='lat' dir='ltr'><strong><em>futurum</em></strong></span> 
     </span>
    </p>
   </div>
   <div class='ocr_carea' id='block_1_99' title="bbox 1880 3803 3499 3879">
    <p class='ocr_par' dir='ltr' id='par_1_99' title="bbox 1880 3803 3499 3879">
     <span class='ocr_line' id='line_1_99' title="bbox 1880 3803 3499 3879; baseline 0.007 -22"><span class='ocrx_word' id='word_1_791' title='bbox 1880 3812 2018 3869; x_wconf 88' lang='lat' dir='ltr'><strong><em>erat,</em></strong></span> <span class='ocrx_word' id='word_1_792' title='bbox 2051 3803 2281 3858; x_wconf 84' lang='lat' dir='ltr'><strong><em>idoneus</em></strong></span> <span class='ocrx_word' id='word_1_793' title='bbox 2304 3804 2457 3860; x_wconf 87' lang='lat' dir='ltr'><strong><em>locus</em></strong></span> <span class='ocrx_word' id='word_1_794' title='bbox 2490 3805 2558 3860; x_wconf 87' lang='lat' dir='ltr'><strong><em>ad</em></strong></span> <span class='ocrx_word' id='word_1_795' title='bbox 2588 3821 2702 3861; x_wconf 89' lang='lat' dir='ltr'><strong><em>rem</em></strong></span> <span class='ocrx_word' id='word_1_796' title='bbox 2734 3808 3094 3879; x_wconf 81' lang='lat' dir='ltr'><strong><em>evulgandam</em></strong></span> <span class='ocrx_word' id='word_1_797' title='bbox 3121 3820 3274 3866; x_wconf 80' lang='lat' dir='ltr'><strong><em>extra</em></strong></span> <span class='ocrx_word' id='word_1_798' title='bbox 3307 3814 3499 3869; x_wconf 89' lang='lat' dir='ltr'><strong><em>urbem</em></strong></span> 
     </span>
    </p>
   </div>
   <div class='ocr_carea' id='block_1_100' title="bbox 1879 3898 3507 3978">
    <p class='ocr_par' dir='ltr' id='par_1_100' title="bbox 1879 3898 3507 3978">
     <span class='ocr_line' id='line_1_100' title="bbox 1879 3898 3507 3978; baseline 0.008 -29"><span class='ocrx_word' id='word_1_799' title='bbox 1879 3898 2152 3963; x_wconf 86' lang='lat' dir='ltr'><strong><em>statuitur,</em></strong></span> <span class='ocrx_word' id='word_1_800' title='bbox 2188 3899 2579 3953; x_wconf 83' lang='lat' dir='ltr'><strong><em>tcntationibus</em></strong></span> <span class='ocrx_word' id='word_1_801' title='bbox 2601 3910 2653 3954; x_wconf 91' lang='lat' dir='ltr'><strong><em>et</em></strong></span> <span class='ocrx_word' id='word_1_802' title='bbox 2683 3900 2940 3971; x_wconf 87' lang='lat' dir='ltr'><strong><em>periculis</em></strong></span> <span class='ocrx_word' id='word_1_803' title='bbox 2963 3918 3185 3957; x_wconf 84' lang='lat' dir='ltr'><strong><em>vacuus.</em></strong></span> <span class='ocrx_word' id='word_1_804' title='bbox 3217 3904 3351 3961; x_wconf 80' lang='lat' dir='ltr'><strong><em>Vide</em></strong></span> <span class='ocrx_word' id='word_1_805' title='bbox 3372 3922 3507 3978; x_wconf 65' lang='lat' dir='ltr'><strong><em>quo.</em></strong></span> 
     </span>
    </p>
   </div>
   <div class='ocr_carea' id='block_1_101' title="bbox 1881 3989 3504 4062">
    <p class='ocr_par' dir='ltr' id='par_1_101' title="bbox 1881 3989 3504 4062">
     <span class='ocr_line' id='line_1_101' title="bbox 1881 3989 3504 4062; baseline 0.008 -19"><span class='ocrx_word' id='word_1_806' title='bbox 1881 3990 2044 4044; x_wconf 89' lang='lat' dir='ltr'><strong><em>modo</em></strong></span> <span class='ocrx_word' id='word_1_807' title='bbox 2075 3989 2162 4045; x_wconf 92' lang='lat' dir='ltr'><strong><em>hic</em></strong></span> <span class='ocrx_word' id='word_1_808' title='bbox 2212 3993 2444 4062; x_wconf 85' lang='lat' dir='ltr'><strong><em>scriptor</em></strong></span> <span class='ocrx_word' id='word_1_809' title='bbox 2468 3993 2645 4047; x_wconf 89' lang='lat' dir='ltr'><strong><em>studia</em></strong></span> <span class='ocrx_word' id='word_1_810' title='bbox 2692 4008 2985 4051; x_wconf 89' lang='lat' dir='ltr'><strong><em>recensere</em></strong></span> <span class='ocrx_word' id='word_1_811' title='bbox 3026 4012 3134 4051; x_wconf 87' lang='lat' dir='ltr'><strong><em>non</em></strong></span> <span class='ocrx_word' id='word_1_812' title='bbox 3192 3999 3504 4056; x_wconf 87' lang='lat' dir='ltr'><strong><em>erubescat.</em></strong></span> 
     </span>
    </p>
   </div>
   <div class='ocr_carea' id='block_1_102' title="bbox 1880 4081 3505 4163">
    <p class='ocr_par' dir='ltr' id='par_1_102' title="bbox 1880 4081 3505 4163">
     <span class='ocr_line' id='line_1_102' title="bbox 1880 4081 3505 4163; baseline 0.007 -27"><span class='ocrx_word' id='word_1_813' title='bbox 1880 4081 2041 4136; x_wconf 83' lang='lat' dir='ltr'><strong><em>Certe</em></strong></span> <span class='ocrx_word' id='word_1_814' title='bbox 2072 4097 2197 4138; x_wconf 90' lang='lat' dir='ltr'><strong><em>cum</em></strong></span> <span class='ocrx_word' id='word_1_815' title='bbox 2223 4085 2380 4155; x_wconf 91' lang='lat' dir='ltr'><strong><em>quies</em></strong></span> <span class='ocrx_word' id='word_1_816' title='bbox 2433 4094 2615 4149; x_wconf 89' lang='lat' dir='ltr'><strong><em>esset,</em></strong></span> <span class='ocrx_word' id='word_1_817' title='bbox 2648 4086 2821 4157; x_wconf 84' lang='lat' dir='ltr'><strong><em>magis</em></strong></span> <span class='ocrx_word' id='word_1_818' title='bbox 2855 4087 3211 4145; x_wconf 88' lang='lat' dir='ltr'><strong><em>attendebant</em></strong></span> <span class='ocrx_word' id='word_1_819' title='bbox 3251 4092 3335 4156; x_wconf 90' lang='lat' dir='ltr'><strong><em>iis,</em></strong></span> <span class='ocrx_word' id='word_1_820' title='bbox 3386 4110 3505 4163; x_wconf 83' lang='lat' dir='ltr'><strong><em>qua:</em></strong></span> 
     </span>
    </p>
   </div>
   <div class='ocr_carea' id='block_1_103' title="bbox 1881 4174 3503 4255">
    <p class='ocr_par' dir='ltr' id='par_1_103' title="bbox 1881 4174 3503 4255">
     <span class='ocr_line' id='line_1_103' title="bbox 1881 4174 3503 4255; baseline 0.007 -27"><span class='ocrx_word' id='word_1_821' title='bbox 1881 4174 2199 4229; x_wconf 89' lang='lat' dir='ltr'><strong><em>dicebantur</em></strong></span> <span class='ocrx_word' id='word_1_822' title='bbox 2227 4192 2241 4229; x_wconf 87' lang='lat'><strong>:</strong></span> <span class='ocrx_word' id='word_1_823' title='bbox 2274 4192 2449 4248; x_wconf 87' lang='lat' dir='ltr'><strong><em>neque</em></strong></span> <span class='ocrx_word' id='word_1_824' title='bbox 2495 4178 2624 4232; x_wconf 87' lang='lat' dir='ltr'><strong><em>urbs</em></strong></span> <span class='ocrx_word' id='word_1_825' title='bbox 2678 4178 2768 4233; x_wconf 89' lang='lat' dir='ltr'><strong><em>illa</em></strong></span> <span class='ocrx_word' id='word_1_826' title='bbox 2802 4178 3253 4251; x_wconf 65' lang='lat' dir='ltr'><strong><em>&#39;l’hilippensium</em></strong></span> <span class='ocrx_word' id='word_1_827' title='bbox 3305 4199 3503 4255; x_wconf 82' lang='lat' dir='ltr'><strong><em>magna</em></strong></span> 
     </span>
    </p>
   </div>
   <div class='ocr_carea' id='block_1_104' title="bbox 1882 4268 3505 4339">
    <p class='ocr_par' dir='ltr' id='par_1_104' title="bbox 1882 4268 3505 4339">
     <span class='ocr_line' id='line_1_104' title="bbox 1882 4268 3505 4339; baseline 0.009 -18"><span class='ocrx_word' id='word_1_828' title='bbox 1882 4276 2020 4321; x_wconf 90' lang='lat' dir='ltr'><strong><em>erat.</em></strong></span> <span class='ocrx_word' id='word_1_829' title='bbox 2073 4268 2199 4323; x_wconf 71' lang='lat' dir='ltr'><strong><em>Hmc</em></strong></span> <span class='ocrx_word' id='word_1_830' title='bbox 2248 4278 2304 4324; x_wconf 90' lang='lat' dir='ltr'><strong><em>et</em></strong></span> <span class='ocrx_word' id='word_1_831' title='bbox 2357 4285 2456 4324; x_wconf 93' lang='lat' dir='ltr'><strong><em>nos</em></strong></span> <span class='ocrx_word' id='word_1_832' title='bbox 2483 4271 2742 4339; x_wconf 90' lang='lat' dir='ltr'><strong><em>scientes,</em></strong></span> <span class='ocrx_word' id='word_1_833' title='bbox 2784 4273 3059 4327; x_wconf 89' lang='lat' dir='ltr'><strong><em>neminem</em></strong></span> <span class='ocrx_word' id='word_1_834' title='bbox 3090 4276 3505 4335; x_wconf 88' lang='lat' dir='ltr'><strong><em>erubescamus.</em></strong></span> 
     </span>
    </p>
   </div>
   <div class='ocr_carea' id='block_1_105' title="bbox 1884 4359 3500 4438">
    <p class='ocr_par' dir='ltr' id='par_1_105' title="bbox 1884 4359 3500 4438">
     <span class='ocr_line' id='line_1_105' title="bbox 1884 4359 3500 4438; baseline 0.008 -25"><span class='ocrx_word' id='word_1_835' title='bbox 1884 4359 2040 4429; x_wconf 81' lang='lat' dir='ltr'><strong><em>Apud</em></strong></span> <span class='ocrx_word' id='word_1_836' title='bbox 2073 4361 2368 4417; x_wconf 89' lang='lat' dir='ltr'><strong><em>coriarium</em></strong></span> <span class='ocrx_word' id='word_1_837' title='bbox 2399 4371 2585 4417; x_wconf 83' lang='lat' dir='ltr'><strong><em>manet</em></strong></span> <span class='ocrx_word' id='word_1_838' title='bbox 2615 4363 2830 4432; x_wconf 87' lang='lat' dir='ltr'><strong><em>Petrus,</em></strong></span> <span class='ocrx_word' id='word_1_839' title='bbox 2879 4367 3021 4435; x_wconf 89' lang='lat' dir='ltr'><strong><em>apud</em></strong></span> <span class='ocrx_word' id='word_1_840' title='bbox 3072 4371 3449 4438; x_wconf 68' lang='lat' dir='ltr'><strong><em>purpurat-iam</em></strong></span> <span class='ocrx_word' id='word_1_841' title='bbox 3483 4375 3500 4405; x_wconf 73' lang='grc' dir='ltr'>ί</span> 
     </span>
    </p>
   </div>
   <div class='ocr_carea' id='block_1_106' title="bbox 1886 4454 3511 4532">
    <p class='ocr_par' dir='ltr' id='par_1_106' title="bbox 1886 4454 3511 4532">
     <span class='ocr_line' id='line_1_106' title="bbox 1886 4454 3511 4532; baseline 0.01 -24"><span class='ocrx_word' id='word_1_842' title='bbox 1886 4454 2102 4511; x_wconf 85' lang='lat' dir='ltr'><strong><em>Paulus.</em></strong></span> <span class='ocrx_word' id='word_1_843' title='bbox 2136 4456 2239 4512; x_wconf 88' lang='lat' dir='ltr'><strong><em>Ubi</em></strong></span> <span class='ocrx_word' id='word_1_844' title='bbox 2265 4466 2349 4512; x_wconf 91' lang='lat' dir='ltr'><strong><em>est</em></strong></span> <span class='ocrx_word' id='word_1_845' title='bbox 2366 4456 2575 4513; x_wconf 80' lang='lat' dir='ltr'><strong><em>fastus?</em></strong></span> <span class='ocrx_word' id='word_1_846' title='bbox 2597 4457 2761 4530; x_wconf 85' lang='lat' dir='ltr'><strong><em>igitur</em></strong></span> <span class='ocrx_word' id='word_1_847' title='bbox 2797 4460 2966 4516; x_wconf 91' lang='lat' dir='ltr'><strong><em>Deum</em></strong></span> <span class='ocrx_word' id='word_1_848' title='bbox 3001 4479 3305 4532; x_wconf 88' lang='lat' dir='ltr'><strong><em>precemur,</em></strong></span> <span class='ocrx_word' id='word_1_849' title='bbox 3332 4478 3389 4523; x_wconf 93' lang='lat' dir='ltr'><strong><em>ut</em></strong></span> <span class='ocrx_word' id='word_1_850' title='bbox 3414 4483 3511 4524; x_wconf 90' lang='lat' dir='ltr'><strong><em>cor</em></strong></span> 
     </span>
    </p>
   </div>
   <div class='ocr_carea' id='block_1_107' title="bbox 1885 4548 3513 4629">
    <p class='ocr_par' dir='ltr' id='par_1_107' title="bbox 1885 4548 3513 4629">
     <span class='ocr_line' id='line_1_107' title="bbox 1885 4548 3513 4629; baseline 0.01 -29"><span class='ocrx_word' id='word_1_851' title='bbox 1885 4548 2094 4614; x_wconf 87' lang='lat' dir='ltr'><strong><em>aperiat</em></strong></span> <span class='ocrx_word' id='word_1_852' title='bbox 2124 4566 2137 4601; x_wconf 86' lang='lat'><strong>:</strong></span> <span class='ocrx_word' id='word_1_853' title='bbox 2174 4548 2317 4603; x_wconf 90' lang='lat' dir='ltr'><strong><em>Deus</em></strong></span> <span class='ocrx_word' id='word_1_854' title='bbox 2369 4560 2550 4604; x_wconf 90' lang='lat' dir='ltr'><strong><em>autem</em></strong></span> <span class='ocrx_word' id='word_1_855' title='bbox 2579 4550 2741 4606; x_wconf 89' lang='lat' dir='ltr'><strong><em>corda</em></strong></span> <span class='ocrx_word' id='word_1_856' title='bbox 2768 4568 2890 4623; x_wconf 71' lang='lat' dir='ltr'><strong><em>qua:</em></strong></span> <span class='ocrx_word' id='word_1_857' title='bbox 2916 4555 3187 4612; x_wconf 89' lang='lat' dir='ltr'><strong><em>voluerint</em></strong></span> <span class='ocrx_word' id='word_1_858' title='bbox 3224 4562 3426 4629; x_wconf 88' lang='lat' dir='ltr'><strong><em>aperit;</em></strong></span> <span class='ocrx_word' id='word_1_859' title='bbox 3457 4571 3513 4618; x_wconf 88' lang='lat' dir='ltr'><strong><em>at</em></strong></span> 
     </span>
    </p>
   </div>
   <div class='ocr_carea' id='block_1_108' title="bbox 1885 4640 3504 4723">
    <p class='ocr_par' dir='ltr' id='par_1_108' title="bbox 1885 4640 3504 4723">
     <span class='ocr_line' id='line_1_108' title="bbox 1885 4640 3504 4723; baseline 0.011 -29"><span class='ocrx_word' id='word_1_860' title='bbox 1885 4651 2151 4695; x_wconf 65' lang='lat' dir='ltr'><strong><em>excaecata</em></strong></span> <span class='ocrx_word' id='word_1_861' title='bbox 2180 4640 2344 4696; x_wconf 87' lang='lat' dir='ltr'><strong><em>corda</em></strong></span> <span class='ocrx_word' id='word_1_862' title='bbox 2376 4641 2559 4699; x_wconf 87' lang='lat' dir='ltr'><strong><em>videre</em></strong></span> <span class='ocrx_word' id='word_1_863' title='bbox 2581 4653 2684 4699; x_wconf 88' lang='lat' dir='ltr'><strong><em>est.</em></strong></span> <span class='ocrx_word' id='word_1_864' title='bbox 2719 4644 2826 4701; x_wconf 92' lang='lat' dir='ltr'><strong><em>Sed</em></strong></span> <span class='ocrx_word' id='word_1_865' title='bbox 2855 4649 3144 4718; x_wconf 89' lang='lat' dir='ltr'><strong><em>superiora</em></strong></span> <span class='ocrx_word' id='word_1_866' title='bbox 3168 4661 3504 4723; x_wconf 82' lang='lat' dir='ltr'><strong><em>repetamus.</em></strong></span> 
     </span>
    </p>
   </div>
   <div class='ocr_carea' id='block_1_109' title="bbox 1889 4724 3499 4819">
    <p class='ocr_par' dir='ltr' id='par_1_109' title="bbox 1889 4724 3499 4819">
     <span class='ocr_line' id='line_1_109' title="bbox 1889 4724 3499 4819; baseline 0.012 -34"><span class='ocrx_word' id='word_1_867' title='bbox 1889 4732 2103 4800; x_wconf 79' lang='lat' dir='ltr'><strong><em>Mulier,</em></strong></span> <span class='ocrx_word' id='word_1_868' title='bbox 2133 4734 2324 4805; x_wconf 90' lang='lat' dir='ltr'><strong><em>inquit,</em></strong></span> <span class='ocrx_word' id='word_1_869' title='bbox 2350 4739 2686 4807; x_wconf 88' lang='lat' dir='ltr'><strong><em>purpuraria,</em></strong></span> <span class='ocrx_word' id='word_1_870' title='bbox 2716 4743 2862 4810; x_wconf 87' lang='lat' dir='ltr'><strong><em>cujus</em></strong></span> <span class='ocrx_word' id='word_1_871' title='bbox 2884 4724 3139 4799; x_wconf 89' lang='lat' dir='ltr'><strong><em>Dominus</em></strong></span> <span class='ocrx_word' id='word_1_872' title='bbox 3166 4762 3255 4799; x_wconf 91' lang='lat' dir='ltr'><strong><em>cor</em></strong></span> <span class='ocrx_word' id='word_1_873' title='bbox 3273 4752 3499 4819; x_wconf 87' lang='lat' dir='ltr'><strong><em>aperuit,</em></strong></span> 
     </span>
    </p>
   </div>
   <div class='ocr_carea' id='block_1_110' title="bbox 1888 4827 3511 4911">
    <p class='ocr_par' dir='ltr' id='par_1_110' title="bbox 1888 4827 3511 4911">
     <span class='ocr_line' id='line_1_110' title="bbox 1888 4827 3511 4911; baseline 0.013 -33"><span class='ocrx_word' id='word_1_874' title='bbox 1888 4837 1940 4879; x_wconf 85' lang='lat' dir='ltr'><strong><em>ut</em></strong></span> <span class='ocrx_word' id='word_1_875' title='bbox 1970 4827 2247 4882; x_wconf 87' lang='lat' dir='ltr'><strong><em>attenderet</em></strong></span> <span class='ocrx_word' id='word_1_876' title='bbox 2272 4829 2357 4893; x_wconf 84' lang='lat' dir='ltr'><strong><em>iis,</em></strong></span> <span class='ocrx_word' id='word_1_877' title='bbox 2384 4846 2499 4899; x_wconf 75' lang='lat' dir='ltr'><strong><em>qua:</em></strong></span> <span class='ocrx_word' id='word_1_878' title='bbox 2518 4830 2818 4887; x_wconf 87' lang='lat' dir='ltr'><strong><em>dicebantur</em></strong></span> <span class='ocrx_word' id='word_1_879' title='bbox 2850 4852 2884 4888; x_wconf 82' lang='grc' dir='ltr'><em>α</em></span> <span class='ocrx_word' id='word_1_880' title='bbox 2922 4834 3118 4893; x_wconf 90' lang='lat' dir='ltr'><strong><em>Paulo.</em></strong></span> <span class='ocrx_word' id='word_1_881' title='bbox 3147 4842 3377 4911; x_wconf 86' lang='lat' dir='ltr'><strong><em>Aperire</em></strong></span> <span class='ocrx_word' id='word_1_882' title='bbox 3406 4844 3511 4899; x_wconf 85' lang='lat' dir='ltr'><strong><em>ita-</em></strong></span> 
     </span>
    </p>
   </div>
   <div class='ocr_carea' id='block_1_111' title="bbox 1888 4921 3509 5003">
    <p class='ocr_par' dir='ltr' id='par_1_111' title="bbox 1888 4921 3509 5003">
     <span class='ocr_line' id='line_1_111' title="bbox 1888 4921 3509 5003; baseline 0.012 -29"><span class='ocrx_word' id='word_1_883' title='bbox 1888 4936 1994 4988; x_wconf 87' lang='lat' dir='ltr'><strong><em>que</em></strong></span> <span class='ocrx_word' id='word_1_884' title='bbox 2022 4921 2117 4975; x_wconf 90' lang='lat' dir='ltr'><strong><em>Dei</em></strong></span> <span class='ocrx_word' id='word_1_885' title='bbox 2163 4930 2268 4991; x_wconf 90' lang='lat' dir='ltr'><strong><em>est,</em></strong></span> <span class='ocrx_word' id='word_1_886' title='bbox 2296 4924 2579 4979; x_wconf 89' lang='lat' dir='ltr'><strong><em>attendere</em></strong></span> <span class='ocrx_word' id='word_1_887' title='bbox 2612 4941 2741 4981; x_wconf 82' lang='lat' dir='ltr'><strong><em>vero</em></strong></span> <span class='ocrx_word' id='word_1_888' title='bbox 2772 4926 2918 4984; x_wconf 90' lang='lat' dir='ltr'><strong><em>illius</em></strong></span> <span class='ocrx_word' id='word_1_889' title='bbox 2944 4947 2958 4981; x_wconf 89' lang='lat'><strong>:</strong></span> <span class='ocrx_word' id='word_1_890' title='bbox 2992 4945 3082 4986; x_wconf 90' lang='lat' dir='ltr'><strong><em>res</em></strong></span> <span class='ocrx_word' id='word_1_891' title='bbox 3114 4931 3275 5003; x_wconf 86' lang='lat' dir='ltr'><strong><em>igitur</em></strong></span> <span class='ocrx_word' id='word_1_892' title='bbox 3309 4946 3426 4992; x_wconf 90' lang='lat' dir='ltr'><strong><em>erat</em></strong></span> <span class='ocrx_word' id='word_1_893' title='bbox 3452 4949 3509 4994; x_wconf 89' lang='lat' dir='ltr'><strong><em>et</em></strong></span> 
     </span>
    </p>
   </div>
   <div class='ocr_carea' id='block_1_112' title="bbox 1888 5006 3508 5099">
    <p class='ocr_par' dir='ltr' id='par_1_112' title="bbox 1888 5006 3508 5099">
     <span class='ocr_line' id='line_1_112' title="bbox 1888 5006 3508 5099; baseline 0.011 -32"><span class='ocrx_word' id='word_1_894' title='bbox 1888 5012 2067 5067; x_wconf 86' lang='lat' dir='ltr'><strong><em>divina</em></strong></span> <span class='ocrx_word' id='word_1_895' title='bbox 2096 5023 2152 5067; x_wconf 91' lang='lat' dir='ltr'><strong><em>et</em></strong></span> <span class='ocrx_word' id='word_1_896' title='bbox 2181 5013 2437 5071; x_wconf 86' lang='lat' dir='ltr'><strong><em>humana.</em></strong></span> <span class='ocrx_word' id='word_1_897' title='bbox 2468 5017 2595 5071; x_wconf 89' lang='lat' dir='ltr'><strong><em>Cum</em></strong></span> <span class='ocrx_word' id='word_1_898' title='bbox 2619 5028 2787 5072; x_wconf 88' lang='lat' dir='ltr'><strong><em>autem</em></strong></span> <span class='ocrx_word' id='word_1_899' title='bbox 2811 5021 3070 5091; x_wconf 75' lang='lat' dir='ltr'><strong><em>baptizata</em></strong></span> <span class='ocrx_word' id='word_1_900' title='bbox 3086 5006 3291 5096; x_wconf 50' lang='lat' dir='ltr'><strong><em>&#39;fuisset,</em></strong></span> <span class='ocrx_word' id='word_1_901' title='bbox 3312 5028 3508 5099; x_wconf 90' lang='lat' dir='ltr'><strong><em>inquit,</em></strong></span> 
     </span>
    </p>
   </div>
   <div class='ocr_carea' id='block_1_113' title="bbox 1890 5108 3516 5193">
    <p class='ocr_par' dir='ltr' id='par_1_113' title="bbox 1890 5108 3516 5193">
     <span class='ocr_line' id='line_1_113' title="bbox 1890 5108 3516 5193; baseline 0.013 -35"><span class='ocrx_word' id='word_1_902' title='bbox 1890 5108 2161 5176; x_wconf 78' lang='lat' dir='ltr'><strong><em>deprecata</em></strong></span> <span class='ocrx_word' id='word_1_903' title='bbox 2186 5119 2259 5161; x_wconf 87' lang='lat' dir='ltr'><strong><em>est</em></strong></span> <span class='ocrx_word' id='word_1_904' title='bbox 2288 5110 2481 5177; x_wconf 84' lang='lat' dir='ltr'><strong><em>dicens,</em></strong></span> <span class='ocrx_word' id='word_1_905' title='bbox 2516 5109 2576 5165; x_wconf 91' lang='lat' dir='ltr'><strong><em>Si</em></strong></span> <span class='ocrx_word' id='word_1_906' title='bbox 2589 5112 2866 5182; x_wconf 86' lang='lat' dir='ltr'><strong><em>judicastis</em></strong></span> <span class='ocrx_word' id='word_1_907' title='bbox 2898 5132 2997 5169; x_wconf 90' lang='lat' dir='ltr'><strong><em>me.</em></strong></span> <span class='ocrx_word' id='word_1_908' title='bbox 3032 5116 3247 5189; x_wconf 77' lang='lat' dir='ltr'><strong><em>Vide,et</em></strong></span> <span class='ocrx_word' id='word_1_909' title='bbox 3274 5121 3516 5193; x_wconf 84' lang='lat' dir='ltr'><strong><em>baptiza-</em></strong></span> 
     </span>
    </p>
   </div>
   <div class='ocr_carea' id='block_1_114' title="bbox 1894 5201 3505 5284">
    <p class='ocr_par' dir='ltr' id='par_1_114' title="bbox 1894 5201 3505 5284">
     <span class='ocr_line' id='line_1_114' title="bbox 1894 5201 3505 5284; baseline 0.014 -33"><span class='ocrx_word' id='word_1_910' title='bbox 1894 5208 2009 5265; x_wconf 89' lang='lat' dir='ltr'><strong><em>tur,</em></strong></span> <span class='ocrx_word' id='word_1_911' title='bbox 2043 5210 2097 5254; x_wconf 90' lang='lat' dir='ltr'><strong><em>et</em></strong></span> <span class='ocrx_word' id='word_1_912' title='bbox 2126 5201 2319 5270; x_wconf 88' lang='lat' dir='ltr'><strong><em>recipit</em></strong></span> <span class='ocrx_word' id='word_1_913' title='bbox 2349 5203 2627 5271; x_wconf 89' lang='lat' dir='ltr'><strong><em>apostolos</em></strong></span> <span class='ocrx_word' id='word_1_914' title='bbox 2656 5215 2774 5274; x_wconf 84' lang='lat' dir='ltr'><strong><em>post</em></strong></span> <span class='ocrx_word' id='word_1_915' title='bbox 2799 5215 3003 5262; x_wconf 88' lang='lat' dir='ltr'><strong><em>tantam</em></strong></span> <span class='ocrx_word' id='word_1_916' title='bbox 3026 5212 3505 5284; x_wconf 89' lang='lat' dir='ltr'><strong><em>supplicationem,</em></strong></span> 
     </span>
    </p>
   </div>
   <div class='ocr_carea' id='block_1_115' title="bbox 1894 5294 3513 5363">
    <p class='ocr_par' dir='ltr' id='par_1_115' title="bbox 1894 5294 3513 5363">
     <span class='ocr_line' id='line_1_115' title="bbox 1894 5294 3513 5363; baseline 0.013 -20"><span class='ocrx_word' id='word_1_917' title='bbox 1894 5295 2153 5361; x_wconf 86' lang='lat' dir='ltr'><strong><em>majorem</em></strong></span> <span class='ocrx_word' id='word_1_918' title='bbox 2185 5308 2346 5363; x_wconf 90' lang='lat' dir='ltr'><strong><em>quam</em></strong></span> <span class='ocrx_word' id='word_1_919' title='bbox 2375 5294 2521 5349; x_wconf 88' lang='lat' dir='ltr'><strong><em>illam</em></strong></span> <span class='ocrx_word' id='word_1_920' title='bbox 2549 5296 2864 5353; x_wconf 81' lang='lat' dir='ltr'><strong><em>Abrahami.</em></strong></span> <span class='ocrx_word' id='word_1_921' title='bbox 2893 5299 3004 5356; x_wconf 88' lang='lat' dir='ltr'><strong><em>Nec</em></strong></span> <span class='ocrx_word' id='word_1_922' title='bbox 3035 5302 3163 5357; x_wconf 90' lang='lat' dir='ltr'><strong><em>dicit</em></strong></span> <span class='ocrx_word' id='word_1_923' title='bbox 3190 5305 3336 5361; x_wconf 87' lang='lat' dir='ltr'><strong><em>aliud</em></strong></span> <span class='ocrx_word' id='word_1_924' title='bbox 3370 5309 3513 5363; x_wconf 91' lang='lat' dir='ltr'><strong><em>indi-</em></strong></span> 
     </span>
    </p>
   </div>
   <div class='ocr_carea' id='block_1_116' title="bbox 1894 5386 3509 5462">
    <p class='ocr_par' dir='ltr' id='par_1_116' title="bbox 1894 5386 3509 5462">
     <span class='ocr_line' id='line_1_116' title="bbox 1894 5386 3509 5462; baseline 0.012 -26"><span class='ocrx_word' id='word_1_925' title='bbox 1894 5388 2060 5449; x_wconf 87' lang='lat' dir='ltr'><strong><em>cium,</em></strong></span> <span class='ocrx_word' id='word_1_926' title='bbox 2100 5400 2261 5455; x_wconf 91' lang='lat' dir='ltr'><strong><em>quam</em></strong></span> <span class='ocrx_word' id='word_1_927' title='bbox 2309 5386 2460 5453; x_wconf 89' lang='lat' dir='ltr'><strong><em>illud,</em></strong></span> <span class='ocrx_word' id='word_1_928' title='bbox 2493 5403 2601 5458; x_wconf 89' lang='lat' dir='ltr'><strong><em>quo</em></strong></span> <span class='ocrx_word' id='word_1_929' title='bbox 2642 5400 2855 5445; x_wconf 85' lang='lat' dir='ltr'><strong><em>servata</em></strong></span> <span class='ocrx_word' id='word_1_930' title='bbox 2885 5390 3086 5448; x_wconf 84' lang='lat' dir='ltr'><strong><em>fuerat.</em></strong></span> <span class='ocrx_word' id='word_1_931' title='bbox 3115 5394 3232 5450; x_wconf 83' lang='lat' dir='ltr'><strong><em>Non</em></strong></span> <span class='ocrx_word' id='word_1_932' title='bbox 3263 5397 3419 5462; x_wconf 84' lang='lat' dir='ltr'><strong><em>dixit,</em></strong></span> <span class='ocrx_word' id='word_1_933' title='bbox 3454 5402 3509 5457; x_wconf 90' lang='lat' dir='ltr'><strong><em>Si</em></strong></span> 
     </span>
    </p>
   </div>
   <div class='ocr_carea' id='block_1_117' title="bbox 1899 5482 3517 5563">
    <p class='ocr_par' dir='ltr' id='par_1_117' title="bbox 1899 5482 3517 5563">
     <span class='ocr_line' id='line_1_117' title="bbox 1899 5482 3517 5563; baseline 0.01 -30"><span class='ocrx_word' id='word_1_934' title='bbox 1899 5496 2169 5549; x_wconf 85' lang='lat' dir='ltr'><strong><em>magnam,</em></strong></span> <span class='ocrx_word' id='word_1_935' title='bbox 2204 5482 2247 5534; x_wconf 91' lang='lat' dir='ltr'><strong><em>si</em></strong></span> <span class='ocrx_word' id='word_1_936' title='bbox 2278 5482 2418 5550; x_wconf 90' lang='lat' dir='ltr'><strong><em>piam</em></strong></span> <span class='ocrx_word' id='word_1_937' title='bbox 2441 5483 2723 5538; x_wconf 89' lang='lat' dir='ltr'><strong><em>mulierem</em></strong></span> <span class='ocrx_word' id='word_1_938' title='bbox 2752 5486 3034 5555; x_wconf 88' lang='lat' dir='ltr'><strong><em>judicastis</em></strong></span> <span class='ocrx_word' id='word_1_939' title='bbox 3062 5505 3147 5543; x_wconf 89' lang='lat' dir='ltr'><strong><em>me</em></strong></span> <span class='ocrx_word' id='word_1_940' title='bbox 3168 5507 3181 5555; x_wconf 89' lang='lat'>;</span> <span class='ocrx_word' id='word_1_941' title='bbox 3206 5493 3300 5547; x_wconf 90' lang='lat' dir='ltr'><strong><em>sed</em></strong></span> <span class='ocrx_word' id='word_1_942' title='bbox 3342 5496 3517 5563; x_wconf 79' lang='lat' dir='ltr'><strong><em>quid?</em></strong></span> 
     </span>
    </p>
   </div>
   <div class='ocr_carea' id='block_1_118' title="bbox 1900 5572 3513 5651">
    <p class='ocr_par' dir='ltr' id='par_1_118' title="bbox 1900 5572 3513 5651">
     <span class='ocr_line' id='line_1_118' title="bbox 1900 5572 3513 5651; baseline 0.012 -26"><span class='ocrx_word' id='word_1_943' title='bbox 1900 5572 2133 5627; x_wconf 81' lang='lat' dir='ltr'><strong><em>Fidelem</em></strong></span> <span class='ocrx_word' id='word_1_944' title='bbox 2155 5573 2399 5628; x_wconf 89' lang='lat' dir='ltr'><strong><em>Domino.</em></strong></span> <span class='ocrx_word' id='word_1_945' title='bbox 2433 5575 2487 5631; x_wconf 93' lang='lat' dir='ltr'><strong><em>Si</em></strong></span> <span class='ocrx_word' id='word_1_946' title='bbox 2522 5576 2774 5641; x_wconf 89' lang='lat' dir='ltr'><strong><em>Domino,</em></strong></span> <span class='ocrx_word' id='word_1_947' title='bbox 2811 5580 2977 5634; x_wconf 90' lang='lat' dir='ltr'><strong><em>multo</em></strong></span> <span class='ocrx_word' id='word_1_948' title='bbox 3004 5582 3173 5651; x_wconf 86' lang='lat' dir='ltr'><strong><em>magis</em></strong></span> <span class='ocrx_word' id='word_1_949' title='bbox 3200 5584 3373 5651; x_wconf 84' lang='lat' dir='ltr'><strong><em>vobis,</em></strong></span> <span class='ocrx_word' id='word_1_950' title='bbox 3410 5589 3513 5644; x_wconf 90' lang='lat' dir='ltr'><strong><em>nisi</em></strong></span> 
     </span>
    </p>
   </div>
   <div class='ocr_carea' id='block_1_119' title="bbox 1898 5665 3514 5739">
    <p class='ocr_par' dir='ltr' id='par_1_119' title="bbox 1898 5665 3514 5739">
     <span class='ocr_line' id='line_1_119' title="bbox 1898 5665 3514 5739; baseline 0.011 -20"><span class='ocrx_word' id='word_1_951' title='bbox 1898 5666 2177 5719; x_wconf 88' lang='lat' dir='ltr'><strong><em>dubitetis.</em></strong></span> <span class='ocrx_word' id='word_1_952' title='bbox 2212 5665 2320 5722; x_wconf 82' lang='lat' dir='ltr'><strong><em>Nec</em></strong></span> <span class='ocrx_word' id='word_1_953' title='bbox 2344 5667 2501 5735; x_wconf 87' lang='lat' dir='ltr'><strong><em>dixit,</em></strong></span> <span class='ocrx_word' id='word_1_954' title='bbox 2534 5669 2690 5739; x_wconf 85' lang='lat' dir='ltr'><strong><em>Apud</em></strong></span> <span class='ocrx_word' id='word_1_955' title='bbox 2730 5687 2839 5736; x_wconf 88' lang='lat' dir='ltr'><strong><em>me,</em></strong></span> <span class='ocrx_word' id='word_1_956' title='bbox 2864 5670 3054 5735; x_wconf 75' lang='lat' dir='ltr'><strong><em>sedJn</em></strong></span> <span class='ocrx_word' id='word_1_957' title='bbox 3084 5676 3236 5729; x_wconf 90' lang='lat' dir='ltr'><strong><em>domo</em></strong></span> <span class='ocrx_word' id='word_1_958' title='bbox 3266 5695 3378 5733; x_wconf 88' lang='lat' dir='ltr'><strong><em>mea</em></strong></span> <span class='ocrx_word' id='word_1_959' title='bbox 3404 5698 3514 5735; x_wconf 82' lang='lat' dir='ltr'><strong><em>mu-</em></strong></span> 
     </span>
    </p>
   </div>
   <div class='ocr_carea' id='block_1_120' title="bbox 1900 5758 3516 5834">
    <p class='ocr_par' dir='ltr' id='par_1_120' title="bbox 1900 5758 3516 5834">
     <span class='ocr_line' id='line_1_120' title="bbox 1900 5758 3516 5834; baseline 0.011 -23"><span class='ocrx_word' id='word_1_960' title='bbox 1900 5768 2047 5820; x_wconf 86' lang='lat' dir='ltr'><strong><em>nete;</em></strong></span> <span class='ocrx_word' id='word_1_961' title='bbox 2079 5767 2135 5810; x_wconf 92' lang='lat' dir='ltr'><strong><em>ut</em></strong></span> <span class='ocrx_word' id='word_1_962' title='bbox 2165 5758 2476 5814; x_wconf 84' lang='lat' dir='ltr'><strong><em>ostenderet</em></strong></span> <span class='ocrx_word' id='word_1_963' title='bbox 2518 5774 2578 5815; x_wconf 91' lang='lat' dir='ltr'><strong><em>se</em></strong></span> <span class='ocrx_word' id='word_1_964' title='bbox 2611 5761 2712 5815; x_wconf 81' lang='lat' dir='ltr'><strong><em>hoc</em></strong></span> <span class='ocrx_word' id='word_1_965' title='bbox 2740 5778 2861 5815; x_wconf 82' lang='lat' dir='ltr'><strong><em>cum</em></strong></span> <span class='ocrx_word' id='word_1_966' title='bbox 2896 5779 3085 5834; x_wconf 80' lang='lat' dir='ltr'><strong><em>magna</em></strong></span> <span class='ocrx_word' id='word_1_967' title='bbox 3118 5766 3393 5825; x_wconf 79' lang='lat' dir='ltr'><strong><em>alacritate</em></strong></span> <span class='ocrx_word' id='word_1_968' title='bbox 3433 5772 3516 5829; x_wconf 75' lang='lat'><strong><em>{.1-</em></strong></span> 
     </span>
    </p>
   </div>
   <div class='ocr_carea' id='block_1_121' title="bbox 1970 5874 2819 5943">
    <p class='ocr_par' dir='ltr' id='par_1_121' title="bbox 1970 5874 2819 5943">
     <span class='ocr_line' id='line_1_121' title="bbox 1970 5874 2819 5943; baseline 0.007 -20"><span class='ocrx_word' id='word_1_969' title='bbox 1970 5877 1983 5906; x_wconf 84' lang='grc'>¹</span> <span class='ocrx_word' id='word_1_970' title='bbox 2024 5875 2219 5934; x_wconf 82' lang='lat' dir='ltr'><strong><em>Quidam</em></strong></span> <span class='ocrx_word' id='word_1_971' title='bbox 2240 5874 2391 5936; x_wconf 82' lang='lat' dir='ltr'><strong><em>addit,</em></strong></span> <span class='ocrx_word' id='word_1_972' title='bbox 2415 5883 2460 5927; x_wconf 84' lang='lat' dir='ltr'><strong><em>et</em></strong></span> <span class='ocrx_word' id='word_1_973' title='bbox 2480 5876 2819 5943; x_wconf 65' lang='lat' dir='ltr'><strong><em>alienigenam.</em></strong></span> 
     </span>
    </p>
   </div>
  </div>
