4084 6332
683 366 789 420 255

685 495 830 535 cere.
861 475 994 530 Vere
1024 470 1197 526 ﬁdelis
1219 468 1429 523 mulier.
1470 464 1566 518 Die
1579 474 1720 517 ~vero
1750 456 1899 524 1111111,
1927 455 2047 526 quis
2074 462 2153 508 est
2179 451 2267 506 hic

684 565 922 625 daamon‘l
950 565 1109 627 Deus,
1146 559 1372 629 inquies,
1408 557 1607 628 python
1654 570 1668 606 :
1701 565 1731 605 a
1754 551 1873 604 loco
1912 548 1990 602 sic
2019 553 2262 600 vocatur.

684 659 866 717 Viden’
886 657 1048 714 etiam
1072 655 1371 722 Apollinem
1396 663 1517 706 esse
1543 647 1839 702 daemonem
1857 642 1880 694 ?
1900 651 1953 698 et
1971 639 2094 710 quia
2115 637 2262 690 vole-

674 730 775 808 ‘bat
813 753 932 807 illos
974 752 1025 804 in
1055 745 1377 802 tentationes
1405 741 1642 812 injicere,
1683 747 1742 792 ut
1771 734 1937 805 magis
1985 731 2259 793 excitaret,

677 846 745 900 ad
767 845 870 899 hoc
897 838 1223 911 loquendum
1253 834 1479 890 induxit.

746 937 800 990 2.
832 934 877 988 Ο
899 933 1149 993 sceleste,
1178 937 1233 983 et
1261 923 1673 981 scelestissimel
1725 919 1783 975 Si
1829 931 1954 988 ergo
1983 913 2120 970 nOsti
2143 912 2262 966 illos

678 1031 821 1082 viam
846 1023 1035 1081 salutis
1061 1021 1395 1084 annuntiare,
1430 1031 1525 1072 cur
1571 1029 1677 1069 non
1725 1009 1997 1082 egrederis
2036 1002 2262 1061 lubens?

677 1121 784 1176 Sed
817 1119 1044 1188 idipsum
1069 1112 1212 1184 quod
1240 1112 1424 1168 Simon
1454 1108 1685 1173 volebat,
1729 1119 1850 1159 cum
1878 1101 2103 1165 diceret,
2133 1095 2262 1150 Date

677 1212 821 1275 mihi,
853 1219 906 1262 ut
931 1209 1011 1261 cui
1032 1208 1320 1274 imposuere
1367 1216 1570 1263 atauus,
1599 1197 1813 1268 accipiat
1840 1193 2090 1263 Spiritum
2136 1206 2258 1242 san-

674 1313 806 1355 ctum
832 1299 851 1374 (
869 1300 981 1354 Act.
1008 1303 1061 1353 8.
1096 1297 1203 1368 l9)
1230 1313 1242 1349 :
1279 1295 1376 1348 hoc
1405 1301 1460 1347 et
1487 1292 1588 1346 iste
1614 1288 1873 1344 faciebat:
1897 1285 2021 1354 quia
2047 1280 2261 1336 videbat

673 1395 793 1448 illos
837 1391 1116 1458 celebrari,
1176 1389 1249 1443 ita
1281 1386 1520 1450 simulat,
1553 1383 1654 1438 hac
1695 1381 1898 1436 ratione
1946 1390 2171 1448 sperans
2199 1390 2257 1430 se

672 1484 1074 1558 relinquendum
1105 1497 1225 1539 esse
1259 1481 1312 1534 in
1339 1493 1586 1549 corpore,
1636 1477 1680 1529 si
1710 1475 1894 1529 eadem
1922 1471 2252 1544 praedicaret.

669 1583 726 1636 Si
768 1595 896 1635 vero
933 1578 1072 1648 apud
1123 1576 1392 1629 hominem
1450 1572 1568 1626 Non
1595 1581 1668 1626 est
1698 1571 1924 1641 speciosa
1961 1569 2070 1621 laus
2091 1569 2143 1620 in
2171 1581 2257 1619 ore

671 1673 946 1742 peccatoris
976 1663 1182 1741 (Ecclt'.
1205 1667 1291 1722 15.
1326 1666 1423 1738 9),
1454 1665 1623 1719 multo
1671 1663 1840 1733 magis
1885 1662 2024 1731 apud
2049 1661 2254 1714 daemo-

671 1781 791 1821 nem
827 1783 839 1818 :
871 1765 913 1819 si
941 1764 1010 1818 ab
1037 1761 1340 1816 hominibus
1365 1759 1724 1816 testimonium
1753 1772 1858 1811 non
1887 1752 2255 1824 accipitChri.

667 1870 802 1925 stus,
835 1873 932 1912 nec
961 1873 992 1911 a
1020 1855 1257 1920 Joanne;
1289 1855 1455 1908 multo
1476 1854 1656 1908 minus
1679 1866 1710 1906 a
1755 1849 2019 1904 daemone.
2051 1844 2252 1901 Prandi-

667 1969 792 2009 care
812 1954 952 2007 enim
977 1967 1082 2005 non
1110 1962 1192 2007 εει
1219 1949 1514 2013 hominum,
1541 1946 1636 2002 sed
1658 1945 1886 2015 Spiritus
1907 1944 2095 1997 sancti.
2121 1940 2251 2007 Quia

669 2049 827 2118 igitur
850 2055 1160 2115 arroganter
1187 2044 1450 2098 faciebant
1472 2042 1788 2107 clamantes,
1806 2037 2042 2092 clamore
2063 2049 2120 2090 se
2143 2043 2256 2089 stu-

673 2157 855 2208 porem
918 2139 1176 2192 allaturos
1232 2135 1540 2206 sperabant,
1596 2133 1879 2188 dicentes:
1915 2128 1986 2182 Hi
2027 2129 2253 2181 [contines

665 2234 960 2288 conturbant
981 2233 1229 2286 civitatem
1250 2241 1493 2284 nostram.
1518 2227 1658 2296 Quid
1679 2226 1850 2282 dicis?
1871 2224 2118 2281 credisne
2139 2224 2248 2278 da:-

667 2328 854 2381 moni?
883 2343 978 2382 cur
1008 2342 1111 2380 non
1139 2326 1223 2379 hic
1257 2324 1417 2379 etiam
1447 2323 1662 2379 credis?
1689 2322 1783 2376 ille
1812 2319 1959 2384 dicit,
1991 2318 2135 2373 Servi
2155 2316 2252 2370 Dei

664 2421 933 2482 altissimi;
962 2428 1016 2473 tu
1047 2418 1203 2484 dicis,
1234 2417 1544 2471 Conturbant
1594 2416 1844 2468 civitatem
1873 2423 2137 2468 nostram:
2163 2412 2251 2465 ille

665 2511 812 2576 1111-11,
832 2511 1145 2562 Annuntiant
1167 2509 1308 2561 nobis
1338 2508 1469 2561 viam
1493 2505 1703 2571 salutis;
1728 2514 1782 2559 tu
1801 2504 2094 2571 verodicis,
2113 2501 2250 2556 Tra-

667 2603 789 2655 dunt
817 2601 958 2654 nobis
1000 2617 1181 2666 mores,
1233 2614 1357 2667 quos
1402 2614 1505 2651 non
1533 2597 1645 2650 licet
1672 2597 1941 2664 suscipere.
1971 2593 2105 2648 Vide
2133 2593 2251 2647 illos

664 2709 836 2763 neque
861 2693 1090 2747 dicmoni
1115 2705 1274 2745 aures
1297 2688 1616 2758 prmbentes,
1644 2687 1737 2741 sed
1765 2701 1922 2741 uuam
1947 2693 2249 2754 spectantes

662 2784 958 2838 avaritiam.
987 2782 1294 2846 Traxerunt,
1328 2780 1516 2848 inquit,
1551 2794 1633 2833 eos
1671 2779 1722 2830 in
1770 2776 2029 2847 [οι-11111οά
2056 2775 2250 2845 princi-

663 2892 746 2944 pes
781 2885 869 2927 :et
899 2873 1118 2927 cucurrit
1145 2872 1280 2942 plebs
1309 2871 1545 2924 adversus
1575 2885 1678 2923 eos.
1709 2868 1842 2923 Vide
1874 2867 1992 2922 illos
2019 2883 2123 2920 non
2157 2882 2244 2920 re-

661 2966 925 3038 spondere
953 2980 1050 3020 nec
1081 2980 1198 3020 sese
1226 2979 1456 3034 purgare
1479 2980 1494 3028 ;
1547 2973 1603 3016 ut
1625 2962 1830 3029 majore
1849 2961 1956 3015 sint
1983 2960 2126 3028 digni
2152 2960 2246 3012 ad-

663 3060 960 3115 miratione.
991 3059 1123 3113 Nam
1165 3058 1260 3124 ait,
1313 3057 1438 3110 Cum
1471 3057 1722 3124 inﬁrmor,
1771 3066 1886 3108 tum:
1911 3063 2086 3124 potens
2110 3070 2243 3107 sum.

663 3155 858 3223 Suﬁicit
885 3153 969 3206 tibi
995 3153 1159 3223 gratia
1207 3167 1346 3215 mea;
1378 3166 1496 3204 nam
1553 3150 1710 3203 virtus
1739 3164 1850 3201 mea
1879 3150 1931 3202 in
1957 3148 2247 3215 inﬁrmitate

663 3247 915 3314 perﬁcitur
937 3244 1024 3315 (9.
1049 3243 1167 3298 Cor.
1198 3244 1285 3297 l2.
1317 3243 1384 3298 10
1427 3253 1474 3296 et
1515 3241 1548 3297 9
1568 3241 1614 3312 ).
1639 3242 1820 3310 Itaque
1849 3257 1914 3295 ex
1940 3250 2245 3294 mansuetu-

659 3339 784 3392 dine
813 3336 1153 3390 admirabiles
1182 3343 1355 3389 erant.
1397 3334 1606 3403 Quanto
1649 3332 1958 3402 diligentior
1997 3332 2241 3385 custodia

658 3440 791 3495 erat,
822 3440 964 3484 tanto
991 3429 1301 3482 miraculum
1342 3426 1690 3497 splendidius.
1721 3425 1970 3480 Fortasse
1995 3425 2072 3479 sic
2092 3425 2237 3479 sedi-

658 3531 853 3582 tionem
901 3527 1090 3582 sedare
1145 3525 1414 3578 volebant.
1463 3522 1597 3588 Quia
1648 3521 1896 3577 videbant
1953 3522 2237 3575 instantem

660 3621 884 3683 turbam,
908 3619 1072 3689 plagis
1089 3617 1300 3688 quidem
1329 3619 1378 3670 in
1407 3615 1657 3686 praesenti
1684 3613 1916 3669 furorem
1939 3616 2126 3668 sistere
2147 3629 2240 3666 vo-

656 3714 861 3777 lebant;
894 3729 1012 3766 cum
1045 3723 1220 3766 autem
1263 3713 1312 3764 in
1345 3707 1992 3778 carcerem'conjecerunt
2020 3717 2074 3760 et
2102 3722 2236 3776 pra:-

654 3814 907 3875 ceperunt
932 3813 1177 3857 accurate
1219 3803 1442 3865 servari,
1474 3816 1687 3854 causam
1747 3802 1934 3855 audire
1965 3801 2235 3854 volebant.

660 3901 720 3951 Iz‘t
751 3899 949 3953 strinxit
979 3900 1134 3968 ligno,
1161 3898 1369 3965 inquit;
1399 3911 1460 3948 ac
1490 3896 1532 3949 si
1562 3895 1785 3959 diceret,
1820 3895 1869 3946 in
1897 3892 2238 3960 nervo.Quot

654 3991 897 4061 lacrymis
915 3991 1069 4058 digna
1094 3999 1237 4054 sunt,
1264 4004 1382 4057 qum
1405 4004 1544 4041 nunc
1575 3989 1840 4058 aguntur?
1868 3987 1943 4041 1111
1974 3988 2108 4039 mala
2141 4001 2235 4054 pa-

651 4084 933 4146 tiebantur,
960 4097 1055 4134 nos
1076 4081 1125 4133 in
1150 4081 1595 4150 deliciisagimus,
1619 4094 1714 4132 n0s
1733 4079 1783 4132 in
1814 4080 2056 4134 theatris.
2083 4080 2233 4135 Umle

650 4175 907 4241 pernicies
954 4173 1145 4227 accidit
1166 4180 1220 4227 et
1242 4173 1652 4242 sulnncrgimur,
1679 4173 1801 4226 dum
1821 4173 2051 4242 quietem
2075 4174 2232 4226 undi-

648 4285 749 4336 que
777 4269 1085 4336 qnmrimus,
1120 4281 1218 4320 nec
1249 4282 1344 4334 pro
1370 4267 1585 4320 Christo
1615 4267 1858 4320 volumus
1881 4267 1962 4320 vel
1992 4267 2231 4321 convicia

646 4361 929 4423 sustinere,
958 4360 1040 4412 vel
1068 4360 1227 4413 etiam
1258 4360 1438 4413 verba.
1462 4359 1585 4412 ilice
1614 4357 1918 4428 frequenter
1946 4359 1998 4412 in
2031 4375 2233 4415 memo-

647 4456 778 4506 iiam
830 4468 1162 4518 rcvocemus,
1207 4455 1465 4514 obsecro,
1513 4461 1709 4522 quanta
1762 4454 1836 4506 illi
1889 4454 2026 4522 passi
2083 4455 2225 4517 sint,

645 4557 835 4615 quanta
867 4547 1234 4612 sustinuerint,
1264 4547 1532 4616 quomodo
1562 4562 1659 4600 nec
1682 4546 1896 4610 turbati,
1924 4562 2019 4600 nec
2041 4546 2225 4599 olli-nsi

645 4641 768 4690 sint.
801 4640 893 4692 Dei
920 4653 1051 4705 opus
1081 4640 1528 4706 exsequebantur,
1554 4648 1607 4692 et
1634 4638 1748 4692 inme
1775 4641 1912 4707 passi
1943 4649 2085 4692 sunt.
2109 4638 2225 4693 Non

644 4730 890 4783 ι111;‹·1,1ῃηι
920 4747 929 4780 :
964 4730 1069 4780 Cur
1101 4731 1198 4782 hoc
1223 4730 1589 4797 pratdieamus,
1618 4745 1714 4784 nec
1743 4730 1897 4784 nobis
1920 4731 2224 4799 praesidium

643 4824 793 4874 .itl'crt
853 4822 1030 4873 licus?
1087 4820 1190 4873 Sed
1242 4831 1293 4873 et
1347 4822 1446 4874 hoc
1491 4821 1594 4876 illis
1634 4822 1905 4891 proderat,
1940 4833 1993 4875 et
2023 4823 2223 4892 absque

643 4935 737 4978 μμυ
781 4932 842 4966 ex
895 4915 1004 4982 ipsa
1047 4929 1106 4967 re
1163 4914 1548 4966 constantiores
1595 4913 1881 4979 reddebat,
1935 4917 2219 4980 fortiores,

646 5007 1040 5060 illl“(‘.rl=.‘llilttS.
1091 5005 1364 5059 Tribulatio
1387 5047 1403 5074 ,
1436 5006 1640 5074 inquit,
1670 5008 1959 5076 patientiam
1985 5020 2222 5062 oneratur

643 5104 826 5154 flium.
865 5102 914 5148 ῗ1.
950 5100 1037 5162 -1

717 5193 852 5241 Nihil
883 5193 1104 5243 titttlti‘tlts
1134 5191 1395 5241 αἱρεομ-
1413 5189 1506 5250 Ne,
1527 5205 1729 5258 qnmso,
1755 5190 1950 5244 fluxam
1972 5201 2024 5245 et
2050 5193 2220 5246 disso-

643 5287 801 5335 intain
833 5300 1126 5350 qnzcrannis
1161 5283 1339 5333 vitam.
1370 5281 1436 5335 Ut
1480 5282 1621 5333 enim
1671 5282 1756 5336 hic
1795 5282 1985 5353 duplex
2019 5284 2215 5340 bonum

639 5391 739 5436 rsl,
773 5377 909 5444 qttutl
945 5378 1186 5428 fortiores
1231 5380 1358 5428 fiant
1378 5419 1390 5439 ,
1418 5387 1469 5428 et
1497 5377 1635 5444 quod
1667 5392 1853 5445 magna
1882 5379 1951 5431 sit
1979 5395 2212 5434 merces:

639 5487 708 5521 με
735 5470 800 5520 1111
827 5469 1018 5534 duplex
1042 5470 1259 5531 malum,
1282 5469 1419 5536 quod
1448 5469 1712 5523 molliores
1729 5473 1973 5536 evadant,
1997 5484 2046 5526 et
2076 5475 2214 5542 quod

640 5565 697 5612 .i.l
733 5562 929 5612 nullam
957 5561 1253 5623 utilitatem,
1282 5561 1372 5611 sed
1399 5562 1446 5613 in
1476 5563 1692 5616 malum.
1721 5565 1856 5618 Nihil
1887 5568 2026 5619 enim
2053 5566 2216 5621 inuti—

641 5666 735 5706 litis
784 5654 1014 5713 homine,
1047 5653 1132 5719 qui
1183 5655 1231 5703 in
1270 5665 1378 5704 otio
1422 5666 1475 5706 et
1516 5654 1720 5708 deliciis
1763 5670 1928 5709 totum
1976 5662 2217 5729 transigit

643 5757 864 5810 ifilllpllS.
921 5743 1028 5804 Vir,
1063 5745 1251 5811 inquit,
1287 5761 1387 5796 non
1423 5748 1695 5813 probatus,
1727 5751 1885 5800 etiam
1915 5752 2210 5819 reprobus:

636 5852 655 5887 1·
698 5835 914 5904 probus,
939 5852 1041 5890 non
1071 5853 1122 5889 tu
1157 5839 1236 5892 his
1265 5848 1461 5891 tantum
1497 5842 1899 5908 certaminibus,
1933 5844 2022 5897 sed
2057 5846 2215 5899 etiam

1376 352 1414 409 s
1475 344 1752 406 JOANNIS
1773 337 2252 401 cunrsosrom
2305 335 2620 394 ARCHIEP.
2652 338 3186 396 consumerer.
3860 338 3952 398 (λςὺ

2375 453 2425 505 i-n
2453 453 2572 508 aliis
2599 454 2870 509 omnibus.
2930 455 3036 510 Res
3077 464 3161 510 est
3205 453 3403 509 inutilis
3449 453 3700 508 desidia:
3735 455 3951 524 atquein

2372 545 2500 615 ipsis
2543 544 2753 599 deliciis
2792 545 2920 599 nihil
2951 546 3020 600 ita
3051 547 3220 600 fructu
3263 561 3451 600 carens
3495 555 3553 598 ut
3594 545 3836 599 deliciari
3867 541 3948 598 :id

2371 638 2512 693 enim
2553 637 2822 692 fastidium
2848 638 3003 707 parit.
3044 637 3227 709 Neque
3260 647 3402 692 tanta
3435 647 3517 692 est
3542 637 3789 692 ciborum
3818 637 3949 692 desi-

2368 731 2576 802 diaeque
2614 731 2890 801 voluptas;
2923 731 3018 786 sed
3049 731 3228 786 omnia
3271 731 3510 787 defluunt
3539 742 3593 786 et
3616 731 3856 785 avolant.
3884 730 3948 788 Nc

2369 823 2505 878 hanc
2546 838 2868 894 qumramus.
2915 821 2972 879 Si
3017 825 3162 879 enim
3208 824 3550 880 considerare
3596 823 3950 890 voluerimus,

2368 927 2487 972 uter
2514 918 2730 971 suavius
2756 927 2895 987 agat,
2929 915 3018 987 qui
3049 917 3259 972 laborat
3284 924 3338 970 et
3363 916 3414 969 in
3443 917 3698 970 aerumnis
3719 915 3868 982 vivit,
3892 931 3952 970 an

2366 1009 2455 1079 qui
2481 1009 2764 1064 deliciator
2797 1027 2810 1063 :
2845 1009 2993 1063 illum
3022 1009 3239 1062 suavius
3265 1009 3442 1062 vivere
3466 1008 3950 1078 deprehendemus.

2366 1100 2496 1155 Nam
2541 1101 2714 1170 primo
2742 1101 2885 1156 illius
2914 1113 3108 1170 corpus
3133 1115 3329 1155 enerve
3357 1109 3410 1155 et
3438 1101 3677 1169 ineptum
3710 1111 3795 1156 est
3822 1118 3835 1153 :
3863 1100 3952 1154 de-

2365 1192 2486 1248 inde
2515 1193 2758 1262 corporis
2783 1207 2974 1247 sensus
2997 1210 3102 1247 non
3127 1202 3253 1247 sunt
3277 1193 3469 1248 sinceri
3495 1209 3671 1263 neque
3693 1193 3837 1260 sani,
3868 1194 3954 1247 sed

2365 1287 2553 1342 molles
2579 1296 2633 1342 et
2659 1286 2890 1356 languidi
2917 1304 2933 1353 ;
2965 1287 3052 1342 ubi
3085 1302 3212 1342 vero
3237 1287 3314 1342 sic
3340 1303 3427 1343 res
3455 1287 3636 1354 habet,
3668 1304 3848 1360 neque
3871 1304 3955 1342 sa-

2361 1382 2544 1436 nitatis
2573 1381 2819 1451 voluptas
2847 1391 3091 1451 apparet.
3141 1381 3272 1447 Quis
3301 1396 3472 1452 equus
3503 1381 3668 1448 utilis,
3705 1383 3798 1452 qui
3825 1382 3957 1437 deli-

2361 1478 2531 1534 ciator
2567 1494 2633 1532 an
2676 1478 2763 1548 qui
2790 1476 3114 1533 exercetur?
3143 1493 3261 1547 quae
3303 1479 3473 1541 navis,
3503 1494 3620 1548 qua:
3648 1479 3871 1549 navigat
3892 1493 3955 1530 an

2359 1587 2479 1642 qum
2513 1571 2747 1626 otiatur?
2785 1587 2904 1641 qua:
2930 1586 3097 1640 aqua,
3136 1587 3255 1640 qua:
3284 1570 3400 1626 ﬂuit
3427 1587 3493 1623 an
3523 1587 3643 1640 qua!
3685 1571 3956 1640 quiescit?

2359 1666 2501 1737 quod
2534 1664 2755 1732 ferrum,
2787 1666 2929 1736 quod
2957 1675 3201 1720 movetur
3226 1680 3294 1730 an
3325 1665 3467 1735 quod
3497 1663 3633 1719 nihil
3661 1663 3958 1733 operatur?

2358 1775 2535 1815 annon
2565 1759 2695 1816 illud
2725 1760 2940 1830 quidem
2968 1759 3248 1829 splendet,
3303 1769 3354 1815 et
3381 1770 3604 1830 argento
3634 1760 3818 1815 simile
3847 1772 3953 1825 est;

2360 1857 2463 1914 hoc
2491 1866 2668 1912 autem
2699 1855 2942 1926 rubigine
2966 1856 3334 1921 consumitur,
3366 1863 3422 1910 et
3451 1855 3636 1910 inutile
3663 1866 3771 1920 est,
3800 1867 3953 1925 atque

2358 1964 2425 2005 ex
2451 1949 2672 2004 materia
2699 1963 2792 2003 sua
2822 1947 3093 2019 quidpiam
3124 1948 3360 2002 amittit?
3403 1947 3531 2003 Tale
3559 1948 3839 2019 quidpiam
3865 1963 3951 2002 ac-

2357 2043 2487 2099 cidit
2513 2045 2702 2098 otiosze
2727 2043 2922 2097 anima:
2951 2059 2964 2095 :
3000 2041 3191 2111 rubigo
3211 2039 3462 2111 quaedam
3496 2041 3641 2095 illam
3671 2042 3949 2111 pervadit,

2357 2147 2411 2194 et
2439 2137 2779 2208 splendorem
2819 2137 3056 2192 corrodit
3094 2145 3396 2206 emteraque
3438 2135 3639 2189 omnia.
3688 2136 3806 2204 Qua
3844 2148 3952 2190 arte

2356 2231 2475 2300 quis
2503 2231 2640 2286 hanc
2666 2230 2962 2300 rubiginem
2989 2230 3346 2286 absterserit?
3376 2228 3766 2284 Erumnarum
3794 2239 3948 2286 cote:

2357 2323 2464 2376 illae
2486 2322 2668 2377 utilem
2695 2321 2928 2378 reddunt
2949 2323 3178 2376 animam
3202 2325 3326 2376 etin
3355 2321 3602 2375 euntibus
3621 2322 3946 2391 expeditam.

2355 2412 2635 2481 Quomodo
2664 2413 2830 2478 enim,
2859 2427 3061 2483 qureso,
3087 2413 3282 2482 poterit
3309 2410 3768 2478 vitia‘succidere,
3795 2412 3950 2467 hebe-

2355 2516 2461 2562 tata
2488 2508 2622 2572 acie,
2648 2515 2702 2562 et
2728 2508 2876 2577 quasi
2901 2507 3173 2576 plumbum
3199 2505 3433 2561 reﬂexa?
3457 2506 3738 2576 quomodo
3760 2504 3945 2561 diabo-

2353 2602 2461 2656 lum
2484 2600 2796 2657 confodiet?
2822 2603 2904 2656 cui
2931 2616 3035 2655 non
3059 2609 3141 2654 est
3163 2601 3404 2669 ingratus
3429 2598 3592 2653 homo
3613 2599 3706 2670 qui
3735 2599 3947 2670 pingue-

2353 2693 2463 2747 dini
2490 2692 2687 2759 studet,
2716 2707 2778 2746 ac
2807 2692 2951 2746 velut
2982 2691 3151 2761 pboca
3184 2689 3448 2742 trahitur?

2423 2786 2475 2840 5.
2507 2784 2674 2838 Lauta
2701 2801 2870 2838 "tensa
2899 2784 3228 2855 vituperatur.
3252 2813 3321 2822 —
3343 2781 3460 2837 Non
3489 2781 3592 2837 hoc
3617 2782 3745 2836 dico
3772 2782 3840 2838 de
3867 2783 3943 2846 iis,

2349 2877 2440 2947 qui
2459 2887 2644 2931 natura
2668 2876 2805 2930 tales
2826 2885 2969 2941 sunt,
2993 2874 3085 2930 sed
3110 2874 3175 2928 de
3196 2875 3278 2939 iis,
3292 2874 3379 2943 qui
3398 2889 3461 2927 ex
3479 2873 3725 2928 ciborum
3749 2874 3946 2931 deliciis

2352 2970 2475 3025 talia
2522 2970 2622 3025 sibi
2667 2983 2891 3038 corpora
2934 2976 3146 3038 parant,
3177 2983 3298 3022 cum
3348 2976 3537 3020 natura
3580 2982 3678 3020 sua
3725 2967 3944 3037 graciles

2348 3075 2549 3121 essent.
2577 3066 2735 3120 Ortus
2757 3074 2839 3121 est
2860 3065 2962 3131 sol,
2986 3064 3162 3119 radios
3187 3064 3382 3135 ubique
3403 3063 3722 3133 splendidos
3742 3064 3943 3130 eﬁ‘udit,

2349 3158 2588 3228 singulos
2629 3157 2698 3213 ad
2739 3172 2900 3227 opera
2939 3157 3233 3213 excitavit:
3265 3157 3495 3227 agricola
3522 3168 3744 3225 Sumpto
3779 3158 3945 3228 ligone

2348 3251 2489 3314 exit,
2523 3249 2743 3302 mrarius
2774 3248 3022 3303 malleum
3053 3247 3411 3319 apprehendit
3433 3289 3448 3310 ,
3477 3249 3677 3318 singuli
3708 3251 3940 3305 artiﬁces

2346 3357 2465 3408 qua:
2488 3341 2587 3394 sibi
2611 3349 2938 3410 congruunt;
2961 3350 3016 3395 et
3036 3356 3302 3410 quemque
3325 3341 3569 3396 invenies
3591 3342 3940 3397 instrumenta

2346 3447 2439 3487 sua
2470 3441 2816 3498 tractantem;
2844 3433 3037 3487 mulier
3091 3434 3270 3487 colum
3301 3433 3385 3488 vel
3419 3444 3686 3489 texturam
3723 3436 3937 3505 arripit:

2346 3525 2437 3579 illc
2465 3535 2642 3578 autem
2684 3539 2894 3579 summo
2944 3540 3100 3580 mane
3124 3526 3275 3596 quasi
3309 3541 3500 3595 porcus
3523 3527 3590 3580 ad
3618 3530 3939 3596 pascendum

2343 3626 2585 3670 ventrem
2618 3618 2757 3682 exit,
2791 3633 3038 3685 qurerens
3068 3617 3340 3688 quomodo
3371 3618 3569 3672 lautam
3603 3631 3763 3689 paret
3792 3638 3934 3676 nien-

2344 3725 2478 3762 sam.
2533 3710 2704 3778 Atqui'
2742 3709 3026 3764 111-1110111111
3067 3719 3149 3765 est
3190 3719 3396 3764 tantum
3441 3727 3473 3764 a
3522 3728 3740 3766 summo
3791 3730 3937 3769 mane

2342 3801 2516 3856 cibum
2545 3802 2716 3867 adire,
2741 3804 2862 3870 quia
2889 3802 2955 3855 ad
2988 3803 3122 3856 nihil
3155 3803 3301 3857 utilia
3333 3812 3480 3869 sunt,
3511 3804 3613 3858 nisi
3640 3805 3710 3860 ad
3745 3818 3938 3862 macta-

2346 3893 2563 3947 tionem.
2615 3892 2708 3946 11111
2742 3908 2868 3947 vero
2895 3909 3012 3962 qua:
3060 3893 3223 3948 dorso
3267 3905 3511 3964 gestant,
3543 3905 3598 3950 et
3629 3899 3784 3967 operi
3822 3907 3938 3966 apta

2342 3997 2493 4050 sunt,
2547 3986 2657 4055 ipsa
2707 4002 2916 4055 quoque
2965 3996 3124 4041 noctu
3153 3987 3216 4040 ad
3249 4002 3386 4058 Opus
3410 3989 3790 4059 egrediuntur.
3846 3991 3940 4046 llic

2339 4091 2516 4133 autem
2547 4097 2574 4132 a
2607 4081 2744 4133 lecto
2769 4096 3012 4150 surgens,
3046 4082 3159 4136 sole
3186 4080 3360 4136 forum
3389 4083 3656 4151 replente,
3682 4095 3739 4139 et
3768 4088 3909 4140 omni

2339 4173 2436 4225 bus
2470 4173 2648 4226 labore
2676 4175 2900 4238 satiatis,
2933 4175 3102 4242 surgit
3129 4190 3187 4228 se
3217 4174 3528 4230 distendens
3556 4179 3712 4245 quasi
3745 4194 3933 4248 porcus

2337 4265 2629 4332 saginatus,
2657 4275 2936 4332 postquam
2973 4266 3228 4334 optimam
3256 4265 3360 4320 diei
3387 4277 3593 4335 partem
3618 4269 3672 4323 in
3702 4270 3932 4325 tenebris

2338 4358 2689 4425 consumpsit.
2735 4357 2934 4412 Deinde
2983 4360 3148 4412 multo
3180 4368 3422 4429 tempore
3471 4361 3522 4414 in
3563 4361 3706 4416 lecto
3745 4362 3925 4426 sedet,

2338 4465 2435 4502 nec
2501 4451 2637 4503 ferre
2689 4460 2862 4520 potest
2914 4465 3058 4519 sirpe
3104 4453 3461 4522 vespertinam
3501 4456 3818 4525 crapulam,
3881 4461 3927 4511 in

2339 4541 2421 4594 his
2455 4552 2772 4612 consumpta
2801 4545 3028 4597 maxima
3083 4547 3340 4614 temporis
3395 4557 3566 4616 parte.
3626 4548 3761 4604 lliuc
3813 4564 3926 4604 sese

2335 4647 2586 4700 exornat,
2621 4645 2672 4690 et
2704 4637 2943 4705 procedit
2975 4639 3318 4708 turpitudinis
3355 4643 3761 4709 spectaculum,
3799 4643 3926 4697 nihil

2335 4725 2538 4780 habens
2592 4728 2857 4793 hominis,
2910 4729 3002 4783 scd
3051 4729 3229 4783 omnia
3273 4731 3666 4787 hominiformis
3712 4719 3912 4789 bestia»

2331 4826 2471 4879 oculi
2523 4826 2769 4895 lippiunt,
2805 4828 3078 4879 vinum‘os
3105 4828 3232 4891 olet,
3271 4828 3462 4881 misera
3493 4829 3669 4883 anima
3694 4832 3848 4899 quasi
3874 4833 3923 4882 in

2330 4917 2525 4971 lectum
2558 4918 2798 4984 conjecta
2825 4919 2893 4972 ob
2922 4912 3121 4970 illatam
3154 4918 3270 4971 sine
3297 4918 3457 4972 modo
3485 4921 3726 4976 ciborum
3757 4924 3923 4976 sarci-

2332 5024 2475 5074 nam,
2505 5010 2681 5063 carnis
2723 5010 2933 5078 pondus
2961 5010 3348 5064 circumferens
3380 5015 3516 5065 sicut
3545 5013 3790 5081 elephas.
3827 5014 3923 5067 De~

2331 5103 2453 5156 inde
2480 5104 2696 5158 veniens
2725 5105 2774 5156 in
2806 5103 2937 5156 locis
2969 5104 3150 5167 sedet,
3181 5107 3409 5173 taliaque
3436 5105 3565 5161 dicit
3591 5116 3647 5162 et
3677 5105 3804 5161 facit
3828 5150 3841 5171 ,
3872 5117 3923 5160 ut

2329 5197 2517 5249 melius
2543 5204 2689 5250 esset
2717 5195 2952 5249 dormire
2983 5195 3126 5249 illum
3152 5239 3163 5259 ,
3189 5213 3344 5266 quam
3383 5198 3623 5266 vigilare.
3655 5200 3709 5253 Si
3740 5201 3916 5269 gravii

2329 5289 2656 5351 nuntientur,
2684 5287 2858 5356 puella
2877 5289 3062 5357 quavis
3089 5290 3302 5342 mollior
3327 5299 3445 5350 est;
3473 5291 3514 5342 si
3539 5293 3746 5355 suavia,
3770 5294 3914 5361 pucl-

2327 5382 2358 5433 li
2404 5380 2636 5449 cujusvis
2693 5381 2969 5433 tenerior:
3004 5380 3437 5449 frequentissime
3476 5385 3689 5437 oscitat.
3736 5385 3914 5440 Omni—

2325 5475 2420 5528 bus
2447 5483 2647 5543 prostat
2669 5473 2804 5527 mala
2825 5474 3017 5529 inferre
3039 5474 3364 5540 volentibus,
3389 5477 3431 5530 si
3459 5492 3560 5532 non
3588 5477 3915 5542 hominibus,

2326 5579 2469 5621 certe
2510 5565 2787 5621 affectibus
2825 5587 2837 5621 :
2869 5567 3024 5619 talem
3065 5566 3339 5622 hominem
3371 5566 3524 5624 facile
3551 5573 3791 5626 excitant
3819 5573 3913 5638 ira,

2323 5659 2750 5727 concupiscentia
2775 5700 2788 5720 ,
2822 5657 3016 5711 invidia
3042 5701 3055 5722 ,
3090 5657 3289 5712 omnia.
3342 5657 3544 5716 Omnes
3596 5662 3913 5728 adulantur,

2326 5768 2511 5806 omnes
2554 5751 2878 5816 ministrant,
2925 5753 3222 5806 molliorem
3268 5754 3428 5810 solito
3468 5754 3760 5812 reddentes
3799 5758 3913 5812 ani.

2332 5866 2466 5904 mam
2516 5868 2527 5902 :
2578 5859 2630 5903 ct
2673 5846 2905 5916 quotidie
2959 5846 3137 5918 prodit
3190 5863 3310 5902 cum
3363 5865 3548 5919 magna
3609 5853 3907 5907 ticixtssinuc
