4084 6332
143 387 247 445 257

144 524 343 581 morbi.
393 522 453 579 Si
481 523 537 579 in
565 520 899 593 negotiorum
926 516 1297 573 difficultatem
1325 514 1545 581 incidat,
1573 513 1748 586 pulvis

141 626 193 671 et
215 614 361 670 cinis
383 614 662 679 redditur;
708 610 950 678 nihilque
974 609 1024 665 ei
1050 608 1239 665 serica:
1279 616 1455 664 vestes
1494 618 1743 679 prosunt.

143 702 269 760 Haec
301 721 413 761 non
442 705 563 761 sine
587 716 750 758 causa
776 718 808 755 a
839 700 991 756 nobis
1016 699 1266 755 dicuntur
1290 740 1305 763 ,
1334 698 1429 754 sed
1457 706 1519 755 ut
1545 699 1746 755 docea-

140 814 282 866 uitis,
306 816 380 855 ne
402 800 523 871 quis
547 798 722 852 otiose
745 804 800 851 et
822 794 1080 851 inutiliter
1101 794 1263 847 vivat.
1311 790 1492 849 Otium
1518 807 1751 864 namque

141 902 196 949 et
223 892 441 948 delicia:
470 888 537 945 ad
568 904 703 959 opus
753 888 992 953 inutiles,
1024 885 1089 940 ad
1119 886 1345 957 gloriam
1394 884 1570 940 solum
1599 893 1654 939 et
1681 881 1748 937 ad

140 984 479 1054 voluptatem
508 990 653 1037 sunt.
712 979 993 1048 Quomodo
1022 993 1129 1034 non
1159 992 1349 1033 omnes
1380 978 1540 1032 talem
1572 976 1749 1031 homi-

140 1090 264 1130 nem
295 1073 602 1137 damnent,
633 1071 938 1137 domestici,
967 1070 1127 1125 amici
1152 1111 1167 1137 ,
1200 1068 1457 1139 cognati?
1479 1069 1601 1139 quis
1641 1080 1747 1121 non

138 1165 254 1235 iure
279 1162 464 1230 dicat,
494 1161 711 1218 Pondus
740 1170 901 1217 terra:
926 1160 1015 1215 hic
1039 1169 1147 1226 est,
1174 1158 1371 1213 frustm
1404 1157 1458 1213 in
1489 1156 1747 1213 mundum

142 1256 380 1328 prodiit;
409 1256 518 1311 imo
536 1271 643 1311 non
668 1253 887 1317 frustra,
917 1251 1015 1309 sed
1040 1253 1092 1307 in
1115 1251 1317 1306 malum
1347 1250 1539 1322 capitis
1564 1250 1670 1316 sui,
1694 1250 1746 1304 in

139 1348 442 1419 perniciem
485 1363 676 1415 suam,
715 1346 771 1401 in
814 1346 1068 1403 damnum
1125 1343 1400 1399 aliorum?
1452 1342 1579 1413 quid
1626 1342 1747 1399 dul-

140 1443 256 1498 cius
301 1441 417 1497 otio
482 1438 771 1496 videmus?
848 1437 979 1494 illud
1024 1437 1167 1492 enim
1220 1442 1307 1492 est
1354 1435 1498 1506 quod
1552 1434 1749 1505 quaeri-

139 1545 247 1601 tur,
299 1535 475 1591 otium
503 1542 561 1589 et
586 1531 819 1588 vacatio.
867 1530 936 1586 Et
963 1528 1091 1602 quid
1142 1528 1403 1599 ingratius
1441 1526 1602 1582 fuerit
1646 1526 1747 1582 ho-

138 1640 284 1682 mine
343 1624 479 1681 nihil
533 1622 771 1679 habente
820 1620 966 1694 quod
996 1619 1288 1693 operetur?
1336 1618 1465 1691 quid
1512 1617 1742 1684 foedius,

138 1714 265 1786 quid
319 1712 617 1771 miserius?
663 1726 842 1767 annon
875 1710 979 1767 hoc
1004 1709 1307 1766 innumeris
1332 1709 1488 1780 pejus
1516 1718 1600 1764 est
1624 1707 1746 1763 vin-

138 1809 295 1877 culis,
349 1810 586 1863 oscitare
621 1820 838 1876 semper
865 1804 920 1860 in
950 1803 1068 1859 foro
1094 1802 1397 1867 sedentem,
1424 1816 1490 1858 ac
1519 1810 1739 1872 praeter-

136 1910 331 1958 euntes
372 1898 657 1970 spectarei
706 1898 900 1953 Anima
940 1895 1142 1968 quippe
1168 1908 1238 1951 ex
1262 1902 1455 1950 natura
1503 1892 1740 1958 habens,

138 2002 196 2045 ut
213 2004 438 2062 semper
459 1996 758 2055 moveatur,
774 1988 1008 2059 quietem
1032 2002 1139 2042 non
1162 1988 1283 2043 fert.
1306 1984 1388 2041 Ad
1410 1984 1742 2055 operandam

138 2084 279 2142 Deus
308 2083 417 2141 hoc
442 2082 641 2140 animal
691 2082 817 2139 fecit
848 2103 863 2139 :
902 2079 1199 2138 secundum
1245 2088 1493 2135 naturam
1519 2077 1637 2148 ejus
1662 2087 1745 2133 est

136 2176 281 2248 quod
313 2184 606 2247 operetur,
634 2182 821 2231 contra
853 2184 1098 2229 naturam
1129 2171 1274 2244 quod
1300 2172 1372 2227 sit
1394 2172 1622 2226 otiosus.
1665 2168 1745 2225 Ne

136 2269 204 2322 ab
228 2268 392 2339 aegris
420 2284 535 2324 rem
566 2267 915 2339 exploremus
935 2308 951 2332 ,
977 2264 1073 2321 sed
1100 2264 1282 2335 operis
1310 2263 1739 2335 experimentum

1076 400 1143 458 IN
1183 399 1367 459 ACTA
1407 396 1940 459 APOSTOLOBUM.
1981 396 2214 454 HOMIL.
2259 394 2501 455 XXXVI.

3352 398 3461 456 258

1854 516 2151 585 capiamus.
2206 514 2350 573 Nihil
2399 516 2549 586 otio,
2581 515 2716 573 nihil
2767 515 2973 574 desidia
3021 514 3461 575 deteriuszideo

1858 609 2015 665 nobis
2037 608 2177 666 Deus
2196 591 2475 666 laborandi
2496 609 2874 667 necessitatem
2898 610 3176 681 imposuit.
3195 608 3463 667 Omnibus

1856 704 2057 773 quippe
2086 710 2246 759 nocet
2271 704 2465 770 otium,
2492 702 2733 772 ipsisque
2752 702 2998 772 corporis
3019 702 3298 757 membris.
3324 700 3461 757 Nam

1858 797 2047 853 oculus
2070 799 2115 851 si
2141 812 2249 852 non
2270 802 2543 866 operetur,
2567 795 2803 866 itemque
2828 810 2912 861 os,
2936 804 3125 853 venter
3148 805 3206 853 et
3229 794 3461 867 quodvis

1858 888 2162 943 membrum
2182 929 2198 955 ,
2228 888 2282 942 in
2310 897 2615 944 extremum
2661 887 2849 944 incidit
2877 889 3125 945 morbum
3157 906 3171 944 :
3201 889 3296 945 sed
3327 889 3463 945 nihil

1858 982 1930 1036 ita
1960 981 2146 1036 labore
2190 988 2316 1051 eget
2346 992 2406 1036 ut
2435 981 2635 1036 anima.
2668 981 2819 1038 Sicut
2846 992 3028 1038 autem
3055 983 3227 1039 otium
3258 983 3463 1038 malum

1857 1080 1962 1138 est,
1990 1071 2063 1127 ita
2092 1087 2308 1142 quoque
2332 1074 2580 1142 Operatio
2608 1088 2715 1128 non
2742 1089 3067 1145 congruens.
3095 1074 3464 1142 Quemadmo-

1858 1165 1986 1222 dum
2015 1167 2159 1224 enim
2206 1166 2253 1223 si
2305 1168 2426 1238 quis
2471 1182 2579 1223 non
2605 1167 2751 1235 edat,
2784 1169 2838 1224 in
2866 1168 3118 1225 dentibus
3144 1169 3388 1236 laeditur;
3416 1171 3464 1227 si

1858 1276 1979 1331 qum
2008 1275 2113 1316 non
2141 1271 2458 1331 competunt
2484 1262 2629 1328 edat,
2661 1270 2720 1317 ut
2744 1261 3136 1333 obstupescunt
3160 1262 3327 1320 efficit
3349 1280 3365 1319 :
3390 1264 3463 1319 ita

1858 1363 1914 1409 et
1943 1352 2065 1421 hic,
2098 1354 2214 1409 sive
2270 1370 2377 1408 non
2426 1363 2698 1426 operetur,
2734 1356 2849 1411 sive
2896 1368 3155 1426 operetur
3199 1372 3320 1428 qum
3352 1372 3460 1414 non

1856 1458 2105 1519 Oportet;
2122 1449 2230 1503 vim
2267 1448 2465 1504 amittit
2509 1463 2685 1504 suam.
2743 1449 2888 1520 Ergo
2932 1458 3223 1521 utrumque
3279 1451 3465 1523 fugere

1857 1542 2173 1597 studeamus
2196 1582 2213 1609 ,
2244 1551 2301 1596 et
2330 1541 2499 1595 otium
2530 1550 2586 1596 et
2610 1556 2747 1611 opus
2773 1542 2885 1596 otio
2910 1543 3148 1613 gravius.
3179 1542 3465 1612 Quodnam

1858 1633 1989 1690 illud
2018 1633 2139 1690 est?
2170 1633 2430 1697 Avaritia,
2464 1634 2566 1700 ira,
2599 1633 2817 1701 invidia,
2836 1635 3234 1704 contentiones,
3255 1638 3458 1708 czedes,

1856 1726 2257 1791 aemulationes,
2307 1734 2365 1781 et
2407 1725 2617 1796 reliqua
2646 1726 2796 1781 vitia.
2844 1726 2930 1782 Ab
2972 1725 3059 1782 his
3082 1743 3277 1786 vacare
3300 1729 3467 1787 debe-

1858 1834 2011 1887 mus,
2043 1827 2099 1875 et
2126 1819 2381 1874 virtutum
2410 1820 2780 1889 operationem
2825 1833 2951 1875 cum
2991 1822 3139 1877 omni
3184 1821 3467 1895 diligentia

1858 1914 2131 1985 persequi,
2176 1921 2237 1967 ut
2279 1913 2543 1983 promissa
2596 1926 2996 1983 consequamur
3050 1913 3233 1981 bona,
3287 1917 3459 1987 gratia

1855 2014 1912 2061 et
1951 2004 2282 2076 benignitate
2342 2003 2553 2059 Domini
2600 2003 2770 2059 nostri
2808 2002 2943 2061 Jesu
2986 2004 3214 2071 Christi,
3245 2008 3464 2077 quicum

1856 2102 2001 2159 Patri
2023 2110 2078 2157 et
2101 2099 2324 2172 Spiritui
2345 2108 2533 2154 sancto
2550 2098 2744 2170 gloria,
2766 2098 3075 2169 imperium,
3100 2098 3295 2167 honor,
3323 2082 3465 2158 nunc

1853 2204 1910 2252 et
1938 2208 2176 2265 semper,
2206 2199 2263 2249 et
2289 2191 2344 2248 in
2368 2191 2564 2249 saecula
2593 2191 2937 2248 saeculorum.
2984 2193 3180 2248 Amen.

1465 2430 1818 2493 HOMILIA
1860 2430 2167 2492 XXXVI.

137 2539 263 2595 Cu.
295 2538 387 2593 l6.
418 2552 470 2591 v.
502 2536 592 2592 25.
648 2535 823 2591 Media
878 2544 1048 2591 autem
1095 2544 1243 2589 nocte
1278 2533 1481 2589 Paulus
1512 2546 1559 2588 et
1604 2533 1747 2589 Silas

206 2642 413 2686 orantes
455 2629 734 2684 laudabant
796 2629 995 2693 Deut;
1034 2638 1081 2683 et
1118 2628 1393 2697 audiebant
1440 2645 1526 2683 eos
1559 2628 1736 2682 vincti.

207 2726 299 2780 26.
339 2724 523 2780 Subito
551 2740 668 2778 vero
697 2734 845 2778 teme
887 2732 1052 2778 motus
1094 2722 1262 2793 factus
1291 2732 1365 2776 est
1395 2737 1643 2792 magnus,
1675 2722 1749 2775 ita

210 2829 266 2872 ut
293 2831 612 2873 moverentur
651 2817 984 2887 fundamenta
1017 2816 1236 2870 carceris
1253 2831 1272 2870 :
1297 2825 1343 2869 et
1366 2816 1535 2869 statim
1562 2824 1744 2886 aperta

205 2920 328 2965 sunt
384 2912 556 2965 omnia
599 2910 766 2978 ostia,
816 2919 864 2964 ct
906 2909 1258 2964 universorum
1313 2908 1517 2962 uincula
1578 2906 1748 2962 soluta

208 3012 353 3058 sunt.

207 3114 261 3167 l.
290 3111 431 3182 Quid
456 3111 539 3167 his
562 3127 657 3182 par
680 3111 839 3167 fuerit
859 3109 1177 3166 animabus?
1208 3108 1384 3180 Virgis
1404 3109 1529 3165 ciesi
1553 3109 1748 3167 multas

139 3221 324 3276 plagas
366 3213 709 3276 acceperant,
740 3204 1100 3260 contumelias
1137 3212 1193 3259 et
1237 3212 1477 3259 extrema
1511 3205 1747 3274 pericula

137 3300 441 3366 subierant,
475 3300 526 3353 in
555 3298 701 3369 ligno
728 3300 889 3353 vincti
922 3306 1095 3362 erant,
1131 3296 1183 3351 in
1212 3312 1430 3351 carcere
1462 3298 1743 3351 interiori:

137 3403 188 3446 et
228 3407 298 3447 ne
328 3392 410 3446 sic
436 3391 653 3462 quidem
681 3406 931 3446 somnum
961 3406 1155 3460 capere
1191 3389 1465 3455 volebant,
1496 3390 1593 3445 sed
1624 3405 1746 3457 pcr-

138 3483 384 3552 vigilium
407 3482 656 3552 agebant.
682 3479 887 3536 Videtis
908 3489 1165 3552 quantum
1189 3481 1258 3534 sit
1284 3478 1501 3534 afictio
1524 3478 1748 3534 bonum?

140 3572 244 3628 Nos
285 3583 471 3628 autem
520 3574 572 3627 in
616 3573 869 3649 mollibus
910 3572 1063 3628 lectis
1088 3571 1208 3627 sine
1258 3572 1367 3625 ullo
1406 3581 1612 3626 terrore
1652 3586 1747 3641 per

142 3674 307 3718 totam
368 3664 667 3719 dormimus
715 3676 949 3720 noctem.
1008 3664 1171 3719 Forte
1229 3664 1350 3720 ideo
1406 3664 1743 3734 pervigilium

137 3758 392 3825 agebant,
446 3757 571 3827 quia
614 3757 715 3812 hoc
758 3758 811 3811 in
851 3765 995 3811 statu
1025 3765 1201 3812 erant.
1254 3755 1373 3810 Non
1407 3756 1529 3810 illos
1567 3758 1744 3811 somni

144 3849 397 3920 tyrannis
440 3849 602 3919 cepit,
650 3864 755 3903 non
796 3849 952 3903 dolor
992 3847 1218 3913 inflexit,
1252 3862 1358 3901 non
1411 3848 1572 3902 timor
1612 3863 1746 3903 con-

140 3949 418 3995 sternatos
447 3939 717 4006 reddidit;
760 3940 852 3995 sed
886 3940 1000 3994 lucc
1035 3939 1206 3994 multo
1247 3938 1417 4010 magis
1448 3938 1568 3994 illos
1602 3938 1748 3995 exci-

142 4032 354 4100 tabant,
398 4042 456 4087 et
499 4033 666 4087 multa
698 4030 981 4101 replebant
1023 4030 1318 4100 voluptate.
1368 4028 1547 4085 Media
1574 4040 1747 4084 autem

141 4134 308 4189 nocte,
378 4122 573 4193 inquit,
630 4133 836 4177 orantes
892 4122 1175 4177 laudabant
1220 4122 1425 4177 Deum:
1475 4122 1748 4176 audiebant

138 4226 304 4269 autem
346 4214 466 4268 illos
512 4215 685 4269 vineti.
736 4214 949 4270 Novum
981 4214 1128 4269 enim
1160 4222 1215 4269 et
1251 4214 1576 4284 stupendum
1608 4213 1747 4269 vide-

140 4305 292 4360 batur
315 4320 464 4361 esse.
490 4305 673 4361 Subito
696 4322 809 4360 vero
842 4316 990 4361 terrtc
1018 4314 1184 4360 motus
1214 4308 1381 4378 factus
1407 4315 1478 4361 est
1506 4322 1743 4377 magnus,

140 4398 209 4453 ita
233 4410 290 4452 at
319 4410 650 4455 moverentur
676 4400 1009 4472 fundamenta
1028 4400 1249 4454 carceris
1268 4414 1289 4453 :
1317 4409 1365 4453 et
1388 4400 1561 4454 statim
1590 4415 1744 4468 aper-

138 4500 187 4540 ta
206 4501 329 4545 sunt
375 4492 507 4546 ostia
532 4492 726 4559 omnia,
748 4502 798 4548 et
818 4493 1169 4547 uniuersorum
1188 4492 1391 4545 vincula
1412 4491 1581 4546 soluta
1600 4502 1741 4545 sunt.

138 4579 318 4639 Terra
364 4593 540 4639 motus
578 4583 748 4640 factus
784 4593 888 4651 est,
928 4584 1003 4641 ita
1030 4593 1089 4639 ut
1116 4593 1305 4640 custos
1344 4584 1676 4639 excitaretur
1707 4600 1737 4641 a

138 4690 330 4741 somno
352 4693 368 4743 ;
390 4687 445 4733 et
465 4678 602 4734 ostia
623 4687 809 4749 aperta
836 4688 985 4746 sunt,
1012 4678 1081 4733 ita
1105 4687 1271 4733 utres
1291 4688 1434 4733 esset
1452 4676 1739 4733 mirabilis.

139 4768 262 4824 Haec
288 4767 460 4824 vincti
492 4785 598 4824 non
632 4769 922 4835 videbant;
952 4769 1192 4840 alioquin
1225 4769 1491 4840 fugissent
1522 4783 1741 4825 omnes.

136 4859 222 4915 27.
260 4860 670 4933 Expergefactus
697 4872 866 4917 autem
889 4872 1079 4928 custos,
1108 4871 1155 4915 et
1180 4862 1353 4917 videns
1370 4862 1565 4933 januas
1592 4880 1745 4932 aper-

137 4963 210 5007 tas
251 4955 496 5022 carceris,
545 4956 811 5027 euaginato
859 4954 1035 5027 gladio
1080 4955 1277 5010 colebat
1323 4972 1378 5011 se
1423 4956 1735 5025 interficere,

137 5046 395 5102 a'stimarts
453 5048 646 5119 fugisse
698 5049 914 5103 cinctos.
962 5048 1055 5104 28.
1110 5046 1360 5104 Clamavit
1403 5060 1571 5104 autem
1622 5065 1741 5106 voce

139 5155 323 5209 magna
357 5140 576 5205 Paulus,
605 5141 779 5196 dicens
797 5157 816 5195 :
845 5140 997 5197 Nihil
1020 5141 1107 5196 tibi
1130 5144 1255 5197 mali
1275 5143 1456 5212 feceris
1474 5161 1492 5197 :
1515 5143 1739 5199 universi

137 5235 268 5287 enim
298 5235 385 5288 hic
408 5252 607 5289 sumus.
659 5236 970 5292 Admiratus
1008 5245 1092 5291 est
1140 5237 1307 5305 magis
1348 5237 1738 5309 benignitatem

138 5323 326 5381 Pauli:
354 5328 637 5398 obstupuit
668 5328 1059 5395 fortitudinem,
1092 5330 1234 5400 quod
1266 5345 1389 5385 cum
1412 5330 1596 5399 fugere
1626 5346 1741 5401 pos-

137 5427 239 5486 set,
270 5435 381 5474 non
432 5418 648 5490 fugerit,
680 5428 736 5475 et
761 5421 904 5491 quod
947 5422 1119 5491 ipsum
1162 5438 1192 5477 a
1221 5423 1369 5478 caede
1412 5423 1735 5479 cohibuerit.

138 5510 226 5566 29.
259 5511 433 5567 Petito
450 5523 618 5566 autem
645 5512 837 5567 lumine
856 5514 1195 5584 introgressus
1216 5526 1310 5582 est,
1336 5525 1383 5568 et
1414 5518 1739 5585 tremefactus

141 5605 357 5673 procidit
386 5614 507 5659 ante
548 5603 775 5659 Paulum
815 5616 861 5659 et
912 5606 1100 5673 Silam,
1134 5607 1223 5662 50.
1271 5619 1315 5661 et
1343 5608 1627 5677 producens
1656 5626 1739 5663 eos

139 5692 296 5763 foras,
328 5699 490 5751 dixit:
534 5696 763 5759 Domini.
792 5699 917 5767 quid
952 5716 1030 5754 me
1070 5711 1267 5768 oportet
1297 5704 1464 5772 facere
1492 5710 1545 5753 ut
1571 5701 1739 5755 salvus

139 5784 297 5845 am?
314 5788 503 5845 Viden
533 5800 729 5860 quanta
762 5792 911 5845 illum
942 5794 1149 5862 ceperit
1177 5792 1501 5848 admiratio?
1532 5795 1621 5849 3i.
1675 5796 1738 5847 At

138 5879 211 5933 illi
243 5882 515 5939 dixerunt:
558 5882 718 5940 Crede
761 5885 814 5940 in
854 5882 1133 5941 Dominum
1155 5885 1334 5942 Iesum
1377 5887 1656 5957 Christum,
1690 5897 1736 5944 et

1855 2534 2029 2589 salvus
2058 2534 2155 2587 eris
2186 2544 2241 2586 tu
2269 2542 2315 2587 et
2344 2533 2527 2588 domus
2554 2543 2663 2587 tua.
2697 2532 2788 2589 52.
2819 2533 2887 2589 Et
2914 2536 3110 2607 loquuti
3134 2550 3255 2593 sunt
3280 2541 3327 2594 ei
3354 2556 3468 2596 uer-

1857 2628 1974 2681 bum
2004 2624 2236 2691 Domini,
2270 2636 2316 2679 et
2345 2629 2582 2680 omnibus
2610 2628 2700 2695 qui
2727 2638 2874 2682 erant
2904 2630 2957 2684 in
2985 2632 3139 2685 domo
3165 2632 3295 2703 ejus.
3325 2633 3462 2699 Quia

1855 2718 2039 2774 statim
2082 2718 2285 2789 loquuti
2327 2728 2457 2773 sunt
2504 2718 2602 2785 illi,
2644 2719 2989 2776 declararunt
3035 2724 3462 2782 misericordiam

1856 2825 1980 2881 erga
2014 2811 2183 2866 illum.
2212 2811 2302 2866 33.
2324 2808 2394 2864 Et
2422 2812 2698 2882 assumptis
2722 2813 2829 2868 illis
2857 2814 2911 2867 in
2930 2797 3107 2869 eadem
3128 2816 3258 2870 liora
3278 2819 3463 2884 noctis,

1857 2904 1979 2959 lauit
2018 2906 2201 2976 plagas
2253 2921 2426 2959 eorum
2441 2923 2462 2960 .
2487 2914 2535 2959 et
2575 2906 2869 2980 baptizatus
2908 2917 2984 2962 est
3031 2910 3177 2977 ipse,
3206 2919 3255 2963 et
3296 2913 3467 2968 omnis

1856 2998 2040 3052 domus
2086 3000 2196 3068 ejus
2245 3000 2505 3053 continuo.
2540 2999 2629 3054 54.
2679 2998 2905 3071 Cumque
2937 3002 3256 3071 perduxisset
3282 3020 3368 3058 eos
3408 3010 3463 3059 in

1856 3092 2064 3147 domum
2091 3109 2257 3160 suam,
2285 3094 2528 3164 apposuit
2556 3110 2802 3159 mensam,
2831 3105 2879 3148 et
2904 3098 3173 3150 exsultauit
3200 3114 3319 3152 cum
3357 3109 3462 3154 tota

1857 3185 2009 3239 domo
2041 3187 2254 3241 credens
2295 3184 2423 3240 Deo.
2464 3185 2619 3241 Lavit
2645 3202 2758 3255 eos,
2797 3189 2950 3259 quasi
2995 3192 3227 3261 gratiam
3265 3208 3463 3264 repeno

1856 3278 2013 3346 dens,
2047 3289 2101 3335 et
2130 3280 2208 3335 sic
2241 3280 2696 3354 illos/lionorans.
2745 3282 2835 3339 35.
2882 3282 2950 3337 Et
2987 3302 3105 3337 cum
3158 3286 3269 3340 dies
3296 3291 3464 3356 factus

1854 3380 2001 3438 esset,
2033 3374 2278 3427 miserunt
2303 3374 2637 3443 magistratus
2678 3374 2903 3441 lictores,
2946 3378 3207 3432 dicentes:
3249 3377 3467 3435 Dimitte

1855 3466 2084 3519 homines
2113 3466 2251 3520 illos.
2301 3465 2679 3537 Cognoverant
2706 3468 2841 3524 forte
2863 3470 3058 3524 factum
3091 3472 3461 3542 magistratus,

1855 3565 1909 3610 et
1940 3572 2045 3610 non
2075 3558 2345 3613 audebant
2374 3551 2470 3628 per
2497 3561 2705 3629 seipses
2734 3561 3027 3616 dimittere.
3057 3564 3147 3618 56.
3188 3563 3463 3621 Nuntiavit

1854 3661 2023 3705 autem
2048 3662 2215 3706 custos
2242 3654 2461 3707 carceris
2485 3654 2637 3707 verba
2666 3654 2776 3708 lucc
2804 3652 2995 3719 Paulo,
3026 3657 3200 3710 dicens
3223 3673 3241 3710 :
3292 3656 3459 3713 Mise

1854 3750 1973 3795 runt
2000 3742 2346 3813 magistratus,
2370 3753 2425 3797 ut
2453 3744 2803 3798 dimittamini.
2834 3745 2987 3799 Nunc
3014 3748 3174 3817 igitur
3200 3760 3459 3816 exeuntes,

1852 3833 1922 3888 ite
1948 3834 2000 3888 in
2024 3851 2167 3904 pace.
2202 3824 2401 3891 Paulus
2426 3846 2597 3891 autem
2621 3838 2749 3891 dixit
2775 3838 2880 3894 eis:
2908 3840 2997 3895 57.
3042 3840 3213 3895 Ctesos
3242 3859 3337 3896 nos
3367 3860 3461 3912 pu-

1856 3927 2002 3994 blice,
2034 3926 2374 3993 indemnatos,
2402 3929 2631 3985 homines
2664 3927 2945 3998 Romanos,
2978 3932 3227 3987 miserunt
3251 3935 3306 3988 in
3344 3951 3461 3988 car-

1852 4036 2054 4083 cerem;
2098 4029 2145 4073 et
2187 4037 2325 4074 nunc
2368 4022 2561 4080 occulte
2614 4040 2706 4077 nos
2749 4024 3001 4094 ejiciunt?
3054 4024 3179 4081 Non
3228 4030 3320 4095 ita,
3371 4032 3464 4086 sed

1852 4115 2076 4179 veniant,
2120 4115 2212 4171 38.
2263 4125 2315 4170 et
2365 4116 2465 4186 ipsi
2509 4133 2603 4172 nos
2654 4119 2880 4185 ejiciant.
2936 4118 3256 4177 Nuntiarunt
3290 4134 3463 4180 autem

1855 4207 2232 4278 magistratibus
2255 4209 2459 4264 lictores
2484 4209 2593 4264 lucc
2614 4211 2763 4265 verba
2782 4227 2801 4265 :
2827 4213 3204 4285 timaeruntque
3241 4218 3461 4273 audien-

1854 4310 1947 4364 tes,
1976 4301 2114 4371 quod
2152 4300 2377 4355 Romani
2406 4312 2591 4357 essent.
2620 4302 2711 4358 39.
2742 4303 2809 4357 Et
2836 4306 3026 4375 egressi
3055 4307 3310 4375 deprecati
3337 4320 3459 4365 sunt

1852 4407 1959 4455 eos,
1989 4402 2036 4446 et
2065 4392 2272 4448 eductos
2295 4394 2566 4466 rogabant,
2596 4404 2649 4449 ut
2669 4395 3031 4467 egrederentur
3058 4415 3086 4453 e
3117 4401 3336 4458 ciuitate.
3365 4403 3457 4459 40.

1856 4480 2063 4554 Egressi
2097 4495 2269 4539 autem
2310 4486 2374 4540 de
2408 4501 2631 4553 carcere,
2674 4488 2889 4558 ingressi
2931 4501 3050 4544 sunt
3091 4494 3159 4546 ad
3200 4492 3423 4565 Lydiam
3445 4514 3464 4552 :

1850 4585 1899 4629 et
1928 4576 2045 4631 uisis
2100 4578 2347 4649 fratribus
2374 4578 2632 4633 exhortati
2679 4592 2799 4635 sunt
2833 4597 2940 4649 eos,
2981 4593 3031 4638 et
3070 4588 3286 4657 profecti
3316 4599 3459 4643 sunt.

1851 4666 2027 4722 Etiam
2052 4670 2458 4741 magistratibus
2479 4672 2927 4730 denuntiantibus
2957 4676 3157 4735 Paulus
3183 4696 3291 4735 non
3320 4683 3453 4749 exit,

1852 4758 1989 4815 forte
2016 4773 2237 4831 propter
2268 4762 2529 4835 Lydiam,
2556 4775 2612 4820 et
2640 4767 2777 4822 alios
2806 4768 3030 4825 fratres:
3058 4772 3143 4825 vel
3172 4783 3228 4827 ut
3259 4782 3462 4832 terreat

1851 4853 1997 4921 illos,
2018 4872 2086 4911 ne
2110 4866 2427 4925 putarentur
2448 4870 2639 4929 rogatu
2662 4876 2759 4915 suo
2776 4861 2984 4918 dimissi
3008 4864 3191 4928 fuisse,
3218 4876 3277 4921 ut
3294 4870 3457 4925 etiam

1850 4948 1971 5003 aliis
2000 4949 2250 5005 fiduciam
2282 4951 2553 5007 inderent.
2583 4954 2827 5026 Triplex,
2850 4957 3056 5022 dilecti,
3076 4959 3281 5015 crimen
3305 4974 3457 5018 emt:

1849 5044 1991 5114 quod
2019 5042 2310 5111 Romanos,
2342 5046 2485 5117 quod
2516 5064 2621 5102 non
2644 5048 2951 5117 damnatos,
2980 5052 3125 5126 quod
3157 5054 3375 5124 publice
3404 5058 3458 5114 in

1849 5152 2123 5193 carcerem
2162 5140 2546 5208 conjecissent.
2594 5142 2754 5199 Vides
2784 5143 2908 5199 illos
2954 5145 3186 5215 plurima
3219 5147 3459 5207 humano

1850 5244 2001 5284 more
2022 5230 2237 5287 fecisse.
2267 5231 2626 5303 Exquiramus
2646 5246 2858 5291 noctem
2878 5236 3046 5303 illam,
3070 5255 3191 5295 cum
3213 5243 3463 5300 noctibus

1853 5323 2053 5379 nostris
2101 5327 2492 5398 comparando,
2547 5329 2637 5383 ubi
2691 5331 3141 5402 comessationes,
3198 5334 3458 5405 ebrietas,

1849 5416 2101 5482 lascivia;
2131 5416 2220 5472 ubi
2250 5433 2478 5473 somnus
2505 5435 2534 5473 a
2566 5432 2746 5475 morte
2775 5422 2906 5476 nihil
2936 5422 3220 5492 dilierens,
3254 5426 3344 5481 ubi
3373 5428 3455 5482 vi-

1848 5511 1990 5580 gilia:
2020 5526 2214 5565 somno
2243 5512 2361 5581 ipso
2387 5513 2689 5583 graviores.
2747 5515 2853 5569 Alii
2883 5516 3027 5570 enim
3053 5516 3350 5579 dormiunt.
3383 5521 3454 5575 ita

1849 5613 1907 5657 ut
1955 5604 2085 5658 nihil
2131 5606 2403 5670 sentiant;
2450 5606 2539 5659 alii
2589 5608 2971 5664 miserabiliter
3006 5610 3247 5680 vigilant,
3297 5613 3455 5671 dolos

1849 5707 2143 5760 struentes,
2194 5698 2261 5751 de
2293 5699 2535 5767 pecuniis
2581 5710 2858 5767 curantes,
2892 5712 2947 5756 ut
2996 5704 3332 5761 ulciscantur
3361 5724 3457 5765 eos

1848 5790 1937 5859 qui
1979 5804 2039 5844 se
2080 5789 2339 5844 laeserunt
2384 5790 2701 5855 studentes,
2750 5793 3065 5850 inimicitias
3099 5799 3456 5873 meditantes,

1850 5884 2015 5941 verba
2050 5880 2444 5972 contumeliosa
2474 5893 2743 5943 transacto
2770 5888 2857 5945 die
2888 5904 3072 5949 secum
3109 5904 3455 5965 reputantes;
