4088 6330
1901 280 1923 307 \

672 379 776 441 259

668 497 747 551 sic
763 494 859 549 ira:
880 491 1054 564 ignem
1076 486 1427 554 succendunt,
1450 493 1504 542 et
1531 481 1883 539 intolerabilia
1904 485 2236 549 perpetrant.

672 582 949 655 Perpende
980 580 1251 654 quomodo
1274 579 1464 636 Petrus
1490 575 1811 631 dormiebat.
1843 573 1942 627 Per
1970 570 2245 639 dispensa-

670 677 868 732 tionem
898 674 1031 730 illud
1058 673 1255 729 factum
1299 679 1420 726 est:
1457 667 1677 738 angelus
1703 666 1846 721 enim
1879 662 2115 727 advenit,
2147 673 2244 714 ne-

668 768 974 836 minemque
1020 779 1135 820 rem
1182 771 1385 835 gestam
1437 760 1577 814 scire
1621 756 1929 828 oportebat;
1969 763 2024 809 et
2052 751 2247 807 merito

668 854 905 925 quidem,
934 862 1086 911 utne
1127 862 1306 909 custos
1350 849 1584 906 careeris
1621 847 1853 918 seipsum
1896 845 2243 900 interficeret.

672 946 740 1002 Et
765 960 862 1001 cur
889 960 997 1000 non
1027 943 1169 1000 aliud
1199 944 1411 1013 signum
1452 941 1651 996 factum
1676 940 1787 995 est?
1816 938 1947 1006 Quia
1972 935 2103 990 illud
2134 950 2246 989 ma-

668 1038 811 1091 xime
835 1036 1006 1107 ipsum
1029 1034 1297 1095 attrahere
1319 1043 1376 1089 et
1396 1031 1716 1088 conﬁrmare
1733 1036 1960 1101 poterat,
1980 1026 2244 1098 siquidem

675 1126 767 1181 ille
807 1125 1199 1195 periclitaturus
1243 1134 1379 1190 erat,
1426 1125 1525 1179 nisi
1570 1124 1642 1179 ita
1683 1123 1876 1178 factum
1912 1128 2093 1175 esset:
2138 1133 2242 1173 non

669 1203 813 1271 cnim
842 1216 910 1271 ita
932 1218 1083 1287 signa
1111 1216 1346 1280 trahunt,
1369 1228 1426 1271 ut
1445 1231 1507 1272 ea
1524 1230 1642 1286 qua
1667 1214 1734 1270 ad
1759 1215 1981 1269 salutem
2004 1221 2243 1267 nostram

664 1306 1042 1362 attinent..Ne
1074 1306 1350 1363 videretur
1380 1318 1538 1362 terra
1580 1315 1782 1364 motum
1823 1319 1918 1375 per
1963 1317 2025 1359 se
2048 1302 2245 1358 factum

663 1412 807 1466 esse,
838 1408 1119 1468 sequutum
1165 1407 1250 1455 est
1290 1397 1365 1466 id,
1414 1397 1557 1470 quod
1589 1397 1689 1467 ipsi
1732 1395 2037 1450 testimonio
2076 1402 2241 1447 esset.

668 1488 738 1544 Et
764 1498 923 1544 noctu
948 1489 1178 1545 accidit:
1210 1490 1342 1544 nihil
1368 1490 1510 1544 enim
1535 1487 1602 1542 ad
1631 1486 2042 1542 ostentationem
2074 1483 2243 1539 facie-

670 1580 820 1647 bant,
847 1582 941 1641 sed
962 1582 1029 1637 ad
1058 1582 1307 1638 salutem.
1333 1580 1447 1636 Non
1469 1581 1643 1636 malus
1662 1586 1778 1634 erat
1794 1578 2028 1633 carceris
2041 1584 2242 1631 custos:

671 1672 980 1744 conjecth
1006 1674 1125 1729 illos
1147 1674 1200 1727 in
1233 1672 1539 1729 interiorem
1564 1686 1857 1738 carcerem,
1879 1669 2021 1741 quod
2046 1668 2116 1724 ita
2142 1668 2244 1724 sibi

660 1762 869 1835 jussnm
897 1775 1059 1829 esset,
1087 1780 1192 1820 non
1220 1774 1367 1820 motu
1396 1778 1514 1819 suo.
1546 1763 1614 1819 Et
1638 1778 1734 1818 cur
1758 1778 1864 1818 non
1892 1772 2017 1817 ante
2045 1760 2244 1816 clama-

665 1856 741 1911 vit
769 1856 995 1912 Paulus?
1022 1856 1428 1913 Perturbatione
1455 1856 1646 1927 plenus
1672 1866 1788 1909 erat
1816 1854 1996 1919 homo,
2025 1866 2124 1907 nec
2150 1850 2244 1906 ad-

664 1947 898 2003 misisset
920 1947 1101 2002 verba.
1136 1947 1260 2002 Ideo
1284 1962 1407 2003 cum
1433 1948 1655 2003 vidisset
1691 1947 1839 2002 illum
1874 1959 1994 2001 sese
2022 1942 2241 2000 interfe-

662 2046 896 2103 cturum,
948 2047 1363 2110 praeoccupatet
1412 2039 1628 2105 clamat,
1663 2036 1845 2092 dicens
1878 2053 1892 2089 :
1944 2034 2130 2090 Omnes
2162 2035 2244 2089 hic

663 2146 860 2184 sumus.
890 2130 1015 2186 Ideo
1041 2131 1132 2197 ille
1161 2130 1331 2186 Petito
1352 2131 1758 2197 lumineinsiliit,
1781 2139 1827 2183 et
1852 2137 1969 2183 ante
1997 2126 2241 2192 Paulum,

663 2221 852 2292 inquit,
880 2232 923 2276 et
943 2222 1109 2277 Silam
1135 2222 1370 2293 procidit.
1401 2222 1479 2276 Ad
1509 2222 1671 2290 pedes
1710 2222 1869 2276 vincti
1895 2220 2121 2291 procidit
2152 2234 2245 2274 cu-

666 2322 799 2370 stos.
832 2312 899 2367 Et
929 2302 1099 2369 eduicit
1132 2314 1250 2367 illos
1275 2314 1435 2383 foras,
1474 2313 1729 2383 dixitque:
1755 2311 1980 2379 Domini,
2007 2312 2129 2383 quid
2168 2326 2246 2365 me

663 2414 855 2474 oportet
876 2409 1063 2475 facere,
1084 2415 1140 2459 ut
1158 2396 1338 2459 'salvus
1361 2405 1457 2459 sim
1471 2404 1497 2457 ?
1518 2404 1779 2472 Quiduatn
1801 2403 2089 2457 dixerunt?
2112 2402 2244 2457 Vide

665 2497 813 2553 illum
843 2512 948 2552 non
978 2498 1047 2552 ob
1089 2496 1192 2552 hoc
1215 2496 1437 2567 diligere
1482 2495 1625 2567 quod
1670 2504 1915 2551 servatus
1938 2505 2103 2563 esset,
2146 2494 2242 2551 sed

665 2587 806 2656 quod
832 2588 900 2643 de
927 2588 1124 2643 virtute
1152 2588 1576 2656 obstupesceret.

731 2679 787 2732 2.
827 2679 990 2735 Vides
1032 2680 1158 2751 quid
1193 2681 1322 2746 illic,
1355 2679 1483 2749 quid
1533 2678 1689 2733 isthic
1729 2678 1924 2735 factum
1969 2678 2081 2733 sit?
2126 2677 2244 2733 Illic

664 2770 836 2841 puella
882 2770 1105 2825 liberata
1134 2777 1215 2825 est
1250 2788 1281 2825 ε.
1312 2770 1543 2840 maligno
1568 2770 1757 2839 spiritu
1782 2811 1799 2837 ,
1822 2780 1874 2825 et
1899 2770 1951 2824 in
1972 2784 2243 2825 carcerem

662 2861 1007 2931 conjecerunt
1030 2875 1124 2917 eos
1144 2902 1161 2929 ,
1188 2862 1329 2932 quod
1368 2862 1509 2915 illam
1536 2876 1565 2914 a
1597 2861 1843 2916 dmmone
1877 2860 2235 2925 liberassent;

669 2954 757 3009 hic
803 2954 978 3009 solum
1014 2954 1210 3024 januas
1254 2966 1468 3024 apertas
1507 2953 1891 3018 ostenderunt,
1940 2964 1995 3010 et
2037 2956 2245 3024 aperuit

658 3046 850 3116 ianuas
874 3046 1053 3101 cordis
1082 3046 1222 3101 illius
1250 3087 1265 3113 ,
1292 3047 1452 3101 solvit
1474 3046 1683 3101 vincula
1711 3045 1939 3116 duplicia
1960 3087 1975 3112 ,
2004 3045 2248 3101 accendit

666 3142 847 3195 lumen
885 3139 1014 3193 illud
1050 3156 1063 3193 :
1094 3154 1214 3193 nam
1246 3147 1301 3193 et
1328 3139 1380 3192 in
1417 3138 1580 3193 corde
1618 3139 1734 3209 ejus
1762 3138 1851 3193 lux
1898 3138 2151 3209 fulgebat.
2184 3140 2249 3194 Et

672 3232 860 3287 iusiliit
882 3240 937 3286 et
960 3231 1185 3301 procidit
1211 3248 1225 3285 :
1251 3246 1351 3285 nec
1379 3232 1671 3303 interrogat
1697 3231 1966 3303 quomodo
1994 3247 2081 3287 res
2108 3232 2243 3287 facta

664 3325 773 3389 sit,
801 3323 927 3393 quid
965 3322 1159 3377 factum
1190 3322 1291 3387 sit;
1322 3321 1416 3376 sed
1442 3323 1621 3377 statim
1652 3322 1763 3376 ait:
1792 3322 1925 3389 Quid
1951 3338 2027 3375 me
2052 3330 2246 3390 oportet

666 3421 832 3486 facere
855 3422 909 3468 ut
930 3415 1098 3469 salvus
1123 3412 1255 3469 sint?
1293 3412 1431 3480 Quid
1456 3427 1585 3492 ergo
1613 3412 1846 3468 Paulus?
1876 3412 2034 3468 Crede
2054 3413 2108 3466 in
2139 3410 2246 3467 Do-

666 3508 857 3560 minum
885 3506 1064 3561 Jesum
1107 3505 1399 3571 Christum,
1437 3516 1484 3559 et
1510 3506 1677 3559 salvus
1718 3507 1846 3571 eris,
1878 3506 2080 3576 inquit,
2112 3516 2165 3559 tu
2202 3516 2248 3562 et

664 3598 842 3651 domus
866 3606 971 3650 tua.
995 3595 1108 3651 Hoc
1134 3596 1367 3652 maxime
1389 3594 1633 3651 homines
1662 3595 1865 3661 allicit,
1897 3596 2040 3666 quod
2068 3607 2123 3653 et
2148 3599 2245 3653 do—

671 3704 790 3744 mus
836 3689 983 3743 salva
1019 3689 1107 3743 sit.
1140 3686 1208 3742 Et
1233 3688 1427 3757 loqauti
1457 3696 1575 3740 sunt
1613 3687 1659 3740 ei
1684 3685 1914 3754 verbum,
1945 3698 1993 3741 et
2016 3689 2247 3743 omnibus

664 3781 750 3852 qui
776 3790 917 3835 erant
945 3781 999 3833 in
1024 3781 1171 3834 domo
1199 3782 1331 3851 ejus.
1357 3779 1512 3834 Lavit
1536 3793 1633 3835 eos
1656 3819 1673 3845 ,
1698 3787 1754 3834 et
1779 3779 1921 3835 lotus
1946 3788 2032 3835 est
2070 3798 2083 3835 :
2127 3780 2246 3835 illos

668 3873 883 3942 quidem
925 3887 955 3927 a
1003 3871 1168 3943 plagis
1189 3872 1392 3938 abluit,
1418 3873 1531 3941 ipse
1556 3887 1586 3926 a
1624 3873 1853 3942 peccatis
1878 3873 2091 3928 ablutus
2115 3884 2199 3929 est
2230 3891 2244 3927 :

670 3966 926 4031 nutrivit,
958 3975 1011 4020 et
1040 3965 1273 4027 nutritus
1297 3973 1399 4020 est.
1431 3964 1494 4017 Et
1525 3965 1828 4030 exsultavit,
1863 3965 2054 4036 inquit.
2083 3968 2243 4036 Atqui

669 4056 799 4110 nihil
821 4064 935 4109 erat
961 4056 1061 4109 nisi
1088 4055 1248 4109 verba
1276 4063 1478 4109 tantum
1506 4064 1559 4109 et
1574 4069 1697 4125 spes
1718 4055 1876 4109 bona.
1900 4055 2015 4111 Hoc
2039 4057 2247 4128 signum

670 4158 808 4216 erat,
826 4146 1119 4203 credidisse
1135 4147 1305 4213 illum,
1330 4147 1431 4202 sibi
1452 4148 1627 4201 omnia
1648 4147 1870 4204 remissa
1897 4147 2083 4204 fuisse.
2109 4151 2248 4218 Quid

669 4240 890 4295 custode
906 4241 1137 4295 carceris
1164 4239 1348 4310 pejus?
1371 4240 1497 4309 quid
1519 4240 1807 4306 crudelius,
1834 4241 1957 4311 quid
1984 4242 2249 4299 ferocius?

672 4335 920 4385 Attamen
949 4345 1070 4385 cum
1099 4331 1264 4385 multo
1296 4332 1415 4386 illos
1449 4333 1685 4403 suscepit
1715 4334 1940 4389 honore.
1970 4334 2086 4390 Non
2109 4337 2250 4405 quod

671 4432 915 4477 servatus
940 4430 1087 4477 esset
1114 4463 1131 4489 ,
1160 4424 1372 4492 gavisus
1401 4433 1484 4477 est
1506 4464 1520 4489 ,
1552 4424 1646 4478 sed
1678 4424 1830 4492 Quod
1867 4424 1979 4479 Deo
2007 4428 2249 4483 crederet.

672 4513 831 4567 Crede
852 4553 869 4576 ,
907 4512 1113 4582 inquit,
1141 4513 1195 4565 in
1224 4510 1521 4568 Dominum.
1562 4513 1686 4570 Ideo
1713 4516 1876 4583 dixit,
1914 4517 2014 4584 Qui
2043 4519 2255 4572 credidit

675 4604 805 4671 Deo,
828 4612 886 4658 ut
905 4619 972 4659 ne
986 4602 1261 4663 videretur
1280 4606 1429 4675 quasi
1447 4605 1732 4662 damnatus
1745 4618 1799 4662 et
1825 4619 2075 4678 peccator
2095 4611 2250 4665 solvi.

674 4697 876 4753 Idcirco
898 4695 1081 4752 dicunt
1116 4714 1129 4750 :
1160 4693 1327 4750 Caesar
1351 4714 1442 4751 nos
1470 4698 1666 4767 publice
1692 4701 2005 4756 indemnatos
2033 4702 2254 4756 [contines

676 4789 995 4853 coniecerunt
1042 4789 1096 4841 in
1140 4804 1429 4854 carcerem;
1462 4800 1518 4844 ut
1556 4804 1661 4845 non
1707 4791 1869 4846 modo
1903 4795 2109 4863 gratiae,
2160 4794 2255 4849 sed

678 4879 838 4933 etiam
889 4879 1122 4949 ipsorum
1166 4891 1312 4936 esset
1345 4896 1499 4951 opus.
1536 4881 1669 4938 Vide
1700 4893 1756 4938 ut
1781 4884 1927 4939 varia
1975 4884 2254 4955 dispenset

678 4972 871 5041 gratia,
902 4973 1170 5042 quomodo
1199 4972 1289 5027 ille
1313 4989 1559 5044 egressus
1589 4986 1692 5039 est,
1721 4978 1993 5047 quomodo
2023 4978 2129 5045 hic,
2154 4980 2257 5036 etsi

679 5072 905 5133 uterque
928 5064 1202 5134 apostolus
1238 5075 1401 5119 esset.
1435 5064 1765 5132 Timaei-unt,
1808 5068 1999 5139 inquit.
2040 5069 2258 5126 Timent

682 5154 807 5224 quia
838 5154 1063 5208 Romani
1093 5164 1240 5220 sunt,
1272 5170 1377 5210 non
1408 5158 1533 5227 quia
1563 5157 1757 5227 injuste
1784 5161 2151 5229 conjecerunt.
2184 5162 2253 5218 Et

682 5254 981 5316 rogaverunt
1019 5243 1158 5311 illos,
1188 5254 1242 5298 ut
1270 5246 1462 5301 exirent
1501 5263 1565 5301 ea:
1606 5249 1824 5303 ciuitate.
1855 5249 2006 5306 Hanc
2053 5253 2259 5322 petiere

683 5336 925 5405 gratiam.
960 5336 1036 5390 Illi
1081 5351 1210 5391 vero
1244 5347 1301 5392 ut
1325 5347 1587 5394 venerunt
1614 5341 1681 5395 ad
1716 5338 1937 5412 Lydiam
1968 5353 2023 5399 et
2064 5346 2260 5401 conﬁr-

687 5436 900 5481 marunt
923 5430 1039 5484 eam
1065 5470 1080 5495 ,
1113 5428 1191 5483 sic
1228 5428 1449 5498 profecti
1477 5440 1619 5486 sunt.
1652 5431 1768 5487 Non
1794 5435 2075 5505 oportebat
2114 5437 2257 5492 enim

689 5517 998 5587 hospitalem
1027 5520 1172 5575 illam
1204 5520 1254 5574 in
1283 5536 1450 5591 agone
1475 5533 1528 5577 et
1552 5524 1910 5582 sollicitudine
1933 5528 2259 5599 relinquere.

688 5610 905 5679 Egressi
934 5622 1106 5669 autem
1136 5622 1260 5669 sunt
1284 5656 1298 5679 ,
1328 5630 1431 5669 non
1459 5616 1560 5669 illis
1584 5616 2038 5688 obtemperantes,
2071 5620 2167 5677 sed
2192 5620 2260 5676 ad

688 5702 1119 5772 praedicationem
1148 5706 1457 5762 festinantes
1484 5751 1498 5774 ,
1530 5726 1649 5765 cum
1680 5711 1871 5766 civitas
1902 5728 1997 5781 per
2024 5715 2258 5770 miracu-

691 5793 801 5849 lum
830 5795 957 5851 illud
999 5796 1129 5852 satis
1163 5797 1343 5869 adjuta
1386 5798 1588 5856 fuisset.
1634 5801 1745 5857 Non
1792 5805 2071 5873 oportebat
2113 5807 2253 5865 ultra

1358 440 1363 443 _
1434 374 1492 430 S.
1530 368 1807 429 JOANNIS
1842 358 2318 423 CHRVSOSTOMI
2355 356 2667 415 ARCIIIEP.
2708 352 3239 413 CONS’I‘ANTINOP.

3825 348 3932 404 260

2354 487 2589 528 manere.
2635 470 2765 527 Nam
2808 472 3119 527 miraculum
3166 471 3337 539 majus
3376 474 3599 537 apparet
3651 464 3927 534 magisque

2350 564 2544 619 clamat
2570 573 2691 634 post
2720 563 3108 633 profectionem
3145 576 3331 616 eorum
3358 558 3447 628 qui
3475 557 3648 626 ipsum
3680 565 3929 625 patrave-

2349 665 2491 711 rant.
2525 655 2734 710 Etenim
2763 654 3002 712 custodis
3028 654 3259 709 carceris
3301 651 3434 707 lides
3480 664 3575 721 pro
3622 663 3758 703 voce
3786 657 3925 701 erat.

2348 746 2483 815 Quid
2513 745 2636 801 huic
2676 746 2753 802 rei
2786 746 2918 815 par?
2944 745 3159 816 Ligatur
3199 752 3255 799 et
3281 742 3442 799 solvit
3486 740 3713 812 ligatus;
3766 738 3932 793 solvit

2348 836 2547 906 duplex
2588 836 2888 902 vinculum;
2918 836 3168 906 ligantem
3210 849 3270 889 se
3312 834 3471 888 solvit
3514 848 3611 902 per
3655 830 3758 885 hoc
3784 844 3930 899 quoa

2348 926 2464 996 ipse
2494 926 2686 998 ligatus
2722 929 2810 982 sit.
2845 927 2969 982 Rrec
2995 940 3121 981 vere
3148 933 3275 980 sunt
3319 925 3505 994 gratim
3540 937 3722 993 Opera.
3769 920 3933 976 Nunc

2348 1035 2489 1090 ergo,
2518 1019 2707 1089 inquit,
2735 1019 2940 1092 egressi,
2972 1018 3042 1073 ite
3062 1018 3117 1072 in
3144 1032 3267 1088 pace
3294 1032 3313 1070 :
3344 1015 3396 1071 id
3420 1024 3523 1081 est,
3550 1030 3674 1070 cum
3715 1016 3933 1095 securi-

2348 1118 2478 1179 tate,
2504 1110 2637 1166 nihil
2663 1112 2931 1167 timentes.
2960 1109 3131 1166 Simul
3158 1110 3300 1164 hunc
3322 1108 3503 1163 volunt
3528 1116 3680 1162 extra
3707 1106 3928 1177 pericu-

2347 1200 2456 1256 lum
2504 1203 2642 1269 lteri,
2696 1218 2763 1258 ne
2807 1211 2928 1273 post
2970 1200 3085 1257 haec
3121 1210 3425 1257 accusetur.
3458 1198 3525 1254 Et
3552 1212 3661 1253 non
3698 1197 3892 1252 dicunt
3917 1240 3933 1259 ,

2344 1294 2529 1351 Casus
2570 1310 2671 1351 nos
2712 1296 3059 1365 conjecerunt
3088 1297 3141 1349 in
3169 1308 3439 1357 carcerem
3462 1334 3477 1359 ,
3508 1293 3631 1362 quia
3670 1290 3935 1346 miracula

2344 1386 2547 1455 cperati
2592 1400 2807 1441 eramus
2844 1401 2862 1442 :
2895 1400 3065 1457 neque
3093 1372 3237 1442 enim
3274 1386 3358 1441 his
3402 1382 3793 1447 attendebant;
3830 1383 3935 1438 sed

2344 1476 2489 1547 quod
2520 1477 2732 1532 illorunt
2757 1476 2967 1533 animos
2993 1486 3283 1533 concutere
3311 1482 3555 1546 poterat,
3588 1471 3935 1527 Indenmatos

2348 1567 2537 1640 inquit,
2564 1578 2610 1623 et
2643 1569 2917 1624 Romanos.
2949 1569 3117 1639 Hujus
3138 1568 3298 1623 vincti
3329 1580 3539 1637 semper
3557 1578 3827 1620 memores
3852 1566 3936 1619 si-

2344 1676 2485 1729 mus,
2510 1671 2687 1717 etnon
2710 1662 2969 1716 miraculi.
3000 1660 3138 1730 Quid
3164 1661 3347 1716 dicent
3365 1660 3615 1730 gentiles,
3643 1658 3935 1729 quomodo

2345 1755 2549 1811 vinctus
2591 1769 2711 1809 cum
2755 1763 2919 1818 esset,
2964 1755 3133 1809 suasit
3172 1750 3462 1808 vincienti?
3493 1752 3556 1805 Et
3605 1765 3793 1821 quem,
3849 1749 3939 1804 iu-

2343 1845 2565 1915 quiuut,
2595 1844 2904 1915 persuaderi
2933 1844 3249 1914 oportebat,
3281 1843 3385 1896 nisi
3430 1842 3719 1896 scelestum
3749 1839 3937 1895 homi-

2343 1951 2488 2001 nem,
2517 1936 2772 1992 miserum
2803 1978 2819 2002 ,
2848 1936 2941 2006 qui
2973 1945 3204 1990 mentem
3235 1950 3343 1989 non
3369 1933 3610 1999 haberet,
3642 1933 3795 1988 mille
3820 1947 3933 1987 ma-

2346 2027 2412 2082 lis
2434 2037 2683 2083 onustum
2700 2035 2753 2083 et
2768 2036 2923 2097 captu
2943 2025 3192 2081 facilem?
3219 2025 3345 2080 Haec
3364 2025 3580 2096 insuper
3605 2022 3893 2094 proferunt
3919 2039 3935 2077 :

2344 2120 2475 2188 Quis
2503 2121 2747 2186 credidit,
2782 2121 2885 2175 nisi
2932 2121 3213 2185 eoriarius,
3243 2120 3557 2189 purpuraria
3581 2158 3596 2183 ,
3623 2116 3936 2179 eunuchus,

2347 2224 2530 2270 custos
2558 2214 2812 2280 carceris,
2840 2212 2981 2267 servi
3010 2222 3065 2267 et
3105 2211 3398 2267 mulieres?
3424 2211 3559 2279 Quid
3589 2225 3720 2281 ergo
3748 2209 3940 2266 dicere

2348 2312 2640 2374 poterunt,
2679 2303 2892 2375 quando
2942 2317 3075 2371 eos,
3121 2304 3211 2375 qui
3255 2303 3307 2358 in
3360 2302 3709 2373 dignitatibus
3755 2312 3937 2367 erant,

2345 2395 2704 2466 producemus
2734 2414 2747 2451 :
2775 2396 3145 2451 centurionem
3176 2436 3190 2459 ,
3237 2397 3610 2465 proconsulem
3636 2437 3652 2463 ,
3703 2395 3844 2451 alios
3872 2412 3936 2450 ex

2347 2487 2443 2542 illo
2471 2487 2538 2542 ad
2571 2488 2671 2542 hoc
2695 2502 2861 2557 usque
2884 2494 3093 2557 tempus
3115 2526 3132 2553 ,
3160 2487 3532 2556 imperatores,
3566 2488 3763 2557 reges?
3821 2487 3941 2556 Ego

2346 2593 2477 2634 vero
2502 2579 2643 2633 aliud
2670 2579 2840 2648 majus
2864 2577 2986 2633 dico
3014 2595 3028 2631 :
3059 2579 3202 2648 ipsos
3233 2578 3448 2633 viliores
3481 2578 3600 2633 illos
3623 2576 3934 2633 videamus.

2346 2674 2551 2746 Ecquid
2576 2674 2647 2730 ibi
2674 2675 2887 2737 mirum,
2911 2670 3270 2743 inquieslﬂoe
3296 2682 3443 2727 certe
3464 2672 3696 2727 mirum:
3724 2672 3938 2727 etenim

2345 2771 2393 2826 si
2447 2769 2515 2825 de
2561 2769 2720 2824 rebus
2773 2768 3083 2839 vulgaribus
3136 2766 3401 2833 crederet,
3450 2783 3555 2822 non
3598 2770 3797 2823 mirum
3850 2783 3942 2823 ea-

2344 2869 2462 2924 set;
2494 2874 2613 2913 cum
2645 2874 2776 2914 vero
2804 2858 2873 2912 dc
2900 2859 3299 2914 resurrectione
3325 2899 3340 2923 ,
3368 2860 3437 2914 de
3460 2874 3625 2929 regno
3650 2860 3937 2922 curiarum,

2346 2952 2416 3007 de
2453 2953 2559 3007 vita
2609 2950 2975 3022 philosophica
3025 2951 3144 3021 quis
3191 2946 3535 3021 ρονιιιειιιὶὺόδ
3590 2951 3834 3021 loquitur
3884 2969 3943 3008 et

2350 3043 2643 3115 persuadet
2669 3084 2682 3109 ,
2712 3043 2814 3097 hoc
2839 3043 3136 3099 mirabilius
3175 3044 3300 3108 erit,
3342 3059 3498 3113 quam
3526 3044 3569 3099 si
3598 3045 3940 3114 sapientibus

2350 3132 2727 3205 persuasisset.
2753 3134 2887 3189 Cum
2918 3135 3061 3189 enim
3088 3150 3195 3189 nou
3240 3147 3323 3190 est
3362 3136 3675 3206 periculum,
3718 3147 3776 3191 et
3818 3139 3942 3208 quis

2349 3227 2559 3295 suadet,
2582 3243 2614 3283 e
2640 3244 2699 3284 re
2724 3212 3007 3282 stultitiam
3036 3228 3087 3281 in
3117 3227 3349 3283 medium
3382 3229 3697 3299 proferunt;
3720 3231 3942 3300 quando

2350 3328 2527 3373 autem
2554 3319 2676 3389 quis
2701 3317 2903 3373 dixerit
2928 3332 3086 3372 servo
3113 3319 3409 3373 secundum
3445 3328 3495 3373 te
3527 3338 3540 3373 :
3572 3318 3630 3375 Si
3658 3320 3790 3374 mihi
3824 3336 3944 3377 ere-

2350 3410 2467 3475 das,
2496 3411 2815 3481 periclitaris
2838 3452 2851 3473 ,
2884 3424 3071 3465 omnes
3099 3412 3318 3465 habebis
3345 3413 3436 3465 tibi
3460 3412 3726 3471 inimicos.
3766 3429 3941 3483 opor-

2353 3513 2428 3559 tet
2450 3513 2499 3559 te
2528 3505 2685 3571 mori,
2718 3504 2863 3558 mille
2893 3502 3073 3559 subire
3100 3504 3272 3569 mala;
3302 3505 3485 3575 sicque
3523 3506 3664 3561 illius
3690 3509 3934 3563 animam

2351 3597 2526 3667 capiat
2553 3613 2566 3649 :
2598 3611 2706 3651 non
2719 3596 2827 3665 jam
2853 3595 2953 3651 hoc
2974 3596 3291 3665 insipientia:
3315 3606 3415 3651 est.
3449 3595 3581 3651 Nam
3610 3599 3653 3652 si
3681 3598 3939 3669 dogmata

2353 3688 2673 3759 voluptatem
2715 3688 2976 3742 haberent
2996 3729 3013 3754 ,
3037 3687 3158 3756 jure
3187 3690 3305 3758 quis
3333 3688 3439 3743 hoc
3464 3689 3705 3756 diceret;
3733 3692 3778 3744 si
3810 3706 3943 3747 vero

2353 3780 2427 3847 id,
2474 3779 2615 3851 quod
2646 3779 2854 3834 nollent
2894 3778 3196 3849 philosophi
3236 3778 3469 3846 discere,
3507 3795 3697 3834 servus
3734 3781 3935 3847 discat,

2352 3871 2525 3941 majus
2568 3879 2650 3926 est
2679 3870 3017 3925 miraculum.
3046 3870 3111 3925 Et
3141 3870 3185 3925 si
3215 3871 3372 3924 vultis
3394 3912 3409 3939 ,
3442 3872 3729 3927 curiarium
3762 3876 3943 3943 ipsum

2354 3967 2405 4020 in
2438 3964 2670 4020 medium
2699 3964 3044 4028 adducamus,
3073 3971 3128 4019 et
3156 3963 3431 4019 videamus
3460 3962 3717 4036 quidesi
3748 3966 3945 4022 Petrus

2354 4055 2635 4125 loquatur;
2688 4055 2771 4111 vel
2813 4056 2859 4111 si
2906 4056 3099 4125 placet,
3144 4055 3317 4125 ipsum
3363 4052 3640 4111 custodem
3684 4072 3941 4114 carceris.

2354 4147 2489 4214 Quid
2516 4162 2643 4218 ergo
2673 4148 2771 4218 ipsi
2799 4146 2929 4202 dicit
2953 4147 3191 4201 Paulus?
3216 4146 3460 4202 Christus
3487 4150 3785 4204 resurrexit
3813 4192 3830 4217 ,
3864 4161 3946 4206 est

2354 4239 2678 4294 resurrectio
2722 4249 3059 4293 mortuorum
3090 4249 3144 4294 et
3175 4254 3437 4309 regnum;
3481 4250 3534 4294 et
3578 4241 3761 4296 statim
3817 4260 3944 4312 per-

2357 4332 2525 4387 suasit
2546 4331 2698 4386 facile
2737 4331 2998 4388 credenti.
3030 4331 3171 4399 Quid
3197 4336 3365 4403 ergo?
3389 4332 3457 4387 de
3484 4334 3591 4387 vita
3620 4334 3751 4389 nihil
3782 4335 3941 4399 dixit,

2357 4424 2499 4491 quod
2526 4437 2713 4493 sapere
2742 4433 3007 4493 oporteat,
3040 4424 3179 4494 quod
3206 4427 3444 4494 pecuniis
3475 4426 3766 4495 imperare,
3794 4430 3939 4499 quod

2360 4531 2464 4569 non
2494 4529 2613 4570 esse
2660 4512 3008 4570 inhumanum
3049 4526 3326 4587 oporteat,
3359 4520 3499 4588 quod
3529 4521 3667 4575 bona
3696 4537 3797 4577 sua
3824 4538 3946 4579 ero-

2358 4606 2528 4675 ganda
2554 4607 2658 4661 sint
2679 4606 2835 4660 aliis?
2852 4605 3035 4679 Neque
3062 4610 3204 4663 enim
3229 4609 3344 4665 haec
3369 4611 3664 4668 credidisse
3686 4614 3945 4684 insipien-

2360 4701 2428 4753 tis
2452 4710 2587 4767 erat,
2616 4700 2709 4755 sed
2739 4700 2913 4770 magni
2940 4701 3124 4754 animi.
3157 4701 3290 4756 Esto
3315 4704 3459 4758 enim
3483 4705 3582 4773 ipsi
3609 4705 3863 4776 dogmata
3879 4724 3943 4763 ex

2360 4790 2664 4861 insipientia
2681 4791 3015 4861 acceperint;
3034 4793 3194 4847 vitam
3217 4794 3361 4847 illam
3379 4794 3801 4866 philosOphicam
3821 4813 3944 4853 sus-

2360 4887 2557 4954 cipere,
2605 4900 2672 4940 an
2721 4885 3024 4956 insipientis
3064 4887 3251 4942 esset?
3296 4886 3480 4959 Itaque
3512 4900 3714 4959 quanto
3773 4896 3946 4963 magis

2362 4975 2619 5045 insipiens
2643 4986 2788 5032 esset
2814 4976 2904 5047 qui
2930 4976 3366 5047 obtemperaret,
3398 4989 3455 5035 et
3482 4989 3658 5035 tamen
3684 4996 3750 5036 ea
3772 4983 3946 5039 susci-

2365 5076 2533 5138 peret,
2582 5084 2702 5138 quae
2743 5067 3077 5139 philosophis
3106 5069 3432 5140 persuadere
3475 5070 3780 5143 philosophi
3841 5090 3946 5130 non

2363 5170 2605 5233 possent,
2638 5163 2810 5231 majus
2838 5172 2983 5217 esset
3016 5163 3331 5218 miraculum
3360 5182 3374 5218 :
3404 5166 3635 5221 maxime
3664 5180 3795 5221 vero
3825 5183 3945 5225 cum

2366 5254 2618 5310 mulieres
2666 5263 2720 5309 et
2770 5254 2911 5309 servi
2955 5255 3364 5325 persuadeatur,
3395 5267 3449 5311 et
3492 5272 3589 5328 per
3623 5272 3790 5328 opera
3838 5259 3949 5316 hac

2366 5345 2659 5411 exhibent,
2690 5360 2809 5417 quae
2836 5360 2934 5401 nec
2960 5347 3215 5404 Platones
3243 5364 3342 5404 nec
3370 5349 3459 5404 alii
3489 5366 3676 5408 omnes
3707 5353 3804 5407 ulli
3835 5370 3949 5422 per-

2366 5436 2593 5492 suadere
2619 5446 2928 5507 potuerunt.
2969 5438 3039 5494 Et
3064 5454 3160 5493 cur
3190 5439 3325 5494 nulli
3363 5441 3523 5497 dico?
3564 5441 3645 5499 Ne
3670 5443 3775 5499 sibi
3824 5444 3949 5516 ipsis

2365 5527 2605 5597 quidem.
2636 5527 2769 5582 Nam
2807 5529 2959 5585 Plato
3000 5530 3216 5616 quidem
3259 5537 3522 5602 persuasit
3561 5536 3823 5607 pecunias
3849 5551 3947 5592 non

2367 5632 2488 5672 esse
2514 5619 2953 5685 contemnendas,
2978 5621 3067 5691 qui
3100 5631 3271 5678 tantas
3294 5624 3576 5681 facultates
3605 5635 3661 5680 et
3684 5641 3823 5696 opes
3850 5643 3941 5681 an-

2367 5707 2633 5779 nulosque
2662 5725 2853 5766 aureos
2898 5722 2951 5767 et
2997 5712 3202 5781 phialas
3227 5716 3465 5785 possedit
3492 5718 3593 5788 (a).
3635 5718 3793 5788 Quod
3826 5734 3945 5776 vero

2423 5820 2506 5884 -(a)
2539 5822 2839 5875 Prtedivitem
2881 5822 3030 5874 fuisse
3068 5824 3311 5878 Platonem
3343 5833 3700 5884 asseveth
3716 5829 3911 5896 quidam
3940 5848 3949 5857 ·
