4084 6332
92 406 195 463 φίας)

81 522 177 585 τὰς
213 524 437 585 νύκτας.
468 521 595 574 ἔνθα
629 520 804 590 κῶμοι
845 519 939 572 καὶ
979 518 1141 588 μέθαι
1185 518 1280 571 καὶ
1305 517 1606 587 ἀσέλγειαι,
1636 516 1763 570 ἔνθα

82 610 254 673 ὕπνος
292 610 522 662 θανάτου
551 609 702 663 οὐδὲν
735 606 1061 677 διεστηκώς,
1102 606 1229 659 ἔνθα
1264 607 1563 676 ἀγρυπνίαι
1594 606 1764 658 ὕπνου

81 699 488 770 χαλεπώτεραι.
519 699 581 750 Ol
614 698 711 767 μὲν
738 697 842 767 γάρ
867 695 1216 748 καθεύδουσιν
1248 695 1681 765 ἀνεπαισθήτως,
1715 695 1766 747 οί

81 793 137 846 δέ
171 780 548 862 ἐγρηγόρασιν
582 789 829 851 ἐλεεινῶς
854 788 946 841 καὶ
976 788 1196 851 ἀθλίως,
1231 787 1415 851 δόλους
1449 788 1768 858 βάπτοντες,

84 881 227 950 ὑπὲρ
279 879 580 949 χρημάτων
635 877 1032 947 φροντίζοντες,
1072 877 1222 939 ὅπως
1277 875 1595 946 ἀμύνωνται
1644 874 1769 937 τοὺς

84 969 411 1031 ἀδικοῦντας
445 967 836 1029 σπουδάζοντες
861 1004 875 1025 ,
915 964 1116 1035 ἔχθραν
1160 964 1512 1035 μελετῶντες,
1550 965 1770 1034 ῥήματα

86 1055 383 1127 ὑϐριστικά
409 1054 526 1125 μεθ’
552 1053 766 1123 ἡμέραν
791 1052 1175 1123 ἀναλεγόμενοι
1200 1069 1213 1082 θ
1247 1051 1390 1105 οὕτω
1416 1052 1476 1105 16
1497 1052 1611 1121 πῦρ
1634 1069 1768 1104 σκα-

85 1144 305 1196 λεύουσι
354 1147 454 1213 τῆς
498 1142 688 1213 ὀργῆς,
736 1142 803 1195 16
856 1141 1108 1212 ἀφόρητα
1147 1140 1527 1211 ἐργαζόμενοι.
1567 1141 1769 1193 Σκόπει

86 1230 199 1293 πῶς
237 1230 444 1300 Πέτρος
487 1228 791 1282 ἐκάθευδεν.
838 1227 1214 1295 Οίκονομικῶς
1248 1229 1425 1280 ἐκεῖνο
1452 1227 1674 1296 γέγονεν
1695 1244 1707 1254 ·
1740 1230 1770 1281 6

87 1318 322 1386 ἄγγελος
348 1317 455 1387 γάρ
487 1316 841 1386 παρεγένετο,
862 1314 957 1367 καὶ
978 1314 1165 1367 οὐδένα
1187 1314 1354 1385 ἐχρῆν
1384 1315 1508 1368 ἰδεῖν
1534 1315 1593 1367 τὺ
1618 1314 1772 1383 γενό-

90 1423 251 1475 μενον
273 1422 287 1435 '
326 1404 418 1457 ml
455 1402 614 1456 10610
646 1403 807 1457 πάλιν
836 1402 1034 1466 καλῶς,
1071 1403 1155 1454 ἵνα
1187 1400 1400 1472 κωλυθῇ
1442 1404 1469 1454 6
1497 1402 1771 1471 δεσμοφύ-

88 1492 181 1559 λαξ
207 1493 421 1545 ἀνελεῖν
446 1492 656 1545 ἐαυτόν.
681 1491 793 1543 Kal
817 1490 904 1545 διά
933 1490 983 1542 τί
1008 1490 1081 1560 μὴ
1113 1490 1239 1544 ἄλλο
1261 1493 1485 1560 σημεῖον
1514 1492 1769 1558 γέγονενς

88 1583 208 1635 ὐτι
254 1583 417 1635 τοῦτο
450 1580 603 1653 [276]
643 1580 875 1651 μάλιστα
915 1580 1079 1634 αὐτὸν
1114 1580 1408 1649 ἐφελκύσαι
1448 1581 1542 1633 καὶ
1584 1582 1770 1633 πεῖσαι

90 1671 274 1723 ἱκανὸν
304 1667 373 1742 ἦν
401 1683 451 1733 ιι,
477 1671 610 1722 ὅπου
649 1686 713 1737 γε
747 1668 840 1721 καὶ
869 1669 1031 1731 αὐτὸς
1064 1668 1438 1721 ἐκινδύνευσεν
1466 1668 1531 1721 ἂν
1550 1708 1565 1732 ,
1603 1671 1650 1721 εἰ
1692 1670 1768 1741 μὴ

88 1758 313 1827 γέγονεν
330 1775 343 1789 ·
376 1759 437 1811 οὐ
459 1757 567 1826 γάρ
595 1755 737 1809 οὕτω
761 1755 827 1808 τὰ
856 1754 1109 1820 θαύματα
1139 1756 1287 1826 ἡμᾶς
1308 1756 1471 1826 αἱρεῖ,
1500 1756 1574 1820 ὡς
1600 1755 1667 1809 τά
1692 1760 1771 1822 είς

92 1847 372 1918 σωτηρίαν
406 1846 683 1917 ἡμετέραν
720 1846 939 1915 ῆκοντα.
987 1846 1103 1899 Ἵνα
1143 1844 1217 1916 μὴ
1261 1845 1387 1917 δόξῃ
1436 1847 1544 1900 ἀπὸ
1573 1848 1769 1900 ταύτο-

90 1931 261 2000 μάτου
304 1928 636 2000 γεγενῆσθαι
685 1929 713 1980 δ
754 1929 1011 1999 σεισμὸς,
1047 1929 1454 2002 ἐπηκολούθησε
1492 1932 1771 1985 καὶτοῦτο

88 2021 282 2090 ἐκείνῳ
341 2019 674 2090 μαρτυροῦν.
711 2019 822 2071 Καὶ
865 2021 921 2073 ἐν
952 2021 1110 2073 νυκτὶ
1158 2020 1435 2089 φαίνεται’
1471 2022 1623 2075 οὐδὲν
1661 2022 1770 2094 γὰρ

89 2107 223 2179 πρὸς
261 2108 546 2175 ἐπίδειξιν,
601 2107 736 2161 ἀλλά
771 2109 906 2179 πρὸς
950 2111 1226 2179 σωτηρίαν
1273 2109 1522 2163 ἐποίουν.
1559 2111 1672 2163 Οὐκ
1702 2107 1772 2182 ἦν

88 2196 325 2267 πονηρὸς
344 2196 371 2247 6
400 2196 775 2265 δεσμοφύλαξ·
820 2194 1010 2249 ἔϐαλεν
1039 2198 1236 2260 αὐτοὺς
1264 2201 1343 2261 είς
1365 2198 1464 2269 τὴν
1496 2200 1771 2270 ἐσωτέραν

90 2281 364 2351 φυλακὴν,
393 2282 768 2353 παραγγελίαν
787 2282 1042 2352 τοιαύτην
1072 2282 1275 2347 λαϐὼν,
1305 2284 1403 2337 οὐκ
1430 2287 1521 2353 ἀφ’
1551 2286 1767 2342 ἐαυτοῦ.

88 2370 200 2422 Καὶ
232 2369 324 2423 διὰ
359 2371 411 2422 τί
452 2371 525 2440 μὴ
557 2370 662 2440 πρὸ
704 2369 892 2423 τούτου
923 2370 1147 2441 ἐϐόησεν
1175 2374 1202 2425 6
1245 2371 1489 2437 Παῦλοςς
1528 2373 1770 2444 Θορύϐου

89 2456 293 2521 μεστὸς
316 2457 345 2507 6
376 2456 661 2526 ἄνθρωπος
692 2452 760 2526 ἦν
807 2457 903 2509 καὶ
931 2457 1209 2529 ταραχῆς,
1245 2458 1341 2511 καὶ
1392 2459 1490 2531 οὐκ
1526 2459 1591 2513 ἂν
1635 2468 1787 2529 παρ-⁷

89 2544 335 2611 εδέξατο.
364 2546 460 2598 Διά
487 2545 660 2608 τοῦτο,
690 2547 778 2599 ὅτε
804 2544 941 2599 εἶδεν
977 2548 1168 2601 ἐαυτὸν
1203 2548 1461 2617 μέλλοντα
1492 2550 1735 2619 ἀναιρεῖν
1756 2589 1771 2614 ,

90 2631 613 2702 προκαταλαμϐάνει
634 2633 727 2685 καὶ
754 2634 873 2705 βοᾷ,
904 2634 1079 2702 λέγων
1100 2648 1113 2662 ⁶
1148 2636 1355 2698 Πάντες
1376 2636 1541 2706 ἐσμέν
1564 2636 1770 2689 ἐνθάδε.

86 2718 187 2770 Διὰ
216 2719 383 2772 τοῦτο
429 2720 522 2772 καὶ
565 2720 803 2791 Αίτήσας
854 2721 1007 2789 φῶτα
1052 2723 1416 2793 είσεπήδησε,
1460 2725 1556 2776 καὶ
1602 2742 1774 2795 προσ-

91 2805 252 2859 έπεσε
280 2806 359 2876 τῷ
396 2808 611 2878 Παύλῳ,
670 2810 835 2878 φησὶ,
874 2810 969 2863 καὶ
1006 2810 1083 2881 τῷ
1126 2811 1286 2881 Σίλᾳ.
1323 2812 1415 2874 Είς
1451 2812 1578 2874 τοὺς
1608 2812 1776 2874 πόδας

91 2895 433 2964 προσπίπτει
466 2896 558 2948 τοῦ
589 2895 866 2966 δεσμώτου
894 2900 921 2950 6
956 2896 1151 2967 φύλαξ.
1187 2899 1299 2952 Καὶ
1327 2900 1557 2971 προάγει
1580 2901 1777 2963 αὐτοὺς

90 2981 194 3046 ἔξω
232 2983 333 3035 καὶ
370 2982 514 3050 λέγει
544 2999 557 3011 ⁸
597 2983 811 3053 Κύριοι,
853 2985 905 3037 τί
940 3002 1008 3055 με
1036 2986 1115 3038 δεῖ
1136 2989 1330 3047 ποιεῖν,
1365 2988 1453 3041 ἵνα
1485 2987 1640 3039 σωθῶ
1662 3029 1675 3052 ,
1712 2987 1777 3039 Τί

90 3070 197 3141 γάρ
229 3064 422 3135 εἷπονς
462 3071 603 3141 Ὅρα
632 3071 793 3124 αὐτὸν
820 3073 921 3124 οὐκ
966 3073 1153 3141 ἐπειδὴ
1198 3074 1429 3146 διεσώθη
1473 3076 1567 3129 ἐπὶ
1602 3076 1778 3148 τούτῳ

92 3159 416 3228 στέργοντα,
453 3155 587 3212 ἀλλά
612 3161 711 3229 τὴν
734 3160 965 3232 δύναμιν
997 3162 1357 3230 ἐκπλαγέντα.

162 3241 229 3311 β’.
252 3238 409 3305 Εἶδες
430 3242 481 3294 τί
507 3244 625 3295 ἐκεῖ
648 3244 860 3312 γέγονε,
879 3247 974 3298 καὶ
991 3245 1043 3298 τί
1070 3247 1330 3313 ἐνταῦθα;
1351 3248 1496 3300 Ἐκεῖ
1518 3248 1778 3319 παιδίσκη

91 3330 387 3402 ἀπηλλάγη
439 3330 767 3401 πνεύματος,
820 3334 916 3387 καὶ
972 3336 1052 3398 εἰς
1106 3336 1480 3406 δεσμωτήριον
1526 3336 1779 3391 ἐνέϐαλον

93 3419 311 3483 αὐτοὺς,
350 3421 429 3474 ὃτι
471 3419 851 3490 ἠλευθέρωσαν
888 3422 1058 3493 αὐτὴν
1093 3423 1187 3476 τοῦ
1220 3424 1506 3493 δαίμονος.-
1545 3422 1779 3477 ἐνταῦθα

98 3508 260 3578 μόνον
291 3506 505 3573 ἔδειξαν
539 3508 707 3579 θύρας
739 3510 1062 3580 ἀνεῳγυίας,
1106 3510 1198 3563 καὶ
1240 3511 1449 3582 ἤνοιξεν
1489 3511 1651 3565 αὐτοῦ
1680 3513 1781 3582 τῆς

96 3599 321 3669 καρδία;
358 3601 456 3664 16;
490 3599 680 3671 θύρας,
713 3600 869 3653 ἔλυσε
899 3599 1074 3670 δεσμά
1099 3600 1281 3663 διπλᾶ,
1330 3596 1469 3671 ἦψεν
1507 3601 1682 3653 ἐκεῖνο
1717 3602 1780 3654 τὸ

94 3692 245 3760 φῶς·
299 3689 365 3741 16
399 3688 506 3760 γὰρ
559 3689 616 3740 ἐν
660 3690 725 3758 τῇ
782 3687 981 3758 καρδίᾳ
1016 3687 1181 3739 αὐτοῦ
1226 3688 1340 3756 φῶς
1386 3688 1616 3758 ἔλαμπε.
1670 3690 1780 3743 Καὶ

96 3778 428 3849 εἰσεπήδησε
469 3774 562 3828 καὶ
612 3774 940 3844 προσέπεσε,
972 3774 1067 3827 καὶ¹
1095 3774 1193 3826 οὐκ
1220 3774 1420 3845 ἐρωτᾷ,
1459 3775 1583 3838 Πῶς
1622 3774 1782 3828 τοῦτο

96 3868 288 3935 γέγονε
312 3885 328 3933 ;
354 3866 419 3917 Τί
440 3864 692 3932 γέγονεν;
717 3862 832 3916 ἀλλ’
860 3861 1061 3925 εὐθέως
1088 3861 1248 3933 φησί’
1273 3862 1335 3917 Τί
1355 3879 1431 3931 με
1452 3861 1547 3915 δεῖ
1564 3864 1778 3927 ποίεῖν,

98 3957 195 4008 Ira
233 3951 453 4016 σωθῶ;
488 3953 552 4005 Τί
598 3946 690 4005 οὖν
747 3951 777 4002 6
817 3950 1068 4015 Παῦλος;
1120 3950 1464 4004 Πίστευσον
1514 3950 1613 4003 ἐπὶ
1674 3951 1784 4004 τὸν

96 4046 321 4111 Κύριον
368 4039 611 4107 Ἰησοῦν
641 4038 916 4106 Χριστόν,
958 4037 1057 4089 καὶ
1091 4037 1363 4103 σωθήσῃ,
1394 4038 1547 4106 φησὶ,
1580 4038 1661 4091 σὺ
1684 4038 1782 4091 καὶ

98 4134 129 4184 ό
157 4127 330 4196 οἶκός
355 4145 494 4182 σου.
533 4125 781 4180 Μάλιστα
811 4123 969 4177 τοῦτο
997 4125 1121 4186 τοὺς
1147 4123 1466 4193 ἀνθρώπους
1496 4124 1783 4201 ἐφέλκεται

96 4220 153 4272 16
178 4219 276 4272 καὶ
306 4217 400 4270 τδν
429 4210 575 4268 οἷκον
622 4213 787 4267 αὐτοῦ
820 4212 1080 4282 σωθῆναι.
1128 4211 1235 4265 Καί
1279 4211 1597 4279 ἐλάλησαν
1621 4211 1783 4278 αὐτῷ

99 4306 443 4374 τὸνλόγον,
472 4302 570 4356 καί
602 4301 752 4356 πᾶσι
795 4300 921 4365 τοῖς
950 4300 1020 4353 ἐν
1050 4296 1125 4367 τῇ
1160 4299 1319 4366 οἰκίᾳ
1350 4298 1557 4353 αὑτοῦ.
1594 4300 1784 4352 Ἐλου-

102 4412 190 4449 σεν
226 4395 457 4455 αὐτοὺς,
488 4392 583 4444 καὶ
612 4390 836 4461 ἐλούθη·
868 4388 1107 4450 ἐκείνους
1142 4387 1241 4458 μὲν
1278 4387 1384 4440 ἀπὸ
1424 4387 1532 4441 τῶν
1559 4388 1784 4457 πληγῶν

100 4484 346 4545 ἔλουσεν,
392 4479 555 4541 αὐτὸς
586 4478 641 4531 δὲ
681 4477 789 4531 ἀπὸ
836 4475 943 4529 τῶν
987 4476 1273 4546 ἁμαρτιῶν
1323 4474 1552 4545 ἐλούθη·
1589 4474 1785 4547 ἔθρεψε

101 4573 191 4624 καί
241 4570 483 4643 ἐτράφη.
537 4568 647 4622 Καὶ
699 4563 1062 4636 ἠταλλιᾶτο,
1113 4564 1281 4635 φησί’
1311 4564 1487 4617 καίτοι
1518 4564 1668 4617 οὐδὲν
1692 4560 1783 4635 ἦν,

102 4660 232 4713 ἀλλά
256 4662 487 4731 ῥήματα
524 4656 682 4727 μόνον
713 4656 806 4707 καὶ
844 4653 1059 4716 ἐλπίδες
1088 4652 1339 4723 χρησταί.
1364 4652 1534 4705 Τοῦτο
1559 4656 1788 4723 σημεῖον

100 4742 167 4818 ἦν
182 4747 280 4800 τοῦ
318 4745 746 4798 πεπιστευκέναι
781 4741 963 4805 αὐτὸν,
989 4741 1070 4793 ὅτι
1104 4741 1322 4794 πάντων
1349 4740 1547 4812 ἀφέθη.
1578 4739 1641 4793 Τί
1669 4742 1788 4794 δεσ-

104 4836 426 4906 μοφύλακας
442 4834 643 4903 χεῖρον;
661 4831 713 4884 τί
739 4830 794 4882 δὲ
811 4829 1168 4901 ώμότερον;τί
1190 4828 1245 4881 δὲ
1264 4826 1502 4899 ἀγριώτε
1512 4845 1623 4900 ρον;
1642 4829 1786 4883 Ἀλλ’

102 4926 247 4995 ὅμως
291 4922 437 4993 μετά
467 4920 671 4989 πολλῆς
715 4919 913 4981 αὐτοὺς
959 4916 1255 4981 ὑπεδέξατο
1288 4918 1386 4986 τῆς
1439 4917 1626 4988 τιμῆς.
1673 4918 1787 4971 Οὐκ

103 5009 291 5078 ἐπειδὴ
322 5003 528 5076 ἐσώθη,
562 5002 863 5074 εὐφράνθη,
903 5001 1039 5055 άλλά
1073 4998 1495 5066 Πεπιστευκὼς
1522 4999 1600 5065 τῷ
1621 4999 1743 5067 Θεῷ
1770 5041 1784 5056 .

106 5098 481 5159 Πίστευσον,
512 5094 698 5164 φησὶν,
741 5091 839 5145 ἐπὶ
888 5090 997 5144 τὸν
1022 5090 1262 5157 Κύριον.
1318 5088 1418 5141 Διά
1449 5087 1608 5141 τοῦτο
1630 5086 1748 5142 είπε
1770 5131 1785 5155 ,

104 5178 537 5243 Πεπιστευκὼς
558 5176 640 5243 τῷ
680 5174 819 5241 Θεῷ,
853 5175 939 5227 ἵνα
973 5173 1047 5244 μὴ
1076 5173 1201 5243 δόξῃ
1224 5171 1299 5235 ὡς
1334 5172 1620 5235 κατάδικος
1652 5174 1791 5226 ἀπο-

105 5266 353 5330 λύεσθαι,
375 5264 466 5316 καὶ
488 5264 564 5325 ώς
588 5260 944 5333 ἡμαρτηκὼς.
976 5259 1075 5311 Διά
1095 5257 1255 5310 τοῦτο
1274 5256 1490 5323 λέγουσι
1511 5272 1523 5285 ⁸
1549 5257 1790 5323 Δείραν-

106 5372 199 5421 τες
226 5350 398 5423 ημᾶς
422 5350 685 5420 δημοσίᾳ
707 5347 1140 5416 ἀκατακρίτους
1169 5344 1539 5414 ἀνθρώπους,
1568 5344 1792 5399 ἔϐαλον

104 5447 187 5510 εἷς
211 5437 533 5511 φυλακὴν,
564 5438 652 5490 ἵνα
689 5435 764 5507 μὴ
798 5435 957 5505 μόνον
990 5435 1089 5504 τῆς
1122 5433 1368 5504 χάριτος,
1404 5433 1540 5487 ἀλλὰ
1568 5434 1665 5487 καὶ
1692 5434 1787 5487 αύ-

103 5530 208 5581 τῶν
307 5525 375 5578 16
404 5523 658 5593 πρᾶγμα.
703 5521 842 5591 Ὂρα
883 5518 1121 5601 διάφορα.
1145 5518 1243 5589 τὴν
1270 5519 1432 5589 χάριν
1475 5518 1792 5589 οἰκονομοῦ-

109 5635 226 5682 σιιν,
252 5599 388 5676 πῶς
426 5612 629 5673 ἐκεῖνος
673 5608 887 5679 ἐξῆλθε,
919 5607 1036 5670 πῶς
1065 5599 1242 5669 0610;,
1270 5607 1449 5659 καίτοι
1490 5606 1792 5677 ἀμφότεροι

108 5702 418 5757 ἀπόστολοι.
458 5698 914 5767 Ἔροϐὴθησαν,
956 5696 1110 5765 φησί.
1148 5693 1475 5758 Φοϐοῦνται,
1513 5695 1595 5748 δτι
1654 5696 1791 5747 Ῥωο

114 5792 256 5861 μαῖοί
283 5792 446 5851 εἰσιν,
488 5788 587 5856 οὐχ
624 5788 706 5839 ὅτι
752 5784 949 5848 ἀδίκως
976 5782 1247 5837 ἐνέϐαλον.
1283 5783 1393 5837 Καὶ
1423 5783 1663 5850 ἠρώτων
1687 5786 1785 5836 αὑ.

110 5881 249 5944 τοὺς
275 5876 555 5941 ἐξελθεῖν
583 5875 702 5929 ἀπὸ
718 5873 829 5941 τῆς
850 5875 1102 5938 πόλεως.
1127 5872 1303 5942 Χάριν
1326 5872 1537 5943 ᾔτησαν
1561 5870 1789 5943 ταύτην.

113 5973 167 6019 ωί
232 5966 292 6021 δὲ
323 5963 573 6028 ἐλθόντες
629 5950 764 6033 1196;
807 5962 929 6035 τὴν.
958 5961 1195 6023 Λυδίαν,
1252 5962 1347 6013 καὶ
1390 5958 1793 6029 βεϐαιώσαντες

174 6070 189 6091 ⁸
207 6069 313 6122 Αἰξί
330 6068 477 6117 αὐτὸν
502 6069 832 6132 ἐφειλκύσατο,
860 6067 1020 6116 ίκανδν
1045 6067 1095 6114 ὃν
1119 6067 1295 6115 πεῖσαι.

1116 403 1183 461 ια
1222 403 1404 460 ACTA
1442 399 2241 459 APOSTOLORUMJIOMIL.
2278 402 2520 460 XXXVI.

3455 415 3564 471 200

1872 516 2063 587 αὐτὴν,
2105 518 2277 582 οὔτως
2308 519 2556 588 ἐξῆλθον.
2596 519 2669 571 Οὐ
2692 519 2800 590 γάρ
2835 518 2943 573 ἔδει
2976 521 3073 592 τὴν
3100 523 3374 595 ξενοδόχον
3407 526 3565 592 ἀφεῖ-

1871 622 1958 658 ναι
1974 608 2032 658 ἐν
2050 607 2220 675 ἀγῶνι
2238 609 2333 660 καὶ
2354 609 2617 680 μερίμνῃ.
2640 608 2892 679 Ἐξῆλθον
2907 609 2985 669 δὲ.
3005 611 3103 663 οὐκ
3122 614 3352 676 ἐκείνοις
3376 611 3565 665 πειθό-

1875 711 2059 762 μενοι,
2094 695 2229 748 ἀλλά
2253 697 2346 747 ἐπὶ
2378 696 2438 748 16
2470 698 2736 767 κήρυγμα
2775 698 3116 763 σπεύδοντες,
3155 698 3306 771 [277]
3331 701 3432 767 τῆς
3461 699 3565 752 πό-

1869 780 2007 845 λεως
2042 781 2130 835 διὰ
2159 782 2253 835 τοῦ
2298 782 2579 853 θαύματος
2614 783 2815 846 ἱκανῶς
2850 784 3260 856 ὠφεληθείσης’
3295 786 3404 839 ἔδει
3454 784 3566 857 γὰρ

1873 869 1949 939 μὴ
1986 871 2326 940 παραμένειν
2358 870 2564 939 λοιπόν.
2596 872 2668 923 T6
2704 872 2814 943 γάρ
2846 872 3031 944 θαῦμα
3070 873 3255 943 μεῖζον
3290 874 3565 943 φαίνεται,

1868 957 1976 1010 τῶν
2014 959 2409 1029 ἐργασαμένων
2460 960 2933 1030 ἀποδημησάντων
2974 961 3107 1014 αὐτὸ
3147 962 3350 1032 μᾶλλον
3401 962 3560 1033 βοῶν·

1868 1047 1902 1115 ἡ
1936 1045 2043 1118 γὰρ
2069 1047 2161 1099 τοῦ
2197 1047 2611 1118 δεσμοφύλακος
2643 1049 2827 1113 πίστις
2860 1050 2982 1103 ἀντὶ
3017 1052 3202 1121 φωνῆς
3227 1047 3316 1123 ἦν.
3346 1053 3410 1105 Τί
3435 1050 3531 1104 τού
3558 1074 3571 1086 ’

1868 1151 1961 1187 του
1995 1134 2145 1201 ίσον;
2198 1138 2487 1206 Δεσμεῖται
2532 1137 2625 1190 καὶ
2672 1137 2790 1190 λύει
2819 1138 3139 1207 δεδεμένος,
3179 1139 3295 1193 λύει
3336 1140 3564 1195 διπλοῦν

1867 1220 2104 1292 δεσμόνο
2147 1223 2237 1276 τὸν
2284 1223 2524 1293 δήσαντα
2575 1225 2735 1278 ἔλυσε
2789 1226 2878 1279 διὰ
2923 1227 3018 1279 τοῦ
3060 1226 3302 1297 δεθῆναι.
3352 1230 3561 1293 Ὄντως

1868 1308 2043 1363 ταῦτα
2070 1311 2291 1380 χάριτος
2319 1310 2479 1380 ἔργα.
2502 1312 2634 1365 Νῦν
2662 1308 2800 1377 οὖν,
2836 1313 3023 1382 φησὶν,
3053 1312 3428 1381 ἐξελθόντες,
3458 1332 3562 1369 που

1861 1402 2118 1468 ρεύεσθε
2157 1402 2227 1455 ἐν
2264 1400 2474 1469 εἰρήνῃ
2497 1420 2511 1433 ·
2547 1403 2814 1466 τουτέστι,
2863 1404 3001 1473 μετὰ
3042 1405 3361 1473 ἀσφαλείας,
3395 1405 3566 1477 μηδὲν

1867 1488 2191 1553 δεδοικότες.
2233 1489 2446 1550 ’Ἄλλως
2492 1490 2550 1542 δὲ
2592 1491 2685 1542 καὶ
2729 1490 2917 1543 τοῦτον
2947 1504 2971 1531 δ
3010 1492 3115 1555 ἔξω
3153 1491 3401 1545 κινδύνου
3438 1492 3565 1564 βούο

1869 1577 2050 1629 λονται
2096 1577 2389 1645 γενέσθαι,
2424 1578 2515 1631 ἵνα
2560 1580 2636 1649 μὴ
2686 1580 2824 1649 μετά
2866 1578 3041 1633 ταῦτα
3093 1580 3417 1650 ἐγκαλῆται.
3456 1582 3565 1635 Καὶ

1868 1665 1929 1718 οὐ
1950 1666 2188 1733 λέγουσι,
2218 1666 2507 1736 Δείραντες
2532 1669 2679 1737 ἡμᾶς
2700 1668 2892 1721 ἔϐαλον
2910 1670 2989 1732 εἰς
3012 1668 3282 1738 φυλακὴν,
3310 1669 3566 1739 θαύματα

1869 1754 2306 1825 ἐργασαμένους·
2340 1754 2460 1807 οὐδὲ
2503 1758 2611 1826 γάρ
2652 1756 2862 1820 τούτοις
2896 1759 3216 1828 προσεῖχοψ
3264 1758 3379 1812 ἀλλ’
3410 1760 3437 1811 ὃ
3469 1759 3568 1829 μά-

1868 1841 2025 1894 λιστα
2054 1842 2233 1895 αὐτῶν
2275 1844 2451 1895 σεῖσαι
2508 1842 2607 1913 τὴν
2645 1844 2884 1896 διάνοιαν
2922 1844 3179 1911 ἐδύνατο,
3232 1846 3567 1915 Ἀκατακρί-

1870 1946 2052 1996 τους,
2110 1932 2277 2001 φησὶ,
2338 1930 2437 1983 καί
2487 1932 2817 1999 Ῥωμαίους
2884 1932 3295 2000 ὑπάρχοντας.
3357 1933 3563 1989 Τούτου

1875 2018 2311 2088 μνημονεύωμεν
2351 2017 2448 2070 τοῦ
2479 2018 2763 2088 δεσμώτου
2792 2018 2818 2058 b
2851 2019 3164 2083 διαπαντὸς,
3202 2022 3278 2093 μὴ
3307 2021 3400 2074 τοῦ
3432 2021 3566 2075 θαύο

1875 2122 2063 2175 ματος.
2120 2106 2186 2157 Τί
2243 2107 2462 2177 ἐροῦσιν
2510 2100 2808 2176 Ἕλληνες,
2852 2108 2971 2171 πῶς
3022 2107 3309 2179 δεσμώτης
3367 2108 3445 2163 ὣν
3472 2109 3565 2163 τὸν

1870 2192 2260 2263 δεσμοφύλακα
2301 2194 2518 2259 ἐπεισε;
2547 2195 2657 2247 Καὶ
2680 2194 2824 2255 τίνα,
2859 2195 3015 2263 φησὶ,
3051 2196 3344 2267 πεισθῆναι
3373 2198 3564 2268 ἐχρῆν,
3658 2261 3663 2265 ,

1871 2280 1905 2350 ἢ
1948 2281 2146 2351 μιαρὸν
2193 2280 2481 2354 ἄνθρωπον
2534 2276 2629 2334 καὶ
2678 2282 3025 2351 ταλαίπωρον
3072 2284 3166 2337 καὶ
3220 2283 3321 2337 οὐκ
3372 2285 3567 2355 ἔχοντα

1870 2367 2016 2430 νοῦν,
2044 2367 2255 2437 μυρίων
2278 2380 2298 2406 ο
2318 2368 2559 2438 γέμοντα
2571 2369 2759 2423 κακῶν
2774 2370 2867 2422 καὶ
2884 2370 3306 2441 εὐπαράγωγον;
3325 2373 3447 2425 Ἐτι
3470 2372 3567 2426 καὶ

1870 2456 2043 2508 ταῦτα
2072 2457 2437 2529 προφέρουσι·
2473 2457 2568 2520 Τίς
2583 2456 2768 2528 γάρ,ἢ
2803 2456 3061 2528 βυρσεὺς,
3097 2458 3563 2529 πορφυρόπωλις,

1871 2543 2146 2613 εὐνοῦχος,
2174 2533 2538 2613 δεσμοφύλαξ,
2569 2533 2869 2597 δοῦλοικαὶ
2911 2547 3169 2612 γυναῖκες
3199 2546 3564 2610 ἐπίστευσαν;

1873 2631 1937 2684 Τί
1953 2627 2045 2685 οὖν
2068 2634 2243 2685 εἰπεῖν
2258 2632 2612 2703 δυνήσονται,
2635 2635 2763 2686 ὅταν
2778 2633 2871 2685 καὶ
2888 2633 3013 2695 τοὺς
3038 2634 3096 2685 ἐν
3126 2633 3401 2704 ἀξιώμασι
3423 2651 3568 2705 παρ-

1873 2720 2172 2791 αγάγωμεν
2193 2761 2207 2785 ,
2256 2721 2348 2780 τὸν
2378 2722 2813 2791 ἑκατόνταρχον,
2849 2721 2939 2773 τὸν
2980 2721 3325 2789 ἀνθύπατον,
3355 2725 3481 2786 106;
3505 2721 3568 2788 ἐξ

1874 2810 2083 2862 ἐκείνου
2117 2809 2283 2879 μέχρι
2310 2810 2404 2861 τοῦ
2441 2810 2535 2861 νῦν
2559 2851 2573 2876 ,
2602 2810 2802 2873 αὐτοὺς
2841 2810 2969 2874 τοὺς
3019 2811 3357 2881 κρατοῦντας
3378 2853 3393 2875 ,
3440 2812 3568 2874 106;

1877 2896 2149 2967 βασιλεῖς;
2213 2897 2355 2966 Ἐγὼ
2389 2898 2443 2951 δὲ
2474 2898 2662 2970 ἕτερον
2701 2898 2845 2968 λέγω
2869 2898 3061 2952 τούτου
3110 2899 3293 2969 μεῖζον
3324 2916 3336 2928 °
3369 2901 3569 2963 αὐτοὺς

1873 2988 2001 3049 τοὺς
2044 2986 2281 3051 εὐτελεῖς
2333 2988 2551 3057 ἴδωμεν.
2603 2988 2713 3040 Καὶ
2759 2987 2861 3040 ποῦ
2900 2989 2959 3040 16
2999 2987 3344 3057 θαυμαστὸν,
3388 2989 3567 3059 φησί;

1876 3075 2049 3128 Τοῦτο
2086 3076 2185 3145 μὲν
2213 3072 2306 3128 οὖν
2342 3075 2686 3144 θαυμαστόν·
2717 3074 2783 3128 ἂν
2826 3076 2927 3146 μὲν
2963 3077 3073 3146 γάρ
3103 3077 3301 3148 πεισθῇ
3329 3093 3411 3141 τις
3441 3078 3571 3148 περὶ

1876 3164 1984 3219 τῶν
2011 3163 2305 3232 τυχόντων,
2341 3164 2494 3215 οὐδὲν
2540 3162 2880 3232 θαυμαστόν·
2920 3163 3049 3216 ὅταν
3079 3162 3135 3215 δὲ
3170 3164 3300 3234 περὶ
3332 3164 3572 3218 ἀναστά-

1879 3270 2036 3316 σεως,
2095 3251 2225 3323 περ)⁵
2282 3250 2561 3321 βασιλείας
2616 3251 2895 3323 οὐρανῶν,
2934 3252 3063 3323 περὶ
3114 3252 3229 3322 βίου
3277 3252 3571 3322 φιλοσόφου

1876 3341 2134 3412 ἀνδράσιν
2159 3340 2404 3393 εὐτελέσι
2448 3341 2766 3410 διαλέγηται
2810 3342 2904 3393 καὶ
2954 3342 3152 3411 πείθῃ,
3190 3341 3572 3411 θαυμαστότε-

1882 3446 1973 3499 ρον
2002 3429 2179 3491 ἕσται,
2204 3428 2236 3498 ἢ
2266 3430 2312 3480 εἱ
2339 3429 2539 3497 σοφοὺς
2575 3428 2816 3480 ἔπειθεν.
2857 3422 3027 3481 ’Ὀταν
3061 3430 3169 3499 γὰρ
3211 3429 3287 3500 μὴ
3388 3429 3573 3482 κίνδυ-

1879 3534 1989 3581 νος,
2023 3518 2117 3570 καὶ
2144 3516 2307 3589 πείθῃ
2322 3535 2425 3580 τις,
2448 3517 2629 3580 καλῶς
2656 3517 2755 3585 τὴν
2772 3516 2959 3571 ἄνοιαν
2988 3518 3066 3580 είς
3088 3516 3253 3587 μέσον
3288 3517 3570 3589 φέρουσιν·

1877 3605 2006 3658 ὅταν
2028 3604 2082 3657 δὲ
2107 3605 2239 3675 λέγῃ
2271 3605 2349 3674 τῶ
2374 3603 2545 3674 δούλῳ
2574 3603 2713 3657 κατά
2746 3603 2827 3666 σὲ,
2861 3605 2942 3656 ὅτι
2964 3644 2979 3668 ,
3029 3606 3128 3656 “Av
3160 3604 3389 3675 πεισθῇς
3422 3606 3571 3675 ἐμοὶ,

1879 3693 2232 3755 κινδυνεύεις,
2269 3693 2479 3755 πάντας
2505 3692 2650 3757 ’ἐξεις
2691 3691 3018 3761 πολεμίους,
3057 3692 3138 3744 δεῖ
3169 3709 3227 3744 σε
3254 3693 3572 3757 ἀποθανεῖν,

1883 3784 2051 3853 μυρία
2070 3781 2261 3834 παθεῖν
2278 3782 2444 3846 κακά,
2463 3776 2583 3834 εἶτα
2598 3782 2769 3842 οὓτως
2787 3780 2882 3851 ’ἐλῃ
2898 3782 2997 3851 τὴν
3018 3780 3198 3850 ψυχὴν
3223 3782 3453 3847 ἐκείνου,
3473 3784 3577 3837 οὐκ

1878 3869 1960 3921 ἔτι
1983 3869 2141 3921 τοῦτο
2171 3869 2378 3931 ἀνοίας.
2419 3869 2481 3919 Εἰ
2520 3869 2615 3937 μὲν
2652 3869 2761 3939 γὰρ
2793 3867 2861 3920 τά
2897 3868 3148 3937 δόγματα
3180 3868 3376 3939 ἡδονὴν
3407 3866 3575 3940 εἶχεν,

1880 3959 2103 4019 εἰκότως
2137 3956 2202 4011 ἀν
2224 3974 2307 4019 τις
2336 3956 2497 4008 τοῦτο
2526 3952 2719 4007 εἶπεν·
2756 3957 2802 4008 εί
2840 3957 2894 4008 δέ
2915 3997 2930 4022 ,
2970 3957 3108 4027 ὅπερ
3137 3956 3237 4008 οὐκ
3270 3957 3335 4010 ἂν
3371 3957 3580 4012 εἴλοντο

1881 4046 2160 4115 φιλόσοφοι
2176 4046 2389 4115 μαθεῖν,
2403 4043 2561 4097 τοῦτο
2576 4048 2602 4097 6
2618 4043 2799 4107 δοῦλος
2818 4044 3079 4113 μανθάνει
3095 4046 3277 4114 μεῖζον
3294 4046 3352 4098 16
3365 4046 3573 4117 θαῦμα.

1880 4134 1991 4186 Καὶ
2025 4134 2073 4185 εί
2098 4132 2375 4202 βούλεσθε,
2404 4135 2494 4185 τὸν
2539 4132 2878 4203 βυρσοδέψην
2910 4132 3075 4185 αὐτὸν
3104 4135 3186 4195 είς
3229 4133 3393 4203 μέσον
3418 4135 3575 4205 ἐνέγ-

1882 4238 2096 4291 κωμεν,
2131 4220 2228 4273 καὶ
2260 4220 2460 4289 ἴδωμεν
2513 4219 2564 4272 τί
2622 4220 2773 4287 αὐτῷ
2812 4219 3084 4287 διελέγετο
3118 4222 3147 4271 ὁ
3177 4221 3387 4292 Πέτρος
3409 4238 3422 4252 ·
3460 4223 3494 4293 ἢ
3528 4225 3576 4277 ει

1884 4310 2059 4373 θέλεις
2072 4310 2234 4364 αὐτόν
2259 4309 2448 4362 τοῦτον
2464 4310 2554 4361 τὸν
2578 4309 2987 4380 δεσμοφύλακα.
3003 4310 3069 4362 Τί
3087 4306 3179 4363 οὖν
3196 4310 3343 4382 αὐτῷ
3372 4305 3527 4365 εἶπεν
3548 4314 3577 4365 6

1883 4399 2133 4463 Παῦλος;
2172 4399 2294 4451 Ὅτι
2328 4400 2357 4451 6
2388 4397 2628 4468 Χριστὸς
2663 4398 2895 4469 άνέστη,
2944 4399 3134 4469 φησὶν,
3168 4400 3247 4452 ὅτι
3276 4400 3580 4466 ἀνάστασίς

1883 4490 1999 4542 ἐστι
2024 4486 2254 4558 νεκρῶν,
2288 4488 2370 4539 ὅτι
2406 4485 2685 4556 βασιλεία·
2719 4487 2814 4541 καὶ
2850 4486 3076 4540 ἔπεισεν
3112 4486 3353 4551 εὐκόλως
3374 4490 3582 4559 εὐπαρ-

1884 4576 2101 4645 άγωγον
2146 4575 2296 4627 δντα.
2349 4574 2415 4626 Τί
2435 4568 2563 4640 06v;
2618 4574 2747 4645 περὶ
2792 4574 2910 4644 βίου
2941 4573 3095 4628 οὐδὲν
3126 4570 3299 4637 εἶπεν,
3353 4576 3435 4629 ὅτι
3468 4593 3579 4630 σω-

1884 4669 2101 4737 φρονεῖν
2134 4666 2231 4728 δεῖ,
2260 4666 2343 4717 ὅτι
2372 4664 2675 4734 χρημάτων
2711 4665 2959 4734 κρατεῖν,
3011 4663 3095 4715 ὅτι
3137 4662 3211 4734 μὴ
3243 4659 3382 4717 εἷναι
3404 4663 3577 4735 ὠμὸν,

1886 4758 1969 4810 ὅτι
1993 4756 2063 4809 τά
2090 4754 2259 4809 αὐτοῦ
2308 4753 2510 4807 διδόναι
2550 4752 2789 4823 ἐτέροις;
2832 4752 2907 4805 Οὐ
2948 4752 3056 4823 γάρ
3083 4753 3147 4823 δὴ
3182 4753 3276 4806 καὶ
3312 4754 3372 4806 τὸ
3406 4755 3582 4810 ταῦτα

1886 4847 2175 4919 πεισθῆναι
2208 4846 2397 4908 ἀνοίας
2420 4841 2522 4915 ἦν,
2558 4844 2697 4897 ἀλλά
2729 4845 2824 4897 καὶ
2869 4844 3117 4915 μεγάλης
3154 4844 3353 4916 ψυχῆς.
3398 4847 3580 4902 Ἔστω

1885 4935 1994 5008 γὰρ
2015 4937 2082 4990 τά
2112 4936 2363 5006 δόγματα
2406 4933 2511 4986 ὐπὸ
2550 4932 2741 4996 ἀνοίας
2787 4932 2989 5002 μᾶλλον
3028 4933 3229 4997 αὐτοὺς
3278 4936 3583 5007 παραδέχε-

1888 5026 2041 5079 σθαι·
2096 5024 2158 5077 τὸ
2210 5024 2324 5093 βίον
2377 5021 2520 5075 οὕτω
2593 5020 2886 5090 φιλόσοφον
2940 5021 3370 5092 καταδέχεσθαι,
3420 5025 3582 5088 ποίας

1891 5116 2078 5179 ἀνοίας
2104 5111 2205 5185 ἦνί
2232 5114 2395 5165 Ὥστε
2424 5112 2534 5181 ὅσῳ
2558 5110 2623 5163 ἂν
2644 5104 2928 5182 ἀνόητοςῇ
2960 5111 2988 5163 6
3028 5098 3351 5180 πειθόμενος
3377 5154 3390 5179 ,
3429 5111 3582 5185 [Ξῖ8]

1890 5203 2151 5273 πείθηται
2203 5200 2260 5253 δὲ
2307 5200 2504 5263 ταῦτα,
2548 5198 2583 5251 ἃ
2641 5198 2777 5269 μηδὲ
2834 5198 3117 5267 φιλόσοφοι
3145 5200 3332 5251 πεῖσαι
3355 5199 3583 5270 ἴσχυσαν

1886 5293 2013 5357 τοὺς
2040 5289 2366 5361 φιλοσόφους
2390 5328 2406 5354 ,
2445 5288 2630 5359 μεῖζον
2667 5287 2728 5339 τὸ
2767 5285 2954 5357 θαῦμα
2978 5285 3221 5353 γίνεται,
3262 5287 3499 5357 μάλιστα
3526 5288 3582 5341 δὲ

1888 5380 2017 5435 ὅταν
2046 5380 2140 5433 καὶ
2184 5380 2445 5446 γυναῖκες
2498 5378 2591 5428 καλ⁵
2636 5374 2816 5428 δοῦλοι
2862 5375 3181 5439 πείθωνται,
3226 5375 3323 5427 καὶ
3364 5375 3451 5428 διά
3472 5376 3583 5431 τῶν

1889 5470 2068 5540 ἔργων
2094 5466 2268 5520 ταῦτα
2301 5463 2726 5528 ἐπιδείκνυνται,
2757 5464 2896 5536 άπερ
2931 5464 3217 5528 Πλάτωνες
3244 5464 3341 5517 καὶ
3377 5465 3583 5530 πάντες

1892 5561 2088 5612 ἐκεῖνοι
2109 5555 2304 5609 οὐδένα
2350 5557 2536 5606 πεῖσαι
2576 5555 2824 5624 ἴσχυσαν.
2846 5553 2958 5606 Καὶ
2980 5553 3033 5605 τί
3055 5551 3218 5621 λέγω,
3243 5552 3326 5605 ὅτι
3352 5552 3581 5621 οὐδένας

1892 5647 2026 5700 υύδέ
2056 5642 2301 5705 ἑαυτούς.
2337 5642 2460 5695 ’Ότι
2484 5640 2592 5711 γάρ
2635 5640 2937 5711 χρημάτων
2972 5640 3031 5692 ού
3076 5638 3156 5691 δεῖ
3195 5642 3581 5711 καταφρονεῖν,

1891 5733 2120 5790 Πλάτων
2196 5730 2415 5796 ἔπεισε,
2488 5728 2762 5797 τοσαύτην
2822 5727 3145 5799 περιουσίαν
3224 5727 3319 5779 καὶ
3378 5726 3586 5797 πλῆθος

1894 5821 2194 5894 χρημάτων
2236 5819 2334 5873 καὶ
2381 5815 2704 5880 δακτυλίους
2762 5815 2999 5885 χρυσοῦς
3046 5816 3140 5867 καὶ
3197 5814 3396 5883 φιάλας
3426 5832 3586 5890 περι-

1957 5941 1983 5968 ⁸
2019 5939 2101 5988 Sic
2148 5937 2444 5997 rescriptum
2469 5947 2497 5983 e
2524 5932 2681 5983 tribus
2704 5947 2822 5981 mss.
2855 5942 2909 5997 ει
2938 5933 3120 5989 δω·ὶ1.;
3156 5931 3372 5997 -Μοιιιίζ,
3397 5929 3563 5997 τοῦτο.

1894 6001 2033 6075 Ευιῖ.
2100 6000 2127 6040 ιι
2151 5999 2234 6050 Sic
2264 5993 2417 6050 Silvii.
2448 5997 2624 6048 Morel.
2654 5996 3037 6059 δεσμοφύλακος.
3104 5997 3127 6026 ⁸
3155 5994 3269 6045 Mss.
3295 5993 3423 6057 νοῦν,
3455 5996 3582 6046 ἀλλὰ

1900 6079 2094 6127 μυρίων.
