4084 6332
190 456 293 513 SH

186 572 419 640 gloriam
454 570 769 643 popularem
805 566 1088 639 despicere
1123 578 1231 619 nou
1262 567 1563 632 oporteret,
1592 556 1792 612 Socra-

186 673 273 721 tes
326 666 466 735 ipse,
510 664 603 736 qui
639 671 920 734 tantopere
980 655 1482 730 philosOphahatur,
1530 647 1790 713 ostendit,

186 760 283 830 qui
313 760 497 815 omnia
536 758 606 814 ad
646 756 871 830 gloriam
917 751 1169 809 faciebat.
1216 750 1281 804 Et
1312 748 1357 803 si
1387 743 1606 817 quidem
1647 742 1795 797 illius

188 852 589 907 sententiarum
637 846 796 920 periti
849 845 1063 908 essetis,
1113 840 1340 897 multum
1388 836 1474 892 his
1517 834 1589 891 de
1630 833 1794 889 rebus

190 957 509 997 sermonem
546 952 821 995 moverem
848 977 864 1001 ,
896 933 1355 1001 ostenderemque
1399 926 1621 984 multam
1652 920 1792 995 apud

190 1032 317 1088 illos
366 1046 486 1088 esse
534 1030 784 1095 ironiam,
828 1027 873 1082 si
925 1024 1144 1096 quidem
1189 1019 1440 1089 discipuli
1487 1016 1607 1087 ejus
1635 1014 1796 1070 dictis

190 1122 420 1178 credere
451 1122 529 1176 fas
555 1121 665 1185 sit;
695 1127 750 1175 et
770 1115 1041 1188 quomodo
1067 1129 1100 1170 a
1126 1126 1261 1169 vana
1275 1108 1449 1182 gloria
1467 1120 1658 1163 omnes
1679 1104 1796 1176 ejus

193 1213 371 1267 litera:
390 1218 764 1281 argumentum
792 1207 1044 1262 habeant.

265 1303 323 1359 3.
353 1301 457 1358 Sed
487 1300 665 1356 missis
690 1299 818 1365 illis,
848 1296 1004 1353 nobis
1028 1293 1158 1366 ipsis
1187 1293 1493 1364 loquamur.
1525 1288 1659 1344 Nam
1690 1301 1789 1342 su-

192 1408 287 1463 pra
342 1392 502 1449 dictis
552 1392 655 1448 hoc
696 1405 911 1462 quoque
956 1386 1284 1450 addendum,
1328 1383 1474 1457 quod
1517 1396 1644 1453 cum
1695 1393 1797 1435 suo

192 1486 439 1556 periculo
470 1486 553 1541 his
580 1484 1041 1554 obtemperarent.
1072 1479 1151 1536 Ne
1180 1479 1343 1551 igitur
1376 1474 1666 1546 impudens
1694 1473 1791 1538 sis,

192 1577 292 1633 sed
310 1578 609 1647 cogitemus
635 1576 783 1631 illam
801 1582 1039 1638 noctem,
1068 1572 1294 1643 lignum,
1319 1570 1580 1641 hymnos;
1610 1574 1665 1621 et
1696 1566 1813 1622 hoc.

195 1684 297 1723 nos
329 1667 508 1724 facere
536 1667 849 1724 studeamus
875 1708 890 1733 ,
920 1675 974 1721 et
1003 1665 1313 1735 aperiemus
1350 1661 1505 1716 nobis
1541 1674 1647 1714 non
1680 1674 1799 1713 car-

194 1775 405 1828 cerem,
432 1760 528 1815 sed
563 1759 779 1814 etclam.
814 1757 870 1814 Si
901 1771 1207 1828 precemur,
1236 1753 1427 1811 caelum
1462 1752 1638 1822 ipsum
1664 1765 1795 1820 ape-

196 1855 309 1909 rire
367 1851 685 1923 poterimus.
737 1852 883 1907 Elias
928 1859 982 1905 et
1025 1848 1220 1904 clausit
1239 1856 1297 1903 et
1336 1846 1549 1920 aperuit
1604 1843 1796 1899 etclam

195 1945 473 2016 precibus.
521 1944 615 1999 Est
663 1956 877 2014 quoque
918 1942 969 1996 in
1001 1941 1136 1996 caalo
1185 1952 1393 1995 carcer.
1427 1936 1792 2006 Quacumque,

196 2039 397 2109 inquit,
436 2037 712 2108 ligaveritis
733 2052 886 2104 super
915 2046 1124 2100 terram,
1156 2043 1305 2087 erunt
1330 2032 1490 2103 ligata
1518 2040 1566 2083 et
1592 2029 1647 2083 in
1673 2028 1798 2083 ra’lo

198 2132 417 2204 (Matth.
449 2132 535 2187 16.
560 2130 675 2204 19).
699 2130 990 2187 Precemur
1006 2138 1189 2193 noctu,
1220 2134 1279 2183 et
1298 2126 1415 2182 haec
1439 2124 1652 2180 vincula
1683 2125 1797 2213 sol-

197 2238 411 2278 vemus.
441 2222 593 2291 Quod
630 2223 774 2277 enim
804 2235 992 2292 preces
1015 2228 1230 2291 peccata
1257 2218 1510 2284 solvant,
1540 2216 1695 2272 nobis
1720 2217 1796 2270 vi-

197 2313 305 2367 dua
338 2313 683 2382 persuadeat,
716 2313 913 2384 illeque
942 2312 1148 2367 amicus
1169 2311 1259 2381 qui
1290 2310 1611 2379 intempesta
1643 2316 1800 2363 nocte

200 2416 514 2477 perseverat
567 2416 622 2462 et
676 2406 853 2476 pulsat
903 2423 917 2458 :
962 2404 1279 2476 persuadeat
1339 2412 1395 2459 et
1436 2402 1722 2459 Cornelius
1781 2421 1795 2456 ε

202 2500 476 2554 Orationes
500 2509 600 2553 tua:
620 2540 635 2564 ,
668 2499 870 2569 inquit,
900 2506 947 2551 et
972 2498 1301 2566 eleemosyna:
1328 2505 1429 2549 tum
1458 2494 1799 2549 ascenderunt

196 2594 252 2645 in
282 2601 554 2661 conspectu
594 2589 689 2643 Dei
720 2590 856 2659 (Act.
890 2588 978 2644 10.
1007 2586 1064 2657 4)
1092 2604 1121 2665 ;η
1140 2586 1460 2658 persuadeat
1486 2586 1638 2640 nobis
1664 2584 1802 2639 Pau-

198 2687 285 2741 lus
311 2685 498 2739 diccns
528 2700 542 2736 :
569 2683 698 2748 Quae
725 2692 891 2735 autent
919 2696 1031 2736 vere
1060 2679 1212 2734 vidua
1232 2688 1304 2733 est
1327 2687 1373 2732 et
1398 2676 1651 2743 solitaria,
1681 2693 1799 2745 spe-

199 2777 332 2830 ravit
368 2779 420 2828 in
451 2774 636 2841 Deum,
681 2781 729 2826 et
757 2780 1040 2841 perseverat
1079 2774 1135 2825 in
1176 2770 1410 2840 precibus
1454 2776 1601 2822 nocte
1627 2776 1674 2820 et
1720 2767 1803 2820 die

200 2869 219 2939 (
251 2869 301 2923 I.
337 2866 470 2921 Tim.
501 2867 554 2923 5.
588 2867 683 2933 5).
732 2863 790 2921 Si
829 2865 897 2919 de
922 2863 1078 2918 vidua
1106 2905 1121 2929 ,
1150 2861 1361 2919 inﬁrma
1390 2860 1652 2925 muliere,
1686 2860 1802 2915 haec

201 2960 293 3015 ille
316 2959 469 3023 dicit,
497 2958 667 3012 multo
696 2957 869 3028 magis
897 2954 966 3011 de
996 2955 1146 3009 viris.

276 3050 545 3105 Orandum
573 3047 1023 3103 noctu.—Etiam
1055 3046 1163 3101 dixi
1216 3043 1388 3110 vobis,
1432 3052 1488 3100 et
1546 3058 1686 3099 nunc
1716 3042 1799 3098 di-

199 3160 319 3200 cam
356 3161 367 3197 :
400 3142 709 3197 Excitemur
734 3150 920 3203 nocte;
962 3139 1169 3196 etiamsi
1214 3153 1324 3193 non
1368 3138 1566 3193 multas
1594 3137 1801 3191 oratio-

201 3251 300 3290 nes
325 3235 560 3299 emittas,
592 3248 751 3287 unam
781 3233 967 3289 emitte
996 3246 1118 3286 cum
1160 3229 1455 3301 vigilantia,
1482 3238 1538 3285 et
1564 3227 1798 3284 sufﬁcit:
1832 3252 1835 3259 -

202 3325 340 3380 nihil
363 3325 589 3395 amplius
615 3330 762 3395 peto.
790 3322 847 3378 Si
878 3338 985 3378 non
1021 3320 1194 3377 media
1227 3332 1407 3388 nocte,
1437 3321 1628 3376 saltem
1663 3320 1801 3374 dilu-

200 3418 349 3473 culo.
381 3415 617 3472 Ostende
658 3424 870 3471 noctem
905 3428 1012 3469 non
1042 3414 1205 3468 modo
1233 3413 1478 3483 corporis
1517 3427 1657 3474 esse.
1703 3411 1801 3467 sed

200 3511 367 3564 etiam
396 3510 590 3564 anima:
621 3525 636 3562 :
664 3522 732 3563 ne
760 3508 905 3563 sinas
934 3506 1080 3562 illam
1125 3504 1390 3560 inutiliter
1416 3505 1670 3571 transire,
1707 3504 1804 3559 sed

204 3601 435 3657 Domino
459 3602 595 3657 hanc
618 3601 786 3657 vicem
810 3599 1080 3672 repende;
1113 3599 1222 3654 imo
1252 3599 1364 3671 ipsa
1408 3599 1460 3653 in
1496 3607 1547 3655 te
1573 3598 1802 3655 reverti-

202 3702 309 3747 tur.
349 3692 442 3747 Dic
473 3690 623 3755 mihi,
664 3691 709 3745 si
736 3691 790 3745 in
811 3705 975 3762 grave
1002 3690 1271 3761 negotium
1315 3688 1619 3756 incidimus,
1642 3705 1801 3758 quem

202 3800 309 3839 non
338 3781 661 3854 precamur?
686 3792 740 3838 et
759 3783 801 3837 si
827 3782 1136 3851 petitionem
1167 3781 1271 3836 cito
1300 3782 1669 3851 impetramus,
1698 3782 1802 3837 uti-

198 3892 306 3947 que
338 3876 688 3944 respiramus.
716 3874 846 3941 Quis
877 3874 970 3929 tibi
998 3875 1108 3938 det,
1140 3882 1199 3929 ut
1237 3874 1283 3929 is
1307 3875 1397 3945 qui
1429 3883 1665 3945 rogatur,
1704 3890 1799 3945 pa-

229 3977 352 4020 .ttus
373 3967 443 4021 sit
467 3965 533 4020 ad
564 3965 869 4021 habendum
893 3965 985 4020 tibi
1015 3964 1260 4035 gratiam,
1286 3963 1430 4036 quod
1458 3965 1655 4035 rogas?
1679 3966 1802 4035 quis

201 4058 296 4113 tibi
326 4058 438 4122 det,
474 4068 532 4113 ut
571 4072 677 4112 non
716 4057 1035 4122 circtnneas,
1077 4070 1327 4127 quaerens
1356 4071 1385 4110 a
1416 4071 1523 4126 quo
1562 4066 1797 4127 peteres,

199 4150 296 4206 sed
326 4159 569 4219 paratum
594 4149 856 4214 invenias,
891 4163 993 4204 nec
1017 4147 1137 4202 aliis
1153 4162 1289 4217 opus
1309 4146 1529 4215 habeas,
1551 4160 1803 4219 per'qnos

201 4241 398 4312 petas?
425 4240 565 4306 Quid
593 4240 698 4296 hoc
717 4241 890 4311 majus
916 4239 1034 4297 est?
1059 4239 1159 4294 Hic
1185 4239 1383 4310 quippe
1415 4250 1540 4296 tunc
1568 4241 1802 4298 maxime

200 4334 351 4399 facit,
383 4349 504 4389 cum
546 4349 652 4390 non
692 4333 827 4389 alios
865 4347 1152 4403 rogamus;
1204 4340 1265 4387 ut
1307 4332 1551 4388 sincerus
1597 4333 1803 4389 amicus

201 4438 331 4483 tunc
370 4428 603 4482 maxime
643 4441 741 4482 nos
768 4425 1035 4496 objurgat,
1073 4424 1215 4496 quod
1246 4440 1353 4480 non
1394 4427 1513 4496 ejus
1549 4428 1833 4483 amicitias

202 4518 453 4581 ﬁdamus,
481 4530 604 4572 cum
643 4516 780 4571 alios
818 4515 1136 4572 adhibemus
1164 4518 1252 4587 qui
1282 4517 1455 4588 ipsum
1488 4530 1796 4587 precentur.

198 4611 289 4666 Sic
320 4616 377 4664 et
403 4623 502 4663 nos
531 4609 755 4664 facimus
782 4610 847 4664 iis
894 4610 985 4680 qui
1018 4624 1117 4664 nos
1145 4618 1335 4679 rogant
1366 4628 1379 4664 :
1414 4618 1539 4664 tunc
1567 4612 1800 4669 maxime

200 4703 265 4756 iis
303 4703 533 4771 gratiam
579 4702 854 4772 largimur,
901 4700 1117 4772 quando
1148 4717 1241 4771 per
1284 4702 1509 4772 seipsos,
1555 4718 1661 4757 nou
1704 4719 1801 4772 per

198 4792 356 4855 alios,
386 4792 451 4846 ad
481 4807 580 4847 nos
608 4792 892 4849 accedunt.
934 4792 1073 4860 Quid
1099 4808 1247 4865 ergo,
1289 4794 1519 4864 inquies,
1551 4794 1595 4848 si
1625 4794 1799 4850 offen-

198 4885 417 4939 det-im?
446 4883 732 4940 Offendere
758 4884 945 4940 desine
974 4893 1031 4940 et
1059 4884 1325 4956 lacrymas
1356 4884 1554 4951 funde;
1586 4885 1665 4941 sic
1702 4902 1797 4941 ac-

199 4975 336 5031 cede
377 4986 431 5031 et
456 4976 563 5031 cito
608 4976 660 5030 in
689 4976 879 5047 primis
918 4976 1067 5031 illum
1097 4976 1364 5047 placatum
1398 4977 1661 5033 invenies.
1702 4979 1797 5035 Dic

199 5160 250 5203 at
291 5164 440 5202 secus
475 5143 908 5203 suadere—videtur
929 5152 1178 5204 Diodorus
1213 5153 1399 5205 Siculus
1427 5153 1464 5202 ι.
1493 5156 1575 5213 16,
1593 5170 1703 5206 cum
1726 5158 1796 5208 ait

202 5228 321 5280 eum
354 5226 383 5262 a
402 5214 644 5280 Dionysio
666 5220 877 5280 tyranno
903 5218 1233 5280 venundatum
1257 5230 1284 5265 a
1308 5216 1557 5280 discipulis
1594 5221 1697 5268 suis
1722 5221 1791 5269 vi-

199 5277 326 5337 ginti
351 5277 586 5328 uariarum
608 5277 769 5342 pretio
790 5277 1103 5341 redemptum
1125 5277 1296 5328 fuisse.

1137 445 1205 511 IN
1242 442 1423 501 ACTA
1450 436 1974 498 APOS'I'OLORUM.
2014 437 2250 495 HOMIL.
2289 435 2556 495 XXXVII.

3402 449 3507 505 262

1904 564 2114 609 tantum
2147 571 2161 609 :
2190 552 2401 610 Offendi
2432 572 2447 610 :
2474 554 2566 611 dic
2588 569 2655 611 ex
2681 553 2865 612 animo
2901 566 2958 611 et
2982 557 3193 613 sincera
3224 566 3427 625 mente,
3457 569 3512 615 et

1899 648 2072 703 soluta
2112 655 2237 703 sunt
2261 649 2466 703 omnia.
2496 647 2616 704 Non
2649 647 2790 705 adeo
2828 649 2982 720 cupis
3012 651 3211 706 remitti
3254 651 3348 707 tibi
3383 667 3513 723 pec-

1897 752 2038 807 cata,
2073 752 2130 797 ut
2161 740 2254 798 ille
2279 741 2428 813 ‘cupit
2457 742 2755 798 remittere.
2779 742 2933 812 Quod
2969 753 3149 800 autem
3180 754 3238 801 tu
3278 760 3385 801 non
3413 761 3511 802 cu-

1898 832 2037 904 pias,
2080 833 2290 903 cogita;
2343 848 2519 904 neque
2563 834 2707 889 enim
2755 834 2963 906 vigilias
3009 837 3273 908 suscipis,
3327 852 3511 909 neque

1901 925 2158 993 pecunias
2185 922 2418 980 elfundis
2451 942 2464 978 :
2498 926 2585 980 ille
2620 941 2752 981 vero
2778 935 2837 981 ut
2864 937 3085 998 peccata
3115 940 3298 984 nostra
3325 929 3513 986 dimit-

1901 1024 2038 1070 teret
2060 1014 2347 1085 Unigenito
2369 1032 2483 1071 non
2512 1019 2774 1087 pepercit,
2806 1021 3040 1090 genuino
3067 1020 3206 1076 Filio
3232 1021 3509 1092 ejusdem-

1898 1120 2004 1173 que
2036 1105 2212 1161 throni
2235 1118 2508 1163 consorte.
2539 1107 2727 1164 Viden’
2752 1125 2874 1165 eum
2907 1112 3079 1182 magis
3103 1127 3303 1182 cupere
3340 1124 3401 1169 ut
3426 1132 3513 1171 re-

1900 1195 2212 1252 missionem
2253 1207 2598 1267 peccatorum
2626 1201 3018 1270 consequaris?
3054 1201 3134 1259 Ne
3157 1219 3287 1276 ergo
3316 1218 3513 1276 segnes

1900 1288 2089 1353 simus,
2122 1303 2222 1344 nec
2267 1293 2743 1359 procrastinemus.
2775 1294 3029 1353 Clemens
3068 1306 3153 1353 est
3189 1307 3248 1355 et
3288 1298 3506 1355 bonus:

1901 1379 2078 1438 solum
2107 1395 2292 1437 ansam
2321 1382 2397 1437 illi
2431 1384 2795 1453 praebeamus;
2821 1396 2876 1441 et
2902 1385 3026 1454 hoc,
3057 1397 3116 1443 ut
3136 1405 3234 1444 nos
3256 1404 3364 1446 non
3388 1391 3511 1446 inu-

1904 1471 2024 1526 tiles
2047 1472 2235 1537 simus,
2261 1474 2471 1529 etiamsi
2498 1475 2655 1531 nobis
2688 1476 2775 1532 ille
2803 1478 2920 1533 sine
2950 1480 3048 1535 hac
3078 1480 3391 1539 conditione
3423 1498 3511 1539 re-

1903 1562 2158 1619 mitteret.
2193 1565 2299 1621 Sed
2332 1577 2390 1621 ut
2433 1582 2533 1622 nos
2561 1569 2614 1623 in
2643 1570 2904 1625 ministris
2936 1573 3139 1629 nostris
3177 1574 3342 1630 millia
3374 1590 3510 1632 con—

1904 1653 2158 1726 ﬁngimus
2212 1666 2268 1714 et
2320 1659 2733 1729 componimus,
2787 1663 2868 1717 sic
2909 1672 2964 1718 et
3018 1664 3111 1720 ille
3158 1665 3225 1721 ad
3280 1667 3511 1723 salutem

1903 1756 2143 1802 nostram
2189 1748 2334 1805 facit.
2378 1750 2805 1824 Prwoccupemus
2850 1756 3032 1826 faciem
3062 1758 3174 1828 ejus
3201 1758 3255 1813 in
3303 1764 3511 1832 confes-

1902 1839 2046 1893 sione
2068 1837 2240 1912 (Psal.
2272 1842 2361 1899 94.
2390 1842 2468 1917 2),
2502 1846 2625 1914 quia
2651 1847 2825 1924 bonus.
2844 1860 2896 1903 et
2924 1849 3164 1906 clemens
3188 1861 3287 1906 est.

1976 1929 2225 1989 Invocare
2251 1935 2305 1988 in
2332 1937 2538 1991 veritate
2561 1938 2701 2007 quid.
2720 1969 2793 1979 --
2808 1940 2863 1995 Si
2887 1957 3017 1997 vero
3040 1959 3147 1997 non
3170 1944 3510 2003 invocaveris

1905 2024 1958 2079 in
1986 2027 2231 2093 veritate,
2277 2044 2379 2085 nec
2408 2047 2475 2084 ex
2512 2032 2675 2087 corde
2719 2032 2903 2090 dicere
2941 2035 3093 2101 velis,
3138 2036 3380 2105 Dimitte,
3413 2039 3511 2095 sed

1904 2132 1971 2172 ex
2009 2132 2106 2174 ore
2139 2127 2368 2187 tantum,
2411 2122 2537 2193 quid
2571 2126 2685 2195 ipse
2726 2125 2921 2182 faciet?
2950 2126 3088 2195 Quid
3121 2139 3224 2197 est,
3261 2131 3512 2191 invocare

1905 2210 1957 2264 in
1984 2210 2251 2266 veritate?
2271 2211 2406 2268 Cum
2436 2213 2735 2284 alacritate,
2760 2232 2827 2273 ex
2857 2219 3039 2274 animo
3068 2220 3283 2277 sincero
3308 2240 3323 2288 ;
3356 2232 3415 2278 ut
3442 2224 3511 2282 de

1905 2301 2190 2371 unguentis
2229 2303 2445 2369 dicitur,
2496 2305 2778 2363 Sincerutn
2820 2318 2924 2378 est,
2970 2310 3105 2366 nihil
3144 2312 3507 2371 adulterinum

1907 2392 2067 2447 habet
2099 2412 2112 2447 :
2141 2394 2221 2449 sic
2249 2405 2304 2450 et
2331 2395 2460 2451 illic.
2492 2397 2592 2465 Qui
2628 2414 2754 2455 vere
2785 2401 2958 2471 ipsum
2991 2403 3208 2459 invocat
3238 2414 3293 2461 et
3324 2422 3511 2477 preca-

1908 2492 2013 2551 tur,
2048 2497 2359 2554 perseverat
2383 2503 2620 2560 semper,
2653 2506 2753 2548 uec
2778 2493 3000 2560 desinit,
3028 2494 3202 2552 donec
3231 2499 3461 2569 accipiat
3495 2518 3510 2555 :

1904 2577 1995 2647 qui
2025 2593 2155 2633 vero
2184 2580 2549 2649 perfunctorie
2595 2586 2725 2655 agit,
2774 2586 3007 2643 licetsic
3047 2588 3221 2661 legem
3268 2591 3511 2664 impleat,

1912 2684 2018 2723 non
2047 2670 2261 2726 invocat
2303 2674 2355 2728 in
2386 2675 2632 2731 veritate.
2669 2679 2922 2750 Quisquis
2965 2682 3060 2749 sis,
3104 2699 3173 2738 ne
3215 2683 3366 2740 dicas
3396 2697 3513 2742 tan-

1906 2770 2041 2829 tum,
2078 2762 2334 2820 Peecator
2358 2780 2501 2830 sunt,
2542 2768 2637 2823 sed
2676 2785 2827 2837 cura,
2877 2782 2935 2827 ut
2974 2773 3044 2828 ab
3089 2773 3191 2830 hac
3234 2778 3513 2833 existima-

1905 2855 2052 2910 tione
2085 2864 2134 2911 te
2174 2856 2372 2914 liberes
2404 2879 2417 2915 ι
2446 2875 2513 2915 ne
2557 2860 2706 2916 dicas
2736 2871 2965 2931 tantum,
3004 2865 3099 2922 sed
3128 2878 3182 2923 et
3211 2868 3419 2926 doleas.
3454 2870 3513 2926 Si

1904 2945 2078 3012 doles,
2107 2964 2329 3020 operam
2356 2951 2623 3020 adhibes;
2654 2955 2699 3009 si
2731 2971 2838 3010 non
2871 2972 3093 3026 operam
3124 2958 3371 3027 adhibes,
3401 2979 3510 3018 non

1905 3040 2094 3107 doles;
2142 3042 2186 3096 si
2234 3056 2341 3097 non
2371 3044 2547 3112 doles,
2578 3046 2795 3102 irrides.
2838 3047 2971 3116 Quis
3008 3050 3215 3114 dicens,
3260 3052 3512 3125 IEgroto,

1906 3149 2013 3187 nun
2040 3136 2220 3190 omnia
2246 3137 2375 3208 agit,
2405 3147 2466 3193 ut
2508 3141 2769 3195 sanetur?
2796 3142 3045 3213 Magnum
3079 3147 3243 3202 telum
3272 3159 3357 3205 est
3383 3165 3512 3208 ora-

1907 3223 2003 3281 tio.
2035 3226 2097 3283 Si
2122 3244 2228 3297 vos,
2262 3229 2457 3301 inquit,
2490 3234 2650 3289 nostis
2680 3236 2811 3289 bona
2845 3237 2967 3292 data
2994 3238 3119 3293 dare
3146 3242 3271 3310 ﬁliis
3311 3245 3512 3312 vestris,

1903 3329 2095 3389 quanto
2126 3338 2288 3393 mang
2327 3322 2485 3378 Pater
2507 3335 2666 3382 vester
2689 3327 2842 3398 (Luc.
2869 3331 2957 3385 11.
2996 3333 3133 3404 l3)?
3161 3334 3269 3391 Cur
3294 3352 3401 3394 non
3433 3340 3513 3394 vis

1904 3412 2210 3468 accedere?
2256 3413 2334 3471 Te
2380 3427 2545 3483 amat,
2596 3419 2713 3489 plus
2763 3432 2943 3491 potest
2983 3440 3144 3495 quam
3190 3443 3383 3487 omnes
3416 3448 3430 3485 :
3460 3441 3516 3488 et

1905 3505 2022 3559 vult
2064 3516 2118 3561 et
2165 3516 2380 3577 potest;
2404 3510 2540 3580 quid
2573 3512 2840 3585 impedit?
2866 3515 3029 3572 Nihil.
3078 3518 3222 3592 Ergo
3250 3537 3373 3578 cum
3407 3523 3513 3581 ﬁde

1906 3596 2226 3655 accedamus
2257 3618 2270 3653 :
2300 3603 2622 3659 accedamus
2668 3606 2810 3662 dona
2869 3609 3159 3668 offerentes
3207 3629 3327 3685 qua:
3356 3619 3470 3673 vult
3497 3661 3513 3687 ,

1907 3687 2223 3757 injuriarum
2277 3691 2627 3761 oblivionem,
2671 3697 3081 3769 benignitatem,
3132 3710 3513 3775 mansuetudi-

1908 3793 2053 3834 nem.
2082 3780 2194 3836 Etsi
2226 3793 2477 3854 peccator
2504 3789 2600 3852 sis,
2627 3802 2751 3844 cum
2778 3788 2971 3847 ﬁducia
2998 3793 3067 3848 ab
3092 3776 3214 3866 ipso
3234 3801 3514 3856 remissio-

1907 3888 2030 3929 nem
2058 3884 2399 3944 peccatorum
2430 3890 2602 3950 petes,
2627 3883 2671 3937 si
2704 3883 2877 3951 possis
2902 3888 3191 3945 ostendere
3210 3890 3313 3947 hoc
3335 3892 3509 3964 ipsum

1906 3982 1936 4021 a
1970 3977 2021 4021 te
2049 3966 2247 4024 factum
2273 3984 2394 4026 esse
2428 3990 2440 4025 :
2471 3975 2514 4028 si
2546 3990 2675 4031 vero
2696 3976 2874 4046 justus
2918 3978 3016 4048 sis',
3062 3998 3161 4038 nec
3189 3985 3507 4056 injuriarum

1907 4060 2236 4119 oblivionem
2266 4063 2486 4131 habeas,
2516 4069 2648 4123 nihil
2672 4070 2765 4126 tibi
2792 4072 3033 4142 prodest.
3062 4076 3178 4132 Non
3215 4088 3393 4149 potest
3418 4084 3511 4154 qui

1909 4154 2155 4222 proximo
2181 4154 2404 4223 dimisit,
2436 4175 2543 4214 non
2576 4161 2787 4231 plenam
2815 4166 3025 4222 veniam
3057 4173 3319 4243 consequi
3347 4190 3363 4228 :
3393 4174 3513 4232 sine

1907 4247 2014 4301 ulla
2043 4249 2188 4303 enim
2226 4254 2632 4321 comparatione
2672 4256 2993 4314 clementior
3022 4262 3181 4319 nobis
3208 4274 3293 4320 est
3324 4265 3467 4324 Deus
3497 4287 3511 4324 :

1909 4341 2205 4399 hoc.cuivis
2240 4346 2418 4415 palam
2450 4357 2552 4402 est.
2581 4349 2719 4416 Quid
2766 4352 2939 4408 dicis?
2968 4354 3022 4411 Si
3053 4356 3277 4426 dixeris,
3326 4360 3514 4420 Lmsus

1906 4437 2001 4503 fui,
2032 4439 2168 4493 iram
2198 4438 2403 4507 domui,
2450 4438 2649 4497 furoris
2690 4445 2797 4499 vim
2832 4447 3029 4515 pertuli
3060 4460 3279 4521 propter
3310 4469 3516 4524 prazce-

1908 4540 2059 4599 ptum
2087 4539 2257 4597 tuum,
2290 4546 2485 4588 annon.
2518 4542 2573 4588 et
2621 4535 2735 4604 ipse
2779 4536 3055 4594 dimittet?
3085 4540 3319 4599 Omnino
3364 4558 3514 4604 certe

1906 4621 2159 4675 dimittet.
2190 4622 2371 4694 itaque
2390 4624 2624 4680 animam
2646 4643 2933 4699 purgemus
2954 4631 3023 4685 ab
3050 4633 3366 4704 injuriarum
3390 4655 3505 4696 me-

1905 4716 2097 4770 moria.
2127 4714 2334 4771 Sufﬁcit
2366 4716 2470 4773 hoc
2498 4719 2674 4784 nobis,
2708 4730 2765 4775 ut
2791 4723 3161 4795 exaudiamur,
3190 4745 3253 4783 ac
3280 4732 3513 4802 vigilan-

1904 4817 1989 4865 ter
2019 4819 2074 4865 et
2102 4825 2222 4865 cum
2252 4814 2653 4881 perseverantia
2680 4831 2986 4886 precemur,
3035 4831 3091 4876 ut
3132 4825 3353 4894 copiose
3384 4830 3505 4899 ejus

1905 4904 2192 4959 clementia
2222 4903 2482 4973 fruentes,
2517 4908 2779 4976 promissa
2807 4926 3161 4981 assequamur
3188 4917 3328 4973 bona
3357 4963 3370 4985 ,
3397 4938 3518 4991 gra-

1905 4997 1974 5050 tia
2007 5006 2061 5052 et
2104 4997 2436 5068 benignitate
2479 4999 2688 5055 Domini
2740 5004 2911 5058 nostri
2953 5004 3078 5061 Jesu
3119 5008 3340 5085 Christi,
3394 5018 3518 5085 qui-

1904 5104 2025 5143 cum
2060 5090 2203 5144 Patri
2235 5100 2289 5145 et
2331 5091 2552 5161 Spiritui
2598 5104 2807 5163 sancto,
2857 5097 3049 5167 gloria,
3098 5084 3516 5173 impierium,ho-

1902 5196 2043 5247 nor,
2079 5195 2221 5235 nunc
2274 5191 2329 5237 et
2384 5197 2620 5254 semper,
2686 5197 2740 5241 et
2800 5186 2853 5241 in
2912 5190 3109 5245 saecula
3165 5198 3514 5254 saeculorum.

1902 5275 2097 5329 Amen.

213 5370 3510 5405 —————_____________——__________________

1456 5412 1803 5475 HOMILIA
1845 5414 2188 5476 XXXVII.

198 5538 329 5594 Car.
362 5537 451 5592 i7.
482 5552 535 5589 ν.
566 5537 619 5591 1.
642 5532 766 5593 Cum
794 5544 961 5591 autem
988 5536 1419 5607 perambulassent
1447 5538 1797 5608 Amphipolim

270 5638 319 5683 et
344 5628 692 5698 Apolloniam,
722 5637 961 5682 venerunt
989 5627 1427 5694 Thessalonicam,
1459 5630 1545 5682 ubi
1575 5640 1683 5683 erat
1711 5648 1796 5701 sy-

270 5736 469 5790 nagoga
493 5716 816 5772 Judteorum.
843 5718 898 5773 Ξ.
928 5719 1225 5775 Secundum
1252 5720 1667 5773 consuetudinem
1700 5738 1797 5774 au-

267 5820 368 5866 tem
403 5811 601 5867 Paulus
631 5812 854 5866 introivit
878 5814 945 5867 ad
975 5830 1059 5867 eos
1088 5829 1106 5867 .'
1131 5822 1179 5868 et
1209 5831 1298 5883 per
1322 5814 1529 5868 sabbata
1560 5816 1657 5868 tria
1681 5816 1793 5871 dis-

270 5920 326 5958 se
354 5904 466 5960 citat
492 5906 562 5961 eis
588 5903 655 5960 de
682 5904 985 5977 Scripturis,
1020 5906 1073 5964 ὅ.
1101 5906 1403 5979 adaperiens
1434 5916 1481 5963 et
1505 5908 1789 5979 insinuans,

1976 5540 2095 5609 quia
2124 5537 2381 5595 Christum
2411 5546 2633 5613 aportuit
2673 5545 2780 5614 pati
2815 5556 2862 5599 et
2905 5563 3169 5617 resurgere
3196 5568 3227 5603 a
3258 5555 3468 5607 mortuis
3492 5574 3512 5621 ;

1979 5642 2025 5688 et
2055 5634 2174 5703 quia
2215 5636 2296 5689 hic
2338 5644 2410 5690 est
2442 5635 2670 5692 Christus
2713 5636 2885 5706 Iesus,
2934 5657 3081 5710 quem
3124 5659 3215 5715 ego
3259 5649 3513 5703 annuntio

1974 5727 2133 5782 vobis.

1978 5818 2031 5872 1.
2065 5816 2273 5873 Rursus
2321 5834 2515 5890 parvas
2562 5831 2985 5891 prmtercurrnnt
3027 5826 3297 5894 civitates,
3341 5838 3399 5885 et
3438 5831 3509 5887 ad

1900 5908 2139 5982 majores
2185 5910 2462 5983 festinant,
2490 5913 2633 5985 quod
2664 5914 2790 5973 inde
2816 5916 2968 5987 quasi
3000 5932 3070 5975 ex
3105 5918 3249 5977 fonte
3280 5920 3507 5979 verbum
