4084 6332
648 398 749 453 263

644 514 861 569 deberet
908 510 960 563 in
1009 510 1211 563 \‘icinas
1258 507 1415 560 urbes
1446 519 1682 558 manare.
1725 503 1828 558 Pro
1864 517 2011 556 more
2046 510 2223 554 autem

641 618 740 656 suo
767 600 981 655 intravit
1011 600 1201 654 Paulus
1232 599 1281 652 in
1316 611 1640 668 synagogam
1667 594 1998 650 Judmorum.
2023 593 2223 660 Quam-

646 697 722 749 vis
746 695 975 759 dixerat,
1022 693 1365 747 Convertimur
1397 692 1465 741 ad
1494 698 1663 758 gentes
1689 687 1823 757 (Aet.
1857 687 1943 740 15.
1974 684 2086 757 46),
2119 702 2222 739 non

643 788 979 857 relinquebat
1011 787 1125 840 illos
1152 826 1165 846 ,
1199 783 1290 837 sed
1323 796 1515 849 magno
1554 781 1674 835 illos
1719 780 1894 833 studio
1931 793 2223 847 proseque-

644 881 819 935 batur.
853 879 984 933 Audi
1016 878 1156 931 enim
1191 876 1336 928 illum
1380 874 1645 929 dicentem
1673 891 1686 927 :
1717 871 1946 937 Fratres,
1986 870 2224 940 benepla-

645 974 797 1024 citum
836 970 1001 1025 sordis
1040 969 1155 1033 mei,
1188 978 1235 1022 et
1277 969 1496 1037 precatio
1539 967 1605 1021 ad
1638 964 1799 1020 Deum
1830 980 1921 1034 pro
1965 963 2128 1018 Israel
2150 974 2223 1018 est

644 1066 712 1117 ad
736 1064 947 1116 salutem
982 1062 1156 1131 (Rom.
1182 1061 1269 1115 10.
1292 1060 1380 1131 1);
1406 1071 1477 1123 et,
1504 1059 1770 1129 Capiebam
1809 1059 2076 1112 anathema
2117 1076 2223 1113 esse

642 1172 672 1207 a
702 1154 900 1209 Christo
932 1170 1023 1223 pro
1052 1154 1290 1222 fratribus
1326 1152 1447 1205 meis
1478 1151 1641 1217 (Ibid.
1683 1150 1735 1205 9.
1768 1147 1847 1219 ⁵5).
1887 1149 2001 1204 lloc
2040 1157 2218 1204 autem

645 1247 868 1302 faciebat
895 1257 1109 1315 propter
1138 1244 1542 1312 promissionem
1588 1242 1677 1297 Dei
1705 1250 1759 1296 et
1800 1238 2043 1311 gloriam,
2074 1249 2128 1294 et
2153 1254 2220 1293 ne

645 1342 744 1394 hoc
773 1339 1146 1393 oll‘endiculum
1178 1347 1319 1391 esset
1346 1336 1611 1407 gentibus.
1652 1334 1717 1388 Et
1748 1351 1836 1403 per
1876 1333 2086 1387 sabbata
2122 1332 2221 1392 tria

642 1431 913 1483 disserebat
956 1429 1027 1483 eis
1066 1429 1128 1482 de
1169 1427 1466 1497 Scripturis,
1513 1426 1809 1493 adaperiens
1853 1432 1897 1478 et
1935 1425 2216 1489 insinuans,

640 1524 757 1592 quia
786 1522 1038 1575 Christum
1068 1522 1288 1587 oportuit
1320 1519 1424 1589 pati
1459 1529 1504 1571 et
1544 1533 1801 1586 resurgere
1837 1533 1870 1569 a
1897 1517 2143 1578 mortuis;
2174 1528 2219 1569 et

641 1617 755 1684 quin
785 1615 863 1666 hic
887 1610 1037 1665 Jesus
1068 1611 1314 1675 Christus,
1344 1627 1490 1679 quem
1530 1626 1621 1679 ego
1649 1610 1897 1662 annuntio
1926 1609 2082 1661 vobis.
2130 1607 2218 1661 Vi-

639 1705 731 1759 des
760 1705 903 1759 ilium
935 1714 1058 1757 ante
1096 1701 1277 1755 omnia
1307 1701 1607 1769 passionem
1655 1698 1986 1770 prtedicare?
2027 1699 2114 1755 Sic
2143 1698 2217 1753 illi

641 1812 743 1850 non
771 1795 1180 1859 erubescebant,
1210 1792 1302 1847 sed
1331 1792 1571 1847 sciebant
1600 1791 1702 1845 hoc
1731 1790 1965 1845 salutare
1989 1805 2125 1844 esse.
2159 1790 2213 1843 4.

639 1887 704 1942 Et
735 1888 938 1953 quidam
966 1904 1027 1941 ea:
1053 1888 1122 1939 eis
1148 1886 1489 1948 crediderunt,
1513 1895 1556 1937 et
1582 1883 1805 1953 adjuncti
1834 1893 1951 1937 sunt
1981 1883 2143 1936 Paulo
2171 1892 2217 1936 et

636 1982 783 2046 Sila,
817 1988 864 2034 et
903 1980 965 2032 de
1006 1980 1281 2033 colentibus
1322 1977 1589 2047 gentilibus
1630 1976 1898 2029 multitudo
1936 1992 2137 2046 magna,
2170 1985 2215 2029 et

632 2073 864 2125 mulieres
893 2070 1078 2124 nobiles
1100 2085 1197 2122 non
1222 2084 1414 2137 paucas.
1444 2068 1715 2122 Summam
1738 2066 1871 2121 dixit
1898 2067 2173 2122 concionis
2198 2086 2211 2122 :

631 2164 702 2218 ita
744 2162 949 2216 alienus
974 2168 1057 2215 est
1081 2174 1112 2214 a
1149 2158 1530 2227 superﬂuitate,
1578 2173 1675 2211 nec
1709 2158 1901 2227 ubique
1933 2158 2216 2212 conciones

632 2263 770 2307 totas
796 2251 1003 2307 recitat.
1048 2252 1101 2304 5.
1147 2249 1378 2304 Zelantes
1418 2260 1585 2303 autem
1627 2246 1798 2301 Judtei
1838 2248 2103 2313 increduli,
2134 2266 2217 2301 as-

632 2353 974 2413 sumentesque
995 2343 1056 2396 de
1076 2343 1223 2410 vulgo
1254 2343 1386 2395 viros
1409 2341 1655 2411 quosdam
1680 2340 1858 2403 malos,
1891 2350 1936 2393 et
1963 2340 2108 2393 turba
2128 2345 2213 2410 fa-

629 2446 708 2489 cta
737 2435 1105 2487 concitaverunt
1133 2434 1416 2496 civitatem;
1445 2442 1490 2484 et
1520 2432 1807 2484 invadentes
1833 2430 2036 2483 domum
2057 2427 2214 2483 Juso-

534 2567 537 2571 .
627 2526 725 2588 nis,
756 2524 1041 2596 qua'rebant
1070 2539 1153 2577 eos
1197 2522 1472 2593 producere
1507 2522 1560 2575 in
1611 2521 1887 2592 populum;
1916 2522 1969 2577 6.
2009 2532 2059 2576 et
2097 2539 2211 2576 cum

628 2635 728 2671 non
758 2616 1056 2669 invenissent
1084 2631 1188 2679 eos,
1214 2622 1473 2666 traxerunt
1498 2612 1738 2666 Jasonem
1764 2623 1809 2666 et
1838 2614 2083 2683 quosdam
2106 2617 2213 2685 fra-

628 2720 727 2763 tres
754 2709 819 2761 ad
850 2708 1098 2777 principes
1117 2708 1353 2771 civitatis,
1376 2706 1647 2760 clamantes
1670 2722 1688 2759 :
1711 2705 1782 2759 Hi
1801 2716 1917 2760 sunt
1939 2709 2022 2775 qui
2043 2709 2212 2763 urbem

627 2802 896 2865 concitant,
926 2810 970 2853 et
996 2801 1091 2851 huc
1113 2807 1366 2862 venerunt,
1398 2798 1447 2853 7.
1476 2815 1598 2867 quos
1623 2801 1840 2868 suscepit
1865 2799 2024 2855 Jason
2047 2820 2066 2868 ;
2088 2812 2132 2856 et
2158 2803 2210 2856 Ιιὶ

627 2908 795 2945 omnes
842 2901 1015 2945 contra
1062 2892 1259 2943 decreta
1305 2888 1518 2943 Ctesaris
1565 2890 1779 2959 faciunt,
1830 2909 1996 2962 regem
2048 2894 2209 2947 alium

627 2984 845 3036 dicentes
873 2998 975 3035 esse
998 2980 1193 3034 Jesum.
1223 2980 1267 3034 Ο
1302 2981 1691 3035 accusationem
1716 2983 1727 3034 !
1763 2981 1965 3037 Rursus
1997 2984 2209 3039 violata:

630 3072 916 3142 maiestatis
937 3080 1189 3125 accusant
1213 3085 1327 3133 eos,
1348 3068 1601 3135 Dicentes,
1632 3072 1898 3140 inquiunt,
1927 3089 2032 3126 esse
2051 3074 2209 3128 alium

629 3178 790 3232 regem
818 3159 1017 3213 Jesum.
1052 3159 1105 3213 8.
1147 3157 1529 3213 Concitaverunt
1564 3170 1730 3212 autem
1761 3161 1955 3230 plebem
1992 3171 2039 3217 et
2068 3165 2207 3232 prin-

630 3256 761 3323 cipes
786 3254 997 3306 civitatis
1017 3251 1275 3305 audientes
1305 3251 1428 3304 hac.
1460 3250 1512 3305 9.
1544 3250 1617 3303 Et
1635 3262 1841 3322 accepta
1867 3236 2210 3321 satis/actione

630 3362 657 3397 a
682 3344 871 3397 Jasone
899 3353 944 3396 et
969 3359 1001 3394 a
1027 3342 1239 3407 cateris,
1268 3341 1565 3395 dimiserunt
1595 3359 1695 3396 eos.
1728 3344 2089 3401 Admirandus
2118 3348 2204 3401 ille

631 3438 706 3491 vir
734 3446 867 3499 erat,
917 3436 1006 3505 qui
1052 3433 1283 3503 pericula
1330 3432 1527 3497 adibat,
1571 3444 1625 3489 et
1667 3436 1918 3491 emiserat
1954 3454 2067 3494 eos.
2117 3441 2203 3495 10.

628 3528 839 3581 Fratres
862 3540 978 3579 vero
1018 3526 1279 3594 confestim
1307 3540 1396 3594 per
1436 3534 1628 3578 noctem
1656 3527 1950 3581 dimiserunt
1985 3528 2208 3586 Paulum

625 3630 670 3673 et
699 3618 863 3673 Silam
889 3617 941 3670 in
965 3614 1213 3669 Beroeam.
1248 3614 1347 3682 Qui
1376 3631 1488 3668 cum
1522 3617 1787 3683 venissent,
1816 3620 1869 3673 in
1895 3638 2206 3693 synagogam

623 3711 919 3764 Judarorum
962 3708 1277 3761 introierant.
1310 3707 1396 3761 11.
1446 3706 1515 3760 lli
1545 3718 1710 3763 autent
1749 3721 1892 3765 erant
1935 3713 2205 3770 nobiliores

625 3816 817 3863 eorum,
848 3798 933 3867 qui
959 3807 1070 3852 sunt
1096 3795 1481 3863 Thessalonicae,
1527 3801 1613 3869 qui
1654 3815 1977 3870 susceperunt
2004 3806 2206 3861 verbum

626 3908 738 3943 cum
771 3890 905 3943 omni
934 3889 1189 3954 aviditate,
1236 3888 1458 3959 quotidie
1500 3900 1779 3945 scrutantes
1813 3894 2130 3965 Scripturas,
2163 3900 2206 3951 si

627 3983 733 4033 hinc
759 3982 828 4033 ita
869 3996 924 4033 se
957 3978 1213 4033 haberent.
1255 3978 1560 4044 Nobiliores,
1595 3980 1785 4049 inquit,
1827 3984 1875 4037 id
1920 3997 2020 4051 est,
2056 4004 2207 4041 man—

622 4071 903 4126 sueliurcs.
950 4071 1014 4125 Et
1060 4071 1200 4136 vide,
1245 4086 1349 4125 non
1396 4072 1776 4141 perfunctorie,
1821 4076 1917 4130 sed
1960 4090 2203 4136 accurate

623 4166 993 4219 scrutabantur
1041 4164 1340 4233 Scripturas
1389 4166 1475 4233 (id
1524 4168 1665 4221 enim
1719 4169 1981 4239 signiﬁcat
2030 4174 2198 4242 illud,

625 4251 889 4325 Ᾱνικοινον)
915 4274 928 4321 ;
958 4257 1201 4311 volebant
1225 4258 1420 4326 quippe
1445 4273 1509 4313 ex
1540 4258 1667 4329 ipsis
1704 4263 1962 4317 certiores
1990 4265 2100 4320 ﬁeri
2136 4269 2203 4324 de

631 4349 873 4416 passione
899 4364 913 4411 ;
940 4347 1046 4415 jam
1072 4349 1212 4401 enim
1245 4349 1600 4406 crediderant.
1628 4352 1713 4406 12.
1743 4352 1811 4407 Et
1840 4358 1986 4409 ntulti
2004 4361 2203 4426 quidem

627 4438 942 4492 crediderunt
970 4454 1032 4492 ea:
1072 4438 1162 4503 eis,
1192 4448 1236 4492 et
1275 4442 1505 4495 mulieres
1534 4445 1742 4513 gentiles
1784 4446 2005 4503 honesta:
2030 4461 2073 4504 et
2112 4455 2203 4508 viri

625 4550 724 4586 non
756 4532 921 4602 pauci.
955 4530 1023 4588 l3
1067 4530 1195 4586 Cum
1214 4542 1376 4587 autem
1402 4540 1746 4605 cognovissent
1765 4539 1818 4593 in
1845 4539 2204 4601 Thessalonica

624 4624 816 4687 Juda'i,
845 4624 963 4693 quia
993 4630 1038 4677 et
1067 4620 1257 4678 Beroea
1285 4626 1615 4694 praedicatum
1641 4640 1712 4681 est
1738 4646 1769 4682 a
1798 4630 1966 4687 Paulo
2002 4638 2201 4691 verbum

628 4717 743 4781 Dei,
778 4725 1013 4769 venerunt
1039 4725 1085 4769 et
1122 4715 1243 4769 illuc
1269 4732 1632 4774 commoventes
1674 4723 2067 4783 multitudinem.
2112 4731 2198 4785 14.

632 4810 912 4877 Statimque
942 4818 1058 4860 tunc
1087 4807 1305 4862 Paulum
1346 4810 1645 4866 dimiserunt
1684 4818 1887 4884 fratres,
1931 4829 1983 4872 ut
2020 4824 2203 4877 veniret

623 4916 783 4969 usque
809 4900 875 4951 ad
902 4914 1038 4951 mare
1066 4915 1082 4951 :
1112 4898 1249 4953 Silas
1272 4911 1434 4955 autem
1467 4914 1511 4957 et
1543 4903 1827 4962 Timotheus
1854 4928 2203 4971 remanserunt

625 4992 713 5045 ibi.
748 4990 879 5044 Vide
922 4989 1069 5043 illum
1110 4998 1163 5044 et
1202 4991 1476 5047 cedentem
1508 5005 1560 5048 et
1600 5000 1903 5066 instantem,
1934 5007 2203 5079 multaque

628 5083 865 5136 lunnano
893 5095 1039 5134 more
1086 5077 1385 5135 facientem.
1431 5084 1515 5139 15.
1548 5086 1644 5151 Qui
1688 5100 1852 5144 autem
1893 5077 2205 5153 deducebant

629 5173 870 5238 Paulum,
914 5172 1252 5241 perduxerunt
1277 5190 1389 5227 eum
1431 5192 1585 5241 usque
1623 5179 1883 5247 Athenas;
1923 5195 1969 5239 et
1998 5204 2203 5259 accepto

628 5269 869 5323 mandato
898 5266 959 5319 ab
990 5283 1045 5320 eo
1071 5266 1139 5319 ad
1174 5267 1337 5321 Silant
1368 5277 1414 5323 et
1448 5267 1785 5340 Timotheum,
1821 5287 1872 5330 ut
1901 5296 2051 5348 quant
2076 5284 2206 5337 cele-

626 5368 747 5419 riter
772 5364 1013 5428 venirent,
1038 5362 1249 5431 profecti
1277 5372 1409 5416 sunt.
1444 5365 1549 5420 Sed
1578 5369 1850 5435 superiora
1879 5384 2201 5443 repetamus.

634 5454 732 5509 Per
772 5455 975 5508 sabbata
1022 5453 1139 5518 tria,
1181 5454 1365 5523 inquit,
1412 5455 1703 5525 loquebatur
1741 5462 1831 5525 eis,
1876 5467 2107 5533 aperiens
2144 5486 2207 5523 ea:

628 5547 924 5615 scripturis.
951 5545 1129 5610 liecte,
1156 5546 1365 5614 quando
1391 5550 1663 5606 vacabant.
1690 5552 1777 5607 Sic
1793 5553 2038 5611 Christus
2065 5575 2205 5615 scm-

631 5656 725 5711 per
750 5640 995 5701 iaciebat,
1028 5654 1055 5692 a
1081 5639 1369 5709 Seripturis
1397 5643 1587 5713 ubique
1614 5645 1903 5710 disserens.
1941 5668 2037 5707 nec
2066 5670 2207 5709 sem-

630 5751 717 5803 per
744 5736 898 5803 signa
929 5730 1143 5785 faciens.
1175 5732 1307 5798 Quia
1333 5735 1477 5787 enim
1513 5738 1564 5789 in
1606 5738 1707 5793 hoc
1737 5744 1988 5798 contrarii
2030 5758 2202 5813 erant,

626 5835 678 5880 et.
708 5823 856 5890 quasi
876 5821 1213 5891 deceptorcm
1241 5833 1292 5880 et
1320 5826 1759 5897 prarstigiatorem
1789 5832 1957 5903 ipsum
1995 5837 2202 5893 calum-

1319 390 1376 447 S.
1417 388 1692 445 JOANNIS
1728 384 2206 443 CURYSOSTO)“
2246 382 2560 441 ARCHIEP.
2604 378 3136 443 CONSTANTINOP.

3823 385 3927 439 2ΰᾶ

2332 500 2634 567 niabantur,
2680 502 2799 557 ideo
2839 504 2953 572 ipse
2990 520 3021 557 a
3058 503 3347 573 Seripturis
3386 502 3624 556 disserit.
3667 499 3801 555 Nam
3839 517 3925 570 qui

2330 606 2424 660 per
2452 593 2563 645 sola
2612 593 2765 662 signa
2818 595 3140 663 persuadere
3183 605 3429 657 conatur,
3468 593 3593 662 jure
3639 605 3925 662 suspectus

2328 692 2411 736 est
2439 700 2451 735 :
2485 683 2572 751 qui
2604 698 2732 737 vero
2759 700 2826 739 ex
2864 685 3157 755 Seripturis
3188 686 3489 755 persuadet,
3532 700 3641 739 non
3687 686 3837 739 venit
3874 686 3923 736 in

2330 775 2471 829 illam
2504 776 2887 845 susliicionem.
2915 778 2985 833 Et
3021 793 3165 848 smpe
3194 778 3493 833 invenimus
3518 793 3642 833 eum
3674 778 3922 832 doctrina

2330 866 2685 935 persuadere;
2712 882 2942 937 cumque
2980 879 3159 923 autem
3188 869 3484 925 Antiochiae
3517 869 3763 934 doceret,
3796 882 3925 922 con-

2326 968 2538 1031 gregata
2580 960 2755 1015 estad
2798 962 2945 1015 illum
2984 959 3174 1016 civitas
3207 981 3219 1015 :
3248 963 3319 1017 ita
3358 978 3608 1034 magnum
3648 961 3919 1031 quodjam

2328 1052 2430 1107 hoc
2457 1062 2558 1118 est,
2586 1067 2685 1108 nec
2719 1055 2927 1124 signum
2972 1056 3168 1118 minus,
3198 1055 3293 1109 sed
3337 1069 3469 1110 sane
3504 1056 3819 1109 maximum.
3857 1053 3923 1107 Et

2326 1161 2393 1199 ne
2419 1156 2667 1215 putarent
2702 1162 2760 1202 se
2800 1158 2967 1203 totum
3007 1164 3186 1219 posse,
3225 1148 3487 1218 permittit
3522 1150 3661 1205 Deus
3708 1160 3765 1203 ut
3803 1149 3919 1220 pel-

2327 1235 2521 1288 lantur.
2561 1236 2673 1290 Duo
2699 1238 2841 1291 enim
2876 1238 2998 1293 hinc
3033 1238 3457 1308 proveniebant:
3493 1254 3598 1292 non
3628 1240 3800 1293 altum
3832 1255 3922 1294 sa-

2328 1327 2542 1396 piebant
2563 1328 2713 1397 quasi
2744 1329 2842 1398 ipsi
2875 1340 3236 1400 superassent,
3279 1346 3453 1402 neque
3490 1332 3839 1387 terrebantur
3869 1341 3923 1386 ut

2326 1421 2438 1486 rei;
2480 1421 2549 1474 ita
2583 1435 2649 1474 ex
2678 1423 2978 1476 oeconomia
3020 1432 3155 1486 erat,
3184 1424 3325 1493 quod
3356 1434 3699 1478 vocarentur.
3741 1422 3922 1477 Colen-

2324 1513 2447 1565 tium
2478 1513 2760 1583 gentilium,
2794 1513 2984 1582 inquit,
3014 1515 3303 1580 multitudo,
3332 1525 3377 1567 et
3415 1531 3478 1568 ea;
3509 1516 3785 1584 gentilibus
3830 1516 3924 1567 ho-

2323 1603 2474 1656 nestis
2498 1603 2788 1657 mulieribus
2814 1614 2861 1658 et
2890 1622 2952 1658 ex
2983 1606 3101 1659 viris
3132 1623 3233 1659 non
3266 1608 3417 1675 pauci
3454 1607 3801 1660 crediderunt.
3838 1605 3918 1659 Illi

2323 1711 2449 1750 vero
2480 1705 2686 1752 contra.
2729 1695 3011 1764 Quomodo
3060 1708 3238 1752 autem
3283 1700 3371 1768 qui
3423 1698 3572 1762 dicit,
3621 1698 3690 1751 lit
3731 1715 3823 1751 nos
3852 1699 3919 1751 ad

2321 1801 2511 1859 gentes,
2552 1791 2631 1842 illi
2660 1800 2826 1843 autem
2849 1790 2918 1842 ad
2948 1792 3378 1846 circumcisionem
3416 1791 3559 1856 (Hal.
3602 1792 3657 1844 2.
3689 1792 3770 1859 9),
3794 1807 3915 1847 cum

2320 1881 2520 1935 Judmis
2563 1882 2904 1936 disserebat?
2935 1882 3047 1937 Hoc
3085 1899 3151 1939 ex
3178 1883 3470 1938 abundanti
3508 1884 3759 1938 faciebat.
3810 1884 3916 1939 Sed

2320 1975 2364 2026 si
2394 1972 2592 2027 Judacis
2628 1974 2896 2029 disserere
2930 1977 3232 2044 oportebat,
3262 1975 3529 2046 quomodo
3568 1991 3787 2030 rursum
3836 1976 3918 2029 di-

2319 2064 2474 2119 cebat
2506 2084 2517 2117 :
2554 2064 2654 2132 Qui
2686 2067 2820 2119 enim
2857 2079 3092 2135 aperatus
3129 2078 3203 2121 est
3243 2070 3323 2122 illi
3356 2070 3408 2121 in
3447 2069 3911 2134 circnmcisionent,

2321 2167 2555 2227 aperatus
2576 2168 2648 2211 est
2670 2159 2794 2211 mihi
2820 2159 2950 2212 inter
2969 2168 3138 2230 gentes
3165 2160 3327 2228 (Ibid.
3360 2176 3409 2214 v.
3442 2162 3500 2229 8)
3523 2162 3546 2213 ?
3572 2162 3729 2216 Sicut
3751 2162 3913 2216 etiam

2322 2250 2396 2303 illi
2441 2250 2691 2320 gentibus
2739 2251 3116 2320 loquebantur,
3166 2253 3289 2309 licet
3328 2252 3395 2307 ad
3442 2254 3913 2309 circumcisionem

2319 2342 2583 2411 segregati
2619 2360 2633 2396 :
2667 2341 2739 2395 ita
2776 2352 2831 2397 et
2861 2344 2948 2399 hic
2994 2347 3189 2415 saepius
3234 2362 3354 2401 eum
3401 2348 3650 2415 gentibus
3697 2348 3909 2418 agebat,

2319 2448 2419 2488 nec
2446 2444 2621 2489 tamen
2652 2435 2868 2492 Judzeos
2908 2437 3228 2509 negligebat,
3276 2449 3334 2493 ut
3364 2455 3431 2495 ne
3475 2439 3798 2496 viderentur
3836 2442 3912 2496 di-

2317 2540 2414 2579 VlSl
2444 2541 2584 2581 esse.

2388 2620 2440 2673 2.
2484 2618 2588 2673 Cur
2643 2619 2838 2676 Paulus
2874 2623 2928 2677 in
2970 2639 3255 2695 synagogas
3305 2624 3630 2679 intraret.—
3656 2625 3727 2680 Et
3776 2641 3909 2697 quo-

2320 2712 2500 2779 modo,
2527 2713 2758 2783 inquies,
2786 2716 2936 2785 prius
2958 2717 3010 2771 in
3032 2731 3331 2788 synagogas
3352 2719 3583 2775 intrabat
3606 2722 3630 2773 ?
3652 2721 3759 2776 Sed
3783 2737 3909 2792 gen-

2317 2803 2498 2858 tilibus
2527 2806 2881 2873 persuadebat
2908 2823 3001 2877 per
3025 2807 3260 2877 Iudaeos,
3292 2821 3346 2865 et
3369 2826 3436 2865 ex
3466 2813 3529 2866 iis
3557 2829 3680 2881 qua:
3708 2814 3909 2870 Judaeis

2314 2894 2547 2950 dicebat.
2579 2896 2794 2951 Sciebat
2816 2899 2959 2952 enim
2990 2899 3093 2953 hoc
3120 2902 3410 2970 gentilibus
3448 2902 3515 2958 ad
3549 2905 3710 2960 [idem
3743 2907 3909 2962 addu-

2314 2987 2500 3041 cendis
2532 2987 2784 3043 idoneum
2814 3004 2955 3045 esse.
2987 2989 3112 3044 ideo
3151 2992 3359 3048 dicebat
3389 2994 3494 3049 :In
3530 3008 3784 3065 quantum
3824 3016 3907 3067 ego

2314 3095 2424 3131 sunt
2451 3080 2672 3150 gentium
2716 3084 2979 3150 apostolus
3018 3083 3192 3154 (Rom.
3243 3086 3330 3139 11.
3380 3087 3489 3157 15).
3543 3089 3907 3159 Epistolmque

2314 3173 2432 3239 ejus
2459 3187 2647 3228 omnes
2675 3184 2861 3229 contra
2888 3174 3100 3230 Judaeos
3125 3189 3396 3233 certamen
3431 3181 3749 3249 pra-lerunt.
3780 3184 3905 3250 Quia

2315 3266 2592 3331 Christum,
2640 3266 2831 3337 inquit,
2876 3269 3135 3338 Oportebat
3173 3274 3301 3341 pati.
3350 3272 3405 3328 Si
3458 3274 3562 3342 pati
3597 3277 3902 3345 oportebat,

2312 3373 2441 3428 ergo
2467 3369 2522 3415 et
2560 3374 2869 3430 resurgere;
2918 3361 3021 3417 hoc
3066 3366 3207 3419 enim
3252 3366 3409 3437 longe
3454 3369 3764 3426 mirabilius
3801 3383 3901 3439 est,

2312 3464 2469 3518 quam
2511 3449 2661 3505 illud.
2710 3451 2765 3507 Si
2807 3454 2949 3507 enim
2976 3469 3120 3517 eum.
3150 3459 3239 3527 qui
3290 3459 3420 3513 nihil
3468 3461 3666 3529 injuste
3693 3477 3897 3534 egerat,

2313 3542 2469 3594 morti
2502 3542 2736 3609 tradidit,
2783 3547 2951 3599 multo
2998 3549 3167 3618 magis
3197 3552 3485 3629 suscitavit.
3514 3554 3686 3609 illum.
3733 3555 3902 3611 Judaei

2310 3642 2475 3684 autem
2516 3633 2784 3701 increduli,
2820 3641 3093 3708 assumptis
3124 3644 3406 3710 forensibus
3445 3648 3769 3715 quibusdam,
3802 3663 3903 3704 tur-

2309 3724 2492 3777 barunt
2518 3727 2790 3793 civitatem,
2826 3730 3013 3799 inquit.
3047 3732 3230 3801 Itaque
3259 3735 3435 3803 plures
3461 3748 3614 3793 erant
3652 3745 3898 3810 gentiles.

2312 3815 2379 3868 Et
2421 3826 2827 3884 assumpserunt
2869 3822 3162 3889 quosdam;
3218 3826 3339 3894 quia
3386 3842 3490 3882 non
3536 3844 3595 3885 se
3646 3836 3902 3902 putabant

2311 3908 2441 3959 satis
2467 3922 2587 3963 esse
2616 3907 2783 3963 Judzei
2812 3910 2876 3965 ad
2905 3911 3249 3981 seditionem,
3278 3927 3333 3972 et
3360 3921 3482 3989 quia
3523 3924 3898 3985 rationabilem

2309 4012 2523 4053 causam
2548 4014 2655 4054 non
2682 4001 2966 4058 habebant.
2995 4006 3070 4060 Ex
3094 4010 3320 4064 tumultu
3342 4026 3557 4082 semper
3582 4017 3700 4073 haec
3724 4024 3899 4077 omnia

2310 4093 2611 4162 perficiunt,
2637 4104 2691 4149 et
2718 4100 3006 4167 assumptis
3036 4099 3293 4169 improbis
3322 4104 3648 4165 hominibus.
3677 4113 3804 4168 Non
3827 4118 3899 4169 in-

2308 4187 2463 4239 ventis
2492 4198 2657 4240 autem
2685 4187 2810 4253 illis,
2844 4189 3033 4259 inquit,
3066 4196 3325 4249 traxerunt
3350 4196 3613 4255 Iasonem.
3645 4202 3692 4259 Ο
3722 4214 3899 4277 tyran-

2310 4275 2523 4330 nidem!
2557 4278 2639 4331 Ab
2666 4278 2871 4333 aedibus
2897 4282 3013 4337 sine
3036 4296 3193 4339 causa
3222 4286 3343 4342 illos
3367 4291 3669 4349 trahebant.
3703 4275 3776 4351 Ili
3798 4317 3897 4353 om—

2309 4384 2395 4421 nes
2412 4380 2585 4421 contra
2607 4370 2803 4425 decreta
2829 4372 3043 4429 Ctvsaris
3069 4378 3282 4446 faciunt,
3312 4397 3478 4452 regem
3500 4386 3661 4440 alium
3684 4391 3902 4447 dicentes

2308 4475 2414 4513 esse
2442 4459 2638 4515 Iesum.
2672 4461 2805 4529 Quia
2835 4464 2909 4518 illi
2952 4466 3081 4523 nihil
3118 4468 3350 4526 decretis
3391 4480 3723 4535 contrarium
3756 4482 3897 4540 diee-

2309 4552 2457 4618 bant,
2486 4569 2583 4609 nec
2609 4555 2877 4612 civitatem
2901 4560 3263 4629 concitabant,
3294 4566 3345 4620 in
3374 4566 3516 4623 aliud
3544 4571 3667 4627 illos
3695 4576 3893 4632 crimen

2309 4643 2529 4711 ducunt,
2576 4658 2628 4702 et
2667 4647 2809 4703 larsm
2854 4651 3148 4720 majestatis
3192 4655 3329 4711 falso
3356 4673 3631 4718 accusant.
3684 4667 3749 4720 Et
3774 4671 3894 4738 quid

2312 4737 2525 4800 timetis,
2561 4738 2822 4808 siquidem
2868 4751 3111 4797 mortuus
3140 4749 3265 4801 est?
3294 4747 3446 4817 Vide,
3476 4756 3755 4821 quomodo
3783 4737 3896 4830 per-

2310 4831 2655 4900 sequutiones
2700 4832 2896 4901 ubique
2942 4836 3372 4905 praedicationem
3417 4858 3793 4911 promoveant.
3829 4853 3897 4907 lli

2309 4931 2474 4973 autem
2501 4931 2643 4976 erant
2670 4924 2938 4978 nobiliores
2974 4930 3167 4994 eorum,
3198 4932 3285 4999 qui
3320 4943 3436 4986 sunt
3481 4935 3887 5012 Thessalonicae,

2310 5012 2359 5065 id
2391 5022 2488 5079 est,
2523 5014 2652 5067 nihil
2684 5015 2808 5068 mali
2841 5015 3125 5074 iaciebant.
3157 5019 3261 5075 Sed
3283 5023 3373 5077 alii
3403 5026 3618 5095 quidem
3648 5035 3889 5089 credide-

2310 5114 2472 5169 runt;
2520 5104 2575 5159 bi
2622 5120 2752 5161 vero
2798 5110 3123 5164 contrarium
3172 5111 3373 5169 iaciunt
3421 5119 3703 5177 turbantes
3755 5126 3895 5181 illos.

2312 5197 2467 5251 Multi
2497 5209 2663 5252 autem
2701 5216 2762 5253 ea:
2790 5201 2892 5255 illis
2919 5212 2966 5256 et
3001 5221 3065 5257 ea:
3092 5208 3360 5275 gentilibus
3399 5213 3701 5271 mulieribus
3729 5222 3895 5275 credis

2311 5289 2514 5342 derunt.
2549 5289 2645 5343 llic
2684 5307 2868 5347 rursus
2910 5296 3137 5364 gentiles
3189 5300 3434 5356 credunt.
3488 5304 3568 5360 Tu
3608 5324 3740 5365 vero
3768 5315 3896 5369 mihi

2311 5381 2620 5437 consideres
2649 5383 2829 5449 velim,
2863 5386 3010 5455 ipsos
3038 5403 3135 5457 per
3159 5395 3515 5452 oeconomiam
3544 5398 3764 5471 fugisse,
3793 5419 3895 5460 non

2313 5490 2423 5543 pra:
2449 5484 2593 5530 metu
2618 5494 2629 5530 :
2655 5478 2886 5549 alioquin
2914 5482 3055 5536 enim
3082 5483 3243 5539 tinent
3263 5485 3517 5545 iecissent
3549 5496 3895 5564 praedicandi,

2316 5581 2414 5621 nec
2435 5569 2603 5637 magis
2623 5571 3053 5629 exacerbassent.
3078 5575 3182 5630 Sed
3204 5576 3329 5635 hinc
3343 5581 3452 5636 duo
3469 5586 3789 5643 eveniebant
3811 5606 3823 5643 :
3844 5600 3900 5645 ct

2314 5659 2527 5713 illorum
2562 5660 2711 5715 furor
2746 5666 3201 5735 exstinguebatur,
3237 5682 3290 5726 et
3328 5676 3641 5742 praedicatio
3672 5695 3899 5752 augens-

2314 5758 2419 5804 tur.
2453 5750 2725 5822 Condigne
2768 5766 2946 5811 autem
2991 5759 3057 5814 de
3097 5761 3309 5819 illorum
3342 5768 3573 5823 tumultu
3624 5750 3780 5836 dicit,
3811 5789 3893 5828 re-

2320 5845 2465 5903 nisse
2497 5862 2589 5903 eos
2634 5849 2759 5907 illuc
2784 5853 2966 5911 turbas
2996 5859 3359 5931 concitantes;
3392 5862 3659 5922 infrenem
3689 5868 3897 5926 illorum
