4084 6332
102 552 340 602 Iul-orem
371 540 742 598 subindicans.
778 534 966 590 Statim
1010 545 1124 584 vero
1167 525 1394 579 Paulum
1440 514 1709 574 emiserunt

102 641 313 707 fratres,
341 645 396 689 ut
424 643 542 697 iret,
573 629 762 699 inquit,
791 624 940 695 quasi
967 623 1034 675 ad
1066 634 1223 672 mare.
1255 616 1316 669 lli
1345 615 1454 683 jam
1486 606 1714 707 Paulum

102 695 549 785 solum'mittunt
583 738 596 774 :
625 695 938 774 metuebant
982 712 1124 767 enim
1166 723 1234 762 ne
1279 703 1404 774 quid
1456 700 1552 770 ipsi
1586 695 1712 750 mali

107 820 401 880 accideret,
436 813 581 884 quod
610 811 713 865 illis
744 821 953 862 smnma
993 817 1120 857 cura
1162 807 1274 854 erat
1308 814 1322 850 :
1352 796 1431 849 sic
1457 807 1561 847 non
1591 787 1712 843 ubi-

109 926 208 980 que
240 910 414 980 gratia
435 904 774 975 operabatur,
796 898 890 954 sed
912 895 1119 951 sinebat
1139 894 1256 948 illos
1279 889 1509 943 humana
1531 896 1711 953 agere,

110 973 505 1056 illos—excitans
545 1004 598 1049 et
634 989 1085 1063 exporgi-iremus,
1129 993 1288 1052 atque
1320 982 1372 1034 in
1399 995 1429 1035 s
1454 973 1717 1031 illici'tudi-

109 1108 234 1146 nem
284 1089 546 1158 injicicns.
590 1084 722 1139 Vide
768 1096 914 1151 ergo,
960 1091 1129 1146 usque
1173 1073 1447 1147 Philippos
1485 1064 1718 1122 servavit

106 1199 224 1249 eos,
261 1181 388 1236 inde
414 1193 544 1233 vero
573 1193 676 1230 non
706 1175 855 1228 item.
893 1171 957 1224 Et
989 1177 1191 1239 accepto
1221 1163 1480 1226 mandato,
1523 1158 1715 1228 inquit,

106 1276 175 1327 ad
205 1274 379 1330 Silam
403 1283 446 1326 et
478 1269 816 1332 Timotheum,
849 1275 902 1318 ut
934 1279 1085 1334 quam
1115 1259 1376 1314 celerrime
1402 1255 1624 1308 venirent
1651 1249 1719 1303 ad

107 1383 250 1430 eum,
288 1363 506 1436 profecti
530 1370 665 1415 sunt.
698 1358 858 1426 quue
891 1354 1080 1409 merito
1113 1369 1127 1405 :
1155 1347 1360 1405 etiamsi
1404 1347 1546 1401 enim
1579 1343 1719 1397 Pau-

108 1457 192 1510 lus
221 1434 394 1518 esset,
430 1467 566 1523 Opus
610 1449 840 1504 habebat
883 1447 1009 1499 illis.
1058 1442 1220 1513 Igitur
1261 1440 1313 1493 in
1356 1434 1720 1492 Macedoniam

109 1549 251 1604 bene
283 1563 314 1601 a
346 1549 455 1602 Deo
503 1542 952 1614 impellebantur;
995 1537 1137 1591 clara
1180 1546 1413 1601 namque
1456 1529 1567 1598 jam
1606 1534 1720 1588 erat

110 1640 323 1695 Graecia
355 1659 369 1692 :
401 1637 636 1704 alioquin
678 1644 734 1688 et
761 1634 861 1686 alia
907 1639 1103 1700 praeter
1147 1625 1522 1680 necessitatem
1557 1618 1720 1674 facio-

115 1731 226 1785 bat.
261 1729 514 1784 Christus
541 1723 872 1795 jiisscratde.
896 1719 1175 1788 evangelio
1201 1717 1381 1770 vivere
1410 1713 1484 1784 (I.
1519 1710 1635 1764 Cor.
1667 1709 1722 1761 9.

112 1822 242 1893 H);
277 1823 560 1876 hicaulem
591 1834 694 1873 non
726 1815 951 1871 faciebat
971 1832 984 1867 :
1007 1811 1250 1868 Chrisuts
1279 1825 1383 1863 non
1409 1806 1552 1859 misit
1576 1804 1722 1856 illum

112 1913 394 1984 haptimre
426 1913 498 1980 (I.
534 1910 652 1962 (ἔον.
698 1909 751 1964 1.
795 1907 922 1975 17);
961 1905 1044 1958 hic
1073 1916 1203 1956 vero
1233 1898 1554 1969 baptizabat.
1595 1894 1726 1949 Vide

110 2006 391 2076 quomodo
421 2001 782 2057 conferendas
824 1997 1074 2051 omnibus
1115 2002 1250 2048 erat.
1293 1993 1484 2046 l‘etrus
1524 1987 1590 2040 ad
1622 1987 1728 2038 cir-

111 2097 525 2158 rnmcisionem,
558 2095 644 2146 hic
666 2091 730 2144 ad
758 2099 968 2160 gentes,
997 2088 1063 2141 ad
1103 2086 1360 2154 majorem
1398 2090 1625 2150 partem.
1658 2077 1726 2132 Et

111 2195 350 2256 accepta,
384 2185 573 2253 inquit,
604 2181 952 2250 satisfactione
984 2195 1016 2230 a
1049 2176 1262 2239 Jasone,
1289 2173 1593 2226 dimiserunt
1620 2185 1724 2223 eos.

114 2281 254 2335 Vide
295 2285 569 2349 quomodo
596 2273 960 2328 satisfacdoue
990 2270 1112 2324 data
1143 2269 1305 2323 .Iasou
1345 2265 1567 2320 Paulum
1593 2261 1728 2316 emi-

111 2376 224 2439 sit;
256 2385 318 2425 et
348 2373 417 2424 ita
444 2371 677 2424 annnam
715 2382 865 2419 suam
911 2379 1008 2434 pro
1049 2362 1143 2416 illo
1179 2360 1373 2431 posuit.
1409 2356 1501 2422 lli,
1535 2353 1724 2424 inquit,

113 2477 263 2520 trunt
288 2464 593 2519 nobilissimi
626 2456 1195 2518 Thessalonicensium;
1225 2453 1278 2506 id
1309 2458 1413 2516 est,
1452 2449 1646 2502 virtute
1676 2455 1730 2498 et

115 2559 224 2613 ﬁde
265 2571 398 2626 erga
441 2556 629 2609 Deum.
675 2551 775 2618 Qui
813 2554 1142 2618 susceperunt
1190 2543 1394 2598 verbum
1435 2556 1552 2594 cum
1592 2537 1730 2592 omni

115 2650 409 2710 alacritate,
444 2635 635 2714 inquit,
663 2642 887 2712 quotidie
908 2647 1189 2693 scrutantes
1210 2635 1530 2704 Scripturas,
1552 2630 1598 2684 si
1623 2631 1731 2683 haec

115 2743 189 2792 ita
220 2755 276 2793 se
307 2737 564 2791 haberent.
600 2735 715 2788 Non
742 2743 946 2786 temere
975 2747 1039 2784 ex
1068 2729 1273 2796 impetu
1303 2735 1356 2781 et
1383 2724 1522 2779 zelo.

197 2829 262 2882 In
289 2828 569 2897 majoribus
590 2824 872 2877 civitatibus
891 2823 1085 2892 pejores
1108 2815 1593 2883 homines—Atqui
1618 2828 1725 2868 ma-

110 2923 204 2992 jor
234 2922 366 2975 urbs
391 2929 507 2974 erat
527 2961 542 2982 ,
577 2926 631 2972 et
660 2917 903 2972 forenses
934 2915 1177 2969 homines
1204 2920 1358 2966 erant
1389 2911 1458 2963 ibi
1492 2927 1504 2961 :
1537 2910 1731 2962 mirunt

117 3024 308 3068 autem
343 3020 592 3075 nonest,
634 3013 678 3062 si
723 3011 776 3062 iu
818 3010 1020 3076 majore
1065 3005 1281 3059 civitate
1328 3004 1542 3074 pejores
1587 3010 1732 3055 sunt.

117 3107 286 3159 Certe
319 3105 368 3154 in
397 3102 602 3171 majore
632 3101 842 3169 pejores
864 3113 984 3152 esse
1002 3094 1293 3150 verisimile
1314 3105 1417 3157 est,
1443 3092 1532 3146 ubi
1551 3093 1733 3146 multa:

118 3205 251 3249 sunt
281 3195 560 3248 turbarum
596 3191 930 3246 occasiones.
961 3187 1032 3243 Ut
1063 3187 1207 3242 enim
1239 3187 1292 3238 in
1325 3199 1583 3253 corpore,
1610 3198 1732 3237 cum

119 3288 353 3340 morbus
385 3295 466 3338 est
495 3283 731 3352 gravior,
765 3281 885 3349 plus
914 3279 1074 3332 habet
1101 3276 1345 3331 materia:
1371 3287 1426 3330 et
1453 3274 1730 3328 alimenti:

120 3379 198 3429 ita
247 3388 306 3430 et
336 3375 436 3428 hoc
484 3375 604 3427 loco
626 3415 640 3438 ,
675 3371 816 3442 quod
843 3353 1088 3428 etllconii
1121 3368 1319 3422 factum
1354 3377 1473 3431 est,
1509 3376 1563 3420 et
1594 3379 1735 3418 nunc

117 3484 366 3539 (tuoque.
402 3468 470 3522 Et
500 3466 772 3536 egreditur
803 3463 1020 3526 Paulus,
1051 3471 1108 3516 ut
1139 3471 1191 3515 et
1217 3461 1442 3514 aliorum
1479 3459 1732 3528 perniciei

118 3575 322 3630 pinnas
349 3559 496 3612 dent.
527 3559 650 3612 Ideo
677 3557 891 3612 diccbat
924 3555 1118 3610 Paulus
1153 3571 1165 3608 :
1200 3551 1600 3607 Pro/libentibus
1642 3567 1736 3606 nos

118 3651 266 3720 loqui
295 3649 527 3720 gentibus
559 3650 644 3718 (1.
680 3647 856 3702 Thess.
879 3648 934 3700 2.
967 3647 1092 3716 16).
1123 3646 1189 3699 Et
1213 3659 1310 3699 cur
1339 3645 1515 3710 isthic,
1541 3644 1728 3714 inquit,

117 3757 232 3795 non
283 3739 642 3795 manserunt?
688 3753 787 3793 cur
835 3754 942 3791 non
993 3738 1143 3806 signa
1187 3735 1465 3791 fecerunt?
1508 3734 1641 3788 Nam
1688 3733 1734 3789 si

118 3834 275 3897 illic,
339 3831 428 3885 ubi
484 3829 752 3899 lapidatus
808 3837 931 3894 est,
984 3829 1182 3881 mansit
1235 3829 1401 3882 multo
1455 3836 1732 3895 tempore;

116 3926 298 3980 multo
327 3924 497 3995 magis
526 3923 612 3977 hic
641 3922 967 3977 manendum
999 3929 1135 3974 erat.
1174 3920 1389 3988 Quare?
1431 3919 1546 3974 Non
1587 3934 1734 3974 sem-

117 4034 220 4089 per
250 4017 468 4070 volebat
493 4016 636 4068 Deus
663 4016 783 4069 illos
810 4014 926 4068 hmc
954 4014 1104 4084 signa
1137 4014 1310 4068 facere
1339 4028 1351 4061 :
1383 4029 1559 4083 neque
1589 4016 1734 4068 enim

115 4109 307 4162 minus
336 4106 547 4175 signum
573 4113 655 4159 est
698 4104 815 4157 sine
861 4104 1030 4172 signis
1070 4102 1323 4169 vincere,
1374 4118 1534 4172 quam
1584 4104 1734 4173 signa

115 4200 328 4253 facere.
367 4196 582 4266 Itaque,
617 4197 754 4250 sicut
784 4209 926 4249 nunc
953 4235 966 4259 ,
995 4194 1196 4264 absque
1226 4194 1392 4264 signis
1436 4195 1691 4263 praevalet
1718 4213 1731 4248 :

114 4291 201 4346 sic
227 4298 284 4346 et
317 4299 445 4343 tunc
474 4302 618 4357 εωρο
643 4286 856 4340 volebat
880 4287 1116 4340 vincere.
1148 4285 1332 4354 Itaque
1360 4300 1460 4340 nec
1506 4286 1734 4354 apostoli

113 4383 188 4437 ad
220 4383 379 4453 signa
411 4380 739 4444 currebant,
775 4389 833 4433 ut
859 4389 913 4432 et
944 4378 1059 4446 ipse
1087 4378 1162 4431 ait
1196 4395 1208 4429 :
1245 4376 1358 4430 Nos
1381 4386 1547 4432 autent
1597 4395 1733 4447 pra:-

117 4476 367 4528 dicamus
396 4470 656 4525 Christum
680 4471 982 4538 cruciﬁxum
1014 4470 1031 4539 (
1063 4469 1110 4522 1.
1140 4467 1260 4524 Cor.
1295 4471 1346 4524 1.
1395 4468 1522 4541 25).
1572 4469 1732 4541 Signa

115 4563 498 4636 quati-cutibus
529 4571 582 4617 et
623 4562 978 4632 sapientiam,
1029 4561 1145 4616 lucc
1195 4560 1384 4615 damus
1411 4603 1423 4626 ,
1471 4535 1590 4628 qua:
1633 4535 1734 4618 1th

115 4671 247 4710 cum
299 4653 472 4723 signis
519 4651 831 4722 persuaderi
883 4660 1148 4722 possunt,
1214 4662 1268 4707 et
1319 4654 1727 4722 persuademus.

120 4748 312 4816 Itaque
343 4759 594 4814 magnum
625 4744 753 4798 illud
783 4744 994 4814 signum
1027 4752 1161 4798 erat.
1197 4744 1329 4800 Vide
1354 4746 1609 4816 ergojam
1640 4763 1734 4802 ex-

118 4851 280 4895 tensa
339 4837 764 4907 prtcdieatione,
818 4852 978 4906 quam
1025 4836 1134 4890 cito
1182 4847 1400 4892 currant
1437 4838 1504 4892 ad
1557 4841 1728 4911 signa.

117 4927 429 5000 Oportebat
451 4928 591 4981 enim
612 4926 721 4996 jam
753 4934 973 4996 pmpter
995 4926 1280 4981 credentes
1309 4929 1460 4996 plura
1489 4944 1610 4984 esse
1658 4930 1731 4984 si-

117 5039 250 5096 gna,
282 5037 447 5092 quam
479 5022 604 5075 alibi
639 5037 653 5073 :
687 5022 868 5090 itaque
900 5020 1060 5085 ﬁunt;
1091 5021 1185 5076 sed
1221 5020 1524 5076 recedendo
1553 5033 1607 5078 et
1643 5039 1732 5076 ac-

116 5113 376 5171 cudendo
399 5112 487 5166 illa
516 5111 803 5168 faeiehant.
831 5111 1122 5166 Emiserunt
1143 5113 1312 5181 illum,
1338 5114 1547 5182 inquit,
1587 5117 1732 5184 quasi

115 5209 194 5262 ad
224 5222 390 5260 utare.
413 5204 640 5273 Quare?
670 5204 740 5260 Ut
767 5221 872 5259 non
915 5214 1137 5275 possent
1169 5206 1315 5259 illum
1345 5205 1501 5262 facile
1529 5222 1726 5277 appre-

119 5298 392 5354 hendere.
426 5296 577 5352 Adeo
617 5311 711 5367 per
740 5312 799 5352 se
827 5297 926 5366 ipsi
972 5313 1222 5367 magnum
1273 5298 1398 5367 quid
1447 5299 1726 5367 pra-stitis-

114 5399 269 5456 scnt,
300 5399 352 5442 et
382 5403 503 5442 cum
529 5388 620 5442 illo
637 5388 801 5442 multa
822 5386 958 5443 bene
978 5398 1261 5458 gesserunt
1281 5403 1342 5443 ac
1366 5389 1723 5460 perfecerunt.

119 5483 353 5538 Interim
383 5481 534 5537 illum
564 5496 755 5536 eruere
783 5481 1052 5537 volebant.

194 5575 252 5629 3.
289 5573 420 5628 Vide
448 5580 649 5643 qu:mta
679 5571 926 5642 discipuli
955 5589 1078 5643 erga
1112 5575 1412 5644 praecipuos
1443 5575 1729 5630 utebantur

111 5679 295 5720 cura:
325 5673 380 5717 at
435 5679 539 5718 non
590 5663 728 5718 sicut
777 5679 917 5719 nunc
960 5665 1116 5742 divisi
1164 5681 1388 5731 sumus;
1437 5666 1727 5722 dividimur

112 5771 356 5825 Itamquc
385 5754 535 5825 parvi
563 5763 617 5809 et
643 5756 820 5826 magni
852 5773 864 5809 :
897 5741 1040 5811 inter
1079 5772 1176 5811 nos
1229 5757 1317 5812 alii
1365 5760 1720 5826 extolluntur,

115 5845 221 5902 alii
247 5845 520 5913 invident;
570 5844 798 5915 ideoque
826 5847 1092 5911 invident,
1128 5849 1250 5918 quia
1299 5864 1398 5904 nos
1449 5850 1720 5919 inﬂantur,

1066 409 1133 466 IN
1167 409 1350 466 ACTA
1396 391 1920 460 Al’OSTOLORUM.
1967 387 2196 444 1101111..
2241 381 2506 442 XXXVII.

3317 372 3387 426 ‘lii
3408 379 3420 424 ἱ

1825 521 1924 561 nec
1977 495 2209 575 patimur
2262 499 2750 571 atqualiteragere
2797 509 2920 550 cum
2971 492 3094 547 illis.
3142 489 3346 546 Idcirco
3375 491 3425 543 iu

1820 611 2051 667 corpore
2097 601 2394 650 concentus
2435 600 2547 654 est,
2586 588 2709 658 quia
2760 601 2866 642 non
2909 595 2994 640 cst
3033 583 3236 639 inflatio
3269 601 3282 638 :
3319 598 3426 636 non

1821 702 1906 749 est
1930 704 2107 747 autem
2138 690 2348 745 inﬂatio
2369 730 2385 756 ,
2419 686 2542 756 quia
2572 685 2651 740 sic
2681 683 2921 738 membra
2951 679 3212 752 disposita
3253 687 3380 733 sunt
3409 717 3426 742 ,

1824 792 1880 836 ut
1907 783 2048 836 aliud
2078 782 2184 834 alio
2213 794 2349 849 Opus
2381 778 2576 831 habeat
2605 794 2618 830 :
2651 783 2806 844 caput
2829 773 3056 845 pedibus
3085 784 3220 842 opus
3244 770 3425 835 habet,

1822 884 1876 929 et
1903 873 2069 944 pedes
2094 872 2291 942 capite.
2320 871 2386 924 Et
2413 870 2517 924 hoc
2547 867 2701 923 nobis
2739 867 2864 922 fecit
2911 867 3084 933 Deus,
3130 880 3306 934 neque
3351 863 3430 918 sic

1824 968 2150 1022 sustinemus
2185 982 2197 1017 :
2233 971 2509 1034 Oportcret
2536 963 2678 1017 enim
2707 1001 2721 1027 ,
2752 959 2961 1015 etiamsi
2997 960 3099 1014 hoc
3127 975 3235 1013 non
3261 967 3428 1024 esset,

1825 1063 2101 1117 caritatem
2132 1075 2274 1115 esse.
2305 1060 2500 1113 Annon
2533 1056 2730 1110 auditis
2755 1065 3009 1109 externos
3032 1095 3046 1119 ,
3078 1052 3169 1122 qni
3202 1065 3301 1105 nos
3337 1065 3430 1105 ca~

1825 1153 2182 1217 Iumniantur,
2217 1150 2434 1220 quando
2461 1149 2650 1203 dicunt
2682 1163 2696 1199 :
2743 1145 2915 1201 Utiles
2956 1143 3246 1200 amiciti-.r?
3283 1142 3429 1197 Laici

1829 1247 1985 1301 nobis
2018 1259 2154 1314 opus
2183 1244 2417 1307 habent;
2469 1252 2568 1296 nos
2621 1254 2751 1294 vero
2793 1252 3006 1293 rursum
3051 1247 3272 1306 propter
3314 1237 3434 1290 illos
3472 1234 3475 1235 ⁷

1828 1352 2032 1392 sumus.
2061 1335 2152 1391 Sic
2175 1351 2275 1393 nec
2322 1334 2514 1389 doctor
2559 1346 2660 1386 nec
2707 1332 2958 1401 princeps
3006 1338 3191 1392 esset,
3235 1329 3280 1382 si
3325 1341 3432 1382 non

1828 1430 2081 1485 adessent
2106 1426 2354 1497 discipuli
2380 1434 2436 1481 et
2462 1423 2687 1491 subditi,
2721 1436 2898 1492 neque
2928 1421 3171 1476 Iacerent
3195 1436 3315 1492 qua:
3339 1435 3435 1475 sua

1829 1531 1954 1576 sunt
1986 1539 1998 1575 :
2033 1535 2140 1574 non
2185 1519 2330 1574 enim
2383 1523 2625 1587 possent.
2674 1512 3138 1581 Quemadmodum
3190 1522 3244 1567 et
3293 1521 3436 1568 terra

1831 1613 2067 1684 agricola
2093 1654 2107 1678 ,
2141 1622 2196 1666 et
2223 1610 2458 1681 agricola
2505 1617 2646 1663 terra
2696 1621 2832 1678 opus
2874 1607 3034 1661 habet
3063 1624 3076 1660 :
3105 1607 3176 1661 ita
3229 1617 3281 1662 et
3325 1605 3434 1661 hic.

1829 1707 2002 1773 Quam
2036 1705 2181 1759 enim
2213 1702 2520 1758 mercedem
2546 1700 2708 1755 habet
2735 1700 2926 1756 doctor
2949 1741 2962 1764 ,
2993 1699 3215 1773 qui‘non
3263 1710 3442 1770 potest

1837 1798 2126 1853 ostendere
2152 1797 2219 1851 ab
2245 1811 2304 1852 se
2331 1795 2559 1851 edoctos
2583 1795 2606 1847 ?
2636 1809 2794 1863 quam
2825 1795 2856 1846 ii
2891 1795 2979 1862 qui
3012 1793 3278 1848 docentur
3304 1837 3316 1855 ,
3351 1779 3439 1864 qui

1834 1907 1938 1945 non
1968 1891 2173 1960 optima
2223 1891 2472 1944 fruuntur
2520 1887 2808 1941 doctrina?
2858 1887 3046 1957 Itaque
3080 1888 3218 1942 alter
3269 1889 3442 1944 altero

1833 1997 1968 2053 opus
1995 1981 2281 2046 habemus,
2314 1990 2368 2035 et
2398 1979 2670 2049 principes
2716 1978 2944 2032 subditis
2967 2021 2981 2047 ,
3033 1988 3088 2035 et
3131 1979 3238 2034 dux
3283 1983 3443 2038 obsc-

1834 2075 2126 2145 quentibus
2160 2091 2174 2127 :
2209 2074 2482 2144 principes
2512 2088 2746 2141 namque
2777 2071 3072 2127 multorum
3099 2074 3269 2143 gratia
3294 2087 3439 2130 sunt.

1834 2167 2004 2221 Nemo
2035 2165 2179 2220 enim
2206 2162 2408 2222 sufﬁcit
2434 2178 2529 2232 per
2554 2162 2790 2231 seipsuiu
2820 2162 3018 2232 aliquid
3045 2166 3258 2231 operari
3284 2209 3299 2231 ,
3332 2166 3445 2222 sive

1834 2264 2087 2319 ordinare
2113 2272 2399 2333 oporteat,
2433 2262 2547 2317 sive
2577 2261 2802 2316 consilia
2834 2272 2889 2316 et
2913 2261 3214 2316 sententias
3251 2260 3443 2330 eXplo-

1835 2372 1956 2410 rare
1981 2397 1996 2419 ,
2039 2355 2561 2427 sedbonoratiorcs
2609 2355 2680 2408 illi
2724 2365 2848 2408 sunt
2876 2370 2906 2408 a
2936 2366 3080 2409 coetu
3117 2364 3172 2408 et
3202 2354 3448 2408 multitu-

1835 2449 1984 2503 dine.
2010 2447 2255 2516 Exempli
2283 2448 2476 2517 gratia,
2506 2461 2775 2517 pauperes
2803 2445 3054 2499 dantibus
3084 2455 3240 2515 egent
3264 2432 3444 2510 ,‘dan-

1837 2551 1917 2594 tes
1964 2540 2370 2609 accipientibus.
2431 2538 2528 2592 Vos
2565 2549 2738 2591 ntutuo
2783 2539 3195 2604 considerantes,
3249 2539 3440 2609 inquit,

1835 2632 1903 2684 ad
1933 2632 2283 2685 incitationem
2304 2631 2533 2685 caritatis
2563 2641 2610 2684 et
2639 2632 2886 2684 bonorum
2908 2647 3116 2700 operum
3143 2630 3328 2698 (llebr.
3362 2631 3445 2687 10.

1835 2722 1966 2793 24).
2005 2722 2130 2778 Ideo
2162 2723 2312 2791 plura
2345 2731 2525 2792 potest
2553 2722 2814 2777 Ecclesia:
2840 2733 3052 2788 coetus;
3083 2723 3305 2794 etquod
3337 2725 3449 2780 sin-

1834 2817 1941 2884 gnli
1973 2832 2067 2885 per
2101 2833 2295 2870 senon
2335 2825 2598 2884 possunt,
2652 2830 2773 2868 cum
2821 2815 2948 2870 aliis
2987 2816 3159 2886 juncti
3200 2827 3447 2888 possunt.

1840 2909 1963 2962 Ideo
1991 2908 2081 2962 hic
2101 2909 2334 2962 maxime
2359 2909 2682 2963 necessaria:
2714 2918 2839 2962 sunt
2885 2923 3076 2978 preces
3127 2924 3225 2979 pro
3271 2911 3406 2966 orbe
3431 2953 3446 2977 ,

1841 3015 1935 3068 pro
1965 2999 2203 3054 Ecclesia
2234 3016 2354 3069 qua:
2383 3000 2435 3053 in
2465 3000 2662 3054 finibus
2693 3009 2779 3055 est
2803 3042 2817 3067 ,
2871 3017 2966 3070 pro
3019 3018 3149 3072 pace
3176 3045 3191 3069 ,
3243 3019 3343 3073 pro
3385 3005 3451 3059 iis

1838 3093 1926 3158 qui
1969 3091 2173 3145 suntin
2199 3090 2527 3145 calamitate.
2562 3091 2624 3144 Et
2677 3090 2779 3145 hoc
2830 3093 3026 3146 Paulus
3077 3094 3314 3161 imlicat,
3363 3097 3449 3150 di-

1839 3198 1968 3236 cens
2001 3201 2013 3235 :
2055 3183 2120 3236 Ut
2154 3185 2300 3254 ejus,
2332 3200 2446 3254 qua:
2475 3184 2528 3236 in
2557 3185 2700 3237 nobis
2731 3196 2837 3250 est,
2892 3187 3184 3241 donationis
3236 3191 3286 3243 in
3334 3208 3452 3259 per-

1838 3278 1975 3328 sonis
2003 3274 2174 3327 multis
2208 3291 2297 3342 per
2326 3275 2515 3327 multos
2543 3277 2726 3345 gratia:
2753 3285 2976 3346 agantur
3023 3296 3116 3348 pro
3168 3281 3312 3336 nobis
3356 3282 3447 3353 (2.

1839 3366 1959 3422 Cor.
1995 3367 2048 3422 1.
2081 3367 2142 3421 11
2171 3368 2212 3436 ).
2250 3367 2362 3420 Iloc
2391 3376 2491 3432 est,
2527 3377 2582 3420 nt
2615 3368 2800 3421 multis
2826 3370 2996 3437 gratia
3024 3372 3354 3428 conferatur.
3376 3377 3453 3432 Ac

1839 3474 1983 3530 smpe
2015 3460 2226 3513 illorum
2261 3476 2448 3528 preces
2480 3461 2725 3530 requirit.
2761 3462 2895 3517 Vide
2936 3463 3063 3533 qqu
3108 3465 3253 3520 dicat
3306 3469 3450 3522 Deus

1840 3563 1894 3608 et
1926 3552 2172 3606 Ninivitis
2205 3570 2216 3606 :
2261 3551 2371 3622 Ego
2394 3544 2512 3606 erro
2541 3569 2643 3606 non
2671 3570 2879 3621 parcam
2911 3555 3038 3622 urbi,
3075 3559 3161 3610 ubi
3189 3569 3307 3613 sunt
3336 3563 3452 3631 plus

1840 3661 1991 3714 quant
2018 3653 2220 3698 centum
2246 3645 2423 3714 viginti
2451 3644 2614 3697 millia
2647 3644 2808 3716 (Jnu.
2845 3647 2897 3700 4.
2933 3648 2993 3701 11
3022 3649 3083 3718 )?
3119 3648 3220 3704 Ubi
3249 3653 3350 3706 duo
3375 3656 3459 3710 vel

1841 3747 1968 3800 tres,
2003 3737 2177 3806 inquit
2198 3778 2209 3798 ,
2240 3737 2534 3806 congregati
2565 3738 2752 3803 fuerint
2776 3739 2827 3790 in
2857 3740 3059 3794 nomine
3086 3759 3215 3806 meo,
3249 3743 3320 3798 ibi
3340 3762 3452 3799 sum

1794 3845 1801 3852 ‘
1841 3831 1893 3882 in
1927 3830 2092 3904 medio
2119 3845 2292 3882 eorum
2367 3828 2558 3881 Matth.
2591 3830 2679 3883 18.
2712 3829 2841 3900 20).
2878 3831 2935 3885 Si
2962 3841 3140 3888 autem
3173 3834 3281 3890 duo
3311 3839 3451 3892 mul-

1844 3931 1953 3976 tum
1985 3932 2251 3992 possunt,
2281 3931 2483 3991 quanto
2520 3905 2691 3991 magis
2738 3924 2953 3993 plures?
2997 3925 3052 3980 Si
3107 3943 3238 3984 vero
3287 3931 3449 3985 etiam

1843 4028 1979 4067 unus
2014 4013 2216 4082 possit;
2263 4021 2316 4064 at
2362 4027 2468 4066 non
2517 4012 2819 4082 aequaliter.
2863 4013 2970 4068 Cur
3022 4033 3158 4071 unus
3200 4033 3259 4073 cs
3279 4020 3309 4071 ?-
3355 4036 3452 4075 cur

1842 4105 2041 4158 multos
2072 4120 2178 4157 non
2207 4102 2383 4157 lacis?
2413 4120 2508 4157 cur
2535 4119 2640 4157 non
2695 4121 2753 4160 es
2796 4122 2984 4163 auctor
3024 4112 3314 4166 caritatis?
3356 4129 3454 4170 cur

1843 4215 1947 4255 non
1981 4198 2273 4252 amicitiam
2307 4198 2510 4267 paras?
2537 4198 2822 4253 Maximam
2847 4203 3064 4256 virtutis
3091 4203 3300 4260 laudem
3343 4224 3450 4264 non

1842 4290 2033 4345 babes.
2069 4288 2220 4345 Sicut
2250 4289 2395 4344 enim
2425 4303 2548 4343 cum
2574 4304 2638 4343 ex
2671 4300 2826 4362 pacto
2854 4293 2981 4347 mali
3024 4303 3152 4350 sunt
3189 4297 3406 4367 quidam
3433 4343 3447 4368 ,

1843 4380 2016 4450 magis
2047 4380 2264 4434 irritant
2313 4379 2522 4433 Deum:
2558 4379 2636 4433 sic
2681 4381 2732 4433 iu
2776 4383 3065 4438 concordia
3108 4385 3282 4443 bonos
3328 4405 3452 4447 esse

1843 4473 2012 4542 magis
2044 4473 2303 4535 oblectat.
2339 4471 2462 4527 Non
2490 4474 2608 4539 eris,
2642 4473 2844 4544 inquit,
2880 4493 2993 4530 cum
3029 4480 3202 4535 multis
3241 4483 3294 4535 in
3342 4502 3448 4538 ma—

1844 4566 1949 4619 lunt
1984 4564 2197 4635 (Exod.
2231 4565 2324 4619 23.
2354 4565 2446 4638 2).
2487 4568 2673 4621 Omnes
2700 4569 3112 4640 declinaverunt,
3145 4575 3299 4631 simul
3329 4579 3447 4633 inu-

1842 4659 1953 4711 tilcs
1980 4659 2104 4728 facti
2125 4667 2240 4711 sunt
2270 4656 2454 4725 (Psal.
2493 4659 2576 4712 13.
2614 4657 2682 4731 '5)
2711 4701 2724 4723 ,
2757 4670 2810 4715 et
2839 4660 2962 4716 facti
2994 4674 3120 4720 sunt
3146 4673 3296 4737 quasi
3320 4686 3447 4728 can-

1844 4758 2017 4804 tantes
2050 4748 2101 4802 in
2132 4749 2370 4818 nequitia
2403 4765 2521 4803 sua.
2553 4750 2690 4805 Para
2720 4751 2812 4806 tibi
2864 4755 3066 4809 amicos
3110 4772 3219 4827 prce
3260 4760 3445 4819 dome.

1841 4840 2013 4902 sticis,
2046 4854 2156 4909 pra:
2183 4840 2304 4893 aliis
2332 4840 2603 4895 omnibus.
2637 4839 2691 4895 Si
2728 4843 3000 4912 paciﬁcus,
3035 4856 3118 4902 est
3141 4848 3282 4912 lilius
3309 4854 3400 4910 Dei
3430 4875 3442 4910 :

1840 4942 2041 5000 quanto
2071 4930 2238 5001 magis
2270 4931 2312 4984 is
2336 4932 2423 5001 qui
2454 4932 2721 4986 amicitias
2743 4939 2940 5003 parat?
2967 4938 3010 4990 si
3040 4939 3084 4994 is
3112 4941 3203 5009 qui
3251 4959 3444 5002 recon-

1840 5023 2015 5089 ciliat,
2051 5022 2191 5075 Illius
2237 5022 2329 5075 Dei
2377 5033 2600 5077 vocatur
2633 5040 2646 5076 :
2680 5025 2769 5093 qui
2815 5023 3193 5086 reconciliatos
3237 5037 3444 5094 amicos

1843 5114 1994 5181 facit,
2030 5128 2136 5183 quo
2170 5129 2277 5167 non
2305 5116 2406 5169 erit
2436 5114 2630 5184 dignus
2676 5117 2946 5172 munere?
2991 5119 3138 5176 Ilauc
3183 5122 3442 5185 faciamus

1842 5207 2256 5277 negotiationem
2290 5225 2301 5260 :
2336 5208 2584 5263 inimicos
2632 5219 2817 5264 mutuo
2863 5213 3066 5270 amicos
3112 5218 3440 5292 reddamus;

1838 5309 1892 5354 et
1915 5314 2007 5354 eos
2029 5299 2122 5369 qui
2147 5314 2245 5354 nec
2277 5298 2475 5354 inimici
2505 5316 2606 5355 nec
2634 5303 2792 5356 amici
2833 5314 2960 5359 sunt
3002 5322 3395 5382 congregemus
3423 5359 3437 5382 ,

1838 5400 1892 5445 et
1937 5401 2062 5444 ante
2088 5405 2276 5444 omnes
2305 5435 2318 5456 ,
2352 5393 2733 5462 nosmetipsos.
2781 5394 3247 5462 Quemadmodum
3295 5409 3440 5463 enim

1837 5484 1924 5553 qui
1952 5482 2096 5537 domi
2125 5484 2455 5538 inimicitiam
2490 5486 2686 5555 habet,
2721 5498 2777 5543 et
2801 5505 2921 5544 cum
2980 5509 3148 5549 uxore
3188 5512 3286 5552 sua
3327 5500 3444 5557 dis-

1837 5574 2005 5639 sidet,
2038 5590 2142 5628 non
2171 5582 2251 5629 est
2280 5573 2381 5630 lide
2428 5576 2621 5646 dignus
2663 5587 2718 5632 ut
2765 5580 2899 5635 alios
2947 5587 3298 5655 reconciliet,
3343 5592 3437 5646 sed

1835 5666 2016 5721 audiet
2045 5684 2058 5722 :
2095 5665 2294 5720 Mcdice
2318 5709 2330 5733 ,
2369 5684 2491 5722 cura
2519 5671 2734 5738 teipsum
2789 5671 2955 5740 (Luc.
2988 5676 3040 5730 4.
3069 5677 3174 5749 25)
3209 5696 3222 5732 :
3256 5682 3335 5736 sie
3383 5695 3439 5737 et

1837 5760 1937 5814 istc.
1968 5759 2170 5813 audiet.
2198 5759 2326 5827 Qua:
2358 5761 2518 5830 igitur
2544 5761 2700 5818 nobis
2739 5774 2822 5820 est
2866 5766 3184 5825 inimicitia?
3223 5775 3436 5830 Anium:

1834 5866 1954 5906 c'tttt
1992 5867 2240 5921 corpore,
2271 5854 2484 5909 Iualitizr
2507 5869 2625 5909 cum
2660 5857 2877 5914 virtute.
2921 5860 3070 5919 lianc
3111 5865 3389 5922 solvamus
3419 5911 3434 5936 ,
