4084 6332
706 404 798 459 iis?

708 520 809 573 hoc
840 517 1085 571 tollamus
1109 510 1336 575 bellum;
1365 518 1420 564 et
1447 517 1568 562 tunc
1602 519 1721 560 cum
1767 515 1897 573 pace
1950 500 2085 555 alios
2130 498 2265 553 alio.

698 622 919 679 quemur
950 615 1002 659 et
1042 618 1163 659 cum
1212 600 1376 656 multa
1422 598 1640 661 ﬁducia,
1692 608 1798 649 non
1848 600 2131 649 accusante
2170 604 2269 646 nos

707 696 1029 757 conscientia
1058 702 1257 748 nostra.
1291 692 1495 760 Pugnat
1531 689 1607 741 ira
1651 699 1771 741 cum
1821 680 2227 739 mansuetudine
2248 722 2265 748 ,

700 798 891 859 pugnat
912 787 1251 858 pecuniarum
1270 796 1419 835 amor
1440 793 1558 834 cum
1580 776 1812 845 ipsarum
1828 782 2148 841 contemptu,
2171 785 2266 840 pu—

695 893 820 953 gnat
852 879 1043 933 invidia
1072 892 1190 932 eum
1223 873 1561 942 benignitate.
1598 867 1709 923 lloc
1735 867 2000 923 solvamus
2026 862 2248 953 bellum,

698 952 793 1026 hos
817 971 1127 1039 dejiciamus
1152 965 1391 1019 inimicos
1416 1003 1431 1029 ,
1464 961 1579 1015 hazc
1606 960 1877 1029 erigamus
1924 963 2122 1024 troprra
2147 994 2162 1020 ,
2210 952 2262 1007 in

705 1060 923 1116 civitate
975 1067 1153 1113 nostra
1196 1054 1377 1124 pacem
1424 1051 1787 1107 conciliemus.
1832 1046 2029 1102 Civitas
2069 1044 2265 1116 quippe

699 1154 852 1209 nobis
880 1160 961 1207 est
980 1160 1035 1205 ct
1070 1144 1481 1210 administratio,
1514 1154 1569 1199 et
1590 1142 1732 1197 cives
1748 1147 1801 1195 et
1824 1135 2259 1195 estraneimulti:

705 1245 797 1302 sed
830 1242 1224 1313 peregrinorqu
1258 1237 1572 1307 eiectionem
1613 1232 1906 1296 faciamus,
1956 1237 2012 1283 ut
2059 1242 2126 1282 nc
2168 1226 2263 1281 do-

697 1334 899 1390 mestici
927 1339 1350 1399 corrumpantur.
1379 1326 1487 1381 Nec
1513 1325 1743 1379 alienum
1774 1337 1871 1376 nec
1898 1321 2118 1376 nothum
2164 1318 2262 1371 do-

693 1442 812 1497 gma
840 1423 1195 1492 ingrediatur,
1226 1419 1473 1487 nullaque
1500 1413 1728 1469 carnalis
1757 1412 2036 1467 sententia.
2068 1410 2259 1464 Annon

692 1518 930 1573 videmus
952 1513 1245 1586 quomodo,
1280 1513 1322 1567 si
1347 1513 1463 1582 quis
1482 1508 1728 1563 inimicus
1757 1506 1807 1559 iu
1834 1504 2049 1559 urbibus
2079 1503 2257 1572 capia-

693 1622 811 1675 tnr,
865 1608 1015 1680 quasi
1063 1607 1364 1676 explorator
1421 1598 1722 1671 judicatur?
1771 1599 1908 1667 Ergo
1950 1596 2257 1667 peregrinos

690 1703 989 1770 ejit'iamus;
1025 1700 1129 1753 imo
1158 1710 1262 1751 non
1292 1693 1598 1765 peregrinos
1628 1689 1786 1746 modo
1809 1730 1823 1753 ,
1853 1687 1945 1743 sed
1972 1688 2129 1742 etiam
2155 1684 2257 1739 iui-

690 1794 876 1847 mieos.
904 1791 957 1847 Si
985 1803 1138 1860 quem
1169 1787 1441 1841 videamus
1468 1824 1482 1848 ,
1517 1782 1785 1837 tradamus
1816 1778 2037 1850 principi
2066 1776 2253 1841 menti,

689 1882 1083 1951 cogitationem,
1114 1877 1394 1932 barbaram
1424 1874 1659 1944 quidem,
1691 1871 1781 1926 sed
1811 1870 1950 1925 civili
1976 1878 2125 1923 veste
2169 1867 2255 1921 in-

690 1973 890 2027 dutam.
922 1969 1097 2025 Multa:
1124 1979 1350 2036 namque
1372 1964 1529 2018 nobis
1559 1963 1741 2017 insunt
1769 1959 2116 2029 cogitationes
2160 1956 2255 2009 hu-

682 2061 914 2132 jusmodi
941 2102 955 2123 ,
986 2069 1169 2113 natura
1197 2055 1406 2122 quidem
1432 2052 1697 2127 inimicre,
1746 2049 1839 2105 sed
1888 2048 2009 2101 ovili
2055 2047 2253 2101 vellere

688 2151 902 2206 indutre.
952 2146 1405 2216 Quemadmodum
1449 2152 1503 2198 et
1552 2141 1764 2205 Perste,
1816 2140 2022 2195 sublata
2080 2137 2250 2201 tiara,

686 2242 890 2297 braccis
926 2240 1224 2306 ('alecisquc
1264 2234 1595 2297 barbaricis,
1651 2239 1798 2286 veste
1848 2230 2002 2285 nobis
2059 2228 2250 2281 usitata

686 2331 878 2396 induti,
905 2343 1127 2397 corpore
1158 2327 1260 2381 rasi
1288 2366 1303 2390 ,
1349 2333 1404 2380 et
1454 2324 1607 2378 nobis
1651 2329 1902 2378 consueta
1948 2320 2123 2389 lingua
2173 2317 2253 2372 lo-

682 2430 902 2493 quentes
924 2459 938 2482 ,
969 2418 1149 2472 habitu
1179 2416 1371 2470 bellum
1404 2413 1710 2476 occultant;
1742 2411 1835 2465 sed
1887 2411 1930 2463 si
1981 2417 2247 2463 tormenta

681 2511 857 2565 statim
884 2508 1187 2563 adhibueris
1211 2548 1225 2572 ,
1255 2520 1374 2560 eum
1406 2504 1493 2574 qui
1524 2504 1653 2558 latet
1684 2502 1994 2556 manifestas
2029 2516 2041 2553 :
2075 2502 2142 2553 ita
2161 2499 2249 2555 hic

680 2599 860 2661 facito,
888 2599 1022 2653 hanc
1049 2596 1421 2666 cogitationem
1447 2593 1636 2647 millies
1668 2593 1885 2662 explora
1914 2632 1929 2655 ,
1961 2602 2012 2645 et
2035 2593 2140 2647 cito
2169 2591 2248 2645 vi-

679 2691 829 2747 debis
856 2689 1190 2745 barbaricum
1222 2701 1458 2743 sensum.
1490 2685 1559 2741 Ut
1586 2694 1761 2740 autem
1804 2684 1959 2738 vobis
2001 2685 2246 2755 exemplo

679 2788 967 2837 monstrem
1016 2777 1316 2846 huiusmodi
1355 2775 1755 2844 exploratores,
1800 2790 1935 2845 quos
1982 2776 2246 2831 submittit

678 2870 951 2938 diabolus,
985 2878 1041 2924 ut
1077 2878 1255 2924 nostra
1282 2866 1599 2936 dispiciunt;
1634 2880 1934 2938 age,unum
1980 2880 2241 2924 exuamus

1430 396 1487 453 8.
1522 389 1792 451 JOANNIS
1826 382 2293 445 CIIRYSOSTOMI
2331 381 2645 441 ARCIIIEP.
2686 384 3218 442 CONSTAtiTlNOP.

3849 384 3945 437 968

2373 506 2429 553 et
2451 498 2516 553 ad
2544 496 2772 553 tribunal
2817 496 3100 567 diligenter
3141 499 3511 553 examinemus
3543 516 3555 551 :
3588 508 3643 553 et
3682 498 3725 553 si
3775 499 3946 569 placet

2370 588 2626 660 quosdam
2652 603 2715 644 ex
2748 588 2813 643 iis
2834 630 2848 653 ,
2881 604 3017 660 quos
3042 589 3237 645 Paulus
3263 588 3690 659 deprehenderat
3715 630 3728 655 ,
3784 590 3947 645 addu~

2374 695 2553 735 camus
2584 697 2596 733 :
2632 680 2757 746 Quw
2780 691 2932 746 sunt,
2965 682 3162 751 inquit,
3188 682 3432 735 rationem
3475 682 3673 747 quidem
3714 681 3945 735 habentia

2368 770 2627 838 sapientia:
2650 771 2701 823 in
2731 771 3083 840 superstitione
3107 780 3154 825 et
3183 771 3464 825 humilitate
3491 780 3536 824 et
3578 787 3676 825 non
3715 771 3789 824 ad
3833 788 3946 837 par.-

2369 860 2579 914 ccndum
2604 860 2836 931 corpori,
2870 861 3047 913 nonin
3079 861 3270 915 honore
3312 862 3485 931 aliqua
3524 862 3593 914 ad
3630 863 3945 916 saturitatem

2368 950 2535 1003 carnis
2566 948 2713 1019 (Col.
2744 949 2799 1003 2.
2830 949 2902 1003 25
2921 949 2965 1018 ).
2998 949 3240 1019 Exempli
3268 964 3429 1004 causa
3459 969 3472 1003 :
3498 951 3827 1019 judaismuin
3855 968 3947 1007 vo-

2370 1040 2510 1095 lebat
2533 1041 2775 1097 diabolus
2805 1041 3095 1107 inducere;
3129 1043 3304 1111 itaque
3336 1042 3379 1095 si
3412 1042 3581 1111 ipsum
3613 1058 3706 1112 per
3751 1059 3819 1098 se
3874 1045 3948 1099 in-

2366 1131 2605 1198 duceret,
2640 1147 2746 1187 non
2779 1132 3141 1201 persuaderet.
3172 1131 3305 1187 Vide
3332 1131 3491 1202 igitur
3511 1132 3779 1201 quomodo
3803 1134 3947 1188 illum

2366 1222 2662 1293 apparavit.
2712 1220 2971 1290 Oportet,
3024 1222 3231 1291 inquit,
3280 1222 3551 1277 abstinere
3579 1237 3796 1291 corpus.
3842 1223 3951 1278 lloe

2368 1314 2701 1384 philosophia
2729 1324 2810 1368 est
2834 1353 2847 1377 ,
2879 1328 2985 1367 non
3015 1312 3297 1368 admittere
3320 1314 3501 1368 cibum
3527 1355 3541 1380 ,
3574 1313 3667 1368 sed
3713 1329 3945 1381 cavere;

2370 1404 2473 1459 hoc
2501 1404 2770 1458 humilitas
2799 1411 2901 1458 est.
2932 1403 2999 1457 Et
3027 1417 3167 1458 nunc
3193 1402 3319 1457 item
3349 1418 3471 1458 cum
3503 1404 3771 1458 lucretieis
3800 1406 3947 1459 νοτε·

2364 1498 2454 1551 bat
2480 1511 2577 1552 nos
2599 1495 2666 1551 ad
2688 1504 2987 1549 creaturam
3016 1495 3305 1550 deducere.
3326 1493 3459 1548 Vide
3490 1494 3650 1563 igitur
3674 1496 3948 1563 quomodo

2362 1587 2543 1643 dolum
2570 1587 2797 1658 paravit.
2830 1585 2886 1642 Si
2910 1587 3154 1654 dixisset,
3185 1585 3495 1641 Creaturam
3520 1585 3682 1640 adora
3708 1627 3723 1650 ,
3752 1598 3950 1658 captus

2364 1678 2585 1745 fuisset;
2620 1680 2712 1734 sed
2744 1678 2871 1748 quid
2899 1679 3018 1737 ait?
3050 1679 3189 1734 Deus
3217 1686 3430 1732 creatus
3458 1688 3558 1733 est.
3603 1677 3710 1733 Sed
3746 1679 3947 1735 nudam

2364 1771 2951 1842 cxponamusjudicum
2986 1769 3197 1824 calculo
3241 1767 3637 1837 Scripturarum
3682 1770 3949 1837 apostoli-

2362 1879 2543 1919 carnm
2592 1863 2949 1927 sententiam;
3003 1861 3095 1915 illo
3142 1860 3401 1915 ducamus
3439 1875 3560 1915 eum
3593 1877 3607 1915 :
3637 1860 3740 1931 ipsi
3782 1876 3950 1932 agno-

2360 1971 2508 2019 scent
2561 1972 2613 2018 et
2665 1952 3099 2032 praedicationem
3172 1970 3226 2015 et
3266 1959 3553 2027 loquelam.
3608 1955 3753 2011 Multi
3798 1954 3949 2009 lucra

2361 2053 2652 2117 lucramur,
2681 2060 2739 2106 ut
2766 2050 2999 2105 habeant
3036 2048 3178 2119 quod
3219 2048 3348 2101 dent
3382 2045 3744 2115 pauperibus,
3798 2044 3947 2099 lucra

2362 2145 2552 2211 injuste
2586 2161 2598 2196 :
2625 2152 2679 2197 et
2710 2142 2825 2197 lucc
2851 2141 3098 2211 cogitatio
3120 2154 3282 2209 prava
3308 2147 3410 2192 est.
3444 2136 3548 2191 Sed
3581 2150 3949 2190 exoneremus

2361 2234 2527 2299 illam,
2556 2233 2914 2299 continemus,
2950 2241 3008 2285 ut
3038 2246 3102 2285 ne
3132 2230 3409 2301 capiamur
3436 2245 3449 2295 ;
3485 2229 3580 2283 sed
3607 2242 3802 2284 omnes
3827 2227 3947 2282 dia-

2361 2328 2465 2382 boli
2497 2328 2770 2381 machinas
2805 2325 3121 2395 etIugientes
3143 2364 3157 2387 ,
3200 2322 3468 2393 possimus
3505 2336 3635 2375 sana
3684 2319 3941 2390 dogmata

2359 2428 2574 2471 strenue
2600 2418 2913 2481 retinentes,
2943 2429 3130 2469 secure
3159 2420 3481 2482 praesentem
3530 2411 3827 2478 transigere
3870 2412 3948 2463 vi-

2357 2519 2494 2573 tam,
2528 2519 2580 2564 et
2612 2509 2874 2577 promissa
2908 2507 3162 2574 consequi
3188 2505 3327 2559 bona
3352 2545 3366 2571 ,
3398 2503 3564 2573 gratia
3608 2511 3663 2556 et
3696 2502 3945 2571 benigni-

2356 2610 2465 2657 tate
2495 2601 2699 2656 Domini
2730 2600 2896 2654 nostri
2923 2598 3050 2654 Jesu
3078 2596 3301 2663 Christi,
3332 2596 3547 2664 quicum
3573 2594 3715 2647 Patri
3744 2603 3799 2647 ct
3823 2592 3946 2662 Spi-

2356 2693 2479 2749 ritui
2517 2700 2703 2746 sancto
2741 2690 2932 2761 gloria,
2967 2689 3249 2758 imperium
3280 2727 3295 2750 ,
3327 2686 3533 2751 honor,
3558 2698 3701 2740 nunc
3725 2694 3777 2739 et
3804 2700 3947 2739 sem-

2353 2800 2470 2857 per,
2504 2785 2637 2840 etin
2664 2783 2863 2839 sreeula
2893 2781 3231 2838 saeculorum.
3274 2780 3465 2835 Amen.

2014 3095 2187 3157 HOM
2199 3096 2358 3158 [LIA
2405 3096 2764 3157 XXXVIII.

672 3238 797 3293 ΟΑΡ.
852 3239 938 3292 i7.
1004 3253 1054 3291 γ.
1116 3236 1203 3293 16.
1264 3234 1461 3290 Paulus
1522 3245 1686 3289 autem
1731 3250 1843 3287 cum
1907 3235 2113 3288 Athenis
2160 3252 2244 3290 eos

740 3339 1080 3399 exspectaret,
1127 3328 1426 3381 incitabatur
1454 3327 1659 3395 spiritus
1690 3327 1798 3395 ejus
1842 3326 1892 3378 in
1937 3341 1994 3379 eo
2020 3368 2035 3390 ,
2070 3327 2243 3382 ridens

742 3419 1041 3473 idololatria:
1070 3418 1290 3471 deditam
1314 3417 1583 3471 civitatem.
1618 3417 1704 3471 17.
1752 3415 2051 3485 Disputabat
2089 3418 2244 3487 igitur

743 3513 794 3563 in
825 3525 1079 3579 synagoga
1104 3524 1217 3561 cum
1242 3506 1438 3561 Judwis
1463 3518 1509 3560 et
1536 3506 1833 3573 colentibus,
1865 3517 1911 3560 et
1938 3508 1992 3561 in
2017 3510 2130 3579 [oro
2155 3524 2243 3577 per

741 3615 910 3652 omnes
937 3600 1040 3653 dies
1068 3614 1181 3651 cum
1208 3598 1270 3651 iis
1298 3597 1385 3667 qui
1407 3597 1638 3649 aderant.

743 3692 794 3744 1.
840 3688 1030 3742 Paulus
1058 3696 1269 3758 quantas
1295 3703 1327 3739 a
1350 3685 1547 3740 Judwis
1578 3686 1870 3741 tentationes
1900 3686 2126 3741 habuerit
2152 3728 2166 3753 ,
2196 3696 2241 3741 ct

668 3790 905 3853 quantum
928 3781 1077 3850 fuerit
1094 3796 1123 3832 a
1144 3780 1276 3848 fastu
1297 3778 1739 3833 alienus.——Vide
1767 3779 1985 3833 Paulum
2012 3780 2242 3849 majores

672 3890 700 3927 a
730 3873 927 3928 Judazis
950 3914 963 3938 ,
1008 3886 1164 3941 quam
1205 3885 1234 3925 a
1264 3870 1550 3940 gentilibus
1586 3870 1908 3925 tentationes
1934 3871 2239 3926 habentem.

672 3962 890 4016 Athenis
917 3962 1056 4016 enim
1091 3960 1218 4015 nihil
1251 3959 1358 4013 tale
1387 3960 1604 4029 patitur,
1631 3960 1724 4014 sed
1755 3975 1843 4016 res
1869 3968 1974 4015 tota
1999 3962 2049 4014 in
2075 3962 2239 4017 risum

671 4054 859 4117 cessit,
893 4053 1096 4107 etiamsi
1120 4051 1325 4120 aliquos
1353 4051 1709 4120 persuaserit;
1739 4052 1877 4122 apud
1902 4050 2113 4108 Judzcos
2142 4069 2239 4108 au-

673 4153 777 4197 tem
801 4144 959 4196 multa
979 4143 1157 4211 gravia
1183 4160 1195 4195 :
1224 4141 1355 4195 adeo
1372 4149 1522 4195 erant
1544 4142 1750 4196 irritati.
1771 4140 1892 4197 ldeo
1915 4144 2018 4197 ait:
2045 4142 2240 4198 Paulus

672 4242 835 4286 autem
865 4249 973 4284 cum
1005 4232 1209 4284 Athenis
1239 4247 1321 4285 eos
1350 4241 1675 4299 exspectaret,
1709 4233 2009 4286 incitabatur
2034 4235 2239 4302 spiritus

674 4327 780 4393 ejus
804 4326 857 4377 in
885 4339 941 4375 eo
962 4364 974 4387 ,
1017 4322 1185 4375 videns
1210 4322 1511 4375 idololatrite
1538 4322 1759 4375 deditam
1799 4324 2064 4377 civitatem.
2112 4324 2239 4379 Jure

674 4411 926 4467 incitatur
952 4431 963 4466 :
1009 4426 1266 4481 nusquam
1295 4411 1435 4465 enim
1466 4419 1542 4466 tot
1571 4411 1711 4466 idola
1740 4413 1920 4468 videre
1947 4424 2081 4469 erat.
2117 4413 2238 4468 Dis-

678 4504 884 4575 putabat
909 4504 1067 4575 igitur
1095 4504 1146 4556 in
1172 4518 1427 4574 synagoga
1453 4520 1565 4557 cum
1587 4502 1783 4558 Judteis
1810 4514 1855 4558 et
1880 4506 2170 4571 colentibus,
2194 4516 2240 4559 et

675 4598 727 4648 in
748 4599 856 4665 foro
878 4610 965 4663 per
984 4610 1154 4647 omnes
1179 4594 1285 4647 dies
1309 4592 1377 4645 ad
1392 4609 1474 4646 eos
1495 4594 1575 4662 qui
1597 4595 1827 4647 aderant.
1877 4593 2026 4658 Vide,
2052 4596 2239 4648 iterum

676 4704 793 4742 cum
840 4686 1037 4741 Judaeis
1088 4685 1333 4749 disserit,
1364 4684 1596 4753 undique
1631 4699 1722 4738 ora
1752 4685 2105 4753 comprimens
2143 4700 2240 4739 eo-

678 4792 834 4843 rum,
866 4778 953 4845 qui
983 4776 1222 4830 dicerent
1258 4776 1429 4845 ipsum
1469 4776 1666 4829 relictis
1699 4774 1893 4829 ludat-is
1922 4776 1987 4829 ad
2017 4776 2242 4844 gentiles

676 4885 733 4925 se
749 4868 1094 4923 cenvertisse.
1118 4866 1301 4920 Mirum
1316 4866 1456 4935 quod
1478 4866 1772 4936 ριιίιοεοιιιή
1790 4870 1866 4923 sic
1886 4867 1976 4922 illo
1994 4868 2240 4937 loquente

676 4976 781 5015 non
822 4959 997 5013 statim
1024 4956 1309 5012 deriserint
1333 4973 1450 5011 eum
1477 4973 1593 5011 cum
1622 4960 1969 5023 contumelia,
2007 4975 2177 5030 neque
2208 4974 2238 5014 a

674 5048 1049 5122 prmdicationc
1063 5048 1367 5112 resilierint,
1384 5047 1640 5101 dicentes:
1661 5048 1846 5102 Procul
1866 5049 1964 5102 hoc
1983 5058 2063 5103 est
2079 5066 2104 5102 a
2126 5051 2241 5119 phi—

673 5139 932 5208 losOphia.
968 5136 1100 5204 Quia
1129 5137 1258 5191 nihil
1288 5136 1452 5190 fastus
1494 5136 1758 5192 habebat:
1791 5138 2022 5206 alioquin
2062 5150 2239 5195 autem

672 5230 809 5283 dicta
840 5244 936 5283 nec
965 5228 1263 5297 capiebant,
1285 5242 1380 5281 nec
1398 5227 1779 5297 intelligebant.
1801 5229 2077 5294 Quomodo
2098 5232 2236 5284 enim

672 5319 1094 5381 intellexissent,
1144 5332 1263 5370 cum
1292 5316 1380 5370 alii
1413 5316 1574 5370 Deum
1606 5332 1724 5373 esse
1749 5333 1942 5387 corpus
1968 5360 1982 5384 ,
2024 5320 2111 5373 alii
2144 5336 2238 5375 vo-

670 5412 921 5477 luptatem
950 5424 1066 5463 esse
1093 5408 1397 5463 felicitatem
1421 5408 1695 5463 dicerent?
1715 5410 1799 5464 18.
1833 5410 2050 5477 Quidam
2072 5422 2239 5464 autem

676 5502 906 5572 Epicurei
932 5511 975 5553 et
1005 5500 1164 5554 Stoici
1193 5500 1499 5554 disserebant
1528 5516 1641 5553 cum
1670 5516 1725 5553 eo
1747 5542 1760 5567 ,
1794 5513 1839 5555 et
1865 5504 2068 5571 quidam
2096 5502 2235 5557 dice-

674 5594 788 5645 bant
814 5608 833 5646 :
878 5590 1013 5655 Quid
1042 5590 1142 5643 vult
1170 5590 1540 5645 seminiverbius
1573 5590 1664 5645 iste
1705 5592 1907 5647 dicere?
1946 5593 2049 5646 Alii
2085 5610 2197 5647 vero
2222 5635 2237 5657 ,

677 5679 932 5735 Novarum
973 5681 1333 5733 dcemoniorum
1362 5683 1556 5738 videtur
1587 5685 1911 5737 annuntiator
1944 5702 2082 5747 esse;
2122 5686 2241 5755 quia

664 5770 835 5823 Iesum
872 5781 914 5824 et
957 5772 1365 5825 resurrectionem
1410 5775 1737 5827 annuntiabat
1762 5776 1851 5829 cis.
1892 5775 2020 5831 Nam
2060 5792 2240 5833 resur—

2354 3238 2644 3293 rectionem
2676 3238 2833 3293 dcum
2861 3239 3142 3310 quemdam
3174 3254 3293 3294 esse
3321 3241 3573 3310 putabant
3598 3283 3612 3306 ,
3642 3250 3827 3311 utpote
3849 3255 3937 3296 so-

2349 3325 2425 3380 liti
2454 3328 2677 3382 lcminas
2708 3328 2907 3382 colere.
2938 3329 3024 3383 19.
3054 3329 3121 3382 Et
3149 3331 3515 3400 apprehensum
3544 3347 3661 3384 cum
3689 3332 3756 3385 ad
3784 3334 3937 3384 Arce-

2350 3434 2534 3489 pagum
2559 3420 2846 3484 duxerunt,
2880 3421 3136 3475 dicentes:
3157 3422 3432 3476 Possumus
3451 3425 3581 3475 scire
3601 3438 3717 3490 qua:
3741 3435 3815 3477 est
3844 3417 3939 3475 ista

2348 3524 2495 3573 nova,
2527 3526 2640 3578 quw
2664 3528 2694 3562 a
2724 3520 2768 3564 te
2794 3511 3001 3575 dicitur,
3037 3512 3268 3566 doctrina
3287 3515 3313 3568 .9
3336 3512 3427 3568 20.
3468 3528 3600 3568 nova
3634 3516 3769 3568 enim
3800 3531 3942 3584 qua:-

2349 3598 2467 3650 dam
2492 3601 2648 3668 infers
2672 3601 2878 3654 auribus
2906 3602 3087 3656 nostris
3108 3618 3127 3667 ;
3149 3602 3378 3657 volumus
3404 3619 3523 3673 ergo
3540 3605 3668 3658 scire
3691 3605 3941 3673 quidnam

2348 3688 2499 3741 velint
2526 3690 2631 3744 haec
2670 3707 2795 3746 esse.
2833 3692 3110 3747 Duxerunt
3138 3692 3285 3747 illum
3320 3693 3383 3748 ad
3416 3696 3786 3763 Areopagum,
3833 3712 3939 3750 non

2348 3789 2404 3833 ut
2429 3780 2729 3848 discerent,
2761 3783 2854 3837 sed
2883 3793 2940 3837 ut
2968 3784 3247 3853 punireut,
3280 3784 3368 3840 ubi
3396 3796 3549 3841 erant
3572 3786 3774 3855 judicia
3816 3803 3944 3842 san-

2346 3872 2543 3940 guiuis.
2576 3873 2707 3927 Vide
2737 3888 2885 3942 ergo,
2914 3874 3183 3943 quomodo
3211 3874 3311 3929 sub
3339 3890 3435 3945 Spe
3462 3876 3703 3931 discendi
3737 3888 3793 3932 at
3824 3881 3942 3933 nbi-

2347 3976 2452 4031 que
2496 3978 2683 4016 novatn
2724 3963 3023 4018 doctrinam
3066 3964 3328 4020 incusant.
3376 3966 3703 4035 Loquacium
3751 3970 3941 4025 civitas

2350 4052 2438 4105 illa
2469 4063 2601 4107 erat.
2637 4052 2726 4107 21.
2768 4054 3094 4110 Athenienses
3123 4067 3291 4110 autem
3337 4074 3504 4112 omnes
3531 4067 3575 4112 et
3601 4060 3812 4115 aduente
3843 4064 3939 4115 ho-

2346 4144 2517 4212 spites,
2545 4144 2611 4196 ad
2630 4145 2758 4197 nihil
2781 4147 2925 4199 aliud
2945 4149 3207 4214 vacabant,
3237 4150 3334 4202 nisi
3354 4162 3437 4203 aut
3460 4151 3625 4204 dicere
3650 4162 3738 4205 aut
3763 4155 3944 4209 audire

2346 4234 2538 4300 aliquid
2578 4237 2709 4287 nori.
2758 4237 2847 4289 22.
2897 4238 3053 4291 Stans
3079 4248 3243 4291 autem
3274 4236 3473 4293 Paulus
3502 4241 3552 4293 in
3583 4243 3750 4296 medio
3780 4243 3939 4299 Areo-

2348 4324 2485 4393 pagi,
2518 4325 2628 4378 ait:
2676 4323 2783 4378 Viri
2814 4327 3173 4393 Athenienses,
3207 4343 3292 4397 per
3323 4330 3493 4382 omnia
3518 4332 3665 4400 quasi
3694 4335 3943 4401 supersti-

2348 4415 2574 4468 tiosiores
2603 4430 2687 4468 vos
2712 4416 2875 4469 video.
2900 4416 2990 4471 9-5.
3026 4416 3326 4472 Prtvteriens
3354 4419 3488 4472 enim
3512 4430 3557 4473 et
3586 4422 3762 4474 videns
3781 4423 3944 4476 simu-

2348 4504 2487 4556 lacra
2512 4514 2694 4569 vestra,
2722 4505 2887 4559 inveni
2918 4523 3081 4573 aram,
3112 4506 3164 4559 in
3190 4523 3287 4576 qua
3308 4508 3552 4577 scriptum
3579 4520 3689 4564 erat
3706 4528 3725 4565 :
3752 4512 3942 4583 Ignoto

2348 4594 2480 4648 Deo.
2520 4596 2679 4660 Quem
2708 4586 2826 4666 ergo
2852 4598 3139 4667 ignorantes
3166 4598 3333 4651 colitis
3351 4637 3366 4662 ,
3400 4600 3533 4651 hunc
3566 4616 3659 4668 ego
3688 4607 3942 4657 annuntio

2347 4687 2504 4739 vobis.
2551 4688 2629 4741 Ac
2674 4687 2718 4742 si
2750 4688 2869 4741 illos
2912 4687 3180 4751 laudaret,
3224 4688 3433 4742 videtur
3472 4688 3605 4743 nihil
3645 4692 3939 4747 molestum

2347 4777 2547 4833 dicere.
2580 4778 2739 4843 Quasi
2768 4780 3212 4850 superstitiosiores
3236 4821 3251 4843 ,
3285 4780 3489 4850 inquit,
3524 4798 3611 4836 vos
3652 4785 3842 4849 video;
3888 4788 3938 4841 id

2346 4879 2459 4935 est,
2508 4871 2657 4939 quasi
2703 4872 2840 4941 pios.
2892 4870 2956 4925 In
2999 4888 3098 4940 qua
3139 4874 3383 4942 scriptum
3410 4884 3559 4928 erat:
3590 4874 3782 4947 Ignoto
3808 4880 3938 4935 Deo.

2346 4961 2481 5027 Quid
2514 4971 2593 5015 est
2622 4961 2762 5017 hoc?
2791 4962 3146 5017 Athenienses
3166 5002 3181 5028 ,
3214 4963 3334 5032 quia
3365 4980 3462 5035 per
3490 4966 3659 5020 multa
3689 4979 3939 5040 tempora

2344 5066 2517 5121 accep.
2571 5062 2661 5107 aut
2703 5053 2834 5109 deos
2882 5054 3042 5107 etiam
3085 5064 3397 5119 extraneos;
3450 5069 3643 5125 nempe
3676 5060 3939 5129 templum

2345 5142 2611 5210 Minerve,
2642 5144 2807 5209 Pana,
2836 5145 3077 5213 aliosque
3103 5144 3354 5211 aliunde;
3382 5145 3668 5213 timentes,
3700 5165 3771 5203 ne
3802 5152 3944 5207 forte

2346 5236 2463 5303 quis
2493 5235 2627 5289 alius
2654 5236 2891 5289 nondum
2922 5245 3078 5289 notus
3109 5236 3210 5290 sibi
3240 5245 3418 5302 esset,
3447 5238 3535 5307 qui
3573 5247 3759 5294 tamen
3790 5243 3940 5297 eule-

2348 5336 2493 5381 rctur
2538 5328 2704 5392 alibi,
2750 5327 2814 5380 ad
2862 5328 3119 5397 majorem
3164 5330 3507 5385 securitatem
3552 5331 3679 5387 huic
3722 5350 3944 5406 quoque

2345 5433 2489 5473 aram
2518 5430 2819 5475 erexerunt.
2840 5420 2969 5487 Quia
3000 5436 3129 5476 vero
3157 5436 3263 5477 nou
3288 5432 3403 5477 erat
3433 5423 3751 5482 manifestus
3774 5429 3938 5492 Deus,

2346 5510 2652 5579 inscriptum
2686 5519 2830 5575 erat,
2864 5508 3049 5581 Ignoto
3072 5511 3197 5565 Deo.
3234 5512 3383 5568 Hunc
3409 5528 3536 5583 ergo
3562 5512 3750 5571 Iesum
3783 5519 3934 5574 Chri-

2343 5606 2483 5653 stum
2526 5614 2674 5660 csse,
2725 5600 2920 5655 Paulus
2967 5600 3136 5668 dicit,
3192 5602 3299 5657 imo
3335 5605 3512 5673 potius
3556 5606 3939 5663 universorum

2345 5688 2535 5743 Deum.
2595 5689 2753 5757 Qum:
2808 5706 2925 5760 ergo
2972 5692 3292 5763 ignorantes,
3325 5694 3529 5764 inquit,
3561 5697 3731 5751 colitis
3757 5738 3771 5760 ,
3800 5702 3941 5752 hunc

2346 5792 2437 5849 ego
2464 5784 2707 5833 annuntio
2734 5780 3032 5838 robis.Vide
3056 5782 3320 5852 quomodo
3348 5785 3615 5851 ostendat,
3650 5786 3807 5857 ipsos
3826 5789 3935 5858 jam
