4084 6332
175 423 264 468 ξ’θιτι

175 533 358 602 [ridcln
390 530 569 601 ipsum
603 530 983 602 aceeptavissc.
1015 528 1155 583 Nihil
1188 536 1527 594 extraneum,
1562 527 1752 597 inquit,

171 626 395 694 nihilque
428 640 629 679 novum
676 622 859 677 allcro.
903 621 1016 676 l’loc
1054 621 1126 673 illi
1172 628 1429 689 perpetuo
1457 618 1745 673 dicebant:

174 693 283 784 Qua:
313 693 392 772 est
423 718 524 771 ista
565 732 694 770 nova
724 715 814 768 abs
856 723 900 768 te
926 714 1126 784 prolata
1155 711 1430 765 doctrina?
1460 726 1589 763 not'a
1624 712 1753 763 enim

170 811 387 882 quadam
429 810 617 881 ingeris
658 809 864 862 auribus
904 808 1109 860 nostris.
1157 805 1350 861 Statim
1399 820 1526 873 ergo
1568 820 1752 857 eorum

168 903 516 971 suspicionem
550 902 721 967 tollit,
754 910 808 955 et
837 900 1006 955 dicit:
1043 897 1132 953 24.
1166 898 1306 952 Deus
1336 898 1424 967 qui
1452 897 1571 965 fecit
1603 912 1750 948 mun-

168 994 273 1045 dum
298 1002 344 1047 et
376 993 550 1047 onmia
589 1008 703 1061 quat
730 993 782 1045 in
808 992 898 1045 illo
926 998 1043 1045 sunt
1065 1032 1078 1055 ,
1113 990 1194 1044 hic
1222 990 1333 1043 αι’ιί
1375 999 1420 1042 et
1466 997 1612 1041 terra:
1639 1004 1751 1040 cum

163 1084 222 1135 sit
249 1082 515 1136 Dominus.
555 1080 757 1135 Deinde
778 1122 790 1145 ,
821 1096 889 1135 ne
913 1089 1098 1148 putent
1126 1095 1286 1134 unum
1310 1094 1378 1135 ex
1406 1078 1585 1133 multis
1606 1091 1746 1145 esse,

164 1174 254 1228 hoc
281 1172 505 1242 corrigit
530 1172 609 1227 sie
632 1172 854 1242 loquens
882 1189 894 1225 :
926 1170 1017 1225 25.
1050 1169 1172 1223 Non
1204 1171 1253 1223 in
1284 1171 1591 1239 manufactis
1620 1178 1745 1221 tem-

161 1264 250 1325 plis
293 1262 525 1326 habitat,
576 1279 668 1317 nec
716 1260 947 1315 manibus
990 1261 1175 1315 colitur
1205 1260 1443 1313 humanis
1468 1301 1482 1325 ,
1518 1260 1748 1330 indigens

161 1352 333 1420 aliqua.
369 1352 559 1407 Viden‘
586 1352 857 1422 quomodo
885 1352 1136 1421 paulatim
1170 1350 1564 1421 pbilosotihiam
1594 1351 1749 1404 indu-

162 1446 244 1505 cit,
278 1443 549 1511 quomodo
580 1442 765 1496 irridet
792 1444 1074 1511 gentilium
1107 1442 1391 1496 errorem?
1423 1441 1564 1493 Daus
1593 1442 1745 1493 vitam

158 1546 198 1587 et
221 1536 452 1602 spiritum
479 1544 524 1588 et
555 1535 759 1587 omnia:
779 1533 869 1589 26.
895 1534 1111 1604 fecitque
1132 1550 1194 1587 ex
1213 1550 1315 1587 uno
1336 1535 1580 1603 sanguine
1600 1548 1745 1585 omne

157 1643 298 1694 graus
325 1626 588 1678 hominum
620 1624 848 1678 habitare
874 1642 1025 1695 super
1052 1627 1334 1679 universam
1362 1626 1542 1695 faciem
1572 1635 1737 1678 terim.

158 1718 256 1771 lluc
283 1717 375 1772 Dei
410 1717 682 1785 proprium
716 1726 815 1771 est.
841 1718 972 1771 \‘ide
997 1734 1127 1788 ergo
1157 1734 1333 1772 annon
1369 1717 1482 1771 [nec
1510 1718 1577 1771 de
1598 1717 1741 1805 .Filio

156 1811 299 1862 ctiam
329 1808 437 1861 dici
469 1809 698 1878 possint.
749 1807 874 1863 Cwli
896 1851 910 1874 ,
946 1809 1145 1877 inquit,
1192 1821 1237 1862 et
1270 1820 1416 1862 terrce
1444 1808 1736 1863 Dominus:

152 1916 257 1967 qua:
283 1900 358 1953 illi
393 1901 651 1968 putabant
684 1900 811 1953 deos
837 1914 977 1953 esse.
1027 1902 1090 1954 Et
1129 1902 1459 1955 creationem
1504 1900 1739 1955 declarat

152 2002 198 2045 et
225 1992 488 2046 homines.
533 1990 793 2059 Div/iniens
830 2003 1017 2045 statuta
1047 2002 1272 2063 tempora
1305 2004 1349 2046 et
1379 1994 1620 2046 terminos
1648 1995 1737 2045 Im-

150 2082 395 2136 bitationis
418 2099 593 2136 eorum
609 2125 621 2149 ,
645 2083 734 2136 27.
756 2100 978 2153 qua'rere
994 2083 1180 2151 Deum,
1206 2086 1247 2137 si
1274 2088 1405 2153 forte
1433 2097 1735 2139 contrectant

148 2190 249 2227 eum
274 2185 360 2227 aut
388 2177 643 2228 inveniant
662 2218 676 2241 ,
703 2178 929 2245 quamvis
956 2194 1058 2230 non
1090 2179 1237 2249 longe
1261 2180 1322 2231 sit
1352 2179 1413 2231 ab
1441 2196 1737 2249 unoquoque

146 2278 381 2319 nostrum.
402 2267 491 2321 28.
520 2266 581 2320 In
603 2268 714 2337 ipso
741 2270 873 2321 enint
901 2270 1110 2323 vivimus
1130 2281 1175 2323 et
1200 2288 1455 2325 moremur
1472 2282 1519 2325 et
1536 2290 1730 2325 smnus.

145 2358 279 2410 Sicut
322 2360 533 2425 quidam
583 2370 845 2429 poetarum
889 2372 1168 2415 vestrorum
1213 2364 1451 2416 dixerunt
1493 2381 1511 2417 :
1557 2364 1730 2433 Ipsius

141 2451 263 2503 enim
292 2460 336 2503 et
365 2467 525 2521 genus
553 2468 748 2505 sumus.
782 2451 895 2507 IIoc
922 2454 1117 2507 Aratus
1148 2466 1300 2523 poeta
1333 2455 1485 2510 dixit.
1521 2456 1651 2511 Vide
1678 2466 1730 2509 ut

140 2543 620 2598 demonstrationes
661 2543 846 2599 all'crat
882 2554 935 2600 et
974 2547 1041 2600 ab
1078 2548 1174 2613 iis,
1215 2564 1335 2618 qua:
1367 2550 1463 2619 ipsi
1493 2550 1731 2611 feceram

136 2635 497 2705 tlixerantque.
527 2637 620 2694 29.
653 2637 821 2693 Genus
850 2655 968 2709 ergo
994 2656 1107 2693 cum
1129 2643 1286 2694 simus
1312 2642 1423 2707 Dei,
1454 2661 1554 2697 non
1583 2646 1729 2697 delre-

138 2744 240 2780 mus
265 2732 519 2782 testim/tre
549 2749 673 2784 auro
701 2741 748 2784 et
768 2744 976 2799 argento
997 2744 1085 2787 aut
1106 2736 1287 2804 lapidi,
1314 2739 1587 2806 sculpturw
1605 2741 1726 2793 artis

134 2827 176 2869 et
201 2820 516 2889 cogitationis
543 2822 786 2887 hominis,
816 2824 979 2878 Deum
1002 2842 1107 2880 esse
1132 2828 1368 2882 similem.
1396 2832 1550 2901 Atqui
1583 2832 1721 2898 ideo,

136 2911 373 2978 inquies,
420 2912 698 2969 debemus.
731 2914 985 2971 Minime:
1025 2904 1375 2989 nequeenim
1416 2938 1512 2976 nos
1553 2940 1723 2992 neque

131 3002 315 3056 anim-'8
351 3013 552 3058 no.~tr:e
580 3006 803 3061 similes.
837 3008 944 3063 Cur
976 3025 1105 3080 ergo
1139 3028 1242 3065 non
1276 3015 1454 3067 Statim
1486 3016 1722 3084 phiIOSo-

133 3095 279 3160 phice
308 3097 563 3165 loquutus
590 3109 703 3165 est,
735 3116 833 3156 nec
860 3101 994 3156 dixit
1020 3120 1032 3155 :
1075 3104 1212 3158 Deus
1246 3106 1597 3175 incorporeus
1625 3125 1719 3163 na-

132 3193 238 3239 tura
261 3227 275 3251 ,
328 3187 611 3242 invisibilis
639 3200 721 3244 est
751 3200 806 3246 et
835 3193 950 3247 sine
980 3195 1183 3263 ligura?
1228 3196 1358 3263 Quia
1390 3199 1715 3267 superﬂuum

129 3276 407 3333 videbatur
448 3280 551 3334 hoc
584 3280 763 3337 dicere
796 3283 1137 3351 hominibus,
1171 3290 1261 3358 qui
1297 3290 1531 3345 nondum
1575 3292 1713 3360 didi.

126 3379 323 3435 terant,
354 3386 519 3425 unum
538 3387 655 3427 esse
684 3372 875 3429 Deum.
907 3377 1028 3431 Ideo
1051 3380 1230 3433 missis
1257 3380 1380 3445 illis,
1414 3382 1464 3434 in
1488 3398 1552 3437 eo
1573 3385 1713 3453 quod

121 3459 222 3527 jam
252 3464 517 3530 quaeritur
548 3463 745 3519 insistit
771 3508 785 3531 ,
817 3477 871 3521 et
898 3470 972 3521 ait
999 3487 1011 3521 :
1045 3470 1133 3523 50.
1162 3470 1227 3524 Et
1259 3483 1486 3541 tempora
1516 3477 1714 3546 quidem

126 3553 269 3615 huius
300 3557 608 3624 ignorantia:
643 3557 924 3626 despiciens
952 3560 1087 3615 Deus
1107 3604 1120 3626 ,
1169 3578 1301 3616 nunc
1327 3569 1595 3619 annuntiat
1622 3568 1711 3621 lto-

124 3645 333 3701 miuibus
355 3690 370 3712 ,
413 3657 467 3700 ut
519 3666 690 3704 omnes
718 3652 897 3721 ubique
926 3654 1270 3721 penitentiam
1327 3669 1499 3727 agant,
1544 3662 1630 3714 5|.
1656 3677 1712 3714 co

122 3737 252 3801 quod
269 3740 448 3791 statuit
471 3740 629 3807 diem,
653 3742 705 3795 in
732 3758 829 3811 quo
852 3744 1174 3812 iudicaturus
1199 3756 1269 3800 est
1296 3748 1461 3820 orbem
1488 3751 1538 3802 in
1554 3752 1712 3820 justi-

121 3829 204 3894 tia,
223 3830 275 3882 in
292 3831 403 3883 viro
420 3831 469 3883 in
494 3848 594 3901 quo
617 3835 807 3893 statuit.
828 3836 982 3902 [idem
1001 3839 1229 3905 praebens
1257 3819 1486 3895 omtiibus
1505 3884 1518 3909 ,
1549 3846 1713 3898 susci-

120 3927 224 3971 tans
248 3936 366 3974 eum
407 3937 438 3973 a
466 3923 695 3977 mortuis.
724 3922 899 3979 Vide:
934 3935 1213 3996 postquam
1246 3946 1435 3986 eorum
1474 3943 1708 3991 mentem

117 4020 486 4080 concusserat,
519 4028 639 4067 cum
669 4013 889 4081 diceret,
924 4014 1120 4070 Statuit
1147 4020 1298 4084 diem,
1331 4021 1555 4093 illosque
1596 4035 1707 4080 ter-

116 4110 330 4167 ruerat;
364 4111 489 4155 tunc
517 4114 822 4173 opportune
852 4106 953 4161 hoc
986 4107 1207 4176 inducit,
1240 4112 1504 4167 Suscitans
1525 4132 1636 4168 eum
1678 4134 1710 4170 a

117 4192 347 4245 mortuis.
379 4191 485 4246 Sed
516 4196 795 4263 superiora
828 4209 1155 4266 repetamus.
1190 4201 1315 4255 Cum
1344 4205 1563 4261 Athenis
1592 4208 1709 4263 illos

116 4293 427 4353 exspectaret
453 4283 677 4349 Paulus,
706 4288 1028 4358 incitabatur,
1062 4292 1249 4363 inquit,
1274 4298 1482 4361 spiritus
1509 4302 1617 4369 ejus
1656 4301 1708 4355 in

115 4387 186 4424 eo.
208 4372 325 4427 Non
358 4374 491 4428 iram
522 4377 603 4431 vel
631 4376 1049 4448 indignationem
1075 4384 1158 4437 hic
1185 4385 1449 4455 significat
1470 4390 1708 4447 incitatio

114 4463 215 4531 illa,
247 4465 345 4522 sed
382 4468 713 4537 vigilantiam
743 4482 798 4526 et
827 4474 1024 4541 zelum,
1058 4486 1115 4529 ut
1141 4488 1194 4532 et
1225 4480 1390 4534 alibi:
1423 4482 1585 4537 Facta
1611 4498 1705 4553 est,

113 4551 307 4624 inquit,
340 4557 586 4613 dissentio
615 4562 745 4615 inter
770 4564 889 4618 illos
918 4566 1057 4634 (Act.
1092 4568 1176 4622 IS.
1202 4570 1316 4641 59).

174 4644 226 4699 2.
270 4646 415 4702 Vide
455 4660 632 4705 autem
665 4655 937 4723 quomodo
976 4660 1358 4730 providentur,
1403 4676 1459 4719 ut
1506 4667 1705 4727 invitus

118 4736 220 4792 illic
247 4748 471 4794 maneat
498 4754 818 4813 exspectans
849 4746 986 4803 illos.
1037 4750 1173 4817 Quid
1212 4769 1341 4823 ergo
1370 4766 1470 4820 est,
1506 4758 1703 4813 Incita-

110 4829 247 4885 batur
261 4832 287 4884 ?
312 4832 369 4886 Id
387 4842 490 4899 est,
510 4836 839 4892 excitabatur
857 4856 869 4894 :
889 4839 956 4894 ab
974 4840 1051 4895 ira
1069 4852 1123 4897 et
1139 4844 1500 4915 indignatione
1517 4854 1700 4919 procul

109 4929 216 4975 erat
245 4922 350 4979 hoc
382 4924 602 4982 donum.
637 4928 752 4985 Non
786 4930 1005 5000 ferebat,
1033 4937 1126 4991 sed
1157 4938 1479 4995 tabescebat.
1513 4943 1703 5015 Dispu-

107 5013 235 5069 tabat
262 5033 388 5087 ergo
420 5018 471 5072 in
498 5036 758 5093 synagoga
782 5041 897 5077 cum
922 5025 1123 5081 Judreis
1143 5072 1157 5096 ,
1189 5031 1391 5101 inquit,
1422 5044 1467 5087 et
1490 5013 1703 5090 colenti-

106 5106 208 5161 bus.
228 5107 367 5165 Vide
392 5126 575 5167 rursus
604 5124 789 5169 contra
808 5116 1023 5172 Judzeos
1042 5119 1426 5190 disputantem.
1448 5125 1699 5184 Colentcs

104 5212 276 5255 autem
299 5212 461 5256 vocat
485 5205 807 5276 pros‘elytos.
842 5208 1077 5279 Dispersi
1105 5228 1333 5283 namque
1356 5230 1507 5271 erant
1527 5219 1697 5275 Judazi

106 5292 295 5362 ubique
327 5294 402 5350 ab
442 5296 674 5352 adventu
706 5298 946 5357 Christi:
981 5319 1101 5358 nam
1146 5306 1304 5361 simul
1351 5309 1473 5365 inde
1514 5323 1568 5365 et
1612 5313 1696 5367 lex

102 5382 431 5451 solvebatur,
464 5396 519 5441 et
548 5387 796 5446 homines
828 5392 1083 5463 pietatem
1116 5396 1399 5453 docebant.
1433 5399 1536 5454 Sed
1566 5402 1695 5455 nihil

103 5472 172 5527 illi
222 5474 578 5533 lucrabantur
606 5521 622 5547 ,
673 5481 773 5536 nisi
822 5491 1027 5539 tantum
1070 5487 1433 5543 calamitatum
1480 5506 1694 5546 suarum

106 5567 409 5623 testimonia
439 5569 721 5627 habentes.
760 5576 981 5641 Quidam
1007 5588 1172 5631 autem
1195 5577 1435 5649 Epicurei
1460 5594 1505 5633 et
1532 5581 1697 5636 Stoici

104 5658 394 5729 pr'iilosophi
422 5661 734 5716 disserebant
764 5682 877 5718 cum
918 5683 995 5720 eo.
1048 5666 1163 5722 Non
1201 5670 1311 5739 jam
1348 5672 1555 5741 legibus
1585 5674 1697 5729 suis

104 5751 391 5805 utebantur
421 5753 805 5822 AthenienSes,
833 5767 1018 5828 utpote
1051 5759 1307 5816 Romanis
1339 5763 1583 5833 subjecti.
1634 5765 1696 5818 Et

104 5842 237 5897 unde
280 5842 539 5899 volebant
590 5846 664 5901 illi
722 5848 1037 5919 disputare?
1086 5854 1219 5919 Quia
1270 5855 1516 5910 videbant
1560 5858 1692 5913 alios

1054 415 1119 469 IN
1160 413 1342 469 ACTA
1386 412 1911 467 AI’OSTOLORUM.
1959 414 2192 467 llUIlllL.
2240 413 2526 471 XXXVIII.

3365 422 3471 475 970

1867 528 2193 583 disserentes
2217 572 2229 589 ,
2270 538 2323 585 et
2352 534 2522 586 virum
2554 532 2604 585 in
2635 534 3031 591 existimatione
3060 535 3266 591 haberi.
3304 537 3370 591 lit
3396 539 3466 590 vi-

1862 617 1949 681 dc,
1979 620 2159 672 statim
2190 622 2577 675 contumeliose
2598 617 2617 689 (
2638 624 2885 678 Animalia
2908 627 3037 677 enim
3067 627 3331 679 Itomonou
3354 643 3471 680 sus-

1861 710 1981 777 cipit
2011 726 2072 763 ea
2100 726 2213 779 qua:
2239 723 2355 765 sunt
2386 711 2616 779 Spiritus
2660 710 2678 783 [
2703 716 2752 768 l.
2785 713 2905 768 Cor.
2935 719 2991 768 Ξ.
3020 711 3175 783 14]),
3200 716 3465 770 Novarum

1862 798 2227 854 dazmoniorum
2259 801 2335 872 (a)
2363 843 2377 866 ,
2413 803 2659 872 inquittnt
2686 846 2698 868 ,
2733 805 2930 858 videtur
2969 808 3301 859 annuutiator
3336 824 3464 861 esse.

1864 889 2135 944 D.i»inonia
2179 891 2313 947 deos
2360 908 2487 947 suos
2519 894 2819 949 voc-ibant:
2852 908 3008 949 erant
3038 899 3180 951 enim
3221 899 3466 952 civitates

1860 979 2015 1034 idolis
2045 982 2238 1051 picum.
2277 985 2658 1053 Appreltcnsum
2688 983 2836 1039 ilium
2864 989 2915 1039 in
2941 988 3265 1059 Areopagum
3304 991 3463 1043 duae-

1856 1084 2005 1137 runt,
2040 1075 2281 1132 dicentes.
2317 1078 2425 1131 Cur
2466 1078 2516 1132 in
2549 1082 2892 1150 Areopagum
2926 1081 3100 1150 ipsum
3136 1085 3461 1137 traxerunt?

1856 1160 1922 1215 Ut
1964 1168 2450 1232 perterrel'acercnt
2480 1187 2493 1223 :
2530 1170 2598 1225 ibi
2631 1172 2773 1226 enim
2812 1174 3069 1241 capitales
3097 1189 3287 1229 causas
3312 1176 3454 1243 judi-

1854 1253 2065 1308 cabant.
2094 1255 2375 1313 Possumus
2394 1262 2523 1314 scire
2545 1278 2659 1331 qua:
2685 1263 2747 1316 sit
2776 1280 2905 1316 nova
2930 1264 3042 1327 illa,
3063 1282 3176 1333 qua:
3202 1282 3232 1317 a
3259 1275 3304 1318 te
3331 1267 3459 1318 dici—

1853 1355 1951 1407 tur,
1983 1346 2253 1400 doctrina?
2278 1366 2407 1403 nora
2426 1354 2558 1404 enim
2578 1355 2811 1423 quaedam
2835 1355 2992 1425 infers
3015 1355 3223 1409 auribus
3245 1357 3449 1409 nostris.

1854 1436 2179 1492 Athenienses
2214 1450 2381 1493 autem
2413 1459 2584 1495 omnes
2627 1453 2674 1495 et
2713 1444 2782 1497 ibi
2817 1454 3071 1498 versantes
3114 1446 3367 1515 peregrini
3404 1447 3457 1498 in

1851 1527 1992 1578 nullo
2020 1528 2123 1581 alio
2154 1539 2353 1599 tempus
2382 1532 2626 1599 terebant,
2658 1550 2807 1601 quant
2840 1544 2894 1586 ut
2924 1535 3189 1603 quidpiam
3216 1535 3329 1588 noti
3368 1536 3452 1587 di-

1848 1630 2013 1669 cerent
2040 1620 2119 1672 rel
2141 1622 2397 1674 audirent.
2433 1622 2527 1678 llic
2559 1639 2689 1677 vero
2722 1625 2985 1679 indicatur
3010 1640 3127 1692 eos,
3157 1626 3365 1679 etiamsi
3395 1626 3449 1680 in

1848 1707 1949 1762 hoc
1975 1725 2191 1779 semper
2215 1724 2579 1780 versarentur,
2604 1724 2661 1769 ut
2690 1717 3040 1785 loquerentur
3067 1718 3147 1771 vel
3177 1718 3445 1781 audirent,

1849 1807 2024 1853 tmnen
2076 1802 2160 1854 illa
2210 1812 2425 1871 putasse
2458 1820 2627 1867 nova,
2672 1822 2790 1874 qum
2821 1823 3109 1875 numquam
3142 1809 3443 1863 audierant.

1849 1890 2004 1944 Stans
2035 1902 2202 1944 autem
2229 1892 2427 1947 Paulus
2451 1895 2500 1948 in
2526 1898 2687 1949 medio
2710 1897 2993 1967 Armpagi,
3021 1900 3091 1950 ait
3117 1914 3135 1951 :
3174 1898 3274 1951 Viri
3300 1902 3447 1953 Allie-

1845 1985 2039 2037 nienses
2066 2027 2077 2046 ,
2127 2004 2217 2055 per
2258 1990 2428 2040 omnia
2473 1991 2618 2058 quasi
2660 1992 3110 2057 superstitiosiores
3158 2010 3239 2046 vos
3278 1995 3433 2047 video.

1850 2074 2149 2133 Prtcterieus
2176 2082 2308 2133 enim
2336 2091 2382 2133 et
2410 2083 2581 2135 uidens
2611 2085 2887 2136 simulacra
2914 2094 3096 2137 vestra.
3128 2086 3243 2139 Non
3276 2087 3440 2155 dixit,

1847 2168 2144 2231 llarntonas,
2181 2170 2273 2224 sed
2318 2172 2455 2225 viam
2488 2185 2640 2241 parat
2674 2177 2945 2239 sermoni;
2984 2176 3103 2229 ideo
3133 2176 3260 2230 dicit
3285 2220 3298 2241 ,
3333 2178 3441 2232 Su-

1842 2263 2227 2329 pr‘rstitiosiorcs
2257 2282 2342 2317 ros
2369 2266 2509 2319 rideo
2530 2308 2542 2329 ,
2571 2276 2791 2335 preptcr
2821 2284 2989 2321 arant.
3021 2268 3159 2321 Deus
3178 2312 3192 2334 ,
3233 2271 3401 2339 inquit
3421 2314 3435 2335 ,

1838 2352 1925 2419 qui
1955 2353 2071 2420 fecit
2102 2356 2383 2418 mundum,
2418 2366 2461 2408 et
2492 2358 2661 2409 omnia
2694 2374 2805 2422 qua:
2832 2360 2882 2411 in
2908 2377 2965 2411 eo
2994 2368 3128 2413 sunt.
3163 2361 3274 2415 Una
3306 2377 3438 2417 VOt-e

1837 2445 2014 2498 omnia
2061 2447 2504 2515 philosophantur
2559 2450 2807 2519 dogmata
2858 2453 3139 2507 subvertit.
3191 2455 3436 2523 Epicurei

1840 2552 2067 2606 namque
2098 2540 2277 2593 omnia
2313 2556 2407 2609 per
2433 2558 2490 2595 se
2523 2543 2787 2598 exsistere
2815 2545 3060 2598 diCebant
3081 2587 3095 2612 ,
3128 2556 3180 2600 et
3210 2563 3273 2601 ex
3317 2557 3433 2600 ato—

1837 2630 1935 2682 mis
1966 2640 2213 2687 constare
2241 2651 2252 2684 :
2283 2632 2447 2687 Stoici
2480 2651 2606 2689 vero
2630 2650 2828 2706 corpus
2852 2649 2905 2691 et
2934 2638 3433 2709 conﬂagratiorem.

1838 2718 1930 2772 llic
1966 2734 2099 2774 vero
2131 2720 2261 2776 dicit
2293 2741 2304 2775 :
2343 2724 2605 2777 mundum
2637 2736 2689 2779 et
2730 2731 2908 2783 omnia
2948 2744 3067 2797 qua:
3095 2729 3146 2783 in
3178 2746 3243 2785 eo
3269 2740 3429 2797 sunt,

1832 2827 1965 2877 opus
2011 2827 2132 2868 esse
2175 2815 2287 2869 Dei.
2337 2816 2524 2870 \‘idcn‘
2572 2818 2928 2886 brevitatem,
2981 2832 3033 2877 et
3082 2823 3132 2876 in
3169 2823 3431 2880 brevitate

1831 2906 2180 2961 claritatem?
2215 2908 2281 2961 Et
2313 2909 2433 2963 vide
2464 2927 2709 2978 qttzt'nnn:
2745 2914 2874 2982 ipsis
2909 2930 3041 2968 nova
3076 2917 3426 2973 viderentur:

1829 2997 1972 3064 quod
2004 2996 2145 3051 Dens
2173 2999 2433 3054 mundum
2464 3000 2700 3057 fecisset.
2734 3004 2862 3071 Qute
2894 3021 3035 3059 nunc
3068 3007 3245 3061 intima
3280 3010 3430 3079 plebs

1827 3088 1965 3153 scit,
2020 3089 2336 3159 ignorabant
2370 3094 2765 3162 Athenienses,
2808 3107 2863 3152 et
2902 3100 3307 3156 Atheniensium
3337 3119 3428 3159 sa-

1828 3179 2056 3246 pientes.
2092 3180 2146 3235 Si
2177 3198 2407 3253 namque
2436 3183 2565 3239 l'ecit
2587 3228 2601 3251 ,
2633 3187 2817 3256 utique
2848 3190 3105 3244 Dominus
3132 3201 3232 3245 est.
3268 3193 3425 3264 Vide,

1823 3271 1949 3339 quid
1978 3271 2120 3325 dicat
2152 3288 2271 3328 esse
2302 3288 2678 3344 argumentum
2707 3278 2939 3345 dcitatis,
2975 3296 3169 3351 nempe
3198 3288 3427 3341 creatio-

1824 3377 1987 3427 nem;
2037 3363 2089 3416 id
2133 3364 2274 3432 quod
2312 3366 2473 3419 etiam
2514 3366 2681 3422 Filius
2723 3368 2902 3423 habet.
2954 3371 3087 3425 Nam
3128 3374 3177 3428 id
3227 3378 3425 3447 ubique

1822 3454 1999 3509 dicunt
2036 3459 2338 3525 prophetm,
2372 3459 2464 3513 Dei
2498 3476 2620 3516 esse
2643 3476 2829 3518 creare
2856 3482 2870 3528 ;
2900 3482 3006 3517 non
3033 3483 3159 3521 vero
3186 3471 3325 3524 sicut
3346 3474 3422 3528 illi

1819 3548 2087 3613 dicebant,
2121 3551 2285 3604 alimn
2316 3553 2673 3620 conditorem,
2709 3571 2808 3611 nec
2832 3556 3106 3613 dominum
3136 3577 3275 3625 esse,
3305 3580 3423 3618 ma-

1822 3641 2008 3695 teriam
2058 3658 2163 3695 non
2218 3643 2407 3697 laetam
2460 3660 2580 3700 esse
2627 3659 3011 3717 supponentes.
3066 3652 3161 3708 llic
3202 3654 3421 3713 demum

1818 3733 2153 3801 mnigmatice
2179 3735 2322 3803 quod
2345 3750 2501 3789 suum
2530 3746 2632 3802 est,
2655 3738 2782 3793 dicit
2811 3756 2863 3795 et
2888 3740 3063 3797 firmat
3089 3760 3102 3807 ;
3126 3746 3265 3813 quod
3295 3763 3423 3802 vero

1820 3823 2033 3878 illorum
2063 3834 2165 3891 est,
2202 3838 2414 3897 purgat.
2449 3827 2571 3883 Non
2603 3830 2654 3899 in
2690 3836 3018 3904 manufactis,
3053 3836 3243 3905 inquit,
3273 3841 3421 3894 habi-

1818 3925 1910 3967 tat.
1939 3915 2153 3970 Ilabitat
2182 3918 2401 3987 quidem
2434 3920 2486 3973 in
2520 3921 2753 3989 templis,
2781 3936 2835 3977 at
2868 3941 2973 3979 non
3002 3926 3054 3980 in
3088 3928 3297 3993 talibus,
3324 3932 3421 3986 sed

1819 4006 1868 4059 in
1901 4007 2077 4061 anima
2109 4007 2368 4062 humana.
2404 4010 2538 4067 Vide
2567 4016 2905 4083 corporalem
2936 4018 3149 4073 sustulit
3191 4023 3411 4078 cultum.

1816 4098 1952 4163 Quid
1983 4100 2154 4168 ergo?
2194 4114 2375 4155 annon
2410 4102 2686 4158 habitabat
2722 4106 2773 4161 in
2808 4110 3010 4178 templo
3053 4110 3416 4183 Jerosolynto-

1817 4189 1979 4243 rum?
2027 4188 2140 4244 Non
2185 4192 2400 4261 utique,
2447 4195 2541 4248 sed
2590 4197 2931 4264 operabatur.
2978 4202 3259 4266 Quomodo
3289 4220 3417 4275 ergo

1815 4280 2093 4334 colebatur
2122 4283 2373 4339 manibus
2400 4284 2651 4341 humanis
2677 4288 2816 4357 apud
2848 4290 3108 4347 Judaeos?
3154 4293 3269 4348 Non
3300 4312 3416 4350 ma-

1814 4373 1992 4439 nilms,
2016 4374 2111 4427 sed
2138 4376 2407 4430 mentibus
2434 4393 2449 4431 :
2480 4394 2603 4431 nam
2627 4380 2717 4433 illa
2739 4398 2841 4435 non
2862 4384 2939 4438 sic
2966 4387 3244 4453 qumrebat
3262 4392 3416 4459 quasi

1814 4462 1878 4515 iis
1909 4478 2043 4532 opus
2071 4464 2295 4521 haberet
2320 4484 2331 4519 :
2361 4467 2630 4538 Numquid
2651 4472 2989 4541 manducabo,
3016 4477 3207 4547 inquit,
3238 4497 3417 4537 carnes

1813 4562 2111 4621 taurorum,
2155 4566 2245 4638 aut
2284 4559 2586 4627 sanguinem
2611 4561 2872 4616 hircorum
2898 4566 3084 4634 potabo
3113 4566 3291 4638 (Psal.
3323 4573 3411 4627 49.

1815 4647 1957 4716 i5)?
2000 4633 2207 4702 Deinde.
2244 4666 2363 4703 cum
2402 4650 2669 4708 dixisset:
2704 4633 3148 4725 Nequemanibu‘s
3178 4661 3413 4718 Immanis

1809 4739 2013 4801 colitur,
2042 4740 2273 4810 indigens
2303 4742 2475 4810 aliqua
2498 4760 2517 4807 ;
2541 4744 2663 4813 quia
2697 4744 2797 4800 hoe
2819 4762 2925 4800 non
2950 4750 3080 4803 satis
3108 4761 3244 4821 erat,
3267 4755 3415 4809 nullo

1808 4843 1988 4897 cgere,
2021 4838 2079 4883 ut
2106 4829 2313 4885 dixerat
2339 4849 2352 4895 ;
2384 4848 2504 4893 mm
2528 4834 2766 4889 divinum
2789 4837 3004 4905 quidem
3035 4841 3161 4895 illud
3186 4853 3291 4910 cst,
3316 4847 3410 4899 sed

1808 4919 1952 4973 aliud
1986 4923 2315 4990 requiritur:
2349 4923 2570 4993 adjicit:
2601 4924 2629 4977 Ι
2638 4944 2725 4995 pse
2752 4929 2881 4983 dans
2912 4932 3143 4987 omnibus
3173 4936 3326 4989 vitam
3364 4948 3411 4993 et

1807 5014 2042 5081 spiritum
2085 5025 2130 5066 et
2174 5017 2363 5067 omnia.
2417 5016 2531 5071 Duo
2574 5017 2871 5074 divinitatis
2906 5021 3102 5077 indicia
3149 5026 3408 5093 exhibet,

1870 5190 1941 5253 (a)
1970 5193 2052 5240 llic
2077 5199 2207 5257 uolat
2239 5190 2489 5257 Dounteus
2506 5195 2556 5243 in
2572 5195 2831 5257 ,Savilianis
2854 5210 2983 5250 nous
3007 5214 3019 5249 :
3046 5200 3280 5255 Platonici
3304 5206 3405 5257 dis-

1806 5250 2025 5318 tinguunt
2070 5250 2349 5318 diligenter,
2384 5254 2519 5316 deos,
2545 5256 2788 5309 daenwnes
2822 5268 2869 5309 et
2908 5250 3408 5318 Ιιενοαηςξρὧῖεῆῧη

1877 5313 2467 5391 summonqr‘aduponunt,
2484 5313 2599 5391 quos
2616 5318 2783 5391 {icero
2804 5330 2995 5391 tenuste
3019 5313 3256 5391 majorum
3278 5313 3405 5391 géiii

1807 5376 1926 5423 tium
1942 5376 2171 5449 appellat.
2204 5376 2589 5449 Da’mones‘sunt
2615 5380 2733 5449 illis,
2753 5384 2835 5449 qui
2858 5386 2995 5435 nobis
3012 5376 3191 5449 ang'eli.
3221 5376 3406 5441 mirmi-

1804 5450 1919 5512 srjue
1942 5444 2101 5512 tamqn
2114 5446 2427 5512 usurpentur
2451 5440 2557 5512 lucc
2582 5440 2827 5506 vocabula,
2854 5453 2907 5495 ut
2926 5450 3057 5512 apud
3077 5440 3282 5512 "poetam
3298 5440 3303 5441 ν
3318 5440 3407 5502 Ju-

1804 5498 1927 5551 mter
1951 5498 2297 5576 rgo/irinum“,
2305 5575 2324 5576 η
2336 5516 2427 5576 ξιτρ
2452 5510 2627 5576 sciuisse;
2650 5514 2799 5576 ἑλὶυδς,
2816 5498 2967 5570 ἠκοᾱ
2981 5498 3279 5576 Augitstinus
3295 5498 3406 5576 quo-

1805 5572 1899 5625 que
1925 5558 2135 5623 affirmat
2162 5560 2223 5625 de
2244 5558 2443 5613 Cit'itate
2470 5564 2575 5620 Dei,
2601 5558 2634 5613 Ι.
2660 5567 2707 5614 8.
2745 5558 3031 5620 «ii-novorum,
3048 5558 3401 5625 Etenim-ticam

1807 5621 1995 5693 quam
2017 5622 2325 5693 annuutiator
2347 5638 2482 5693 esse;
2507 5643 2531 5693 ir
2560 5627 2649 5676 hoc
2670 5629 2800 5679 idem
2823 5632 3060 5693 objectum
3089 5621 3161 5683 est
3190 5621 3399 5687 sun-(iiii

1805 5683 2051 5749 llomerus
2074 5684 2193 5749 item
2216 5686 2339 5734 deos
2360 5688 2617 5749 interdum
2644 5700 2784 5739 vocat
2819 5683 3082 5744 dzémonas.
3110 5683 3403 5749 ldem'De'u;

1808 5758 1941 5793 meus
1964 5746 2027 5793 de.
2051 5746 2219 5815 stoicis
2244 5760 2253 5793 :
2274 5748 2538 5815 stoicorum
2562 5751 2725 5815 opinio
2746 5754 2836 5814 fuit
2857 5791 2870 5815 ,
2908 5764 2955 5804 ut
2978 5760 3043 5805 ad
3089 5746 3397 5815 exirent—niui.

1806 5808 2149 5879 cunrnuu'tdus
2193 5807 2547 5879 conﬂagraret,
2575 5807 3047 5879 absumptis'qttibus
3080 5818 3151 5869 sol
3189 5807 3392 5872 citasti.

1807 5866 2001 5918 aluntur
2028 5866 2323 5929 humoribus,
2349 5866 2507 5920 omnia
2532 5866 2847 5931 tr]??(’ft‘e’t'i’.'.’(.
