4084 6332
659 341 758 394 9η

658 453 804 529 quod
831 454 975 509 nullo
998 453 1259 523 indigeat,
1275 449 1487 521 etquod
1508 447 1755 503 omnibus
1776 445 1954 500 omnia
1982 443 2235 514 praebeat.

662 548 775 603 lluc
796 546 983 603 confer
1004 547 1181 603 omnia
1199 560 1317 614 qua:
1337 544 1403 599 de
1422 541 1691 598 Deol'lato
1714 537 2117 608 philosophatus
2133 545 2235 602 est,

658 652 777 708 quae
802 637 1062 706 Epicurus
1088 678 1103 700 ,
1135 645 1189 690 et
1233 636 1347 690 haec
1390 632 1565 687 omnia
1609 630 1710 683 illis
1755 636 2057 697 comparata
2087 641 2239 695 nugm

657 734 803 780 sunt.
854 725 999 779 Dans
1024 766 1038 790 ,
1086 725 1285 797 inquit,
1317 725 1469 778 vitam
1495 731 1539 775 et
1568 720 1821 791 spiritum.
1873 719 2006 772 Ecce
2046 718 2239 771 anima:

654 832 870 888 quoque
896 818 1069 887 ipsum
1097 826 1393 872 creatorem
1425 813 1590 876 facit,
1621 827 1727 865 non
1755 810 2071 881 genitorem.
2107 806 2239 864 Vide

657 923 869 961 rursum
915 907 1185 978 quomodo
1229 906 1469 960 destruat
1512 917 1817 957 sermonem
1862 899 1931 955 de
1970 898 2235 953 materia:

663 995 898 1069 Fecitque
918 1039 932 1063 ,
964 999 1132 1066 inquit
1156 1036 1171 1062 ,
1214 1012 1275 1050 ea:
1306 1011 1405 1048 uno
1446 994 1694 1064 sanguine
1722 1008 1868 1044 omne
1892 1007 2049 1061 genus
2078 990 2239 1043 homi-

661 1105 801 1152 num,
835 1089 1057 1142 habitare
1080 1103 1231 1151 super
1256 1102 1451 1140 onmem
1472 1087 1652 1157 facient
1682 1093 1844 1137 terra.
1870 1081 1994 1137 ΙΙωο
2020 1083 2237 1136 meliora

660 1181 761 1234 illis
782 1221 796 1243 ,
826 1187 881 1234 et
908 1177 1425 1235 confutant'atomos
1451 1176 1856 1245 materiamque.
1889 1173 1983 1228 llic
2010 1170 2240 1227 ostendit

661 1288 765 1323 non
792 1286 910 1325 esse
937 1270 1183 1339 partitam
1212 1284 1381 1338 neque
1409 1265 1639 1321 hominis
1660 1266 1911 1319 animam.
1936 1264 2087 1334 Quod
2114 1275 2238 1317 vero

658 1362 730 1416 iili
759 1360 979 1422 dicunt,
1019 1359 1122 1413 hoc
1150 1374 1254 1412 non
1286 1366 1367 1413 est
1405 1372 1526 1412 esse
1556 1355 1906 1411 conditorem.
1953 1352 2083 1408 Cum
2111 1352 2240 1406 dicit

658 1462 834 1508 autem
867 1468 973 1506 non
1008 1450 1253 1506 manibus
1281 1449 1531 1504 humanis
1558 1448 1660 1504 coli
1688 1448 1850 1502 Deum
1877 1489 1892 1514 ,
1938 1445 2238 1502 subindicat

658 1546 803 1601 illum
836 1547 1015 1601 animo
1041 1554 1087 1599 et
1120 1554 1300 1599 mente
1325 1542 1449 1597 coli.
1482 1541 1583 1595 llic
1604 1582 1618 1607 ,
1649 1541 1849 1611 inquit,
1878 1540 1991 1594 εωιί
2021 1551 2065 1593 et
2095 1550 2240 1593 terrm

658 1654 771 1692 cum
805 1638 869 1691 sit
911 1635 1176 1691 Dominus.
1222 1633 1335 1688 Non
1365 1646 1494 1702 ergo
1522 1631 1796 1686 darmoncs
1831 1630 2041 1700 quidem
2077 1644 2234 1699 pecu-

656 1733 834 1786 liarcs.
874 1730 1012 1785 Deus
1051 1731 1135 1798 qui
1165 1731 1280 1800 fecit
1323 1730 1601 1793 mundum,
1645 1738 1692 1783 et
1724 1726 1891 1781 omnia
1920 1741 2031 1795 quae
2069 1726 2120 1777 in
2149 1723 2239 1775 illo

654 1833 789 1878 sunt.
839 1821 971 1876 Cum
1022 1822 1169 1890 prius
1217 1820 1541 1875 ostendisset
1584 1817 1855 1889 quomodo
1900 1815 2128 1871 mundus
2172 1814 2241 1867 sit

659 1914 822 1967 factus
844 1954 858 1977 ,
893 1923 1019 1967 tunc
1046 1912 1369 1976 declaravit,
1404 1911 1545 1982 quod
1577 1926 1681 1967 non
1716 1911 1769 1964 in
1801 1908 2115 1963 manufactis
2143 1907 2237 1959 ha-

648 2005 787 2059 bitet
813 2022 826 2069 ;
870 2020 932 2059 ac
957 2006 1000 2058 si
1030 2006 1271 2059 diceret:
1303 2005 1357 2058 Si
1390 2005 1554 2069 Deus,
1584 2003 1762 2057 omnia
1794 2003 1973 2070 utique
2002 1999 2125 2056 fecit
2150 2014 2164 2063 ;
2193 2000 2237 2053 si

659 2112 763 2152 non
796 2095 920 2150 fecit
940 2139 954 2160 ,
985 2113 1090 2150 non
1122 2097 1281 2150 Deus.
1307 2094 1415 2159 Dii,
1443 2096 1635 2164 inquit,
1665 2096 1751 2164 qui
1775 2094 1954 2148 cwlum
1979 2101 2025 2145 et
2056 2102 2239 2144 terram

659 2205 760 2241 non
790 2192 1013 2257 fecerunt
1040 2229 1057 2254 ,
1087 2196 1310 2256 pereant.
1357 2186 1521 2240 Multo
1548 2186 1747 2255 majora
1773 2225 1788 2249 ,
1816 2200 1974 2253 quam
2004 2182 2078 2238 illi
2103 2223 2117 2244 ,
2145 2182 2240 2233 do-

657 2288 830 2349 gmata
862 2280 1061 2334 inducit
1090 2277 1323 2350 (tametsi
1346 2279 1576 2333 nondum
1601 2293 1788 2346 magna
1816 2277 1977 2341 dixit;
2006 2274 2237 2329 nondum

661 2372 803 2424 enim
852 2380 1059 2440 tempus
1105 2382 1255 2435 erat;
1303 2370 1397 2424 sed
1444 2371 1596 2439 quasi
1641 2370 1817 2438 pueris
1866 2367 2236 2437 loquebatur),

658 2464 983 2518 creationem
1004 2504 1017 2527 ,
1047 2461 1463 2516 dominationem
1490 2502 1503 2527 ,
1539 2460 2039 2529 nou-indigentiam.

725 2553 778 2608 3.
802 2553 935 2611 Cum
958 2552 1179 2611 dixisset
1198 2560 1373 2607 autem
1401 2552 1546 2606 illum
1575 2567 1641 2605 ex
1666 2566 1769 2606 uno
1793 2551 2051 2619 sanguine
2081 2563 2239 2603 omne

656 2660 825 2715 genus
852 2646 1127 2699 hominum
1174 2644 1400 2708 fecisse,
1455 2645 1693 2699 omnium
1724 2657 1939 2699 CaUSam
1978 2642 2239 2697 bonorum

664 2735 1043 2790 manifestavit.
1075 2734 1208 2803 Quid
1237 2732 1359 2787 huic
1388 2733 1702 2791 sublimitati
1750 2733 1882 2802 par?
1908 2732 2038 2786 Nam
2082 2731 2239 2785 mira-

664 2827 767 2883 bile
794 2826 1006 2897 quidem
1040 2835 1121 2879 est
1150 2841 1213 2878 ex
1244 2839 1350 2879 uno
1376 2833 1452 2879 tot
1479 2824 1708 2889 fecisse;
1737 2822 1881 2893 quod
1910 2830 2089 2877 autem
2120 2837 2208 2875 om

661 2932 757 2972 nes
804 2916 892 2970 ille
942 2916 1100 2971 simul
1146 2915 1444 2977 contineat,
1500 2912 1675 2967 adhuc
1726 2913 1884 2982 longe
1923 2910 2238 2967 mirabilius.

662 3005 806 3060 Dans
832 3047 845 3071 ,
886 3006 1084 3075 inquit,
1110 3005 1339 3058 omnibus
1374 3003 1608 3073 spiritum
1636 3012 1682 3059 et
1727 3004 1901 3057 vitam.
1933 3001 2071 3067 Quid
2117 3011 2201 3056 est
2224 3042 2238 3066 ,

664 3098 925 3166 Deﬁniens
953 3098 1231 3166 prastitnla
1263 3106 1492 3165 tempora
1538 3104 1584 3148 et
1630 3096 1868 3149 terminos
1921 3094 2243 3147 habitationis

663 3206 855 3255 eorum,
887 3204 1110 3257 quwrere
1139 3187 1322 3253 Deum,
1348 3188 1391 3240 si
1415 3190 1545 3258 forte
1565 3195 1823 3240 attrectent
1850 3202 1963 3240 eum
1993 3195 2078 3238 aut
2100 3186 2241 3239 inve-

661 3286 800 3335 niant
820 3281 842 3331 ?
863 3280 975 3334 Non
996 3279 1285 3349 cogebatur
1302 3280 1440 3349 quis,
1467 3278 1657 3347 inquit,
1680 3278 1904 3332 circuire
1926 3287 1977 3331 et
2002 3290 2243 3347 qumrere

668 3375 834 3427 Deum
871 3391 883 3425 :
915 3373 999 3426 vel
1030 3372 1073 3425 si
1106 3386 1210 3425 non
1243 3370 1361 3434 hoc,
1397 3371 1519 3441 quia
1562 3370 1798 3426 decrevit
1822 3382 1880 3425 ut
1928 3371 2068 3425 Deus
2095 3386 2241 3439 quac-

665 3475 829 3522 ratur.
863 3466 929 3517 At
975 3477 1078 3516 non
1113 3477 1327 3530 semper
1364 3462 1465 3515 hoc
1509 3461 1810 3517 faciendum
1839 3462 2116 3528 definivit,
2148 3462 2244 3517 sed

664 3556 973 3625 przestitutis
1018 3554 1367 3622 temporibus.
1418 3553 1528 3607 lloc
1566 3569 1692 3609 vero
1743 3555 1872 3608 dicit
1916 3553 2239 3617 ostendens,

664 3664 836 3719 neque
862 3662 1002 3703 nunc
1031 3656 1331 3718 quaerentes
1371 3648 1639 3701 invenisse
1660 3687 1675 3712 ,
1718 3647 1927 3701 etiamsi
1973 3648 2042 3700 ita
2075 3647 2244 3701 mani.

665 3740 830 3795 festus
860 3748 1020 3803 esset,
1053 3748 1112 3792 ut
1141 3739 1491 3805 inveniretur,
1530 3753 1591 3793 ac
1620 3739 1663 3792 si
1701 3738 1826 3808 quid
1867 3739 1917 3791 in
1947 3739 2122 3794 medio
2153 3753 2245 3808 po-

663 3834 823 3886 situm
872 3832 1169 3902 palpemus.
1199 3831 1380 3900 Neque
1412 3830 1554 3886 enim
1587 3832 1677 3885 hic
1700 3839 1815 3885 erat
1855 3832 2043 3885 cazlunt
2066 3873 2081 3897 ,
2117 3832 2245 3886 alibi

666 3939 770 3979 non
799 3942 812 3989 ;
844 3940 1013 3995 neque
1038 3925 1087 3978 in
1121 3923 1221 3979 hoc
1244 3932 1480 3992 tempore
1511 3933 1625 3978 erat
1652 3966 1666 3989 ,
1697 3924 1747 3978 in
1777 3924 1881 3977 alio
1910 3940 2035 3979 non.
2066 3924 2245 3995 Itaque

664 4025 719 4071 et
747 4016 891 4071 omni
920 4027 1161 4086 tempore
1182 4058 1195 4080 ,
1227 4024 1279 4070 et
1309 4015 1359 4068 in
1394 4016 1642 4071 omnibus
1673 4017 1913 4070 terminis
1958 4026 2133 4086 potest
2164 4018 2246 4071 in-

666 4109 853 4163 veniri.
877 4108 963 4163 Sic
989 4107 1316 4177 dispensavit
1339 4117 1397 4160 ut
1417 4116 1767 4177 qumreretur,
1792 4118 1850 4162 ut
1877 4123 1977 4163 nec
2000 4109 2117 4163 loco
2146 4124 2246 4165 nec

666 4210 904 4269 tempore
930 4198 1326 4268 prohibeamur.
1361 4198 1522 4254 Certe
1554 4198 1655 4253 hoc
1684 4201 1856 4268 ipsum
1886 4200 1990 4254 illis
2013 4202 2243 4257 maxime

666 4289 983 4358 profuisset,
1016 4290 1059 4343 si
1088 4290 1300 4358 quidem
1331 4290 1626 4344 voluissent
1654 4291 1703 4354 ¹;
1752 4290 1895 4359 quod
1939 4292 2135 4360 ubique
2179 4292 2247 4346 sit

665 4382 855 4436 caelum
882 4390 935 4435 et
974 4390 1077 4436 stet
1105 4383 1248 4436 omni
1279 4391 1537 4452 tempore.
1570 4382 1693 4437 ldeo
1720 4384 1797 4437 sic
1832 4383 1959 4437 dicit
1990 4403 2002 4437 :
2052 4384 2241 4449 Quant-

665 4474 737 4526 uis
780 4488 879 4527 non
925 4473 1071 4543 longe
1115 4474 1177 4527 sit
1207 4474 1267 4526 ab
1298 4490 1593 4545 unoquoque
1630 4486 1896 4540 nostrum;
1940 4477 2033 4530 sed
2083 4492 2246 4546 prope

664 4564 733 4617 sit
759 4564 1042 4627 omnibus;
1073 4564 1175 4618 hoc
1213 4572 1296 4619 est
1326 4582 1339 4620 :
1391 4564 1504 4618 Non
1537 4566 1696 4619 modo
1725 4567 1885 4620 vitam
1915 4578 1967 4622 et
1996 4567 2242 4636 spiritum

664 4655 808 4709 dedit
831 4666 882 4709 et
904 4657 1103 4720 omnia,
1124 4672 1310 4711 verum
1329 4658 1507 4721 etiam,
1532 4658 1671 4727 quod
1694 4668 1852 4728 caput
1877 4669 1959 4714 est
1980 4660 2240 4727 omnium,

666 4745 729 4798 ad
762 4747 840 4800 sui
870 4748 1225 4815 cognitionem
1257 4750 1445 4814 traxit,
1480 4748 1594 4805 hare
1619 4750 1818 4817 dando,
1846 4767 1943 4821 per
1981 4767 2099 4822 qua:
2127 4768 2246 4823 pos-

668 4839 835 4892 simus
867 4837 1013 4892 illum
1044 4839 1283 4893 invenire
1312 4851 1364 4894 et
1386 4842 1811 4911 apprehendere.
1843 4843 1948 4898 Sed
1979 4844 2246 4899 noluimus

669 4942 915 4997 qumrere
936 4965 951 4993 ,
980 4928 1079 4981 etsi
1110 4928 1174 4981 ad
1204 4928 1365 4997 pedes
1397 4940 1558 4985 esset.
1589 4930 1709 4985 Non
1740 4933 1904 5004 longe,
1937 4934 2139 5004 inquit,
2184 4935 2246 4988 ab

663 5032 965 5089 unoquoque
992 5028 1236 5071 nostrum.
1270 5018 1455 5088 Papznl
1481 5022 1724 5075 omnibus
1750 5038 1914 5092 prope
1944 5040 2064 5080 esse
2095 5026 2243 5092 dicit,

663 5107 752 5175 qui
802 5106 1007 5161 suntin
1052 5107 1181 5161 orbe
1229 5115 1511 5163 terrarum.
1542 5109 1676 5176 Quid
1719 5111 1820 5167 hoc
1872 5114 2083 5182 majus?
2116 5115 2246 5171 Vide

666 5197 935 5267 quomodo
984 5200 1195 5267 partitos
1248 5199 1501 5254 confutet.
1558 5201 1692 5268 Quid
1734 5203 1855 5258 dico
1900 5206 2126 5273 procul?
2173 5207 2245 5261 lla

668 5306 833 5363 prope
868 5300 978 5356 est,
1010 5300 1069 5345 ut
1106 5292 1222 5345 sine
1267 5292 1383 5361 ipso
1433 5308 1537 5347 non
1565 5295 1789 5349 vivatur.
1837 5296 1903 5349 1n
1952 5300 2062 5369 ipso
2116 5304 2247 5354 enim

665 5385 873 5437 vivimus
899 5394 943 5435 et
965 5400 1219 5437 movemur
1246 5394 1291 5436 et
1318 5401 1509 5439 smnus.
1528 5386 1687 5453 Quasi
1709 5403 1969 5455 corporeo
2000 5393 2247 5461 exemplo

668 5473 970 5543 hujusmodi
1019 5474 1289 5543 quidpiam
1350 5475 1535 5528 dicit:
1582 5476 1731 5533 Sicut
1782 5480 2110 5547 impossibile
2166 5493 2247 5536 est

668 5566 914 5635 ignorare
936 5578 1113 5619 aerem
1143 5566 1338 5633 ubique
1366 5565 1615 5620 diffusqu
1640 5609 1652 5630 ,
1685 5586 1786 5623 non
1813 5571 1995 5639 procul
2022 5573 2089 5627 ab
2113 5588 2245 5627 uno-

730 5742 744 5777 ⁸
767 5740 902 5793 Il:cc.
924 5740 964 5791 si
984 5742 1173 5806 quidem
1192 5738 1455 5803 voluissem,
1481 5744 1659 5795 desunt
1683 5746 1728 5794 in
1754 5748 2056 5809 quihusdam.

1361 332 1417 391 S.
1457 330 1729 389 JOANNlS
1764 328 2235 386 CHRYSOSTOMI
2278 327 2590 384 ARCIIIEP.
2630 325 3164 384 CONSTANTINUP.

3842 324 3942 379 Ξῗέ

2352 458 2565 513 quoque
2604 452 2843 498 nostrum
2889 459 3045 511 esse,
3096 443 3205 498 imo
3247 449 3302 498 et
3350 442 3401 496 in
3449 443 3604 497 nobis
3649 456 3820 497 esse:
3873 443 3939 494 ita

2346 537 2508 591 etiam
2569 536 2806 590 omnium
2862 536 3196 591 Creatorem.
3254 534 3385 590 Vide
3433 534 3707 601 quomodo
3760 534 3942 587 omnis

2348 627 2511 698 ipsius
2548 641 2667 683 esse
2711 627 2853 682 dicat
2901 646 2916 683 :
2964 627 3356 699 providentiam
3407 626 3547 680 illius
3595 639 3718 679 esse
3762 624 3897 678 dicit
3935 644 3945 676 :

2346 718 2825 784 conservationem,
2847 718 2989 788 quod
3011 719 3189 773 abillo
3210 718 3529 780 sintomuia,
3558 716 3813 785 operandi
3835 717 3941 768 vim

2346 808 2597 876 habeant,
2643 817 2696 864 et
2727 824 2832 863 non
2862 817 3109 880 pereant.
3146 808 3257 863 Nec
3296 808 3451 871 dixit,
3478 809 3579 862 l‘cr
3625 807 3814 871 illum;
3846 806 3940 859 sal

2346 901 2488 972 quod
2518 901 2735 972 propius
2780 910 2860 955 est
2886 941 2900 966 ,
2935 896 2997 954 In
3028 900 3137 953 illo.
3169 899 3309 953 Nihil
3345 900 3450 953 tale
3475 898 3610 953 dixit
3645 907 3799 967 poeta
3831 897 3940 960 ille,

2347 992 2522 1062 Ipsius
2548 995 2709 1057 enim,
2738 994 3008 1062 inquiens,
3041 1008 3196 1061 genus
3216 1008 3429 1054 sumus;
3459 990 3552 1045 sed
3592 991 3683 1044 ille
3712 989 3783 1044 de
3810 990 3944 1044 Jove

2345 1087 2500 1153 dixit,
2532 1086 2618 1141 hic
2647 1101 2772 1141 vero
2794 1085 2861 1141 de
2892 1083 3147 1141 Creatore
3170 1084 3272 1139 hoc
3298 1084 3490 1153 accipit
3521 1102 3533 1135 :
3566 1099 3665 1137 nec
3692 1084 3942 1137 eumdem

2348 1177 2519 1246 ipsum
2552 1176 2750 1231 iudicat
2782 1176 2891 1240 ille,
2914 1175 3091 1239 absit;
3123 1174 3218 1230 sed
3245 1189 3364 1245 qua:
3385 1174 3453 1228 de
3477 1173 3569 1226 illo
3590 1171 3732 1227 dicta
3763 1183 3941 1235 erant,

2347 1271 2456 1325 Deo
2485 1271 2569 1325 cui
2596 1269 2975 1339 competebant
3018 1268 3336 1323 adscribens
3381 1285 3393 1321 :
3431 1282 3551 1321 nam
3581 1281 3729 1319 aram
3784 1265 3947 1333 hujus

2345 1377 2465 1416 esse
2489 1361 2654 1427 dicit,
2684 1376 2789 1415 non
2824 1360 2965 1415 illius
2985 1401 3000 1426 ,
3033 1375 3194 1431 quem
3224 1359 3323 1428 ipsi
3363 1358 3633 1415 colebant.
3680 1356 3943 1424 Quadam

2346 1453 2487 1509 enim
2516 1451 2656 1508 dicta
2688 1461 2742 1507 et
2763 1450 2900 1505 facta
2928 1460 3054 1506 sunt
3078 1450 3143 1504 ad
3173 1465 3358 1505 verum
3389 1450 3552 1503 Deum
3579 1448 3941 1518 pertinentia;

2346 1559 2529 1599 verum
2557 1543 2864 1599 nesciebant
2891 1542 3062 1599 Graeci
3092 1542 3159 1597 ad
3204 1557 3326 1597 eum
3373 1544 3675 1612 pertinere,
3730 1539 3836 1594 sed
3879 1537 3946 1592 de

2345 1634 2814 1690 aliaintellexere.

2420 1727 2581 1791 Illud,
2607 1726 2791 1797 Ignoto
2825 1726 2950 1790 Deo,
2980 1727 3231 1795 quomodo
3262 1726 3325 1779 sit
3346 1723 3835 1793 intelligendum.—
3857 1722 3947 1775 Dic

2344 1821 2485 1875 enim
2519 1820 2667 1887 mihi,
2696 1820 2764 1874 de
2783 1834 2891 1889 quo
2944 1820 3158 1889 proprie
3186 1818 3417 1884 dicatur,
3453 1816 3636 1887 Ignoto
3680 1815 3841 1881 Deo;
3880 1816 3945 1871 de

2344 1909 2619 1976 Creatore,
2649 1926 2716 1964 an
2748 1909 3032 1965 daemone?
3067 1910 3263 1979 Utique
3292 1908 3359 1964 de
3386 1908 3646 1963 Creatore
3678 1926 3691 1961 :
3720 1908 3942 1961 etiamsi

2347 2002 2493 2055 illum
2517 2000 2729 2071 quidem
2773 2001 3088 2071 ignorariut,
3116 1998 3257 2054 hunc
3281 2014 3407 2054 vero
3434 1999 3704 2053 noverint.
3728 1998 3943 2052 Simili-

2348 2102 2428 2147 ter
2456 2093 2653 2157 etiam,
2694 2090 2835 2162 quod
2867 2091 3043 2144 omnia
3076 2089 3282 2153 fecerit,
3313 2088 3381 2143 de
3422 2088 3534 2142 Deo
3564 2089 3783 2157 proprie
3811 2088 3945 2142 dici-

2347 2195 2451 2250 tur,
2492 2201 2597 2241 non
2625 2185 2692 2240 de
2717 2186 2848 2241 Jove
2869 2226 2882 2250 ,
2916 2185 3148 2240 sceiesto
3174 2194 3228 2238 et
3252 2184 3585 2238 esset-rando
3624 2182 3846 2237 homine
3884 2199 3945 2235 ac

2347 2279 2753 2347 praestigiatorc.
2804 2275 3003 2330 Paulus
3055 2288 3203 2330 certe
3264 2290 3370 2328 non
3425 2276 3585 2329 simili
3631 2285 3797 2343 atque
3855 2274 3944 2326 illi:

2348 2369 2507 2423 modo
2536 2369 2687 2436 dixit,
2718 2368 2891 2436 Ipsius
2922 2369 3054 2421 enim
3084 2376 3132 2420 ct
3174 2383 3333 2438 genus
3374 2384 3581 2432 sumus;
3622 2367 3798 2430 absit,
3850 2367 3941 2419 sed

2345 2462 2446 2515 alia
2475 2470 2687 2525 mente;
2720 2474 2885 2531 genus
2914 2460 3057 2514 enim
3087 2460 3204 2529 ejus
3232 2474 3335 2513 non
3375 2474 3495 2514 esse
3518 2460 3676 2523 dixit,
3709 2459 3815 2513 hoc
3840 2470 3938 2523 est,

2347 2553 2692 2619 domesticos,
2729 2553 3027 2622 proximos,
3060 2561 3113 2606 et
3133 2552 3282 2621 quasi
3312 2551 3431 2620 quis
3462 2550 3678 2615 dixerit,
3712 2552 3939 2619 propin.

2347 2660 2480 2714 quos
2504 2656 2557 2700 ct
2583 2646 2802 2700 vicinos.
2846 2645 2921 2699 Ne
2949 2647 3093 2700 enim
3131 2659 3317 2700 rursus
3354 2646 3635 2710 dicerent,
3688 2644 3839 2698 Νουα
3865 2648 3942 2697 in-

2348 2736 2479 2807 geris
2504 2737 2710 2789 auribus
2734 2736 2919 2790 nostris
2959 2736 3116 2806 (nillil
3147 2735 3287 2790 enim
3338 2737 3417 2790 sic
3463 2735 3768 2790 hominibus
3811 2751 3939 2789 cou-

2350 2826 2630 2897 trarium),
2662 2835 2873 2896 poetam
2904 2826 2956 2879 in
2990 2826 3221 2880 medium
3265 2825 3499 2879 adducit.
3539 2824 3725 2894 Neque
3762 2825 3937 2890 dixit,

2349 2917 2462 2971 Non
2491 2916 2699 2971 debetis
2731 2924 2919 2987 putare
2948 2930 3083 2971 auro
3114 2925 3206 2969 aut
3234 2927 3459 2985 argento
3494 2916 3661 2971 Deum
3699 2932 3821 2971 esse
3867 2919 3938 2969 si-

2350 3012 2569 3075 milem,
2621 3024 2654 3063 ο
2683 3009 2896 3065 scelesti
2938 3017 2992 3063 et
3022 3008 3371 3063 exsecraudi!
3418 3008 3513 3062 sed
3565 3011 3780 3074 mitius,
3832 3009 3941 3062 Hoc

2351 3120 2449 3156 non
2476 3103 2707 3156 debemus
2734 3102 3017 3167 wstintare,
3054 3101 3248 3171 inquit,
3279 3101 3372 3156 scd
3412 3116 3575 3170 super
3617 3104 3743 3157 hoc.
3772 3102 3939 3169 Quid-

2351 3212 2472 3249 nam
2516 3204 2600 3249 cst
2624 3210 2783 3262 super
2805 3192 2943 3247 hoc?
2984 3192 3158 3258 Deus;
3188 3192 3281 3247 sed
3311 3208 3485 3261 neque
3521 3193 3624 3247 hoc
3654 3196 3772 3263 (est
3800 3194 3938 3248 enim

2350 3288 2604 3343 efﬁcacia:
2636 3283 2876 3356 nomen),
2910 3284 3003 3339 sed
3031 3284 3243 3339 interim
3274 3284 3375 3339 hoc
3406 3302 3417 3337 :
3444 3272 3659 3338 tantum
3687 3300 3939 3355 negamus

2353 3379 2519 3432 Deum
2556 3377 2677 3430 huic
2717 3391 2835 3431 esse
2866 3375 3093 3430 similem
3127 3395 3139 3429 :
3176 3376 3295 3444 quis
3346 3375 3489 3429 cnim
3538 3375 3782 3430 dixerit?
3819 3376 3942 3429 \‘ide

2352 3468 2622 3539 quomodo
2650 3468 3025 3537 incorporeum
3055 3449 3359 3521 introducit.
3390 3467 3537 3521 Mens
3557 3469 3703 3522 enim
3732 3469 3942 3537 quando

2352 3561 2654 3631 Suspicatur
2672 3574 2899 3629 corpus,
2935 3559 3095 3612 etiam
3128 3557 3433 3613 distantiam
3463 3559 3805 3630 imaginatur.
3842 3559 3938 3613 Ge-

2353 3670 2445 3706 nus
2474 3668 2591 3723 ergo
2635 3667 2748 3704 cum
2785 3651 2943 3704 simus
2973 3649 3088 3716 Dei,
3120 3666 3221 3703 non
3248 3650 3510 3712 debemus,
3537 3651 3709 3721 inquit
3731 3692 3745 3713 ,
3771 3654 3939 3703 existi-

2351 3760 2490 3798 mare
2514 3759 2637 3796 auro
2673 3751 2761 3795 aut
2794 3750 3003 3811 argento
3048 3750 3135 3793 aut
3182 3742 3377 3809 lapidi,
3409 3742 3686 3810 sculpturcc
3727 3743 3851 3794 artis
3901 3754 3942 3793 ε(

2351 3834 2664 3903 cegitationis
2707 3832 2922 3884 hominis
2948 3872 2962 3896 ,
3011 3830 3173 3884 Deum
3215 3846 3322 3885 esse
3356 3830 3594 3885 similem.
3638 3832 3705 3885 At
3752 3832 3941 3885 dixerit

2351 3923 2613 3994 quisliiam
2639 3963 2653 3987 ,
2697 3921 2811 3976 Non
2845 3921 2946 3975 hoc
2975 3929 3263 3991 putamus:
3313 3936 3411 3976 cur
3448 3936 3578 3991 ergo
3626 3922 3731 3977 hoc
3772 3923 3898 3977 dicit
3925 3926 3942 3975 ζ’

2352 4015 2455 4071 Sed
2486 4014 2551 4069 ad
2585 4012 2983 4068 multitudinem
3035 4013 3356 4082 loquebatur
3402 4013 3515 4083 ipse
3537 4056 3550 4079 ,
3585 4029 3649 4069 ac
3704 4015 3782 4070 sic
3813 4015 3941 4069 hem:

2352 4107 2504 4162 dixit.
2534 4105 2665 4160 Nam
2691 4106 2734 4159 si
2764 4120 2861 4159 nos
2888 4104 3179 4160 secundum
3208 4104 3441 4159 animam
3482 4120 3588 4159 non
3618 4121 3806 4161 sumus
3847 4107 3943 4159 illis

2352 4198 2553 4252 similes
2574 4239 2587 4260 ,
2620 4197 2787 4250 multo
2816 4196 2993 4250 minus
3026 4196 3186 4251 Deus.
3240 4195 3459 4249 luterint
3508 4196 3729 4252 abducit
3759 4198 3877 4251 illos
3917 4220 3939 4248 ει

2357 4288 2682 4357 suspicione.
2714 4287 2829 4340 Non
2860 4285 3021 4340 modo
3052 4288 3337 4355 sculptura:
3357 4288 3490 4341 artis
3521 4303 3624 4341 non
3648 4300 3733 4343 est
3759 4290 3943 4343 similis

2356 4380 2516 4442 Deus,
2557 4378 2651 4432 sed
2678 4393 2851 4448 neque
2879 4379 2969 4432 ulli
2999 4379 3087 4433 alii
3116 4378 3365 4435 humana:
3390 4382 3702 4450 cogitationi
3730 4384 3941 4452 subjici-

2356 4484 2441 4524 tur
2476 4490 2488 4522 :
2522 4486 2645 4523 nam
2688 4470 2771 4524 vel
2802 4485 2891 4525 ars
2916 4471 3003 4525 vel
3032 4485 3183 4526 mens
3229 4472 3453 4526 invenit.
3487 4472 3612 4528 Ideo
3654 4474 3736 4529 sic
3770 4474 3897 4529 dicit
3931 4494 3941 4526 :

2354 4561 2411 4615 Si
2442 4562 2513 4625 id,
2538 4559 2678 4629 quod
2704 4575 2790 4615 ars
2816 4561 2898 4615 vel
2927 4576 3077 4616 meus
3105 4562 3338 4617 hominis
3385 4564 3622 4631 invenit,
3650 4566 3790 4622 Deus
3830 4577 3939 4627 est.

2353 4653 2475 4705 etsi
2524 4652 2573 4704 in
2624 4651 2801 4720 lapide
2830 4651 3128 4706 substantia
3161 4653 3254 4707 Dei
3292 4655 3608 4723 :quomodo
3650 4671 3780 4727 ergo
3809 4660 3855 4712 si
3895 4659 3941 4713 in

2354 4742 2468 4812 ipso
2497 4741 2744 4806 vivimus,
2773 4741 2946 4811 ipsum
2977 4758 3082 4797 non
3110 4744 3449 4798 invenimus?
3479 4745 3687 4815 Duplex
3719 4764 3847 4819 ergo
3868 4762 3943 4803 est

2354 4833 2656 4899 accusatio,
2689 4834 2909 4902 etquod
2958 4834 3107 4888 illum
3154 4850 3264 4889 non
3316 4837 3659 4906 invenerint,
3706 4849 3766 4896 et
3806 4842 3942 4912 quod

2354 4926 2486 4980 tales
2524 4925 2845 4979 invenerint.
2892 4925 3039 4979 Mens
3085 4941 3178 4995 per
3241 4929 3474 4998 seipsam
3528 4948 3794 5002 nusquam
3846 4934 3943 4990 fide

2355 5015 2511 5081 digna
2539 5024 2643 5069 est.
2676 5014 2781 5069 Sed
2811 5024 3092 5085 postquam
3123 5017 3336 5073 illorum
3368 5025 3579 5077 animos
3606 5026 3684 5079 sic
3710 5026 3942 5096 exagita-

2355 5108 2461 5174 vit,
2509 5107 2850 5176 ostenditque
2894 5107 3287 5165 incxcusabiles
3323 5113 3444 5167 illos
3469 5130 3593 5171 esse
3618 5157 3632 5179 ,
3664 5117 3789 5173 vide
3825 5120 3942 5190 quid

2355 5198 2543 5252 subdat
2574 5217 2584 5251 :
2617 5198 2868 5269 Tempora
2911 5200 3114 5268 quidem
3142 5203 3445 5273 ignorantiae
3471 5208 3791 5277 despiciens,
3821 5228 3942 5265 nunc

2354 5293 2618 5343 annuntiat
2653 5290 2880 5343 omnibus
2931 5290 3247 5361 hominibus,
3281 5296 3461 5365 ubique
3505 5309 3557 5351 ut
3603 5303 3942 5367 paenitentiam

2354 5391 2525 5449 agant.
2545 5380 2679 5447 Quid
2709 5380 2870 5450 ergo?
2902 5397 3131 5440 nemone
3164 5386 3377 5441 illorum
3410 5404 3593 5457 pmnas
3618 5393 3754 5447 dat?
3778 5394 3942 5449 Nemo

2354 5482 2500 5527 certe
2530 5490 2747 5538 eorum,
2782 5476 2871 5544 qui
2918 5478 3286 5543 pmnitentiam
3326 5496 3484 5550 agere
3509 5484 3700 5538 velint.
3750 5488 3824 5541 De
3872 5489 3944 5540 his

2356 5564 2618 5633 loquitur;
2654 5582 2757 5620 non
2787 5566 2854 5621 de
2884 5569 2947 5620 iis
2970 5571 3059 5638 qui
3087 5571 3325 5627 defuncti
3353 5582 3497 5642 sunt,
3526 5578 3620 5631 sed
3644 5578 3713 5633 de
3744 5581 3809 5634 iis
3833 5598 3942 5649 qut-

2357 5654 2452 5709 bus
2478 5659 2778 5711 annuntiat.
2810 5658 2922 5711 Non
2946 5662 3144 5730 exigit,
3182 5664 3383 5732 inquit,
3410 5681 3439 5721 a
3471 5667 3623 5721 vobis
3660 5671 3939 5725 rationem.

2361 5746 2644 5817 .‘ioudixit,
2678 5750 2771 5804 lllc
2794 5751 3067 5821 despexit;
3102 5771 3205 5811 non
3229 5755 3383 5826 dixit,
3411 5758 3502 5815 Ille
3525 5762 3774 5831 permisit
3798 5782 3813 5829 ;
3836 5766 3938 5831 sed,
