4088 6330
472 396 576 448 27:.
1276 386 1333 441 s.
1373 381 1654 440 JOANNIS
1693 376 2181 435 cnanosmm
2220 376 2539 435 ARCIIIEP.
2580 348 3123 435 coxswmmon

534 485 597 563 6;.
633 510 774 579 Ὀρα
790 506 903 567 πῶς
918 502 1114 566 αὐτοὺς
1131 499 1327 568 ἀπάγει
1353 498 1462 551 τῶν
1484 493 1741 566 μερικῶν.
1772 494 1923 547 Διότι
1952 492 2128 557 ἕστη-

467 613 582 650 σεν
606 593 859 663 ἡμέραν,
891 590 1073 660 φησὶν,
1105 588 1174 641 ἐν
1196 581 1237 658 ᾖ
1260 585 1470 655 μέλλει
1513 584 1741 648 κρίνειν
1785 582 1900 645 τὴν
1931 581 2126 632 οἰκου-

464 681 657 753 μένην
707 680 778 732 ἐν
826 676 1199 743 δικαιοσύνῃ.
1237 673 1403 742 Ὅρα·
1466 668 1626 722 πάλιν
1673 667 1773 738 τὴν
1805 665 2125 753 οἰκουμένην

471 744 642 834 εἶπεν,
677 764 817 819 οὕτω
847 764 975 826 τοὺς
1001 760 1320 831 ἀνθρώπους
1353 754 1551 810 καλῶν.
1593 755 1697 808 Ἐν
1722 752 1891 820 ἀνδρί
1918 744 1965 817 ᾧ
1992 750 2118 819 ῶρι-

470 868 603 917 σεν,
653 849 1009 917 ἀναστήσας
1046 846 1232 900 αὑτὸν
1261 845 1328 897 ἐκ
1350 840 1599 910 νεκρῶν.
1633 840 1773 916 Ὅρα
1824 838 1941 900 πῶς
1969 838 2128 891 πάλιν

468 941 529 996 τδ
556 938 724 1001 πάθος
753 936 1039 1005 ἐδήλωσεν,
1070 930 1417 993 ἀναστάσεως
1467 926 1862 999 μνημονεύσας.
1894 925 2017 977 ὐτι
2072 923 2128 976 δέ

468 1026 674 1097 ἀληθὴς
700 1026 733 1094 ἡ
766 1021 964 1094 κρίσις,
1002 1018 1155 1088 δῆλον
1185 1020 1249 1070 ἐκ
1283 1017 1382 1086 τῆς
1422 1016 1796 1097 ἀναστάσεως·
1859 1028 2131 1097 συγκαταέ

470 1095 793 1177 σκευάζεται
831 1112 937 1180 γάρ
962 1125 989 1167 ἠ
1012 1107 1104 1161 καὶ
1132 1107 1213 1159 ὅτι
1248 1104 1422 1158 πάντα
1448 1101 1673 1172 ἀληθεία
1709 1095 1849 1162 εἷπε,
1884 1100 2042 1169 δῆλον
2070 1096 2130 1162 ἐξ

467 1196 543 1254 ῶν
596 1200 815 1268 ἀνέστη.
852 1197 972 1248 Ὅτι
1001 1194 1057 1247 δέ
1105 1193 1199 1247 καὶ
1229 1194 1361 1245 πᾶσι
1388 1190 1592 1260 ταύτην
1640 1190 1893 1260 παρεῖχον
1923 1186 2126 1249 πίστιν,

466 1286 529 1339 τὸ
563 1286 848 1354 ἀναστῆναι
872 1280 1033 1335 αὑτὸν
1060 1281 1124 1333 ἐκ
1147 1278 1376 1349 νεκρῶν,
1429 1279 1522 1331 καὶ
1552 1276 1707 1329 τοῦτο
1738 1275 1922 1329 λοιπὸν
1948 1273 2123 1343 δῆλον.

468 1375 653 1429 Ταῦτα
684 1372 893 1443 εἴρηται
922 1369 1020 1440 μὲν
1063 1369 1197 1440 πρὸς
1234 1366 1546 1435 ’Λθηναίους
1569 1379 1589 1441 ἠ
1624 1365 1810 1435 καιρδν
1838 1362 1881 1415 δ’
1911 1362 1976 1415 ἂν
2017 1361 2127 1431 ἔχοι

469 1465 562 1519 καὶ
594 1462 725 1534 πρὸς
751 1462 898 1532 ἡμᾶς
954 1458 1227 1533 λέγεσθαι,
1263 1459 1343 1511 ὅτι
1406 1456 1610 1518 πάντας
1656 1452 1928 1523 πανταχοῦ
1963 1469 2127 1523 μετα-

468 1554 610 1604 νοεῖν
636 1550 734 1611 δεῖ,
768 1549 849 1600 ὅτι
870 1545 1068 1615 ῶρισεν
1086 1544 1320 1616 ἡμέραν,
1342 1546 1398 1596 ἐν
1486 1542 1665 1613 μέλλει
1693 1541 1900 1613 κρίνειν
1930 1543 2027 1611 τὴν
2048 1542 2127 1592 0!-

468 1637 758 1708 κουμένην.
779 1635 920 1705 Ὅρα
936 1633 1051 1697 πῶς
1073 1634 1164 1686 καὶ
1186 1632 1441 1700 δικαστὴν
1468 1630 1625 1683 αὐτὸν
1644 1629 1869 1698 είσάγει,
1885 1627 1978 1682 καὶ
1996 1645 2129 1699 προ⁴

469 1725 691 1778 νοοῦντα
713 1721 805 1776 τοῦ
818 1722 1021 1791 κόσμου
1044 1720 1135 1771 καὶ
1149 1717 1297 1791 [292]
1317 1717 1691 1788 φιλάνθρωπον
1709 1718 1799 1770 καὶ
1816 1724 2129 1786 συγγνωμο⁴

468 1812 614 1864 νικὸν
640 1810 733 1863 καὶ
760 1807 981 1861 δυνατὸν
1009 1808 1102 1859 καὶ
1124 1804 1307 1874 σοφὸν,
1337 1805 1430 1858 καὶ
1455 1803 1634 1856 πάντα
1656 1802 1841 1867 ἀπλῶς
1858 1804 2129 1873 Δημιουρ-

467 1898 564 1967 γοῦ
594 1897 801 1967 ἔχοντα.
837 1891 1132 1957 Ἀπόδειξιν
1189 1893 1355 1946 ἐδωκε
1392 1892 1485 1946 τοῦ
1536 1892 1835 1962 ἀναστῆναι
1868 1889 2028 1943 αὑτὸν
2066 1891 2131 1943 ἐκ

468 1984 676 2056 νεκρῶν
699 1982 767 2036 τὰ
787 1980 1069 2052 εἰρημένα.
1102 1981 1541 2051 Μετανοὴσωμεν
1570 1992 1594 2019 ι
1628 1974 1718 2031 οῦν
1736 1992 1750 2005 ·
1781 1977 1995 2040 πάντως
2022 1977 2130 2046 γάρ

468 2070 722 2142 κριθῆναι
751 2070 850 2122 δεῖ.
883 2067 943 2121 Εἰ
975 2067 1050 2137 μὴ
1072 2066 1267 2135 ἀνέστη
1309 2067 1337 2117 ό
1387 2065 1641 2137 Χριστὸς,
1693 2065 1752 2117 οὐ
1798 2063 2126 2133 κρινόμεθα·

467 2161 515 2211 εἰ
553 2158 606 2210 δὲ
636 2156 853 2224 ἀνέστη,
888 2153 1103 2211 πάντως
1146 2150 1459 2222 κρινόμεθα.
1520 2153 1625 2215 Εἰς
1654 2150 1827 2205 τοῦτο
1878 2148 1989 2220 γὰρ
2032 2149 2131 2204 καί

467 2242 786 2307 ἀπέθανεν,
836 2242 938 2296 ἵνα
986 2240 1084 2293 καί
1144 2238 1374 2307 νεκρῶν
1425 2237 1522 2292 καί
1559 2238 1785 2299 ζώντων
1817 2238 2128 2306 κυριεύσῃ,

398 2390 417 2408 κ
470 2328 633 2398 φησί·
693 2327 785 2380 καὶ⁵
818 2324 978 2379 πάλιν
1003 2340 1017 2355 ·
1075 2325 1303 2389 Πάντες
1347 2322 1456 2392 γὰρ
1500 2325 2003 2392 παραστησόμεθα
2053 2321 2134 2387 τῷ

463 2414 687 2483 ,βήματι
712 2411 817 2466 τοῦ
844 2410 1122 2480 Χριστοῦ,
1158 2412 1258 2465 ἵνα
1281 2410 1536 2476 ἕκαστος
1584 2410 1899 2479 κομίσηται
1929 2409 2075 2478 πρὸς
2097 2409 2134 2463 ἇ

468 2501 709 2570 ἔπραξε.
744 2500 833 2570 Μὴ
865 2500 928 2569 δὴ
978 2500 1232 2569 νομίσητε
1287 2500 1509 2569 ῥήματα
1563 2498 1721 2567 μόνον
1748 2492 1885 2549 εἶναι
1926 2496 2128 2549 ταῦτα·

473 2588 579 2640 ἰδοὺ
600 2587 707 2643 καὶ
755 2587 841 2639 τὸν
872 2585 999 2656 περὶ
1052 2584 1150 2655 τῆς
1206 2583 1559 2645 ἀναστάσεως
1605 2582 1712 2635 τῶν
1752 2583 1968 2636 πάντων
2016 2582 2132 2635 εἰσ-ο

470 2678 643 2745 ήγαγε
672 2673 853 2741 λόγον·
895 2672 956 2725 οὑ
991 2671 1097 2742 γάρ
1126 2670 1298 2733 ἄλλως
1336 2669 1577 2741 κρίνεται
1612 2670 1646 2739 ἡ
1677 2668 1990 2740 οἰκουμένη.
2022 2668 2134 2721 Καὶ

468 2760 549 2825 τὸ,
600 2759 976 2825 Ἀναστιξσας
1013 2758 1081 2811 δὲ
1118 2758 1303 2810 αὐτὸν
1330 2756 1398 2809 ἐκ
1428 2753 1679 2822 νεκρῶν,
1713 2756 1839 2825 περὶ
1884 2756 2133 2826 σώματός

469 2850 616 2899 ἐστιν
639 2846 923 2917 εἰρημένον
944 2860 955 2872 ·
989 2843 1147 2897 τοῦτο
1182 2842 1289 2913 γάρ
1342 2843 1434 2896 καὶ
1468 2842 1679 2912 νεκρὸν,
1711 2841 1869 2895 τοῦτο
1900 2842 1994 2896 καὶ
2029 2842 2131 2894 πέ-

469 2951 669 2987 πτωκε.
702 2933 858 3002 Παρά
883 2930 1136 3000 Ἕλλησιν
1159 2929 1344 2999 ὥσπερ
1374 2928 1441 2980 τὰ
1466 2927 1564 2997 τῆς
1589 2926 1966 2998 δημιουργίας,
1991 2926 2133 2980 οὕτω

469 3022 561 3075 καὶ
610 3022 676 3073 τά
713 3024 812 3091 τῆς
857 3018 1088 3087 κρίσεως
1119 3015 1411 3070 ἀθετεῖται.
1442 3013 1625 3067 Ταῦτα
1650 3013 1705 3066 δὲ
1735 3013 1937 3067 παίδων
1965 3014 2129 3084 εὑρή-

473 3124 637 3177 ματα,
687 3107 781 3161 καὶ
814 3104 1119 3176 μεθυόντων
1157 3100 1459 3172 ἀνθρώπων
1489 3102 1656 3154 ἐστίν.
1698 3100 1836 3153 Ἀλλ’
1862 3102 2021 3171 ἡμεῖς
2076 3103 2128 3155 οἰ

470 3196 597 3264 περὶ
626 3192 825 3246 τούτων
848 3188 1334 3263 ἀκριϐῶςείδότες,
1364 3187 1690 3258 πράττωμέν
1717 3204 1768 3241 τι
1805 3186 1913 3240 τῶν
1936 3188 2129 3259 χρησί-

474 3299 607 3351 μων,
638 3280 728 3332 καὶ
759 3276 1144 3347 σπουδάξωμεν
1173 3275 1515 3344 οἰκειωθῆναι
1536 3274 1613 3345 τῷ
1643 3274 1882 3345 Χριστῷ.
1907 3276 2083 3347 Μέχρι
2102 3276 2130 3315 δ

468 3369 597 3419 πότε
626 3365 976 3438 ἐχθραίνομεν
1005 3364 1140 3434 πρὸς
1178 3363 1367 3427 αὑτόν;
1406 3364 1567 3432 μέχρι
1597 3364 1725 3416 πότε
1777 3363 1914 3433 πρὸς
1966 3364 2129 3417 αὑτὸν

468 3452 645 3523 ἀηδῶς
676 3452 902 3522 ἐχομενς
930 3448 1019 3520 Μὴ
1044 3451 1269 3518 γένοιτο,
1296 3448 1429 3519 φησί
1450 3463 1463 3477 ·
1498 3448 1551 3501 τί
1580 3448 1749 3515 ταῦτα
1768 3448 1979 3517 λέγεις;
2016 3450 2129 3504 Ούκ

470 3540 767 3609 ἐϐουλόμην
792 3537 962 3590 ταῦτα
1006 3536 1205 3603 λέγειν,
1233 3536 1280 3588 εἰ
1310 3533 1385 3606 μὴ
1405 3534 1583 3589 ταῦτα
1610 3535 1908 3606 ἐπράττετε
1932 3537 2088 3607 ὑμεῖς
2112 3554 2123 3566 ·

469 3632 584 3681 νυνὶ
608 3628 664 3679 δέ
685 3627 735 3679 τί
757 3627 819 3680 τὸ
853 3624 1041 3697 κέρδος
1062 3624 1160 3691 τῆς
1182 3622 1289 3677 τῶν
1318 3624 1492 3690 λόγων
1518 3622 1699 3694 σιγῆς,
1730 3623 1839 3677 τῶν
1876 3625 2129 3695 πραγμά-

468 3732 573 3767 των
600 3712 740 3766 οὕτω
774 3710 1018 3782 βοώντων
1049 3710 1186 3781 μετά
1216 3710 1395 3780 πάσης
1436 3711 1828 3781 περιφανείας
1881 3711 2004 3775 Πῶς
2034 3707 2127 3765 οὖν

468 3802 627 3861 αὑτὸν
672 3801 1006 3871 φιλήσομεν;
1041 3796 1208 3852 Εἶπον
1241 3798 1339 3869 μὲν
1372 3800 1630 3870 μυριάκις
1666 3799 1854 3871 μυρία,
1894 3801 2127 3871 ἐροῦμεν

467 3890 522 3942 δὲ
546 3891 639 3943 καὶ
668 3887 782 3941 νῦν.
816 3886 1028 3959 Τρόπον
1054 3886 1150 3939 ἕνα
1174 3886 1461 3957 εὑρηκέναι
1495 3903 1583 3957 μοι
1607 3886 1769 3953 δοκῶ,
1796 3887 1930 3940 πολὺ
1957 3889 2127 3959 μέγαν

470 3978 563 4031 καὶ
586 3975 894 4047 θαυμαστόν
914 3991 925 4004 ’
960 3973 1096 4046 μετά
1128 3974 1222 4027 τοῦ
1248 3974 1315 4027 τά
1336 3976 1489 4044 κοινῇ
1522 3974 1776 4043 γινόμενα
1818 3976 2126 4044 λογίζεσθαι

472 4064 573 4122 ὑπὸ
592 4063 684 4117 τοῦ
719 4062 852 4116 Θεοῦ
885 4061 1119 4116 τοσαῦτα
1148 4061 1295 4125 ὄντα,
1322 4062 1421 4115 ὅσα
1454 4061 1571 4115 ούδέ
1593 4061 1846 4132 ἀριθμεῖν
1863 4080 1945 4127 τις
1972 4063 2128 4118 δύνα-

468 4169 579 4212 ται,
612 4152 700 4204 καὶ
728 4150 865 4221 ὑπὲρ
906 4148 1110 4202 τούτων
1160 4148 1409 4201 ἁπάντων
1440 4149 1667 4219 χάριτας
1715 4149 1910 4204 εἰδέναι
1956 4149 2123 4220 αὐτῷ,

469 4241 560 4293 καὶ
594 4239 660 4291 τά
693 4238 906 4309 ἑκάστῳ
930 4236 1085 4308 ἡμῶν
1111 4237 1448 4307 γεγενημένα
1476 4236 1744 4315 ἐννοῶμεν
1790 4239 2009 4303 πάντες,
2032 4238 2127 4291 καὶ

471 4326 589 4382 καθ’
645 4324 879 4395 ἑκάστην
947 4322 1395 4394 άναλογιζώμεθα
1453 4324 1550 4395 τήν
1605 4323 1835 4395 ἡμέραν.
1904 4325 2125 4396 Ἐπειδὴ

470 4412 647 4467 τοίνυν
700 4410 941 4480 μεγάλην
994 4408 1106 4480 ἔχει
1164 4410 1262 4481 τὴν
1328 4412 1482 4480 ίσχὺν
1528 4410 1723 4476 ταῦτα,
1776 4411 2005 4474 ἕκαστος
2056 4415 2127 4483 ἡ-

473 4500 589 4571 μῶν
650 4496 1045 4565 άναλογιζέσθω
1103 4498 1229 4567 παρ’
1292 4497 1503 4566 ἐαυτῷ,
1574 4501 1667 4552 καὶ
1738 4499 1874 4569 μετά
1951 4501 2126 4571 ἀκρι-

466 4590 615 4648 ϐείας
640 4585 1002 4659 ἀνερευνάτω,
1038 4586 1092 4637 εί
1126 4602 1255 4637 ποτε
1293 4586 1370 4648 εἰς
1399 4585 1675 4651 κινδύνους
1727 4586 2014 4657 προπεσὼν
2044 4589 2125 4641 δι-

467 4678 634 4745 έφυγε
660 4675 759 4737 τάς
788 4673 895 4727 τῶν
925 4671 1181 4724 ἐναντίων
1209 4674 1413 4743 χεῖρας,
1445 4672 1539 4725 καὶ
1592 4672 1840 4744 καθάπερ
1870 4677 1928 4727 ἐν
1961 4673 2125 4747 βίϐλῳ

466 4765 559 4825 τὰς
587 4760 901 4831 εὐεργεσίας
938 4759 1319 4828 ἀναγράπτους
1350 4758 1519 4829 ἐχέτω
1552 4757 1645 4812 τοῦ
1702 4758 1837 4812 Θεοῦ
1858 4777 1871 4791 ·
1911 4755 2040 4825 οἷον,
2076 4759 2127 4815 εί

466 4866 597 4901 ποτε
624 4845 853 4913 ἐξελθὼν
883 4846 961 4909 εἰς
990 4844 1107 4898 ὁδὸν
1143 4844 1338 4915 ἀωρίᾳ,
1366 4844 1587 4913 διέφυγε
1616 4845 1858 4900 κίνδυνον
1876 4862 1888 4875 ·
1921 4848 1972 4900 εί
1994 4865 2122 4901 ποτε

467 4936 720 5003 πονηροῖς
758 4930 1064 5003 ἀνθρώποις
1113 4929 1421 5001 συμϐαλὼν,
1454 4930 1723 5004 ἀνώτερσς
1756 4934 1932 4987 αὑτῶν
1966 4935 2123 5003 γέγο-

467 5034 582 5073 νεν’
620 5019 821 5071 εἴποτε
851 5016 989 5087 νόσῳ
1018 5015 1345 5085 περιπεσὼν,
1372 5017 1587 5071 πάντων
1612 5019 2003 5087 ἀπεγνωκότων
2031 5022 2123 5074 ἀνα

466 5108 661 5174 ἡνεγκε
687 5120 700 5135 ·
745 5104 887 5175 μέγα
918 5104 1023 5171 γάρ
1047 5101 1201 5167 τοῦτο
1226 5100 1445 5155 δύναται
1475 5105 1607 5173 πρὸς
1636 5105 1698 5157 τὸ
1723 5106 1953 5159 οἰκειοῦν
1977 5109 2121 5177 ἡμᾶς

463 5193 541 5264 τῷ
574 5191 710 5261 Θεῷ.
747 5190 808 5243 Et
837 5189 943 5259 γάρ
973 5188 1036 5257 δὴ
1069 5189 1406 5259 Μαρδοχαῖος
1450 5191 1655 5253 ἐκεῖνος
1708 5191 1780 5244 τά
1838 5192 1929 5245 ὑπ’
1956 5194 2119 5247 αὑτοῦ

464 5279 801 5351 γεγενημένα
843 5276 1021 5345 ἀγαθά
1056 5276 1192 5349 ἔργα
1227 5278 1307 5340 εἰς
1340 5278 1558 5348 μνήμην
1586 5277 1805 5331 ἐλθόντα
1833 5278 1925 5332 τοῦ
1968 5280 2122 5349 βασι·

466 5372 620 5434 λέως,
638 5370 805 5433 οὕτως
828 5369 951 5438 ἔσχε
970 5369 1358 5439 προῖστάμενα,
1383 5369 1457 5433 ὡς
1474 5370 1635 5424 πάλιν
1659 5371 1750 5423 ἐπὶ
1769 5369 2121 5445 τὴνλαμπρό-

464 5474 600 5526 τητα
630 5457 840 5525 ἐκείνην
873 5456 1046 5509 ἐλθεῖν
1066 5470 1079 5485 ·
1112 5454 1289 5525 πολλῷ
1323 5456 1518 5525 μᾶλλον
1556 5459 1736 5527 ἡμεῖς,
1789 5458 1855 5511 ἂν
1880 5460 2105 5530 ἀναμνη-

3794 372 3921 457 ετι

2236 508 2406 561 ριστοι
2437 492 2691 564 ἐσόμεθα,
2728 493 2820 546 καὶ
2872 494 3047 548 πάντα
3108 490 3475 563 προησόμεθα.
3532 488 3672 543 Ἀλλ’
3723 490 3903 551 οὐδεὶς

2231 579 2434 632 τούτων
2485 579 2692 643 οὐδενὸς
2758 582 2990 633 ποιεῖται
3031 579 3250 650 μνήμην
3277 594 3291 608 ·
3338 578 3452 630 ἀλλ’
3509 578 3701 647 ῶσπερ
3768 578 3902 645 περὶ

2230 666 2642 737 ἁμαρτημάτων
2690 666 2939 737 λέγομεν,
2971 667 3054 719 ὅτι
3101 664 3409 735 ἁμαρτωλοί
3459 666 3646 733 ἐσμεν,
3679 665 3739 716 οὑ
3778 662 3902 715 κατ’

2230 748 2367 816 εἶδος
2394 753 2531 806 αύτά
2563 753 2927 818 ἐξετάζοντες,
2953 751 3096 807 οὓτω
3138 753 3233 805 καὶ
3262 768 3389 823 περι
3424 752 3533 804 τῶν
3567 750 3901 822 εὐεργεσιῶν

2226 840 2320 895 τοῦ
2339 839 2492 902 Θεοῦ,
2509 840 2589 893 ὅτι
2609 840 2976 910 εὐηργέτησεν
3000 841 3164 911 ἡμᾶς,
3185 839 3453 908 λέγοντες,
3473 839 3666 904 ὀΘεδς,
3685 840 3745 891 ού
3770 840 3901 891 κατ’

2229 925 2367 992 εἶδος
2385 929 2524 983 αύτά
2546 928 2893 996 ἐξετάζομεν,
2918 928 2980 979 οὐ
3007 928 3255 998 λέγομεν,
3283 926 3387 980 ποῦ
3430 928 3522 980 καὶ
3551 926 3691 979 πόσα
3720 926 3815 977 καὶ
3838 927 3902 975 ὲν

2229 1017 2365 1088 ποίῳ
2404 1016 2595 1087 καιρῷ.
2631 1014 2767 1068 Ἀλλ’
2800 1015 2907 1067 ἀπὸ
2936 1014 3028 1067 τοῦ
3056 1015 3151 1067 νῦν
3184 1015 3383 1085 πολλὴν
3417 1012 3768 1084 ποιησώμεθα
3795 1012 3901 1080 τὴν

2228 1104 2532 1175 ἀκρίϐειαν.
2551 1107 2615 1162 El
2633 1105 2730 1176 μὲν
2747 1105 2853 1175 γάρ
2871 1120 2952 1166 τις
2963 1102 3139 1157 καὶ.τά
3154 1102 3321 1156 πάλαι
3337 1102 3623 1155 ἀναλαϐεῖν
3643 1100 3899 1161 δύναται,

2235 1191 2416 1245 πάντα
2440 1192 2841 1262 ἀναλογιζέσθω
2860 1193 3009 1267 [295]
3042 1191 3303 1261 ἀκριϐῶς,
3327 1189 3401 1252 ὡς
3437 1188 3608 1257 μέγαν
3643 1187 3900 1256 εὑρήσων

2230 1278 2519 1351 θησαυρόν.
2549 1281 2717 1334 Τοῦτο
2737 1280 2829 1335 καὶ
2856 1282 2991 1352 πρὶς
3024 1280 3083 1333 τὸ
3110 1279 3183 1350 μὴ
3205 1276 3597 1346 ἀπογινώσκειν
3624 1276 3901 1346 χρήσιμον

2227 1362 2380 1430 ἡμῖν.
2412 1362 2576 1417 Ὅταν
2608 1363 2717 1433 γάρ
2758 1364 2978 1435 ἴδωμεν,
3007 1363 3087 1417 ὅτι
3124 1361 3365 1433 προέστη
3423 1358 3681 1422 πολλάκις
3713 1359 3900 1429 ἡμῶν,

2229 1448 2327 1501 οὑκ
2366 1448 2794 1519 ἀπογνωσόμεθα
2851 1450 2971 1503 οὑδὲ
3004 1447 3320 1521 ἡγησόμεθα
3354 1446 3691 1518 ἀπεβρῖςρθαι
3715 1464 3733 1479 ·
3782 1446 3902 1501 ἀλλ’

2229 1534 2481 1606 ἐνέχυρον
2520 1535 2684 1588 αὑτοῦ
2720 1535 2862 1605 μέγα
2889 1535 3169 1605 ληψόμεθα
3193 1535 3292 1605 τῆς
3321 1536 3449 1605 περί
3475 1533 3632 1604 ήμῶν
3664 1534 3903 1605 κηδεμο-

2230 1620 2368 1686 νίας,
2393 1624 2520 1675 ὂταν
2553 1624 2914 1694 ἐννοήσωμεν,
2944 1623 3026 1676 ὃτι
3060 1622 3396 1693 ἁμαρτόντες
3420 1621 3483 1674 οὐ
3534 1621 3901 1693 κολαζόμευα,

2231 1708 2365 1762 ἀλλά
2398 1710 2493 1767 καὶ
2520 1711 2853 1779 προστασίας
2879 1710 3244 1781 ἀπολαύομεν.

2302 1802 2363 1847 ε’.
2386 1797 2538 1849 Εἴπω
2557 1796 2619 1867 δή
2650 1814 2701 1850 τι
2732 1796 2905 1867 κάγὼ,
2930 1798 3067 1868 ὅπερ
3095 1798 3308 1869 ἀκήκοα
3330 1798 3480 1868 παρά
3503 1814 3665 1860 τινος·
3700 1797 3904 1865 Γέγονέ

2233 1883 2334 1935 πού
2364 1900 2447 1947 τις
2479 1886 2630 1949 παῖς,
2671 1885 2766 1938 καί
2819 1902 2949 1938 ποτε
2984 1884 3182 1954 συνέϐη
3232 1885 3395 1937 αὐτὸν
3448 1881 3587 1937 εἶναι
3633 1889 3692 1937 ἐν
3740 1883 3906 1954 ἀγρῷ

2234 1972 2373 2040 μετά
2404 1971 2502 2040 τῆς
2532 1972 2756 2041 μητρὸς,
2782 1972 2936 2026 οῦπω
2958 1971 3447 2041 πεντεκαιδεκαέτη
3462 1974 3745 2039 γεγονότα.
3762 1974 3903 2026 Τότε

2230 2057 2293 2128 δὴ
2328 2057 2564 2127 χαλεποῦ
2598 2076 2743 2121 τινος
2773 2059 2935 2129 ἀέρος
2976 2058 3301 2129 συμϐάντος,
3348 2060 3576 2130 πυρετὸς
3628 2060 3907 2114 ἐπέπεσεν

2231 2144 2564 2216 ἀμφοτέροις
2584 2162 2597 2176 °
2625 2147 2717 2199 καὶ
2754 2146 2862 2218 γάρ
2918 2146 2980 2199 τὸ
3018 2147 3336 2218 μετόπωρον
3362 2143 3453 2217 ἦν.
3482 2148 3614 2201 Τότε
3638 2147 3701 2218 δὴ
3734 2151 3767 2217 ἡ
3800 2150 3905 2217 μὲν

2237 2234 2418 2302 μήτηρ
2474 2233 2707 2301 ἔφθασεν
2753 2234 3016 2287 εἰσελθεῖν
3062 2236 3156 2287 ἐπὶ
3196 2234 3297 2304 τῆς
3323 2234 3533 2297 πόλεως
3555 2252 3568 2265 ·
3604 2236 3631 2287 ὁ
3658 2234 3713 2287 δὲ
3744 2238 3905 2299 παῖς,

2233 2321 2341 2373 τῶν
2377 2321 2574 2392 ἰατρῶν
2609 2323 2723 2375 ἐκεῖ
2776 2322 3104 2377 κελευόντων
3150 2324 3352 2393 μένειν,
3388 2325 3482 2377 καὶ
3530 2324 3625 2379 τοῦ
3658 2325 3906 2396 πυρετοῦ

2235 2408 2503 2470 καίοντος,
2556 2407 3001 2480 ἀνακογχυλίζειν
3061 2410 3264 2480 ἡρξατο
3322 2410 3481 2482 δῆθεν
3552 2411 3905 2480 φιλοσοφῶν,

2236 2494 2437 2565 μᾶλλον
2474 2495 2533 2548 τὸ
2568 2495 2680 2566 πῦρ
2710 2496 2992 2550 σϐεννύναι
3018 2498 3284 2564 οἰόμενος,
3308 2501 3354 2552 εί
3378 2498 3500 2568 μηδ’
3515 2499 3693 2552 ὁτιοῦν
3719 2499 3906 2557 λάϐοι.

2234 2581 2365 2634 "At;
2392 2581 2454 2651 δὴ
2479 2578 2571 2635 οῦν
2589 2586 2734 2646 παῖς,
2756 2583 2860 2635 ὑπὸ
2885 2583 3213 2651 φιλονεικίας
3238 2585 3468 2656 ἀκαίρου
3482 2586 3542 2639 οὑ
3560 2588 3906 2659 προσήκατο.

2246 2669 2331 2731 Ὠς
2360 2670 2417 2723 δὲ
2448 2670 2621 2739 ἐπέϐη
2641 2672 2739 2739 τῆς
2764 2672 2994 2738 πόλεως,
3023 2671 3238 2743 παρέθη
3279 2673 3347 2725 τά
3371 2676 3470 2743 τῆς
3499 2673 3768 2745 γλώττης,
3805 2677 3910 2729 καὶ⁵

2235 2757 2429 2820 ᾶλαλος
2449 2752 2515 2828 ἦν
2552 2760 2643 2810 ἐπὶ
2672 2757 2829 2822 πολὺ,
2861 2759 3011 2811 οὐδὲν
3042 2758 3305 2829 ἔναρθρον
3334 2760 3724 2831 φθεγγόμενος·
3762 2762 3910 2817 ἀλλά

2234 2844 2564 2911 ἀνεγίνωσκε
2604 2844 2722 2913 μὲν,
2748 2846 2839 2897 καὶ
2864 2845 2941 2908 είς
2986 2845 3335 2909 διδασκάλους
3382 2848 3572 2915 ἐφοίτα
3610 2849 3704 2901 ἐπὶ
3732 2850 3910 2903 πολὺν

2235 2933 2445 2999 χρόνον,
2481 2931 2669 2995 ἁπλῶς
2689 2932 2744 2984 δὲ
2777 2933 2868 2984 καὶ
2914 2932 3123 3001 ἄσημα.
3167 2934 3349 2987 Πάντα
3392 2929 3484 2988 οῦν
3520 2935 3669 3007 αὐτῷ
3703 2937 3774 2991 τά
3803 2939 3911 3008 τῆς

2232 3017 2446 3081 ἐλπίδος
2480 3018 2802 3082 ἐκκέκοπτο,
2835 3020 2927 3072 καὶ
2962 3019 3152 3089 ὀδύνης
3177 3016 3245 3090 ἦν
3280 3023 3311 3091 ἡ
3340 3023 3523 3092 μήτηρ
3561 3025 3731 3095 μεστή
3755 3042 3769 3057 ’
3808 3028 3912 3079 καὶ

2235 3104 2407 3157 πολλὰ
2460 3105 2557 3174 μὲν
2600 3106 2911 3177 ἐπενόησαν
2970 3107 3167 3177 ἰατροὶ,
3202 3106 3372 3161 πολλά
3415 3109 3472 3161 δέ
3521 3110 3655 3163 ἄλλα
3688 3111 3907 3174 πολλοὶ.

2235 3185 2384 3255 ἴσχυε
2418 3186 2473 3239 δὲ
2497 3188 2691 3251 οὐδεὶς,
2718 3189 2822 3251 ἐως
2854 3190 2941 3241 ὅτε
2970 3192 2997 3241 ὁ
3022 3190 3401 3261 φιλάνθρωπος
3426 3191 3560 3258 Θεὸς
3592 3195 3787 3248 ἰάσατο
3807 3195 3908 3248 τὸν

2229 3270 2328 3338 τῆς
2380 3270 2627 3342 γλώττης
2673 3272 2892 3342 δεσμὸν,
2948 3275 3042 3327 καὶ
3071 3273 3193 3326 τότε
3226 3276 3517 3345 ἀνήνεγκε,
3548 3278 3642 3331 καὶ
3692 3280 3776 3342 είς
3803 3279 3907 3351 τὴν

2230 3358 2502 3429 προτέραν
2534 3360 2884 3429 ἐπανήγαγεν
2909 3359 3419 3429 εὑγλωττίαναὺτὸν
3452 3363 3542 3417 καὶ
3569 3366 3906 3435 τρανότητα.

2229 3446 2535 3515 Διηγήσατο
2556 3444 2613 3499 δὲ
2643 3444 2807 3500 αὑτοῦ
2850 3448 2884 3518 ἡ
2917 3449 3120 3519 μήτηρ,
3153 3449 3245 3500 καὶ
3265 3449 3347 3502 δτι
3373 3449 3437 3519 δὴ
3470 3451 3565 3505 καὶ
3594 3452 3807 3505 παιδίον
3846 3454 3910 3507 ὃν

2230 3534 2433 3605 σφόδρα
2456 3534 2671 3605 μικρὸν,
2705 3535 2835 3606 περὶ
2855 3534 2953 3606 τὴν
2987 3538 3110 3606 ῥῖνα
3162 3536 3332 3601 πάθος
3370 3538 3550 3608 ἔσχεν,
3596 3539 3625 3593 ὃ
3673 3540 3909 3596 καλοῦσι

2229 3621 2534 3675 πολύπουν·
2558 3621 2654 3675 καὶ
2682 3622 2841 3675 πάλιν
2902 3622 3077 3692 ἰατροὶ
3125 3624 3560 3693 ἀπεγνώκεισαν,
3593 3629 3686 3681 καὶ
3711 3629 3909 3685 τελευ-

2226 3708 2392 3778 τῆσαι
2416 3708 2617 3779 ηὔχετο
2644 3711 2677 3779 ἡ
2706 3710 2906 3781 μήτηρ,
2936 3710 3030 3763 καὶ
3059 3712 3087 3763 ὁ
3109 3711 3290 3783 πατὴρ
3315 3712 3467 3781 αὐτῷ
3500 3718 3909 3787 κατηρᾶτο(ετι

2226 3796 2335 3868 γάρ
2365 3796 2523 3867 ἔτυχε
2547 3797 2702 3867 ζῶν),
2733 3800 2827 3851 καὶ
2846 3798 3007 3851 πάλιν
3032 3798 3207 3851 πάντα
3260 3801 3319 3852 ἐν
3367 3800 3573 3872 ἀπορία
3613 3799 3701 3874 ἦν.
3756 3806 3818 3859 '0
3845 3808 3908 3862 δὲ

2230 3884 2431 3949 εὐθέως
2457 3884 2647 3955 βήξας,
2682 3885 2789 3937 ἀπὸ
2817 3886 3102 3955 μύγματος
3132 3886 3194 3939 τὸ
3219 3886 3406 3958 θηρίον
3438 3890 3623 3944 ἐκεῖνο
3646 3895 3713 3963 τῇ
3747 3895 3906 3969 ῥύμῃ

2226 3972 2322 4026 τοῦ
2356 3972 2661 4043 πνεύματος
2682 3972 2912 4037 ἐξέωσεν
2942 3974 3051 4028 ἀπὸ
3070 3974 3179 4027 τῶν
3217 3975 3405 4046 ῥινῶν,
3434 3980 3528 4032 καὶ
3570 3980 3751 4036 πάντα
3812 3985 3907 4038 λέ-

2226 4061 2355 4115 λυτο
2378 4061 2447 4115 τὰ
2472 4061 2642 4115 δεινά.
2665 4062 2867 4115 Τούτου
2899 4061 2956 4114 δέ
2988 4062 3327 4129 σϐεσθέντος,
3362 4065 3541 4137 ῥεῦμα
3587 4069 3732 4122 κατά
3789 4072 3906 4127 τῶν

2227 4146 2524 4218 ὀφθαλμῶν
2552 4147 2717 4219 δριμὺ
2748 4148 2842 4202 καὶ
2877 4148 3133 4219 γλίσχρον
3181 4150 3438 4221 ἐπιρρέον
3485 4152 3595 4215 ἀεὶ,
3624 4157 3907 4223 τοσαύτας

2228 4235 2403 4289 ἐποίει
2429 4235 2529 4300 τάς
2562 4237 2743 4307 λήμας
2769 4236 2863 4290 καὶ
2884 4236 3027 4290 οὑτω
3066 4237 3319 4307 παχείας,
3351 4239 3427 4301 ώς
3468 4240 3589 4293 ἀντὶ
3623 4241 3909 4315 διαφράγ-

2228 4340 2398 4393 ματος
2421 4323 2674 4391 γενέσθαι
2696 4326 2764 4393 τῇ
2790 4324 2951 4393 κόρη,
2976 4323 3347 4389 καὶτὸδεινὸν,
3368 4326 3615 4397 πήρωσιν
3637 4331 3902 4404 ἐμελέτα,

2226 4413 2323 4466 καὶ
2352 4410 2553 4473 πάντες
2580 4409 2765 4477 ελεγον
2791 4409 2949 4462 τοῦτο
2965 4409 3364 4482 συμϐήσεσθαι.
3397 4414 3558 4469 Ἀλλά
3580 4418 3677 4471 καὶ
3698 4423 3904 4479 τούτου

2228 4500 2410 4571 χάριτι
2437 4509 2460 4537 ε
2496 4496 2590 4550 τοῦ
2621 4496 2755 4550 Θεοῦ
2782 4497 2997 4568 ταχέως
3028 4497 3321 4569 ἀπηλλάγη
3360 4501 3453 4554 τοῦ
3486 4501 3712 4569 πάθους,

2298 4587 2407 4640 Καὶ
2435 4585 2605 4653 ταῦτα
2636 4584 2735 4655 μὲν
2773 4583 2917 4653 άπερ
2950 4584 3180 4654 ἡκουσα·
3216 4584 3253 4640 ἃ
3290 4586 3347 4639 δὲ
3374 4587 3536 4653 αὐτὸς
3563 4590 3899 4667 ἐπίσταμαι,

2228 4674 2337 4746 ἐρῶ
2369 4674 2505 4747 πρὸς
2528 4674 2691 4743 ὑμᾶς·
2739 4672 2995 4743 Ἐκινὴθη
3026 4672 3157 4726 ποτὶ
3184 4673 3464 4746 τυράννων
3502 4677 3707 4748 ὑποψία
3738 4684 3801 4738 ἐν
3829 4688 3900 4757 τῇ

2224 4764 2460 4834 πόλειτῇ
2508 4760 2752 4832 ἡμετέρα
2813 4760 2957 4831 (τότε
3000 4759 3057 4812 δὲ
3084 4826 3085 4829 η
3113 4759 3194 4813 ἐτι
3251 4763 3536 4834 μειράκιον
3572 4766 3770 4838 ἡμην)·
3800 4775 3902 4826 καὶ

2224 4854 2439 4907 πάντων
2456 4851 2654 4915 ἔξωθεν
2676 4850 2775 4920 τὴν
2804 4848 2957 4901 πόλιν
2974 4849 3454 4921 παρακαθημένων
3471 4852 3582 4907 τῶν
3626 4872 3901 4927 στρατιω-
3924 4901 3929 4907 .

2222 4942 2352 5005 τῶν,
2380 4939 2539 5007 τυχὸν
2562 4938 2851 4999 ἀπλάστως
2891 4935 3072 5005 βιϐλία
3094 4935 3318 5007 ἐζήτουν
3374 4941 3611 5011 γοητικά
3656 4948 3753 4998 καὶ
3793 4965 3900 5016 μα-

2224 5030 2373 5094 γικά,
2414 5025 2522 5078 Καὶ
2550 5026 2577 5076 ὁ
2609 5024 2826 5094 γράψας
2850 5022 2912 5075 τὸ
2946 5022 3172 5093 βιϐλίον,
3205 5025 3367 5095 ῥίψας
3396 5027 3899 5089 ἀκατασκεύαστον

2224 5115 2302 5175 είς
2323 5112 2585 5181 ποταμὸν,
2617 5109 2779 5171 ἑάλω,
2810 5108 2903 5161 καὶ
2925 5108 3326 5180 ἀπαιτούμενος
3374 5112 3475 5167 οὑκ
3525 5108 3639 5185 εἷχε
3672 5116 3893 5189 δοῦναι,

2222 5201 2358 5254 ἀλλά
2380 5200 2675 5271 περιήγετο
2699 5195 2798 5267 τὴν
2846 5196 3002 5249 πόλιν
3050 5196 3268 5252 ἃπασαν
3304 5198 3544 5271 δέσμιος·
3570 5202 3646 5267 ὼς
3688 5205 3748 5258 δὲ
3777 5208 3899 5264 τῶν

2221 5290 2455 5359 ἐλέγχων
2482 5283 2899 5353 ἐπιτεινομένων
2920 5284 3117 5339 δέδωκε
3140 5286 3319 5357 δίκην,
3352 5288 3474 5341 τότε
3500 5288 3611 5357 ἐγὼ
3640 5293 3719 5356 εἰς
3740 5312 3899 5368 μαρ-

2219 5375 2401 5447 τύριον
2434 5374 2655 5427 ἀπιέναι
2688 5370 3026 5441 βουλόμενος,
3073 5374 3331 5444 ἐπανῄειν
3387 5375 3476 5429 διά
3526 5378 3637 5430 τῶν
3690 5382 3897 5453 κήπων

2222 5464 2371 5535 παρά
2397 5462 2644 5531 ποταμὸν
2675 5459 2813 5531 μετά
2843 5462 2935 5515 καὶ
2974 5462 3161 5532 ἐτέρου
3200 5464 3366 5527 τινός.
3412 5464 3558 5521 Ἰδὼν
3586 5467 3643 5522 δὲ
3674 5471 3895 5539 ἐκεῖνος

465 5546 699 5615 σθῶμεν,
735 5546 826 5597 καὶ
852 5544 945 5597 δύο
971 5545 1174 5598 τούτων
1207 5544 1408 5614 ἀκριϐῆ
1451 5546 1807 5618 ποιησώμεθα
1863 5548 2111 5613 ἐξέτασιν
2216 5554 2277 5606 τὸ
2303 5551 2505 5621 βιϐλίον
2531 5550 2642 5602 ἄνω
2663 5548 2937 5614 ἐπιπλέον,
2961 5549 3022 5601 τὸ
3043 5550 3140 5617 μὲν
3168 5550 3384 5621 πρῶτον
3414 5553 3664 5625 ἐνόμιζεν
3690 5558 3895 5632 ὀθόνην

460 5634 569 5687 τῶν
597 5634 953 5704 πραγμάτων,
988 5633 1041 5686 τί
1077 5634 1173 5703 μὲν
1204 5633 1520 5705 ἡμάρτομεν
1557 5637 1713 5704 ἡμεῖς
1758 5640 1836 5701 είς
1884 5637 2035 5704 Θεὸν,
2068 5639 2118 5691 τί

460 5729 515 5783 δὲ
548 5727 707 5790 α’)τδῖ
734 5726 812 5789 είς
845 5726 991 5796 ἡμᾶς
1035 5724 1235 5793 ἀγαθὸν
1264 5727 1583 5798 εἴργασται·
1640 5728 1781 5782 οὖτω
1824 5730 1916 5782 καὶ
1953 5731 2116 5800 εὐχά-

520 5927 535 5950 ⁸
559 5930 661 5977 Duo
683 5929 841 5983 codd..
868 5925 1165 5991 Δημιουργοῦ
1190 5929 1327 5990 ἔχειν.
1358 5932 1612 5981 Τοντὲττιν
1639 5931 1867 5988 infe-.33.?
1890 5934 2037 5982 Limn
2063 5949 2113 5981 το

462 5991 710 6048 ἀναστῆναι
734 5991 872 6039 αὑτὸν
893 5991 944 6039 ἐκ
967 5992 1159 6054 νεκρῶν.
1187 5992 1361 6042 Mem».

2218 5636 2373 5701 εἶναι,
2400 5637 2688 5706 γενόμενος
2718 5636 2773 5689 δὲ
2791 5637 2979 5704 ἐγγὺς,
3003 5635 3143 5703 ἔγνω
3164 5638 3245 5691 ὃτι
3276 5638 3478 5708 βιϐλίον
3495 5640 3646 5714 [294]
3678 5638 3770 5712 ἦν,
3797 5650 3894 5702 καὶ

2220 5728 2461 5789 καταϐὰς
2495 5724 2753 5777 ἀνείλετο.
2788 5723 2930 5790 Ἐγὼ
2980 5724 3035 5777 δὲ
3072 5725 3461 5793 ἐφιλονείκρυν,
3506 5726 3646 5783 ὥστε
3700 5734 3897 5805 κοινήν

2286 5921 2309 5957 ¹’
2336 5926 2461 5991 idem
2484 5921 2741 5984 χρησίμων·
2773 5924 3086 5988 σ’κιιωθοκμεν
3112 5926 3175 5989 τῷ
3205 5926 3327 5991 (λι-ξι.
3351 5930 3391 5976 ‘3
3411 5927 3495 5991 ’χῖι
3589 5933 3608 5959 τ
3632 5932 3777 5981 ,ἀξίω
3798 5949 3879 5983 καί

2227 6005 2327 6039 tot:
2356 5990 2528 6047 [κάς-τι.
