4084 6332
202 348 308 402 ‘27}

204 461 308 517 Vos
337 459 649 530 ignorastis.
682 459 973 530 Dcspexit;
1024 457 1074 512 id
1123 466 1238 523 est,
1271 472 1377 512 non
1421 458 1587 528 exigit
1623 472 1808 527 poenas

201 553 350 625 quasi
373 566 405 606 a
433 552 704 621 supplicio
730 552 925 621 dignis.
952 550 1264 621 ignorastis.
1290 551 1400 605 Nec
1426 550 1578 615 dicit,
1603 549 1808 621 Sponte

202 643 340 699 male
369 643 593 712 egistis;
626 642 721 696 sed
755 641 856 694 hoc
886 656 982 709 per
1011 641 1293 710 superiora
1334 642 1687 708 monstravit,
1741 640 1808 696 Ut

201 741 378 810 ubique
404 741 754 811 pcnitcntiam
785 748 971 810 agant,
1017 736 1225 793 dicens.
1270 734 1368 790 llic
1405 742 1574 789 totum
1617 733 1803 789 orbem

203 834 511 889 insinuavit.

272 926 319 981 1.
364 925 502 980 Vide
528 923 801 995 quomodo
838 923 960 978 illos
987 922 1217 976 abducat
1257 935 1288 975 a
1331 919 1639 990 pluralitate
1674 919 1805 974 deo-

199 1033 333 1070 rum.
370 1016 510 1083 Quia
538 1017 714 1070 statuit
745 1016 876 1069 diem
897 1057 910 1080 ,
938 1014 1131 1085 inquit.
1161 1016 1217 1067 in
1241 1008 1343 1082 qua
1365 1012 1700 1083 judicaturus
1726 1021 1799 1065 est

198 1108 361 1163 orbem
407 1109 462 1161 in
505 1110 758 1178 wquitate.
800 1107 932 1162 Vide
962 1121 1152 1160 rursus
1181 1105 1366 1160 orbem
1395 1104 1561 1170 dicit,
1595 1104 1672 1159 sic
1699 1103 1798 1157 ho-

197 1203 364 1257 mines
388 1216 614 1256 voeans.
645 1199 710 1255 In
740 1201 847 1255 riro
885 1201 939 1254 in
968 1215 1065 1266 quo
1092 1199 1301 1262 statuit,
1335 1198 1588 1251 suscitans
1627 1213 1739 1250 eum
1769 1214 1800 1249 (ι

198 1296 420 1350 mortuis.
443 1293 584 1349 Vide
615 1293 885 1362 quomodo
914 1295 1106 1348 iterum
1138 1292 1442 1361 passionem
1482 1290 1796 1345 manifesta-

197 1388 294 1449 vit,
324 1386 783 1441 resurrectionem
835 1397 1159 1439 memorans.
1193 1383 1346 1450 Quod
1387 1393 1565 1435 autem
1607 1397 1794 1437 verum

195 1482 253 1534 sit
285 1479 571 1550 judicium,
604 1480 777 1550 palam
810 1488 894 1534 est
932 1495 996 1535 ex
1032 1477 1470 1543 resurrectione;
1502 1476 1627 1530 inde
1649 1477 1792 1530 enim

195 1571 243 1625 id
264 1573 513 1641 arguitur
535 1589 547 1626 :
569 1582 623 1627 ct
644 1572 785 1642 quod
810 1571 988 1626 omnia
1007 1586 1130 1624 vera
1157 1568 1485 1639 sint,inqnit,
1515 1568 1689 1637 palam
1713 1577 1797 1622 est

194 1679 254 1718 cx
299 1679 364 1718 co
410 1664 559 1734 quod
599 1663 957 1718 resurrexerit
1005 1681 1018 1716 :
1063 1661 1315 1732 quodque
1359 1661 1613 1716 onmibus
1653 1659 1793 1714 hanc

195 1756 515 1824 pnehuerint
546 1756 704 1811 fidem
735 1798 748 1820 ,
775 1755 916 1826 quod
944 1755 1303 1812 resurrexerit
1347 1770 1414 1809 ex
1459 1754 1708 1820 mortuis,
1738 1765 1793 1809 et

195 1852 286 1902 hoc
312 1849 550 1919 denique
595 1849 937 1904 manifestum
980 1857 1083 1904 cst.
1119 1849 1243 1903 llirc
1283 1848 1424 1903 dicta
1474 1857 1600 1902 sunt
1626 1850 1791 1904 Athe-

193 1940 498 2005 niensibus;
550 1949 606 1996 et
636 1950 940 2010 Opportune
973 1941 1126 1996 nobis
1157 1941 1320 1994 etiam
1354 1940 1622 2005 dicantur,
1668 1955 1789 1994 om-

192 2030 339 2084 nilms
366 2030 566 2099 ubique
589 2030 850 2101 agendam
885 2031 1257 2100 paenitentiam
1298 2045 1454 2095 esse,
1488 2030 1610 2100 quia
1651 2031 1786 2085 deli—

195 2124 315 2176 nivit
340 2123 486 2179 diem
519 2125 572 2178 in
605 2140 712 2195 quo
735 2124 1076 2195 jodicaturus
1107 2133 1188 2180 est
1215 2125 1423 2180 orbem.
1458 2124 1592 2180 Vide
1622 2126 1784 2180 etiam

192 2216 452 2282 quomodo
477 2216 627 2270 illiilli
653 2216 892 2285 judicent
927 2217 1163 2280 inducat,
1194 2227 1247 2272 ct
1277 2217 1462 2273 mundi
1493 2218 1785 2287 providen-

193 2314 308 2357 t.ain
337 2307 648 2370 habentem,
681 2307 990 2377 benignum,
1023 2308 1452 2372 misericordem,
1484 2317 1783 2377 potentem,

190 2396 505 2463 sapientem,
562 2398 852 2468 omniaque
899 2414 1122 2467 prorsus
1168 2413 1289 2468 qure
1334 2406 1460 2453 sunt
1508 2399 1787 2456 Creatoris

191 2486 487 2544 habentem.
517 2487 993 2547 Conﬁrmationem
1035 2491 1381 2563 praebuerunt
1405 2492 1567 2557 dicta,
1599 2511 1722 2548 eum
1754 2510 1781 2547 a

191 2583 407 2638 mortuis
460 2583 857 2640 resurrexisse.
893 2585 1270 2640 Paenitentiam
1327 2601 1459 2658 ergo
1501 2603 1724 2656 agamus
1769 2608 1782 2643 :

190 2676 398 2729 omnino
421 2677 567 2730 enim
588 2676 819 2746 judicari
839 2686 1074 2749 oportet.
1093 2678 1150 2733 Si
1175 2693 1282 2733 non
1306 2681 1602 2735 resurrexit
1629 2679 1785 2734 Chri-

191 2774 315 2833 stus,
343 2783 450 2822 nou
477 2767 824 2837 judicanmr;
874 2770 919 2824 si
951 2771 1274 2836 resurrexit,
1319 2773 1538 2826 omnino
1575 2773 1776 2841 judica-

191 2873 322 2913 tnur.
349 2859 416 2914 In
443 2860 540 2915 Itoc
571 2862 705 2915 enim
731 2872 775 2917 et
805 2872 1033 2917 mortuus
1061 2873 1163 2929 est,
1195 2875 1248 2918 ut
1270 2874 1316 2918 et
1338 2865 1461 2918 vivis
1488 2875 1534 2918 et
1574 2867 1784 2921 mortuis

191 2951 386 3021 imperet
408 2952 590 3020 (Rom.
620 2954 707 3009 H.
736 2953 816 3025 9),
849 2955 1049 3024 inquit;
1080 2966 1134 3010 et
1156 2971 1369 3010 rursum
1397 2975 1408 3009 :
1438 2955 1624 3012 Omnes
1649 2963 1784 3013 enim

191 3042 490 3099 tta'stubimus
517 3053 638 3099 ante
660 3045 884 3099 tribunal
905 3045 1116 3110 Christi,
1141 3057 1196 3100 ut
1222 3049 1569 3119 unusquisque
1596 3051 1784 3120 referat

191 3133 453 3186 secundum
480 3151 540 3188 ea
567 3150 681 3206 quia
705 3137 823 3206 fecit
857 3135 1017 3206 (Ibid.
1042 3152 1090 3190 υ.
1123 3137 1213 3192 10.
1252 3152 1306 3192 ct
1331 3138 1386 3192 Ξ.
1409 3137 1525 3193 Cor.
1579 3141 1632 3195 5.
1665 3141 1778 3211 10).

192 3220 259 3276 Nc
284 3225 474 3292 putetis
506 3225 624 3280 [nec
666 3226 828 3280 verba
876 3227 1049 3282 solum
1082 3242 1203 3284 esse
1237 3243 1402 3285 :ecce
1445 3238 1497 3284 ct
1545 3245 1784 3288 resurre-

190 3314 411 3370 ctionem
439 3317 683 3371 omnium
713 3319 1030 3372 memoravit
1054 3335 1070 3384 ;
1101 3334 1275 3389 neque
1302 3321 1442 3374 enim
1462 3323 1781 3392 aliterjudi-

191 3415 331 3461 catur
364 3408 532 3462 orbis.
568 3408 744 3464 Etiam
777 3409 937 3476 illud,
997 3410 1265 3466 Suscitans
1308 3401 1421 3465 euut
1460 3429 1492 3466 a
1534 3417 1779 3483 mortuis,

191 3497 251 3551 de
277 3514 502 3570 corpore
536 3501 737 3556 dictum
766 3511 849 3557 est
880 3520 894 3557 :
928 3503 1103 3572 ipsum
1136 3505 1282 3559 enim
1315 3515 1584 3561 mortuum
1627 3520 1779 3576 erat,

193 3590 287 3645 hoc
325 3593 616 3648 ceciderat.
653 3594 810 3664 Apud
839 3595 1066 3665 gentiles
1090 3639 1106 3663 ,
1151 3598 1289 3653 sicut
1327 3600 1567 3666 creatio,
1616 3601 1686 3656 ita
1729 3611 1784 3658 et

193 3679 432 3748 judicium
478 3688 865 3741 contemnitur.
912 3688 1038 3744 llzcc
1079 3698 1256 3744 autem
1300 3706 1592 3761 puerorum
1628 3709 1781 3750 eom-

194 3783 356 3828 menta
384 3787 543 3841 sunt,
579 3786 632 3832 et
665 3777 937 3835 ebriorum
959 3778 1262 3836 hominum.
1290 3783 1393 3838 Sed
1419 3799 1516 3839 nos
1544 3787 1633 3854 qtti
1667 3785 1784 3843 lucc

193 3873 423 3924 accurate
463 3868 784 3937 didicimus,
832 3872 1034 3943 aliquid
1067 3873 1195 3930 utile
1222 3874 1478 3932 faciamus
1503 3918 1517 3944 ,
1561 3879 1779 3934 studea-

195 3970 406 4027 Inusque
450 3958 744 4016 familiares
797 3979 920 4019 esse
966 3964 1183 4022 Christo
1234 3968 1276 4022 ¹.
1327 3967 1615 4040 Usquequo
1665 3972 1781 4042 ejus

195 4046 378 4106 inimici
409 4053 614 4108 erimus
635 4055 660 4108 ?
684 4070 960 4127 usquequo
993 4059 1171 4114 minus
1197 4062 1434 4117 suaviter
1463 4078 1590 4133 erga
1629 4064 1778 4120 illum

195 4137 352 4194 alfecti
381 4143 622 4198 erimus?
646 4145 833 4214 Absit,
879 4148 1088 4217 inquies
1114 4167 1128 4208 ς
1160 4165 1257 4206 cur
1286 4151 1402 4206 haec
1432 4152 1566 4208 dicis
1588 4134 1781 4210 Y'Nol-

195 4228 286 4284 lem
300 4232 411 4288 haec
433 4233 637 4300 dicere,
658 4236 760 4291 nisi
780 4253 875 4293 vos
898 4237 1144 4296 faceretis
1167 4257 1181 4307 ;
1216 4257 1360 4299 nunc
1386 4259 1516 4299 vero
1536 4262 1655 4316 qua:
1673 4249 1777 4301 uti-

195 4317 302 4375 litas
341 4339 406 4378 ex
450 4326 703 4394 silentio,
761 4343 882 4384 cum
932 4345 1020 4386 res
1065 4332 1137 4387 ita
1183 4335 1462 4405 perspicue
1511 4338 1779 4395 clament?

195 4411 456 4480 Quomodo
492 4419 659 4490 igitur
689 4421 840 4477 illum
889 4423 1214 4495 diligemus?
1257 4427 1583 4487 Sexcenties
1629 4433 1772 4501 dixi,

197 4505 278 4562 sed
323 4524 461 4565 nunc
488 4527 704 4583 quoque
727 4513 925 4570 dicam.
969 4516 1182 4573 Modum
1228 4520 1500 4578 invenisse
1536 4525 1666 4579 mihi
1697 4526 1775 4580 vi-

197 4594 314 4651 deor
342 4615 589 4673 magnum
619 4612 672 4659 ct
705 4605 1029 4665 mirabilem.
1051 4611 1254 4679 Postea
1282 4630 1440 4685 quant
1487 4616 1579 4673 Dei
1610 4618 1776 4679 benc-

198 4685 302 4745 ﬂcia
324 4697 683 4753 communiter
707 4699 862 4754 nobis
887 4711 941 4756 et
961 4702 1079 4759 aliis
1100 4704 1221 4759 data
1245 4710 1632 4778 reputavimus,
1655 4729 1777 4783 quae

200 4785 266 4836 tot
291 4790 536 4857 tantaque
563 4798 774 4846 suntut
813 4798 1120 4850 enumerari
1163 4815 1268 4854 non
1309 4803 1552 4870 possint,
1595 4813 1649 4860 et
1679 4820 1777 4875 pro

199 4873 255 4931 iis
271 4879 511 4936 omnibus
535 4885 737 4953 gratias
758 4885 858 4956 ipsi
879 4888 1084 4958 egimus
1112 4905 1124 4942 :
1146 4907 1267 4960 qua:
1291 4894 1515 4964 singulis
1532 4907 1774 4953 nostrum

199 4971 404 5026 contulit
425 4975 722 5045 cogitemus
744 4993 952 5045 omnes,
983 4991 1038 5036 et
1070 4984 1309 5052 quotidie
1346 4988 1397 5041 in
1431 4998 1664 5045 mentem
1695 5008 1779 5049 re-

199 5071 447 5120 Vocemns.
476 5067 738 5134 Quoniam
771 5071 931 5143 igitur
975 5073 1091 5130 inec
1121 5091 1367 5146 magnam
1403 5083 1507 5136 vim
1542 5083 1771 5154 habent,

200 5157 543 5228 unusquisque
571 5171 813 5216 nostrum
837 5178 1021 5220 secum
1054 5176 1286 5237 τοριιιῡι,
1320 5180 1373 5226 Cl
1398 5185 1647 5232 accurate
1677 5194 1774 5233 θι-

201 5242 375 5311 ploret,
409 5265 533 5306 num
563 5252 854 5323 aliquando
885 5256 936 5310 in
969 5259 1265 5327 periculum
1294 5263 1496 5333 lapsus,
1528 5266 1774 5324 inimico-

202 5349 303 5392 rum
330 5356 513 5399 manus
539 5344 824 5416 effugerit,
856 5357 911 5403 et
938 5351 1088 5420 quasi
1120 5351 1173 5405 in
1203 5352 1340 5409 libro
1374 5356 1468 5412 Dei
1513 5358 1772 5416 beneficia

202 5425 442 5502 descripta
466 5435 662 5493 habeat
686 5455 698 5490 ε
727 5439 962 5511 exempli
983 5455 1165 5506 causa,
1191 5461 1317 5498 num
1340 5447 1628 5518 aliquando
1650 5463 1774 5508 ante

204 5515 354 5576 lucem
400 5526 537 5581 viam
602 5543 926 5599 capessens,
974 5533 1269 5601 periculum
1311 5537 1596 5609 etl'ugerit;
1646 5559 1771 5597 num

205 5623 307 5665 cum
333 5614 520 5688 iniquis
539 5633 863 5689 congressus
881 5623 1208 5696 hominibus,
1228 5630 1475 5700 superior
1499 5635 1730 5690 evaserit
1754 5653 1769 5700 ;

258 5788 272 5819 '
303 5797 420 5847 tuos
441 5796 606 5863 habet,
635 5807 751 5861 Deo,
780 5814 888 5864 pro,
914 5800 1120 5854 Christo.

1127 345 1192 401 IN
1233 343 1413 402 ACTA
1458 343 1990 405 arosrononuu.
2025 345 2259 402 nontL.
2304 347 2597 404 xxxvnt.
2676 320 2678 323 ’

3430 361 3540 416 Ωῖι

1926 475 2053 513 num
2087 459 2138 513 in
2171 460 2420 514 morbum
2446 462 2648 530 lapsus,
2673 463 3086 534 desperantibus
3106 469 3379 538 omnibus,
3402 486 3539 527 cou-

1920 549 2192 617 valuerit;
2237 552 2465 605 multtnn
2512 553 2656 607 enim
2706 554 2808 610 hoc
2849 556 2992 612 valet
3039 558 3105 612 ad
3159 559 3326 615 Deum
3379 563 3537 617 nobis

1929 641 2223 713 pr0pitium
2253 643 2615 700 reddendum.
2645 645 2778 700 Nam
2810 647 2854 703 si
2883 647 3253 705 Mardot-lneus
3285 651 3374 706 ille
3398 694 3412 717 ,
3445 653 3536 708 ubi

1918 750 2010 789 rev
2043 735 2094 789 in
2129 742 2365 790 mentem
2408 739 2682 792 revocavit
2725 741 2982 795 benelicia
3035 743 3122 796 illa
3153 745 3223 798 ab
3263 745 3378 814 ipso
3428 747 3533 801 sibi

1915 825 2187 894 praestita,
2223 826 2293 880 ita
2339 830 2596 898 acceptus
2636 830 2712 884 illi
2754 829 2890 898 fuit,
2939 841 2996 886 ut
3023 833 3088 887 ad
3141 834 3288 889 illum
3343 837 3531 906 gloria:

1913 915 2258 984 splendorem
2293 919 2540 986 veniret;
2591 922 2760 976 multo
2788 923 2958 992 magis
3010 940 3109 980 nos
3131 967 3144 991 ,
3183 928 3227 981 si
3256 943 3533 983 memores

1913 1005 2176 1062 fuerimus
2202 1049 2215 1074 ,
2265 1019 2321 1064 et
2347 1010 2526 1066 si-duo
2557 1012 2647 1066 illa
2677 1013 2964 1084 diligenter
2992 1017 3360 1085 exploremus,
3400 1019 3527 1088 quiti

1912 1113 2010 1153 nos
2032 1103 2437 1169 peccaverimus
2467 1104 2519 1158 in
2552 1105 2742 1174 Deum,
2771 1118 2822 1162 et
2845 1125 2964 1180 qua:
2997 1111 3154 1164 nobis
3199 1111 3289 1166 ille
3319 1112 3526 1166 beneli-

1908 1192 1990 1245 cia
2020 1192 2307 1248 contulerit
2335 1212 2349 1248 :
2379 1196 2460 1250 sic
2482 1205 2532 1252 et
2565 1213 2664 1252 nos
2703 1201 2840 1268 grati
2871 1204 3097 1268 erimus,
3131 1213 3186 1258 et
3227 1205 3409 1257 omnia
3440 1190 3500 1258 cf

1909 1283 2215 1338 fundemus.
2262 1284 2366 1340 Sed
2414 1303 2574 1342 nemo
2624 1293 2739 1345 haec
2787 1280 2970 1348 secum
3029 1306 3280 1363 reputat;
3339 1313 3524 1350 verum

1907 1376 2042 1430 sicut
2088 1377 2155 1432 de
2200 1381 2436 1447 peccatis
2472 1382 2763 1452 loquimur,
2809 1386 3052 1443 dicentes
3091 1404 3189 1443 nos
3239 1405 3524 1460 peceassc,

1907 1466 2049 1518 nulla
2079 1466 2214 1520 facta
2250 1470 2530 1539 speciatim
2571 1487 2915 1540 peccatorum
2949 1479 3272 1534 recensione
3301 1498 3313 1533 :
3356 1481 3436 1536 sic
3471 1493 3526 1535 ct

1904 1557 1970 1610 de
2003 1559 2279 1615 beneficiis
2312 1564 2404 1617 Dei
2441 1565 2741 1635 loquentes,
2768 1567 3002 1623 dicimus
3032 1571 3199 1624 Deum
3227 1586 3326 1627 nos
3355 1573 3522 1628 bene-

1906 1649 2030 1704 ficio
2057 1652 2305 1709 affecisse
2331 1696 2346 1721 ,
2392 1672 2492 1711 nec
2523 1660 2805 1727 speetatim
2841 1661 3098 1717 beneficia
3123 1664 3470 1731 explorantus
3506 1685 3520 1720 :

1901 1760 2008 1798 non
2042 1745 2272 1802 dicimus
2293 1791 2306 1814 ,
2338 1749 2450 1815 ubi,
2485 1763 2713 1821 quanta,
2748 1769 2855 1824 quo
2885 1764 3148 1826 tempore.
3179 1757 3286 1812 Sed
3325 1758 3524 1814 abhit.c

1900 1836 2122 1891 multam
2152 1839 2507 1897 adhibeamus
2537 1843 2893 1914 diligentiam.
2925 1845 3059 1900 Nam
3096 1847 3140 1901 si
3182 1847 3302 1918 quis
3353 1851 3516 1904 etiam

1901 1938 2082 1984 vetera
2112 1943 2362 2002 repetere
2402 1945 2608 2005 potest,
2652 1938 2831 1992 omnia
2881 1949 3134 1995 accurate
3176 1942 3228 1994 in
3277 1951 3516 1997 mentem

1897 2032 2115 2076 revocet
2139 2065 2152 2089 ,
2187 2025 2339 2095 quasi
2385 2043 2636 2097 magnum
2663 2039 2978 2098 reperturus
3012 2032 3349 2088 thesaurum.
3406 2034 3518 2087 lloc

1894 2114 2057 2167 etiam
2091 2117 2244 2170 nobis
2276 2118 2406 2173 utile
2433 2129 2548 2185 est,
2584 2130 2775 2176 utnon
2814 2122 3191 2193 desperemus.
3227 2124 3360 2179 Nam
3391 2141 3514 2180 cum

1895 2204 2191 2262 viderimus
2220 2209 2391 2277 ipsum
2421 2214 2748 2280 smpc-nobis
2776 2217 3174 2284 patrocinatum
3209 2233 3329 2272 esse
3352 2261 3364 2282 ,
3406 2236 3512 2273 non

1894 2294 2304 2365 deSpet-abiuius
2333 2317 2432 2358 nec
2455 2305 2765 2374 putabimus
2795 2321 2896 2361 nos
2918 2308 3159 2377 ahjcctos
3187 2309 3386 2376 fuisse;
3416 2313 3512 2365 sed

1893 2402 2145 2460 magnum
2196 2393 2530 2462 accipiemus
2559 2397 2751 2466 pignus
2781 2398 2900 2466 ejus
2922 2414 3050 2469 erga
3087 2415 3184 2454 nos
3213 2401 3509 2469 providen-

1895 2482 2016 2543 tiae,
2066 2498 2186 2537 cum
2220 2487 2636 2555 cogitaverimus
2663 2504 2763 2543 nos
2794 2500 3086 2560 peccantes
3130 2506 3240 2546 non
3289 2492 3464 2561 puniri
3491 2533 3507 2558 ,

1891 2571 1986 2627 sed
2015 2572 2132 2642 ejus
2163 2577 2466 2644 patrocinio
2491 2577 2616 2632 frui.

1965 2665 2018 2718 5.
2075 2664 2309 2720 Historia
2357 2670 2503 2737 pueri
2547 2671 2816 2740 cujusdam
2865 2677 3013 2744 a'gri.
3057 2704 3129 2714 —
3177 2675 3358 2729 Dicam
3411 2691 3511 2747 ego

1892 2757 2091 2825 aliquid
2116 2799 2130 2823 ,
2167 2759 2313 2828 quod
2346 2778 2375 2814 a
2402 2763 2657 2831 quopiam
2688 2765 2888 2818 audivi.
2923 2765 3057 2820 Erat
3085 2767 3303 2837 qttidam
3339 2785 3472 2836 puer
3494 2812 3508 2835 ,

1891 2864 2052 2918 quem
2079 2853 2302 2921 contigit
2329 2868 2451 2908 cum
2483 2863 2654 2910 matre
2690 2872 2743 2910 Ill
2776 2871 2907 2926 agro
2933 2872 3088 2924 esse,
3117 2874 3240 2914 cum
3272 2860 3509 2914 nondum

1892 2939 2199 3008 quindecim
2231 2957 2495 2997 annorum
2525 2953 2708 3000 esset:
2737 2957 2862 3002 tunc
2886 2948 3032 3018 gravi
3065 2960 3119 3004 et
3149 2960 3406 3021 corrupto
3430 2952 3512 3006 in-

1890 3041 2114 3100 gruente
2152 3048 2280 3088 aere
2304 3077 2319 3102 ,
2367 3045 2655 3106 utrumque
2699 3037 2864 3095 febris
2908 3041 3143 3095 invasit:
3173 3054 3290 3098 erat
3327 3054 3510 3101 autem

1891 3124 2134 3178 autumni
2168 3134 2482 3196 tempestas.
2518 3129 2669 3184 Tunc
2700 3141 2874 3186 mater
2909 3134 3096 3188 urbem
3131 3135 3337 3204 ingredi
3373 3151 3511 3207 pra:-

1891 3215 2176 3285 orcupavit
2204 3237 2216 3270 :
2249 3233 2386 3287 puer
2412 3234 2545 3275 vero
2575 3235 2605 3274 a
2636 3223 2863 3277 medicis
2888 3224 3073 3292 jussus
3105 3226 3234 3281 illuc
3265 3243 3507 3295 manere,

1889 3319 2010 3357 cum
2047 3305 2211 3361 febris
2241 3306 2490 3379 flagraret
2517 3352 2531 3375 ,
2561 3311 2726 3381 coapit
2754 3313 3093 3384 gargarizare
3114 3358 3128 3382 ,
3159 3317 3298 3386 apud
3328 3334 3388 3373 se
3417 3334 3508 3373 ra-

1894 3397 2156 3453 tiocinans
2176 3440 2192 3466 ,
2224 3409 2526 3470 putansque
2556 3404 2635 3458 sic
2680 3402 2870 3459 febrim
2911 3407 3182 3478 exstingui
3234 3424 3393 3478 posse
3418 3453 3432 3478 ,
3463 3412 3508 3466 si

1892 3488 2022 3542 nihil
2073 3491 2298 3545 omnino
2342 3483 2583 3548 alimenti
2629 3496 2922 3565 acciperet.
2978 3497 3177 3568 Utpote
3225 3516 3398 3570 puer,
3441 3518 3506 3558 ex

1890 3579 2265 3650 intempestiva
2310 3586 2660 3639 contentione
2692 3586 2825 3640 nihil
2854 3589 3081 3659 accepit.
3135 3589 3204 3646 Ut
3233 3602 3412 3645 autem
3440 3593 3507 3646 ad

1890 3670 2076 3726 urbem
2104 3675 2265 3733 venit.
2301 3675 2476 3746 lingua
2511 3677 2743 3749 paralysi
2774 3686 2914 3734 tacta
2944 3691 3028 3735 est
3050 3723 3063 3748 ,
3093 3682 3166 3736 ita
3197 3692 3254 3738 ut
3279 3684 3370 3737 diu
3397 3702 3503 3738 non

1888 3763 2113 3834 loutiens
2140 3806 2154 3832 ,
2189 3766 2321 3821 nihil
2365 3770 2695 3826 articulatim
2746 3774 3097 3843 pronuntiare
3144 3787 3361 3846 posset;
3411 3779 3505 3833 sed

1888 3857 2100 3928 legebat
2125 3853 2340 3930 quidem
2367 3903 2381 3928 ,
2411 3871 2465 3917 et
2497 3865 2783 3934 magistros
2812 3867 2983 3920 multo
3013 3876 3256 3938 tempore
3283 3869 3459 3924 adibat
3490 3887 3505 3936 ;

1887 3949 1983 4004 sed
2017 3951 2212 4006 frustra
2239 3962 2293 4008 et
2325 3952 2530 4025 absque
2557 3957 2713 4027 signo
2747 3958 2876 4013 ullo.
2910 3958 3099 4016 Omnis
3126 3978 3256 4034 ergo
3286 3980 3412 4034 spes
3440 3964 3510 4018 ab

1888 4040 1980 4096 illo
2006 4044 2278 4099 exciderat
2303 4087 2319 4113 ,
2356 4057 2632 4119 materque
2661 4055 2780 4120 ejus
2817 4053 3040 4108 multtun
3072 4053 3306 4112 dolebat.
3341 4058 3506 4118 Multa

1886 4133 2120 4201 medici,
2145 4137 2309 4192 amita
2330 4139 2421 4193 alii
2445 4142 2821 4212 excogitarunt
2838 4187 2851 4210 ,
2876 4145 2968 4201 sed
2998 4148 3266 4203 incassum
3294 4168 3306 4202 :
3332 4153 3509 4205 donec

1885 4225 2153 4298 benignus
2182 4229 2322 4284 Deus
2348 4231 2543 4302 lingua:
2565 4234 2838 4291 vinculum
2863 4241 3090 4306 curavit,
3114 4249 3348 4310 tunetjne
3373 4258 3503 4295 eon-

1885 4317 2074 4384 valuit,
2099 4326 2153 4374 et
2178 4321 2460 4390 pristinam
2491 4325 2743 4396 loquendi
2773 4326 3086 4385 facultatem
3111 4334 3337 4401 accepit.
3371 4333 3504 4386 Nar-

1885 4412 2023 4466 ravit
2049 4422 2228 4469 autem
2262 4415 2430 4483 ipsius
2458 4429 2653 4487 mater,
2679 4436 2801 4475 cum
2833 4424 3089 4492 puerulos
3120 4436 3295 4492 esset,
3327 4429 3502 4498 ipsum

1885 4505 1939 4560 in
1988 4521 2117 4563 nare
2154 4510 2403 4568 morbum
2450 4511 2704 4570 habuisse
2729 4558 2744 4583 ,
2774 4532 2934 4587 quem
2964 4529 3152 4573 vocant
3203 4519 3497 4590 polypum;

1885 4614 2210 4669 rursumque
2237 4603 2476 4659 medicos
2499 4605 2894 4676 desperavisse,
2919 4622 3242 4682 Optasseque
3270 4621 3498 4668 matrem

1886 4701 1942 4746 ut
1985 4705 2328 4759 moreretur,
2375 4707 2698 4770 patremque
2746 4701 2844 4771 ipsi
2894 4703 3240 4760 maledixisse
3283 4706 3502 4777 (adhuc

1883 4788 2025 4841 enim
2050 4789 2314 4860 vivebat):
2335 4793 2624 4864 omniaque
2646 4793 2824 4850 denuo
2846 4797 3116 4852 anxietate
3141 4799 3297 4868 plena
3322 4811 3497 4856 erant.

1883 4877 1979 4934 llle
2007 4895 2138 4935 vero
2168 4883 2445 4938 tussiendo
2471 4925 2484 4950 ,
2517 4900 2584 4941 ex
2616 4903 2834 4943 mueore
2884 4891 3049 4944 feram
3091 4891 3237 4944 illam
3274 4894 3497 4962 spiritus

1883 4969 2086 5040 impetu
2107 4986 2171 5027 ex
2198 4974 2415 5028 naribus
2436 4975 2616 5044 ejecit,
2636 4980 2924 5049 omniaque
2945 4982 3124 5050 gravia
3148 4983 3321 5036 soluta
3347 4994 3495 5038 sunt.

1883 5061 1998 5119 lloc
2036 5063 2222 5120 sedato
2254 5066 2394 5121 malo
2433 5066 2610 5125 fluxos
2652 5087 2749 5141 per
2787 5072 2972 5127 oculos
3017 5089 3143 5129 acer
3167 5085 3221 5129 ct
3253 5075 3496 5131 viscosus

1881 5153 2076 5218 ﬂuens,
2111 5158 2247 5213 tales
2278 5169 2494 5230 tamque
2522 5177 2736 5218 crassas
2766 5163 2938 5220 lemas
2964 5164 3265 5233 efficiebat,
3298 5175 3354 5220 ut
3385 5169 3496 5237 pel-

1881 5247 2042 5304 licula
2097 5252 2311 5321 pupilla:
2365 5253 2766 5322 obduceretur,
2816 5258 3068 5330 quodque
3118 5276 3283 5331 grave
3330 5273 3491 5326 erat,

1881 5345 2178 5400 caecitatem
2209 5347 2513 5403 minabatur
2533 5392 2547 5416 ,
2578 5365 2876 5422 omnesque
2906 5350 3141 5408 futuram
3177 5355 3319 5407 illam
3348 5354 3495 5408 dim:-

1880 5435 2027 5491 bant.
2077 5438 2184 5492 Sed
2229 5438 2332 5495 hoc
2378 5441 2540 5496 etiam
2588 5445 2780 5500 morbo
2827 5462 2922 5516 per
2965 5446 3061 5502 Dei
3106 5449 3334 5519 gratiam
3384 5448 3493 5505 cito

1880 5525 2138 5584 liberatus
2160 5539 2267 5586 est.

1956 5619 2185 5677 Historia
2226 5624 2329 5679 alia
2369 5626 2436 5679 ad
2481 5630 2650 5695 ipsum
2677 5630 3096 5701 Clu-ysostomum
3128 5633 3489 5703 pertinens.“-

1880 5713 1945 5766 Et
1988 5715 2103 5768 lucc
2133 5717 2347 5785 quidem
2375 5718 2587 5782 audivi;
2620 5738 2739 5791 qua:
2765 5739 2896 5777 vero
2929 5725 3040 5794 ipse
3068 5725 3182 5779 scio
3208 5767 3220 5790 ,
3255 5725 3488 5781 narrabo

1883 5807 2052 5862 vobis.
2075 5807 2216 5865 Mota
2237 5821 2319 5866 Cal
2343 5819 2691 5883 tyrannorum
2714 5817 2951 5888 suspicio
2970 5818 3021 5873 in
3044 5829 3260 5877 Civitati:
3284 5829 3486 5884 nostra,
