  <div class='ocr_page' id='page_1' title='image "/cluster/home/n/w/nwhite01/storage/ocr_20150623/60/pst.000005712601/279.png"; bbox 0 0 4084 6332; ppageno 0'>
   <div class='ocr_carea' id='block_1_1' title="bbox 572 322 679 376">
    <p class='ocr_par' dir='ltr' id='par_1_1' title="bbox 572 322 679 376">
     <span class='ocr_line' id='line_1_1' title="bbox 572 322 679 376; baseline 0.009 -2"><span class='ocrx_word' id='word_1_1' title='bbox 572 322 679 376; x_wconf 69' lang='grc' dir='ltr'><strong>ΞΤΞ</strong></span> 
     </span>
    </p>
   </div>
   <div class='ocr_carea' id='block_1_2' title="bbox 574 424 2153 498">
    <p class='ocr_par' dir='ltr' id='par_1_2' title="bbox 574 424 2153 498">
     <span class='ocr_line' id='line_1_2' title="bbox 574 424 2153 498; baseline -0.013 0"><span class='ocrx_word' id='word_1_2' title='bbox 574 443 699 498; x_wconf 91' lang='lat' dir='ltr'><strong>dum</strong></span> <span class='ocrx_word' id='word_1_3' title='bbox 728 440 901 495; x_wconf 90' lang='lat' dir='ltr'><strong>adhuc</strong></span> <span class='ocrx_word' id='word_1_4' title='bbox 929 437 1241 494; x_wconf 69' lang='lat' dir='ltr'><strong>adolescens</strong></span> <span class='ocrx_word' id='word_1_5' title='bbox 1264 450 1438 489; x_wconf 85' lang='lat' dir='ltr'><strong>essem</strong></span> <span class='ocrx_word' id='word_1_6' title='bbox 1471 449 1486 485; x_wconf 87' lang='lat'><strong>:</strong></span> <span class='ocrx_word' id='word_1_7' title='bbox 1517 428 1881 497; x_wconf 74' lang='lat' dir='ltr'><strong>militibusque</strong></span> <span class='ocrx_word' id='word_1_8' title='bbox 1908 424 2153 480; x_wconf 89' lang='lat' dir='ltr'><strong>omnibus</strong></span> 
     </span>
    </p>
   </div>
   <div class='ocr_carea' id='block_1_3' title="bbox 575 516 2155 599">
    <p class='ocr_par' dir='ltr' id='par_1_3' title="bbox 575 516 2155 599">
     <span class='ocr_line' id='line_1_3' title="bbox 575 516 2155 599; baseline -0.015 -6"><span class='ocrx_word' id='word_1_9' title='bbox 575 538 774 593; x_wconf 88' lang='lat' dir='ltr'><strong>circum</strong></span> <span class='ocrx_word' id='word_1_10' title='bbox 797 534 1062 589; x_wconf 81' lang='lat' dir='ltr'><strong>civitatem</strong></span> <span class='ocrx_word' id='word_1_11' title='bbox 1088 531 1216 586; x_wconf 83' lang='lat' dir='ltr'><strong>foris</strong></span> <span class='ocrx_word' id='word_1_12' title='bbox 1240 529 1442 599; x_wconf 78' lang='lat' dir='ltr'><strong>positis,</strong></span> <span class='ocrx_word' id='word_1_13' title='bbox 1462 525 1597 578; x_wconf 82' lang='lat' dir='ltr'><strong>forte</strong></span> <span class='ocrx_word' id='word_1_14' title='bbox 1618 520 1829 576; x_wconf 86' lang='lat' dir='ltr'><strong>libellos</strong></span> <span class='ocrx_word' id='word_1_15' title='bbox 1846 516 2155 589; x_wconf 49' lang='lat' dir='ltr'><strong>quaerebant</strong></span> 
     </span>
    </p>
   </div>
   <div class='ocr_carea' id='block_1_4' title="bbox 574 612 2151 699">
    <p class='ocr_par' dir='ltr' id='par_1_4' title="bbox 574 612 2151 699">
     <span class='ocr_line' id='line_1_4' title="bbox 574 612 2151 699; baseline -0.014 -15"><span class='ocrx_word' id='word_1_16' title='bbox 574 630 957 699; x_wconf 64' lang='lat' dir='ltr'><strong>praestigiarum</strong></span> <span class='ocrx_word' id='word_1_17' title='bbox 988 634 1042 680; x_wconf 90' lang='lat' dir='ltr'><strong>et</strong></span> <span class='ocrx_word' id='word_1_18' title='bbox 1075 624 1325 693; x_wconf 86' lang='lat' dir='ltr'><strong>mag&#39;eos.</strong></span> <span class='ocrx_word' id='word_1_19' title='bbox 1355 620 1420 674; x_wconf 84' lang='lat' dir='ltr'><strong>Et</strong></span> <span class='ocrx_word' id='word_1_20' title='bbox 1459 617 1549 687; x_wconf 85' lang='lat' dir='ltr'><strong>qui</strong></span> <span class='ocrx_word' id='word_1_21' title='bbox 1594 616 1878 683; x_wconf 78' lang='lat' dir='ltr'><strong>scripserat</strong></span> <span class='ocrx_word' id='word_1_22' title='bbox 1919 612 2111 665; x_wconf 90' lang='lat' dir='ltr'><strong>librum</strong></span> <span class='ocrx_word' id='word_1_23' title='bbox 2136 652 2151 674; x_wconf 97' lang='lat'><strong>,</strong></span> 
     </span>
    </p>
   </div>
   <div class='ocr_carea' id='block_1_5' title="bbox 576 710 2158 788">
    <p class='ocr_par' dir='ltr' id='par_1_5' title="bbox 576 710 2158 788">
     <span class='ocr_line' id='line_1_5' title="bbox 576 710 2158 788; baseline -0.013 -13"><span class='ocrx_word' id='word_1_24' title='bbox 576 722 968 788; x_wconf 88' lang='lat' dir='ltr'><strong>incompactum</strong></span> <span class='ocrx_word' id='word_1_25' title='bbox 1002 717 1225 786; x_wconf 88' lang='lat' dir='ltr'><strong>projecit</strong></span> <span class='ocrx_word' id='word_1_26' title='bbox 1267 715 1320 768; x_wconf 91' lang='lat' dir='ltr'><strong>in</strong></span> <span class='ocrx_word' id='word_1_27' title='bbox 1352 712 1547 766; x_wconf 83' lang='lat' dir='ltr'><strong>lltnnen</strong></span> <span class='ocrx_word' id='word_1_28' title='bbox 1574 749 1588 773; x_wconf 89' lang='lat'><strong>,</strong></span> <span class='ocrx_word' id='word_1_29' title='bbox 1620 716 1910 775; x_wconf 83' lang='lat' dir='ltr'><strong>captusque</strong></span> <span class='ocrx_word' id='word_1_30' title='bbox 1958 712 2073 763; x_wconf 84' lang='lat' dir='ltr'><strong>est;</strong></span> <span class='ocrx_word' id='word_1_31' title='bbox 2105 710 2158 755; x_wconf 91' lang='lat' dir='ltr'><strong>et</strong></span> 
     </span>
    </p>
   </div>
   <div class='ocr_carea' id='block_1_6' title="bbox 574 793 2158 876">
    <p class='ocr_par' dir='ltr' id='par_1_6' title="bbox 574 793 2158 876">
     <span class='ocr_line' id='line_1_6' title="bbox 574 793 2158 876; baseline -0.013 -10"><span class='ocrx_word' id='word_1_32' title='bbox 574 826 695 866; x_wconf 90' lang='lat' dir='ltr'><strong>cum</strong></span> <span class='ocrx_word' id='word_1_33' title='bbox 748 811 816 864; x_wconf 84' lang='lat' dir='ltr'><strong>ab</strong></span> <span class='ocrx_word' id='word_1_34' title='bbox 847 810 935 863; x_wconf 91' lang='lat' dir='ltr'><strong>illo</strong></span> <span class='ocrx_word' id='word_1_35' title='bbox 965 808 1339 876; x_wconf 86' lang='lat' dir='ltr'><strong>requireretur,</strong></span> <span class='ocrx_word' id='word_1_36' title='bbox 1384 802 1510 856; x_wconf 89' lang='lat' dir='ltr'><strong>dare</strong></span> <span class='ocrx_word' id='word_1_37' title='bbox 1545 815 1649 854; x_wconf 91' lang='lat' dir='ltr'><strong>non</strong></span> <span class='ocrx_word' id='word_1_38' title='bbox 1704 796 1891 867; x_wconf 91' lang='lat' dir='ltr'><strong>potuit,</strong></span> <span class='ocrx_word' id='word_1_39' title='bbox 1940 793 2031 847; x_wconf 87' lang='lat' dir='ltr'><strong>sed</strong></span> <span class='ocrx_word' id='word_1_40' title='bbox 2066 808 2158 860; x_wconf 86' lang='lat' dir='ltr'><strong>per</strong></span> 
     </span>
    </p>
   </div>
   <div class='ocr_carea' id='block_1_7' title="bbox 576 885 2157 957">
    <p class='ocr_par' dir='ltr' id='par_1_7' title="bbox 576 885 2157 957">
     <span class='ocr_line' id='line_1_7' title="bbox 576 885 2157 957; baseline -0.013 0"><span class='ocrx_word' id='word_1_41' title='bbox 576 902 763 957; x_wconf 82' lang='lat' dir='ltr'><strong>urbem</strong></span> <span class='ocrx_word' id='word_1_42' title='bbox 792 901 999 953; x_wconf 90' lang='lat' dir='ltr'><strong>vinetus</strong></span> <span class='ocrx_word' id='word_1_43' title='bbox 1026 898 1334 952; x_wconf 88' lang='lat' dir='ltr'><strong>ducebatur.</strong></span> <span class='ocrx_word' id='word_1_44' title='bbox 1370 893 1500 947; x_wconf 87' lang='lat' dir='ltr'><strong>Cum</strong></span> <span class='ocrx_word' id='word_1_45' title='bbox 1533 902 1707 946; x_wconf 86' lang='lat' dir='ltr'><strong>autem</strong></span> <span class='ocrx_word' id='word_1_46' title='bbox 1739 888 1910 943; x_wconf 91' lang='lat' dir='ltr'><strong>auctis</strong></span> <span class='ocrx_word' id='word_1_47' title='bbox 1950 885 2157 940; x_wconf 83' lang='lat' dir='ltr'><strong>indiciis</strong></span> 
     </span>
    </p>
   </div>
   <div class='ocr_carea' id='block_1_8' title="bbox 577 976 2158 1062">
    <p class='ocr_par' dir='ltr' id='par_1_8' title="bbox 577 976 2158 1062">
     <span class='ocr_line' id='line_1_8' title="bbox 577 976 2158 1062; baseline -0.012 -14"><span class='ocrx_word' id='word_1_48' title='bbox 577 1001 632 1048; x_wconf 88' lang='lat' dir='ltr'><strong>et</strong></span> <span class='ocrx_word' id='word_1_49' title='bbox 671 991 1065 1062; x_wconf 77' lang='lat' dir='ltr'><strong>probationibus</strong></span> <span class='ocrx_word' id='word_1_50' title='bbox 1091 1031 1105 1055; x_wconf 92' lang='lat'><strong>,</strong></span> <span class='ocrx_word' id='word_1_51' title='bbox 1135 1002 1321 1059; x_wconf 84' lang='lat' dir='ltr'><strong>poenas</strong></span> <span class='ocrx_word' id='word_1_52' title='bbox 1346 986 1583 1041; x_wconf 91' lang='lat' dir='ltr'><strong>dedisset</strong></span> <span class='ocrx_word' id='word_1_53' title='bbox 1610 1000 1627 1036; x_wconf 91' lang='lat'><strong><em>:</em></strong></span> <span class='ocrx_word' id='word_1_54' title='bbox 1658 992 1781 1037; x_wconf 89' lang='lat' dir='ltr'><strong>tunc</strong></span> <span class='ocrx_word' id='word_1_55' title='bbox 1824 996 1922 1049; x_wconf 79' lang='lat' dir='ltr'><strong>ego</strong></span> <span class='ocrx_word' id='word_1_56' title='bbox 1952 993 2073 1032; x_wconf 92' lang='lat' dir='ltr'><strong>cum</strong></span> <span class='ocrx_word' id='word_1_57' title='bbox 2106 976 2158 1029; x_wconf 91' lang='lat' dir='ltr'><strong>in</strong></span> 
     </span>
    </p>
   </div>
   <div class='ocr_carea' id='block_1_9' title="bbox 579 1066 2187 1160">
    <p class='ocr_par' dir='ltr' id='par_1_9' title="bbox 579 1066 2187 1160">
     <span class='ocr_line' id='line_1_9' title="bbox 579 1066 2187 1160; baseline -0.012 -24"><span class='ocrx_word' id='word_1_58' title='bbox 579 1081 884 1151; x_wconf 81' lang='lat' dir='ltr'><strong>martyrium</strong></span> <span class='ocrx_word' id='word_1_59' title='bbox 929 1081 942 1111; x_wconf 81' lang='grc'>¹</span> <span class='ocrx_word' id='word_1_60' title='bbox 986 1079 1061 1134; x_wconf 90' lang='lat' dir='ltr'><strong>ire</strong></span> <span class='ocrx_word' id='word_1_61' title='bbox 1081 1078 1285 1131; x_wconf 80' lang='lat' dir='ltr'><strong>vellem</strong></span> <span class='ocrx_word' id='word_1_62' title='bbox 1313 1116 1329 1140; x_wconf 94' lang='lat'><strong>,</strong></span> <span class='ocrx_word' id='word_1_63' title='bbox 1361 1074 1646 1129; x_wconf 83' lang='lat' dir='ltr'><strong>transibam</strong></span> <span class='ocrx_word' id='word_1_64' title='bbox 1679 1086 1774 1140; x_wconf 87' lang='lat' dir='ltr'><strong>per</strong></span> <span class='ocrx_word' id='word_1_65' title='bbox 1805 1072 1985 1122; x_wconf 89' lang='lat' dir='ltr'><strong>hortos</strong></span> <span class='ocrx_word' id='word_1_66' title='bbox 2016 1066 2187 1160; x_wconf 58' lang='lat' dir='ltr'><strong>iusta.</strong></span> 
     </span>
    </p>
   </div>
   <div class='ocr_carea' id='block_1_10' title="bbox 579 1162 2158 1238">
    <p class='ocr_par' dir='ltr' id='par_1_10' title="bbox 579 1162 2158 1238">
     <span class='ocr_line' id='line_1_10' title="bbox 579 1162 2158 1238; baseline -0.013 -10"><span class='ocrx_word' id='word_1_67' title='bbox 579 1173 776 1228; x_wconf 78' lang='lat' dir='ltr'><strong>ﬂumen</strong></span> <span class='ocrx_word' id='word_1_68' title='bbox 804 1186 923 1227; x_wconf 91' lang='lat' dir='ltr'><strong>cum</strong></span> <span class='ocrx_word' id='word_1_69' title='bbox 952 1171 1055 1225; x_wconf 88' lang='lat' dir='ltr'><strong>alio</strong></span> <span class='ocrx_word' id='word_1_70' title='bbox 1081 1168 1309 1238; x_wconf 88' lang='lat' dir='ltr'><strong>quodam</strong></span> <span class='ocrx_word' id='word_1_71' title='bbox 1338 1184 1352 1223; x_wconf 86' lang='lat'>:</span> <span class='ocrx_word' id='word_1_72' title='bbox 1376 1166 1463 1236; x_wconf 90' lang='lat' dir='ltr'><strong>qui</strong></span> <span class='ocrx_word' id='word_1_73' title='bbox 1495 1174 1549 1218; x_wconf 92' lang='lat' dir='ltr'><strong>ut</strong></span> <span class='ocrx_word' id='word_1_74' title='bbox 1577 1162 1705 1216; x_wconf 79' lang='lat' dir='ltr'><strong>vidit</strong></span> <span class='ocrx_word' id='word_1_75' title='bbox 1730 1166 2158 1229; x_wconf 84' lang='lat' dir='ltr'><strong>supernatantem</strong></span> 
     </span>
    </p>
   </div>
   <div class='ocr_carea' id='block_1_11' title="bbox 578 1249 2158 1332">
    <p class='ocr_par' dir='ltr' id='par_1_11' title="bbox 578 1249 2158 1332">
     <span class='ocr_line' id='line_1_11' title="bbox 578 1249 2158 1332; baseline -0.012 -14"><span class='ocrx_word' id='word_1_76' title='bbox 578 1263 793 1327; x_wconf 88' lang='lat' dir='ltr'><strong>librum,</strong></span> <span class='ocrx_word' id='word_1_77' title='bbox 828 1263 999 1332; x_wconf 88' lang='lat' dir='ltr'><strong>primo</strong></span> <span class='ocrx_word' id='word_1_78' title='bbox 1029 1276 1087 1315; x_wconf 91' lang='lat' dir='ltr'><strong>se</strong></span> <span class='ocrx_word' id='word_1_79' title='bbox 1118 1260 1337 1313; x_wconf 85' lang='lat' dir='ltr'><strong>linteum</strong></span> <span class='ocrx_word' id='word_1_80' title='bbox 1369 1256 1550 1310; x_wconf 89' lang='lat' dir='ltr'><strong>videre</strong></span> <span class='ocrx_word' id='word_1_81' title='bbox 1586 1253 1783 1323; x_wconf 77' lang='lat' dir='ltr'><strong>putavit</strong></span> <span class='ocrx_word' id='word_1_82' title='bbox 1804 1294 1816 1316; x_wconf 93' lang='lat'><strong>,</strong></span> <span class='ocrx_word' id='word_1_83' title='bbox 1847 1264 1909 1304; x_wconf 88' lang='lat' dir='ltr'><strong>ac</strong></span> <span class='ocrx_word' id='word_1_84' title='bbox 1934 1249 2158 1304; x_wconf 88' lang='lat' dir='ltr'><strong>descen-</strong></span> 
     </span>
    </p>
   </div>
   <div class='ocr_carea' id='block_1_12' title="bbox 575 1340 2164 1423">
    <p class='ocr_par' dir='ltr' id='par_1_12' title="bbox 575 1340 2164 1423">
     <span class='ocr_line' id='line_1_12' title="bbox 575 1340 2164 1423; baseline -0.011 -14"><span class='ocrx_word' id='word_1_85' title='bbox 575 1353 713 1410; x_wconf 86' lang='lat' dir='ltr'><strong>dens</strong></span> <span class='ocrx_word' id='word_1_86' title='bbox 741 1353 972 1423; x_wconf 89' lang='lat' dir='ltr'><strong>recepit;</strong></span> <span class='ocrx_word' id='word_1_87' title='bbox 1004 1360 1065 1405; x_wconf 91' lang='lat' dir='ltr'><strong>ut</strong></span> <span class='ocrx_word' id='word_1_88' title='bbox 1092 1349 1317 1403; x_wconf 83' lang='lat' dir='ltr'><strong>accessit</strong></span> <span class='ocrx_word' id='word_1_89' title='bbox 1344 1362 1472 1401; x_wconf 88' lang='lat' dir='ltr'><strong>vero</strong></span> <span class='ocrx_word' id='word_1_90' title='bbox 1498 1388 1514 1413; x_wconf 96' lang='lat'><strong>,</strong></span> <span class='ocrx_word' id='word_1_91' title='bbox 1546 1345 1734 1398; x_wconf 87' lang='lat' dir='ltr'><strong>librum</strong></span> <span class='ocrx_word' id='word_1_92' title='bbox 1766 1357 1885 1395; x_wconf 84' lang='lat' dir='ltr'><strong>esse</strong></span> <span class='ocrx_word' id='word_1_93' title='bbox 1910 1340 2075 1403; x_wconf 89' lang='lat' dir='ltr'><strong>vidit,</strong></span> <span class='ocrx_word' id='word_1_94' title='bbox 2109 1346 2164 1393; x_wconf 92' lang='lat' dir='ltr'><strong>et</strong></span> 
     </span>
    </p>
   </div>
   <div class='ocr_carea' id='block_1_13' title="bbox 579 1430 2162 1514">
    <p class='ocr_par' dir='ltr' id='par_1_13' title="bbox 579 1430 2162 1514">
     <span class='ocr_line' id='line_1_13' title="bbox 579 1430 2162 1514; baseline -0.01 -14"><span class='ocrx_word' id='word_1_95' title='bbox 579 1445 910 1501; x_wconf 81' lang='lat' dir='ltr'><strong>descendens</strong></span> <span class='ocrx_word' id='word_1_96' title='bbox 950 1443 1114 1514; x_wconf 90' lang='lat' dir='ltr'><strong>cepit.</strong></span> <span class='ocrx_word' id='word_1_97' title='bbox 1141 1441 1254 1512; x_wconf 83' lang='lat' dir='ltr'><strong>Ego</strong></span> <span class='ocrx_word' id='word_1_98' title='bbox 1287 1455 1412 1494; x_wconf 88' lang='lat' dir='ltr'><strong>vero</strong></span> <span class='ocrx_word' id='word_1_99' title='bbox 1447 1436 1832 1493; x_wconf 61' lang='lat' dir='ltr'><strong>contendi-bam</strong></span> <span class='ocrx_word' id='word_1_100' title='bbox 1859 1476 1872 1498; x_wconf 89' lang='lat'><strong>,</strong></span> <span class='ocrx_word' id='word_1_101' title='bbox 1905 1433 2056 1503; x_wconf 90' lang='lat' dir='ltr'><strong>quasi</strong></span> <span class='ocrx_word' id='word_1_102' title='bbox 2095 1430 2162 1484; x_wconf 81' lang='lat' dir='ltr'><strong>de</strong></span> 
     </span>
    </p>
   </div>
   <div class='ocr_carea' id='block_1_14' title="bbox 580 1522 2162 1601">
    <p class='ocr_par' dir='ltr' id='par_1_14' title="bbox 580 1522 2162 1601">
     <span class='ocr_line' id='line_1_14' title="bbox 580 1522 2162 1601; baseline -0.01 -10"><span class='ocrx_word' id='word_1_103' title='bbox 580 1552 642 1591; x_wconf 91' lang='lat' dir='ltr'><strong>re</strong></span> <span class='ocrx_word' id='word_1_104' title='bbox 686 1534 953 1590; x_wconf 87' lang='lat' dir='ltr'><strong>communi</strong></span> <span class='ocrx_word' id='word_1_105' title='bbox 1003 1541 1211 1601; x_wconf 90' lang='lat' dir='ltr'><strong>reperta</strong></span> <span class='ocrx_word' id='word_1_106' title='bbox 1238 1571 1250 1595; x_wconf 92' lang='lat'><strong>,</strong></span> <span class='ocrx_word' id='word_1_107' title='bbox 1283 1530 1643 1596; x_wconf 84' lang='lat' dir='ltr'><strong>ridebamque.</strong></span> <span class='ocrx_word' id='word_1_108' title='bbox 1691 1525 1795 1581; x_wconf 86' lang='lat' dir='ltr'><strong>Sed</strong></span> <span class='ocrx_word' id='word_1_109' title='bbox 1849 1522 2120 1578; x_wconf 79' lang='lat' dir='ltr'><strong>videamus</strong></span> <span class='ocrx_word' id='word_1_110' title='bbox 2147 1562 2162 1583; x_wconf 88' lang='lat'><strong>,</strong></span> 
     </span>
    </p>
   </div>
   <div class='ocr_carea' id='block_1_15' title="bbox 578 1614 2163 1698">
    <p class='ocr_par' dir='ltr' id='par_1_15' title="bbox 578 1614 2163 1698">
     <span class='ocr_line' id='line_1_15' title="bbox 578 1614 2163 1698; baseline -0.013 -15"><span class='ocrx_word' id='word_1_111' title='bbox 578 1629 751 1698; x_wconf 84' lang='lat' dir='ltr'><strong>inquit</strong></span> <span class='ocrx_word' id='word_1_112' title='bbox 778 1628 884 1696; x_wconf 89' lang='lat' dir='ltr'><strong>ille,</strong></span> <span class='ocrx_word' id='word_1_113' title='bbox 906 1626 1028 1697; x_wconf 88' lang='lat' dir='ltr'><strong>qttid</strong></span> <span class='ocrx_word' id='word_1_114' title='bbox 1056 1626 1122 1679; x_wconf 91' lang='lat' dir='ltr'><strong>sit</strong></span> <span class='ocrx_word' id='word_1_115' title='bbox 1145 1640 1158 1675; x_wconf 92' lang='lat'><strong>:</strong></span> <span class='ocrx_word' id='word_1_116' title='bbox 1186 1622 1525 1690; x_wconf 85' lang='lat' dir='ltr'><strong>revolutaque</strong></span> <span class='ocrx_word' id='word_1_117' title='bbox 1552 1620 1756 1688; x_wconf 64' lang='lat' dir='ltr'><strong>paginas</strong></span> <span class='ocrx_word' id='word_1_118' title='bbox 1777 1624 1926 1687; x_wconf 89' lang='lat' dir='ltr'><strong>parte</strong></span> <span class='ocrx_word' id='word_1_119' title='bbox 1964 1614 2163 1683; x_wconf 82' lang='lat' dir='ltr'><strong>magica</strong></span> 
     </span>
    </p>
   </div>
   <div class='ocr_carea' id='block_1_16' title="bbox 579 1705 2168 1789">
    <p class='ocr_par' dir='ltr' id='par_1_16' title="bbox 579 1705 2168 1789">
     <span class='ocr_line' id='line_1_16' title="bbox 579 1705 2168 1789; baseline -0.008 -16"><span class='ocrx_word' id='word_1_120' title='bbox 579 1719 843 1789; x_wconf 89' lang='lat' dir='ltr'><strong>descripta</strong></span> <span class='ocrx_word' id='word_1_121' title='bbox 869 1718 1088 1772; x_wconf 87' lang='lat' dir='ltr'><strong>invenit.</strong></span> <span class='ocrx_word' id='word_1_122' title='bbox 1116 1714 1323 1770; x_wconf 83' lang='lat' dir='ltr'><strong>Accidit</strong></span> <span class='ocrx_word' id='word_1_123' title='bbox 1346 1724 1521 1767; x_wconf 88' lang='lat' dir='ltr'><strong>autem</strong></span> <span class='ocrx_word' id='word_1_124' title='bbox 1552 1710 1738 1766; x_wconf 87' lang='lat' dir='ltr'><strong>eodem</strong></span> <span class='ocrx_word' id='word_1_125' title='bbox 1765 1719 2005 1779; x_wconf 88' lang='lat' dir='ltr'><strong>tempore</strong></span> <span class='ocrx_word' id='word_1_126' title='bbox 2032 1705 2168 1760; x_wconf 91' lang='lat' dir='ltr'><strong>mili-</strong></span> 
     </span>
    </p>
   </div>
   <div class='ocr_carea' id='block_1_17' title="bbox 583 1800 2165 1883">
    <p class='ocr_par' dir='ltr' id='par_1_17' title="bbox 583 1800 2165 1883">
     <span class='ocr_line' id='line_1_17' title="bbox 583 1800 2165 1883; baseline -0.01 -16"><span class='ocrx_word' id='word_1_127' title='bbox 583 1824 689 1869; x_wconf 86' lang='lat' dir='ltr'><strong>tem</strong></span> <span class='ocrx_word' id='word_1_128' title='bbox 723 1813 967 1867; x_wconf 90' lang='lat' dir='ltr'><strong>transire.</strong></span> <span class='ocrx_word' id='word_1_129' title='bbox 1002 1810 1135 1864; x_wconf 91' lang='lat' dir='ltr'><strong>llinc</strong></span> <span class='ocrx_word' id='word_1_130' title='bbox 1163 1822 1292 1863; x_wconf 63' lang='lat' dir='ltr'><strong>vero</strong></span> <span class='ocrx_word' id='word_1_131' title='bbox 1318 1806 1496 1883; x_wconf 82' lang='lat' dir='ltr'><strong>socius</strong></span> <span class='ocrx_word' id='word_1_132' title='bbox 1525 1805 1615 1860; x_wconf 87' lang='lat' dir='ltr'><strong>illo</strong></span> <span class='ocrx_word' id='word_1_133' title='bbox 1644 1803 1911 1858; x_wconf 88' lang='lat' dir='ltr'><strong>occultato</strong></span> <span class='ocrx_word' id='word_1_134' title='bbox 1937 1800 2086 1865; x_wconf 89' lang='lat' dir='ltr'><strong>abiit,</strong></span> <span class='ocrx_word' id='word_1_135' title='bbox 2116 1808 2165 1852; x_wconf 88' lang='lat' dir='ltr'><strong>et</strong></span> 
     </span>
    </p>
   </div>
   <div class='ocr_carea' id='block_1_18' title="bbox 583 1892 2166 1968">
    <p class='ocr_par' dir='ltr' id='par_1_18' title="bbox 583 1892 2166 1968">
     <span class='ocr_line' id='line_1_18' title="bbox 583 1892 2166 1968; baseline -0.009 -9"><span class='ocrx_word' id='word_1_136' title='bbox 583 1907 772 1959; x_wconf 87' lang='lat' dir='ltr'><strong>timore</strong></span> <span class='ocrx_word' id='word_1_137' title='bbox 799 1902 1118 1958; x_wconf 76' lang='lat' dir='ltr'><strong>tabescebat.</strong></span> <span class='ocrx_word' id='word_1_138' title='bbox 1146 1900 1275 1968; x_wconf 88' lang='lat' dir='ltr'><strong>Quis</strong></span> <span class='ocrx_word' id='word_1_139' title='bbox 1300 1900 1441 1955; x_wconf 89' lang='lat' dir='ltr'><strong>enim</strong></span> <span class='ocrx_word' id='word_1_140' title='bbox 1472 1896 1791 1952; x_wconf 76' lang='lat' dir='ltr'><strong>credidisset</strong></span> <span class='ocrx_word' id='word_1_141' title='bbox 1818 1908 1913 1949; x_wconf 88' lang='lat' dir='ltr'><strong>nos</strong></span> <span class='ocrx_word' id='word_1_142' title='bbox 1938 1908 1968 1948; x_wconf 91' lang='lat' dir='ltr'><strong>e</strong></span> <span class='ocrx_word' id='word_1_143' title='bbox 1994 1892 2166 1946; x_wconf 84' lang='lat' dir='ltr'><strong>llumi-</strong></span> 
     </span>
    </p>
   </div>
   <div class='ocr_carea' id='block_1_19' title="bbox 582 1985 2166 2056">
    <p class='ocr_par' dir='ltr' id='par_1_19' title="bbox 582 1985 2166 2056">
     <span class='ocr_line' id='line_1_19' title="bbox 582 1985 2166 2056; baseline -0.008 -7"><span class='ocrx_word' id='word_1_144' title='bbox 582 2011 651 2051; x_wconf 87' lang='lat' dir='ltr'><strong>ne</strong></span> <span class='ocrx_word' id='word_1_145' title='bbox 685 1995 826 2049; x_wconf 90' lang='lat' dir='ltr'><strong>illum</strong></span> <span class='ocrx_word' id='word_1_146' title='bbox 865 1993 1143 2048; x_wconf 83' lang='lat' dir='ltr'><strong>sustulisse</strong></span> <span class='ocrx_word' id='word_1_147' title='bbox 1168 2034 1181 2056; x_wconf 93' lang='lat'><strong>,</strong></span> <span class='ocrx_word' id='word_1_148' title='bbox 1224 2005 1343 2045; x_wconf 92' lang='lat' dir='ltr'><strong>cum</strong></span> <span class='ocrx_word' id='word_1_149' title='bbox 1384 2003 1575 2044; x_wconf 88' lang='lat' dir='ltr'><strong>omnes</strong></span> <span class='ocrx_word' id='word_1_150' title='bbox 1606 1987 1765 2043; x_wconf 89' lang='lat' dir='ltr'><strong>etiam</strong></span> <span class='ocrx_word' id='word_1_151' title='bbox 1794 2000 1897 2040; x_wconf 92' lang='lat' dir='ltr'><strong>non</strong></span> <span class='ocrx_word' id='word_1_152' title='bbox 1935 1985 2166 2054; x_wconf 76' lang='lat' dir='ltr'><strong>suspecti</strong></span> 
     </span>
    </p>
   </div>
   <div class='ocr_carea' id='block_1_20' title="bbox 580 2076 2164 2154">
    <p class='ocr_par' dir='ltr' id='par_1_20' title="bbox 580 2076 2164 2154">
     <span class='ocr_line' id='line_1_20' title="bbox 580 2076 2164 2154; baseline -0.007 -13"><span class='ocrx_word' id='word_1_153' title='bbox 580 2085 980 2141; x_wconf 84' lang='lat' dir='ltr'><strong>detinerentur?</strong></span> <span class='ocrx_word' id='word_1_154' title='bbox 1022 2084 1268 2154; x_wconf 84' lang='lat' dir='ltr'><strong>Abjicere</strong></span> <span class='ocrx_word' id='word_1_155' title='bbox 1298 2096 1411 2136; x_wconf 77' lang='lat' dir='ltr'><strong>non</strong></span> <span class='ocrx_word' id='word_1_156' title='bbox 1448 2080 1809 2143; x_wconf 86' lang='lat' dir='ltr'><strong>andebamus,</strong></span> <span class='ocrx_word' id='word_1_157' title='bbox 1851 2093 1917 2131; x_wconf 91' lang='lat' dir='ltr'><strong>ne</strong></span> <span class='ocrx_word' id='word_1_158' title='bbox 1956 2076 2164 2131; x_wconf 75' lang='lat' dir='ltr'><strong>videre-</strong></span> 
     </span>
    </p>
   </div>
   <div class='ocr_carea' id='block_1_21' title="bbox 582 2168 2163 2244">
    <p class='ocr_par' dir='ltr' id='par_1_21' title="bbox 582 2168 2163 2244">
     <span class='ocr_line' id='line_1_21' title="bbox 582 2168 2163 2244; baseline -0.008 -13"><span class='ocrx_word' id='word_1_159' title='bbox 582 2192 727 2241; x_wconf 88' lang='lat' dir='ltr'><strong>mur,</strong></span> <span class='ocrx_word' id='word_1_160' title='bbox 755 2185 809 2229; x_wconf 81' lang='lat' dir='ltr'><strong>et</strong></span> <span class='ocrx_word' id='word_1_161' title='bbox 858 2176 968 2244; x_wconf 88' lang='lat' dir='ltr'><strong>pari</strong></span> <span class='ocrx_word' id='word_1_162' title='bbox 1022 2175 1210 2229; x_wconf 88' lang='lat' dir='ltr'><strong>timore</strong></span> <span class='ocrx_word' id='word_1_163' title='bbox 1255 2170 1633 2227; x_wconf 88' lang='lat' dir='ltr'><strong>cohibebamur</strong></span> <span class='ocrx_word' id='word_1_164' title='bbox 1673 2185 1740 2223; x_wconf 91' lang='lat' dir='ltr'><strong>ne</strong></span> <span class='ocrx_word' id='word_1_165' title='bbox 1785 2168 2163 2223; x_wconf 76' lang='lat' dir='ltr'><strong>divideremus.</strong></span> 
     </span>
    </p>
   </div>
   <div class='ocr_carea' id='block_1_22' title="bbox 587 2256 2168 2333">
    <p class='ocr_par' dir='ltr' id='par_1_22' title="bbox 587 2256 2168 2333">
     <span class='ocr_line' id='line_1_22' title="bbox 587 2256 2168 2333; baseline -0.007 -13"><span class='ocrx_word' id='word_1_166' title='bbox 587 2266 697 2320; x_wconf 88' lang='lat' dir='ltr'><strong>Deo</strong></span> <span class='ocrx_word' id='word_1_167' title='bbox 729 2274 903 2319; x_wconf 90' lang='lat' dir='ltr'><strong>tamen</strong></span> <span class='ocrx_word' id='word_1_168' title='bbox 929 2265 1147 2333; x_wconf 90' lang='lat' dir='ltr'><strong>juvaute</strong></span> <span class='ocrx_word' id='word_1_169' title='bbox 1176 2263 1514 2333; x_wconf 85' lang='lat' dir='ltr'><strong>projecimus,</strong></span> <span class='ocrx_word' id='word_1_170' title='bbox 1538 2269 1593 2315; x_wconf 91' lang='lat' dir='ltr'><strong>et</strong></span> <span class='ocrx_word' id='word_1_171' title='bbox 1634 2259 1701 2313; x_wconf 83' lang='lat' dir='ltr'><strong>ab</strong></span> <span class='ocrx_word' id='word_1_172' title='bbox 1749 2256 2001 2313; x_wconf 82' lang='lat' dir='ltr'><strong>extremis</strong></span> <span class='ocrx_word' id='word_1_173' title='bbox 2029 2256 2168 2325; x_wconf 91' lang='lat' dir='ltr'><strong>peri-</strong></span> 
     </span>
    </p>
   </div>
   <div class='ocr_carea' id='block_1_23' title="bbox 582 2347 2164 2424">
    <p class='ocr_par' dir='ltr' id='par_1_23' title="bbox 582 2347 2164 2424">
     <span class='ocr_line' id='line_1_23' title="bbox 582 2347 2164 2424; baseline -0.006 -15"><span class='ocrx_word' id='word_1_174' title='bbox 582 2356 716 2409; x_wconf 86' lang='lat' dir='ltr'><strong>culis</strong></span> <span class='ocrx_word' id='word_1_175' title='bbox 737 2355 899 2424; x_wconf 89' lang='lat' dir='ltr'><strong>erepti</strong></span> <span class='ocrx_word' id='word_1_176' title='bbox 921 2369 1121 2408; x_wconf 86' lang='lat' dir='ltr'><strong>sumus.</strong></span> <span class='ocrx_word' id='word_1_177' title='bbox 1144 2353 1423 2407; x_wconf 89' lang='lat' dir='ltr'><strong>lnnumera</strong></span> <span class='ocrx_word' id='word_1_178' title='bbox 1441 2352 1619 2405; x_wconf 87' lang='lat' dir='ltr'><strong>dicere</strong></span> <span class='ocrx_word' id='word_1_179' title='bbox 1641 2363 1851 2419; x_wconf 90' lang='lat' dir='ltr'><strong>possem</strong></span> <span class='ocrx_word' id='word_1_180' title='bbox 1875 2347 1917 2402; x_wconf 92' lang='lat' dir='ltr'><strong>si</strong></span> <span class='ocrx_word' id='word_1_181' title='bbox 1938 2347 2128 2401; x_wconf 82' lang='lat' dir='ltr'><strong>vellem</strong></span> <span class='ocrx_word' id='word_1_182' title='bbox 2152 2364 2164 2399; x_wconf 87' lang='lat'><strong>:</strong></span> 
     </span>
    </p>
   </div>
   <div class='ocr_carea' id='block_1_24' title="bbox 584 2435 2166 2513">
    <p class='ocr_par' dir='ltr' id='par_1_24' title="bbox 584 2435 2166 2513">
     <span class='ocr_line' id='line_1_24' title="bbox 584 2435 2166 2513; baseline -0.008 -14"><span class='ocrx_word' id='word_1_183' title='bbox 584 2446 699 2500; x_wconf 70' lang='lat' dir='ltr'><strong>lucc</strong></span> <span class='ocrx_word' id='word_1_184' title='bbox 725 2455 901 2499; x_wconf 89' lang='lat' dir='ltr'><strong>autem</strong></span> <span class='ocrx_word' id='word_1_185' title='bbox 929 2444 979 2497; x_wconf 90' lang='lat' dir='ltr'><strong>in</strong></span> <span class='ocrx_word' id='word_1_186' title='bbox 1004 2444 1165 2498; x_wconf 86' lang='lat' dir='ltr'><strong>vestri</strong></span> <span class='ocrx_word' id='word_1_187' title='bbox 1194 2442 1414 2513; x_wconf 82' lang='lat' dir='ltr'><strong>gratiam</strong></span> <span class='ocrx_word' id='word_1_188' title='bbox 1438 2440 1573 2504; x_wconf 80' lang='lat' dir='ltr'><strong>dixi;</strong></span> <span class='ocrx_word' id='word_1_189' title='bbox 1605 2448 1660 2494; x_wconf 92' lang='lat' dir='ltr'><strong>ut</strong></span> <span class='ocrx_word' id='word_1_190' title='bbox 1686 2440 1729 2493; x_wconf 91' lang='lat' dir='ltr'><strong>si</strong></span> <span class='ocrx_word' id='word_1_191' title='bbox 1754 2438 1893 2507; x_wconf 90' lang='lat' dir='ltr'><strong>quis,</strong></span> <span class='ocrx_word' id='word_1_192' title='bbox 1918 2437 1961 2491; x_wconf 92' lang='lat' dir='ltr'><strong>si</strong></span> <span class='ocrx_word' id='word_1_193' title='bbox 1986 2450 2090 2489; x_wconf 91' lang='lat' dir='ltr'><strong>non</strong></span> <span class='ocrx_word' id='word_1_194' title='bbox 2116 2435 2166 2488; x_wconf 91' lang='lat' dir='ltr'><strong>in</strong></span> 
     </span>
    </p>
   </div>
   <div class='ocr_carea' id='block_1_25' title="bbox 588 2528 2169 2605">
    <p class='ocr_par' dir='ltr' id='par_1_25' title="bbox 588 2528 2169 2605">
     <span class='ocr_line' id='line_1_25' title="bbox 588 2528 2169 2605; baseline -0.006 -17"><span class='ocrx_word' id='word_1_195' title='bbox 588 2536 754 2605; x_wconf 88' lang='lat' dir='ltr'><strong>paria,</strong></span> <span class='ocrx_word' id='word_1_196' title='bbox 783 2536 836 2590; x_wconf 91' lang='lat' dir='ltr'><strong>in</strong></span> <span class='ocrx_word' id='word_1_197' title='bbox 867 2535 966 2588; x_wconf 88' lang='lat' dir='ltr'><strong>alia</strong></span> <span class='ocrx_word' id='word_1_198' title='bbox 998 2543 1171 2588; x_wconf 91' lang='lat' dir='ltr'><strong>tamen</strong></span> <span class='ocrx_word' id='word_1_199' title='bbox 1202 2533 1401 2588; x_wconf 85' lang='lat' dir='ltr'><strong>incidat</strong></span> <span class='ocrx_word' id='word_1_200' title='bbox 1421 2572 1436 2599; x_wconf 92' lang='lat'><strong>,</strong></span> <span class='ocrx_word' id='word_1_201' title='bbox 1469 2546 1653 2587; x_wconf 91' lang='lat' dir='ltr'><strong>eorum</strong></span> <span class='ocrx_word' id='word_1_202' title='bbox 1685 2528 1995 2584; x_wconf 85' lang='lat' dir='ltr'><strong>memoriam</strong></span> <span class='ocrx_word' id='word_1_203' title='bbox 2027 2541 2169 2581; x_wconf 78' lang='lat' dir='ltr'><strong>sem—</strong></span> 
     </span>
    </p>
   </div>
   <div class='ocr_carea' id='block_1_26' title="bbox 588 2619 2173 2696">
    <p class='ocr_par' dir='ltr' id='par_1_26' title="bbox 588 2619 2173 2696">
     <span class='ocr_line' id='line_1_26' title="bbox 588 2619 2173 2696; baseline -0.003 -20"><span class='ocrx_word' id='word_1_204' title='bbox 588 2641 683 2696; x_wconf 82' lang='lat' dir='ltr'><strong>per</strong></span> <span class='ocrx_word' id='word_1_205' title='bbox 712 2635 906 2680; x_wconf 74' lang='lat' dir='ltr'><strong>servet.</strong></span> <span class='ocrx_word' id='word_1_206' title='bbox 940 2624 1096 2679; x_wconf 82' lang='lat' dir='ltr'><strong>Verbi</strong></span> <span class='ocrx_word' id='word_1_207' title='bbox 1121 2626 1309 2693; x_wconf 88' lang='lat' dir='ltr'><strong>gratia,</strong></span> <span class='ocrx_word' id='word_1_208' title='bbox 1342 2624 1384 2677; x_wconf 92' lang='lat' dir='ltr'><strong>si</strong></span> <span class='ocrx_word' id='word_1_209' title='bbox 1415 2623 1569 2691; x_wconf 80' lang='lat' dir='ltr'><strong>lapis,</strong></span> <span class='ocrx_word' id='word_1_210' title='bbox 1600 2622 1652 2674; x_wconf 90' lang='lat' dir='ltr'><strong>in</strong></span> <span class='ocrx_word' id='word_1_211' title='bbox 1684 2630 1735 2675; x_wconf 91' lang='lat' dir='ltr'><strong>te</strong></span> <span class='ocrx_word' id='word_1_212' title='bbox 1765 2619 2066 2689; x_wconf 89' lang='lat' dir='ltr'><strong>conjectus,</strong></span> <span class='ocrx_word' id='word_1_213' title='bbox 2095 2625 2173 2672; x_wconf 85' lang='lat' dir='ltr'><strong>te-</strong></span> 
     </span>
    </p>
   </div>
   <div class='ocr_carea' id='block_1_27' title="bbox 653 2794 2172 2860">
    <p class='ocr_par' dir='ltr' id='par_1_27' title="bbox 653 2794 2172 2860">
     <span class='ocr_line' id='line_1_27' title="bbox 653 2794 2172 2860; baseline -0.005 -12"><span class='ocrx_word' id='word_1_214' title='bbox 653 2801 667 2829; x_wconf 81' lang='grc'>¹</span> <span class='ocrx_word' id='word_1_215' title='bbox 706 2797 1017 2860; x_wconf 72' lang='lat' dir='ltr'><strong>Martyrium,</strong></span> <span class='ocrx_word' id='word_1_216' title='bbox 1046 2797 1252 2860; x_wconf 70' lang='lat' dir='ltr'><strong>ecclesia</strong></span> <span class='ocrx_word' id='word_1_217' title='bbox 1293 2806 1580 2860; x_wconf 70' lang='lat' dir='ltr'><strong>martyrum,</strong></span> <span class='ocrx_word' id='word_1_218' title='bbox 1612 2795 1693 2846; x_wconf 89' lang='lat' dir='ltr'><strong>vel</strong></span> <span class='ocrx_word' id='word_1_219' title='bbox 1734 2798 1781 2860; x_wconf 83' lang='lat' dir='ltr'><strong>in</strong></span> <span class='ocrx_word' id='word_1_220' title='bbox 1821 2808 1917 2860; x_wconf 87' lang='lat' dir='ltr'><strong>qua</strong></span> <span class='ocrx_word' id='word_1_221' title='bbox 1944 2794 2172 2855; x_wconf 60' lang='lat' dir='ltr'><strong>reliquiae</strong></span> 
     </span>
    </p>
   </div>
   <div class='ocr_carea' id='block_1_28' title="bbox 586 2857 2169 2970">
    <p class='ocr_par' dir='ltr' id='par_1_28' title="bbox 586 2857 2169 2970">
     <span class='ocr_line' id='line_1_28' title="bbox 586 2857 2169 2967; baseline -0.003 -60"><span class='ocrx_word' id='word_1_222' title='bbox 586 2857 850 2967; x_wconf 40' lang='lat' dir='ltr'><strong>aliartyrtqni</strong></span> <span class='ocrx_word' id='word_1_223' title='bbox 872 2859 1187 2908; x_wconf 86' lang='lat' dir='ltr'><strong>habebantur.</strong></span> <span class='ocrx_word' id='word_1_224' title='bbox 1215 2858 1320 2908; x_wconf 78' lang='lat' dir='ltr'><strong>Vox</strong></span> <span class='ocrx_word' id='word_1_225' title='bbox 1355 2857 1589 2921; x_wconf 83' lang='lat' dir='ltr'><strong>frequens</strong></span> <span class='ocrx_word' id='word_1_226' title='bbox 1622 2858 1747 2920; x_wconf 87' lang='lat' dir='ltr'><strong>apud</strong></span> <span class='ocrx_word' id='word_1_227' title='bbox 1795 2859 2062 2919; x_wconf 83' lang='lat' dir='ltr'><strong>Scriptores</strong></span> <span class='ocrx_word' id='word_1_228' title='bbox 2090 2868 2169 2903; x_wconf 87' lang='lat' dir='ltr'><strong>ec-</strong></span> 
     </span>
     <span class='ocr_line' id='line_1_29' title="bbox 586 2933 904 2970; baseline 0.006 -4"><span class='ocrx_word' id='word_1_229' title='bbox 586 2937 614 2966; x_wconf 79' lang='lat' dir='ltr'><strong>c</strong></span> <span class='ocrx_word' id='word_1_230' title='bbox 636 2933 762 2970; x_wconf 76' lang='lat' dir='ltr'><strong>cstas</strong></span> <span class='ocrx_word' id='word_1_231' title='bbox 803 2933 904 2968; x_wconf 84' lang='lat' dir='ltr'><strong>eos.</strong></span> 
     </span>
    </p>
   </div>
   <div class='ocr_carea' id='block_1_29' title="bbox 1366 298 3167 371">
    <p class='ocr_par' dir='ltr' id='par_1_29' title="bbox 1366 298 3167 371">
     <span class='ocr_line' id='line_1_30' title="bbox 1366 298 3167 371; baseline -0.009 -1"><span class='ocrx_word' id='word_1_232' title='bbox 1366 317 1419 371; x_wconf 93' lang='lat' dir='ltr'><strong>S.</strong></span> <span class='ocrx_word' id='word_1_233' title='bbox 1460 311 1734 369; x_wconf 71' lang='lat' dir='ltr'><strong>JUANNIS</strong></span> <span class='ocrx_word' id='word_1_234' title='bbox 1770 304 2243 365; x_wconf 72' lang='lat' dir='ltr'><strong>CHRYSOSTOMI</strong></span> <span class='ocrx_word' id='word_1_235' title='bbox 2285 302 2601 358; x_wconf 66' lang='lat' dir='ltr'><strong>AllCllllﬁP.</strong></span> <span class='ocrx_word' id='word_1_236' title='bbox 2632 298 3167 357; x_wconf 69' lang='lat' dir='ltr'><strong>CONSTANTINOP.</strong></span> 
     </span>
    </p>
   </div>
   <div class='ocr_carea' id='block_1_30' title="bbox 2257 418 3857 493">
    <p class='ocr_par' dir='ltr' id='par_1_30' title="bbox 2257 418 3857 493">
     <span class='ocr_line' id='line_1_31' title="bbox 2257 418 3857 493; baseline -0.003 -18"><span class='ocrx_word' id='word_1_237' title='bbox 2257 436 2359 493; x_wconf 92' lang='lat' dir='ltr'><strong>que</strong></span> <span class='ocrx_word' id='word_1_238' title='bbox 2378 428 2523 477; x_wconf 89' lang='lat' dir='ltr'><strong>recta</strong></span> <span class='ocrx_word' id='word_1_239' title='bbox 2546 422 2830 490; x_wconf 90' lang='lat' dir='ltr'><strong>impetens,</strong></span> <span class='ocrx_word' id='word_1_240' title='bbox 2852 435 2959 475; x_wconf 92' lang='lat' dir='ltr'><strong>non</strong></span> <span class='ocrx_word' id='word_1_241' title='bbox 2984 422 3033 475; x_wconf 91' lang='lat' dir='ltr'><strong>in</strong></span> <span class='ocrx_word' id='word_1_242' title='bbox 3056 431 3105 475; x_wconf 90' lang='lat' dir='ltr'><strong>te</strong></span> <span class='ocrx_word' id='word_1_243' title='bbox 3125 418 3339 487; x_wconf 91' lang='lat' dir='ltr'><strong>incidat,</strong></span> <span class='ocrx_word' id='word_1_244' title='bbox 3361 419 3519 487; x_wconf 87' lang='lat' dir='ltr'><strong>hujus</strong></span> <span class='ocrx_word' id='word_1_245' title='bbox 3540 434 3762 489; x_wconf 88' lang='lat' dir='ltr'><strong>semper</strong></span> <span class='ocrx_word' id='word_1_246' title='bbox 3778 420 3857 472; x_wconf 78' lang='lat' dir='ltr'><strong>sis</strong></span> 
     </span>
    </p>
   </div>
   <div class='ocr_carea' id='block_1_31' title="bbox 2259 512 3856 585">
    <p class='ocr_par' dir='ltr' id='par_1_31' title="bbox 2259 512 3856 585">
     <span class='ocr_line' id='line_1_32' title="bbox 2259 512 3856 585; baseline -0.002 -17"><span class='ocrx_word' id='word_1_247' title='bbox 2259 529 2466 569; x_wconf 90' lang='lat' dir='ltr'><strong>memor</strong></span> <span class='ocrx_word' id='word_1_248' title='bbox 2491 531 2504 569; x_wconf 90' lang='lat'><strong>:</strong></span> <span class='ocrx_word' id='word_1_249' title='bbox 2536 513 2637 569; x_wconf 90' lang='lat' dir='ltr'><strong>hoc</strong></span> <span class='ocrx_word' id='word_1_250' title='bbox 2669 514 2823 568; x_wconf 86' lang='lat' dir='ltr'><strong>nobis</strong></span> <span class='ocrx_word' id='word_1_251' title='bbox 2851 529 3096 585; x_wconf 82' lang='lat' dir='ltr'><strong>magnam</strong></span> <span class='ocrx_word' id='word_1_252' title='bbox 3133 514 3223 571; x_wconf 91' lang='lat' dir='ltr'><strong>Dei</strong></span> <span class='ocrx_word' id='word_1_253' title='bbox 3252 514 3538 569; x_wconf 87' lang='lat' dir='ltr'><strong>amicitiam</strong></span> <span class='ocrx_word' id='word_1_254' title='bbox 3568 512 3856 567; x_wconf 76' lang='lat' dir='ltr'><strong>conciliat.</strong></span> 
     </span>
    </p>
   </div>
   <div class='ocr_carea' id='block_1_32' title="bbox 2260 605 3863 677">
    <p class='ocr_par' dir='ltr' id='par_1_32' title="bbox 2260 605 3863 677">
     <span class='ocr_line' id='line_1_33' title="bbox 2260 605 3863 677; baseline -0.002 -14"><span class='ocrx_word' id='word_1_255' title='bbox 2260 606 2313 663; x_wconf 87' lang='lat' dir='ltr'><strong>Si</strong></span> <span class='ocrx_word' id='word_1_256' title='bbox 2344 605 2487 660; x_wconf 91' lang='lat' dir='ltr'><strong>enim</strong></span> <span class='ocrx_word' id='word_1_257' title='bbox 2526 620 2649 659; x_wconf 90' lang='lat' dir='ltr'><strong>cum</strong></span> <span class='ocrx_word' id='word_1_258' title='bbox 2688 605 3035 661; x_wconf 90' lang='lat' dir='ltr'><strong>recordamur</strong></span> <span class='ocrx_word' id='word_1_259' title='bbox 3064 606 3367 672; x_wconf 92' lang='lat' dir='ltr'><strong>hominum,</strong></span> <span class='ocrx_word' id='word_1_260' title='bbox 3402 605 3491 677; x_wconf 78' lang='lat' dir='ltr'><strong>qui</strong></span> <span class='ocrx_word' id='word_1_261' title='bbox 3532 621 3628 660; x_wconf 83' lang='lat' dir='ltr'><strong>nos</strong></span> <span class='ocrx_word' id='word_1_262' title='bbox 3654 620 3863 660; x_wconf 66' lang='lat' dir='ltr'><strong>serva-</strong></span> 
     </span>
    </p>
   </div>
   <div class='ocr_carea' id='block_1_33' title="bbox 2260 697 3866 768">
    <p class='ocr_par' dir='ltr' id='par_1_33' title="bbox 2260 697 3866 768">
     <span class='ocr_line' id='line_1_34' title="bbox 2260 697 3866 768; baseline -0.001 -16"><span class='ocrx_word' id='word_1_263' title='bbox 2260 708 2419 764; x_wconf 90' lang='lat' dir='ltr'><strong>runt,</strong></span> <span class='ocrx_word' id='word_1_264' title='bbox 2450 711 2774 767; x_wconf 78' lang='lat' dir='ltr'><strong>magnopere</strong></span> <span class='ocrx_word' id='word_1_265' title='bbox 2798 698 3043 752; x_wconf 88' lang='lat' dir='ltr'><strong>dolemus</strong></span> <span class='ocrx_word' id='word_1_266' title='bbox 3064 740 3077 763; x_wconf 91' lang='lat'><strong>,</strong></span> <span class='ocrx_word' id='word_1_267' title='bbox 3109 699 3151 751; x_wconf 91' lang='lat' dir='ltr'><strong>si</strong></span> <span class='ocrx_word' id='word_1_268' title='bbox 3180 713 3285 753; x_wconf 89' lang='lat' dir='ltr'><strong>non</strong></span> <span class='ocrx_word' id='word_1_269' title='bbox 3315 700 3575 768; x_wconf 89' lang='lat' dir='ltr'><strong>possimus</strong></span> <span class='ocrx_word' id='word_1_270' title='bbox 3607 697 3742 768; x_wconf 83' lang='lat' dir='ltr'><strong>ipsis</strong></span> <span class='ocrx_word' id='word_1_271' title='bbox 3773 697 3866 751; x_wconf 68' lang='grc' dir='ltr'><strong>τί-</strong></span> 
     </span>
    </p>
   </div>
   <div class='ocr_carea' id='block_1_34' title="bbox 2259 790 2785 857">
    <p class='ocr_par' dir='ltr' id='par_1_34' title="bbox 2259 790 2785 857">
     <span class='ocr_line' id='line_1_35' title="bbox 2259 790 2785 857; baseline 0.004 -15"><span class='ocrx_word' id='word_1_272' title='bbox 2259 802 2376 843; x_wconf 91' lang='lat' dir='ltr'><strong>cem</strong></span> <span class='ocrx_word' id='word_1_273' title='bbox 2424 790 2722 857; x_wconf 88' lang='lat' dir='ltr'><strong>rependere</strong></span> <span class='ocrx_word' id='word_1_274' title='bbox 2771 808 2785 844; x_wconf 91' lang='lat'><strong>:</strong></span> 
     </span>
    </p>
   </div>
   <div class='ocr_carea' id='block_1_35' title="bbox 3750 295 3859 353">
    <p class='ocr_par' dir='ltr' id='par_1_35' title="bbox 3750 295 3859 353">
     <span class='ocr_line' id='line_1_36' title="bbox 3750 295 3859 353; baseline -0.018 -1"><span class='ocrx_word' id='word_1_275' title='bbox 3750 295 3859 353; x_wconf 73' lang='grc' dir='ltr'>Ξῖὸ</span> 
     </span>
    </p>
   </div>
   <div class='ocr_carea' id='block_1_36' title="bbox 2832 790 3872 863">
    <p class='ocr_par' dir='ltr' id='par_1_36' title="bbox 2832 790 3872 863">
     <span class='ocr_line' id='line_1_37' title="bbox 2832 790 3872 863; baseline 0.003 -20"><span class='ocrx_word' id='word_1_276' title='bbox 2832 791 3000 844; x_wconf 93' lang='lat' dir='ltr'><strong>multo</strong></span> <span class='ocrx_word' id='word_1_277' title='bbox 3044 790 3211 861; x_wconf 87' lang='lat' dir='ltr'><strong>magis</strong></span> <span class='ocrx_word' id='word_1_278' title='bbox 3258 791 3368 847; x_wconf 89' lang='lat' dir='ltr'><strong>Deo</strong></span> <span class='ocrx_word' id='word_1_279' title='bbox 3412 793 3603 863; x_wconf 77' lang='lat' dir='ltr'><strong>gratias</strong></span> <span class='ocrx_word' id='word_1_280' title='bbox 3644 792 3872 847; x_wconf 82' lang='lat' dir='ltr'><strong>habere</strong></span> 
     </span>
    </p>
   </div>
   <div class='ocr_carea' id='block_1_37' title="bbox 2262 880 3869 954">
    <p class='ocr_par' dir='ltr' id='par_1_37' title="bbox 2262 880 3869 954">
     <span class='ocr_line' id='line_1_38' title="bbox 2262 880 3869 954; baseline 0.001 -18"><span class='ocrx_word' id='word_1_281' title='bbox 2262 889 2493 950; x_wconf 84' lang='lat' dir='ltr'><strong>oportet.</strong></span> <span class='ocrx_word' id='word_1_282' title='bbox 2526 880 2579 934; x_wconf 79' lang='grc' dir='ltr'>ω</span> <span class='ocrx_word' id='word_1_283' title='bbox 2620 890 2675 936; x_wconf 90' lang='lat' dir='ltr'><strong>et</strong></span> <span class='ocrx_word' id='word_1_284' title='bbox 2704 880 2837 935; x_wconf 88' lang='lat' dir='ltr'><strong>alias</strong></span> <span class='ocrx_word' id='word_1_285' title='bbox 2878 882 3007 935; x_wconf 91' lang='lat' dir='ltr'><strong>utile</strong></span> <span class='ocrx_word' id='word_1_286' title='bbox 3036 891 3137 935; x_wconf 90' lang='lat' dir='ltr'><strong>est.</strong></span> <span class='ocrx_word' id='word_1_287' title='bbox 3169 882 3222 937; x_wconf 89' lang='lat' dir='ltr'><strong>Si</strong></span> <span class='ocrx_word' id='word_1_288' title='bbox 3255 886 3431 954; x_wconf 87' lang='lat' dir='ltr'><strong>itaque</strong></span> <span class='ocrx_word' id='word_1_289' title='bbox 3467 884 3707 938; x_wconf 81' lang='lat' dir='ltr'><strong>volumus</strong></span> <span class='ocrx_word' id='word_1_290' title='bbox 3746 899 3869 937; x_wconf 80' lang='lat' dir='ltr'><strong>non</strong></span> 
     </span>
    </p>
   </div>
   <div class='ocr_carea' id='block_1_38' title="bbox 2264 971 3871 1046">
    <p class='ocr_par' dir='ltr' id='par_1_38' title="bbox 2264 971 3871 1046">
     <span class='ocr_line' id='line_1_39' title="bbox 2264 971 3871 1046; baseline 0.002 -20"><span class='ocrx_word' id='word_1_291' title='bbox 2264 973 2485 1028; x_wconf 90' lang='lat' dir='ltr'><strong>nimium</strong></span> <span class='ocrx_word' id='word_1_292' title='bbox 2519 971 2703 1028; x_wconf 83' lang='lat' dir='ltr'><strong>dolere</strong></span> <span class='ocrx_word' id='word_1_293' title='bbox 2724 1016 2737 1035; x_wconf 87' lang='lat'><strong>,</strong></span> <span class='ocrx_word' id='word_1_294' title='bbox 2769 972 3008 1027; x_wconf 84' lang='lat' dir='ltr'><strong>dicamus</strong></span> <span class='ocrx_word' id='word_1_295' title='bbox 3038 992 3051 1027; x_wconf 89' lang='lat'><strong>:</strong></span> <span class='ocrx_word' id='word_1_296' title='bbox 3081 973 3143 1027; x_wconf 92' lang='lat' dir='ltr'><strong>Si</strong></span> <span class='ocrx_word' id='word_1_297' title='bbox 3180 974 3311 1027; x_wconf 90' lang='lat' dir='ltr'><strong>bona</strong></span> <span class='ocrx_word' id='word_1_298' title='bbox 3347 978 3647 1046; x_wconf 75' lang='lat' dir='ltr'><strong>suscepittnts</strong></span> <span class='ocrx_word' id='word_1_299' title='bbox 3670 992 3708 1027; x_wconf 84' lang='grc' dir='ltr'><em>α</em></span> <span class='ocrx_word' id='word_1_300' title='bbox 3745 974 3871 1029; x_wconf 86' lang='lat' dir='ltr'><strong>Do-</strong></span> 
     </span>
    </p>
   </div>
   <div class='ocr_carea' id='block_1_39' title="bbox 2264 1062 3874 1135">
    <p class='ocr_par' dir='ltr' id='par_1_39' title="bbox 2264 1062 3874 1135">
     <span class='ocr_line' id='line_1_40' title="bbox 2264 1062 3874 1135; baseline -0.001 -18"><span class='ocrx_word' id='word_1_301' title='bbox 2264 1064 2433 1129; x_wconf 85' lang='lat' dir='ltr'><strong>mina,</strong></span> <span class='ocrx_word' id='word_1_302' title='bbox 2466 1080 2638 1118; x_wconf 86' lang='lat' dir='ltr'><strong>annon</strong></span> <span class='ocrx_word' id='word_1_303' title='bbox 2675 1062 2811 1116; x_wconf 87' lang='lat' dir='ltr'><strong>mala</strong></span> <span class='ocrx_word' id='word_1_304' title='bbox 2858 1064 3076 1133; x_wconf 76' lang='lat' dir='ltr'><strong>feremus</strong></span> <span class='ocrx_word' id='word_1_305' title='bbox 3114 1063 3249 1134; x_wconf 80' lang='lat' dir='ltr'><strong>(Job</strong></span> <span class='ocrx_word' id='word_1_306' title='bbox 3277 1064 3331 1119; x_wconf 76' lang='lat'><strong>2.</strong></span> <span class='ocrx_word' id='word_1_307' title='bbox 3390 1066 3451 1121; x_wconf 79' lang='lat' dir='ltr'><strong>i0</strong></span> <span class='ocrx_word' id='word_1_308' title='bbox 3476 1068 3530 1135; x_wconf 86' lang='lat'><strong>)?</strong></span> <span class='ocrx_word' id='word_1_309' title='bbox 3561 1067 3623 1120; x_wconf 86' lang='lat' dir='ltr'><strong>Et</strong></span> <span class='ocrx_word' id='word_1_310' title='bbox 3651 1067 3874 1121; x_wconf 56' lang='lat' dir='ltr'><strong>Paulus</strong></span> 
     </span>
    </p>
   </div>
   <div class='ocr_carea' id='block_1_40' title="bbox 2267 1155 3873 1221">
    <p class='ocr_par' dir='ltr' id='par_1_40' title="bbox 2267 1155 3873 1221">
     <span class='ocr_line' id='line_1_41' title="bbox 2267 1155 3873 1221; baseline 0.002 -12"><span class='ocrx_word' id='word_1_311' title='bbox 2267 1156 2386 1210; x_wconf 90' lang='lat' dir='ltr'><strong>ideo</strong></span> <span class='ocrx_word' id='word_1_312' title='bbox 2415 1155 2627 1210; x_wconf 90' lang='lat' dir='ltr'><strong>dicebat</strong></span> <span class='ocrx_word' id='word_1_313' title='bbox 2646 1197 2661 1221; x_wconf 94' lang='lat'><strong>,</strong></span> <span class='ocrx_word' id='word_1_314' title='bbox 2695 1155 2835 1212; x_wconf 86' lang='lat' dir='ltr'><strong>unde</strong></span> <span class='ocrx_word' id='word_1_315' title='bbox 2865 1156 3119 1210; x_wconf 88' lang='lat' dir='ltr'><strong>liberatus</strong></span> <span class='ocrx_word' id='word_1_316' title='bbox 3144 1165 3319 1221; x_wconf 89' lang='lat' dir='ltr'><strong>esset,</strong></span> <span class='ocrx_word' id='word_1_317' title='bbox 3351 1165 3406 1210; x_wconf 89' lang='lat' dir='ltr'><strong>ut</strong></span> <span class='ocrx_word' id='word_1_318' title='bbox 3432 1158 3559 1211; x_wconf 89' lang='lat' dir='ltr'><strong>alios</strong></span> <span class='ocrx_word' id='word_1_319' title='bbox 3587 1156 3873 1212; x_wconf 82' lang='lat' dir='ltr'><strong>admone-</strong></span> 
     </span>
    </p>
   </div>
   <div class='ocr_carea' id='block_1_41' title="bbox 2265 1247 3878 1318">
    <p class='ocr_par' dir='ltr' id='par_1_41' title="bbox 2265 1247 3878 1318">
     <span class='ocr_line' id='line_1_42' title="bbox 2265 1247 3878 1318; baseline 0.002 -16"><span class='ocrx_word' id='word_1_320' title='bbox 2265 1257 2368 1303; x_wconf 87' lang='lat' dir='ltr'><strong>ret.</strong></span> <span class='ocrx_word' id='word_1_321' title='bbox 2401 1248 2534 1303; x_wconf 82' lang='lat' dir='ltr'><strong>Vide</strong></span> <span class='ocrx_word' id='word_1_322' title='bbox 2563 1257 2617 1303; x_wconf 91' lang='lat' dir='ltr'><strong>et</strong></span> <span class='ocrx_word' id='word_1_323' title='bbox 2646 1247 2925 1313; x_wconf 82' lang='lat' dir='ltr'><strong>Jacobum,</strong></span> <span class='ocrx_word' id='word_1_324' title='bbox 2960 1248 3228 1318; x_wconf 90' lang='lat' dir='ltr'><strong>quomodo</strong></span> <span class='ocrx_word' id='word_1_325' title='bbox 3260 1249 3349 1302; x_wconf 90' lang='lat' dir='ltr'><strong>illa</strong></span> <span class='ocrx_word' id='word_1_326' title='bbox 3378 1251 3552 1304; x_wconf 84' lang='lat' dir='ltr'><strong>omnia</strong></span> <span class='ocrx_word' id='word_1_327' title='bbox 3581 1250 3632 1304; x_wconf 89' lang='lat' dir='ltr'><strong>iu</strong></span> <span class='ocrx_word' id='word_1_328' title='bbox 3668 1261 3878 1305; x_wconf 84' lang='lat' dir='ltr'><strong>mente</strong></span> 
     </span>
    </p>
   </div>
   <div class='ocr_carea' id='block_1_42' title="bbox 2267 1339 3874 1411">
    <p class='ocr_par' dir='ltr' id='par_1_42' title="bbox 2267 1339 3874 1411">
     <span class='ocr_line' id='line_1_43' title="bbox 2267 1339 3874 1411; baseline 0 -17"><span class='ocrx_word' id='word_1_329' title='bbox 2267 1341 2483 1405; x_wconf 87' lang='lat' dir='ltr'><strong>habuit;</strong></span> <span class='ocrx_word' id='word_1_330' title='bbox 2516 1340 2635 1395; x_wconf 90' lang='lat' dir='ltr'><strong>ideo</strong></span> <span class='ocrx_word' id='word_1_331' title='bbox 2662 1339 2871 1395; x_wconf 82' lang='lat' dir='ltr'><strong>diccbat</strong></span> <span class='ocrx_word' id='word_1_332' title='bbox 2901 1358 2913 1393; x_wconf 90' lang='lat'><strong>:</strong></span> <span class='ocrx_word' id='word_1_333' title='bbox 2944 1340 3165 1411; x_wconf 79' lang='lat' dir='ltr'><strong>Angelus</strong></span> <span class='ocrx_word' id='word_1_334' title='bbox 3185 1340 3272 1409; x_wconf 88' lang='lat' dir='ltr'><strong>qui</strong></span> <span class='ocrx_word' id='word_1_335' title='bbox 3300 1341 3482 1409; x_wconf 80' lang='lat' dir='ltr'><strong>eripuit</strong></span> <span class='ocrx_word' id='word_1_336' title='bbox 3512 1359 3587 1395; x_wconf 79' lang='lat' dir='ltr'><strong>me</strong></span> <span class='ocrx_word' id='word_1_337' title='bbox 3608 1360 3637 1394; x_wconf 89' lang='lat' dir='ltr'><strong>a</strong></span> <span class='ocrx_word' id='word_1_338' title='bbox 3658 1342 3874 1411; x_wconf 71' lang='lat' dir='ltr'><strong>iuren-</strong></span> 
     </span>
    </p>
   </div>
   <div class='ocr_carea' id='block_1_43' title="bbox 2267 1431 3879 1503">
    <p class='ocr_par' dir='ltr' id='par_1_43' title="bbox 2267 1431 3879 1503">
     <span class='ocr_line' id='line_1_44' title="bbox 2267 1431 3879 1503; baseline 0.002 -18"><span class='ocrx_word' id='word_1_339' title='bbox 2267 1442 2370 1485; x_wconf 85' lang='lat' dir='ltr'><strong>tute</strong></span> <span class='ocrx_word' id='word_1_340' title='bbox 2390 1449 2499 1486; x_wconf 86' lang='lat' dir='ltr'><strong>mea</strong></span> <span class='ocrx_word' id='word_1_341' title='bbox 2520 1431 2674 1502; x_wconf 81' lang='lat' dir='ltr'><strong>(Gen.</strong></span> <span class='ocrx_word' id='word_1_342' title='bbox 2698 1433 2786 1488; x_wconf 71' lang='grc'><strong>48.</strong></span> <span class='ocrx_word' id='word_1_343' title='bbox 2814 1433 2922 1503; x_wconf 76' lang='grc'><strong>16).</strong></span> <span class='ocrx_word' id='word_1_344' title='bbox 2949 1431 3054 1488; x_wconf 89' lang='lat' dir='ltr'><strong>Sed</strong></span> <span class='ocrx_word' id='word_1_345' title='bbox 3075 1434 3369 1502; x_wconf 81' lang='lat' dir='ltr'><strong>cogitemus</strong></span> <span class='ocrx_word' id='word_1_346' title='bbox 3391 1449 3493 1488; x_wconf 90' lang='lat' dir='ltr'><strong>non</strong></span> <span class='ocrx_word' id='word_1_347' title='bbox 3518 1435 3679 1489; x_wconf 90' lang='lat' dir='ltr'><strong>solum</strong></span> <span class='ocrx_word' id='word_1_348' title='bbox 3710 1435 3879 1503; x_wconf 81' lang='lat' dir='ltr'><strong>quod</strong></span> 
     </span>
    </p>
   </div>
   <div class='ocr_carea' id='block_1_44' title="bbox 2268 1523 3882 1597">
    <p class='ocr_par' dir='ltr' id='par_1_44' title="bbox 2268 1523 3882 1597">
     <span class='ocr_line' id='line_1_45' title="bbox 2268 1523 3882 1597; baseline 0.002 -18"><span class='ocrx_word' id='word_1_349' title='bbox 2268 1526 2502 1591; x_wconf 90' lang='lat' dir='ltr'><strong>eruerit,</strong></span> <span class='ocrx_word' id='word_1_350' title='bbox 2531 1523 2628 1580; x_wconf 85' lang='lat' dir='ltr'><strong>sed</strong></span> <span class='ocrx_word' id='word_1_351' title='bbox 2654 1525 2813 1580; x_wconf 88' lang='lat' dir='ltr'><strong>etiam</strong></span> <span class='ocrx_word' id='word_1_352' title='bbox 2845 1526 3117 1596; x_wconf 90' lang='lat' dir='ltr'><strong>quomodo</strong></span> <span class='ocrx_word' id='word_1_353' title='bbox 3142 1536 3193 1580; x_wconf 90' lang='lat' dir='ltr'><strong>et</strong></span> <span class='ocrx_word' id='word_1_354' title='bbox 3220 1541 3323 1597; x_wconf 89' lang='lat' dir='ltr'><strong>qua</strong></span> <span class='ocrx_word' id='word_1_355' title='bbox 3352 1528 3402 1580; x_wconf 86' lang='lat' dir='ltr'><strong>in</strong></span> <span class='ocrx_word' id='word_1_356' title='bbox 3434 1542 3509 1582; x_wconf 94' lang='lat' dir='ltr'><strong>re.</strong></span> <span class='ocrx_word' id='word_1_357' title='bbox 3539 1527 3665 1581; x_wconf 89' lang='lat' dir='ltr'><strong>Vide</strong></span> <span class='ocrx_word' id='word_1_358' title='bbox 3692 1528 3882 1596; x_wconf 72' lang='lat' dir='ltr'><strong>igitur</strong></span> 
     </span>
    </p>
   </div>
   <div class='ocr_carea' id='block_1_45' title="bbox 2270 1618 3884 1690">
    <p class='ocr_par' dir='ltr' id='par_1_45' title="bbox 2270 1618 3884 1690">
     <span class='ocr_line' id='line_1_46' title="bbox 2270 1618 3884 1690; baseline 0.001 -17"><span class='ocrx_word' id='word_1_359' title='bbox 2270 1619 2418 1674; x_wconf 90' lang='lat' dir='ltr'><strong>illum</strong></span> <span class='ocrx_word' id='word_1_360' title='bbox 2459 1619 2736 1689; x_wconf 85' lang='lat' dir='ltr'><strong>speciatim</strong></span> <span class='ocrx_word' id='word_1_361' title='bbox 2764 1618 3017 1675; x_wconf 80' lang='lat' dir='ltr'><strong>beneficia</strong></span> <span class='ocrx_word' id='word_1_362' title='bbox 3050 1630 3579 1675; x_wconf 78' lang='lat' dir='ltr'><strong>commemorantem.</strong></span> <span class='ocrx_word' id='word_1_363' title='bbox 3614 1618 3673 1674; x_wconf 90' lang='lat' dir='ltr'><strong>In</strong></span> <span class='ocrx_word' id='word_1_364' title='bbox 3716 1621 3884 1690; x_wconf 75' lang='lat' dir='ltr'><strong>virga</strong></span> 
     </span>
    </p>
   </div>
   <div class='ocr_carea' id='block_1_46' title="bbox 2270 1709 3883 1782">
    <p class='ocr_par' dir='ltr' id='par_1_46' title="bbox 2270 1709 3883 1782">
     <span class='ocr_line' id='line_1_47' title="bbox 2270 1709 3883 1782; baseline 0.001 -18"><span class='ocrx_word' id='word_1_365' title='bbox 2270 1728 2401 1778; x_wconf 87' lang='lat' dir='ltr'><strong>mea,</strong></span> <span class='ocrx_word' id='word_1_366' title='bbox 2432 1712 2634 1781; x_wconf 88' lang='lat' dir='ltr'><strong>inquit,</strong></span> <span class='ocrx_word' id='word_1_367' title='bbox 2665 1712 2871 1765; x_wconf 73' lang='lat' dir='ltr'><strong>transivi</strong></span> <span class='ocrx_word' id='word_1_368' title='bbox 2898 1709 3183 1765; x_wconf 70' lang='lat' dir='ltr'><strong>Iordanem</strong></span> <span class='ocrx_word' id='word_1_369' title='bbox 3216 1712 3233 1782; x_wconf 96' lang='lat'><strong>(</strong></span> <span class='ocrx_word' id='word_1_370' title='bbox 3260 1710 3388 1766; x_wconf 80' lang='lat' dir='ltr'><strong>Gen.</strong></span> <span class='ocrx_word' id='word_1_371' title='bbox 3414 1712 3501 1767; x_wconf 72' lang='lat'><strong>32.</strong></span> <span class='ocrx_word' id='word_1_372' title='bbox 3530 1711 3655 1781; x_wconf 86' lang='lat' dir='ltr'><strong>l0).</strong></span> <span class='ocrx_word' id='word_1_373' title='bbox 3682 1711 3883 1766; x_wconf 63' lang='lat' dir='ltr'><strong>Judxi</strong></span> 
     </span>
    </p>
   </div>
   <div class='ocr_carea' id='block_1_47' title="bbox 2274 1803 3882 1874">
    <p class='ocr_par' dir='ltr' id='par_1_47' title="bbox 2274 1803 3882 1874">
     <span class='ocr_line' id='line_1_48' title="bbox 2274 1803 3882 1874; baseline -0.001 -17"><span class='ocrx_word' id='word_1_374' title='bbox 2274 1819 2400 1859; x_wconf 78' lang='lat' dir='ltr'><strong>vero</strong></span> <span class='ocrx_word' id='word_1_375' title='bbox 2429 1804 2590 1859; x_wconf 91' lang='lat' dir='ltr'><strong>etiam</strong></span> <span class='ocrx_word' id='word_1_376' title='bbox 2630 1819 2815 1858; x_wconf 91' lang='lat' dir='ltr'><strong>eorum</strong></span> <span class='ocrx_word' id='word_1_377' title='bbox 2842 1844 2856 1869; x_wconf 96' lang='lat'><strong>,</strong></span> <span class='ocrx_word' id='word_1_378' title='bbox 2886 1818 3006 1874; x_wconf 75' lang='lat' dir='ltr'><strong>qua:</strong></span> <span class='ocrx_word' id='word_1_379' title='bbox 3046 1803 3336 1873; x_wconf 82' lang='lat' dir='ltr'><strong>majoribus</strong></span> <span class='ocrx_word' id='word_1_380' title='bbox 3377 1806 3489 1859; x_wconf 85' lang='lat' dir='ltr'><strong>suis</strong></span> <span class='ocrx_word' id='word_1_381' title='bbox 3527 1814 3836 1858; x_wconf 78' lang='lat' dir='ltr'><strong>evenerant</strong></span> <span class='ocrx_word' id='word_1_382' title='bbox 3867 1846 3882 1865; x_wconf 91' lang='lat'><strong>,</strong></span> 
     </span>
    </p>
   </div>
   <div class='ocr_carea' id='block_1_48' title="bbox 2271 1897 3886 1968">
    <p class='ocr_par' dir='ltr' id='par_1_48' title="bbox 2271 1897 3886 1968">
     <span class='ocr_line' id='line_1_49' title="bbox 2271 1897 3886 1968; baseline -0.001 -17"><span class='ocrx_word' id='word_1_383' title='bbox 2271 1911 2486 1967; x_wconf 88' lang='lat' dir='ltr'><strong>semper</strong></span> <span class='ocrx_word' id='word_1_384' title='bbox 2514 1911 2780 1952; x_wconf 90' lang='lat' dir='ltr'><strong>memores</strong></span> <span class='ocrx_word' id='word_1_385' title='bbox 2808 1906 2982 1961; x_wconf 91' lang='lat' dir='ltr'><strong>erant,</strong></span> <span class='ocrx_word' id='word_1_386' title='bbox 3017 1905 3324 1967; x_wconf 86' lang='lat' dir='ltr'><strong>repetentes</strong></span> <span class='ocrx_word' id='word_1_387' title='bbox 3351 1912 3433 1962; x_wconf 92' lang='lat' dir='ltr'><strong>ea,</strong></span> <span class='ocrx_word' id='word_1_388' title='bbox 3464 1913 3579 1968; x_wconf 76' lang='lat' dir='ltr'><strong>qua:</strong></span> <span class='ocrx_word' id='word_1_389' title='bbox 3610 1898 3659 1951; x_wconf 88' lang='lat' dir='ltr'><strong>in</strong></span> <span class='ocrx_word' id='word_1_390' title='bbox 3689 1897 3886 1968; x_wconf 58' lang='lat' dir='ltr'><strong>Egy-</strong></span> 
     </span>
    </p>
   </div>
   <div class='ocr_carea' id='block_1_49' title="bbox 2272 1989 3886 2061">
    <p class='ocr_par' dir='ltr' id='par_1_49' title="bbox 2272 1989 3886 2061">
     <span class='ocr_line' id='line_1_50' title="bbox 2272 1989 3886 2061; baseline 0.002 -18"><span class='ocrx_word' id='word_1_391' title='bbox 2272 1999 2364 2061; x_wconf 91' lang='lat' dir='ltr'><strong>pto</strong></span> <span class='ocrx_word' id='word_1_392' title='bbox 2391 1989 2715 2044; x_wconf 87' lang='lat' dir='ltr'><strong>acciderant.</strong></span> <span class='ocrx_word' id='word_1_393' title='bbox 2748 1989 2808 2043; x_wconf 85' lang='lat' dir='ltr'><strong>Et</strong></span> <span class='ocrx_word' id='word_1_394' title='bbox 2841 2002 2939 2043; x_wconf 90' lang='lat' dir='ltr'><strong>nos</strong></span> <span class='ocrx_word' id='word_1_395' title='bbox 2967 2003 3097 2058; x_wconf 82' lang='lat' dir='ltr'><strong>ergo</strong></span> <span class='ocrx_word' id='word_1_396' title='bbox 3123 1990 3293 2044; x_wconf 91' lang='lat' dir='ltr'><strong>multo</strong></span> <span class='ocrx_word' id='word_1_397' title='bbox 3321 1992 3487 2058; x_wconf 81' lang='lat' dir='ltr'><strong>magis</strong></span> <span class='ocrx_word' id='word_1_398' title='bbox 3511 2006 3714 2052; x_wconf 87' lang='lat' dir='ltr'><strong>eorum,</strong></span> <span class='ocrx_word' id='word_1_399' title='bbox 3748 2009 3886 2059; x_wconf 79' lang='lat' dir='ltr'><strong>qua:</strong></span> 
     </span>
    </p>
   </div>
   <div class='ocr_carea' id='block_1_50' title="bbox 2274 2079 3888 2155">
    <p class='ocr_par' dir='ltr' id='par_1_50' title="bbox 2274 2079 3888 2155">
     <span class='ocr_line' id='line_1_51' title="bbox 2274 2079 3888 2155; baseline 0.002 -21"><span class='ocrx_word' id='word_1_400' title='bbox 2274 2079 2428 2136; x_wconf 90' lang='lat' dir='ltr'><strong>nobis</strong></span> <span class='ocrx_word' id='word_1_401' title='bbox 2466 2080 2812 2144; x_wconf 83' lang='lat' dir='ltr'><strong>acciderunt,</strong></span> <span class='ocrx_word' id='word_1_402' title='bbox 2843 2095 3111 2136; x_wconf 88' lang='lat' dir='ltr'><strong>memores</strong></span> <span class='ocrx_word' id='word_1_403' title='bbox 3143 2081 3312 2135; x_wconf 89' lang='lat' dir='ltr'><strong>simus</strong></span> <span class='ocrx_word' id='word_1_404' title='bbox 3334 2122 3350 2147; x_wconf 88' lang='lat'><strong>,</strong></span> <span class='ocrx_word' id='word_1_405' title='bbox 3380 2084 3583 2149; x_wconf 90' lang='lat' dir='ltr'><strong>quoties</strong></span> <span class='ocrx_word' id='word_1_406' title='bbox 3611 2084 3660 2136; x_wconf 92' lang='lat' dir='ltr'><strong>in</strong></span> <span class='ocrx_word' id='word_1_407' title='bbox 3689 2098 3888 2155; x_wconf 77' lang='lat' dir='ltr'><strong>angu-</strong></span> 
     </span>
    </p>
   </div>
   <div class='ocr_carea' id='block_1_51' title="bbox 2274 2172 3885 2238">
    <p class='ocr_par' dir='ltr' id='par_1_51' title="bbox 2274 2172 3885 2238">
     <span class='ocr_line' id='line_1_52' title="bbox 2274 2172 3885 2238; baseline 0.003 -13"><span class='ocrx_word' id='word_1_408' title='bbox 2274 2174 2403 2226; x_wconf 86' lang='lat' dir='ltr'><strong>stias</strong></span> <span class='ocrx_word' id='word_1_409' title='bbox 2440 2182 2494 2227; x_wconf 93' lang='lat' dir='ltr'><strong>et</strong></span> <span class='ocrx_word' id='word_1_410' title='bbox 2526 2172 2856 2227; x_wconf 85' lang='lat' dir='ltr'><strong>calamitates</strong></span> <span class='ocrx_word' id='word_1_411' title='bbox 2893 2173 3211 2238; x_wconf 87' lang='lat' dir='ltr'><strong>incidimus;</strong></span> <span class='ocrx_word' id='word_1_412' title='bbox 3244 2182 3299 2229; x_wconf 89' lang='lat' dir='ltr'><strong>et</strong></span> <span class='ocrx_word' id='word_1_413' title='bbox 3337 2174 3435 2227; x_wconf 91' lang='lat' dir='ltr'><strong>nisi</strong></span> <span class='ocrx_word' id='word_1_414' title='bbox 3474 2174 3608 2229; x_wconf 83' lang='lat' dir='ltr'><strong>Deus</strong></span> <span class='ocrx_word' id='word_1_415' title='bbox 3642 2190 3885 2230; x_wconf 82' lang='lat' dir='ltr'><strong>manum</strong></span> 
     </span>
    </p>
   </div>
   <div class='ocr_carea' id='block_1_52' title="bbox 2276 2250 3885 2337">
    <p class='ocr_par' dir='ltr' id='par_1_52' title="bbox 2276 2250 3885 2337">
     <span class='ocr_line' id='line_1_53' title="bbox 2276 2250 3885 2337; baseline 0.004 -20"><span class='ocrx_word' id='word_1_416' title='bbox 2276 2266 2618 2335; x_wconf 73' lang='lat' dir='ltr'><strong>perrexisset,</strong></span> <span class='ocrx_word' id='word_1_417' title='bbox 2630 2263 2831 2335; x_wconf 85' lang='lat' dir='ltr'><strong>jamdiu</strong></span> <span class='ocrx_word' id='word_1_418' title='bbox 2851 2265 3212 2334; x_wconf 90' lang='lat' dir='ltr'><strong>periissemus.</strong></span> <span class='ocrx_word' id='word_1_419' title='bbox 3232 2266 3355 2321; x_wconf 66' lang='grc' dir='ltr'><strong>ΙΙωο</strong></span> <span class='ocrx_word' id='word_1_420' title='bbox 3368 2268 3655 2337; x_wconf 83' lang='lat' dir='ltr'><strong>cogitantes</strong></span> <span class='ocrx_word' id='word_1_421' title='bbox 3670 2250 3885 2323; x_wconf 80' lang='lat' dir='ltr'><strong>omnes</strong></span> 
     </span>
    </p>
   </div>
   <div class='ocr_carea' id='block_1_53' title="bbox 2275 2356 3881 2429">
    <p class='ocr_par' dir='ltr' id='par_1_53' title="bbox 2275 2356 3881 2429">
     <span class='ocr_line' id='line_1_54' title="bbox 2275 2356 3881 2429; baseline 0.002 -19"><span class='ocrx_word' id='word_1_422' title='bbox 2275 2367 2329 2410; x_wconf 89' lang='lat' dir='ltr'><strong>et</strong></span> <span class='ocrx_word' id='word_1_423' title='bbox 2357 2356 2593 2425; x_wconf 89' lang='lat' dir='ltr'><strong>quotidie</strong></span> <span class='ocrx_word' id='word_1_424' title='bbox 2632 2365 2963 2424; x_wconf 85' lang='lat' dir='ltr'><strong>repetentes,</strong></span> <span class='ocrx_word' id='word_1_425' title='bbox 2991 2358 3192 2427; x_wconf 79' lang='lat' dir='ltr'><strong>gratias</strong></span> <span class='ocrx_word' id='word_1_426' title='bbox 3216 2370 3431 2427; x_wconf 88' lang='lat' dir='ltr'><strong>semper</strong></span> <span class='ocrx_word' id='word_1_427' title='bbox 3464 2359 3571 2413; x_wconf 89' lang='lat' dir='ltr'><strong>Deo</strong></span> <span class='ocrx_word' id='word_1_428' title='bbox 3596 2373 3838 2429; x_wconf 81' lang='lat' dir='ltr'><strong>agamus</strong></span> <span class='ocrx_word' id='word_1_429' title='bbox 3867 2400 3881 2424; x_wconf 91' lang='lat'><strong>,</strong></span> 
     </span>
    </p>
   </div>
   <div class='ocr_carea' id='block_1_54' title="bbox 2274 2448 3887 2522">
    <p class='ocr_par' dir='ltr' id='par_1_54' title="bbox 2274 2448 3887 2522">
     <span class='ocr_line' id='line_1_55' title="bbox 2274 2448 3887 2522; baseline 0.003 -19"><span class='ocrx_word' id='word_1_430' title='bbox 2274 2457 2323 2503; x_wconf 92' lang='lat' dir='ltr'><strong>ct</strong></span> <span class='ocrx_word' id='word_1_431' title='bbox 2358 2448 2406 2501; x_wconf 90' lang='lat' dir='ltr'><strong>iu</strong></span> <span class='ocrx_word' id='word_1_432' title='bbox 2438 2448 2708 2501; x_wconf 88' lang='lat' dir='ltr'><strong>communi</strong></span> <span class='ocrx_word' id='word_1_433' title='bbox 2736 2463 2923 2503; x_wconf 90' lang='lat' dir='ltr'><strong>omnes</strong></span> <span class='ocrx_word' id='word_1_434' title='bbox 2953 2449 3179 2519; x_wconf 86' lang='lat' dir='ltr'><strong>gloriam</strong></span> <span class='ocrx_word' id='word_1_435' title='bbox 3212 2450 3308 2519; x_wconf 90' lang='lat' dir='ltr'><strong>ipsi</strong></span> <span class='ocrx_word' id='word_1_436' title='bbox 3343 2450 3655 2516; x_wconf 79' lang='lat' dir='ltr'><strong>referamus,</strong></span> <span class='ocrx_word' id='word_1_437' title='bbox 3690 2467 3887 2522; x_wconf 80' lang='lat' dir='ltr'><strong>neque</strong></span> 
     </span>
    </p>
   </div>
   <div class='ocr_carea' id='block_1_55' title="bbox 2276 2539 3885 2612">
    <p class='ocr_par' dir='ltr' id='par_1_55' title="bbox 2276 2539 3885 2612">
     <span class='ocr_line' id='line_1_56' title="bbox 2276 2539 3885 2612; baseline 0.002 -17"><span class='ocrx_word' id='word_1_438' title='bbox 2276 2540 2424 2595; x_wconf 89' lang='lat' dir='ltr'><strong>illum</strong></span> <span class='ocrx_word' id='word_1_439' title='bbox 2454 2539 2727 2594; x_wconf 89' lang='lat' dir='ltr'><strong>celebrare</strong></span> <span class='ocrx_word' id='word_1_440' title='bbox 2755 2554 3047 2606; x_wconf 88' lang='lat' dir='ltr'><strong>cessemus,</strong></span> <span class='ocrx_word' id='word_1_441' title='bbox 3075 2548 3135 2594; x_wconf 92' lang='lat' dir='ltr'><strong>ut</strong></span> <span class='ocrx_word' id='word_1_442' title='bbox 3160 2542 3297 2611; x_wconf 83' lang='lat' dir='ltr'><strong>grati</strong></span> <span class='ocrx_word' id='word_1_443' title='bbox 3325 2543 3488 2596; x_wconf 91' lang='lat' dir='ltr'><strong>animi</strong></span> <span class='ocrx_word' id='word_1_444' title='bbox 3519 2558 3772 2612; x_wconf 83' lang='lat' dir='ltr'><strong>magnam</strong></span> <span class='ocrx_word' id='word_1_445' title='bbox 3803 2561 3885 2598; x_wconf 87' lang='lat' dir='ltr'><strong>re-</strong></span> 
     </span>
    </p>
   </div>
   <div class='ocr_carea' id='block_1_56' title="bbox 2276 2629 3886 2706">
    <p class='ocr_par' dir='ltr' id='par_1_56' title="bbox 2276 2629 3886 2706">
     <span class='ocr_line' id='line_1_57' title="bbox 2276 2629 3886 2706; baseline 0.003 -19"><span class='ocrx_word' id='word_1_446' title='bbox 2276 2632 2535 2702; x_wconf 89' lang='lat' dir='ltr'><strong>cipiamus</strong></span> <span class='ocrx_word' id='word_1_447' title='bbox 2564 2629 2865 2684; x_wconf 87' lang='lat' dir='ltr'><strong>mercedem</strong></span> <span class='ocrx_word' id='word_1_448' title='bbox 2897 2648 2911 2685; x_wconf 90' lang='lat'><strong>:</strong></span> <span class='ocrx_word' id='word_1_449' title='bbox 2939 2632 3110 2701; x_wconf 85' lang='lat' dir='ltr'><strong>gratia</strong></span> <span class='ocrx_word' id='word_1_450' title='bbox 3139 2640 3195 2685; x_wconf 91' lang='lat' dir='ltr'><strong>et</strong></span> <span class='ocrx_word' id='word_1_451' title='bbox 3223 2633 3652 2689; x_wconf 89' lang='lat' dir='ltr'><strong>miserationibus</strong></span> <span class='ocrx_word' id='word_1_452' title='bbox 3681 2637 3886 2706; x_wconf 65' lang='lat' dir='ltr'><strong>unige~</strong></span> 
     </span>
    </p>
   </div>
   <div class='ocr_carea' id='block_1_57' title="bbox 2276 2722 3886 2796">
    <p class='ocr_par' dir='ltr' id='par_1_57' title="bbox 2276 2722 3886 2796">
     <span class='ocr_line' id='line_1_58' title="bbox 2276 2722 3886 2796; baseline 0.002 -18"><span class='ocrx_word' id='word_1_453' title='bbox 2276 2724 2373 2778; x_wconf 90' lang='lat' dir='ltr'><strong>niti</strong></span> <span class='ocrx_word' id='word_1_454' title='bbox 2402 2723 2519 2791; x_wconf 89' lang='lat' dir='ltr'><strong>ejus</strong></span> <span class='ocrx_word' id='word_1_455' title='bbox 2550 2722 2667 2776; x_wconf 87' lang='lat' dir='ltr'><strong>Filii</strong></span> <span class='ocrx_word' id='word_1_456' title='bbox 2696 2762 2710 2785; x_wconf 91' lang='lat'><strong>,</strong></span> <span class='ocrx_word' id='word_1_457' title='bbox 2741 2722 2956 2792; x_wconf 86' lang='lat' dir='ltr'><strong>quicum</strong></span> <span class='ocrx_word' id='word_1_458' title='bbox 2983 2730 3039 2777; x_wconf 90' lang='lat' dir='ltr'><strong>et</strong></span> <span class='ocrx_word' id='word_1_459' title='bbox 3069 2738 3172 2777; x_wconf 90' lang='lat' dir='ltr'><strong>una</strong></span> <span class='ocrx_word' id='word_1_460' title='bbox 3202 2722 3421 2792; x_wconf 88' lang='lat' dir='ltr'><strong>Spiritui</strong></span> <span class='ocrx_word' id='word_1_461' title='bbox 3449 2735 3630 2780; x_wconf 87' lang='lat' dir='ltr'><strong>sancto</strong></span> <span class='ocrx_word' id='word_1_462' title='bbox 3655 2726 3839 2796; x_wconf 77' lang='lat' dir='ltr'><strong>gloi-ia</strong></span> <span class='ocrx_word' id='word_1_463' title='bbox 3871 2770 3886 2792; x_wconf 88' lang='lat'><strong>,</strong></span> 
     </span>
    </p>
   </div>
   <div class='ocr_carea' id='block_1_58' title="bbox 2277 2812 3887 2885">
    <p class='ocr_par' dir='ltr' id='par_1_58' title="bbox 2277 2812 3887 2885">
     <span class='ocr_line' id='line_1_59' title="bbox 2277 2812 3887 2885; baseline 0.002 -17"><span class='ocrx_word' id='word_1_464' title='bbox 2277 2814 2591 2883; x_wconf 89' lang='lat' dir='ltr'><strong>imperium,</strong></span> <span class='ocrx_word' id='word_1_465' title='bbox 2623 2812 2822 2878; x_wconf 89' lang='lat' dir='ltr'><strong>honor,</strong></span> <span class='ocrx_word' id='word_1_466' title='bbox 2854 2827 2996 2867; x_wconf 90' lang='lat' dir='ltr'><strong>nunc</strong></span> <span class='ocrx_word' id='word_1_467' title='bbox 3022 2822 3078 2869; x_wconf 94' lang='lat' dir='ltr'><strong>et</strong></span> <span class='ocrx_word' id='word_1_468' title='bbox 3109 2828 3344 2885; x_wconf 88' lang='lat' dir='ltr'><strong>semper,</strong></span> <span class='ocrx_word' id='word_1_469' title='bbox 3376 2825 3431 2871; x_wconf 89' lang='lat' dir='ltr'><strong>et</strong></span> <span class='ocrx_word' id='word_1_470' title='bbox 3460 2816 3512 2871; x_wconf 90' lang='lat' dir='ltr'><strong>in</strong></span> <span class='ocrx_word' id='word_1_471' title='bbox 3539 2817 3735 2871; x_wconf 65' lang='lat' dir='ltr'><strong>sxcula</strong></span> <span class='ocrx_word' id='word_1_472' title='bbox 3770 2832 3887 2873; x_wconf 84' lang='lat' dir='ltr'><strong>sae-</strong></span> 
     </span>
    </p>
   </div>
   <div class='ocr_carea' id='block_1_59' title="bbox 2274 2904 2764 2958">
    <p class='ocr_par' dir='ltr' id='par_1_59' title="bbox 2274 2904 2764 2958">
     <span class='ocr_line' id='line_1_60' title="bbox 2274 2904 2764 2958; baseline -0.002 -1"><span class='ocrx_word' id='word_1_473' title='bbox 2274 2906 2536 2958; x_wconf 90' lang='lat' dir='ltr'><strong>culorum.</strong></span> <span class='ocrx_word' id='word_1_474' title='bbox 2571 2904 2764 2958; x_wconf 83' lang='lat' dir='ltr'><strong>Amen.</strong></span> 
     </span>
    </p>
   </div>
   <div class='ocr_carea' id='block_1_60' title="bbox 591 3023 3876 3047">
    <p class='ocr_par' dir='ltr' id='par_1_60' title="bbox 591 3023 3876 3047">
     <span class='ocr_line' id='line_1_61' title="bbox 591 3023 3876 3047; baseline 0.002 -7"><span class='ocrx_word' id='word_1_475' title='bbox 591 3023 3876 3047; x_wconf 52' lang='grc' dir='ltr'>Μ</span> 
     </span>
    </p>
   </div>
   <div class='ocr_carea' id='block_1_61' title="bbox 1885 3088 2582 3152">
    <p class='ocr_par' dir='ltr' id='par_1_61' title="bbox 1885 3088 2582 3152">
     <span class='ocr_line' id='line_1_62' title="bbox 1885 3088 2582 3152; baseline -0.009 0"><span class='ocrx_word' id='word_1_476' title='bbox 1885 3090 2226 3152; x_wconf 80' lang='lat' dir='ltr'><strong>HOMILIA</strong></span> <span class='ocrx_word' id='word_1_477' title='bbox 2272 3088 2582 3148; x_wconf 76' lang='lat' dir='ltr'><strong>XXXIX.</strong></span> 
     </span>
    </p>
   </div>
   <div class='ocr_carea' id='block_1_62' title="bbox 590 3236 2179 3297">
    <p class='ocr_par' dir='ltr' id='par_1_62' title="bbox 590 3236 2179 3297">
     <span class='ocr_line' id='line_1_63' title="bbox 590 3236 2179 3297; baseline -0.007 0"><span class='ocrx_word' id='word_1_478' title='bbox 590 3242 717 3297; x_wconf 71' lang='lat' dir='ltr'><strong>Car.</strong></span> <span class='ocrx_word' id='word_1_479' title='bbox 755 3241 839 3294; x_wconf 83' lang='lat' dir='ltr'><strong>l7.</strong></span> <span class='ocrx_word' id='word_1_480' title='bbox 868 3255 921 3294; x_wconf 77' lang='grc' dir='ltr'><strong>ν.</strong></span> <span class='ocrx_word' id='word_1_481' title='bbox 968 3239 1057 3295; x_wconf 76' lang='lat'><strong>&#39;59..</strong></span> <span class='ocrx_word' id='word_1_482' title='bbox 1102 3239 1226 3293; x_wconf 86' lang='lat' dir='ltr'><strong>Cum</strong></span> <span class='ocrx_word' id='word_1_483' title='bbox 1267 3239 1523 3293; x_wconf 88' lang='lat' dir='ltr'><strong>audissent</strong></span> <span class='ocrx_word' id='word_1_484' title='bbox 1561 3247 1727 3291; x_wconf 81' lang='lat' dir='ltr'><strong>autem</strong></span> <span class='ocrx_word' id='word_1_485' title='bbox 1768 3236 2179 3290; x_wconf 77' lang='lat' dir='ltr'><strong>resurrectionem</strong></span> 
     </span>
    </p>
   </div>
   <div class='ocr_carea' id='block_1_63' title="bbox 662 3320 2177 3401">
    <p class='ocr_par' dir='ltr' id='par_1_63' title="bbox 662 3320 2177 3401">
     <span class='ocr_line' id='line_1_64' title="bbox 662 3320 2177 3401; baseline -0.004 -16"><span class='ocrx_word' id='word_1_486' title='bbox 662 3342 1008 3395; x_wconf 82' lang='lat' dir='ltr'><strong>mortuorum,</strong></span> <span class='ocrx_word' id='word_1_487' title='bbox 1042 3331 1129 3384; x_wconf 83' lang='lat' dir='ltr'><strong>alii</strong></span> <span class='ocrx_word' id='word_1_488' title='bbox 1157 3332 1357 3401; x_wconf 85' lang='lat' dir='ltr'><strong>quidem</strong></span> <span class='ocrx_word' id='word_1_489' title='bbox 1398 3329 1672 3384; x_wconf 84' lang='lat' dir='ltr'><strong>irridebunt</strong></span> <span class='ocrx_word' id='word_1_490' title='bbox 1702 3320 1834 3393; x_wconf 12' lang='lat' dir='ltr'><strong>,‘alii</strong></span> <span class='ocrx_word' id='word_1_491' title='bbox 1875 3345 1989 3381; x_wconf 77' lang='lat' dir='ltr'><strong>vero</strong></span> <span class='ocrx_word' id='word_1_492' title='bbox 2031 3328 2177 3380; x_wconf 74' lang='lat' dir='ltr'><strong>dixe-</strong></span> 
     </span>
    </p>
   </div>
   <div class='ocr_carea' id='block_1_64' title="bbox 665 3418 2179 3477">
    <p class='ocr_par' dir='ltr' id='par_1_64' title="bbox 665 3418 2179 3477">
     <span class='ocr_line' id='line_1_65' title="bbox 665 3418 2179 3477; baseline -0.003 -1"><span class='ocrx_word' id='word_1_493' title='bbox 665 3434 782 3477; x_wconf 88' lang='lat' dir='ltr'><strong>runt</strong></span> <span class='ocrx_word' id='word_1_494' title='bbox 812 3438 830 3477; x_wconf 91' lang='lat'><strong><em>:</em></strong></span> <span class='ocrx_word' id='word_1_495' title='bbox 857 3424 1123 3477; x_wconf 74' lang='lat' dir='ltr'><strong>Audiamus</strong></span> <span class='ocrx_word' id='word_1_496' title='bbox 1154 3434 1198 3475; x_wconf 89' lang='lat' dir='ltr'><strong>te</strong></span> <span class='ocrx_word' id='word_1_497' title='bbox 1223 3424 1284 3476; x_wconf 89' lang='lat' dir='ltr'><strong>de</strong></span> <span class='ocrx_word' id='word_1_498' title='bbox 1313 3424 1406 3476; x_wconf 85' lang='lat' dir='ltr'><strong>hoc</strong></span> <span class='ocrx_word' id='word_1_499' title='bbox 1434 3424 1629 3475; x_wconf 85' lang='lat' dir='ltr'><strong>iterum.</strong></span> <span class='ocrx_word' id='word_1_500' title='bbox 1662 3422 1749 3477; x_wconf 79' lang='grc'><strong>55.</strong></span> <span class='ocrx_word' id='word_1_501' title='bbox 1788 3419 1848 3473; x_wconf 85' lang='lat' dir='ltr'><strong>Et</strong></span> <span class='ocrx_word' id='word_1_502' title='bbox 1879 3421 1949 3473; x_wconf 87' lang='lat' dir='ltr'><strong>sic</strong></span> <span class='ocrx_word' id='word_1_503' title='bbox 1982 3418 2179 3471; x_wconf 86' lang='lat' dir='ltr'><strong>Paulus</strong></span> 
     </span>
    </p>
   </div>
   <div class='ocr_carea' id='block_1_65' title="bbox 666 3516 1295 3569">
    <p class='ocr_par' dir='ltr' id='par_1_65' title="bbox 666 3516 1295 3569">
     <span class='ocr_line' id='line_1_66' title="bbox 666 3516 1295 3569; baseline -0.003 0"><span class='ocrx_word' id='word_1_504' title='bbox 666 3516 785 3569; x_wconf 72' lang='lat' dir='ltr'><strong>exiit</strong></span> <span class='ocrx_word' id='word_1_505' title='bbox 816 3516 879 3569; x_wconf 87' lang='lat' dir='ltr'><strong>de</strong></span> <span class='ocrx_word' id='word_1_506' title='bbox 909 3516 1072 3569; x_wconf 88' lang='lat' dir='ltr'><strong>medio</strong></span> <span class='ocrx_word' id='word_1_507' title='bbox 1104 3532 1295 3569; x_wconf 77' lang='lat' dir='ltr'><strong>eorum.</strong></span> 
     </span>
    </p>
   </div>
   <div class='ocr_carea' id='block_1_66' title="bbox 666 3606 2178 3676">
    <p class='ocr_par' dir='ltr' id='par_1_66' title="bbox 666 3606 2178 3676">
     <span class='ocr_line' id='line_1_67' title="bbox 666 3606 2178 3676; baseline -0.004 -13"><span class='ocrx_word' id='word_1_508' title='bbox 666 3610 717 3663; x_wconf 79' lang='lat' dir='ltr'><strong>‘l.</strong></span> <span class='ocrx_word' id='word_1_509' title='bbox 760 3606 865 3659; x_wconf 71' lang='lat' dir='ltr'><strong>(Zur</strong></span> <span class='ocrx_word' id='word_1_510' title='bbox 892 3607 1105 3667; x_wconf 84' lang='lat' dir='ltr'><strong>Paulus.</strong></span> <span class='ocrx_word' id='word_1_511' title='bbox 1140 3622 1257 3659; x_wconf 90' lang='lat' dir='ltr'><strong>cum</strong></span> <span class='ocrx_word' id='word_1_512' title='bbox 1292 3606 1368 3661; x_wconf 75' lang='lat' dir='ltr'><strong>sic</strong></span> <span class='ocrx_word' id='word_1_513' title='bbox 1397 3607 1770 3676; x_wconf 85' lang='lat' dir='ltr'><strong>persuasisset,</strong></span> <span class='ocrx_word' id='word_1_514' title='bbox 1802 3614 1859 3659; x_wconf 91' lang='lat' dir='ltr'><strong>ut</strong></span> <span class='ocrx_word' id='word_1_515' title='bbox 1886 3606 2178 3660; x_wconf 83' lang='lat' dir='ltr'><strong>Athenion-</strong></span> 
     </span>
    </p>
   </div>
   <div class='ocr_carea' id='block_1_67' title="bbox 595 3697 2178 3767">
    <p class='ocr_par' dir='ltr' id='par_1_67' title="bbox 595 3697 2178 3767">
     <span class='ocr_line' id='line_1_68' title="bbox 595 3697 2178 3767; baseline -0.001 -14"><span class='ocrx_word' id='word_1_516' title='bbox 595 3714 682 3753; x_wconf 83' lang='lat' dir='ltr'><strong>ses</strong></span> <span class='ocrx_word' id='word_1_517' title='bbox 709 3698 966 3761; x_wconf 89' lang='lat' dir='ltr'><strong>dicerent,</strong></span> <span class='ocrx_word' id='word_1_518' title='bbox 996 3698 1269 3751; x_wconf 73' lang='lat' dir='ltr'><strong>Audiamus</strong></span> <span class='ocrx_word' id='word_1_519' title='bbox 1298 3707 1343 3751; x_wconf 82' lang='lat' dir='ltr'><strong>te</strong></span> <span class='ocrx_word' id='word_1_520' title='bbox 1368 3698 1429 3751; x_wconf 87' lang='lat' dir='ltr'><strong>dc</strong></span> <span class='ocrx_word' id='word_1_521' title='bbox 1458 3697 1550 3751; x_wconf 74' lang='lat' dir='ltr'><strong>hoc</strong></span> <span class='ocrx_word' id='word_1_522' title='bbox 1576 3698 1773 3763; x_wconf 82' lang='lat' dir='ltr'><strong>iterum,</strong></span> <span class='ocrx_word' id='word_1_523' title='bbox 1804 3713 2032 3767; x_wconf 81' lang='lat' dir='ltr'><strong>cumque</strong></span> <span class='ocrx_word' id='word_1_524' title='bbox 2059 3698 2178 3751; x_wconf 86' lang='lat' dir='ltr'><strong>nul-</strong></span> 
     </span>
    </p>
   </div>
   <div class='ocr_carea' id='block_1_68' title="bbox 598 3788 2181 3857">
    <p class='ocr_par' dir='ltr' id='par_1_68' title="bbox 598 3788 2181 3857">
     <span class='ocr_line' id='line_1_69' title="bbox 598 3788 2181 3857; baseline 0 -15"><span class='ocrx_word' id='word_1_525' title='bbox 598 3790 646 3842; x_wconf 89' lang='lat' dir='ltr'><strong>la</strong></span> <span class='ocrx_word' id='word_1_526' title='bbox 686 3796 864 3842; x_wconf 87' lang='lat' dir='ltr'><strong>essent</strong></span> <span class='ocrx_word' id='word_1_527' title='bbox 899 3789 1126 3857; x_wconf 89' lang='lat' dir='ltr'><strong>pericula</strong></span> <span class='ocrx_word' id='word_1_528' title='bbox 1154 3830 1166 3851; x_wconf 94' lang='lat'><strong>,</strong></span> <span class='ocrx_word' id='word_1_529' title='bbox 1200 3788 1411 3843; x_wconf 81' lang='lat' dir='ltr'><strong>festinat</strong></span> <span class='ocrx_word' id='word_1_530' title='bbox 1453 3789 1808 3843; x_wconf 82' lang='lat' dir='ltr'><strong>Athenienses</strong></span> <span class='ocrx_word' id='word_1_531' title='bbox 1839 3791 2181 3857; x_wconf 87' lang='lat' dir='ltr'><strong>relinquere?</strong></span> 
     </span>
    </p>
   </div>
   <div class='ocr_carea' id='block_1_69' title="bbox 600 3879 2181 3950">
    <p class='ocr_par' dir='ltr' id='par_1_69' title="bbox 600 3879 2181 3950">
     <span class='ocr_line' id='line_1_70' title="bbox 600 3879 2181 3950; baseline 0.001 -17"><span class='ocrx_word' id='word_1_532' title='bbox 600 3880 757 3933; x_wconf 84' lang='lat' dir='ltr'><strong>Forte</strong></span> <span class='ocrx_word' id='word_1_533' title='bbox 782 3879 980 3934; x_wconf 86' lang='lat' dir='ltr'><strong>sciebat</strong></span> <span class='ocrx_word' id='word_1_534' title='bbox 1006 3894 1063 3934; x_wconf 91' lang='lat' dir='ltr'><strong>se</strong></span> <span class='ocrx_word' id='word_1_535' title='bbox 1089 3894 1192 3933; x_wconf 90' lang='lat' dir='ltr'><strong>non</strong></span> <span class='ocrx_word' id='word_1_536' title='bbox 1221 3882 1441 3934; x_wconf 90' lang='lat' dir='ltr'><strong>multum</strong></span> <span class='ocrx_word' id='word_1_537' title='bbox 1471 3880 1597 3934; x_wconf 87' lang='lat' dir='ltr'><strong>lucri</strong></span> <span class='ocrx_word' id='word_1_538' title='bbox 1625 3880 1886 3936; x_wconf 78' lang='lat' dir='ltr'><strong>iacturum</strong></span> <span class='ocrx_word' id='word_1_539' title='bbox 1913 3898 1924 3933; x_wconf 89' lang='lat'><strong><em>:</em></strong></span> <span class='ocrx_word' id='word_1_540' title='bbox 1947 3880 2181 3950; x_wconf 87' lang='lat' dir='ltr'><strong>alioquin</strong></span> 
     </span>
    </p>
   </div>
   <div class='ocr_carea' id='block_1_70' title="bbox 598 3971 2181 4040">
    <p class='ocr_par' dir='ltr' id='par_1_70' title="bbox 598 3971 2181 4040">
     <span class='ocr_line' id='line_1_71' title="bbox 598 3971 2181 4040; baseline 0.001 -15"><span class='ocrx_word' id='word_1_541' title='bbox 598 3972 754 4025; x_wconf 91' lang='lat' dir='ltr'><strong>etiam</strong></span> <span class='ocrx_word' id='word_1_542' title='bbox 796 3988 824 4025; x_wconf 90' lang='lat' dir='ltr'><strong>a</strong></span> <span class='ocrx_word' id='word_1_543' title='bbox 869 3972 1064 4040; x_wconf 89' lang='lat' dir='ltr'><strong>Spiritu</strong></span> <span class='ocrx_word' id='word_1_544' title='bbox 1112 3971 1423 4026; x_wconf 88' lang='lat' dir='ltr'><strong>Corinthum</strong></span> <span class='ocrx_word' id='word_1_545' title='bbox 1462 3972 1775 4026; x_wconf 86' lang='lat' dir='ltr'><strong>ducebatur.</strong></span> <span class='ocrx_word' id='word_1_546' title='bbox 1826 3973 1912 4027; x_wconf 79' lang='grc'><strong>55.</strong></span> <span class='ocrx_word' id='word_1_547' title='bbox 1962 3971 2181 4037; x_wconf 83' lang='lat' dir='ltr'><strong>Quidam</strong></span> 
     </span>
    </p>
   </div>
   <div class='ocr_carea' id='block_1_71' title="bbox 597 4062 2178 4133">
    <p class='ocr_par' dir='ltr' id='par_1_71' title="bbox 597 4062 2178 4133">
     <span class='ocr_line' id='line_1_72' title="bbox 597 4062 2178 4133; baseline 0.001 -19"><span class='ocrx_word' id='word_1_548' title='bbox 597 4078 710 4114; x_wconf 78' lang='lat' dir='ltr'><strong>vero</strong></span> <span class='ocrx_word' id='word_1_549' title='bbox 737 4063 827 4115; x_wconf 87' lang='lat' dir='ltr'><strong>viri</strong></span> <span class='ocrx_word' id='word_1_550' title='bbox 856 4063 1165 4115; x_wconf 79' lang='lat' dir='ltr'><strong>adlucreutes</strong></span> <span class='ocrx_word' id='word_1_551' title='bbox 1193 4064 1236 4117; x_wconf 82' lang='lat' dir='ltr'><strong>ei</strong></span> <span class='ocrx_word' id='word_1_552' title='bbox 1261 4106 1273 4129; x_wconf 92' lang='lat'><strong>,</strong></span> <span class='ocrx_word' id='word_1_553' title='bbox 1302 4064 1620 4116; x_wconf 83' lang='lat' dir='ltr'><strong>crediderunt</strong></span> <span class='ocrx_word' id='word_1_554' title='bbox 1645 4081 1661 4117; x_wconf 88' lang='lat'><em>:</em></span> <span class='ocrx_word' id='word_1_555' title='bbox 1685 4066 1735 4116; x_wconf 87' lang='lat' dir='ltr'><strong>in</strong></span> <span class='ocrx_word' id='word_1_556' title='bbox 1765 4064 1942 4133; x_wconf 78' lang='lat' dir='ltr'><strong>quibus</strong></span> <span class='ocrx_word' id='word_1_557' title='bbox 1973 4073 2018 4117; x_wconf 83' lang='lat' dir='ltr'><strong>et</strong></span> <span class='ocrx_word' id='word_1_558' title='bbox 2052 4062 2178 4115; x_wconf 82' lang='lat' dir='ltr'><strong>Dio-</strong></span> 
     </span>
    </p>
   </div>
   <div class='ocr_carea' id='block_1_72' title="bbox 598 4155 2181 4224">
    <p class='ocr_par' dir='ltr' id='par_1_72' title="bbox 598 4155 2181 4224">
     <span class='ocr_line' id='line_1_73' title="bbox 598 4155 2181 4224; baseline 0.003 -20"><span class='ocrx_word' id='word_1_559' title='bbox 598 4156 768 4224; x_wconf 75' lang='lat' dir='ltr'><strong>nysius</strong></span> <span class='ocrx_word' id='word_1_560' title='bbox 807 4155 1105 4224; x_wconf 81' lang='lat' dir='ltr'><strong>Arcapagita</strong></span> <span class='ocrx_word' id='word_1_561' title='bbox 1132 4196 1145 4216; x_wconf 91' lang='lat'><strong>,</strong></span> <span class='ocrx_word' id='word_1_562' title='bbox 1175 4165 1218 4207; x_wconf 89' lang='lat' dir='ltr'><strong>et</strong></span> <span class='ocrx_word' id='word_1_563' title='bbox 1250 4157 1429 4209; x_wconf 86' lang='lat' dir='ltr'><strong>mulier</strong></span> <span class='ocrx_word' id='word_1_564' title='bbox 1465 4157 1665 4209; x_wconf 81' lang='lat' dir='ltr'><strong>nomine</strong></span> <span class='ocrx_word' id='word_1_565' title='bbox 1699 4156 1933 4209; x_wconf 69' lang='lat' dir='ltr'><strong>Damaris</strong></span> <span class='ocrx_word' id='word_1_566' title='bbox 1957 4196 1972 4220; x_wconf 91' lang='lat'><strong>,</strong></span> <span class='ocrx_word' id='word_1_567' title='bbox 2005 4164 2052 4208; x_wconf 87' lang='lat' dir='ltr'><strong>et</strong></span> <span class='ocrx_word' id='word_1_568' title='bbox 2090 4156 2181 4210; x_wconf 83' lang='lat' dir='ltr'><strong>alii</strong></span> 
     </span>
    </p>
   </div>
   <div class='ocr_carea' id='block_1_73' title="bbox 598 4244 2182 4317">
    <p class='ocr_par' dir='ltr' id='par_1_73' title="bbox 598 4244 2182 4317">
     <span class='ocr_line' id='line_1_74' title="bbox 598 4244 2182 4317; baseline 0.004 -22"><span class='ocrx_word' id='word_1_569' title='bbox 598 4261 708 4296; x_wconf 70' lang='lat' dir='ltr'><strong>curti</strong></span> <span class='ocrx_word' id='word_1_570' title='bbox 735 4245 823 4298; x_wconf 74' lang='lat' dir='ltr'><strong>eis.</strong></span> <span class='ocrx_word' id='word_1_571' title='bbox 850 4244 867 4313; x_wconf 89' lang='lat'>(</span> <span class='ocrx_word' id='word_1_572' title='bbox 894 4244 1019 4314; x_wconf 90' lang='lat' dir='ltr'><strong>Cap.</strong></span> <span class='ocrx_word' id='word_1_573' title='bbox 1058 4246 1165 4313; x_wconf 85' lang='lat' dir='ltr'><strong>l8.)</strong></span> <span class='ocrx_word' id='word_1_574' title='bbox 1198 4246 1240 4298; x_wconf 94' lang='lat' dir='ltr'><strong>l.</strong></span> <span class='ocrx_word' id='word_1_575' title='bbox 1271 4245 1390 4299; x_wconf 84' lang='lat' dir='ltr'><strong>Post</strong></span> <span class='ocrx_word' id='word_1_576' title='bbox 1420 4247 1524 4300; x_wconf 77' lang='grc' dir='ltr'><strong>Ιιωε</strong></span> <span class='ocrx_word' id='word_1_577' title='bbox 1548 4257 1713 4300; x_wconf 88' lang='lat' dir='ltr'><strong>autem</strong></span> <span class='ocrx_word' id='word_1_578' title='bbox 1736 4263 1961 4317; x_wconf 86' lang='lat' dir='ltr'><strong>egressus</strong></span> <span class='ocrx_word' id='word_1_579' title='bbox 1985 4246 2182 4301; x_wconf 81' lang='lat' dir='ltr'><strong>Paulus</strong></span> 
     </span>
    </p>
   </div>
   <div class='ocr_carea' id='block_1_74' title="bbox 600 4338 2182 4410">
    <p class='ocr_par' dir='ltr' id='par_1_74' title="bbox 600 4338 2182 4410">
     <span class='ocr_line' id='line_1_75' title="bbox 600 4338 2182 4410; baseline 0.002 -21"><span class='ocrx_word' id='word_1_580' title='bbox 600 4338 825 4401; x_wconf 76' lang='lat' dir='ltr'><strong>Athenis,</strong></span> <span class='ocrx_word' id='word_1_581' title='bbox 850 4339 976 4390; x_wconf 78' lang='lat' dir='ltr'><strong>venit</strong></span> <span class='ocrx_word' id='word_1_582' title='bbox 1006 4338 1295 4392; x_wconf 84' lang='lat' dir='ltr'><strong>Corinthum</strong></span> <span class='ocrx_word' id='word_1_583' title='bbox 1319 4357 1335 4391; x_wconf 85' lang='lat'><strong>.&#39;</strong></span> <span class='ocrx_word' id='word_1_584' title='bbox 1357 4340 1410 4393; x_wconf 70' lang='lat'><strong>2.</strong></span> <span class='ocrx_word' id='word_1_585' title='bbox 1438 4350 1481 4392; x_wconf 90' lang='lat' dir='ltr'><strong>et</strong></span> <span class='ocrx_word' id='word_1_586' title='bbox 1508 4341 1763 4394; x_wconf 83' lang='lat' dir='ltr'><strong>inveniens</strong></span> <span class='ocrx_word' id='word_1_587' title='bbox 1791 4340 2056 4410; x_wconf 85' lang='lat' dir='ltr'><strong>quemdam</strong></span> <span class='ocrx_word' id='word_1_588' title='bbox 2080 4341 2182 4393; x_wconf 84' lang='lat' dir='ltr'><strong>Ju-</strong></span> 
     </span>
    </p>
   </div>
   <div class='ocr_carea' id='block_1_75' title="bbox 599 4412 2182 4500">
    <p class='ocr_par' dir='ltr' id='par_1_75' title="bbox 599 4429 2182 4500">
     <span class='ocr_line' id='line_1_76' title="bbox 599 4429 2182 4500; baseline 0.003 -21"><span class='ocrx_word' id='word_1_589' title='bbox 599 4429 763 4480; x_wconf 79' lang='lat' dir='ltr'><strong>da&#39;um</strong></span> <span class='ocrx_word' id='word_1_590' title='bbox 806 4430 1004 4482; x_wconf 84' lang='lat' dir='ltr'><strong>nomine</strong></span> <span class='ocrx_word' id='word_1_591' title='bbox 1038 4430 1304 4497; x_wconf 76' lang='lat' dir='ltr'><strong>Aquilam,</strong></span> <span class='ocrx_word' id='word_1_592' title='bbox 1341 4429 1606 4483; x_wconf 82' lang='lat' dir='ltr'><strong>Ponticum</strong></span> <span class='ocrx_word' id='word_1_593' title='bbox 1644 4448 1854 4500; x_wconf 84' lang='lat' dir='ltr'><strong>genere,</strong></span> <span class='ocrx_word' id='word_1_594' title='bbox 1895 4432 1980 4499; x_wconf 84' lang='lat' dir='ltr'><strong>qui</strong></span> <span class='ocrx_word' id='word_1_595' title='bbox 2024 4448 2182 4499; x_wconf 81' lang='lat' dir='ltr'><strong>nuper</strong></span> 
     </span>
    </p>
   </div>
   <div class='ocr_carea' id='block_1_76' title="bbox 555 4518 2181 4593">
    <p class='ocr_par' dir='ltr' id='par_1_76' title="bbox 555 4518 2181 4593">
     <span class='ocr_line' id='line_1_77' title="bbox 555 4518 2181 4593; baseline 0.005 -24"><span class='ocrx_word' id='word_1_596' title='bbox 555 4554 561 4560; x_wconf 73' lang='lat'><strong>.</strong></span> <span class='ocrx_word' id='word_1_597' title='bbox 599 4526 797 4570; x_wconf 78' lang='lat' dir='ltr'><strong>venerat</strong></span> <span class='ocrx_word' id='word_1_598' title='bbox 826 4535 887 4572; x_wconf 83' lang='lat' dir='ltr'><strong>ea:</strong></span> <span class='ocrx_word' id='word_1_599' title='bbox 922 4518 1073 4571; x_wconf 84' lang='lat' dir='ltr'><strong>Italia</strong></span> <span class='ocrx_word' id='word_1_600' title='bbox 1097 4563 1109 4583; x_wconf 91' lang='lat'><strong>,</strong></span> <span class='ocrx_word' id='word_1_601' title='bbox 1144 4530 1187 4573; x_wconf 89' lang='lat' dir='ltr'><strong>et</strong></span> <span class='ocrx_word' id='word_1_602' title='bbox 1222 4520 1510 4573; x_wconf 77' lang='lat' dir='ltr'><strong>Priscillam</strong></span> <span class='ocrx_word' id='word_1_603' title='bbox 1540 4537 1747 4575; x_wconf 75' lang='lat' dir='ltr'><strong>uxorem</strong></span> <span class='ocrx_word' id='word_1_604' title='bbox 1773 4524 1880 4591; x_wconf 82' lang='lat' dir='ltr'><strong>ejus</strong></span> <span class='ocrx_word' id='word_1_605' title='bbox 1911 4524 2010 4591; x_wconf 85' lang='lat' dir='ltr'><strong>(eo</strong></span> <span class='ocrx_word' id='word_1_606' title='bbox 2049 4524 2181 4593; x_wconf 84' lang='lat' dir='ltr'><strong>quod</strong></span> 
     </span>
    </p>
   </div>
   <div class='ocr_carea' id='block_1_77' title="bbox 599 4609 2177 4685">
    <p class='ocr_par' dir='ltr' id='par_1_77' title="bbox 599 4609 2177 4685">
     <span class='ocr_line' id='line_1_78' title="bbox 599 4609 2177 4685; baseline 0.006 -26"><span class='ocrx_word' id='word_1_607' title='bbox 599 4610 910 4678; x_wconf 71' lang='lat' dir='ltr'><strong>praecepisset</strong></span> <span class='ocrx_word' id='word_1_608' title='bbox 936 4609 1176 4663; x_wconf 84' lang='lat' dir='ltr'><strong>Claudius</strong></span> <span class='ocrx_word' id='word_1_609' title='bbox 1203 4612 1454 4664; x_wconf 78' lang='lat' dir='ltr'><strong>discedere</strong></span> <span class='ocrx_word' id='word_1_610' title='bbox 1487 4628 1659 4666; x_wconf 88' lang='lat' dir='ltr'><strong>onmes</strong></span> <span class='ocrx_word' id='word_1_611' title='bbox 1696 4613 1908 4667; x_wconf 75' lang='lat' dir='ltr'><strong>Jutlteos</strong></span> <span class='ocrx_word' id='word_1_612' title='bbox 1936 4614 2099 4668; x_wconf 85' lang='lat' dir='ltr'><strong>Roma</strong></span> <span class='ocrx_word' id='word_1_613' title='bbox 2122 4614 2138 4685; x_wconf 93' lang='lat'>)</span> <span class='ocrx_word' id='word_1_614' title='bbox 2163 4658 2177 4680; x_wconf 98' lang='lat'><strong>,</strong></span> 
     </span>
    </p>
   </div>
   <div class='ocr_carea' id='block_1_78' title="bbox 599 4701 2182 4773">
    <p class='ocr_par' dir='ltr' id='par_1_78' title="bbox 599 4701 2182 4773">
     <span class='ocr_line' id='line_1_79' title="bbox 599 4701 2182 4773; baseline 0.007 -24"><span class='ocrx_word' id='word_1_615' title='bbox 599 4702 801 4752; x_wconf 78' lang='lat' dir='ltr'><strong>accessit</strong></span> <span class='ocrx_word' id='word_1_616' title='bbox 830 4701 896 4752; x_wconf 91' lang='lat' dir='ltr'><strong>ad</strong></span> <span class='ocrx_word' id='word_1_617' title='bbox 923 4717 1004 4754; x_wconf 84' lang='lat' dir='ltr'><strong>eos</strong></span> <span class='ocrx_word' id='word_1_618' title='bbox 1032 4717 1048 4753; x_wconf 89' lang='lat'><strong><em>:</em></strong></span> <span class='ocrx_word' id='word_1_619' title='bbox 1072 4703 1121 4756; x_wconf 79' lang='grc'><strong>5.</strong></span> <span class='ocrx_word' id='word_1_620' title='bbox 1152 4711 1195 4755; x_wconf 85' lang='lat' dir='ltr'><strong>et</strong></span> <span class='ocrx_word' id='word_1_621' title='bbox 1224 4704 1337 4770; x_wconf 86' lang='lat' dir='ltr'><strong>quia</strong></span> <span class='ocrx_word' id='word_1_622' title='bbox 1377 4704 1599 4773; x_wconf 76' lang='lat' dir='ltr'><strong>ejusdem</strong></span> <span class='ocrx_word' id='word_1_623' title='bbox 1629 4713 1737 4757; x_wconf 75' lang='lat' dir='ltr'><strong>erat</strong></span> <span class='ocrx_word' id='word_1_624' title='bbox 1763 4706 1886 4758; x_wconf 82' lang='lat' dir='ltr'><strong>artis</strong></span> <span class='ocrx_word' id='word_1_625' title='bbox 1906 4748 1919 4769; x_wconf 93' lang='lat'><strong>,</strong></span> <span class='ocrx_word' id='word_1_626' title='bbox 1952 4708 2182 4760; x_wconf 83' lang='lat' dir='ltr'><strong>manebat</strong></span> 
     </span>
    </p>
   </div>
   <div class='ocr_carea' id='block_1_79' title="bbox 601 4788 2180 4865">
    <p class='ocr_par' dir='ltr' id='par_1_79' title="bbox 601 4788 2180 4865">
     <span class='ocr_line' id='line_1_80' title="bbox 601 4788 2180 4865; baseline 0.009 -28"><span class='ocrx_word' id='word_1_627' title='bbox 601 4788 737 4856; x_wconf 85' lang='lat' dir='ltr'><strong>apud</strong></span> <span class='ocrx_word' id='word_1_628' title='bbox 759 4804 861 4853; x_wconf 83' lang='lat' dir='ltr'><strong>eos,</strong></span> <span class='ocrx_word' id='word_1_629' title='bbox 887 4799 930 4840; x_wconf 85' lang='lat' dir='ltr'><strong>et</strong></span> <span class='ocrx_word' id='word_1_630' title='bbox 961 4792 1260 4856; x_wconf 79' lang='lat' dir='ltr'><strong>aperabatur</strong></span> <span class='ocrx_word' id='word_1_631' title='bbox 1283 4808 1299 4845; x_wconf 90' lang='lat'><em>:</em></span> <span class='ocrx_word' id='word_1_632' title='bbox 1325 4803 1465 4845; x_wconf 84' lang='lat' dir='ltr'><strong>erant</strong></span> <span class='ocrx_word' id='word_1_633' title='bbox 1491 4804 1658 4847; x_wconf 86' lang='lat' dir='ltr'><strong>autem</strong></span> <span class='ocrx_word' id='word_1_634' title='bbox 1689 4797 2067 4865; x_wconf 78' lang='lat' dir='ltr'><strong>scenofactoria:</strong></span> <span class='ocrx_word' id='word_1_635' title='bbox 2093 4816 2180 4851; x_wconf 62' lang='lat' dir='ltr'><strong>aro</strong></span> 
     </span>
    </p>
   </div>
   <div class='ocr_carea' id='block_1_80' title="bbox 601 4878 2178 4955">
    <p class='ocr_par' dir='ltr' id='par_1_80' title="bbox 601 4878 2178 4955">
     <span class='ocr_line' id='line_1_81' title="bbox 601 4878 2178 4955; baseline 0.011 -27"><span class='ocrx_word' id='word_1_636' title='bbox 601 4880 686 4931; x_wconf 86' lang='lat' dir='ltr'><strong>tis.</strong></span> <span class='ocrx_word' id='word_1_637' title='bbox 729 4878 855 4932; x_wconf 84' lang='lat' dir='ltr'><strong>Jure</strong></span> <span class='ocrx_word' id='word_1_638' title='bbox 894 4880 1241 4945; x_wconf 75' lang='lat' dir='ltr'><strong>Corinthum,</strong></span> <span class='ocrx_word' id='word_1_639' title='bbox 1288 4893 1343 4935; x_wconf 90' lang='lat' dir='ltr'><strong>ut</strong></span> <span class='ocrx_word' id='word_1_640' title='bbox 1368 4884 1472 4937; x_wconf 79' lang='lat' dir='ltr'><strong>dixi</strong></span> <span class='ocrx_word' id='word_1_641' title='bbox 1500 4927 1512 4949; x_wconf 95' lang='lat'><strong>,</strong></span> <span class='ocrx_word' id='word_1_642' title='bbox 1545 4901 1572 4937; x_wconf 90' lang='lat' dir='ltr'><strong>a</strong></span> <span class='ocrx_word' id='word_1_643' title='bbox 1615 4886 1811 4955; x_wconf 88' lang='lat' dir='ltr'><strong>Spiritu</strong></span> <span class='ocrx_word' id='word_1_644' title='bbox 1844 4888 2055 4942; x_wconf 88' lang='lat' dir='ltr'><strong>ducitur</strong></span> <span class='ocrx_word' id='word_1_645' title='bbox 2079 4932 2092 4953; x_wconf 88' lang='lat'><strong>,</strong></span> <span class='ocrx_word' id='word_1_646' title='bbox 2127 4890 2178 4945; x_wconf 89' lang='lat' dir='ltr'><strong>in</strong></span> 
     </span>
    </p>
   </div>
   <div class='ocr_carea' id='block_1_81' title="bbox 601 4974 2181 5045">
    <p class='ocr_par' dir='ltr' id='par_1_81' title="bbox 601 4974 2181 5045">
     <span class='ocr_line' id='line_1_82' title="bbox 601 4974 2181 5045; baseline 0.009 -23"><span class='ocrx_word' id='word_1_647' title='bbox 601 4985 701 5039; x_wconf 90' lang='lat' dir='ltr'><strong>qua</strong></span> <span class='ocrx_word' id='word_1_648' title='bbox 733 4986 948 5026; x_wconf 90' lang='lat' dir='ltr'><strong>manere</strong></span> <span class='ocrx_word' id='word_1_649' title='bbox 976 4974 1271 5041; x_wconf 90' lang='lat' dir='ltr'><strong>oportebat.</strong></span> <span class='ocrx_word' id='word_1_650' title='bbox 1306 4974 1658 5030; x_wconf 86' lang='lat' dir='ltr'><strong>Athenienses</strong></span> <span class='ocrx_word' id='word_1_651' title='bbox 1687 4979 1824 5031; x_wconf 90' lang='lat' dir='ltr'><strong>enim</strong></span> <span class='ocrx_word' id='word_1_652' title='bbox 1853 5022 1866 5045; x_wconf 96' lang='lat'><strong>,</strong></span> <span class='ocrx_word' id='word_1_653' title='bbox 1900 4983 1997 5035; x_wconf 87' lang='lat' dir='ltr'><strong>etsi</strong></span> <span class='ocrx_word' id='word_1_654' title='bbox 2029 4998 2181 5037; x_wconf 70' lang='lat' dir='ltr'><strong>nova:</strong></span> 
     </span>
    </p>
   </div>
   <div class='ocr_carea' id='block_1_82' title="bbox 599 5061 2177 5131">
    <p class='ocr_par' dir='ltr' id='par_1_82' title="bbox 599 5061 2177 5131">
     <span class='ocr_line' id='line_1_83' title="bbox 599 5061 2177 5131; baseline 0.007 -18"><span class='ocrx_word' id='word_1_655' title='bbox 599 5061 871 5115; x_wconf 88' lang='lat' dir='ltr'><strong>concionis</strong></span> <span class='ocrx_word' id='word_1_656' title='bbox 909 5072 1172 5131; x_wconf 72' lang='lat' dir='ltr'><strong>amatores</strong></span> <span class='ocrx_word' id='word_1_657' title='bbox 1199 5073 1376 5119; x_wconf 92' lang='lat' dir='ltr'><strong>essent</strong></span> <span class='ocrx_word' id='word_1_658' title='bbox 1398 5108 1411 5129; x_wconf 93' lang='lat'><strong>,</strong></span> <span class='ocrx_word' id='word_1_659' title='bbox 1454 5081 1555 5121; x_wconf 93' lang='lat' dir='ltr'><strong>non</strong></span> <span class='ocrx_word' id='word_1_660' title='bbox 1584 5067 1927 5124; x_wconf 88' lang='lat' dir='ltr'><strong>attendebant</strong></span> <span class='ocrx_word' id='word_1_661' title='bbox 1959 5080 2130 5127; x_wconf 86' lang='lat' dir='ltr'><strong>tamen</strong></span> <span class='ocrx_word' id='word_1_662' title='bbox 2164 5089 2177 5124; x_wconf 90' lang='lat'><strong>:</strong></span> 
     </span>
    </p>
   </div>
   <div class='ocr_carea' id='block_1_83' title="bbox 602 5156 2179 5233">
    <p class='ocr_par' dir='ltr' id='par_1_83' title="bbox 602 5156 2179 5233">
     <span class='ocr_line' id='line_1_84' title="bbox 602 5156 2179 5233; baseline 0.008 -26"><span class='ocrx_word' id='word_1_663' title='bbox 602 5170 771 5223; x_wconf 88' lang='lat' dir='ltr'><strong>neque</strong></span> <span class='ocrx_word' id='word_1_664' title='bbox 809 5156 948 5211; x_wconf 86' lang='lat' dir='ltr'><strong>enim</strong></span> <span class='ocrx_word' id='word_1_665' title='bbox 987 5158 1036 5210; x_wconf 87' lang='lat' dir='ltr'><strong>id</strong></span> <span class='ocrx_word' id='word_1_666' title='bbox 1068 5159 1353 5222; x_wconf 88' lang='lat' dir='ltr'><strong>curabant,</strong></span> <span class='ocrx_word' id='word_1_667' title='bbox 1391 5159 1483 5213; x_wconf 90' lang='lat' dir='ltr'><strong>sed</strong></span> <span class='ocrx_word' id='word_1_668' title='bbox 1516 5168 1572 5215; x_wconf 94' lang='lat' dir='ltr'><strong>ut</strong></span> <span class='ocrx_word' id='word_1_669' title='bbox 1600 5175 1812 5231; x_wconf 87' lang='lat' dir='ltr'><strong>semper</strong></span> <span class='ocrx_word' id='word_1_670' title='bbox 1842 5164 1966 5233; x_wconf 86' lang='lat' dir='ltr'><strong>quid</strong></span> <span class='ocrx_word' id='word_1_671' title='bbox 1998 5164 2179 5218; x_wconf 89' lang='lat' dir='ltr'><strong>dicen-</strong></span> 
     </span>
    </p>
   </div>
   <div class='ocr_carea' id='block_1_84' title="bbox 604 5246 2179 5318">
    <p class='ocr_par' dir='ltr' id='par_1_84' title="bbox 604 5246 2179 5318">
     <span class='ocr_line' id='line_1_85' title="bbox 604 5246 2179 5318; baseline 0.008 -20"><span class='ocrx_word' id='word_1_672' title='bbox 604 5246 727 5300; x_wconf 90' lang='lat' dir='ltr'><strong>dum</strong></span> <span class='ocrx_word' id='word_1_673' title='bbox 756 5247 1011 5303; x_wconf 87' lang='lat' dir='ltr'><strong>haberent</strong></span> <span class='ocrx_word' id='word_1_674' title='bbox 1037 5266 1049 5301; x_wconf 92' lang='lat'><strong>:</strong></span> <span class='ocrx_word' id='word_1_675' title='bbox 1078 5249 1126 5303; x_wconf 89' lang='lat' dir='ltr'><strong>id</strong></span> <span class='ocrx_word' id='word_1_676' title='bbox 1155 5249 1293 5318; x_wconf 92' lang='lat' dir='ltr'><strong>quod</strong></span> <span class='ocrx_word' id='word_1_677' title='bbox 1322 5252 1479 5305; x_wconf 87' lang='lat' dir='ltr'><strong>etiam</strong></span> <span class='ocrx_word' id='word_1_678' title='bbox 1510 5250 1631 5307; x_wconf 81' lang='lat' dir='ltr'><strong>fecit</strong></span> <span class='ocrx_word' id='word_1_679' title='bbox 1660 5262 1715 5307; x_wconf 85' lang='lat' dir='ltr'><strong>ut</strong></span> <span class='ocrx_word' id='word_1_680' title='bbox 1757 5254 2093 5311; x_wconf 88' lang='lat' dir='ltr'><strong>secederent.</strong></span> <span class='ocrx_word' id='word_1_681' title='bbox 2124 5257 2179 5312; x_wconf 90' lang='lat' dir='ltr'><strong>Si</strong></span> 
     </span>
    </p>
   </div>
   <div class='ocr_carea' id='block_1_85' title="bbox 605 5338 2177 5416">
    <p class='ocr_par' dir='ltr' id='par_1_85' title="bbox 605 5338 2177 5416">
     <span class='ocr_line' id='line_1_86' title="bbox 605 5338 2177 5416; baseline 0.008 -25"><span class='ocrx_word' id='word_1_682' title='bbox 605 5338 704 5393; x_wconf 87' lang='lat' dir='ltr'><strong>hoc</strong></span> <span class='ocrx_word' id='word_1_683' title='bbox 747 5352 921 5396; x_wconf 90' lang='lat' dir='ltr'><strong>autem</strong></span> <span class='ocrx_word' id='word_1_684' title='bbox 966 5342 1067 5397; x_wconf 93' lang='lat' dir='ltr'><strong>illis</strong></span> <span class='ocrx_word' id='word_1_685' title='bbox 1101 5356 1155 5396; x_wconf 81' lang='grc' dir='ltr'><strong>τη</strong></span> <span class='ocrx_word' id='word_1_686' title='bbox 1196 5359 1342 5398; x_wconf 89' lang='lat' dir='ltr'><strong>more</strong></span> <span class='ocrx_word' id='word_1_687' title='bbox 1381 5354 1493 5399; x_wconf 90' lang='lat' dir='ltr'><strong>erat</strong></span> <span class='ocrx_word' id='word_1_688' title='bbox 1518 5388 1531 5411; x_wconf 94' lang='lat'><strong>,</strong></span> <span class='ocrx_word' id='word_1_689' title='bbox 1574 5360 1670 5401; x_wconf 91' lang='lat' dir='ltr'><strong>cur</strong></span> <span class='ocrx_word' id='word_1_690' title='bbox 1704 5358 1957 5402; x_wconf 89' lang='lat' dir='ltr'><strong>accusant</strong></span> <span class='ocrx_word' id='word_1_691' title='bbox 1991 5350 2135 5403; x_wconf 90' lang='lat' dir='ltr'><strong>illum</strong></span> <span class='ocrx_word' id='word_1_692' title='bbox 2164 5394 2177 5416; x_wconf 93' lang='lat'><strong>,</strong></span> 
     </span>
    </p>
   </div>
   <div class='ocr_carea' id='block_1_86' title="bbox 607 5428 2180 5497">
    <p class='ocr_par' dir='ltr' id='par_1_86' title="bbox 607 5428 2180 5497">
     <span class='ocr_line' id='line_1_87' title="bbox 607 5428 2180 5497; baseline 0.01 -17"><span class='ocrx_word' id='word_1_693' title='bbox 607 5428 866 5484; x_wconf 82' lang='lat' dir='ltr'><strong>Novarum</strong></span> <span class='ocrx_word' id='word_1_694' title='bbox 912 5433 1274 5487; x_wconf 78' lang='lat' dir='ltr'><strong>dtemoniornm</strong></span> <span class='ocrx_word' id='word_1_695' title='bbox 1322 5439 1649 5491; x_wconf 86' lang='lat' dir='ltr'><strong>annuntiator</strong></span> <span class='ocrx_word' id='word_1_696' title='bbox 1682 5454 1786 5492; x_wconf 77' lang='lat' dir='ltr'><strong>csse</strong></span> <span class='ocrx_word' id='word_1_697' title='bbox 1815 5440 2046 5494; x_wconf 75' lang='lat' dir='ltr'><strong>videtur?</strong></span> <span class='ocrx_word' id='word_1_698' title='bbox 2078 5442 2180 5497; x_wconf 83' lang='lat' dir='ltr'><strong>Sed</strong></span> 
     </span>
    </p>
   </div>
   <div class='ocr_carea' id='block_1_87' title="bbox 604 5520 2180 5602">
    <p class='ocr_par' dir='ltr' id='par_1_87' title="bbox 604 5520 2180 5602">
     <span class='ocr_line' id='line_1_88' title="bbox 604 5520 2180 5602; baseline 0.01 -29"><span class='ocrx_word' id='word_1_699' title='bbox 604 5520 717 5576; x_wconf 72' lang='lat' dir='ltr'><strong>lucc</strong></span> <span class='ocrx_word' id='word_1_700' title='bbox 746 5524 897 5579; x_wconf 87' lang='lat' dir='ltr'><strong>valde</strong></span> <span class='ocrx_word' id='word_1_701' title='bbox 926 5526 1145 5580; x_wconf 89' lang='lat' dir='ltr'><strong>obscura</strong></span> <span class='ocrx_word' id='word_1_702' title='bbox 1188 5527 1290 5581; x_wconf 91' lang='lat' dir='ltr'><strong>illis</strong></span> <span class='ocrx_word' id='word_1_703' title='bbox 1321 5543 1436 5583; x_wconf 87' lang='lat' dir='ltr'><strong>esse</strong></span> <span class='ocrx_word' id='word_1_704' title='bbox 1468 5529 1731 5583; x_wconf 78' lang='lat' dir='ltr'><strong>ridentur.</strong></span> <span class='ocrx_word' id='word_1_705' title='bbox 1779 5532 2023 5587; x_wconf 75' lang='lat' dir='ltr'><strong>Attamen</strong></span> <span class='ocrx_word' id='word_1_706' title='bbox 2061 5550 2180 5602; x_wconf 81' lang='lat' dir='ltr'><strong>per-</strong></span> 
     </span>
    </p>
   </div>
   <div class='ocr_carea' id='block_1_88' title="bbox 603 5614 2178 5689">
    <p class='ocr_par' dir='ltr' id='par_1_88' title="bbox 603 5614 2178 5689">
     <span class='ocr_line' id='line_1_89' title="bbox 603 5614 2178 5689; baseline 0.006 -22"><span class='ocrx_word' id='word_1_707' title='bbox 603 5614 769 5667; x_wconf 82' lang='lat' dir='ltr'><strong>suasit</strong></span> <span class='ocrx_word' id='word_1_708' title='bbox 801 5614 1047 5684; x_wconf 80' lang='lat' dir='ltr'><strong>Dionysio</strong></span> <span class='ocrx_word' id='word_1_709' title='bbox 1078 5619 1404 5687; x_wconf 69' lang='lat' dir='ltr'><strong>ArCOpagitte</strong></span> <span class='ocrx_word' id='word_1_710' title='bbox 1438 5628 1490 5672; x_wconf 82' lang='lat' dir='ltr'><strong>et</strong></span> <span class='ocrx_word' id='word_1_711' title='bbox 1535 5621 1652 5673; x_wconf 90' lang='lat' dir='ltr'><strong>aliis</strong></span> <span class='ocrx_word' id='word_1_712' title='bbox 1682 5621 2017 5689; x_wconf 87' lang='lat' dir='ltr'><strong>quibusdam.</strong></span> <span class='ocrx_word' id='word_1_713' title='bbox 2050 5623 2178 5676; x_wconf 85' lang='lat' dir='ltr'><strong>Nam</strong></span> 
     </span>
    </p>
   </div>
   <div class='ocr_carea' id='block_1_89' title="bbox 604 5706 2178 5782">
    <p class='ocr_par' dir='ltr' id='par_1_89' title="bbox 604 5706 2178 5782">
     <span class='ocr_line' id='line_1_90' title="bbox 604 5706 2178 5782; baseline 0.009 -25"><span class='ocrx_word' id='word_1_714' title='bbox 604 5707 688 5774; x_wconf 86' lang='lat' dir='ltr'><strong>qui</strong></span> <span class='ocrx_word' id='word_1_715' title='bbox 718 5706 782 5763; x_wconf 85' lang='lat' dir='ltr'><strong>de</strong></span> <span class='ocrx_word' id='word_1_716' title='bbox 811 5712 909 5763; x_wconf 63' lang='lat' dir='ltr'><strong>vita</strong></span> <span class='ocrx_word' id='word_1_717' title='bbox 940 5719 1083 5765; x_wconf 88' lang='lat' dir='ltr'><strong>recte</strong></span> <span class='ocrx_word' id='word_1_718' title='bbox 1111 5712 1309 5782; x_wconf 76' lang='lat' dir='ltr'><strong>agenda</strong></span> <span class='ocrx_word' id='word_1_719' title='bbox 1338 5712 1613 5777; x_wconf 75' lang='lat' dir='ltr'><strong>curabant,</strong></span> <span class='ocrx_word' id='word_1_720' title='bbox 1641 5714 1745 5768; x_wconf 79' lang='lat' dir='ltr'><strong>cilu</strong></span> <span class='ocrx_word' id='word_1_721' title='bbox 1779 5715 1995 5770; x_wconf 71' lang='lat' dir='ltr'><strong>Verbum</strong></span> <span class='ocrx_word' id='word_1_722' title='bbox 2029 5733 2178 5771; x_wconf 81' lang='lat' dir='ltr'><strong>accc—</strong></span> 
     </span>
    </p>
   </div>
   <div class='ocr_carea' id='block_1_90' title="bbox 2280 3235 3889 3311">
    <p class='ocr_par' dir='ltr' id='par_1_90' title="bbox 2280 3235 3889 3311">
     <span class='ocr_line' id='line_1_91' title="bbox 2280 3235 3889 3311; baseline 0.005 -23"><span class='ocrx_word' id='word_1_723' title='bbox 2280 3244 2508 3304; x_wconf 89' lang='lat' dir='ltr'><strong>peruut;</strong></span> <span class='ocrx_word' id='word_1_724' title='bbox 2556 3235 2734 3290; x_wconf 69' lang='lat' dir='ltr'><strong>caueri</strong></span> <span class='ocrx_word' id='word_1_725' title='bbox 2777 3250 2904 3291; x_wconf 88' lang='lat' dir='ltr'><strong>vero</strong></span> <span class='ocrx_word' id='word_1_726' title='bbox 2942 3251 3048 3292; x_wconf 91' lang='lat' dir='ltr'><strong>non</strong></span> <span class='ocrx_word' id='word_1_727' title='bbox 3091 3237 3239 3293; x_wconf 89' lang='lat' dir='ltr'><strong>item.</strong></span> <span class='ocrx_word' id='word_1_728' title='bbox 3281 3238 3501 3294; x_wconf 86' lang='lat' dir='ltr'><strong>Videtur</strong></span> <span class='ocrx_word' id='word_1_729' title='bbox 3526 3254 3653 3311; x_wconf 84' lang='lat' dir='ltr'><strong>ergo</strong></span> <span class='ocrx_word' id='word_1_730' title='bbox 3681 3240 3889 3296; x_wconf 83' lang='lat' dir='ltr'><strong>Paulus</strong></span> 
     </span>
    </p>
   </div>
   <div class='ocr_carea' id='block_1_91' title="bbox 2281 3323 3888 3400">
    <p class='ocr_par' dir='ltr' id='par_1_91' title="bbox 2281 3323 3888 3400">
     <span class='ocr_line' id='line_1_92' title="bbox 2281 3323 3888 3400; baseline 0.006 -21"><span class='ocrx_word' id='word_1_731' title='bbox 2281 3324 2414 3379; x_wconf 86' lang='lat' dir='ltr'><strong>satis</strong></span> <span class='ocrx_word' id='word_1_732' title='bbox 2436 3323 2706 3390; x_wconf 83' lang='lat' dir='ltr'><strong>habuisse,</strong></span> <span class='ocrx_word' id='word_1_733' title='bbox 2726 3326 2867 3395; x_wconf 91' lang='lat' dir='ltr'><strong>quod</strong></span> <span class='ocrx_word' id='word_1_734' title='bbox 2894 3326 3014 3382; x_wconf 84' lang='lat' dir='ltr'><strong>lidei</strong></span> <span class='ocrx_word' id='word_1_735' title='bbox 3038 3329 3241 3383; x_wconf 87' lang='lat' dir='ltr'><strong>semina</strong></span> <span class='ocrx_word' id='word_1_736' title='bbox 3261 3330 3482 3400; x_wconf 88' lang='lat' dir='ltr'><strong>jecissct</strong></span> <span class='ocrx_word' id='word_1_737' title='bbox 3506 3348 3519 3383; x_wconf 92' lang='lat'><strong>:</strong></span> <span class='ocrx_word' id='word_1_738' title='bbox 3546 3333 3716 3400; x_wconf 82' lang='lat' dir='ltr'><strong>major</strong></span> <span class='ocrx_word' id='word_1_739' title='bbox 3732 3334 3888 3388; x_wconf 84' lang='lat' dir='ltr'><strong>enim</strong></span> 
     </span>
    </p>
   </div>
   <div class='ocr_carea' id='block_1_92' title="bbox 2282 3415 3889 3486">
    <p class='ocr_par' dir='ltr' id='par_1_92' title="bbox 2282 3415 3889 3486">
     <span class='ocr_line' id='line_1_93' title="bbox 2282 3415 3889 3486; baseline 0.008 -18"><span class='ocrx_word' id='word_1_740' title='bbox 2282 3430 2405 3485; x_wconf 81' lang='lat' dir='ltr'><strong>pars</strong></span> <span class='ocrx_word' id='word_1_741' title='bbox 2435 3416 2555 3469; x_wconf 72' lang='lat' dir='ltr'><strong>vi&#39;tre</strong></span> <span class='ocrx_word' id='word_1_742' title='bbox 2587 3415 2726 3470; x_wconf 90' lang='lat' dir='ltr'><strong>illius</strong></span> <span class='ocrx_word' id='word_1_743' title='bbox 2764 3418 2872 3486; x_wconf 88' lang='lat' dir='ltr'><strong>jam</strong></span> <span class='ocrx_word' id='word_1_744' title='bbox 2906 3428 3168 3474; x_wconf 86' lang='lat' dir='ltr'><strong>transacta</strong></span> <span class='ocrx_word' id='word_1_745' title='bbox 3197 3431 3331 3475; x_wconf 91' lang='lat' dir='ltr'><strong>erat.</strong></span> <span class='ocrx_word' id='word_1_746' title='bbox 3378 3421 3507 3476; x_wconf 90' lang='lat' dir='ltr'><strong>Nam</strong></span> <span class='ocrx_word' id='word_1_747' title='bbox 3540 3424 3638 3477; x_wconf 89' lang='lat' dir='ltr'><strong>sub</strong></span> <span class='ocrx_word' id='word_1_748' title='bbox 3666 3423 3889 3481; x_wconf 79' lang='lat' dir='ltr'><strong>Nerone</strong></span> 
     </span>
    </p>
   </div>
   <div class='ocr_carea' id='block_1_93' title="bbox 2282 3509 3890 3574">
    <p class='ocr_par' dir='ltr' id='par_1_93' title="bbox 2282 3509 3890 3574">
     <span class='ocr_line' id='line_1_94' title="bbox 2282 3509 3890 3574; baseline 0.007 -12"><span class='ocrx_word' id='word_1_749' title='bbox 2282 3517 2683 3564; x_wconf 90' lang='lat' dir='ltr'><strong>consummatus</strong></span> <span class='ocrx_word' id='word_1_750' title='bbox 2712 3518 2825 3574; x_wconf 86' lang='lat' dir='ltr'><strong>est;</strong></span> <span class='ocrx_word' id='word_1_751' title='bbox 2858 3524 2888 3565; x_wconf 90' lang='lat' dir='ltr'><strong>a</strong></span> <span class='ocrx_word' id='word_1_752' title='bbox 2912 3509 3135 3565; x_wconf 87' lang='lat' dir='ltr'><strong>Claudio</strong></span> <span class='ocrx_word' id='word_1_753' title='bbox 3162 3522 3338 3568; x_wconf 90' lang='lat' dir='ltr'><strong>autem</strong></span> <span class='ocrx_word' id='word_1_754' title='bbox 3368 3522 3492 3569; x_wconf 91' lang='lat' dir='ltr'><strong>tunc</strong></span> <span class='ocrx_word' id='word_1_755' title='bbox 3520 3514 3722 3570; x_wconf 87' lang='lat' dir='ltr'><strong>bellum</strong></span> <span class='ocrx_word' id='word_1_756' title='bbox 3746 3533 3890 3573; x_wconf 89' lang='lat' dir='ltr'><strong>con-</strong></span> 
     </span>
    </p>
   </div>
   <div class='ocr_carea' id='block_1_94' title="bbox 2284 3599 3889 3681">
    <p class='ocr_par' dir='ltr' id='par_1_94' title="bbox 2284 3599 3889 3681">
     <span class='ocr_line' id='line_1_95' title="bbox 2284 3599 3889 3681; baseline 0.009 -29"><span class='ocrx_word' id='word_1_757' title='bbox 2284 3608 2361 3653; x_wconf 89' lang='lat' dir='ltr'><strong>tra</strong></span> <span class='ocrx_word' id='word_1_758' title='bbox 2393 3599 2607 3654; x_wconf 70' lang='lat' dir='ltr'><strong>Judaeos</strong></span> <span class='ocrx_word' id='word_1_759' title='bbox 2637 3602 2836 3656; x_wconf 88' lang='lat' dir='ltr'><strong>moveri</strong></span> <span class='ocrx_word' id='word_1_760' title='bbox 2871 3603 3193 3673; x_wconf 86' lang='lat' dir='ltr'><strong>incipiebat,</strong></span> <span class='ocrx_word' id='word_1_761' title='bbox 3225 3607 3408 3674; x_wconf 88' lang='lat' dir='ltr'><strong>procul</strong></span> <span class='ocrx_word' id='word_1_762' title='bbox 3436 3608 3652 3678; x_wconf 88' lang='lat' dir='ltr'><strong>quidem</strong></span> <span class='ocrx_word' id='word_1_763' title='bbox 3676 3652 3690 3674; x_wconf 89' lang='lat'><strong>,</strong></span> <span class='ocrx_word' id='word_1_764' title='bbox 3720 3620 3889 3681; x_wconf 89' lang='lat' dir='ltr'><strong>atque</strong></span> 
     </span>
    </p>
   </div>
   <div class='ocr_carea' id='block_1_95' title="bbox 2282 3691 3890 3767">
    <p class='ocr_par' dir='ltr' id='par_1_95' title="bbox 2282 3691 3890 3767">
     <span class='ocr_line' id='line_1_96' title="bbox 2282 3691 3890 3767; baseline 0.009 -25"><span class='ocrx_word' id='word_1_765' title='bbox 2282 3699 2339 3743; x_wconf 90' lang='lat' dir='ltr'><strong>ut</strong></span> <span class='ocrx_word' id='word_1_766' title='bbox 2375 3691 2665 3747; x_wconf 91' lang='lat' dir='ltr'><strong>verisimile</strong></span> <span class='ocrx_word' id='word_1_767' title='bbox 2704 3702 2786 3746; x_wconf 88' lang='lat' dir='ltr'><strong>est</strong></span> <span class='ocrx_word' id='word_1_768' title='bbox 2812 3734 2825 3757; x_wconf 93' lang='lat'><strong>,</strong></span> <span class='ocrx_word' id='word_1_769' title='bbox 2860 3702 2917 3747; x_wconf 93' lang='lat' dir='ltr'><strong>ut</strong></span> <span class='ocrx_word' id='word_1_770' title='bbox 2959 3709 3079 3750; x_wconf 87' lang='lat' dir='ltr'><strong>sese</strong></span> <span class='ocrx_word' id='word_1_771' title='bbox 3119 3699 3500 3767; x_wconf 88' lang='lat' dir='ltr'><strong>emendarent;</strong></span> <span class='ocrx_word' id='word_1_772' title='bbox 3532 3716 3595 3755; x_wconf 91' lang='lat' dir='ltr'><strong>ac</strong></span> <span class='ocrx_word' id='word_1_773' title='bbox 3621 3702 3797 3759; x_wconf 78' lang='lat' dir='ltr'><strong>Roma</strong></span> <span class='ocrx_word' id='word_1_774' title='bbox 3831 3716 3890 3759; x_wconf 90' lang='lat' dir='ltr'><strong>ut</strong></span> 
     </span>
    </p>
   </div>
   <div class='ocr_carea' id='block_1_96' title="bbox 2286 3782 2914 3852">
    <p class='ocr_par' dir='ltr' id='par_1_96' title="bbox 2286 3782 2914 3852">
     <span class='ocr_line' id='line_1_97' title="bbox 2286 3782 2914 3852; baseline 0.006 -16"><span class='ocrx_word' id='word_1_775' title='bbox 2286 3782 2519 3851; x_wconf 80' lang='lat' dir='ltr'><strong>pestifcri</strong></span> <span class='ocrx_word' id='word_1_776' title='bbox 2560 3784 2914 3852; x_wconf 87' lang='lat' dir='ltr'><strong>pellebantur.</strong></span> 
     </span>
    </p>
   </div>
   <div class='ocr_carea' id='block_1_97' title="bbox 2362 3870 3886 3944">
    <p class='ocr_par' dir='ltr' id='par_1_97' title="bbox 2362 3870 3886 3944">
     <span class='ocr_line' id='line_1_98' title="bbox 2362 3870 3886 3944; baseline 0.014 -21"><span class='ocrx_word' id='word_1_777' title='bbox 2362 3870 2553 3927; x_wconf 80' lang='lat' dir='ltr'><strong>Paulus</strong></span> <span class='ocrx_word' id='word_1_778' title='bbox 2581 3892 2672 3927; x_wconf 87' lang='lat' dir='ltr'><strong>cur</strong></span> <span class='ocrx_word' id='word_1_779' title='bbox 2698 3878 2893 3931; x_wconf 86' lang='lat' dir='ltr'><strong>vinctus</strong></span> <span class='ocrx_word' id='word_1_780' title='bbox 2919 3876 3133 3933; x_wconf 83' lang='lat' dir='ltr'><strong>Romam</strong></span> <span class='ocrx_word' id='word_1_781' title='bbox 3161 3881 3382 3935; x_wconf 82' lang='lat' dir='ltr'><strong>ducitur.</strong></span> <span class='ocrx_word' id='word_1_782' title='bbox 3415 3913 3479 3923; x_wconf 91' lang='lat'><strong>—-</strong></span> <span class='ocrx_word' id='word_1_783' title='bbox 3506 3884 3630 3941; x_wconf 90' lang='lat' dir='ltr'><strong>Idco</strong></span> <span class='ocrx_word' id='word_1_784' title='bbox 3656 3902 3723 3942; x_wconf 80' lang='lat' dir='ltr'><strong>ex</strong></span> <span class='ocrx_word' id='word_1_785' title='bbox 3765 3887 3886 3944; x_wconf 83' lang='lat' dir='ltr'><strong>dis-</strong></span> 
     </span>
    </p>
   </div>
   <div class='ocr_carea' id='block_1_98' title="bbox 2283 3965 3883 4045">
    <p class='ocr_par' dir='ltr' id='par_1_98' title="bbox 2283 3965 3883 4045">
     <span class='ocr_line' id='line_1_99' title="bbox 2283 3965 3883 4045; baseline 0.012 -30"><span class='ocrx_word' id='word_1_786' title='bbox 2283 3965 2596 4033; x_wconf 88' lang='lat' dir='ltr'><strong>pensatione</strong></span> <span class='ocrx_word' id='word_1_787' title='bbox 2622 3967 2797 4022; x_wconf 88' lang='lat' dir='ltr'><strong>divina</strong></span> <span class='ocrx_word' id='word_1_788' title='bbox 2824 3969 2899 4037; x_wconf 83' lang='lat' dir='ltr'><strong>lit,</strong></span> <span class='ocrx_word' id='word_1_789' title='bbox 2925 3979 2979 4025; x_wconf 91' lang='lat' dir='ltr'><strong>ut</strong></span> <span class='ocrx_word' id='word_1_790' title='bbox 3010 3970 3207 4027; x_wconf 84' lang='lat' dir='ltr'><strong>Paulus</strong></span> <span class='ocrx_word' id='word_1_791' title='bbox 3238 3975 3444 4030; x_wconf 84' lang='lat' dir='ltr'><strong>vinctus</strong></span> <span class='ocrx_word' id='word_1_792' title='bbox 3476 3977 3601 4033; x_wconf 92' lang='lat' dir='ltr'><strong>illuc</strong></span> <span class='ocrx_word' id='word_1_793' title='bbox 3628 3978 3883 4045; x_wconf 72' lang='lat' dir='ltr'><strong>ducatur,</strong></span> 
     </span>
    </p>
   </div>
   <div class='ocr_carea' id='block_1_99' title="bbox 2283 4056 3888 4136">
    <p class='ocr_par' dir='ltr' id='par_1_99' title="bbox 2283 4056 3888 4136">
     <span class='ocr_line' id='line_1_100' title="bbox 2283 4056 3888 4136; baseline 0.012 -30"><span class='ocrx_word' id='word_1_794' title='bbox 2283 4063 2338 4107; x_wconf 93' lang='lat' dir='ltr'><strong>ut</strong></span> <span class='ocrx_word' id='word_1_795' title='bbox 2372 4070 2437 4109; x_wconf 90' lang='lat' dir='ltr'><strong>ne</strong></span> <span class='ocrx_word' id='word_1_796' title='bbox 2469 4058 2618 4125; x_wconf 89' lang='lat' dir='ltr'><strong>quasi</strong></span> <span class='ocrx_word' id='word_1_797' title='bbox 2650 4056 2867 4114; x_wconf 66' lang='lat' dir='ltr'><strong>Judazus</strong></span> <span class='ocrx_word' id='word_1_798' title='bbox 2894 4062 3147 4136; x_wconf 58' lang='lat' dir='ltr'><strong>pellatur,</strong></span> <span class='ocrx_word' id='word_1_799' title='bbox 3178 4064 3271 4119; x_wconf 89' lang='lat' dir='ltr'><strong>sed</strong></span> <span class='ocrx_word' id='word_1_800' title='bbox 3301 4066 3449 4135; x_wconf 89' lang='lat' dir='ltr'><strong>quasi</strong></span> <span class='ocrx_word' id='word_1_801' title='bbox 3488 4068 3590 4123; x_wconf 89' lang='lat' dir='ltr'><strong>sub</strong></span> <span class='ocrx_word' id='word_1_802' title='bbox 3622 4070 3888 4126; x_wconf 84' lang='lat' dir='ltr'><strong>militibus</strong></span> 
     </span>
    </p>
   </div>
   <div class='ocr_carea' id='block_1_100' title="bbox 2282 4148 3886 4229">
    <p class='ocr_par' dir='ltr' id='par_1_100' title="bbox 2282 4148 3886 4229">
     <span class='ocr_line' id='line_1_101' title="bbox 2282 4148 3886 4229; baseline 0.013 -33"><span class='ocrx_word' id='word_1_803' title='bbox 2282 4159 2444 4211; x_wconf 76' lang='lat' dir='ltr'><strong>agens</strong></span> <span class='ocrx_word' id='word_1_804' title='bbox 2469 4188 2482 4210; x_wconf 93' lang='lat'><strong>,</strong></span> <span class='ocrx_word' id='word_1_805' title='bbox 2516 4148 2567 4200; x_wconf 90' lang='lat' dir='ltr'><strong>in</strong></span> <span class='ocrx_word' id='word_1_806' title='bbox 2598 4150 2839 4203; x_wconf 88' lang='lat' dir='ltr'><strong>custodia</strong></span> <span class='ocrx_word' id='word_1_807' title='bbox 2872 4152 2959 4205; x_wconf 91' lang='lat' dir='ltr'><strong>sit.</strong></span> <span class='ocrx_word' id='word_1_808' title='bbox 2993 4150 3057 4203; x_wconf 82' lang='lat' dir='ltr'><strong>Et</strong></span> <span class='ocrx_word' id='word_1_809' title='bbox 3086 4157 3302 4220; x_wconf 86' lang='lat' dir='ltr'><strong>mansit,</strong></span> <span class='ocrx_word' id='word_1_810' title='bbox 3340 4157 3538 4227; x_wconf 89' lang='lat' dir='ltr'><strong>inquit,</strong></span> <span class='ocrx_word' id='word_1_811' title='bbox 3571 4164 3715 4229; x_wconf 83' lang='lat' dir='ltr'><strong>apud</strong></span> <span class='ocrx_word' id='word_1_812' title='bbox 3744 4161 3886 4217; x_wconf 82' lang='lat' dir='ltr'><strong>illos.</strong></span> 
     </span>
    </p>
   </div>
   <div class='ocr_carea' id='block_1_101' title="bbox 2282 4234 3884 4311">
    <p class='ocr_par' dir='ltr' id='par_1_101' title="bbox 2282 4234 3884 4311">
     <span class='ocr_line' id='line_1_102' title="bbox 2282 4234 3884 4311; baseline 0.013 -24"><span class='ocrx_word' id='word_1_813' title='bbox 2282 4234 2479 4305; x_wconf 57' lang='lat' dir='ltr'><strong>Papae!</strong></span> <span class='ocrx_word' id='word_1_814' title='bbox 2512 4253 2673 4307; x_wconf 91' lang='lat' dir='ltr'><strong>quam</strong></span> <span class='ocrx_word' id='word_1_815' title='bbox 2708 4240 2967 4308; x_wconf 88' lang='lat' dir='ltr'><strong>justitiam</strong></span> <span class='ocrx_word' id='word_1_816' title='bbox 3001 4243 3223 4311; x_wconf 79' lang='lat' dir='ltr'><strong>invenit,</strong></span> <span class='ocrx_word' id='word_1_817' title='bbox 3268 4256 3323 4301; x_wconf 92' lang='lat' dir='ltr'><strong>ut</strong></span> <span class='ocrx_word' id='word_1_818' title='bbox 3350 4263 3471 4301; x_wconf 89' lang='lat' dir='ltr'><strong>cum</strong></span> <span class='ocrx_word' id='word_1_819' title='bbox 3503 4248 3611 4305; x_wconf 91' lang='lat' dir='ltr'><strong>illis</strong></span> <span class='ocrx_word' id='word_1_820' title='bbox 3642 4250 3884 4308; x_wconf 79' lang='lat' dir='ltr'><strong>habitet!</strong></span> 
     </span>
    </p>
   </div>
   <div class='ocr_carea' id='block_1_102' title="bbox 2283 4328 3887 4408">
    <p class='ocr_par' dir='ltr' id='par_1_102' title="bbox 2283 4328 3887 4408">
     <span class='ocr_line' id='line_1_103' title="bbox 2283 4328 3887 4408; baseline 0.014 -28"><span class='ocrx_word' id='word_1_821' title='bbox 2283 4328 2418 4395; x_wconf 83' lang='lat' dir='ltr'><strong>Quia</strong></span> <span class='ocrx_word' id='word_1_822' title='bbox 2446 4330 2587 4385; x_wconf 91' lang='lat' dir='ltr'><strong>enim</strong></span> <span class='ocrx_word' id='word_1_823' title='bbox 2622 4331 2707 4387; x_wconf 91' lang='lat' dir='ltr'><strong>hic</strong></span> <span class='ocrx_word' id='word_1_824' title='bbox 2735 4335 3069 4403; x_wconf 87' lang='lat' dir='ltr'><strong>potissimum</strong></span> <span class='ocrx_word' id='word_1_825' title='bbox 3099 4340 3379 4408; x_wconf 89' lang='lat' dir='ltr'><strong>oportebat</strong></span> <span class='ocrx_word' id='word_1_826' title='bbox 3419 4342 3569 4398; x_wconf 92' lang='lat' dir='ltr'><strong>illum</strong></span> <span class='ocrx_word' id='word_1_827' title='bbox 3603 4360 3712 4401; x_wconf 91' lang='lat' dir='ltr'><strong>non</strong></span> <span class='ocrx_word' id='word_1_828' title='bbox 3740 4348 3887 4401; x_wconf 59' lang='lat' dir='ltr'><strong>sicci-</strong></span> 
     </span>
    </p>
   </div>
   <div class='ocr_carea' id='block_1_103' title="bbox 2285 4422 3890 4502">
    <p class='ocr_par' dir='ltr' id='par_1_103' title="bbox 2285 4422 3890 4502">
     <span class='ocr_line' id='line_1_104' title="bbox 2285 4422 3890 4502; baseline 0.011 -28"><span class='ocrx_word' id='word_1_829' title='bbox 2285 4436 2411 4490; x_wconf 81' lang='lat' dir='ltr'><strong>pere</strong></span> <span class='ocrx_word' id='word_1_830' title='bbox 2435 4463 2447 4485; x_wconf 86' lang='lat'><strong>,</strong></span> <span class='ocrx_word' id='word_1_831' title='bbox 2480 4431 2535 4476; x_wconf 91' lang='lat' dir='ltr'><strong>ut</strong></span> <span class='ocrx_word' id='word_1_832' title='bbox 2566 4422 2679 4491; x_wconf 88' lang='lat' dir='ltr'><strong>ipse</strong></span> <span class='ocrx_word' id='word_1_833' title='bbox 2720 4426 2793 4479; x_wconf 86' lang='lat' dir='ltr'><strong>ait</strong></span> <span class='ocrx_word' id='word_1_834' title='bbox 2832 4442 2846 4479; x_wconf 85' lang='lat'>:</span> <span class='ocrx_word' id='word_1_835' title='bbox 2894 4426 2961 4481; x_wconf 88' lang='lat' dir='ltr'><strong>Ut</strong></span> <span class='ocrx_word' id='word_1_836' title='bbox 3007 4429 3057 4481; x_wconf 88' lang='lat' dir='ltr'><strong>in</strong></span> <span class='ocrx_word' id='word_1_837' title='bbox 3083 4446 3181 4499; x_wconf 90' lang='lat' dir='ltr'><strong>quo</strong></span> <span class='ocrx_word' id='word_1_838' title='bbox 3208 4432 3495 4502; x_wconf 82' lang='lat' dir='ltr'><strong>gloriantur</strong></span> <span class='ocrx_word' id='word_1_839' title='bbox 3518 4478 3531 4500; x_wconf 91' lang='lat'><strong>,</strong></span> <span class='ocrx_word' id='word_1_840' title='bbox 3563 4436 3890 4491; x_wconf 78' lang='lat' dir='ltr'><strong>inveniantur</strong></span> 
     </span>
    </p>
   </div>
   <div class='ocr_carea' id='block_1_104' title="bbox 2282 4514 3881 4593">
    <p class='ocr_par' dir='ltr' id='par_1_104' title="bbox 2282 4514 3881 4593">
     <span class='ocr_line' id='line_1_105' title="bbox 2282 4514 3881 4593; baseline 0.013 -28"><span class='ocrx_word' id='word_1_841' title='bbox 2282 4514 2411 4567; x_wconf 82' lang='lat' dir='ltr'><strong>sicut</strong></span> <span class='ocrx_word' id='word_1_842' title='bbox 2430 4524 2474 4568; x_wconf 86' lang='lat' dir='ltr'><strong>et</strong></span> <span class='ocrx_word' id='word_1_843' title='bbox 2496 4532 2584 4569; x_wconf 90' lang='lat' dir='ltr'><strong>nos</strong></span> <span class='ocrx_word' id='word_1_844' title='bbox 2610 4516 2685 4587; x_wconf 66' lang='grc' dir='ltr'><strong>(Ξ.</strong></span> <span class='ocrx_word' id='word_1_845' title='bbox 2708 4518 2825 4573; x_wconf 85' lang='lat' dir='ltr'><strong>Cor.</strong></span> <span class='ocrx_word' id='word_1_846' title='bbox 2853 4520 2937 4574; x_wconf 83' lang='grc' dir='ltr'><strong>Η.</strong></span> <span class='ocrx_word' id='word_1_847' title='bbox 2965 4521 3074 4593; x_wconf 72' lang='lat'><strong>12);</strong></span> <span class='ocrx_word' id='word_1_848' title='bbox 3100 4524 3408 4593; x_wconf 86' lang='lat' dir='ltr'><strong>providetur</strong></span> <span class='ocrx_word' id='word_1_849' title='bbox 3430 4536 3487 4581; x_wconf 93' lang='lat' dir='ltr'><strong>ut</strong></span> <span class='ocrx_word' id='word_1_850' title='bbox 3512 4529 3617 4583; x_wconf 88' lang='lat' dir='ltr'><strong>illic</strong></span> <span class='ocrx_word' id='word_1_851' title='bbox 3643 4543 3881 4587; x_wconf 78' lang='lat' dir='ltr'><strong>maneat.</strong></span> 
     </span>
    </p>
   </div>
   <div class='ocr_carea' id='block_1_105' title="bbox 2284 4605 3885 4692">
    <p class='ocr_par' dir='ltr' id='par_1_105' title="bbox 2284 4605 3885 4692">
     <span class='ocr_line' id='line_1_106' title="bbox 2284 4605 3885 4692; baseline 0.014 -34"><span class='ocrx_word' id='word_1_852' title='bbox 2284 4606 2335 4660; x_wconf 68' lang='grc'><strong>4.</strong></span> <span class='ocrx_word' id='word_1_853' title='bbox 2368 4605 2436 4659; x_wconf 84' lang='lat' dir='ltr'><strong>Et</strong></span> <span class='ocrx_word' id='word_1_854' title='bbox 2462 4609 2746 4677; x_wconf 87' lang='lat' dir='ltr'><strong>disputabat</strong></span> <span class='ocrx_word' id='word_1_855' title='bbox 2773 4613 2823 4665; x_wconf 87' lang='lat' dir='ltr'><strong>in</strong></span> <span class='ocrx_word' id='word_1_856' title='bbox 2854 4631 3113 4685; x_wconf 82' lang='lat' dir='ltr'><strong>synagoga</strong></span> <span class='ocrx_word' id='word_1_857' title='bbox 3156 4634 3244 4685; x_wconf 74' lang='lat' dir='ltr'><strong>per</strong></span> <span class='ocrx_word' id='word_1_858' title='bbox 3271 4635 3415 4673; x_wconf 82' lang='lat' dir='ltr'><strong>omne</strong></span> <span class='ocrx_word' id='word_1_859' title='bbox 3439 4623 3727 4692; x_wconf 84' lang='lat' dir='ltr'><strong>sabbatum,</strong></span> <span class='ocrx_word' id='word_1_860' title='bbox 3762 4644 3885 4680; x_wconf 82' lang='lat' dir='ltr'><strong>sua-</strong></span> 
     </span>
    </p>
   </div>
   <div class='ocr_carea' id='block_1_106' title="bbox 2284 4700 3889 4773">
    <p class='ocr_par' dir='ltr' id='par_1_106' title="bbox 2284 4700 3889 4773">
     <span class='ocr_line' id='line_1_107' title="bbox 2284 4700 3889 4773; baseline 0.013 -21"><span class='ocrx_word' id='word_1_861' title='bbox 2284 4700 2525 4770; x_wconf 69' lang='lat' dir='ltr'><strong>dabatque</strong></span> <span class='ocrx_word' id='word_1_862' title='bbox 2552 4701 2768 4771; x_wconf 73' lang='lat' dir='ltr'><strong>Judazis,</strong></span> <span class='ocrx_word' id='word_1_863' title='bbox 2794 4716 2838 4759; x_wconf 88' lang='lat' dir='ltr'><strong>et</strong></span> <span class='ocrx_word' id='word_1_864' title='bbox 2867 4706 3076 4761; x_wconf 60' lang='lat' dir='ltr'><strong>(invi-is.</strong></span> <span class='ocrx_word' id='word_1_865' title='bbox 3103 4709 3154 4763; x_wconf 81' lang='lat'><strong>5.</strong></span> <span class='ocrx_word' id='word_1_866' title='bbox 3184 4708 3309 4763; x_wconf 81' lang='lat' dir='ltr'><strong>Cum</strong></span> <span class='ocrx_word' id='word_1_867' title='bbox 3345 4712 3591 4767; x_wconf 75' lang='lat' dir='ltr'><strong>venissent</strong></span> <span class='ocrx_word' id='word_1_868' title='bbox 3620 4727 3792 4771; x_wconf 84' lang='lat' dir='ltr'><strong>autem</strong></span> <span class='ocrx_word' id='word_1_869' title='bbox 3826 4721 3889 4773; x_wconf 80' lang='lat' dir='ltr'><strong>de</strong></span> 
     </span>
    </p>
   </div>
   <div class='ocr_carea' id='block_1_107' title="bbox 2286 4792 3886 4880">
    <p class='ocr_par' dir='ltr' id='par_1_107' title="bbox 2286 4792 3886 4880">
     <span class='ocr_line' id='line_1_108' title="bbox 2286 4792 3886 4880; baseline 0.013 -36"><span class='ocrx_word' id='word_1_870' title='bbox 2286 4792 2589 4850; x_wconf 76' lang='lat' dir='ltr'><strong>Macedonia</strong></span> <span class='ocrx_word' id='word_1_871' title='bbox 2650 4799 2790 4854; x_wconf 88' lang='lat' dir='ltr'><strong>Silas</strong></span> <span class='ocrx_word' id='word_1_872' title='bbox 2829 4810 2874 4854; x_wconf 88' lang='lat' dir='ltr'><strong>et</strong></span> <span class='ocrx_word' id='word_1_873' title='bbox 2924 4800 3254 4869; x_wconf 75' lang='lat' dir='ltr'><strong>Timotheus,</strong></span> <span class='ocrx_word' id='word_1_874' title='bbox 3302 4807 3657 4862; x_wconf 85' lang='lat' dir='ltr'><strong>coarctabatur</strong></span> <span class='ocrx_word' id='word_1_875' title='bbox 3698 4813 3886 4880; x_wconf 80' lang='lat' dir='ltr'><strong>spiritu</strong></span> 
     </span>
    </p>
   </div>
   <div class='ocr_carea' id='block_1_108' title="bbox 2288 4890 3880 4971">
    <p class='ocr_par' dir='ltr' id='par_1_108' title="bbox 2288 4890 3880 4971">
     <span class='ocr_line' id='line_1_109' title="bbox 2288 4890 3880 4971; baseline 0.009 -28"><span class='ocrx_word' id='word_1_876' title='bbox 2288 4890 2518 4953; x_wconf 86' lang='lat' dir='ltr'><strong>Paulus,</strong></span> <span class='ocrx_word' id='word_1_877' title='bbox 2567 4894 2840 4961; x_wconf 74' lang='lat' dir='ltr'><strong>testiﬁcaris</strong></span> <span class='ocrx_word' id='word_1_878' title='bbox 2881 4893 3078 4947; x_wconf 78' lang='lat' dir='ltr'><strong>Judwis</strong></span> <span class='ocrx_word' id='word_1_879' title='bbox 3126 4896 3379 4951; x_wconf 69' lang='lat' dir='ltr'><strong>(I/trisIum</strong></span> <span class='ocrx_word' id='word_1_880' title='bbox 3420 4898 3620 4954; x_wconf 84' lang='lat' dir='ltr'><strong>Jesum.</strong></span> <span class='ocrx_word' id='word_1_881' title='bbox 3670 4902 3727 4956; x_wconf 83' lang='lat' dir='ltr'><strong>ld</strong></span> <span class='ocrx_word' id='word_1_882' title='bbox 3760 4911 3880 4971; x_wconf 81' lang='lat' dir='ltr'><strong>est,</strong></span> 
     </span>
    </p>
   </div>
   <div class='ocr_carea' id='block_1_109' title="bbox 2284 4983 3884 5067">
    <p class='ocr_par' dir='ltr' id='par_1_109' title="bbox 2284 4983 3884 5067">
     <span class='ocr_line' id='line_1_110' title="bbox 2284 4983 3884 5067; baseline 0.011 -32"><span class='ocrx_word' id='word_1_883' title='bbox 2284 4983 2490 5038; x_wconf 88' lang='lat' dir='ltr'><strong>molesti</strong></span> <span class='ocrx_word' id='word_1_884' title='bbox 2523 4994 2674 5038; x_wconf 87' lang='lat' dir='ltr'><strong>erant</strong></span> <span class='ocrx_word' id='word_1_885' title='bbox 2716 4986 2825 5050; x_wconf 90' lang='lat' dir='ltr'><strong>illi,</strong></span> <span class='ocrx_word' id='word_1_886' title='bbox 2861 4986 3205 5057; x_wconf 88' lang='lat' dir='ltr'><strong>insurgebant</strong></span> <span class='ocrx_word' id='word_1_887' title='bbox 3241 4990 3291 5043; x_wconf 91' lang='lat' dir='ltr'><strong>in</strong></span> <span class='ocrx_word' id='word_1_888' title='bbox 3336 5006 3457 5045; x_wconf 88' lang='lat' dir='ltr'><strong>eum</strong></span> <span class='ocrx_word' id='word_1_889' title='bbox 3494 5010 3506 5044; x_wconf 91' lang='lat'>:</span> <span class='ocrx_word' id='word_1_890' title='bbox 3539 4993 3619 5047; x_wconf 90' lang='lat' dir='ltr'><strong>sic</strong></span> <span class='ocrx_word' id='word_1_891' title='bbox 3650 4993 3728 5049; x_wconf 89' lang='lat' dir='ltr'><strong>illi</strong></span> <span class='ocrx_word' id='word_1_892' title='bbox 3756 5011 3884 5067; x_wconf 83' lang='lat' dir='ltr'><strong>age-</strong></span> 
     </span>
    </p>
   </div>
   <div class='ocr_carea' id='block_1_110' title="bbox 2286 5077 3884 5159">
    <p class='ocr_par' dir='ltr' id='par_1_110' title="bbox 2286 5077 3884 5159">
     <span class='ocr_line' id='line_1_111' title="bbox 2286 5077 3884 5159; baseline 0.011 -30"><span class='ocrx_word' id='word_1_893' title='bbox 2286 5077 2430 5131; x_wconf 91' lang='lat' dir='ltr'><strong>bant.</strong></span> <span class='ocrx_word' id='word_1_894' title='bbox 2466 5078 2604 5145; x_wconf 88' lang='lat' dir='ltr'><strong>Quid</strong></span> <span class='ocrx_word' id='word_1_895' title='bbox 2647 5095 2773 5133; x_wconf 83' lang='lat' dir='ltr'><strong>vcro</strong></span> <span class='ocrx_word' id='word_1_896' title='bbox 2802 5079 3035 5134; x_wconf 84' lang='lat' dir='ltr'><strong>Paulus?</strong></span> <span class='ocrx_word' id='word_1_897' title='bbox 3074 5081 3348 5153; x_wconf 83' lang='lat' dir='ltr'><strong>Relinquit</strong></span> <span class='ocrx_word' id='word_1_898' title='bbox 3375 5098 3468 5140; x_wconf 90' lang='lat' dir='ltr'><strong>eos</strong></span> <span class='ocrx_word' id='word_1_899' title='bbox 3495 5126 3508 5150; x_wconf 90' lang='lat'><strong>,</strong></span> <span class='ocrx_word' id='word_1_900' title='bbox 3542 5086 3884 5159; x_wconf 83' lang='lat' dir='ltr'><strong>multumun</strong></span> 
     </span>
    </p>
   </div>
   <div class='ocr_carea' id='block_1_111' title="bbox 2289 5170 3881 5250">
    <p class='ocr_par' dir='ltr' id='par_1_111' title="bbox 2289 5170 3881 5250">
     <span class='ocr_line' id='line_1_112' title="bbox 2289 5170 3881 5250; baseline 0.009 -29"><span class='ocrx_word' id='word_1_901' title='bbox 2289 5177 2469 5223; x_wconf 88' lang='lat' dir='ltr'><strong>terret.</strong></span> <span class='ocrx_word' id='word_1_902' title='bbox 2496 5170 2607 5224; x_wconf 80' lang='lat' dir='ltr'><strong>Non</strong></span> <span class='ocrx_word' id='word_1_903' title='bbox 2635 5171 2769 5224; x_wconf 89' lang='lat' dir='ltr'><strong>ultra</strong></span> <span class='ocrx_word' id='word_1_904' title='bbox 2792 5173 3151 5227; x_wconf 82' lang='lat' dir='ltr'><strong>necessarium</strong></span> <span class='ocrx_word' id='word_1_905' title='bbox 3176 5184 3313 5241; x_wconf 85' lang='lat' dir='ltr'><strong>erat,</strong></span> <span class='ocrx_word' id='word_1_906' title='bbox 3342 5176 3535 5245; x_wconf 89' lang='lat' dir='ltr'><strong>inquit,</strong></span> <span class='ocrx_word' id='word_1_907' title='bbox 3558 5178 3712 5232; x_wconf 77' lang='lat' dir='ltr'><strong>vobis</strong></span> <span class='ocrx_word' id='word_1_908' title='bbox 3735 5180 3881 5250; x_wconf 68' lang='lat' dir='ltr'><strong>loqui</strong></span> 
     </span>
    </p>
   </div>
   <div class='ocr_carea' id='block_1_112' title="bbox 2285 5261 3883 5337">
    <p class='ocr_par' dir='ltr' id='par_1_112' title="bbox 2285 5261 3883 5337">
     <span class='ocr_line' id='line_1_113' title="bbox 2285 5261 3883 5337; baseline 0.012 -25"><span class='ocrx_word' id='word_1_909' title='bbox 2285 5261 2539 5327; x_wconf 77' lang='lat' dir='ltr'><strong>verbum;</strong></span> <span class='ocrx_word' id='word_1_910' title='bbox 2590 5262 2685 5317; x_wconf 85' lang='lat' dir='ltr'><strong>sed</strong></span> <span class='ocrx_word' id='word_1_911' title='bbox 2712 5263 2989 5319; x_wconf 89' lang='lat' dir='ltr'><strong>obscurius</strong></span> <span class='ocrx_word' id='word_1_912' title='bbox 3035 5268 3287 5337; x_wconf 88' lang='lat' dir='ltr'><strong>loquitur.</strong></span> <span class='ocrx_word' id='word_1_913' title='bbox 3320 5269 3373 5324; x_wconf 87' lang='lat'><strong>6.</strong></span> <span class='ocrx_word' id='word_1_914' title='bbox 3409 5269 3883 5331; x_wconf 81' lang='lat' dir='ltr'><strong>Contradicentibus</strong></span> 
     </span>
    </p>
   </div>
   <div class='ocr_carea' id='block_1_113' title="bbox 2284 5356 3882 5435">
    <p class='ocr_par' dir='ltr' id='par_1_113' title="bbox 2284 5356 3882 5435">
     <span class='ocr_line' id='line_1_114' title="bbox 2284 5356 3882 5435; baseline 0.011 -31"><span class='ocrx_word' id='word_1_915' title='bbox 2284 5365 2449 5408; x_wconf 84' lang='lat' dir='ltr'><strong>autent</strong></span> <span class='ocrx_word' id='word_1_916' title='bbox 2479 5357 2549 5410; x_wconf 83' lang='lat' dir='ltr'><strong>eis</strong></span> <span class='ocrx_word' id='word_1_917' title='bbox 2576 5365 2621 5409; x_wconf 83' lang='lat' dir='ltr'><strong>et</strong></span> <span class='ocrx_word' id='word_1_918' title='bbox 2649 5356 3128 5426; x_wconf 84' lang='lat' dir='ltr'><strong>blaspltemantibus,</strong></span> <span class='ocrx_word' id='word_1_919' title='bbox 3160 5361 3416 5415; x_wconf 66' lang='lat' dir='ltr'><strong>excutiens</strong></span> <span class='ocrx_word' id='word_1_920' title='bbox 3443 5364 3737 5419; x_wconf 80' lang='lat' dir='ltr'><strong>vestimenta</strong></span> <span class='ocrx_word' id='word_1_921' title='bbox 3763 5384 3882 5435; x_wconf 78' lang='lat' dir='ltr'><strong>sua,</strong></span> 
     </span>
    </p>
   </div>
   <div class='ocr_carea' id='block_1_114' title="bbox 2285 5446 3883 5522">
    <p class='ocr_par' dir='ltr' id='par_1_114' title="bbox 2285 5446 3883 5522">
     <span class='ocr_line' id='line_1_115' title="bbox 2285 5446 3883 5522; baseline 0.012 -26"><span class='ocrx_word' id='word_1_922' title='bbox 2285 5446 2409 5499; x_wconf 75' lang='lat' dir='ltr'><strong>dixit</strong></span> <span class='ocrx_word' id='word_1_923' title='bbox 2438 5449 2508 5501; x_wconf 84' lang='lat' dir='ltr'><strong>eis</strong></span> <span class='ocrx_word' id='word_1_924' title='bbox 2534 5465 2553 5501; x_wconf 82' lang='lat'><strong>.&#39;</strong></span> <span class='ocrx_word' id='word_1_925' title='bbox 2580 5448 2807 5519; x_wconf 83' lang='lat' dir='ltr'><strong>Sanguis</strong></span> <span class='ocrx_word' id='word_1_926' title='bbox 2834 5459 2990 5504; x_wconf 87' lang='lat' dir='ltr'><strong>vester</strong></span> <span class='ocrx_word' id='word_1_927' title='bbox 3016 5468 3168 5521; x_wconf 82' lang='lat' dir='ltr'><strong>super</strong></span> <span class='ocrx_word' id='word_1_928' title='bbox 3197 5462 3345 5522; x_wconf 75' lang='lat' dir='ltr'><strong>caput</strong></span> <span class='ocrx_word' id='word_1_929' title='bbox 3371 5465 3588 5508; x_wconf 82' lang='lat' dir='ltr'><strong>vestrum</strong></span> <span class='ocrx_word' id='word_1_930' title='bbox 3618 5475 3637 5511; x_wconf 90' lang='lat'><em>:</em></span> <span class='ocrx_word' id='word_1_931' title='bbox 3659 5461 3883 5516; x_wconf 77' lang='lat' dir='ltr'><strong>mundus</strong></span> 
     </span>
    </p>
   </div>
   <div class='ocr_carea' id='block_1_115' title="bbox 2285 5539 3883 5617">
    <p class='ocr_par' dir='ltr' id='par_1_115' title="bbox 2285 5539 3883 5617">
     <span class='ocr_line' id='line_1_116' title="bbox 2285 5539 3883 5617; baseline 0.013 -30"><span class='ocrx_word' id='word_1_932' title='bbox 2285 5553 2393 5607; x_wconf 80' lang='lat' dir='ltr'><strong>ego,</strong></span> <span class='ocrx_word' id='word_1_933' title='bbox 2425 5555 2487 5591; x_wconf 79' lang='lat' dir='ltr'><strong>ea:</strong></span> <span class='ocrx_word' id='word_1_934' title='bbox 2514 5539 2606 5591; x_wconf 83' lang='lat' dir='ltr'><strong>ltoc</strong></span> <span class='ocrx_word' id='word_1_935' title='bbox 2634 5540 2699 5591; x_wconf 85' lang='lat' dir='ltr'><strong>ad</strong></span> <span class='ocrx_word' id='word_1_936' title='bbox 2720 5550 2886 5609; x_wconf 83' lang='lat' dir='ltr'><strong>gentes</strong></span> <span class='ocrx_word' id='word_1_937' title='bbox 2917 5542 3117 5596; x_wconf 78' lang='lat' dir='ltr'><strong>vadum.</strong></span> <span class='ocrx_word' id='word_1_938' title='bbox 3142 5544 3193 5599; x_wconf 87' lang='lat'><strong>7.</strong></span> <span class='ocrx_word' id='word_1_939' title='bbox 3219 5543 3287 5598; x_wconf 89' lang='lat' dir='ltr'><strong>Et</strong></span> <span class='ocrx_word' id='word_1_940' title='bbox 3310 5546 3533 5617; x_wconf 86' lang='lat' dir='ltr'><strong>migrans</strong></span> <span class='ocrx_word' id='word_1_941' title='bbox 3556 5548 3693 5613; x_wconf 87' lang='lat' dir='ltr'><strong>inde,</strong></span> <span class='ocrx_word' id='word_1_942' title='bbox 3719 5551 3883 5607; x_wconf 79' lang='lat' dir='ltr'><strong>intra-</strong></span> 
     </span>
    </p>
   </div>
   <div class='ocr_carea' id='block_1_116' title="bbox 2287 5629 3876 5708">
    <p class='ocr_par' dir='ltr' id='par_1_116' title="bbox 2287 5629 3876 5708">
     <span class='ocr_line' id='line_1_117' title="bbox 2287 5629 3876 5708; baseline 0.01 -29"><span class='ocrx_word' id='word_1_943' title='bbox 2287 5629 2350 5680; x_wconf 81' lang='lat' dir='ltr'><strong>rit</strong></span> <span class='ocrx_word' id='word_1_944' title='bbox 2380 5630 2431 5681; x_wconf 90' lang='lat' dir='ltr'><strong>in</strong></span> <span class='ocrx_word' id='word_1_945' title='bbox 2462 5630 2669 5683; x_wconf 88' lang='lat' dir='ltr'><strong>domum</strong></span> <span class='ocrx_word' id='word_1_946' title='bbox 2699 5633 2991 5702; x_wconf 85' lang='lat' dir='ltr'><strong>cujusdam,</strong></span> <span class='ocrx_word' id='word_1_947' title='bbox 3022 5637 3223 5690; x_wconf 88' lang='lat' dir='ltr'><strong>nomine</strong></span> <span class='ocrx_word' id='word_1_948' title='bbox 3250 5636 3284 5689; x_wconf 81' lang='lat' dir='ltr'><strong><em>J</em></strong></span> <span class='ocrx_word' id='word_1_949' title='bbox 3292 5639 3410 5702; x_wconf 83' lang='lat' dir='ltr'><strong>usti,</strong></span> <span class='ocrx_word' id='word_1_950' title='bbox 3444 5640 3655 5692; x_wconf 86' lang='lat' dir='ltr'><strong>colentis</strong></span> <span class='ocrx_word' id='word_1_951' title='bbox 3692 5640 3876 5708; x_wconf 76' lang='lat' dir='ltr'><strong>Deum,</strong></span> 
     </span>
    </p>
   </div>
   <div class='ocr_carea' id='block_1_117' title="bbox 2287 5722 3879 5801">
    <p class='ocr_par' dir='ltr' id='par_1_117' title="bbox 2287 5722 3879 5801">
     <span class='ocr_line' id='line_1_118' title="bbox 2287 5722 3879 5801; baseline 0.009 -30"><span class='ocrx_word' id='word_1_952' title='bbox 2287 5722 2431 5790; x_wconf 84' lang='lat' dir='ltr'><strong>cujus</strong></span> <span class='ocrx_word' id='word_1_953' title='bbox 2458 5722 2635 5777; x_wconf 87' lang='lat' dir='ltr'><strong>domus</strong></span> <span class='ocrx_word' id='word_1_954' title='bbox 2662 5734 2767 5777; x_wconf 79' lang='lat' dir='ltr'><strong>erat</strong></span> <span class='ocrx_word' id='word_1_955' title='bbox 2795 5728 3061 5797; x_wconf 77' lang='lat' dir='ltr'><strong>conjuncta</strong></span> <span class='ocrx_word' id='word_1_956' title='bbox 3086 5745 3374 5799; x_wconf 74' lang='lat' dir='ltr'><strong>synogogtv.</strong></span> <span class='ocrx_word' id='word_1_957' title='bbox 3401 5731 3452 5786; x_wconf 86' lang='lat'><strong>8.</strong></span> <span class='ocrx_word' id='word_1_958' title='bbox 3476 5730 3686 5801; x_wconf 81' lang='lat' dir='ltr'><strong>Crispus</strong></span> <span class='ocrx_word' id='word_1_959' title='bbox 3709 5746 3879 5789; x_wconf 65' lang='lat' dir='ltr'><strong>autem</strong></span> 
     </span>
    </p>
   </div>
  </div>
