4084 6332
155 407 245 460 277
1082 395 1148 451 IN
1186 393 1365 449 ACTA
1401 390 1922 447 APOSTOLORUM.
1967 392 2194 449 llOMlL.
2239 394 2480 451 XXXIX.

154 523 568 592 archisgnagogus
582 514 795 572 credidit
825 511 1040 566 Domino
1068 525 1182 562 cum
1211 517 1315 562 tota
1344 506 1494 561 domo
1523 521 1614 558 sua
1631 521 1651 571 ,°
1686 514 1733 558 et

154 613 282 668 multi
320 596 572 665 Corinthii
609 607 868 661 audientes
891 643 907 670 ,
937 600 1205 656 credebant
1235 608 1280 652 et
1322 596 1732 666 baptizabantur.

160 703 274 760 Vide
301 702 569 772 quomodo
601 701 816 760 iterum,
841 710 962 750 cum
989 693 1233 756 dixisset,
1261 691 1334 745 Ab
1360 689 1456 743 hoc
1486 699 1731 759 tempore,

158 813 248 850 non
274 794 386 849 illos
419 805 596 847 tamen
627 789 841 859 negligit
871 804 884 839 :
919 787 1097 856 itaque
1127 784 1226 838 hoc
1253 781 1492 844 dixerat,
1523 790 1583 834 ut
1613 779 1734 833 illos

158 888 407 942 excitaret.
440 885 504 938 Et
551 890 729 953 postea
761 881 912 936 venit
956 877 1024 932 ad
1066 875 1274 931 Justum
1302 914 1317 939 ,
1360 872 1514 942 cujus
1542 871 1734 925 domus

157 987 256 1032 t-rat
282 977 493 1045 conjum
514 983 562 1028 ta
594 986 900 1044 synagogat.
939 968 1158 1023 Vicimts
1184 975 1320 1031 erat,
1353 973 1410 1019 ut
1440 980 1508 1018 ex
1537 962 1732 1016 vicinia

158 1073 308 1127 zelum
351 1071 617 1125 baberent
641 1110 656 1135 ,
684 1072 730 1121 si
761 1067 981 1121 vellent.
1021 1049 1236 1132 Crispus
1279 1068 1448 1136 autem
1473 1099 1488 1122 ,
1521 1056 1728 1127 inquit,

156 1166 565 1236 arcliisynagogus
595 1159 812 1216 credidit
837 1153 1058 1212 Domino
1084 1170 1195 1208 cunt
1223 1162 1327 1206 tota
1353 1153 1502 1205 domo
1526 1165 1638 1204 sua.
1667 1147 1733 1202 Et

159 1257 246 1312 hoc
286 1257 465 1325 utique
508 1253 639 1308 satis
680 1261 798 1307 erat
842 1249 906 1303 ad
954 1248 1073 1302 illos
1109 1243 1476 1300 adducendas.
1506 1241 1558 1296 9.
1591 1240 1734 1293 Dixit

155 1367 195 1401 at
215 1359 302 1402 tein
333 1347 583 1401 Dominus
622 1361 708 1414 per
739 1343 978 1396 visionem
1012 1340 1065 1393 in
1095 1347 1238 1392 nocte
1264 1334 1435 1390 Paulo
1461 1349 1478 1386 :
1508 1330 1634 1387 Noli
1663 1333 1730 1384 ti—

154 1458 290 1505 mere,
311 1441 394 1494 sed
420 1439 627 1508 loquere
652 1447 698 1492 et
727 1453 790 1490 ne
814 1445 998 1499 taceas,
1033 1432 1116 1487 10.
1149 1431 1268 1500 quia
1291 1445 1381 1501 ego
1405 1437 1568 1482 tecum
1595 1442 1728 1490 sum,

151 1543 193 1587 et
217 1548 348 1586 nemo
373 1532 601 1600 insurget
638 1530 691 1582 in
733 1537 780 1582 te
809 1535 860 1580 ut
888 1534 1065 1579 noceat
1106 1523 1234 1586 tibi,
1263 1522 1382 1590 quia
1413 1520 1635 1590 populus
1660 1527 1732 1582 est

156 1625 262 1678 milii
300 1625 484 1677 multus
517 1624 568 1676 in
612 1622 707 1674 hac
747 1620 966 1674 civitate.
996 1616 1132 1671 Vide
1167 1623 1298 1685 quot
1327 1611 1626 1668 rationibus
1657 1609 1732 1664 illi

152 1717 356 1783 suadet,
383 1724 441 1771 et
469 1713 739 1785 quomodo
767 1754 780 1777 ,
813 1710 956 1782 quod
1000 1710 1148 1764 illum
1191 1707 1422 1762 maxime
1451 1704 1729 1774 erigebat,

154 1810 242 1865 hoc
263 1810 443 1864 ultian
469 1807 600 1862 dicit
629 1825 641 1859 :
675 1805 808 1872 Quia
840 1802 1059 1873 populus
1087 1810 1158 1855 est
1186 1799 1309 1852 mihi
1339 1795 1528 1850 multus
1557 1797 1609 1848 in
1639 1794 1733 1846 hac

149 1903 346 1955 ciuitate.
376 1897 662 1966 Quomodo
682 1912 811 1968 ergo
841 1897 1252 1950 insurrexerunt
1282 1893 1334 1945 in
1359 1905 1502 1954 eum,
1536 1886 1733 1942 dixerit

149 1993 431 2064 quispiam?
461 1995 528 2046 At
557 2006 662 2045 non
691 1989 1105 2060 prmvaluerunt,
1137 1983 1230 2040 sed
1258 1983 1324 2037 ad
1349 1981 1729 2054 proconsulem

152 2095 335 2140 tantum
362 2085 653 2140 duxerunt.
686 2084 770 2138 11.
805 2081 952 2138 Sedit
980 2090 1148 2134 autem
1186 2078 1255 2131 ibi
1283 2094 1474 2130 annum
1499 2091 1660 2129 unum
1687 2083 1733 2126 et

147 2195 224 2231 sea:
246 2195 432 2233 menses
453 2220 467 2245 ,
496 2179 680 2231 docens
710 2175 850 2246 apud
877 2191 961 2228 eos
991 2172 1213 2246 verbum_
1229 2169 1345 2224 Dei.
1377 2168 1464 2222 12.
1497 2167 1733 2221 Gallione

147 2280 299 2324 autem
340 2268 644 2340 proconsule
687 2267 933 2330 Achaica,
983 2265 1371 2318 insurrexerunt
1415 2275 1518 2314 uno
1561 2259 1733 2313 animo

148 2359 304 2415 Judtei
331 2362 383 2414 in
420 2359 665 2423 Paulum,
696 2368 742 2412 et
768 2357 1089 2412 adduxerunt
1117 2371 1231 2411 eum
1258 2354 1326 2407 ad
1355 2352 1612 2417 tribunal,
1643 2352 1728 2406 15.

148 2454 347 2508 dicentes
377 2469 394 2508 :
423 2453 556 2519 Quia
601 2461 779 2505 contra
822 2451 980 2521 legem
1019 2449 1100 2502 hic
1139 2446 1410 2517 persuadet
1445 2442 1733 2500 hominibus

145 2546 292 2598 colere
318 2545 504 2600 Deum.
534 2543 719 2598 Viden’
741 2557 842 2613 qua
871 2542 939 2597 de
969 2554 1130 2595 causa
1155 2539 1230 2592 illi
1257 2552 1474 2605 semper
1496 2535 1734 2605 PUbliCIIS

145 2639 495 2693 accusationes
530 2637 821 2692 texebant?
857 2634 989 2689 \‘ide
1021 2633 1131 2702 jam
1155 2673 1168 2697 ,
1207 2629 1479 2702 quomodo
1507 2627 1732 2683 dicenti-

144 2730 232 2784 bus
259 2730 360 2783 illis
384 2771 400 2797 ,
436 2730 611 2799 ipsum
639 2736 824 2782 contra
856 2726 1030 2796 legem
1060 2722 1389 2794 persuadere
1421 2720 1732 2775 hominibus

143 2825 306 2878 colere
335 2824 497 2877 Deum
523 2865 536 2886 ,
566 2821 700 2875 nihil
731 2820 922 2874 horum
952 2832 1144 2873 curare
1173 2814 1551 2886 proconsulem
1580 2855 1594 2879 ,
1624 2813 1732 2868 imo

143 2917 304 2985 potius
329 2916 554 2971 Paulum
583 2914 896 2970 defendere.
935 2912 1002 2966 Et
1030 2911 1178 2977 audi,
1205 2909 1477 2980 quomodo
1511 2923 1733 2977 respon.

135 3007 293 3061 deat:
331 3008 391 3063 Si
419 3008 624 3076 quidem
666 3015 792 3060 esset
829 3004 899 3057 ad
938 3004 1187 3057 civitatem
1229 3010 1465 3070 spectans
1505 3000 1733 3067 iniquum

142 3097 321 3167 aliquid
345 3108 433 3151 aut
466 3099 663 3169 facinus
695 3095 986 3166 pessimum,
1018 3111 1047 3148 ο
1072 3079 1273 3158 Judaei,
1307 3103 1440 3145 recte
1469 3107 1553 3144 vos
1581 3091 1734 3145 susti-

145 3205 318 3244 nerem.
360 3189 654 3260 Equitatis
683 3202 872 3242 amans
913 3187 1042 3241 mihi
1075 3187 1156 3239 vir
1181 3187 1268 3240 ille
1298 3185 1538 3249 videtur,
1573 3184 1733 3255 idque

145 3280 472 3336 manifestum
504 3291 587 3335 cst
619 3296 682 3334 ex
717 3280 802 3346 iis,
831 3295 952 3349 qua:
983 3278 1275 3348 prudenter
1301 3275 1613 3345 respondet.
1641 3275 1730 3329 14.

144 3373 258 3427 Cum
301 3373 501 3428 Paulus
527 3416 541 3437 ,
575 3374 784 3444 inquit,
815 3389 870 3426 os
909 3388 1058 3427 suum
1101 3373 1372 3441 aperturas
1408 3377 1575 3434 esset,
1605 3368 1734 3422 dixit

145 3463 300 3519 Gallio
340 3465 544 3521 Juda'is
568 3465 672 3521 :Si
711 3466 913 3535 quidem
955 3474 1080 3519 esset
1120 3465 1364 3534 injustam
1408 3461 1603 3532 aliquid
1646 3471 1735 3514 aut

146 3558 328 3625 [acinus
355 3558 631 3628 pessimum
655 3598 670 3621 ,
700 3573 729 3610 ο
754 3555 928 3609 Judwi
951 3597 966 3623 ,
993 3563 1125 3609 recte
1155 3570 1240 3607 vos
1271 3555 1568 3608 sustinerent
1598 3569 1615 3606 :
1647 3553 1731 3608 15.

143 3649 184 3702 si
210 3664 316 3703 rem
345 3651 559 3718 quwstio
589 3657 662 3702 est
692 3649 754 3702 de
781 3649 928 3702 verbo
958 3658 1004 3701 et
1034 3647 1320 3701 nominibus
1350 3657 1396 3700 et
1426 3647 1490 3700 de
1516 3647 1622 3718 lege
1651 3663 1734 3700 ee-

145 3749 258 3802 strn,
287 3755 370 3794 vos
397 3741 499 3808 ipsi
529 3740 752 3792 videritis
778 3755 795 3791 :
812 3738 981 3808 judea:
1009 3754 1100 3808 ego
1128 3739 1310 3791 horum
1340 3737 1459 3792 uolo
1488 3754 1612 3793 esse.
1645 3737 1732 3792 16.

145 3825 210 3882 Et
240 3831 402 3903 abegit
447 3848 533 3886 eos
575 3849 607 3886 a
651 3831 912 3885 tribunali.
957 3832 1044 3886 17.
1082 3829 1532 3900 Appreltendentes
1570 3840 1737 3884 autem

147 3940 304 3979 omnes
331 3925 500 3980 erci
532 3925 831 3981 Sostltenent
855 3924 1136 3995 principem
1165 3940 1458 3994 synagoga,
1490 3926 1738 3994 percutie-

148 4017 255 4071 bant
285 4035 400 4072 eum
431 4028 549 4072 ante
578 4017 799 4071 tribunal
826 4032 844 4071 :
868 4027 914 4070 et
952 4017 1082 4070 nihil
1119 4033 1293 4074 eorum
1338 4015 1565 4071 Gallioni
1605 4035 1740 4073 cura:

148 4120 263 4164 erat.
287 4110 425 4167 Iliae
451 4127 668 4167 rursum
693 4111 791 4165 viri
814 4110 1038 4181 :equitas
1063 4119 1413 4166 monstratur.
1439 4111 1571 4166 Cum
1594 4114 1738 4168 enim

150 4202 230 4258 ille
244 4204 640 4270 r-erberaretur,
663 4218 768 4258 non
795 4203 1005 4273 putavit
1027 4203 1078 4257 id
1104 4203 1204 4275 ipsi
1226 4205 1571 4260 contumeliae
1587 4220 1736 4260 esse:

149 4297 273 4358 adeo
301 4299 604 4368 petulantes
636 4295 807 4351 Judaei
840 4304 1016 4351 erant.
1218 4305 1222 4308 ’

211 4387 262 4441 2.
301 4389 406 4444 Sed
444 4389 722 4458 superiora
767 4397 1094 4458 repetamus.
1136 4388 1412 4445 Audientes
1435 4400 1604 4444 autem
1654 4409 1740 4446 re-

149 4480 500 4533 surrectionem
548 4489 901 4545 mortuorum,
951 4480 1043 4534 alii
1066 4481 1272 4552 quidem
1297 4482 1616 4551 irridebaut,
1649 4484 1742 4538 alii

152 4587 255 4624 vero
281 4571 523 4626 dixerunt
563 4587 582 4625 :
623 4572 899 4625 Audientus
947 4580 1005 4654 te
1033 4573 1232 4627 iterum.
1265 4574 1475 4641 Quanta
1505 4584 1739 4644 ctquam

152 4666 384 4721 sublimia
412 4666 720 4733 audientes,
754 4683 822 4722 ne
850 4667 1199 4723 attendebant
1224 4668 1461 4739 quidem,
1481 4670 1576 4725 sed
1602 4671 1741 4725 ride-

154 4755 290 4811 bant.
310 4756 787 4814 Resurrecﬁenem
818 4757 1117 4814 irridebaut
1145 4778 1157 4814 :
1180 4775 1300 4814 nam
1325 4761 1574 4816 Animalis
1590 4764 1742 4818 homo

153 4864 242 4900 non
271 4850 486 4920 percipit
514 4865 592 4914 ea,
625 4865 740 4918 qua:
765 4859 884 4904 sunt
904 4849 1132 4920 Spiritus
1163 4851 1182 4922 (
1211 4855 1264 4908 1.
1292 4853 1412 4908 Cor.
1443 4854 1640 4927 2.14).
1674 4855 1741 4909 Ει

153 4939 233 5001 sic,
264 4941 456 5010 inquit,
479 4939 602 4994 exiit
629 4939 829 4994 Paulus
851 4941 914 4994 de
936 4942 1099 4996 medio
1121 4959 1314 4997 eorum.
1350 4945 1439 5000 Sic
1471 4962 1489 5000 :
1519 4963 1744 5017 quomo—

152 5027 213 5081 du
233 5028 258 5082 ἲ
282 5028 417 5087 Cum
443 5029 564 5086 aliis
594 5034 969 5100 persuasisset,
1003 5034 1070 5088 ab
1097 5035 1214 5089 aliis
1238 5052 1367 5091 vero
1391 5039 1580 5094 irrisus
1611 5039 1743 5096 fuis-

153 5108 244 5179 set.
278 5123 535 5181 Secedens
564 5135 733 5180 autem
759 5127 972 5182 Athenis
992 5171 1006 5196 ,
1040 5129 1234 5200 inquit,
1263 5133 1395 5186 venit
1419 5133 1739 5190 Corinthum.

155 5214 213 5270 Et
231 5217 427 5273 invento
454 5219 679 5290 quodam
705 5217 912 5287 Juda'o,
943 5222 1027 5275 cui
1046 5238 1227 5277 nomen
1251 5224 1454 5294 Aquila,
1487 5228 1572 5295 qui
1601 5228 1746 5282 Pon-

155 5307 270 5363 ticus
297 5320 404 5363 erat
426 5327 609 5381 genere
628 5321 676 5366 et
698 5328 861 5381 nuper
886 5323 1085 5367 venerat
1107 5332 1170 5369 ea:
1190 5313 1366 5383 Italia,
1390 5321 1575 5373 mansit
1602 5323 1743 5390 apud

155 5396 259 5451 illos
282 5409 328 5454 et
356 5403 687 5473 operabatur.
721 5401 872 5468 Vide,
906 5405 1178 5474 quomodo
1201 5407 1285 5461 lex
1308 5407 1418 5477 jam
1444 5410 1581 5464 solvi
1612 5412 1748 5467 inci-

156 5492 274 5558 piat.
306 5493 406 5549 llic
434 5497 579 5550 enim
609 5510 668 5550 se
697 5505 910 5566 postea,
933 5496 1155 5554 Judznus
1175 5515 1298 5555 cum
1321 5512 1487 5570 esset,
1514 5505 1747 5560 totondit

157 5585 204 5639 in
228 5585 523 5644 Cenchreis
545 5632 558 5656 ,
586 5599 641 5645 et
671 5589 723 5643 in
749 5587 959 5662 Syriam
990 5591 1348 5661 proﬁciscitur
1385 5610 1506 5650 cum
1555 5596 1742 5652 Paulo.

159 5677 402 5735 Ponticus
427 5696 554 5736 cum
585 5691 752 5752 esset,
786 5698 885 5738 nec
907 5683 1302 5758 Jcrosolymam
1332 5703 1506 5758 neque
1532 5690 1583 5743 in
1610 5691 1746 5745 vici-

160 5782 218 5822 na
255 5768 368 5826 ioca
407 5772 597 5828 venire
647 5772 978 5842 festinabat,
1021 5776 1116 5832 sed
1159 5779 1344 5848 procul
1391 5788 1526 5837 erat.
1587 5783 1742 5852 Apud

160 5856 298 5916 illum
332 5877 464 5934 ergo
515 5873 723 5926 manet.
761 5881 860 5923 nec
891 5883 1110 5925 manere
1136 5871 1405 5926 erubescit
1433 5890 1445 5939 ;
1479 5873 1586 5929 imo
1618 5874 1736 5932 ideo

3350 407 3454 462 978

1843 514 2048 570 manet,
2082 508 2233 578 quasi
2269 508 2524 564 idoneum
2557 519 2746 567 nactus
2774 512 3157 584 diversorium,
3189 526 3247 573 et
3265 528 3456 585 quat-ts

1842 597 1990 668 regia
2005 597 2105 652 sibi
2128 599 2488 656 commodius.
2511 601 2624 659 Nec
2643 603 2825 660 rideas
2845 605 2960 662 hare
2972 605 3218 676 audiens,
3233 608 3452 666 dilecte.

1843 688 1913 744 Ut
1960 691 2103 744 enim
2155 692 2403 761 palaestra
2449 693 2666 751 athletae
2722 697 2895 767 magis
2945 701 3226 770 competit,
3286 717 3449 771 quam

1843 789 2010 837 strata
2055 785 2280 843 mollia;
2322 785 2403 840 sic
2452 787 2702 843 bellatori
2750 790 2960 860 gladius
2992 791 3233 859 ferreus,
3279 793 3454 864 magis

1843 888 2004 943 quam
2035 891 2254 931 aureus.
2285 877 2352 930 Et
2371 882 2680 948 operabatur
2701 882 3025 951 praedicans.
3051 883 3454 940 Erubescantus

1843 979 1982 1034 nos,
2036 969 2129 1039 qui
2190 971 2349 1025 etiam
2397 973 2515 1027 sine
2566 974 2949 1043 prmdicatione
2976 975 3206 1032 vivimus
3252 978 3451 1035 otiose.

1843 1057 2152 1131 Disputabat
2178 1074 2370 1129 autem,
2410 1064 2601 1135 inquit,
2627 1069 2679 1121 in
2702 1085 2966 1140 synagoga
2985 1087 3077 1141 per
3097 1086 3246 1125 omne
3265 1070 3453 1126 sabba—

1843 1160 1980 1218 tum,
2024 1155 2368 1226 suadebatque
2410 1157 2613 1213 Juda'is
2649 1169 2695 1214 et
2723 1160 2942 1216 Graecis.
2971 1162 3473 1231 Coutradicenlibus

1841 1253 2008 1295 autem
2053 1245 2126 1298 eis
2165 1259 2213 1300 et
2257 1246 2760 1318 blusphcmantibus,
2806 1251 3079 1308 discessit.
3128 1253 3244 1310 Hoc
3290 1256 3454 1310 modo

1847 1349 2074 1404 sperans
2098 1337 2217 1392 illos
2239 1339 2480 1409 allicere,
2505 1342 2776 1399 discessit.
2801 1342 2908 1400 Cur
2932 1347 3019 1400 illa
3049 1347 3235 1402 relicta
3262 1348 3446 1411 domo,
3490 1336 3496 1339 ’

1841 1440 2012 1496 prope
2049 1443 2377 1502 synagogam
2427 1432 2765 1490 habitaturus
2811 1437 2997 1491 venit?
3039 1453 3220 1493 annon
3255 1438 3345 1493 illa
3385 1438 3456 1495 de

1841 1533 2001 1572 causa
2022 1521 2046 1572 ‘l
2073 1537 2246 1592 neque
2275 1524 2419 1579 enim
2452 1526 2524 1580 ibi
2553 1529 2854 1597 periculum
2880 1530 3114 1585 videbat.
3146 1530 3455 1602 Testiﬁcans

1842 1609 1966 1664 illis.
2000 1610 2116 1665 Non
2138 1612 2247 1682 jam
2272 1614 2450 1682 docet,
2485 1617 2578 1672 sed
2610 1620 2949 1674 testiﬁcatur.
2970 1619 3453 1678 Contradicentibus

1843 1714 2012 1757 autem
2034 1705 2139 1756 illis
2159 1747 2174 1770 ,
2200 1705 2410 1777 inquit,
2445 1717 2488 1762 et
2517 1709 3004 1781 blasphemantibus,
3040 1714 3267 1768 excussis
3296 1716 3455 1769 vesti-

1841 1793 1932 1847 bus
1985 1796 2159 1850 dixit:
2209 1797 2436 1871 Sanguis
2476 1813 2635 1855 vester
2676 1820 2830 1872 super
2875 1814 3027 1874 caput
3057 1815 3298 1860 vestrum.
3342 1806 3454 1861 lloc

1842 1886 1987 1954 facit,
2023 1899 2079 1942 ut
2111 1905 2217 1944 non
2250 1894 2417 1947 \‘crbo
2447 1902 2676 1961 tantum,
2707 1895 2803 1951 sed
2834 1898 2997 1951 etiam
3027 1913 3196 1967 opere
3230 1909 3452 1954 terreat:

1841 1988 1897 2033 et
1937 1979 2314 2047 vehementius
2354 1984 2626 2055 disputat,
2674 1996 2860 2058 utpote
2900 1989 2990 2058 qui
3022 1990 3205 2044 multis
3231 2005 3459 2061 persua-

1841 2071 2022 2127 sisset.
2070 2073 2297 2130 blundus
2323 2117 2338 2140 ,
2388 2077 2598 2147 inquit,
2643 2095 2759 2133 sum
2804 2097 2896 2151 ego
2926 2095 2944 2134 :
2974 2083 3037 2135 ab
3067 2083 3160 2134 hoc
3190 2082 3260 2135 ad
3284 2092 3458 2154 gentes

1841 2166 2043 2220 vadunt.
2104 2168 2168 2222 Et
2216 2184 2313 2227 nos
2366 2171 2527 2240 igitur
2579 2174 2654 2228 lci
2685 2189 2870 2228 sumus
2915 2176 3191 2246 sanguinis
3240 2191 3454 2240 eorum,

1841 2258 1928 2327 qui
1959 2258 2116 2315 nobis
2140 2263 2435 2317 concrcditi
2482 2274 2607 2318 sunt
2638 2307 2651 2330 ,
2686 2280 2807 2321 cum
2842 2267 3162 2338 negligimus
3194 2283 3309 2322 eos.
3343 2266 3452 2321 lta-

1840 2365 1944 2419 que
1999 2366 2120 2406 cum
2164 2353 2332 2421 dicit,
2385 2355 2460 2409 De
2502 2367 2686 2412 ca'tero
2726 2375 2873 2412 nemo
2923 2360 3050 2412 mihi
3099 2359 3340 2413 molestus
3394 2360 3457 2414 sit

1842 2443 2009 2514 (Gal.
2041 2445 2095 2500 6.
2130 2447 2237 2519 17)
2265 2490 2279 2512 ,
2325 2458 2383 2503 ιιι
2430 2459 2703 2506 exterreat
2736 2451 3014 2521 loquitur:
3049 2466 3157 2506 non
3189 2452 3331 2505 enim
3365 2467 3449 2521 pe-

1840 2536 1995 2592 rinde
2013 2537 2251 2593 terrebat
2275 2540 2396 2595 illos
2419 2542 2768 2611 supplicium,
2801 2553 2858 2597 ut
2892 2543 3024 2598 illud
3053 2541 3358 2598 mordebat.
3386 2541 3455 2596 Et

1839 2629 2068 2699 migrans
2105 2630 2224 2683 inde
2248 2672 2263 2696 ,
2295 2632 2429 2685 venit
2469 2633 2522 2685 iu
2554 2635 2762 2687 domum
2792 2633 2951 2688 Justi.
2978 2635 3233 2699 Transit,
3272 2633 3458 2688 volens

1841 2722 1947 2775 illis
1980 2721 2328 2790 persuadere,
2360 2724 2502 2794 quod
2536 2725 2600 2779 ad
2633 2735 2821 2796 gentes
2851 2726 3089 2780 festinet.
3120 2725 3333 2795 Crispus
3360 2742 3457 2780 au-

1843 2822 1942 2866 tem
1970 2813 2431 2884 arcltisgnagogus,
2464 2815 2671 2886 inquit,
2703 2817 2920 2871 credidit
2950 2817 3172 2872 Domino
3201 2835 3315 2872 cum
3353 2827 3458 2872 tota

1841 2904 1993 2958 domo
2041 2922 2155 2958 sua.
2206 2905 2342 2960 Vide
2388 2915 2514 2963 tunc
2546 2908 2735 2963 ﬁdeles
2763 2925 2883 2964 cum
2915 2917 3022 2963 tota
3051 2909 3212 2963 domo
3242 2909 3346 2964 hoc
3377 2909 3458 2963 fc-

1841 2997 2002 3051 cisse.
2046 2998 2176 3054 Post
2218 2998 2334 3055 hzec
2371 3011 2553 3055 autem
2595 3002 2690 3055 alii
2729 3016 2947 3073 quoque
2989 3001 3145 3056 multi
3170 3002 3460 3057 credentes

1841 3088 2094 3158 baptizati
2125 3100 2273 3146 sunt.
2308 3093 2460 3147 llunc
2493 3093 2743 3164 Crispum
2771 3095 2903 3148 dicit
2928 3094 3416 3166 archisynagogum
3440 3137 3453 3159 ,

1841 3179 1910 3235 de
1941 3196 2047 3250 quo
2076 3182 2152 3236 ait
2180 3199 2192 3236 :
2226 3182 2446 3237 Nullum
2473 3182 2634 3237 alium
2664 3186 2916 3256 baptizavi
2942 3227 2958 3253 ,
2997 3187 3094 3240 nisi
3136 3185 3374 3257 Crispum
3414 3197 3460 3240 ct

1844 3269 2031 3323 Gaium
2064 3271 2080 3341 (
2107 3272 2159 3325 1.
2192 3270 2313 3326 Cor.
2341 3276 2396 3328 1.
2433 3275 2499 3328 14
2526 3274 2574 3346 ).
2601 3275 2740 3330 Puto
2767 3286 2948 3330 autem
2978 3277 3122 3331 hunc
3152 3285 3207 3331 et
3229 3275 3458 3332 Sosthc-

1844 3376 1965 3415 nem
1994 3362 2098 3416 dici
2125 3403 2141 3430 ,
2175 3364 2263 3433 qui
2291 3365 2374 3418 vir
2404 3366 2542 3420 adeo
2564 3366 2740 3420 ﬁdelis
2763 3365 2882 3434 fuit,
2909 3377 2967 3421 ut
2987 3383 3279 3438 percussus
3300 3367 3463 3424 fuerit

1844 3465 1896 3508 et
1928 3469 2142 3526 semper
2172 3455 2338 3510 Paulo
2367 3456 2628 3515 adfuerit.
2655 3458 2800 3514 Dixit
2831 3471 3021 3527 autem,
3057 3461 3248 3532 inquit,
3279 3461 3464 3516 Domi-

1845 3564 1939 3600 nus
1971 3565 2060 3616 per
2087 3549 2330 3603 visionem
2359 3536 2411 3603 in
2438 3560 2583 3604 nocte
2616 3551 2786 3605 Paulo
2809 3568 2827 3605 :
2855 3551 2983 3606 Noli
3011 3554 3187 3608 timere
3208 3594 3224 3617 ,
3255 3555 3348 3609 sed
3383 3555 3464 3608 lo-

1845 3659 2016 3711 quere.
2064 3641 2190 3696 Ideo
2231 3642 2404 3697 multo
2443 3642 2517 3699 ibi
2563 3653 2808 3713 tempore
2851 3655 3071 3701 manet:
3119 3646 3169 3700 id
3201 3647 3344 3702 enim
3382 3646 3460 3703 illi

1846 3737 2015 3790 suasit
2045 3735 2358 3804 multitudo,
2389 3736 2486 3792 sed
2528 3737 2870 3792 familiaritas
2894 3739 3096 3794 Christi
3124 3741 3314 3811 magis.
3349 3740 3462 3795 Ma-

1841 3830 1932 3899 jus
1965 3831 2111 3884 enim
2138 3838 2266 3884 tunc
2289 3836 2408 3883 erat
2435 3829 2732 3899 periculum
2756 3871 2771 3897 ,
2812 3831 2999 3886 multis
3028 3831 3378 3889 credentibus
3405 3845 3462 3891 et

1849 3925 1966 3992 ipso
1989 3923 2436 3994 archisynagogo.
2466 3923 2594 3979 Noli
2617 3924 2815 3993 timere,
2841 3926 3032 3996 inquit.
3058 3925 3170 3982 Hoc
3191 3927 3322 3982 satis
3343 3938 3463 3984 erat

1847 4017 1912 4071 ad
1950 4017 2098 4070 illum
2128 4016 2473 4071 excitandum
2508 4057 2522 4081 ,
2547 4018 2672 4086 quia
2705 4018 2897 4073 timere
2924 4017 3300 4088 deprehensus
3324 4020 3458 4087 fuit;

1848 4110 1950 4164 nisi
2001 4109 2142 4165 forte
2183 4126 2290 4164 non
2343 4110 2540 4165 timere
2589 4109 3096 4180 sitdeprehensus,
3124 4111 3221 4168 sed
3243 4112 3463 4169 contor-

1849 4214 1991 4258 tetur
2035 4211 2093 4257 ut
2130 4202 2261 4257 nihil
2315 4202 2423 4257 tale
2456 4204 2710 4272 patiatur.
2749 4202 2868 4259 Non
2907 4205 3055 4260 enim
3087 4219 3307 4277 semper
3337 4202 3480 4264 illos‘

1847 4297 1988 4353 male
2033 4298 2141 4368 pati
2186 4297 2437 4363 sinebat,
2483 4311 2552 4352 ne
2602 4297 2929 4353 infirmiores
2972 4297 3289 4354 evaderent.
3315 4299 3459 4354 Nihil

1847 4394 1990 4448 enim
2030 4392 2099 4447 ita
2149 4390 2372 4445 Paulum
2405 4405 2641 4446 mmrore
2680 4389 2987 4459 afﬁciebat,
3034 4392 3374 4449 utincreduli
3407 4406 3464 4449 et

1848 4484 2327 4540 contradicentes:
2376 4483 2480 4538 hoc
2524 4483 2655 4554 ipsis
2699 4483 2956 4553 periculis
2988 4484 3272 4539 molestius
3319 4497 3460 4541 erat.

1851 4577 1918 4631 Et
1955 4594 2018 4632 ne
2057 4586 2254 4642 taceas,
2290 4575 2501 4646 inquit,
2547 4577 2667 4647 quia
2697 4576 2890 4630 inultus
2913 4577 3037 4630 ini/ti
3067 4579 3288 4649 populus
3311 4589 3383 4633 est
3409 4581 3463 4633 in

1851 4669 1945 4721 Imc
1972 4669 2192 4722 civitate.
2228 4666 2352 4720 Ideo
2396 4666 2624 4722 fortasse
2672 4667 2745 4720 illi
2775 4665 3025 4722 Christus
3053 4680 3295 4739 apparet.
3332 4670 3464 4726 Gat-

1851 4765 1985 4818 lione
2005 4772 2173 4816 autem
2196 4803 2210 4827 ,
2244 4761 2415 4830 inquit
2439 4802 2451 4825 ,
2484 4761 2788 4830 proconsule
2814 4761 3046 4830 Achaiw,
3074 4765 3464 4819 insurrexerunt

1850 4874 1954 4912 uno
1982 4858 2155 4911 animo
2178 4855 2356 4910 Judwi
2377 4857 2430 4909 in
2459 4854 2708 4910 Paulum.
2737 4855 2893 4923 Vide,
2918 4867 3042 4928 post
3064 4874 3266 4914 annum
3287 4870 3341 4916 et
3369 4876 3463 4916 sex

1852 4966 2069 5008 menses
2108 4951 2394 5020 insurgunt
2423 4951 2475 5003 in
2511 4966 2658 5016 eum,
2691 4951 2906 5020 quando
2934 4955 3044 5020 jam
3077 4968 3183 5007 non
3217 4963 3464 5023 poterant

1851 5045 1964 5100 suis
1991 5043 2066 5098 uti
2098 5041 2324 5112 legibus.
2371 5041 2484 5096 lloc
2511 5041 2744 5096 maxime
2774 5039 3086 5098 Corinthios
3103 5043 3459 5111 'extoliehal,

1852 5138 1996 5208 quod
2021 5136 2267 5208 persuasi
2295 5144 2480 5191 essent
2501 5137 2798 5206 principem
2825 5152 2930 5192 non
2955 5152 3077 5192 sese
3099 5138 3462 5193 demissurum

1853 5246 1993 5287 esse.
2024 5230 2140 5285 Non
2170 5231 2312 5284 enim
2341 5230 2482 5284 idem
2515 5241 2633 5285 erat
2663 5246 2729 5284 ex
2761 5232 3114 5286 contentione
3141 5233 3381 5297 vincere,
3411 5245 3466 5288 ct

1853 5324 2065 5379 discere
2088 5325 2259 5393 ipsum
2294 5323 2411 5378 lure
2439 5325 2648 5395 negotia
2680 5325 2812 5379 nihil
2843 5341 3057 5380 curare.
3102 5327 3166 5382 Et
3192 5330 3466 5398 perpende

1855 5433 2013 5488 quam
2044 5419 2281 5488 prudens
2310 5419 2399 5473 ille
2432 5430 2600 5475 esset.
2629 5420 2747 5475 Non
2776 5420 2920 5474 enim
2951 5422 3133 5487 statim
3160 5425 3463 5494 respondit,

1855 5510 1994 5564 Nihil
2021 5525 2186 5573 curo;
2220 5510 2316 5566 sed
2344 5513 2512 5581 quid?
2540 5512 2603 5568 Si
2632 5513 2836 5584 quidem
2858 5525 2986 5568 esset
3009 5516 3239 5586 iniquum
3267 5518 3466 5587 aliquid

1855 5613 1941 5656 aut
1967 5604 2165 5674 facinus
2197 5605 2492 5674 pessimum,
2524 5623 2552 5659 ο
2577 5605 2773 5672 Judwi,
2795 5618 2927 5661 recte
2950 5622 3035 5660 vos
3062 5609 3360 5662 sustinerem
3381 5629 3399 5675 ,-
3423 5613 3468 5665 si

1855 5712 1968 5750 t'ero
1991 5698 2202 5765 qittestio
2230 5707 2302 5751 est
2325 5699 2388 5750 de
2411 5699 2572 5753 verbis
2602 5709 2646 5752 et
2673 5698 2962 5754 nominibus
2989 5710 3034 5753 et
3057 5700 3120 5754 de
3145 5702 3254 5771 lege
3277 5710 3462 5764 vestra,

1855 5803 1940 5841 vos
1961 5789 2058 5858 ipsi
2086 5788 2310 5843 videritis
2335 5805 2354 5841 :
2373 5791 2540 5858 judea:
2586 5807 2678 5862 ego
2702 5790 2887 5845 harant
2909 5791 3030 5845 nolo
3061 5808 3187 5846 esse.
3223 5792 3467 5847 Exclusit

1858 5896 1941 5933 eos
1971 5895 2001 5932 a
2034 5879 2294 5935 tribunali.
2343 5879 2641 5953 Splendida
2674 5881 2772 5939 fuit
2795 5883 3041 5940 victoria.
3076 5885 3466 5957 Apprelteusum
