4084 6332
633 393 741 448 Ιῗ9

634 517 796 561 autem
837 504 1130 559 Sostltenem
1171 502 1449 574 principem
1492 517 1764 572 synagoga:
1786 541 1799 565 ,
1854 510 2210 570 percusserunt

634 609 747 651 ante
790 594 1029 650 tribunal.
1074 595 1141 649 Et
1182 596 1310 650 nillil
1355 612 1526 650 eorum
1572 593 1795 647 Gallioni
1834 608 1968 647 cura:
2005 603 2134 646 erat.
2164 594 2207 647 0

634 690 1034 759 turpitudinem,
1061 705 1220 759 quant
1251 689 1499 744 subiere!
1527 688 1593 741 Et
1614 687 1743 740 nihil
1763 703 1931 741 eorum
1952 727 1967 753 ,
2000 686 2205 755 inquit,

635 780 860 834 Gallioni
903 797 1036 835 cura:
1087 790 1193 833 erat
1229 796 1248 843 ;
1276 779 1375 834 etsi
1415 787 1579 832 totum
1610 777 1660 831 in
1688 777 1805 843 ejus
1832 775 2207 831 contumeliam

638 882 897 942 vctgeret.
924 871 1027 926 Sed
1060 872 1131 925 illi
1158 871 1308 940 quasi
1340 879 1601 938 potestate
1630 875 1846 936 accepta
1878 865 2201 936 percutiunt,

638 963 840 1033 pudore
861 963 1055 1025 aﬁ‘ecti,
1082 962 1337 1032 illegitimi
1370 960 1566 1016 furoris
1590 974 1724 1029 opus
1746 958 1988 1014 edentes.
2022 957 2092 1011 Et
2112 972 2208 1011 cur

640 1053 726 1108 ille
747 1068 852 1106 non
878 1052 1111 1105 vicissim
1141 1052 1424 1123 percussit,
1460 1051 1560 1107 etsi
1590 1059 1906 1119 potestatem
1939 1047 2158 1102 haberet
2184 1047 2207 1100 ?

639 1141 739 1197 Sed
762 1141 1121 1212 philosophari
1148 1142 1525 1196 edocebantur.
1553 1140 1661 1196 Nec
1687 1141 1921 1196 vicissim
1956 1139 2205 1209 percutit,

638 1242 695 1286 nt
716 1233 876 1300 judex
908 1234 1211 1297 edisceret,
1238 1234 1354 1303 quis
1384 1234 1711 1288 mansuetior
1738 1241 1899 1287 esset.
1931 1231 2044 1286 Iloc
2073 1245 2208 1300 pra:-

632 1325 872 1379 sentibus
920 1342 1022 1398 non
1068 1341 1252 1394 parum
1304 1325 1544 1394 profuit:
1592 1326 1773 1380 docuit
1826 1326 1967 1379 enim
2015 1323 2206 1379 borum

637 1416 878 1483 a‘qnilas,
906 1416 1224 1487 illorumqne
1251 1418 1468 1481 ferocia,
1496 1420 1609 1472 hate
1630 1418 1826 1487 judicis
1848 1417 2053 1472 calculo
2075 1432 2208 1487 Opus

631 1504 902 1562 habuisse.
936 1509 1003 1562 At
1033 1508 1084 1561 hi
1109 1510 1284 1563 omnia
1306 1511 1435 1563 citra
1467 1510 1707 1565 ordinem
1740 1509 1960 1565 faciunt.
1989 1508 2095 1563 Nec
2123 1508 2208 1563 di-

632 1599 709 1651 xit
735 1599 843 1662 ille,
875 1599 988 1654 Non
1020 1611 1266 1669 oportet,
1298 1617 1362 1656 ne
1393 1616 1607 1657 rursum
1640 1588 1979 1671 percuterent
2022 1602 2166 1656 illum
2189 1644 2205 1671 ,

627 1688 739 1750 sed,
774 1686 929 1741 Nolo.
957 1689 1127 1744 Index
1152 1693 1283 1759 enim
1313 1692 1490 1745 Iterum
1514 1710 1623 1748 esse
1646 1695 1761 1747 nolo
1791 1710 1809 1747 :
1829 1694 1964 1748 adeo
1988 1695 2209 1763 mquita-

628 1776 692 1829 tis
741 1794 925 1832 amans
974 1789 1108 1835 erat.
1146 1780 1257 1835 IIoc
1295 1792 1347 1835 et
1390 1782 1591 1839 Pilatus
1622 1784 1833 1840 dicebat
1862 1785 1926 1839 de
1947 1785 2204 1840 Christo:

629 1867 851 1937 Accipite
879 1884 991 1921 eum
1019 1886 1126 1936 ros,
1173 1880 1218 1924 et
1248 1874 1523 1926 secundum
1556 1873 1712 1945 legem
1750 1884 1961 1929 restrain
1981 1877 2210 1947 judicate

636 1958 832 2026 (Joan.
880 1961 966 2015 l8.
1010 1961 1140 2033 51).
1180 1962 1276 2017 llle
1314 1972 1607 2018 secundum
1648 1968 1815 2036 legem
1847 1968 2061 2023 volebat
2091 1971 2207 2023 illos

629 2047 906 2116 iudicare;
959 2052 1033 2107 illi
1089 2068 1214 2108 vero
1259 2056 1408 2123 quasi
1449 2056 1579 2111 ebrii
1626 2067 1680 2112 et
1730 2058 1999 2115 furibundi
2033 2061 2209 2118 allecti

624 2150 796 2194 erant.
840 2141 964 2196 Ideo
1011 2144 1101 2199 ille
1145 2146 1369 2199 Athenis
1410 2149 1668 2211 secessit,
1701 2150 1832 2215 Quia
1858 2153 2078 2221 populus
2102 2154 2209 2207 illic

634 2240 741 2283 erat
768 2234 975 2287 multus.
1009 2234 1430 2303 Percutiebatur,
1463 2246 1517 2293 et
1545 2238 1673 2293 nihil
1696 2240 1925 2296 dicebat.

702 2326 753 2378 5.
795 2322 1138 2382 Mansuetudo
1181 2332 1578 2386 commendatur.
1636 2333 1953 2390 Contumelia
1992 2338 2209 2406 aﬂiciens

628 2416 787 2485 inagis
814 2419 1163 2485 contemnitur,
1195 2437 1344 2489 quam
1372 2424 1670 2476 contumelia
1700 2422 1929 2490 aﬂ'ectus.
1960 2456 2029 2464 —
2059 2426 2209 2482 Hunc

633 2511 687 2556 ct
713 2520 808 2557 nos
832 2507 1102 2561 imitemur
1129 2525 1140 2560 :
1170 2511 1587 2577 percutientibns
1610 2515 2016 2569 mansuetudine
2039 2516 2207 2572 vicem

631 2594 985 2663 rependamus
1010 2637 1025 2663 ,
1065 2599 1314 2667 silentio,
1356 2603 1630 2670 patientia.
1667 2605 1791 2659 Ilaec
1838 2608 2054 2661 vulnera
2086 2618 2210 2662 sunt

638 2686 915 2753 graviora;
947 2688 1117 2756 major
1134 2689 1283 2760 plaga
1309 2701 1363 2745 et
1390 2693 1665 2750 molestior
1690 2704 1772 2750 est
1803 2716 1815 2751 :
1847 2713 1951 2753 non
1982 2701 2123 2754 cnim
2155 2700 2207 2756 in

634 2788 900 2843 corpore,
952 2778 1045 2831 sed
1097 2779 1148 2833 in
1189 2782 1370 2837 animo
1414 2786 1615 2852 percuti
1662 2801 1825 2855 grave
1872 2797 1972 2842 est.
2018 2790 2209 2847 Multos

636 2868 981 2934 pereutimus.
1012 2871 1105 2925 sed
1132 2872 1253 2942 quia
1277 2883 1333 2927 ut
1365 2876 1566 2931 amicos
1588 2918 1601 2941 ,
1628 2878 1966 2937 delectantur
1996 2883 2093 2953 ipsi
2120 2901 2133 2950 ;
2161 2888 2206 2940 si

628 2972 755 3011 vero
780 2961 1019 3028 quemvis
1046 2978 1167 3016 cum
1194 2968 1518 3021 contumelia
1565 2973 1895 3036 percusseris
1921 3014 1935 3039 ,
1967 2974 2088 3043 quia
2117 2990 2211 3030 cor

629 3047 881 3117 tetigisti,
915 3064 1163 3120 magnum
1195 3053 1421 3109 intulisti
1447 3070 1735 3113 mmrorem
1767 3078 1779 3113 :
1818 3061 1891 3115 ita
1919 3065 2089 3134 magis
2118 3080 2211 3120 cor

630 3137 805 3204 ipsum
836 3141 1183 3208 pereutimus.
1214 3145 1368 3211 Quod
1395 3156 1573 3202 autem
1605 3150 1796 3206 lenitas
1822 3155 1991 3224 magis
2018 3156 2207 3221 feriat,

628 3244 787 3298 quam
832 3230 1049 3296 ferocia,
1080 3248 1175 3303 age
1220 3250 1315 3303 pro
1348 3238 1486 3291 virili
1514 3240 1955 3299 demonstremus.
1984 3246 2211 3304 Manife-

628 3328 711 3372 sta
742 3320 955 3389 quidem
984 3322 1367 3382 demonstratio
1395 3346 1557 3399 opere
1577 3333 1634 3385 ﬁt
1655 3342 1709 3388 et
1729 3338 2096 3405 experimento
2124 3358 2136 3394 :
2165 3342 2209 3397 si

636 3421 811 3465 tamen
846 3411 1053 3481 placet,
1079 3416 1236 3468 etiam
1267 3431 1515 3474 sermone
1540 3424 1905 3481 exatninemus
1930 3469 1946 3495 ,
1969 3433 2212 3499 quamvis

635 3500 685 3554 id
714 3501 821 3569 jam
848 3517 990 3571 saape
1044 3503 1350 3562 fecerimus.
1382 3509 1438 3564 In
1478 3516 1818 3571 contumeliis
1844 3520 1974 3574 nihil
2003 3522 2073 3576 ita
2113 3538 2211 3580 nos

638 3590 777 3644 male
801 3592 963 3645 afﬁcit
990 3634 1003 3656 ,
1038 3602 1094 3648 ιιι
1122 3599 1479 3665 spectantium
1510 3602 1746 3659 calculus
1772 3624 1785 3660 :
1816 3623 1923 3663 non
1949 3612 2090 3665 enim
2115 3627 2213 3682 par

636 3694 722 3733 res
752 3692 833 3734 est
862 3683 1071 3749 publice
1103 3690 1426 3744 contumelia
1455 3691 1617 3757 afﬁci,
1641 3703 1799 3765 atque
1821 3700 2044 3755 seorsim
2071 3720 2084 3768 ;
2114 3705 2208 3760 sed

634 3769 752 3823 illas
783 3770 936 3827 facile
961 3774 1181 3831 ferimus
1210 3782 1579 3849 contumelias,
1605 3802 1721 3854 qua:
1750 3787 1800 3841 in
1827 3788 2062 3857 deserto,
2091 3811 2210 3863 qua:

639 3863 850 3917 nemine
885 3874 1018 3920 teste
1057 3868 1142 3922 vel
1184 3871 1385 3927 sciente
1428 3873 1747 3932 inferuntur.
1778 3878 1867 3935 Sie
1890 3897 1995 3937 non
2025 3896 2210 3941 contu-

639 3953 808 4006 meliae
854 3964 1041 4011 natura
1069 3968 1150 4014 est
1174 4000 1189 4026 ,
1220 3976 1337 4031 qua:
1368 3965 1505 4021 male
1531 3966 1695 4023 afﬁcit
1716 4010 1729 4032 ,
1763 3972 1856 4026 sed
1884 3988 2004 4029 cum
2034 3978 2207 4046 palam

638 4043 861 4098 infertur
903 4065 915 4100 :
971 4058 1026 4102 ut
1073 4052 1115 4104 si
1148 4053 1268 4121 quis
1315 4055 1520 4125 publice
1570 4059 1831 4129 honoret,
1884 4077 1937 4121 et
1984 4043 2208 4125 seorsim

635 4138 953 4191 contumelia
982 4140 1199 4210 ofﬁciat,
1224 4146 1271 4197 ei
1293 4148 1515 4215 gratiam
1540 4149 1874 4208 habebimus.
1902 4156 2082 4225 Itaque
2104 4176 2208 4215 non

632 4225 687 4277 in
719 4236 901 4281 natura
931 4234 1268 4288 contumelia:
1299 4236 1453 4291 dolor
1482 4249 1563 4294 cst
1588 4284 1602 4307 ,
1637 4243 1728 4297 sed
1772 4244 1823 4297 itt
1853 4251 2210 4315 spectantium

634 4318 863 4385 calculo,
888 4339 954 4378 ne
984 4324 1109 4380 hinc
1141 4328 1194 4381 in
1223 4338 1586 4402 contemptum
1616 4336 1856 4393 cadatur.
1887 4342 2022 4406 Quid
2052 4344 2213 4413 igitur

637 4409 680 4462 si
714 4422 1039 4478 spectatores
1090 4435 1184 4485 pro
1236 4422 1389 4475 nobis
1440 4424 1584 4479 sint?
1630 4443 1805 4483 annon
1854 4442 1978 4487 tunc
2008 4409 2210 4505 is,qui

633 4504 1009 4559 contumeliam
1056 4508 1247 4576 infert,
1294 4512 1438 4567 illam
1467 4517 1688 4585 accipit,
1722 4535 1841 4574 cum
1883 4504 2210 4592 spectatores

637 4606 734 4659 pro
783 4595 936 4650 nobis
984 4598 1242 4654 calculum
1296 4602 1517 4659 ferunt?
1564 4608 1655 4663 Die
1687 4611 1845 4677 mihi,
1880 4625 2053 4671 utrum
2082 4634 2213 4674 con-

635 4690 877 4737 temnunt
902 4686 1004 4750 illi,
1040 4703 1231 4745 eumue
1259 4694 1347 4763 qui
1372 4699 1750 4753 contunteliam
1779 4702 1956 4767 infert,
1990 4721 2054 4759 an
2088 4725 2209 4764 cum

636 4773 723 4839 qni
771 4775 912 4829 illam
956 4781 1146 4849 accipit
1186 4792 1238 4836 et
1276 4789 1456 4840 tacet?
1498 4788 1579 4844 Ira
1606 4802 1753 4847 certe
1794 4798 2030 4864 suggerit
2061 4799 2211 4855 illum

639 4879 758 4917 esse
780 4908 793 4931 ,
824 4870 910 4937 qni
958 4878 1333 4931 contumeliam
1376 4882 1588 4951 accipit.
1635 4884 1783 4941 Nunc
1811 4904 1961 4957 vero,
1992 4907 2110 4945 cum
2143 4893 2211 4947 ab

639 4957 799 5009 animi
858 4971 1003 5014 motu
1054 4964 1203 5020 liberi
1252 4984 1468 5037 sumus,
1520 4978 1910 5043 perpendamus
1968 4998 2033 5038 ne
2088 4996 2212 5041 tunc

639 5049 983 5117 abripiamur.
1015 5055 1200 5111 Utrum
1233 5076 1359 5129 ergo
1403 5063 1718 5122 damnamus
1746 5074 1974 5126 omnes?
2021 5077 2209 5131 Procul

632 5138 791 5194 dubio
828 5149 1201 5201 contumeliam
1257 5151 1619 5223 inferentent;
1674 5170 1721 5213 et
1780 5163 1823 5214 si
1880 5164 2052 5219 minor
2105 5170 2207 5237 sit,

632 5230 790 5283 etiam
824 5234 1057 5290 insanire
1088 5238 1233 5293 illum
1266 5241 1540 5309 dicemus;
1570 5250 1611 5302 si
1651 5254 1891 5321 aequalis,
1926 5254 2205 5325 desipere;

632 5324 675 5373 si
727 5324 919 5389 major,
977 5342 1149 5395 neque
1196 5330 1272 5383 sic
1319 5336 1748 5401 approbabimus.
1810 5342 1955 5410 Uter,
2004 5324 2205 5414 qumso,

636 5412 1015 5476 approbatione
1041 5417 1232 5487 dignus
1261 5432 1361 5487 est,
1393 5425 1481 5493 qui
1512 5430 1772 5496 turbatur,
1799 5412 2050 5501 agitatur,
2083 5412 2211 5493 clle-

636 5513 801 5569 ratur,
836 5518 1017 5562 contra
1042 5527 1377 5569 communem
1407 5528 1644 5574 naturam
1680 5525 1755 5578 sic
1783 5526 2030 5595 allectus;
2066 5548 2131 5585 an
2168 5535 2211 5587 is

634 5596 721 5662 qtti
750 5598 798 5648 in
832 5604 1217 5670 tranquillitate
1244 5608 1405 5677 degit,
1438 5611 1489 5663 in
1525 5624 1679 5681 portu
1709 5626 1763 5671 ct
1796 5620 1843 5670 in
1874 5620 2207 5692 philosophia

633 5688 835 5741 multa?
867 5707 1040 5748 annon
1088 5696 1172 5751 hic
1208 5702 1397 5769 angelo
1424 5704 1613 5761 similis
1637 5718 1716 5762 cst
1741 5749 1756 5774 ,
1792 5712 1877 5767 ille
1910 5729 1973 5768 ne
2004 5716 2207 5771 homini

632 5779 854 5847 quidem.
896 5787 985 5841 llic
1016 5804 1244 5859 namque.
1288 5809 1351 5847 ne
1377 5801 1584 5867 propria
1615 5803 1828 5870 quidem
1862 5817 2031 5875 potest
2060 5813 2195 5866 mala

1309 389 1364 445 S.
1404 384 1679 443 JOANNIS
1707 384 2176 443 CIIRYSOSTOMI
2218 384 2531 440 AllllllIEP.
2574 385 3107 445 CONS'I‘ANTINOI‘.

3804 392 3910 446 280

2324 510 2569 568 portare,
2606 500 2697 555 ille
2726 515 2856 556 vero
2884 502 2987 559 fert
3015 505 3175 559 etiam
3208 503 3377 559 aliena
3404 523 3418 559 :
3454 504 3540 559 hic
3574 519 3642 559 ne
3671 505 3909 573 seipsum

2316 591 2527 660 quidem
2560 590 2699 647 ferre
2728 596 2919 661 potuit,
2950 594 3040 650 ille
3067 597 3234 666 potuit
3261 605 3314 652 et
3337 596 3501 651 alium
3529 614 3543 650 :
3577 598 3668 652 ille
3697 602 3750 651 in
3779 613 3913 651 nau-

2315 682 2481 753 fragio
2508 694 2611 749 est,
2642 684 2729 740 hic
2760 687 2814 740 in
2846 698 2960 741 tuto
2988 690 3199 761 navigat
3224 706 3287 746 ac
3311 691 3546 745 secundo
3570 706 3732 745 cursu
3755 692 3912 745 navis

2315 773 2481 829 fertttr
2508 793 2520 828 :
2570 792 2743 847 neque
2781 780 2923 834 enim
2950 782 3195 850 permisit
3226 782 3419 837 furoris
3449 793 3670 837 ventum
3705 783 3757 836 in
3791 784 3911 837 vela

2315 869 2666 935 incidentem,
2696 874 2858 927 animi
2886 889 3074 929 navem
3106 876 3455 948 submergere
3475 920 3489 943 ,
3523 878 3617 932 sed
3643 878 3779 933 lenis
3812 878 3915 933 he-

2313 962 2584 1031 nignitatis
2635 980 2762 1020 aura
2784 1008 2798 1031 ,
2840 982 2960 1021 cum
2988 969 3168 1036 quiete
3199 970 3362 1023 multa
3396 971 3543 1026 illum
3577 973 3628 1026 in
3662 972 3912 1043 philoso-

2312 1053 2451 1124 phiae
2489 1066 2697 1124 portum
2730 1058 2954 1113 inducit.
2984 1060 3047 1113 Et
3077 1060 3215 1114 sicut
3241 1060 3290 1113 in
3321 1063 3477 1127 navi,
3509 1078 3629 1132 qua:
3657 1065 3913 1117 submer-

2313 1146 2453 1213 gitttr
2476 1188 2491 1211 ,
2526 1156 2698 1202 nauta:
2726 1150 2972 1203 nesciunt
2999 1166 3118 1220 qua:
3149 1151 3406 1219 abjieiant
3431 1192 3447 1217 ,
3482 1167 3548 1206 an
3579 1168 3807 1207 suorum
3841 1168 3907 1207 an

2313 1236 2611 1291 alienorum
2661 1238 2937 1307 deposita,
2988 1241 3083 1296 sed
3131 1242 3369 1296 omnium
3410 1243 3614 1313 pariter
3635 1244 3906 1313 jactur-am

2316 1326 2547 1392 faciunt,
2594 1331 2991 1398 pretiosorum,
3037 1343 3092 1387 et
3128 1334 3350 1389 minime
3390 1334 3608 1401 talium;
3653 1336 3744 1389 ubi
3780 1350 3913 1390 vero

2316 1427 2607 1487 tempestas
2632 1422 2813 1476 sedata
2836 1432 2919 1478 est
2952 1464 2967 1489 ,
3000 1433 3126 1479 tunc
3157 1440 3337 1480 secum
3366 1436 3677 1496 reputantes
3704 1435 3911 1496 quanta

2313 1510 2657 1577 projecerint,
2693 1513 3077 1583 Iacrymanlur,
3106 1531 3204 1571 nec
3236 1517 3525 1585 tranquillo
3554 1532 3684 1572 aere
3716 1518 3908 1571 fruun-

2316 1611 2422 1666 tnr,
2475 1604 2545 1656 ob
2585 1604 2849 1671 jacturam
2886 1624 2899 1661 :
2959 1609 3030 1661 ita
3083 1617 3138 1663 et
3183 1609 3303 1674 hie,
3337 1625 3457 1664 cum
3484 1611 3648 1679 spirat
3679 1610 3831 1665 furor
3855 1618 3911 1665 et

2314 1702 2605 1762 tempestas
2632 1696 2917 1758 excitatur,
2944 1699 3189 1753 nesciunt
3219 1716 3340 1767 qua:
3367 1701 3550 1756 debito
3578 1702 3770 1757 ordine
3802 1702 3907 1770 eji-

2313 1800 2435 1839 cere
2462 1795 2738 1855 oporteat;
2761 1788 2846 1842 uhi
2875 1805 3003 1844 vero
3024 1791 3255 1845 cessavit
3272 1792 3369 1852 ira.
3398 1800 3522 1846 tunc
3543 1792 3911 1861 recogitantes

2314 1885 2509 1943 quanta
2541 1876 2860 1945 objecerint,
2890 1878 3144 1934 damnum
3176 1882 3559 1949 considerant,
3590 1891 3645 1937 et
3670 1883 3910 1952 quietem

2314 1982 2417 2019 non
2449 1969 2686 2023 sentiunt
2712 2011 2726 2031 .
2760 1985 3029 2025 memores
3062 1972 3345 2027 verberoni
3372 2016 3387 2041 ,
3420 1974 3615 2043 quibus
3644 1988 3704 2028 se
3732 1973 3909 2029 deho-

2298 2070 2611 2126 nestarunt,
2640 2061 3001 2133 damnumque
3028 2064 3319 2120 maximum
3346 2067 3487 2136 passi
3520 2077 3641 2120 sunt
3666 2107 3681 2131 ,
3716 2080 3823 2120 non
3854 2066 3909 2121 in

2316 2152 2556 2220 pecuniis
2578 2194 2591 2218 ,
2626 2151 2740 2207 sed
2759 2154 2811 2208 in
2841 2155 3238 2210 existimatione
3265 2156 3531 2225 :rquitatis
3556 2166 3609 2211 et
3647 2171 3911 2211 mansne-

2322 2247 2701 2303 tudinis.Ver:n
2732 2250 2969 2305 tenebrat
2986 2262 3107 2305 sunt
3131 2250 3279 2306 furor
3300 2261 3353 2306 et
3374 2253 3471 2306 ira.
3499 2250 3642 2306 Discit
3662 2253 3914 2322 insipiens

2313 2339 2365 2391 in
2390 2340 2541 2392 corde
2568 2356 2688 2402 suo,
2725 2341 2931 2410 inquit,
2962 2340 3081 2396 Non
3105 2353 3176 2395 est
3211 2341 3349 2396 Deus
3377 2342 3396 2414 (
3425 2341 3567 2395 l’snl.
3602 2342 3690 2397 l3.
3726 2342 3817 2411 1).
3855 2340 3912 2395 Id

2314 2429 2450 2484 forte
2493 2428 2561 2485 de
2602 2430 2741 2486 irato
2786 2444 3088 2503 opportune
3119 2434 3364 2489 dicatur:
3396 2434 3529 2489 dixit
3562 2435 3754 2502 iratus,
3790 2433 3909 2490 Non

2313 2529 2395 2575 est
2424 2521 2582 2575 Deus.
2611 2522 2743 2576 Nam
2778 2524 3072 2578 Secundum
3112 2526 3489 2580 multitudinem
3526 2528 3620 2580 ira
3657 2542 3767 2581 sua:
3807 2544 3910 2581 non

2314 2626 2501 2683 qua-ret
2543 2616 2560 2673 l
2592 2613 2734 2669 Psal.
2778 2616 2863 2670 I0.
2896 2618 2948 2671 4.
2980 2634 3080 2672 sec.
3117 2616 3272 2672 Hebr.
3303 2619 3359 2687 ),
3391 2618 3583 2688 inquit.
3626 2618 3722 2673 Pia
3764 2620 3909 2673 enim

2314 2705 2566 2775 Cogitatio
2613 2707 2851 2775 ingressa
2879 2723 3069 2763 omnes
3109 2708 3329 2777 depellit
3372 2718 3428 2765 et
3474 2710 3668 2779 pulsat,
3718 2726 3919 2766 omnes

2315 2805 2651 2853 transversos
2688 2800 2816 2868 agit.
2858 2799 2973 2855 Nisi
3026 2810 3080 2855 tu
3112 2802 3277 2871 magis
3306 2801 3490 2857 doleas
3513 2844 3526 2867 ,
3555 2817 3715 2871 quam
3747 2804 3793 2856 is
3819 2802 3909 2856 cui

2313 2888 2633 2943 contumelia
2660 2888 2905 2959 infertur,
2938 2890 3075 2945 infer
3105 2892 3276 2959 illaut,
3305 2893 3515 2947 etiamsi
3536 2894 3714 2949 nullus
3733 2894 3804 2949 sit
3818 2895 3910 2963 qtti

2313 2990 2529 3033 accuset
2559 2998 2571 3033 :
2603 2980 2702 3035 nisi
2729 2982 3075 3037 conscientiae
3104 2984 3333 3037 tribunal
3354 2993 3405 3039 te
3430 2985 3656 3038 seorsim
3685 2985 3911 3040 ductum

2315 3068 2508 3123 millies
2535 3072 2799 3125 verberet.
2826 3071 2960 3127 Cum
2994 3088 3121 3144 ergo
3148 3073 3382 3130 audieris
3411 3076 3742 3131 contumelia
3772 3076 3911 3132 affe-

2314 3169 2483 3227 ctum,
2512 3174 2751 3215 amarum
2784 3162 2988 3217 nullum
3008 3165 3227 3219 verbum
3250 3165 3556 3235 protulisse,
3580 3181 3764 3223 nonne
3785 3168 3912 3224 hinc

2314 3252 2483 3320 magis
2509 3252 2698 3307 doles?
2735 3254 2826 3308 Dic
2841 3254 2991 3320 mibi,
3024 3256 3293 3325 quomodo
3344 3256 3617 3311 hominem
3674 3259 3864 3313 mitem
3893 3302 3907 3326 ,

2317 3345 2593 3411 humilem,
2626 3345 2929 3403 modestum
2966 3348 3113 3403 mille
3157 3350 3411 3404 conviciis
3459 3352 3745 3405 onerasti?
3786 3352 3915 3409 Il:cc

2317 3437 2624 3506 frequenter
2642 3438 2870 3493 dicimus
2898 3479 2913 3503 ,
2946 3455 3122 3509 neque
3150 3456 3314 3510 opere
3344 3442 3612 3512 completa
3640 3444 3908 3500 videmus.

2318 3526 2490 3581 Ilomo
2518 3542 2639 3581 cum
2663 3529 2757 3593 sis,
2792 3529 3060 3584 hominem
3108 3533 3432 3587 contumelia
3456 3531 3667 3588 officis?
3720 3549 3914 3590 servus

2315 3618 2669 3672 conservum?
2718 3617 2823 3673 Sed
2878 3619 3005 3689 quid
3065 3620 3167 3675 hoc
3218 3622 3476 3690 admiror,
3509 3624 3730 3694 quando
3757 3628 3913 3682 multi

2318 3709 2483 3764 Deum
2510 3709 2684 3779 ipsum
2717 3712 3042 3764 contumelia
3074 3712 3308 3768 afﬁciunt

2384 3801 2441 3855 4.
2491 3800 2600 3855 lloc
2640 3801 2792 3855 vnbis
2838 3803 3162 3859 contumelia
3213 3803 3417 3860 allectis
3459 3806 3529 3859 sit
3581 3808 3911 3863 consolatio.

2316 3894 2649 3948 Contumelia
2698 3893 3008 3949 aflicimini?
3054 3891 3392 3952 Con'tumelia
3448 3898 3683 3954 afﬁcitur
3738 3900 3912 3965 Deos;

2316 3986 2551 4040 convicia
2579 3985 2764 4041 fertis?
2793 3987 3039 4043 Convicia
3064 3987 3167 4044 fert
3190 3990 3366 4053 Deus;
3395 3993 3799 4061 conspuimini?
3828 3994 3915 4050 Sic

2315 4090 2369 4135 et
2399 4081 2653 4134 Dominus
2684 4088 2885 4135 noster.
2916 4080 2974 4135 In
3004 4081 3087 4137 his
3108 4097 3235 4152 ergo
3258 4082 3539 4139 nobiscum
3563 4094 3669 4151 est,
3704 4086 3757 4140 in
3786 4102 3914 4141 con—

2317 4172 2494 4225 trariis
2525 4186 2629 4225 non
2664 4173 2813 4227 item.
2847 4172 3032 4241 Neque
3060 4174 3202 4226 enim
3231 4190 3483 4244 umquam
3512 4176 3698 4245 imque
3726 4187 3915 4233 contu-

2318 4262 2476 4317 melia
2514 4263 2723 4327 alfecit;
2767 4264 2939 4330 absit;
2989 4280 3160 4335 neque
3194 4274 3395 4321 temere
3436 4269 3791 4336 exprobravit
3820 4286 3916 4327 nec

2318 4352 2514 4420 injuste
2539 4354 2667 4423 agit.
2700 4354 2880 4421 Itaque
2908 4372 3003 4411 nos
3043 4371 3226 4411 sumus
3255 4357 3347 4427 qui
3375 4369 3659 4415 consortes
3690 4378 3909 4427 sumus,

2318 4458 2423 4496 non
2448 4459 2562 4497 vos.
2592 4443 2980 4500 Contumeliam
3006 4446 3148 4501 enim
3172 4446 3331 4510 ferre,
3362 4447 3453 4502 Dei
3480 4457 3599 4514 est;
3630 4462 3912 4507 contume-

2317 4534 2443 4588 liam
2475 4549 2600 4589 vero
2624 4543 2821 4591 temere
2852 4534 3067 4600 inferre,
3096 4536 3373 4592 daemonis.
3412 4537 3602 4595 Videte
3629 4540 3767 4597 duas
3792 4558 3906 4612 par-

2320 4634 2417 4678 tes.
2454 4624 2773 4678 Dwmoninm
2796 4626 2946 4680 habes
2969 4626 3150 4695 (Joan.
3177 4628 3228 4681 7.
3253 4627 3369 4697 20),
3397 4630 3601 4684 audivit
3623 4633 3871 4687 Christus
3894 4653 3909 4689 :

2318 4717 2467 4784 alapa
2496 4730 2663 4769 caesus
2719 4727 2802 4771 est
2845 4733 2874 4772 a
2921 4732 3079 4773 servo
3108 4720 3363 4788 principis
3394 4722 3740 4779 sacerdotum
3774 4728 3791 4796 (
3826 4725 3909 4779 Id.

2320 4808 2406 4862 IS.
2436 4808 2550 4875 Ἡ).
2582 4808 2761 4877 Itaque
2791 4810 2881 4879 qui
2914 4811 3233 4865 contumelia
3265 4811 3460 4880 injuste
3490 4815 3758 4883 afﬁciunt,
3794 4833 3910 4872 cum

2320 4900 2423 4952 illis
2463 4907 2645 4952 stant:
2690 4901 2902 4953 merito.
2948 4900 3078 4955 Nam
3111 4902 3153 4955 si
3206 4902 3393 4958 Petrus
3443 4914 3661 4961 satanas
3712 4909 3912 4963 audivit

2321 4989 2509 5060 (.lfarc.
2540 4991 2591 5045 8.
2622 4990 2733 5059 55),
2768 4991 2836 5045 ob
2866 5008 3025 5045 unum
3053 4990 3253 5048 dictum
3276 5038 3290 5057 ,
3323 4997 3493 5049 multo
3520 4999 3691 5066 magis
3724 5000 3778 5054 hi
3815 5001 3911 5054 .ln-

2319 5080 2418 5134 dmi
2452 5081 2703 5144 audient,
2747 5096 2867 5135 cum
2896 5082 3200 5140 Iudaeorum
3228 5096 3343 5141 acta
3377 5087 3600 5154 facient,
3648 5100 3706 5145 ut
3744 5102 3797 5146 ct
3839 5092 3911 5147 illi

2318 5172 2511 5228 diaboli
2546 5175 2635 5228 filii
2656 5175 2934 5231 audierunt
2963 5176 3140 5245 (Ioan.
3164 5179 3219 5234 8.
3250 5182 3365 5249 Η),
3397 5182 3521 5251 quia
3545 5182 3812 5239 diabolica
3839 5186 3911 5238 fa-

2318 5265 2546 5319 ciebant.
2582 5265 2916 5321 Contumelia
2948 5269 3119 5324 afﬁcis
3140 5314 3154 5336 ,
3195 5272 3314 5342 quis
3342 5289 3463 5327 cum
3502 5276 3598 5340 sis,
3628 5276 3717 5332 dic
3749 5278 3911 5332 mihi?

2319 5357 2428 5411 lmo
2452 5368 2728 5428 prepterea
2752 5363 3072 5418 contumelia
3095 5366 3284 5431 aflicis,
3308 5368 3428 5435 quia
3450 5368 3580 5423 nihil
3604 5386 3663 5425 es
3691 5389 3704 5424 :
3734 5373 3909 5427 nullus

2319 5452 2457 5504 enim
2500 5453 2587 5521 qui
2634 5452 2796 5506 homo
2844 5455 2946 5519 sit,
3002 5458 3322 5513 contumelia
3355 5459 3540 5514 afﬁcit.
3586 5464 3766 5533 Atque
3805 5465 3907 5528 ita,

2318 5542 2455 5609 qttod
2483 5545 2533 5596 in
2567 5546 2756 5613 pugnis
2787 5546 3001 5614 dicitur,
3033 5549 3110 5603 Tu
3132 5550 3250 5619 quis
3276 5552 3370 5605 es?
3400 5567 3463 5605 ex
3488 5556 3720 5610 adverso
3749 5572 3906 5625 opor-

2320 5633 2459 5686 tebat
2480 5635 2583 5687 dici
2608 5655 2619 5688 :
2655 5638 2798 5691 verbi
2822 5641 3009 5708 gratia,
3038 5639 3372 5697 Contumelia
3394 5643 3571 5709 afﬁce,
3604 5646 3740 5700 nihil
3768 5649 3905 5700 enim

2316 5738 2371 5776 es
2398 5743 2408 5776 :
2442 5743 2580 5782 nunc
2610 5736 2784 5783 autem
2816 5732 3118 5789 dicentibus
3146 5735 3320 5798 nobis,
3351 5736 3480 5803 Quis
3506 5753 3567 5792 es
3593 5746 3646 5791 tu
3670 5741 3759 5809 qui
3783 5754 3905 5793 con-

2317 5820 2531 5872 tumelia
2566 5822 2768 5875 aftieis?
2814 5824 2888 5881 Te
2930 5828 3137 5897 melior,
3183 5828 3460 5885 audiemus
3503 5832 3707 5901 utique.
3751 5832 3905 5903 Atqui
