4084 6332
137 382 239 436 279

136 500 311 553 καίτοι
338 499 418 563 εἰς
446 499 546 569 τὴν
572 500 766 554 ἐαυτοῦ
812 501 968 573 ὕϐριν
1000 501 1058 556 τδ
1089 506 1199 558 πᾶν
1238 501 1307 577 ἦν
1327 524 1340 537 ο
1378 507 1494 560 ἀλλ’
1524 506 1600 569 ὡς
1648 504 1813 573 δῆθεν

135 587 387 653 ἐξουσίαν
444 587 703 652 λαϐόντες
761 590 916 643 αὑτοὶ
976 591 1304 657 τύπτουσιν,
1368 593 1531 665 ἔργον
1586 591 1813 663 ἀκρίτου

136 674 310 745 θυμοῦ
344 674 433 728 διά
461 676 561 747 τὴν
592 676 856 747 αἰσχύνην
886 677 1185 744 ποιοῦντες.
1223 680 1333 734 Καὶ
1370 681 1457 736 διά
1482 681 1535 734 τί
1568 682 1644 752 μὴ
1672 681 1815 733 ἐκεῖο

133 778 222 825 νος
255 760 631 832 ἀντετύπτησε
650 775 699 827 ιι,
740 763 919 817 καίτοι
973 767 1068 819 καὶ
1126 768 1289 832 αὑτὸς
1340 766 1585 832 ἐξουσίαν
1637 763 1815 837 εἷχεν;

145 850 288 902 Ἀλλ’
320 849 668 903 ἐπαιδεύοντο
703 850 1035 921 φιλοσοφεῖν.
1070 855 1183 907 Οὐκ
1211 854 1529 907 ἀντιτύπτει
1558 854 1636 919 δέ,
1674 852 1816 906 ὥστε

132 939 229 990 καὶ
278 940 370 991 τὸν
424 937 683 1009 δικαστὴν
713 938 941 1008 μαθεῖν,
974 942 1056 1006 τίς
1082 937 1150 1013 ἦν
1191 944 1219 995 6
1266 943 1691 1013 ἐπιεικέστερος.
1734 945 1811 1001 Οὑ

134 1026 312 1096 μικρὰ
370 1024 529 1080 τοῦτο
559 1024 737 1097 ὤνησε
772 1028 901 1091 τοὺς
948 1030 1227 1100 παρόντας
1251 1046 1266 1063 ·
1309 1031 1513 1096 ἐδίδαξε
1547 1030 1657 1101 γάρ
1689 1031 1724 1101 ἦ
1755 1046 1816 1083 τε

129 1112 340 1165 τούτων
374 1112 647 1165 ἐπιείκεια
677 1114 769 1166 καὶ
794 1116 827 1184 ἡ
860 1114 1083 1168 ἐκείνων
1110 1115 1405 1187 θρασύτης,
1431 1117 1602 1172 ὅτιτά
1630 1115 1816 1171 τοιαῦ-

126 1217 197 1253 τα
228 1200 556 1270 δικαστικῆς
577 1200 758 1271 ψήφου
786 1201 978 1258 δεῖται.
1024 1204 1164 1257 Ἀλλ’
1188 1197 1333 1259 οὕτοι
1365 1205 1544 1260 πάντα
1561 1206 1817 1270 ἀτάκτως

128 1286 369 1339 ποιοῦσι.
408 1287 518 1339 Καὶ
543 1288 643 1341 οὑκ
669 1284 844 1352 εἶπεν,
882 1290 955 1342 Οὐ
985 1289 1083 1354 δεῖ,
1118 1291 1205 1345 ἵνα
1235 1292 1311 1363 μὴ
1345 1292 1507 1346 πάλιν
1538 1292 1815 1347 κόπτωσιν

126 1376 295 1427 αὑτόν
315 1388 328 1401 ·
360 1375 497 1440 ἀλλ’,
519 1378 601 1429 Οὐ
626 1375 795 1430 θέλω.
818 1377 1039 1446 Κριτὴς
1070 1380 1198 1449 γὰρ,
1224 1382 1414 1451 φησὶν,
1442 1380 1557 1450 ἐγὼ
1588 1381 1817 1434 τούτων

124 1458 283 1515 εἶναι
314 1464 388 1516 οὑ
423 1463 750 1531 βούλομαι·
792 1464 966 1529 οὕτως
998 1467 1246 1539 ἐπιεικής
1273 1464 1341 1540 ἦν
1382 1470 1411 1522 6
1446 1470 1609 1539 ἀνήρ.
1645 1466 1817 1521 Τοῦτο

127 1550 223 1602 καὶ
286 1550 518 1614 Πιλᾶτος
571 1550 755 1620 ἔλεγεν
794 1553 887 1607 ἐπὶ⁸
937 1553 1031 1607 τοῦ
1076 1555 1334 1626 Χριστοῦ·
1375 1555 1598 1609 Λάϐετε
1628 1556 1817 1609 αὑτὸν

124 1636 323 1706 ὑμεῖς,
365 1638 465 1691 καὶ
513 1638 665 1692 κατὰ
710 1639 819 1692 τόν
858 1641 1047 1709 νόμον
1088 1642 1257 1711 ὑμῶν
1296 1643 1559 1710 κρίνατε.
1603 1645 1664 1697 Ὀ
1716 1644 1817 1714 μέν

125 1724 273 1777 κατά
301 1724 393 1777 16v
436 1725 600 1795 νόμον
626 1725 778 1797 ήξίου
818 1728 1028 1797 κρίνειν
1057 1729 1255 1793 αὑτοὺς
1277 1772 1292 1795 ,
1333 1732 1380 1783 οί
1423 1730 1501 1798 δὲ,
1546 1730 1737 1804 ῶσπερ
1765 1734 1815 1786 οί

129 1812 428 1882 μεθύοντες
458 1813 552 1866 καὶ
581 1815 631 1867 οί
664 1816 1005 1886 μαινόμενοι,
1046 1817 1190 1871 οὕτω
1216 1819 1500 1876 διέκειντο.
1537 1821 1636 1874 Διά
1658 1821 1817 1876 τοῦτο

124 1896 425 1969 ἐχωρίζετο
453 1899 561 1953 τῶν
601 1901 862 1969 Ἀθηνῶν,
896 1904 1137 1974 Ἐπειδὴ
1158 1906 1307 1974 λαὸς
1334 1903 1414 1978 ἦν
1440 1907 1569 1962 ἐκεῖ
1597 1910 1812 1977 πολύς.

136 1988 456 2049 Ἑτύπτετο,
499 1989 591 2041 καὶ
620 1988 772 2042 οὐδὲν
795 1990 971 2059 ἔλεγε.

193 2082 268 2143 γ’.
294 2075 496 2127 Τοῦτον
514 2076 607 2128 καὶ
633 2076 794 2147 ἡμεῖς
814 2077 1111 2150 μιμώμεοα
1128 2099 1142 2114 ο
1167 2082 1661 2156 άντιτυπτήσωμεν
1685 2086 1815 2150 τοὺς

123 2161 477 2225 τύπτονταςδ
532 2166 595 2234 τῇ
645 2166 951 2238 ἐπιεικείᾳ,
994 2170 1060 2239 τῇ
1112 2174 1263 2242 σιγῇ,
1310 2174 1376 2243 τῇ
1429 2174 1809 2246 μακροθυμίᾳ.

124 2248 504 2319 Χαλεπὼτερα
533 2251 705 2304 ταῦτα
736 2252 804 2305 τὰ
833 2254 1128 2325 τραύματα
1150 2297 1164 2322 ,
1209 2258 1410 2328 μείζων
1439 2261 1471 2330 ή
1506 2260 1687 2333 πληγὴ
1718 2263 1813 2315 καὶ

123 2338 510 2409 φορτικωτέρα
530 2354 542 2366 ο
566 2339 627 2392 οὑ
661 2340 763 2411 γὰρ
806 2342 866 2395 16
900 2342 1231 2415 πλήττεσθαι
1269 2346 1332 2400 τὸ
1359 2347 1519 2418 σῶμα
1540 2389 1554 2412 ,
1592 2347 1727 2403 ἀλλά
1755 2349 1814 2401 τὸ

120 2426 221 2497 τήν
250 2427 512 2491 διάνοιαν,
533 2428 791 2498 χαλεπόν.
828 2431 1067 2496 Πολλοὺς
1100 2433 1432 2507 πλήττομεν,
1460 2436 1595 2490 ἀλλά
1625 2437 1813 2510 ἐπειδὴ

123 2518 181 2568 ἐν
214 2516 370 2583 τάξει
403 2516 601 2585 φιλίας,
628 2517 721 2570 καὶ
746 2519 967 2588 ἥδονται
993 2540 1005 2552 ·
1032 2520 1097 2576 ἂν
1135 2522 1191 2576 δὲ
1222 2523 1311 2576 τὸν
1342 2525 1573 2594 τυχόντα
1602 2524 1813 2598 πλήξῃς

120 2604 482 2675 ὑϐριστικῶς,
506 2604 694 2677 ἐπειδιί¹
721 2607 821 2677 τῆς
841 2608 1065 2678 καρδίας
1092 2608 1238 2679 ῆψω,
1266 2611 1470 2682 σφόδρα
1493 2612 1773 2682 ἐλύπησας
1795 2628 1810 2643 ⁶

119 2690 269 2744 οὕτω
324 2691 525 2761 μᾶλλον
571 2692 670 2764 τὴν
712 2694 940 2765 καρδίαν
990 2696 1171 2751 αὐτῶν
1216 2696 1546 2769 πλήττομεν.
1578 2700 1703 2753 Ὅτι
1752 2700 1812 2754 δὲ

122 2779 392 2849 μειζόνως
419 2778 691 2833 ἐπιείκεια
714 2779 941 2852 πλήττει
966 2782 1327 2857 θρασύτητος,
1352 2785 1485 2857 φέρε
1511 2786 1809 2853 ἀποδείξω-

121 2886 224 2937 μεν
251 2867 331 2930 ὡς
362 2867 589 2921 δυνατὸν
617 2868 695 2939 τῷ
725 2869 888 2941 λόγῳ.
937 2872 1001 2925 Ἠ
1034 2872 1133 2942 μὲν
1176 2873 1285 2945 γὰρ
1326 2875 1505 2946 σαφὴς
1536 2876 1811 2943 ἀπόδειξις

116 2956 203 3010 διὰ
228 2955 343 3010 τῶν
369 2956 548 3028 ἔργων
577 2957 670 3011 καὶ
698 2958 800 3028 τῆς
828 2960 1027 3031 πείρας
1044 2960 1192 3015 ἐστίν
1216 2978 1230 2992 ·
1255 2964 1302 3015 εί
1335 2963 1393 3016 δέ
1419 2964 1586 3031 δοκεῖ,
1617 2968 1811 3038 καὶτῷ

116 3046 262 3116 λόγῳ
312 3046 412 3115 τὴν
456 3044 704 3109 ἐξέτασιν
751 3046 1132 3118 ποιησώμεθα,
1181 3050 1358 3103 καίτοι
1411 3050 1674 3117 πολλάκις
1707 3054 1809 3126 ἤδη

115 3132 522 3204 ἐποιησάμεθα.
568 3134 657 3191 Ἐν
701 3134 808 3206 γὰρ
837 3138 958 3200 ταῖς
998 3135 1222 3209 ὕϐρεσιν
1259 3139 1411 3194 οὐδὲν
1451 3139 1625 3205 οὕτως
1662 3144 1809 3212 ἡμᾶς

113 3218 315 3284 λυπεῖ,
361 3220 437 3285 ὡς
461 3223 495 3291 ή
544 3222 695 3293 παρά
738 3223 849 3277 τῶν
890 3222 1143 3294 δρώντων
1185 3224 1365 3297 ψῆφος
1391 3242 1404 3255 ⁸
1438 3228 1498 3281 οὑ
1531 3228 1642 3301 γάρ
1696 3229 1809 3283 ἴσον

112 3308 359 3381 δημοσίᾳ
403 3326 460 3362 τε
514 3309 833 3380 ὑϐρίζεσθαι
876 3312 974 3366 καὶ
1003 3312 1130 3385 ίδίᾳ,
1175 3313 1291 3367 ἀλλ’
1327 3316 1545 3381 ἐκείνας
1581 3316 1680 3388 μὲν
1715 3320 1809 3371 καὶ

114 3397 359 3467 φέρομεν
398 3396 637 3462 εὐκόλως
681 3399 780 3463 τὰς
814 3398 1036 3471 ὕϐρεις,
1084 3403 1215 3455 ὅταν
1260 3404 1347 3456 ἐπ’
1375 3404 1642 3475 ἐρημίας,
1679 3406 1809 3459 ὅταν

115 3485 351 3554 μηδενὸς
390 3484 545 3549 ὄντος
577 3484 673 3539 τοῦ
704 3488 1113 3560 μαρτυροῦντος
1157 3490 1315 3543 τοῦτο
1344 3492 1635 3563 πάθωμεν,
1671 3494 1807 3564 μηδὲ

110 3570 208 3624 τοῦ
240 3572 564 3637 συνειδότος.
592 3572 783 3639 Οὕτως
819 3575 917 3645 οὐχ
959 3576 992 3650 ἡ
1024 3576 1124 3648 τῆς
1152 3576 1362 3649 ὕϐρεως
1388 3579 1551 3647 φύσις
1583 3581 1734 3634 ἐστὶν
1771 3584 1805 3653 ή

110 3660 411 3724 δάκνουσα,
444 3659 578 3713 ἀλλά
608 3660 670 3713 16
708 3661 803 3715 ἐπὶ
833 3663 1056 3717 πάντων
1097 3664 1259 3719 τοῦτο
1295 3666 1489 3722 παθεῖν
1512 3683 1528 3699 ο
1554 3669 1630 3733 ὼς
1660 3671 1714 3722 εί
1743 3670 1808 3738 γέ

110 3765 195 3810 τις
239 3747 422 3816 τιμῶν
454 3747 549 3801 ἐπὶ
593 3750 841 3814 πάντων,
883 3749 1096 3821 ὑϐρίζοι
1147 3754 1269 3805 κατ’
1312 3754 1481 3819 ίδίαν,
1513 3756 1607 3809 καὶ
1646 3757 1806 3827 χάριν

110 3834 399 3905 εἰσόμεθα.
431 3834 640 3889 Οὐκοῦν
665 3837 765 3889 οὐκ
787 3837 844 3890 ἐν
864 3840 930 3908 τῇ
962 3839 1062 3909 τῆς
1099 3838 1313 3910 ὕϐρεως
1344 3842 1504 3909 φύσει
1540 3845 1601 3897 16
1629 3844 1806 3918 λυπη-

113 3924 204 3995 ρόν
223 3926 400 3983 ἐστιν,
421 3922 536 3977 ἀλλ’
558 3923 617 3977 ἐν
636 3926 702 3994 τῇ
717 3923 883 3996 ψήφῳ
899 3925 1009 3979 τῶν
1038 3927 1313 3998 δρώντων,
1338 3930 1481 3984 ῶστε
1505 3942 1525 3970 ο
1557 3933 1632 4004 μὴ
1658 3934 1808 3998 δόξαι

110 4010 597 4083 εὐκαταφρόνητον
628 4006 791 4066 εἶναι.
832 4012 898 4066 Τί
937 4009 1061 4080 οῦν,
1095 4014 1162 4069 ἂν
1196 4015 1338 4087 αὕτη
1374 4017 1517 4090 ὑπὲρ
1546 4020 1704 4090 ήμῶν
1730 4018 1804 4095 ﬁ;

109 4100 234 4179 οὐχὶ
261 4098 468 4169 μᾶλλον
500 4100 528 4151 6
548 4098 785 4169 ὑϐρίζων
816 4097 1094 4170 ὕϐρισται,
1136 4102 1265 4156 ὅταν
1287 4103 1432 4175 ὑπὲρ
1465 4104 1619 4179 [299]
1649 4108 1807 4179 ήμῶν

106 4177 207 4251 τὰς
235 4186 455 4257 ψήφους
483 4187 759 4259 φέρωσιν;
792 4188 929 4241 Είπέ
960 4206 1071 4261 μοι,
1110 4190 1256 4256 τίνος
1289 4176 1727 4265 καταφρονοῦσιν
1757 4201 1805 4252 οἱ

108 4276 417 4348 παρόντες;
448 4274 543 4329 τοῦ
576 4275 913 4347 ὑϐρίζοντος,
939 4278 972 4348 ἢ
1003 4278 1097 4333 τοῦ
1125 4280 1475 4352 ὑϐρισθέντος
1497 4285 1591 4339 καὶ
1614 4288 1807 4355 σιγῶν-

105 4382 233 4431 τος;
275 4364 336 4417 '0
361 4362 461 4434 μὲν
487 4364 595 4433 γάρ
616 4363 790 4435 θυμδς
827 4365 1144 4433 ὑποϐάλλει,
1178 4369 1260 4423 ὅτι
1292 4370 1388 4424 τοῦ
1421 4372 1802 4444 ὑϐριζομένου·

108 4450 205 4503 νῦν
230 4448 312 4514 δέ,
334 4448 433 4501 ὅτε
458 4448 690 4521 καθαροὶ
727 4450 819 4503 τοῦ
854 4450 1062 4516 πάθους
1096 4454 1265 4525 ἐσμὲν
1288 4496 1302 4521 ,
1337 4455 1561 4527 ἴδωμεν,
1604 4460 1689 4513 ἵνα
1729 4462 1805 4534 μὴ

107 4536 228 4590 τότε
247 4535 743 4608 συναρπασθῶμεν.
762 4539 919 4603 Τίνος
931 4536 1024 4595 οῦν
1043 4542 1526 4616 καταγινώσκομεν
1543 4547 1803 4615 ἀπαντες;

108 4616 348 4694 Εὕδηλον
372 4624 453 4677 ὅτι
470 4624 562 4677 τοῦ
591 4624 924 4695 ὑϐρίζοντος·
956 4628 1061 4682 κᾶν
1085 4630 1183 4699 μὲν
1213 4631 1452 4686 ἐλάττων
1474 4630 1530 4707 ᾖ,
1554 4636 1649 4690 καὶ
1676 4639 1804 4708 μαί-

106 4711 297 4764 νεσθαι
329 4712 491 4764 αὑτὸν
531 4712 774 4783 φήσομεν
794 4754 807 4777 ,
837 4712 903 4767 ἂν
926 4715 983 4768 δὲ
1021 4716 1310 4789 ὁμότιμος,
1342 4721 1713 4793 ἀνοηταίνειν,
1738 4724 1805 4779 ἂν

105 4799 161 4853 δέ
192 4800 424 4869 μείζων,
451 4799 560 4853 οὑδ“
587 4800 763 4865 οὕτως
792 4803 1187 4875 ἀποδεξόμεθα.
1227 4807 1323 4873 Τίς
1364 4810 1494 4881 γὰρ,
1529 4812 1649 4866 είπέ
1676 4830 1802 4884 μοι,

109 4889 386 4959 ἀποδοχῆς
420 4887 569 4955 ἄξιος
595 4907 608 4955 ;
640 4890 669 4943 6
694 4892 1117 4963 ταραττόμενος,
1144 4895 1173 4947 6
1204 4898 1625 4969 χειμαζόμενος,
1658 4904 1686 4956 6
1712 4904 1805 4957 ἐκ·

107 4980 495 5051 θηριούμενος,
528 4984 555 5035 6
576 4982 713 5055 πρδς
732 4983 831 5054 τὴν
861 4976 1047 5056 κοινὴν
1065 4985 1226 5054 φύσιν
1251 4988 1394 5043 οὕτω
1435 4991 1800 5063 διακείμενος,

107 5070 138 5138 ἦ
169 5072 198 5122 6
235 5072 298 5122 ἐν
328 5068 539 5141 γαλήνῃ
587 5071 681 5123 καὶ
708 5071 888 5140 λιμένι
936 5072 1031 5127 καὶ
1061 5073 1351 5149 φιλοσοφίᾳ
1395 5078 1602 5151 πολλῇ;
1644 5082 1742 5151 οὑχ
1774 5084 1800 5133 6

106 5159 212 5227 μὲν
259 5156 480 5227 ἀγγέλῳ
514 5157 869 5229 προσέοικεν,
920 5162 949 5213 6
985 5160 1041 5213 δέ
1088 5162 1210 5215 οὑδέ
1255 5164 1567 5237 ἀνθρώπως
1608 5164 1669 5221 '0
1703 5173 1803 5239 μὲν

104 5246 215 5318 γὰρ
260 5245 385 5298 οὑδέ
433 5245 501 5299 τά
545 5247 722 5300 οἰκεῖα
764 5247 986 5301 δύναται
1046 5248 1315 5319 βαστάσαι
1366 5254 1547 5319 κακὰ,
1592 5256 1802 5322 ἐκεῖνος

102 5334 159 5387 δὲ
204 5334 299 5387 καί
340 5333 410 5387 τά
449 5333 737 5407 ἀλλότρια·
785 5327 944 5400 οὗτος
992 5338 1114 5391 οὑδέ
1159 5340 1354 5393 ἑαυτὸν
1384 5341 1629 5409 ἐνεγκεῖν
1683 5346 1801 5398 ἐδυ-

102 5420 268 5491 νήθη,
296 5422 502 5485 ἐκεῖνος
542 5421 600 5475 δέ
645 5421 740 5475 καὶ
775 5421 963 5494 ἕτερον
986 5441 998 5453 ’
1031 5427 1059 5479 6
1098 5426 1198 5496 μὲν
1239 5428 1298 5480 ἐν
1339 5431 1585 5501 ναυαγίῳ
1626 5433 1799 5498 ἐστὶν,

103 5503 264 5571 οὗτος
310 5508 368 5562 δέ
410 5510 465 5562 ἐν
498 5509 769 5581 ἀσφαλείᾳ
797 5511 950 5575 πλεῖ,
998 5512 1055 5578 ἐξ
1109 5514 1311 5585 οὑρίων
1358 5517 1509 5587 αὑτῷ
1538 5519 1637 5588 τῆς
1671 5520 1799 5590 νηὸς

108 5595 461 5667 φερομένης·
496 5596 712 5673 οὐγὰρ
760 5598 912 5653 εἴασε
960 5600 1020 5653 16
1055 5601 1149 5654 τοῦ
1193 5601 1368 5673 θυμοῦ
1422 5606 1638 5676 πνεῦμα
1689 5612 1799 5671 τοῖς

106 5685 299 5747 ἱστίοις
324 5684 567 5755 ἐμπεσὸν
588 5686 891 5757 ἀνατρέψαι
915 5688 1014 5759 τῆς
1045 5690 1284 5753 διανοίας
1310 5691 1371 5744 16
1399 5692 1603 5762 σκάφος
1623 5712 1637 5726 ·
1661 5694 1798 5751 ἀλλά

108 5771 280 5843 λεπτή
308 5789 391 5836 τις
414 5770 558 5843 αὕρα
603 5774 697 5827 καὶ
723 5775 876 5843 ἡδεῖα
910 5778 1360 5847 προσπνεύσασα,
1394 5782 1494 5851 τῆς
1540 5783 1794 5848 ἀνεξικα-

112 5863 233 5925 κίας
273 5863 306 5932 ἡ
338 5859 480 5932 πνοὴ
501 5901 515 5926 ,
566 5861 705 5932 μετὰ
735 5862 939 5932 πολλῆς
982 5866 1131 5937 αὐτῷ
1170 5868 1269 5939 τῆς
1319 5869 1549 5940 ήσυχίας
1582 5872 1675 5925 ἐπὶ
1707 5873 1797 5928 τὸν

169 5965 549 6038 ’,Λίξος-ἐκεῖνος
569 5970 821 6029 ἐτύπτησε.
854 5971 887 6011 δ
907 5972 1042 6022 Idem
1061 5976 1171 6033 τοὺς
1189 5976 1570 6034 ἀντιτύπτοντας.
1617 5984 1639 6014 ε
1662 5982 1799 6034 Unus

112 6030 326 6088 ὁρώντων
348 6032 498 6083 ἐστὶν.
518 6033 662 6079 ὥστε.

467 6114 744 6178 Ριτκοι.
778 6117 898 6180 Gn.
946 6121 1073 6183 LX.

1157 388 1221 442 IN
1263 390 1445 446 ACTA
1488 382 2031 445 APOS'I‘ULORUM.
2079 379 2314 438 HOMIL.
2358 375 2606 439 XXXIX.

3505 374 3613 431 280

1920 500 2017 571 τῆς
2070 497 2389 568 φιλοσοφίας
2435 495 2561 563 άγει
2613 492 2829 563 λιμένα.
2881 491 2989 543 Καὶ
3035 489 3286 561 καθάπερ
3336 492 3394 544 ἐν
3442 490 3613 560 πλοίῳ

1918 586 2247 655 ναυαγοῦντι
2280 585 2331 638 οί
2362 584 2554 637 ναῦται
2587 582 2689 635 οὑκ
2716 581 2897 635 ίσασιν
2920 579 2955 633 ἃ
2981 580 3286 652 ῥίπτουσιν,
3316 578 3384 635 ἀν
3416 596 3476 633 τε
3502 580 3613 632 τῶν

1918 673 2135 727 οίκείων
2163 674 2229 728 ἄν
2259 690 2317 727 τε
2366 671 2477 725 τῶν
2508 668 2810 739 ἀλλοτρίων
2853 666 3062 721 λάϐωσι
3101 665 3607 737 παρακαταθήκας,

1916 760 2056 815 ἀλλά
2084 761 2305 815 πάντων
2327 759 2530 831 ὁμοίως
2558 756 2790 828 ἐκϐολὴν
2814 755 3097 810 ποιοῦνται
3120 756 3227 809 τῶν
3250 753 3611 825 ἐγκειμένων,

1916 848 2027 902 τῶν
2058 866 2117 901 τε
2144 848 2345 919 τιμίων
2369 847 2480 899 τῶν
2503 863 2563 898 τε
2591 846 2653 898 οὕ
2676 843 2934 898 τοιούτων
2961 858 2975 873 ·
3005 842 3226 895 ἐπειδὰν
3261 842 3316 897 δὲ
3346 844 3374 895 6
3404 839 3614 912 χειμὼν

1916 936 2216 1006 παύσηται,
2243 934 2363 988 τότε
2396 932 2851 1004 ἀναλογιζόμενοι
2878 933 2978 985 ὅσα
3006 931 3286 996 ἐξέϐαλον,
3312 929 3612 1000 δακρύουσι

1916 1024 2138 1093 καὶτῆς
2174 1023 2421 1094 γαλήνης
2461 1022 2563 1075 οὑκ
2602 1021 2953 1075 αἰσθάνονται
2994 1020 3085 1074 διὰ
3126 1019 3224 1091 τὴν
3278 1019 3485 1089 ζημίαν
3510 1016 3613 1087 τῆς

1916 1109 2177 1181 ἐκϐολῆς·
2207 1109 2352 1163 οὕτω
2382 1109 2446 1180 δὴ
2491 1110 2587 1162 καὶ
2619 1107 2857 1161 ἐνταῦθα
2878 1148 2892 1173 ,
2937 1108 3066 1161 ὅταν
3104 1108 3133 1159 6
3161 1106 3334 1178 θυμὸς
3363 1104 3600 1176 πνεύσῃ,

1916 1196 2011 1248 καὶ
2038 1198 2067 1249 6
2089 1196 2298 1268 χειμὼν
2326 1196 2551 1269 αίρηται
2573 1237 2586 1261 ,
2617 1195 2719 1250 οὑκ
2749 1195 2929 1250 ἴσασιν
2959 1197 3018 1249 ἐν
3043 1194 3195 1262 τάξει
3228 1193 3512 1247 ἐκϐάλλειν
3543 1192 3614 1246 τά

1915 1282 2102 1337 δέοντα
2126 1300 2139 1313 ο
2171 1285 2302 1338 ὅταν
2323 1285 2392 1338 δὲ·
2410 1283 2691 1356 παύσηται
2721 1286 2749 1338 6
2780 1283 2971 1355 θυμὸς,
2999 1284 3122 1336 τότε
3162 1281 3612 1350 ἀναλογιζόμενοι

1917 1372 2047 1424 ποῖα
2080 1371 2355 1437 ἐξέϐαλον,
2388 1371 2632 1427 ἐννοοῦσι
2659 1374 2757 1443 τὴν
2782 1371 2985 1443 ζημίαν
3016 1371 3112 1425 καὶ
3135 1370 3236 1424 οὑκ
3261 1369 3613 1423 αἰσθάνονται

1915 1458 2014 1528 τῆς
2039 1461 2426 1528 ἀναπαύσεως,
2457 1461 2565 1516 τῶν
2602 1461 2866 1533 ῥημάτων
2896 1459 3262 1532 μεμνημένοι,
3280 1458 3347 1511 δι’
3372 1450 3447 1512 ῶν
3477 1474 3614 1510 κατ·

1916 1551 2163 1623 ᾔσχυναν
2219 1553 2447 1617 ἐαυτοὺς
2475 1553 2569 1607 καὶ
2594 1552 2664 1607 τὰ
2696 1553 2933 1624 μέγιστα
2957 1549 3366 1622 ἐζημιώθησαν,
3390 1549 3450 1602 οὕ
3483 1548 3616 1618 περὶ

1916 1641 2176 1710 χρήματα
2200 1679 2213 1703 .
2246 1640 2384 1695 ἀλλά
2430 1641 2561 1712 περὶ
2601 1640 2763 1706 δόξαν
2801 1639 3105 1703 ἐπιεικείας
3144 1638 3239 1691 καὶ
3281 1635 3612 1706 πραότητος.

1921 1727 2132 1790 Ὄντως
2167 1726 2360 1791 σκότος
2386 1728 2538 1781 ἐστὶν
2566 1729 2595 1782 6
2622 1726 2811 1798 θυμός.
2840 1722 3028 1781 Εἶπεν
3063 1724 3290 1794 ἄφρων,
3328 1722 3515 1793 φησὶν,
3544 1722 3616 1775 ἐν

1916 1813 2130 1882 καρδίᾳ
2178 1813 2389 1869 αὑτοῦ·
2442 1816 2565 1869 Οὐκ
2611 1814 2745 1869 ἐστι
2796 1816 2961 1879 Θεός.
3007 1814 3162 1883 Τάχα
3212 1811 3470 1882 καὶπερὶ
3515 1809 3612 1863 τοῦ

1917 1900 2260 1972 θυμουμένου
2291 1902 2453 1956 τοῦτο
2483 1904 2659 1957 είπεῖν
2694 1900 2972 1975 εὔκαιρον,
3000 1902 3082 1955 ὅτι
3106 1895 3262 1954 εἶπεν
3285 1902 3313 1953 ὁ
3336 1898 3614 1969 θυμούμε-

1916 2005 2025 2050 νος·
2061 1990 2178 2043 Οὐκ
2220 1988 2336 2043 ἔστι
2380 1990 2535 2053 Θεός.
2581 1990 2747 2044 Κατὰ
2788 1990 2896 2061 γάρ
2926 1988 2995 2042 τὸ
3027 1987 3287 2057 πλῆθος,
3316 1987 3472 2056 φησὶ,
3505 1984 3614 2051 τῆς

1915 2074 2102 2145 ὀργῆς
2134 2077 2324 2132 αὑτοῦ
2357 2080 2470 2133 οὐκ
2518 2077 2858 2147 ἐκζητήσει.
2903 2079 3002 2139 Ὃς
3040 2076 3150 2148 γὰρ
3200 2076 3269 2130 ἂν
3318 2074 3613 2145 ἐπεισέλθῃ

1914 2165 2176 2239 λογισμὸς
2216 2169 2453 2239 εὐσεϐὴς
2478 2208 2494 2235 ,
2540 2170 2751 2233 πάντας
2789 2169 3067 2223 διωθεῖται
3098 2168 3193 2222 καὶ
3221 2165 3609 2235 διακρούεται,

1916 2257 2130 2317 πάντας
2165 2258 2348 2327 ῥίπτει
2397 2258 2686 2326 πλαγίους.
2734 2258 2797 2311 Εί
2841 2257 2916 2329 μὴ
2960 2259 3025 2311 σὺ
3061 2256 3265 2327 μᾶλλον
3298 2254 3485 2323 ἀλγεῖς
3517 2251 3612 2306 τοῦ

1915 2340 2290 2412 ὑϐρισθέντος,
2348 2340 2562 2413 ὕϐριζε,
2607 2341 2714 2395 κᾶν
2785 2341 2978 2412 μηδεὶς
3026 2342 3055 2394 6
3125 2338 3409 2407 ἐγκαλῶν·
3454 2338 3613 2407 εἰμὴ

1912 2427 1973 2481 τὸ
2008 2427 2103 2481 τοῦ
2124 2427 2151 2468 ά
2189 2428 2492 2493 συνειδότος
2522 2430 2877 2501 δικαστήριον
2927 2428 3034 2499 ἰδίᾳ
3060 2445 3119 2481 σε
3152 2427 3318 2481 λαϐὸν
3359 2426 3613 2498 μαστίζει

1917 2518 2109 2589 μυρία.
2150 2518 2320 2573 Ὅταν
2369 2513 2464 2573 οῦν
2512 2518 2778 2591 ἀκούσῃς,
2827 2518 2911 2571 ὅτι
2959 2520 2987 2572 6
3038 2517 3398 2589 ὑϐριζόμενος
3457 2514 3615 2567 οὐδὲν

1913 2605 2137 2669 ἐξέϐαλε
2171 2605 2329 2677 ῥῆμα
2360 2607 2580 2678 πικρὸν,
2619 2607 2741 2677 οὑχ).
2774 2606 2948 2677 ταύτῃ
2982 2605 3183 2678 μᾶλλον
3221 2604 3446 2673 ἀλγεῖς;
3476 2602 3615 2657 Είπέ

1916 2711 2028 2765 μοι,
2077 2695 2198 2759 πῶς
2235 2694 2526 2766 ἄνθρωπον
2569 2697 2746 2766 πρᾶον
2803 2695 2897 2749 καὶ
2925 2694 3218 2757 ταπεινὸν,
3251 2693 3345 2747 καὶ
3392 2692 3613 2763 ἐπιεικῆ

1915 2782 2143 2853 μυρίαις
2183 2781 2421 2845 ἐπλυνας
2458 2782 2791 2855 λοιδορίαις;
2838 2782 3025 2837 Ταῦτα
3061 2782 3296 2851 λέγομεν
3341 2779 3612 2850 συνεχῶς,

1911 2869 2011 2940 οὑχ
2040 2869 2261 2941 δρῶμεν
2300 2869 2357 2922 δέ
2396 2870 2822 2941 ἐπιδεικνύμενα
2848 2870 2936 2923 διά
2976 2869 3089 2924 τῶν
3121 2870 3319 2941 ἐργων.
3365 2868 3614 2937 Ἀνθρω·

1912 2974 2013 3020 πος
2036 2957 2113 3011 ῶν
2144 2955 2434 3028 ἄνθρωπον
2481 2957 2764 3028 ὑϐρίζεις;
2818 2958 3008 3022 δοῦλος
3044 2955 3120 3010 ὣν
3154 2958 3249 3010 τὸν
3279 2954 3612 3027 όμόδοολονς

1923 3044 2086 3099 Ἀλλά
2115 3044 2168 3099 τί
2204 3044 2362 3099 τοῦτο
2405 3044 2697 3117 θαυμάζω,
2728 3046 2865 3099 ὅπου
2902 3062 2966 3115 γε
3015 3046 3110 3099 καὶ
3141 3044 3276 3099 Θεὸν
3326 3043 3614 3116 ὑϐρίζουσι

1910 3131 2095 3186 πολλοί
2116 3148 2130 3198 ;

1978 3242 2022 3295 δ’
2030 3284 2043 3296 .
2078 3242 2251 3297 Τοῦτο
2278 3244 2415 3316 πρὸς
2458 3244 2603 3313 ὑμᾶς
2634 3243 2777 3299 ἔστω
2806 3245 3135 3318 παραμυθία
3154 3245 3283 3309 τοὺς
3314 3243 3615 3317 ὑϐριζομέ-

1909 3347 2055 3394 νους.
2074 3330 2428 3403 Ὑϐρίζεσθε;
2453 3332 2739 3405 ὑϐρίζεται
2766 3333 2862 3388 καὶ
2883 3334 3035 3398 Θεός.
3058 3334 3447 3402 Ὀνειδίζεσθε;
3470 3334 3612 3387 ὀνει-

1912 3417 2119 3482 δίζεται
2141 3420 2235 3473 καὶ
2256 3419 2411 3484 Θεός.
2445 3422 2789 3475 Διαπτύεσθε
2814 3439 2829 3489 ;
2854 3422 2949 3478 καὶ
2970 3423 3080 3495 γὰρ
3108 3422 3203 3476 καὶ
3229 3424 3257 3477 6
3273 3424 3554 3494 Δεσπότης
3585 3425 3614 3477 6

1908 3505 2201 3577 ἡμέτερος.
2247 3507 2337 3562 Ἐν
2373 3508 2476 3579 μὲν
2502 3504 2595 3563 οὖν
2625 3509 2837 3575 τούτοις
2862 3512 2998 3582 ἡμῖν
3030 3512 3301 3577 κοινωνεῖ,
3333 3511 3391 3566 ἐν
3420 3511 3475 3565 δὲ
3498 3515 3612 3577 τοῖς

1908 3592 2173 3658 ἐναντίοις
2202 3595 2303 3647 οὑκ
2334 3594 2434 3648 ἔτι.
2465 3594 2618 3669 [⁸500]
2662 3598 2738 3651 Οὐ
2755 3597 2866 3670 γάρ
2884 3596 3109 3670 ὕϐρισεν
3126 3598 3328 3663 ἀδίκως
3351 3598 3503 3653 ποτέ·
3536 3598 3612 3671 μὴ

1908 3678 2141 3749 γένοιτο·
2166 3680 2290 3735 οὑδέ
2314 3682 2594 3737 ὠνείδισεν
2619 3684 2834 3750 ἁπλῶς,
2862 3672 2986 3741 οὑδέ
3019 3687 3306 3759 ἠδίκησεν.
3346 3687 3511 3740 Ὥστε
3547 3690 3615 3759 ὴ-

1911 3770 2033 3838 μεῖς
2050 3770 2218 3840 ἐσμεν
2237 3772 2285 3823 οἱ
2308 3772 2718 3835 κοινωνοῦντες,
2740 3775 2841 3845 οὑχ
2863 3774 3042 3846 ὑμεῖς.
3078 3776 3152 3828 Τὸ
3185 3776 3286 3846 μὲν
3308 3774 3420 3847 γὰρ
3456 3775 3611 3847 ὑϐρι-

1908 3855 2137 3926 ζόμενον
2166 3856 2378 3929 φέρειν,
2407 3859 2567 3913 Θεοῦ·
2604 3860 2667 3913 τὸ
2704 3861 2761 3914 δέ
2793 3860 3038 3933 ὑϐρίζειν
3092 3862 3303 3929 ἁπλῶς,
3332 3863 3609 3934 δαίμονος.

1912 3943 2081 3997 Ἴδετε
2129 3945 2230 4009 τὰς
2288 3948 2383 4000 δύο
2432 3948 2677 4020 μερίδας.
2732 3951 3053 4019 Δαιμόνιον
3084 3953 3264 4021 ἔχεις,
3306 3953 3541 4024 ἤκουσεν
3583 3956 3614 4009 6

1908 4031 2165 4099 Χριστός·
2202 4034 2512 4107 ἐρῤαπίσθη
2538 4037 2648 4090 ἀπὸ
2670 4036 2765 4090 τοῦ
2797 4037 2985 4091 δούλου
3020 4039 3115 4093 τοῦ
3168 4042 3492 4113 ἀρχιερέως.
3545 4044 3610 4096 Ol

1907 4117 2223 4189 ὑϐρίζοντες
2280 4122 2461 4176 τοίνυν
2527 4124 2752 4201 ἀδίκως,
2793 4126 2912 4196 μετ’
2974 4126 3201 4181 ἐκείνων
3232 4140 3255 4167 ο
3287 4125 3605 4200 ἑστήκασιν·

1906 4206 2155 4273 εἰκότως.
2178 4208 2244 4264 Εί
2268 4211 2380 4282 γὰρ
2403 4211 2433 4264 6
2459 4212 2667 4283 Πέτρος
2696 4213 2791 4267 καὶ
2821 4214 3067 4278 Σατανᾶς
3100 4216 3303 4285 ἢκουσε
3334 4216 3403 4271 δι’
3427 4218 3484 4271 ἒν
3512 4220 3612 4291 ῥῆ-

1911 4312 2006 4364 μα,
2043 4295 2225 4368 πολλῷ
2258 4297 2462 4367 μᾶλλον
2520 4294 2669 4354 οὗτοι
2716 4301 2961 4357 Ἰουδαῖοι
2992 4303 3340 4368 ἀκούσονται,
3383 4305 3511 4360 ὅταν
3540 4308 3611 4362 τά

1919 4380 2188 4436 Ἰουδαίων
2216 4384 2467 4451 ποιῶσιν,
2492 4385 2684 4457 ὥσπερ
2708 4388 2952 4441 κάκεῖνοι
2974 4388 3223 4443 διαϐόλου
3248 4391 3435 4458 τέκνα,
3459 4395 3611 4449 ἐπει-

1906 4467 1971 4538 δὴ
2026 4468 2095 4523 τά
2150 4470 2245 4525 τοῦ
2305 4472 2557 4527 διαϐόλου
2622 4474 2964 4547 εἰργάζοντο.
3042 4477 3337 4551 ’Υϐρίζεις,
3376 4482 3462 4545 τίς
3505 4483 3605 4551 ὣν,

1906 4558 2029 4643 είπέ
2066 4577 2198 4630 μοι;
2238 4561 2458 4615 Μᾶλλον
2496 4562 2554 4615 δὲ
2581 4562 2670 4618 διὰ
2728 4564 2889 4618 τοῦτο
2920 4566 3187 4637 ὑϐρίζεις,
3222 4569 3412 4643 ἐπειδὴ
3453 4573 3607 4627 οὐδὲν

1906 4641 1975 4698 εἷ·
2026 4646 2206 4711 οὐδεὶς
2233 4648 2343 4720 γάρ
2375 4648 2669 4721 ἄνθρωπος
2720 4651 2796 4705 ὢν
2829 4652 3065 4725 ὑϐρίζει.
3117 4656 3282 4711 Ὥστε
3315 4658 3343 4710 ὃ
3384 4641 3606 4727 λέγεται

1904 4734 1962 4815 ἐν
1988 4736 2109 4797 ταῖς
2139 4736 2365 4805 μάχαις,
2427 4738 2500 4789 Σὺ
2533 4738 2617 4802 τίς
2644 4734 2727 4806 εἷς
2782 4740 2843 4805 ἐξ
2891 4742 3142 4807 ἐναντίας
3172 4744 3277 4798 ἔδει
3326 4744 3603 4815 λέγεσθαι·

1902 4814 2039 4885 οἷον,
2070 4821 2329 4891 ⁹⁹]’ϐριζε,
2364 4822 2547 4893 λέγειν
2600 4826 2791 4899 ἐχρῆν·
2827 4828 2983 4882 οὐδὲν
3009 4829 3118 4902 γὰρ
3154 4827 3227 4885 εἴ·
3288 4832 3387 4887 νῦν
3404 4814 3471 4889 δέ
3520 4835 3608 4889 λε-

1902 4908 2112 4977 γόντων
2151 4910 2331 4980 ἡμῶν.
2370 4913 2459 4977 Ὠς
2490 4913 2577 4977 τίς
2610 4914 2893 4986 ὑϐρίζεις;
2940 4917 3028 4981 Ὦς
3064 4918 3289 4990 βελτίων
3344 4939 3462 4987 σου,
3516 4924 3606 4979 διὰ

1904 4997 2125 5051 πάντων
2154 4999 2376 5053 ἀκούειν
2408 5000 2547 5055 ἐστι.
2582 5004 2694 5065 Καὶ
2728 5006 2836 5075 μὴν
2877 5005 2940 5059 τὸ
2991 5008 3233 5062 ἐναντίον
3268 5010 3376 5064 ἔδει
3400 5012 3603 5081 λέγειν·

1902 5086 2019 5139 ἀλλ’
2054 5088 2244 5158 ἐπειδὴ
2270 5092 2435 5160 ἡμεῖς
2460 5092 2652 5155 κακῶς
2700 5094 3019 5167 ἐρωτῶμεν,
3046 5097 3133 5151 διὰ
3156 5098 3317 5153 τοῦτο
3348 5102 3597 5157 κάκεῖνοι

1902 5176 2088 5239 κακῶς
2113 5178 2525 5249 ἀποκρίνονται·
2565 5181 2711 5234 ὥστε
2766 5185 2931 5254 ήμεῖς
2963 5184 3149 5239 αίτιοι.
3214 5188 3303 5252 Ὠς
3348 5192 3603 5259 μεγάλων

1900 5264 2010 5335 γάρ
2048 5266 2262 5336 ἀνδρῶν
2285 5267 2457 5323 ὄντων
2488 5269 2600 5324 τῶν
2663 5272 3019 5346 ὑϐριζόντων,
3047 5275 3190 5330 οὕτω
3215 5276 3466 5349 λέγομεν·
3510 5283 3599 5346 Ὠς

1898 5352 1981 5415 τίς
2009 5352 2285 5423 ὑϐρίζεις;
2313 5356 2415 5411 Διά
2446 5357 2613 5412 τοῦτο
2667 5362 2912 5415 κάκεῖνοι
2966 5362 3140 5427 οὕτως
3185 5365 3597 5437 ἀποκρίνονται.

1900 5439 2224 5496 Τοὺναντίον
2261 5443 2318 5497 δὲ
2354 5445 2526 5517 ἐχρῆν
2556 5446 2759 5516 λέγειν·
2827 5450 3139 5521 ’Υϐρίζειςς
3176 5452 3388 5523 ὕϐριζε·
3424 5457 3599 5521 οὐδεὶς

1900 5530 2009 5600 γὰρ
2037 5526 2107 5586 εί.
2146 5534 2292 5605 Πρὸς
2325 5534 2384 5588 δέ
2414 5536 2541 5600 τοὺς
2567 5538 2669 5607 οὑχ
2704 5538 3031 5610 ὑϐρίζοντας
3072 5541 3231 5595 τοῦτο
3258 5544 3460 5614 μᾶλλον
3491 5546 3598 5602 ἔδει

1898 5616 2177 5687 λέγεσθαι·
2222 5621 2312 5685 Ὠς
2334 5623 2418 5687 τίς
2441 5625 2541 5695 οὐχ
2579 5626 2859 5696 ὑϐρίζεις;
2890 5628 3169 5700 ὑπερέϐης
3194 5630 3294 5701 τὴν
3321 5632 3600 5705 ἀνθρωπί-

1899 5724 1998 5775 νην
2026 5710 2209 5777 φύσιν.
2250 5710 2426 5765 Τοῦτο
2451 5713 2724 5782 εὐγένεια,
2754 5716 2916 5769 τοῦτο
2938 5716 3246 5789 ἐλευθερία,
3273 5721 3443 5791 μηδὲν
3499 5726 3598 5777 ἀν-

1898 5794 2185 5869 ελεύθερον
2208 5799 2571 5869 φθέγγεσθαι,
2601 5803 2703 5859 κᾶν
2731 5802 2939 5880 ἄξιοςῇ
2971 5825 3055 5870 τις
3090 5807 3332 5864 ἀκούειν.
3363 5810 3500 5865 Είπέ
3530 5815 3594 5885 δή

1902 5901 2015 5953 μοι,
2045 5886 2201 5940 πόσοι
2233 5889 2353 5960 οὑχ“ι
2388 5891 2531 5958 άξιοί
2561 5895 2697 5947 εἰσιν
2742 5895 3120 5971 ἀναιρεῖσθαι;
3158 5897 3299 5950 Ἀλλ’
3353 5899 3504 5970 ὅμως
3534 5904 3596 5956 οὐ

1959 5986 1999 6062 (ξ
2008 5988 2135 6041 Tres
2157 6006 2273 6046 mss.
2302 6002 2354 6045 cl
2378 5996 2555 6060 Savil.,
2602 6000 2817 6063 ἐγκαλῶν
2844 6000 2894 6062 ᾖ,
2942 6002 2998 6049 τὸ
3043 6000 3147 6051 τοῦ.

1902 6050 1923 6098 ἰ
1959 6003 2135 6062 ξιτεδ
2157 6006 2273 6046 mss.
2302 6003 2354 6045 cl
2378 6003 2555 6060 SaviL,
2602 6003 2817 6063 ἐγκαλῶν
2844 6003 2894 6062 ᾖ,
2942 6003 2998 6049 τὸ
3043 6003 3147 6051 τοῦ.
3254 6016 3275 6043 τ
3310 6003 3446 6057 Unus
3493 6010 3597 6071 μετ’

1925 6066 2094 6101 κεινον.

3052 6145 3125 6207 18
