4084 6332
234 389 323 444 £1

233 496 558 555 contrarium
586 492 691 549 diei
722 490 1037 562 oportebat;
1078 486 1171 542 sed
1203 484 1326 556 quia
1359 497 1457 538 nos
1485 481 1625 537 male
1654 481 1825 536 inter-

234 606 512 665 rogamus,
558 589 680 645 ideo
720 588 796 644 illi
835 586 975 643 male
1018 580 1386 653 respondent:
1421 578 1604 647 itaque
1647 586 1745 628 nos
1775 572 1828 665 in

230 662 392 739 causa
424 695 634 738 sumus.
667 682 743 736 Ac
769 680 812 734 si
837 678 977 732 enim
1009 674 1083 731 illi
1110 669 1486 730 centumeliosi
1511 666 1688 737 magni
1714 662 1833 735 qui-

234 779 359 831 dam
387 774 488 830 viri
508 781 712 837 essent,
745 773 815 825 ita
844 768 1113 840 loquimur
1138 785 1152 821 :
1176 764 1309 834 Quis
1336 772 1419 819 est
1438 760 1528 831 qui
1552 768 1831 815 contume-

236 868 360 923 liam
406 865 639 923 inferas?
682 864 806 920 Ideo
846 863 919 918 illi
968 862 1045 916 sic
1098 858 1443 931 respondent.
1494 852 1832 937 Contrariqu

236 975 371 1015 vero
400 958 686 1030 Oportebat
708 955 892 1012 dicere
916 972 929 1009 :
960 951 1298 1009 Contumelia
1319 947 1529 1005 aftieis?
1555 952 1835 1001 contume-

236 1052 306 1107 lia
337 1050 525 1115 al'lice;
559 1048 743 1105 nullus
768 1047 911 1104 enim
946 1060 1027 1103 es.
1061 1043 1141 1100 Ad
1174 1043 1297 1099 illos
1326 1055 1475 1106 vero,
1520 1038 1609 1109 qui
1641 1044 1831 1091 contu-

236 1142 398 1199 melia
425 1156 532 1196 non
561 1139 834 1205 afﬁciunt,
866 1138 1044 1210 potius
1069 1134 1356 1191 dicendum
1398 1140 1515 1189 erat
1543 1148 1556 1185 :
1587 1128 1717 1198 Quis
1741 1143 1797 1184 es
1818 1170 1831 1194 ,

233 1237 327 1308 qui
357 1234 685 1291 contumelia
717 1248 822 1288 non
845 1228 1053 1286 afﬁcis?
1086 1230 1371 1283 humanam
1395 1232 1638 1280 naturam
1662 1230 1836 1276 trans-

235 1328 490 1386 cendisti.
541 1327 656 1384 Hoc
698 1325 948 1382 nobilitas
994 1332 1106 1391 est,
1156 1321 1291 1378 nihil
1334 1317 1599 1374 illiberale
1652 1314 1834 1385 loqui,

234 1421 448 1479 etiamsi
492 1421 612 1491 quis
642 1419 830 1473 audire
858 1416 929 1473 sit
956 1415 1173 1487 dignus.
1219 1414 1313 1467 Die
1341 1424 1472 1465 vero
1509 1408 1676 1473 mihi,
1707 1414 1841 1478 quot

234 1530 345 1569 non
366 1522 493 1569 sunt
513 1512 659 1583 digni
683 1520 741 1566 ut
764 1508 1110 1566 occidantur?
1140 1521 1313 1577 neque
1337 1515 1514 1560 tamen
1540 1517 1636 1574 per
1656 1517 1716 1557 se
1739 1499 1840 1556 hoc

233 1606 401 1673 jmlex
432 1605 574 1670 facit,
598 1602 695 1660 sed
718 1604 1033 1673 interrogat,
1064 1614 1237 1670 neque
1262 1613 1355 1669 per
1379 1597 1636 1667 seipsum.
1661 1593 1720 1649 Si
1738 1594 1839 1647 au-

237 1707 348 1753 tem
379 1696 579 1751 homini
611 1692 1038 1764 improbojudex
1062 1707 1166 1746 non
1189 1689 1440 1761 dignatur
1464 1702 1561 1758 per
1583 1701 1643 1743 se
1669 1683 1838 1756 loqui,

235 1788 333 1844 sed
362 1787 541 1844 medio
575 1786 828 1858 quopiam
857 1786 1042 1850 utitur,
1088 1785 1256 1840 multo
1284 1782 1454 1853 magis
1485 1795 1585 1836 nos
1628 1786 1845 1850 oportet

235 1895 399 1951 pares
426 1894 531 1933 non
553 1878 877 1933 contumelia
901 1876 1117 1931 allicere
1142 1893 1153 1929 :
1186 1888 1292 1929 non
1314 1873 1458 1928 enim
1482 1872 1555 1928 ita
1580 1871 1687 1927 illis
1708 1885 1845 1943 prte-

235 1969 475 2042 ponendi
502 1969 742 2033 erimus,
774 1968 820 2023 si
854 1967 974 2022 illos
1011 1964 1336 2021 contumelia
1367 1963 1684 2026 afﬁciamus,
1712 1970 1770 2016 ut
1796 1958 1841 2014 si

232 2063 555 2127 doceamur,
602 2060 745 2132 quod
789 2074 888 2116 nos
935 2060 1084 2130 ipsos
1122 2056 1447 2115 contumelia
1481 2055 1842 2112 aﬁ‘eccrimus.

234 2152 408 2211 Malos
435 2168 561 2226 ergo
591 2152 715 2209 ideo
741 2151 1065 2207 contumelia
1095 2148 1315 2205 afﬁcere
1340 2163 1445 2203 non
1478 2155 1714 2218 oportet,
1749 2145 1845 2201 bo-

237 2262 344 2303 nos
367 2255 548 2303 autem
574 2246 679 2301 alia
710 2258 925 2315 quoque
949 2243 1016 2298 de
1037 2254 1221 2307 causa,
1252 2238 1395 2311 quod
1422 2255 1531 2295 non
1559 2246 1842 2294 contume-

237 2338 312 2394 lia
343 2337 489 2408 digni
520 2336 659 2397 sint;
694 2335 853 2391 tertio
877 2342 1058 2389 autem
1098 2334 1219 2403 quia
1248 2330 1698 2389 contumeliosum
1726 2344 1847 2385 esse

238 2426 350 2489 non
369 2440 603 2503 Oportet.
632 2429 782 2486 Nunc
801 2440 980 2486 autem
998 2427 1120 2485 vide
1144 2436 1345 2500 quanta
1370 2426 1499 2481 ﬁant
1525 2443 1537 2480 :
1569 2433 1849 2481 contume-

240 2525 312 2580 lia
342 2534 397 2580 et
424 2524 625 2579 damno
652 2521 885 2577 afﬁcitur
913 2521 1111 2588 homo,
1141 2533 1351 2575 necnon
1382 2518 1428 2574 is
1455 2520 1544 2588 qui
1578 2516 1724 2572 laedit
1745 2555 1760 2581 ,
1793 2522 1850 2570 ct

238 2627 595 2689 spectatores.
632 2615 770 2685 Quid
799 2614 968 2687 ergo?
997 2630 1122 2670 nunt
1170 2612 1311 2668 feras
1337 2612 1391 2666 in
1419 2610 1657 2666 medium
1688 2623 1847 2665 acce-

240 2710 377 2766 dere
403 2718 654 2780 oportet,
702 2716 759 2764 et
799 2722 912 2763 rem
963 2703 1299 2762 dissolvere?
1345 2703 1449 2759 hoc
1477 2702 1621 2758 enim
1661 2709 1846 2756 restat.

239 2803 380 2858 Cum
406 2802 549 2857 enim
579 2800 826 2856 homines
846 2808 974 2857 sunt
994 2800 1053 2866 ii,
1073 2797 1164 2872 qui
1188 2798 1241 2854 in
1266 2796 1553 2869 iniquitate
1573 2794 1849 2852 delectan-

242 2904 356 2962 tur,
410 2894 540 2951 l’eris
578 2894 943 2950 reconciliatio
990 2902 1347 2950 reservatur:
1392 2889 1849 2963 quemadmodum

243 2987 396 3044 heris
421 2986 569 3043 domi
597 2986 979 3057 pugnantibus,
1008 2993 1176 3040 restat
1212 2991 1268 3038 ut
1298 2981 1581 3039 domestici
1615 2981 1732 3035 illos
1759 2995 1849 3035 re-

1196 371 1265 427 IN
1306 370 1486 427 ACTA
1528 356 2053 422 APOSTOLORUM.
2097 356 2327 415 HOMIL.
2372 359 2487 416 XL-

3439 374 3549 421 ‘15:!

1937 474 2229 530 concilient
2255 474 2397 543 (hoc
2426 473 2572 528 enim
2603 483 2793 527 natura
2826 472 2901 528 rei
2929 469 3133 544 exigit,
3168 470 3379 527 etiamsi
3407 470 3545 529 forte

1935 569 2037 624 hac
2065 570 2276 623 ratione
2303 582 2407 623 non
2434 566 2549 637 ﬁat)
2573 585 2585 620 :
2617 567 2694 622 sic
2719 576 2775 622 et
2801 565 2904 621 hoc
2927 578 3080 632 casu,
3108 564 3445 621 Contumelia
3469 567 3546 618 al—

1935 661 2089 717 ﬁcis?
2122 673 2175 718 et
2197 662 2324 732 jure
2354 660 2604 732 quidem;
2637 676 2743 715 non
2774 661 2918 716 enim
2958 660 3124 715 homo
3156 676 3234 715 es.
3279 660 3404 716 Ideo
3431 675 3548 714 mae

1934 770 2097 827 gnum
2123 756 2399 827 quidpiam
2442 769 2565 811 esse
2591 755 2703 809 visa
2733 763 2819 809 est
2849 754 3175 810 contumelia
3198 794 3214 820 ,
3248 762 3303 808 et
3331 754 3541 825 magnis

1935 862 2271 919 congruere:
2301 848 2473 904 servis
2505 856 2683 903 autem
2708 847 2881 917 magis
2905 846 3186 917 competit,
3222 854 3279 900 ut
3304 846 3442 902 bene
3471 847 3551 900 lu-

1937 940 2026 1009 qni
2050 940 2252 994 liberos
2277 938 2455 995 decet.
2486 938 2639 995 Sicut
2659 938 2803 995 enim
2827 938 2967 994 male
2991 937 3167 994 facere
3190 937 3254 991 ad
3282 937 3402 994 illos
3425 951 3549 1009 per-

1941 1035 2108 1097 tinet,
2144 1032 2223 1087 sic
2252 1030 2319 1087 ad
2350 1015 2451 1087 hos
2493 1031 2634 1086 mala
2679 1032 2809 1101 pati.
2844 1030 3088 1100 Exempli
3117 1044 3309 1094 causa,
3354 1027 3550 1083 ancilla

1941 1123 2142 1194 raptrix
2171 1131 2274 1188 est,
2298 1139 2419 1193 qua:
2447 1137 2533 1178 res
2556 1122 2762 1178 domini
2790 1123 2982 1192 raptim
3008 1119 3239 1191 subripit
3268 1139 3281 1175 :
3316 1120 3440 1175 talis
3462 1128 3547 1173 est

1939 1224 1994 1269 et
2017 1214 2380 1271 contumelia:
2411 1223 2467 1270 et
2507 1223 2563 1269 ut
2590 1214 2710 1293 quis
2737 1214 2967 1280 dixerit,
3000 1212 3085 1269 fur
3119 1214 3394 1283 ingressus
3424 1220 3544 1265 stu-

1940 1306 2091 1363 diose
2116 1307 2313 1379 ubique
2342 1306 2635 1374 observat,
2664 1306 2863 1377 aliquid
2886 1306 3098 1361 auferre
3124 1318 3321 1360 curans
3346 1325 3358 1360 :
3386 1303 3466 1359 sic
3492 1312 3548 1358 et

1943 1400 2045 1454 iste
2073 1398 2254 1454 omnia
2280 1398 2685 1469 circumspicit,
2712 1406 2770 1453 ut
2797 1398 2999 1468 aliquid
3029 1397 3243 1466 eripiat.
3269 1396 3389 1450 Alio
3418 1394 3555 1449 forte

1941 1490 2192 1561 exemplo
2235 1504 2410 1561 ipsum
2442 1489 2813 1560 depingemus.
2862 1486 3328 1556 Quemadmodum
3363 1485 3408 1540 si
3436 1484 3557 1556 quis

1946 1596 2073 1636 vasa
2102 1580 2379 1636 immunda
2408 1580 2556 1636 domi
2589 1578 2815 1647 luretur,
2847 1589 2901 1636 et
2923 1592 3108 1634 coram
3136 1576 3391 1635 omnibus
3417 1576 3557 1633 edu-

1944 1680 2031 1727 cat
2052 1712 2067 1737 ,
2096 1685 2203 1727 non
2242 1680 2350 1727 tam
2393 1670 2542 1727 illum
2575 1671 2830 1741 deturpat
2866 1670 3097 1738 furtum,
3132 1684 3292 1740 quam
3322 1669 3439 1739 ipse
3466 1682 3561 1724 se-

1947 1763 2257 1832 metipsum,
2282 1762 2411 1818 dum
2439 1763 2557 1818 huic
2582 1761 2757 1819 aufert
2783 1781 2797 1816 ε
2830 1763 2908 1818 sic
2928 1770 2984 1817 et
3010 1762 3133 1829 iste,
3163 1762 3371 1832 impura
3396 1759 3560 1815 verba

1945 1870 2127 1911 coram
2151 1853 2405 1910 omnibus
2435 1854 2736 1924 proferens,
2768 1868 2875 1910 non
2907 1855 3045 1909 alios
3072 1852 3256 1908 verbis
3284 1853 3559 1921 deturpat,

1945 1944 2041 2000 sed
2072 1945 2309 2015 scipsum
2330 1986 2346 2012 ,
2377 1944 2503 1999 talia
2538 1944 2821 2014 proferens
2848 1944 3165 2015 ftedansquc
3196 1953 3253 1999 et
3280 1957 3341 1998 se
3370 1951 3424 1999 et
3452 1943 3559 1998 lin-

1948 2053 2106 2108 guam
2139 2046 2197 2095 et
2224 2047 2483 2094 mentem.
2516 2037 2753 2108 ldipsum
2782 2038 2926 2093 enim
2956 2036 3035 2104 ﬁt,
3064 2034 3281 2107 quando
3304 2034 3564 2090 adversus

1950 2131 2123 2186 malos
2155 2145 2490 2202 pugnamus,
2521 2144 2586 2185 ac
2612 2129 2657 2184 si
2689 2130 2810 2201 quis
2841 2131 2893 2183 in
2934 2128 3224 2200 putredine
3251 2136 3564 2183 versantem

1951 2232 2007 2276 ut
2034 2223 2191 2278 feriat
2212 2264 2227 2286 ,
2268 2221 2507 2293 seipsum
2538 2222 2882 2292 coinquinet,
2914 2236 3108 2276 manus
3140 2221 3194 2275 in
3221 2235 3438 2275 caenum
3465 2217 3566 2273 de-

1949 2315 2189 2369 tnittens.
2220 2312 2347 2369 Hzec
2394 2314 2577 2370 omnia
2606 2355 2622 2380 ,
2654 2329 2873 2385 quzcso,
2922 2313 3263 2385 cogitantes,
3299 2311 3568 2382 fugiamus

1954 2406 2057 2461 hoc
2084 2404 2342 2461 damnum
2365 2448 2379 2471 ,
2409 2414 2464 2461 et
2493 2405 2690 2461 bonam
2722 2405 3019 2462 habeamus
3050 2406 3310 2476 linguam,
3344 2412 3403 2458 ut
3442 2402 3566 2473 puri

1950 2497 2020 2550 ab
2045 2497 2193 2551 omni
2232 2497 2560 2553 contumelia
2585 2537 2602 2566 ,
2635 2497 2907 2567 possimus
2932 2497 3093 2552 vitam
3126 2505 3450 2567 prmsentem
3485 2492 3569 2549 di-

1954 2590 2185 2659 ligenter
2232 2589 2569 2661 transigere,
2621 2598 2675 2643 et
2717 2589 2982 2661 promissa
3016 2587 3365 2659 diligentibus
3403 2587 3571 2643 Deum

1953 2681 2090 2737 bona
2122 2681 2417 2753 consequi,
2448 2683 2616 2753 gratia
2660 2691 2714 2738 et
2756 2680 3088 2755 benignitate
3132 2679 3347 2739 Domini
3398 2680 3572 2736 nostri

1952 2775 2080 2833 Jesu
2107 2774 2341 2845 Christi,
2367 2776 2583 2849 quicum
2616 2775 2766 2835 Patri
2795 2788 2849 2832 et
2874 2775 3097 2848 Spiritui
3129 2786 3339 2842 sancto,
3369 2773 3538 2844 gloria
3561 2814 3573 2836 ,

1960 2872 2248 2942 imperium
2268 2914 2281 2938 ,
2331 2872 2541 2941 honor,
2565 2887 2710 2929 nunc
2732 2882 2786 2929 et
2808 2887 3045 2944 semper,
3078 2881 3132 2927 et
3162 2872 3216 2926 in
3245 2869 3441 2926 saecula
3470 2883 3571 2923 sa:-

1956 2963 2222 3019 eulorum.
2257 2965 2448 3020 Amen.

1623 3194 1963 3257 HOliIlLlA
2000 3196 2135 3257 XL.

242 3354 383 3409 CAP.
432 3350 517 3404 l8.
553 3366 603 3402 v.
638 3348 724 3406 18.
775 3345 976 3400 Paulus
1015 3353 1183 3398 autem
1227 3360 1341 3398 cum
1383 3343 1553 3421 adhuc
1594 3342 1856 3396 mansisset

324 3443 434 3496 dies
465 3442 648 3494 multos
664 3438 911 3509 fratribus
934 3436 1240 3500 valedicens,
1265 3434 1520 3504 navigavit
1549 3435 1601 3487 in
1625 3433 1852 3503 Syriam,

324 3545 372 3590 et
404 3550 519 3588 cum
554 3532 644 3586 illo
677 3530 915 3584 Priscilla
952 3539 997 3583 et
1028 3528 1214 3598 Aquila
1256 3528 1343 3597 qui
1371 3526 1468 3580 sibi
1497 3528 1780 3581 totonderat
1806 3525 1860 3579 in

323 3626 597 3683 Cenchreis
623 3633 811 3695 caput;
842 3623 1053 3677 habebat
1075 3622 1209 3676 enim
1234 3630 1426 3675 vatum.

327 3722 383 3776 l.
426 3718 563 3775 Vide
606 3716 877 3789 quomodo
916 3716 1007 3772 lex
1048 3715 1222 3771 soluta
1262 3722 1377 3779 est;
1422 3712 1543 3768 vide
1590 3713 1861 3781 quomodo

250 3812 587 3869 conscientia
618 3809 1000 3867 detinebantur
1026 3826 1040 3864 :
1070 3806 1353 3863 Iudaicum
1386 3809 1529 3862 enim
1562 3815 1677 3861 erat
1703 3813 1864 3875 caput

253 3905 487 3961 tondere
512 3918 581 3959 ex
600 3911 747 3957 voto.
778 3900 1162 3956 Verumtamen
1186 3900 1472 3969 oportebat
1498 3900 1660 3953 etiam
1688 3898 1859 3953 sacri-

256 3997 441 4053 licium
478 3996 591 4051 ﬁeri
621 4013 633 4048 :
668 3993 811 4063 quod
847 4008 957 4048 non
987 4002 1069 4048 est
1103 3992 1341 4049 oblatum
1372 4002 1492 4061 post
1522 3992 1862 4047 verberatum

254 4087 603 4143 Sestbcnem.
643 4084 936 4154 Oportebat
974 4082 1123 4138 abire
1163 4083 1348 4148 illum;
1380 4081 1503 4137 ideo
1533 4090 1587 4137 et
1628 4080 1861 4149 festinat.

261 4182 331 4237 Et
359 4190 577 4252 rogatus
596 4177 736 4249 apud
763 4178 884 4232 illos
908 4176 1107 4247 Ephesi
1130 4192 1371 4242 manere,
1396 4190 1502 4229 non
1531 4174 1738 4229 annuit.
1759 4172 1869 4228 Cur

260 4288 397 4344 ergo
432 4286 621 4327 rursus
651 4269 991 4325 Antiochiam
1035 4267 1323 4324 concedit?
1366 4267 1495 4322 Nam
1540 4267 1828 4321 Ascendens
1852 4308 1866 4331 ,

263 4366 465 4437 inquit,
492 4380 607 4420 cum
627 4364 895 4420 salutasset
920 4362 1218 4429 Ecclesiam,
1249 4362 1505 4416 descendit
1526 4360 1866 4415 Antiochiam.

269 4460 520 4516 Humano
547 4458 778 4529 quodam
806 4456 999 4513 aﬂ'ectu
1025 4456 1297 4512 civitatem
1334 4456 1479 4510 illam
1504 4453 1869 4525 prosequeba-

268 4562 397 4607 tur:
432 4550 505 4605 ibi
537 4551 682 4605 enim
712 4549 965 4620 appellati
1007 4558 1133 4603 sunt
1162 4547 1409 4617 discipuli
1439 4547 1766 4610 Christiani,
1802 4546 1870 4599 illi

269 4644 502 4701 traditus
526 4652 610 4698 est
632 4642 817 4713 gratim
844 4642 961 4706 Dei,
990 4641 1063 4696 ibi
1090 4641 1352 4711 dogmatis
1376 4640 1589 4711 negotia
1625 4636 1871 4709 pellecit.

267 4738 340 4792 Et
362 4736 454 4791 ille
474 4734 689 4804 quidem
720 4734 773 4787 in
798 4732 1007 4804 Syriam
1037 4734 1343 4803 navigavit;
1375 4731 1496 4786 illos
1522 4744 1651 4787 vero
1679 4728 1876 4800 Ephesi

269 4828 539 4898 reliquit:
579 4836 629 4880 ct
675 4829 869 4881 merito
914 4825 1164 4895 quidem,
1217 4833 1406 4895 utpote
1448 4823 1728 4879 docturos.
1775 4821 1879 4889 Qui

272 4928 429 4974 tanto
452 4928 692 4987 tempore
722 4931 844 4971 cum
876 4915 967 4970 illo
989 4924 1268 4972 versantes
1293 4957 1308 4982 ,
1341 4916 1507 4971 multa
1537 4915 1874 4971 didicerant:

273 5019 514 5064 attamen
537 5006 774 5063 nondum
800 5007 921 5063 illos
936 5024 965 5062 a
988 5008 1377 5063 consuetudine
1397 5008 1617 5063 Judaiea
1639 5008 1881 5063 abduxe-

274 5110 383 5157 rat.
413 5099 556 5156 Ecce
588 5098 780 5153 mulier
809 5098 951 5154 idem
977 5098 1119 5169 quod
1143 5098 1243 5153 viri
1272 5100 1425 5167 facit,
1456 5110 1511 5155 et
1536 5100 1713 5155 docet.
1749 5101 1881 5155 Pro-

276 5204 465 5264 pterea
513 5190 826 5261 prohibetur
854 5191 906 5246 in
936 5192 1118 5245 Asiam
1154 5192 1375 5260 venire,
1424 5192 1492 5247 ad
1535 5208 1634 5259 ea,
1668 5193 1880 5263 opinor,

279 5297 403 5355 qua:
430 5283 599 5354 magis
622 5282 883 5353 urgebant
906 5282 1187 5353 impulsus.
1217 5283 1347 5339 Vide
1369 5300 1600 5354 namque
1625 5286 1775 5341 illum
1799 5285 1886 5340 hic

277 5385 527 5447 rogatum
552 5384 609 5430 ut
634 5385 908 5441 maneret,
941 5390 1041 5432 nec
1081 5391 1286 5432 morem
1317 5389 1616 5449 gerentem,
1648 5382 1769 5450 quia
1798 5396 1887 5435 ur-

278 5469 513 5539 gebatur
537 5475 595 5521 ut
619 5466 949 5522 discederet.
981 5467 1094 5523 Nec
1118 5469 1436 5541 simpliciter
1475 5472 1595 5526 illos
1635 5468 1885 5544 reliquit,

280 5558 379 5612 sed
399 5574 521 5612 eum
544 5559 811 5627 promissu
836 5560 1139 5615 revertendi
1169 5579 1181 5614 :
1216 5564 1485 5632 quomodo
1510 5573 1710 5630 autem,
1740 5566 1883 5622 audi.

283 5647 377 5703 19.
409 5647 753 5717 Devenitque,
796 5649 997 5719 inquit,
1032 5650 1294 5721 Ephesum
1325 5665 1370 5707 et
1398 5656 1516 5709 illos
1542 5656 1611 5709 ibi
1645 5656 1887 5726 reliquit:

280 5740 393 5808 ipse
419 5755 537 5795 vero
566 5741 824 5812 ingressus
854 5744 908 5796 in
949 5760 1289 5816 sgnugogam,
1329 5748 1606 5818 disputavit
1635 5766 1749 5803 cum
1786 5749 1887 5803 Ju—

284 5831 427 5885 da'is.
457 5830 544 5886 9.0.
588 5832 907 5903 Rogantibus
943 5844 1110 5889 autem
1146 5838 1250 5903 eis,
1296 5849 1349 5890 ut
1384 5841 1625 5909 ampliori
1670 5850 1892 5911 tempore

1969 3354 2193 3399 maneret
2219 3346 2360 3415 apud
2404 3348 2521 3401 illos
2543 3387 2558 3413 ,
2592 3363 2694 3400 non
2730 3348 2939 3414 animit,
2968 3347 3057 3402 2|.
3088 3350 3179 3401 sed
3206 3346 3447 3401 valedixit
3477 3346 3580 3411 eis,

1967 3437 2141 3491 dicens
2166 3452 2183 3491 :
2217 3436 2431 3509 Oportet
2458 3455 2537 3492 me
2566 3438 2773 3493 cumino
2796 3441 3017 3511 festum,
3051 3438 3189 3508 quod
3220 3438 3408 3502 instat,
3439 3454 3590 3509 agere

1964 3526 2345 3599 Jerosolgmis;
2384 3531 2571 3584 iterum
2616 3541 2784 3584 autent
2832 3540 3053 3584 revertar
3092 3531 3160 3583 ad
3203 3546 3319 3595 vos,
3355 3529 3463 3585 Deo
3504 3546 3587 3584 eo.

1969 3620 2099 3674 lente
2124 3635 2141 3673 :
2164 3630 2215 3675 et
2240 3622 2387 3675 solvit
2414 3621 2476 3674 ab
2509 3619 2736 3689 Epheso.
2758 3619 2851 3675 22.
2884 3619 2951 3674 Et
2976 3623 3241 3692 profectus
3274 3620 3585 3687 Cwsaream,

1970 3727 2086 3765 cum
2114 3714 2445 3775 ascendisset,
2477 3724 2524 3767 et
2553 3714 2822 3767 salutasset
2852 3711 3161 3780 Ecclesium,
3196 3714 3453 3768 descendit
3483 3713 3590 3777 Anc

1971 3805 2242 3868 tiae/tiam;
2272 3805 2363 3861 9.5.
2388 3805 2553 3875 ibique
2578 3806 2842 3875 aliquanto
2870 3815 3129 3859 transacto
3161 3816 3405 3875 tempore,
3440 3806 3592 3860 exivit

1972 3897 2223 3950 transiens
2246 3897 2431 3951 deinde
2457 3914 2548 3967 per
2568 3896 2860 3951 Galaticum
2894 3898 3155 3968 regionem
3182 3909 3227 3955 et
3264 3897 3588 3969 Phrygiam,

1972 3990 2286 4059 confirmans
2313 4007 2487 4046 omnes
2521 3992 2824 4063 discipulos.
2868 3992 3006 4047 Vide
3032 4035 3046 4060 ,
3091 3994 3286 4047 iterum
3330 3993 3482 4048 venit
3524 3994 3593 4047 ad

1976 4082 2127 4149 loca,
2174 4099 2295 4155 qua:
2342 4094 2468 4139 ante
2494 4084 2744 4160 ,adierat.
2782 4084 2876 4141 24.
2917 4084 3134 4140 Judams
3175 4096 3345 4140 autem
3382 4085 3596 4156 quidam

1976 4176 2162 4246 Apollo
2193 4178 2417 4245 nomine,
2450 4178 2830 4233 Alexandriam
2851 4196 3035 4251 genere
3054 4221 3069 4246 ,
3094 4179 3171 4233 vir
3202 4179 3472 4249 eloquens,
3503 4179 3595 4232 de-

1978 4269 2108 4321 venit
2136 4268 2426 4339 Ephesum,
2466 4279 2643 4341 potens
2672 4270 2725 4323 in
2762 4269 3070 4340 Scripturis.
3119 4270 3259 4326 Ecce
3297 4280 3353 4326 et
3393 4268 3590 4326 eruditi

1978 4363 2274 4433 prmdicare
2308 4364 2572 4430 nituntur,
2607 4375 2661 4419 et
2708 4363 2930 4419 demum
2960 4363 3210 4434 discipuli
3238 4365 3585 4434 peregrinan-

1982 4465 2087 4510 tur.
2117 4456 2309 4513 Vidcn‘
2341 4457 2736 4513 incrementum
2766 4458 3207 4528 prazdicationis?
3235 4458 3328 4515 25.
3362 4458 3464 4513 llic
3491 4474 3601 4514 erat

1981 4549 2187 4603 edoctus
2218 4550 2352 4603 ciam
2380 4548 2611 4615 Domini,
2647 4560 2695 4604 et
2727 4551 2926 4620 fervens
2959 4551 3165 4621 Spiritu
3197 4551 3519 4623 loquebatur,
3553 4562 3603 4607 et

1984 4642 2195 4696 docebat
2226 4641 2496 4713 diligenter
2524 4659 2584 4695 ea
2605 4685 2618 4707 ,
2648 4659 2763 4712 quce
2786 4654 2905 4697 sunt
2929 4642 3177 4711 Domini,
3204 4646 3367 4699 sciens
3404 4654 3600 4699 tantum

1986 4734 2237 4803 baptisma
2275 4735 2519 4790 Joamtis.
2550 4736 2641 4792 26.
2692 4735 2791 4790 llic
2817 4739 2964 4808 cazpit
2997 4738 3153 4792 libere
3182 4739 3320 4807 loqui
3355 4742 3408 4792 in
3447 4755 3600 4809 sgna-

1986 4841 2136 4896 goga.
2171 4826 2449 4881 Audientes
2478 4819 2646 4882 autem
2669 4829 2816 4882 illum
2838 4829 3023 4900 Aquila
3045 4840 3093 4884 et
3119 4829 3384 4897 Priscilla,
3403 4847 3606 4885 assum--

1990 4928 2197 4986 pserunt
2223 4936 2361 4985 eum,
2393 4928 2437 4975 et
2464 4920 2761 4992 diligentius
2783 4932 3126 4992 exposuerunt
3152 4921 3197 4977 ei
3216 4923 3346 4976 viam
3372 4923 3604 4977 Domini.

1989 5010 2042 5064 Si
2071 5010 2157 5065 hic
2182 5011 2447 5080 baptisma
2469 5011 2696 5067 Joannis
2721 5020 2924 5068 tantum
2950 5014 3176 5079 sciebat,
3203 5014 3479 5084 quomodo
3503 5014 3604 5070 ler-

1989 5104 2149 5158 vebat
2176 5104 2415 5173 Spiritu?
2446 5105 2680 5174 Spiritus
2711 5106 2857 5161 enim
2886 5123 2994 5162 non
3027 5109 3098 5162 ita
3131 5107 3381 5162 dabatur.
3414 5106 3471 5164 Si
3510 5122 3608 5162 au-

1993 5205 2101 5249 tem
2148 5195 2237 5264 qui
2278 5206 2400 5264 post
2448 5196 2599 5251 illum
2649 5198 2899 5266 luerunt,
2942 5213 3080 5269 opus
3123 5197 3370 5261 habuere
3410 5199 3611 5256 Christi

1994 5286 2283 5357 baptismo,
2317 5288 2487 5342 multo
2516 5290 2688 5359 magis
2716 5289 2804 5345 hic
2824 5306 2961 5360 Opus
2986 5291 3285 5346 habuisset.
3317 5291 3455 5360 Quid
3479 5308 3611 5362 ergo

1993 5379 2319 5435 dicendum?
2353 5395 2528 5451 neque
2556 5383 2698 5437 enim
2738 5384 2854 5438 sine
2898 5394 3061 5439 causa
3096 5395 3386 5456 utrumque
3433 5388 3613 5457 posuit

1994 5473 2246 5543 scriptor.
2269 5473 2497 5529 Videtur
2519 5475 2651 5531 mihi
2684 5476 2825 5533 hunc
2851 5492 2972 5534 esse
3004 5494 3169 5533 unum
3198 5495 3265 5534 ex
3289 5488 3508 5535 centum
3537 5482 3616 5534 vi~

1996 5564 2126 5631 ginti
2161 5564 2300 5631 (Act.
2336 5566 2386 5619 l.
2419 5568 2534 5635 15),
2572 5569 2664 5639 qui
2694 5583 2817 5623 cum
2859 5570 3124 5640 apostolis
3152 5572 3406 5640 baptizati
3441 5581 3567 5626 sunt
3599 5592 3612 5625 :

1999 5658 2080 5711 vel
2110 5658 2155 5711 si
2198 5674 2306 5713 non
2344 5662 2414 5714 ita
2442 5662 2545 5729 sit,
2578 5663 2721 5732 quod
2759 5664 2811 5716 in
2841 5664 3093 5719 Cornelio
3114 5706 3128 5729 ,
3160 5665 3213 5717 in
3259 5664 3361 5719 hoc
3399 5681 3614 5735 quaque

2000 5752 2199 5806 factum
2224 5762 2328 5808 est.
2356 5754 2467 5811 Sed
2501 5770 2608 5810 non
2632 5756 2957 5826 baptizatur,
2987 5757 3163 5813 donec
3200 5757 3275 5813 illi
3305 5760 3611 5813 accuratius

1999 5857 2385 5915 rvpesucrunt.
2438 5847 2549 5905 Hoc
2598 5849 2731 5905 mihi
2780 5865 2970 5905 verum
3019 5866 3139 5906 esse
3190 5850 3419 5917 videtur,
3479 5852 3601 5922 quia
