  <div class='ocr_page' id='page_1' title='image "/cluster/home/n/w/nwhite01/storage/ocr_20150623/60/pst.000005712601/287.png"; bbox 0 0 4088 6330; ppageno 0'>
   <div class='ocr_carea' id='block_1_1' title="bbox 574 412 679 468">
    <p class='ocr_par' dir='ltr' id='par_1_1' title="bbox 574 412 679 468">
     <span class='ocr_line' id='line_1_1' title="bbox 574 412 679 468; baseline 0.01 -3"><span class='ocrx_word' id='word_1_1' title='bbox 574 412 679 468; x_wconf 73' lang='lat' dir='ltr'><strong>23&#39;s</strong></span> 
     </span>
    </p>
   </div>
   <div class='ocr_carea' id='block_1_2' title="bbox 571 507 2142 596">
    <p class='ocr_par' dir='ltr' id='par_1_2' title="bbox 571 507 2142 596">
     <span class='ocr_line' id='line_1_2' title="bbox 571 507 2142 596; baseline -0.014 -15"><span class='ocrx_word' id='word_1_2' title='bbox 571 525 830 596; x_wconf 76' lang='lat' dir='ltr'><strong>baptizari</strong></span> <span class='ocrx_word' id='word_1_3' title='bbox 861 524 1005 578; x_wconf 88' lang='lat' dir='ltr'><strong>illum</strong></span> <span class='ocrx_word' id='word_1_4' title='bbox 1036 519 1333 591; x_wconf 76' lang='lat' dir='ltr'><strong>oportebat,</strong></span> <span class='ocrx_word' id='word_1_5' title='bbox 1361 517 1607 587; x_wconf 91' lang='lat' dir='ltr'><strong>quoniam</strong></span> <span class='ocrx_word' id='word_1_6' title='bbox 1633 511 1910 567; x_wconf 83' lang='lat' dir='ltr'><strong>duodecim</strong></span> <span class='ocrx_word' id='word_1_7' title='bbox 1942 509 2027 561; x_wconf 83' lang='lat' dir='ltr'><strong>alii</strong></span> <span class='ocrx_word' id='word_1_8' title='bbox 2060 507 2142 560; x_wconf 89' lang='lat' dir='ltr'><strong>ni-</strong></span> 
     </span>
    </p>
   </div>
   <div class='ocr_carea' id='block_1_3' title="bbox 579 603 2141 683">
    <p class='ocr_par' dir='ltr' id='par_1_3' title="bbox 579 603 2141 683">
     <span class='ocr_line' id='line_1_3' title="bbox 579 603 2141 683; baseline -0.01 -16"><span class='ocrx_word' id='word_1_9' title='bbox 579 619 645 670; x_wconf 91' lang='lat' dir='ltr'><strong>hil</strong></span> <span class='ocrx_word' id='word_1_10' title='bbox 678 616 906 683; x_wconf 85' lang='lat' dir='ltr'><strong>perfecte</strong></span> <span class='ocrx_word' id='word_1_11' title='bbox 934 616 1228 676; x_wconf 86' lang='lat' dir='ltr'><strong>noverunt‘,</strong></span> <span class='ocrx_word' id='word_1_12' title='bbox 1274 624 1441 678; x_wconf 86' lang='lat' dir='ltr'><strong>neque</strong></span> <span class='ocrx_word' id='word_1_13' title='bbox 1470 622 1531 660; x_wconf 90' lang='lat' dir='ltr'><strong>ea</strong></span> <span class='ocrx_word' id='word_1_14' title='bbox 1559 619 1677 675; x_wconf 78' lang='lat' dir='ltr'><strong>quae</strong></span> <span class='ocrx_word' id='word_1_15' title='bbox 1720 603 1901 657; x_wconf 89' lang='lat' dir='ltr'><strong>Jesum</strong></span> <span class='ocrx_word' id='word_1_16' title='bbox 1934 608 2141 668; x_wconf 86' lang='lat' dir='ltr'><strong>specta-</strong></span> 
     </span>
    </p>
   </div>
   <div class='ocr_carea' id='block_1_4' title="bbox 580 689 2141 766">
    <p class='ocr_par' dir='ltr' id='par_1_4' title="bbox 580 689 2141 766">
     <span class='ocr_line' id='line_1_4' title="bbox 580 689 2141 766; baseline -0.012 -6"><span class='ocrx_word' id='word_1_17' title='bbox 580 710 725 761; x_wconf 91' lang='lat' dir='ltr'><strong>bant.</strong></span> <span class='ocrx_word' id='word_1_18' title='bbox 754 704 1053 760; x_wconf 89' lang='lat' dir='ltr'><strong>Verisimile</strong></span> <span class='ocrx_word' id='word_1_19' title='bbox 1083 713 1164 757; x_wconf 91' lang='lat' dir='ltr'><strong>est</strong></span> <span class='ocrx_word' id='word_1_20' title='bbox 1190 710 1363 754; x_wconf 90' lang='lat' dir='ltr'><strong>autem</strong></span> <span class='ocrx_word' id='word_1_21' title='bbox 1395 700 1563 766; x_wconf 86' lang='lat' dir='ltr'><strong>ipsnm</strong></span> <span class='ocrx_word' id='word_1_22' title='bbox 1597 694 1917 764; x_wconf 72' lang='lat' dir='ltr'><strong>baptizatum</strong></span> <span class='ocrx_word' id='word_1_23' title='bbox 1959 689 2141 744; x_wconf 86' lang='lat' dir='ltr'><strong>fuisse.</strong></span> 
     </span>
    </p>
   </div>
   <div class='ocr_carea' id='block_1_5' title="bbox 574 781 2143 859">
    <p class='ocr_par' dir='ltr' id='par_1_5' title="bbox 574 781 2143 859">
     <span class='ocr_line' id='line_1_5' title="bbox 574 781 2143 859; baseline -0.013 -8"><span class='ocrx_word' id='word_1_24' title='bbox 574 798 833 851; x_wconf 67' lang='lat' dir='ltr'><strong>Craterum</strong></span> <span class='ocrx_word' id='word_1_25' title='bbox 865 797 906 849; x_wconf 90' lang='lat' dir='ltr'><strong>si</strong></span> <span class='ocrx_word' id='word_1_26' title='bbox 930 795 1149 850; x_wconf 81' lang='lat' dir='ltr'><strong>Joannis</strong></span> <span class='ocrx_word' id='word_1_27' title='bbox 1168 790 1409 859; x_wconf 82' lang='lat' dir='ltr'><strong>discipuli</strong></span> <span class='ocrx_word' id='word_1_28' title='bbox 1442 796 1561 858; x_wconf 86' lang='lat' dir='ltr'><strong>post</strong></span> <span class='ocrx_word' id='word_1_29' title='bbox 1585 793 1858 853; x_wconf 90' lang='lat' dir='ltr'><strong>acceptum</strong></span> <span class='ocrx_word' id='word_1_30' title='bbox 1883 781 2143 850; x_wconf 89' lang='lat' dir='ltr'><strong>baptisma</strong></span> 
     </span>
    </p>
   </div>
   <div class='ocr_carea' id='block_1_6' title="bbox 573 874 2143 958">
    <p class='ocr_par' dir='ltr' id='par_1_6' title="bbox 573 874 2143 958">
     <span class='ocr_line' id='line_1_6' title="bbox 573 874 2143 958; baseline -0.01 -14"><span class='ocrx_word' id='word_1_31' title='bbox 573 888 750 944; x_wconf 90' lang='lat' dir='ltr'><strong>denuo</strong></span> <span class='ocrx_word' id='word_1_32' title='bbox 776 888 1199 958; x_wconf 79' lang='lat' dir='ltr'><strong>baptizabantur,</strong></span> <span class='ocrx_word' id='word_1_33' title='bbox 1232 883 1509 951; x_wconf 86' lang='lat' dir='ltr'><strong>oportebat</strong></span> <span class='ocrx_word' id='word_1_34' title='bbox 1535 882 1693 935; x_wconf 82' lang='lat' dir='ltr'><strong>etiam</strong></span> <span class='ocrx_word' id='word_1_35' title='bbox 1726 874 2017 945; x_wconf 83' lang='lat' dir='ltr'><strong>discipulos</strong></span> <span class='ocrx_word' id='word_1_36' title='bbox 2044 874 2143 928; x_wconf 90' lang='lat' dir='ltr'><strong>hoc</strong></span> 
     </span>
    </p>
   </div>
   <div class='ocr_carea' id='block_1_7' title="bbox 576 968 2144 1036">
    <p class='ocr_par' dir='ltr' id='par_1_7' title="bbox 576 968 2144 1036">
     <span class='ocr_line' id='line_1_7' title="bbox 576 968 2144 1036; baseline -0.01 -3"><span class='ocrx_word' id='word_1_37' title='bbox 576 984 769 1036; x_wconf 88' lang='lat' dir='ltr'><strong>facere.</strong></span> <span class='ocrx_word' id='word_1_38' title='bbox 801 981 888 1033; x_wconf 76' lang='lat'><strong>27.</strong></span> <span class='ocrx_word' id='word_1_39' title='bbox 920 981 1043 1034; x_wconf 90' lang='lat' dir='ltr'><strong>Cum</strong></span> <span class='ocrx_word' id='word_1_40' title='bbox 1071 979 1213 1031; x_wconf 89' lang='lat' dir='ltr'><strong>vellet</strong></span> <span class='ocrx_word' id='word_1_41' title='bbox 1238 985 1405 1029; x_wconf 84' lang='lat' dir='ltr'><strong>autem</strong></span> <span class='ocrx_word' id='word_1_42' title='bbox 1431 973 1646 1027; x_wconf 86' lang='lat' dir='ltr'><strong>transire</strong></span> <span class='ocrx_word' id='word_1_43' title='bbox 1673 972 1723 1024; x_wconf 90' lang='lat' dir='ltr'><strong>in</strong></span> <span class='ocrx_word' id='word_1_44' title='bbox 1750 968 2024 1031; x_wconf 78' lang='lat' dir='ltr'><strong>Achaiam,</strong></span> <span class='ocrx_word' id='word_1_45' title='bbox 2056 981 2144 1019; x_wconf 83' lang='lat' dir='ltr'><strong>ea:-</strong></span> 
     </span>
    </p>
   </div>
   <div class='ocr_carea' id='block_1_8' title="bbox 574 1059 2138 1143">
    <p class='ocr_par' dir='ltr' id='par_1_8' title="bbox 574 1059 2138 1143">
     <span class='ocr_line' id='line_1_8' title="bbox 574 1059 2138 1143; baseline -0.01 -17"><span class='ocrx_word' id='word_1_46' title='bbox 574 1075 759 1127; x_wconf 90' lang='lat' dir='ltr'><strong>hortati</strong></span> <span class='ocrx_word' id='word_1_47' title='bbox 779 1075 959 1143; x_wconf 77' lang='lat' dir='ltr'><strong>fratres</strong></span> <span class='ocrx_word' id='word_1_48' title='bbox 982 1071 1285 1142; x_wconf 82' lang='lat' dir='ltr'><strong>scripserunt</strong></span> <span class='ocrx_word' id='word_1_49' title='bbox 1310 1067 1572 1136; x_wconf 76' lang='lat' dir='ltr'><strong>discipulis</strong></span> <span class='ocrx_word' id='word_1_50' title='bbox 1592 1074 1644 1118; x_wconf 91' lang='lat' dir='ltr'><strong>ut</strong></span> <span class='ocrx_word' id='word_1_51' title='bbox 1673 1062 1945 1131; x_wconf 81' lang='lat' dir='ltr'><strong>reciperent</strong></span> <span class='ocrx_word' id='word_1_52' title='bbox 1972 1059 2138 1113; x_wconf 87' lang='lat' dir='ltr'><strong>illum.</strong></span> 
     </span>
    </p>
   </div>
   <div class='ocr_carea' id='block_1_9' title="bbox 574 1153 2139 1230">
    <p class='ocr_par' dir='ltr' id='par_1_9' title="bbox 574 1153 2139 1230">
     <span class='ocr_line' id='line_1_9' title="bbox 574 1153 2139 1230; baseline -0.01 -13"><span class='ocrx_word' id='word_1_53' title='bbox 574 1164 670 1230; x_wconf 89' lang='lat' dir='ltr'><strong>Qui</strong></span> <span class='ocrx_word' id='word_1_54' title='bbox 701 1181 812 1216; x_wconf 85' lang='lat' dir='ltr'><strong>cum</strong></span> <span class='ocrx_word' id='word_1_55' title='bbox 842 1164 1072 1229; x_wconf 86' lang='lat' dir='ltr'><strong>venisset,</strong></span> <span class='ocrx_word' id='word_1_56' title='bbox 1103 1160 1313 1215; x_wconf 91' lang='lat' dir='ltr'><strong>contulit</strong></span> <span class='ocrx_word' id='word_1_57' title='bbox 1344 1161 1556 1213; x_wconf 90' lang='lat' dir='ltr'><strong>multum</strong></span> <span class='ocrx_word' id='word_1_58' title='bbox 1585 1158 1646 1210; x_wconf 86' lang='lat' dir='ltr'><strong>iis</strong></span> <span class='ocrx_word' id='word_1_59' title='bbox 1666 1196 1679 1219; x_wconf 92' lang='lat'><strong>,</strong></span> <span class='ocrx_word' id='word_1_60' title='bbox 1712 1155 1799 1225; x_wconf 81' lang='lat' dir='ltr'><strong>qui</strong></span> <span class='ocrx_word' id='word_1_61' title='bbox 1823 1153 2139 1207; x_wconf 77' lang='lat' dir='ltr'><strong>crediderant</strong></span> 
     </span>
    </p>
   </div>
   <div class='ocr_carea' id='block_1_10' title="bbox 569 1244 2140 1324">
    <p class='ocr_par' dir='ltr' id='par_1_10' title="bbox 569 1244 2140 1324">
     <span class='ocr_line' id='line_1_10' title="bbox 569 1244 2140 1324; baseline -0.009 -16"><span class='ocrx_word' id='word_1_62' title='bbox 569 1272 657 1322; x_wconf 90' lang='lat' dir='ltr'><strong>per</strong></span> <span class='ocrx_word' id='word_1_63' title='bbox 683 1257 915 1324; x_wconf 83' lang='lat' dir='ltr'><strong>gratiam.</strong></span> <span class='ocrx_word' id='word_1_64' title='bbox 956 1254 1046 1309; x_wconf 75' lang='lat'><strong>9.8.</strong></span> <span class='ocrx_word' id='word_1_65' title='bbox 1091 1253 1408 1307; x_wconf 83' lang='lat' dir='ltr'><strong>Vehementer</strong></span> <span class='ocrx_word' id='word_1_66' title='bbox 1444 1252 1577 1305; x_wconf 84' lang='lat' dir='ltr'><strong>enim</strong></span> <span class='ocrx_word' id='word_1_67' title='bbox 1614 1248 1822 1303; x_wconf 76' lang='lat' dir='ltr'><strong>Juda&#39;os</strong></span> <span class='ocrx_word' id='word_1_68' title='bbox 1860 1244 2140 1298; x_wconf 90' lang='lat' dir='ltr'><strong>revincebat</strong></span> 
     </span>
    </p>
   </div>
   <div class='ocr_carea' id='block_1_11' title="bbox 562 1335 2137 1412">
    <p class='ocr_par' dir='ltr' id='par_1_11' title="bbox 562 1335 2137 1412">
     <span class='ocr_line' id='line_1_11' title="bbox 562 1335 2137 1412; baseline -0.006 -16"><span class='ocrx_word' id='word_1_69' title='bbox 562 1343 784 1412; x_wconf 85' lang='lat' dir='ltr'><strong>publice,</strong></span> <span class='ocrx_word' id='word_1_70' title='bbox 814 1343 1078 1398; x_wconf 82' lang='lat' dir='ltr'><strong>ostendens</strong></span> <span class='ocrx_word' id='word_1_71' title='bbox 1105 1358 1191 1412; x_wconf 87' lang='lat' dir='ltr'><strong>per</strong></span> <span class='ocrx_word' id='word_1_72' title='bbox 1218 1342 1509 1412; x_wconf 88' lang='lat' dir='ltr'><strong>Scripturas</strong></span> <span class='ocrx_word' id='word_1_73' title='bbox 1533 1338 1711 1393; x_wconf 87' lang='lat' dir='ltr'><strong>Jesum</strong></span> <span class='ocrx_word' id='word_1_74' title='bbox 1740 1352 1842 1391; x_wconf 88' lang='lat' dir='ltr'><strong>esse</strong></span> <span class='ocrx_word' id='word_1_75' title='bbox 1863 1335 2137 1388; x_wconf 75' lang='lat' dir='ltr'><strong>Christum.</strong></span> 
     </span>
    </p>
   </div>
   <div class='ocr_carea' id='block_1_12' title="bbox 570 1424 2141 1505">
    <p class='ocr_par' dir='ltr' id='par_1_12' title="bbox 570 1424 2141 1505">
     <span class='ocr_line' id='line_1_12' title="bbox 570 1424 2141 1505; baseline -0.007 -18"><span class='ocrx_word' id='word_1_76' title='bbox 570 1434 721 1503; x_wconf 87' lang='lat' dir='ltr'><strong>(Cap.</strong></span> <span class='ocrx_word' id='word_1_77' title='bbox 741 1435 850 1505; x_wconf 89' lang='grc'><strong>19.)</strong></span> <span class='ocrx_word' id='word_1_78' title='bbox 866 1436 887 1491; x_wconf 87' lang='grc'><strong>1</strong></span> <span class='ocrx_word' id='word_1_79' title='bbox 903 1474 915 1488; x_wconf 94' lang='grc'><strong>.</strong></span> <span class='ocrx_word' id='word_1_80' title='bbox 940 1434 1153 1488; x_wconf 84' lang='lat' dir='ltr'><strong>Factum</strong></span> <span class='ocrx_word' id='word_1_81' title='bbox 1173 1444 1241 1488; x_wconf 90' lang='lat' dir='ltr'><strong>est</strong></span> <span class='ocrx_word' id='word_1_82' title='bbox 1272 1442 1457 1496; x_wconf 89' lang='lat' dir='ltr'><strong>autem,</strong></span> <span class='ocrx_word' id='word_1_83' title='bbox 1477 1447 1589 1484; x_wconf 89' lang='lat' dir='ltr'><strong>cum</strong></span> <span class='ocrx_word' id='word_1_84' title='bbox 1621 1428 1801 1497; x_wconf 87' lang='lat' dir='ltr'><strong>Apollo</strong></span> <span class='ocrx_word' id='word_1_85' title='bbox 1818 1436 1940 1481; x_wconf 88' lang='lat' dir='ltr'><strong>esset</strong></span> <span class='ocrx_word' id='word_1_86' title='bbox 1961 1424 2141 1479; x_wconf 88' lang='lat' dir='ltr'><strong>Corin-</strong></span> 
     </span>
    </p>
   </div>
   <div class='ocr_carea' id='block_1_13' title="bbox 574 1517 2139 1595">
    <p class='ocr_par' dir='ltr' id='par_1_13' title="bbox 574 1517 2139 1595">
     <span class='ocr_line' id='line_1_13' title="bbox 574 1517 2139 1595; baseline -0.006 -19"><span class='ocrx_word' id='word_1_87' title='bbox 574 1524 668 1589; x_wconf 87' lang='lat' dir='ltr'><strong>thi,</strong></span> <span class='ocrx_word' id='word_1_88' title='bbox 694 1535 747 1578; x_wconf 90' lang='lat' dir='ltr'><strong>ut</strong></span> <span class='ocrx_word' id='word_1_89' title='bbox 781 1524 979 1579; x_wconf 88' lang='lat' dir='ltr'><strong>Paulus</strong></span> <span class='ocrx_word' id='word_1_90' title='bbox 1018 1523 1294 1595; x_wconf 84' lang='lat' dir='ltr'><strong>peragratis</strong></span> <span class='ocrx_word' id='word_1_91' title='bbox 1328 1520 1663 1593; x_wconf 83' lang='lat' dir='ltr'><strong>superioribus</strong></span> <span class='ocrx_word' id='word_1_92' title='bbox 1695 1518 1918 1589; x_wconf 88' lang='lat' dir='ltr'><strong>partibus</strong></span> <span class='ocrx_word' id='word_1_93' title='bbox 1955 1517 2139 1570; x_wconf 81' lang='lat' dir='ltr'><strong>veniret</strong></span> 
     </span>
    </p>
   </div>
   <div class='ocr_carea' id='block_1_14' title="bbox 574 1609 2139 1684">
    <p class='ocr_par' dir='ltr' id='par_1_14' title="bbox 574 1609 2139 1684">
     <span class='ocr_line' id='line_1_14' title="bbox 574 1609 2139 1684; baseline -0.005 -17"><span class='ocrx_word' id='word_1_94' title='bbox 574 1616 851 1684; x_wconf 74' lang='lat' dir='ltr'><strong>Ephesum,</strong></span> <span class='ocrx_word' id='word_1_95' title='bbox 896 1626 941 1669; x_wconf 90' lang='lat' dir='ltr'><strong>et</strong></span> <span class='ocrx_word' id='word_1_96' title='bbox 965 1617 1203 1669; x_wconf 83' lang='lat' dir='ltr'><strong>inveniret</strong></span> <span class='ocrx_word' id='word_1_97' title='bbox 1230 1615 1471 1681; x_wconf 89' lang='lat' dir='ltr'><strong>quosdam</strong></span> <span class='ocrx_word' id='word_1_98' title='bbox 1494 1610 1792 1681; x_wconf 81' lang='lat' dir='ltr'><strong>discipulos,</strong></span> <span class='ocrx_word' id='word_1_99' title='bbox 1830 1610 1884 1664; x_wconf 74' lang='grc'><strong>2.</strong></span> <span class='ocrx_word' id='word_1_100' title='bbox 1917 1609 2139 1675; x_wconf 76' lang='lat' dir='ltr'><strong>dixitque</strong></span> 
     </span>
    </p>
   </div>
   <div class='ocr_carea' id='block_1_15' title="bbox 568 1697 2137 1775">
    <p class='ocr_par' dir='ltr' id='par_1_15' title="bbox 568 1697 2137 1775">
     <span class='ocr_line' id='line_1_15' title="bbox 568 1697 2137 1775; baseline -0.005 -18"><span class='ocrx_word' id='word_1_101' title='bbox 568 1708 636 1759; x_wconf 81' lang='lat' dir='ltr'><strong>eis</strong></span> <span class='ocrx_word' id='word_1_102' title='bbox 661 1722 679 1759; x_wconf 90' lang='lat'><em>:</em></span> <span class='ocrx_word' id='word_1_103' title='bbox 693 1706 754 1760; x_wconf 89' lang='lat' dir='ltr'><strong>Si</strong></span> <span class='ocrx_word' id='word_1_104' title='bbox 773 1706 1019 1775; x_wconf 83' lang='lat' dir='ltr'><strong>Spiritum</strong></span> <span class='ocrx_word' id='word_1_105' title='bbox 1042 1714 1270 1760; x_wconf 81' lang='lat' dir='ltr'><strong>sanctum</strong></span> <span class='ocrx_word' id='word_1_106' title='bbox 1290 1704 1549 1772; x_wconf 88' lang='lat' dir='ltr'><strong>accepistis</strong></span> <span class='ocrx_word' id='word_1_107' title='bbox 1569 1701 1857 1755; x_wconf 80' lang='lat' dir='ltr'><strong>credentes?</strong></span> <span class='ocrx_word' id='word_1_108' title='bbox 1870 1697 1959 1752; x_wconf 89' lang='lat' dir='ltr'><strong>Illi</strong></span> <span class='ocrx_word' id='word_1_109' title='bbox 1972 1705 2137 1750; x_wconf 84' lang='lat' dir='ltr'><strong>autem</strong></span> 
     </span>
    </p>
   </div>
   <div class='ocr_carea' id='block_1_16' title="bbox 567 1789 2135 1866">
    <p class='ocr_par' dir='ltr' id='par_1_16' title="bbox 567 1789 2135 1866">
     <span class='ocr_line' id='line_1_16' title="bbox 567 1789 2135 1866; baseline -0.004 -17"><span class='ocrx_word' id='word_1_110' title='bbox 567 1799 799 1852; x_wconf 77' lang='lat' dir='ltr'><strong>dixerunt</strong></span> <span class='ocrx_word' id='word_1_111' title='bbox 828 1800 873 1852; x_wconf 92' lang='lat' dir='ltr'><strong>ei</strong></span> <span class='ocrx_word' id='word_1_112' title='bbox 896 1814 913 1852; x_wconf 92' lang='lat'><em>:</em></span> <span class='ocrx_word' id='word_1_113' title='bbox 944 1798 1048 1852; x_wconf 88' lang='lat' dir='ltr'><strong>Sed</strong></span> <span class='ocrx_word' id='word_1_114' title='bbox 1076 1814 1229 1865; x_wconf 90' lang='lat' dir='ltr'><strong>neque</strong></span> <span class='ocrx_word' id='word_1_115' title='bbox 1253 1798 1294 1852; x_wconf 90' lang='lat' dir='ltr'><strong>si</strong></span> <span class='ocrx_word' id='word_1_116' title='bbox 1326 1797 1546 1866; x_wconf 77' lang='lat' dir='ltr'><strong>Spiritus</strong></span> <span class='ocrx_word' id='word_1_117' title='bbox 1578 1803 1778 1848; x_wconf 89' lang='lat' dir='ltr'><strong>sanctus</strong></span> <span class='ocrx_word' id='word_1_118' title='bbox 1807 1802 1906 1855; x_wconf 83' lang='lat' dir='ltr'><strong>est,</strong></span> <span class='ocrx_word' id='word_1_119' title='bbox 1938 1789 2135 1843; x_wconf 88' lang='lat' dir='ltr'><strong>audivi-</strong></span> 
     </span>
    </p>
   </div>
   <div class='ocr_carea' id='block_1_17' title="bbox 566 1880 2138 1959">
    <p class='ocr_par' dir='ltr' id='par_1_17' title="bbox 566 1880 2138 1959">
     <span class='ocr_line' id='line_1_17' title="bbox 566 1880 2138 1959; baseline -0.005 -20"><span class='ocrx_word' id='word_1_120' title='bbox 566 1906 695 1943; x_wconf 87' lang='lat' dir='ltr'><strong>mus.</strong></span> <span class='ocrx_word' id='word_1_121' title='bbox 732 1890 785 1943; x_wconf 78' lang='lat'><strong>3.</strong></span> <span class='ocrx_word' id='word_1_122' title='bbox 815 1889 1055 1959; x_wconf 78' lang='lat' dir='ltr'><strong>Dixitque</strong></span> <span class='ocrx_word' id='word_1_123' title='bbox 1082 1890 1147 1942; x_wconf 90' lang='lat' dir='ltr'><strong>ad</strong></span> <span class='ocrx_word' id='word_1_124' title='bbox 1170 1888 1286 1942; x_wconf 88' lang='lat' dir='ltr'><strong>illos</strong></span> <span class='ocrx_word' id='word_1_125' title='bbox 1314 1905 1331 1941; x_wconf 92' lang='lat'><strong><em>:</em></strong></span> <span class='ocrx_word' id='word_1_126' title='bbox 1363 1887 1425 1941; x_wconf 85' lang='lat' dir='ltr'><strong>lu</strong></span> <span class='ocrx_word' id='word_1_127' title='bbox 1453 1902 1553 1957; x_wconf 89' lang='lat' dir='ltr'><strong>quo</strong></span> <span class='ocrx_word' id='word_1_128' title='bbox 1579 1902 1694 1955; x_wconf 87' lang='lat' dir='ltr'><strong>ergo</strong></span> <span class='ocrx_word' id='word_1_129' title='bbox 1720 1882 1959 1953; x_wconf 75' lang='lat' dir='ltr'><strong>baptizati</strong></span> <span class='ocrx_word' id='word_1_130' title='bbox 1982 1880 2138 1934; x_wconf 82' lang='lat' dir='ltr'><strong>estis?</strong></span> 
     </span>
    </p>
   </div>
   <div class='ocr_carea' id='block_1_18' title="bbox 566 1974 2138 2049">
    <p class='ocr_par' dir='ltr' id='par_1_18' title="bbox 566 1974 2138 2049">
     <span class='ocr_line' id='line_1_18' title="bbox 566 1974 2138 2049; baseline -0.006 -15"><span class='ocrx_word' id='word_1_131' title='bbox 566 1979 656 2034; x_wconf 79' lang='lat' dir='ltr'><strong>Illi</strong></span> <span class='ocrx_word' id='word_1_132' title='bbox 674 1990 841 2036; x_wconf 89' lang='lat' dir='ltr'><strong>autem</strong></span> <span class='ocrx_word' id='word_1_133' title='bbox 860 1982 1128 2037; x_wconf 76' lang='lat' dir='ltr'><strong>dixerunt:</strong></span> <span class='ocrx_word' id='word_1_134' title='bbox 1154 1981 1219 2035; x_wconf 87' lang='lat' dir='ltr'><strong>In</strong></span> <span class='ocrx_word' id='word_1_135' title='bbox 1246 1980 1458 2034; x_wconf 83' lang='lat' dir='ltr'><strong>Joannis</strong></span> <span class='ocrx_word' id='word_1_136' title='bbox 1488 1980 1800 2049; x_wconf 78' lang='lat' dir='ltr'><strong>baptismate.</strong></span> <span class='ocrx_word' id='word_1_137' title='bbox 1822 1978 1875 2031; x_wconf 72' lang='grc'><strong>4.</strong></span> <span class='ocrx_word' id='word_1_138' title='bbox 1902 1974 2138 2042; x_wconf 75' lang='lat' dir='ltr'><strong>Dixitque</strong></span> 
     </span>
    </p>
   </div>
   <div class='ocr_carea' id='block_1_19' title="bbox 567 2066 2132 2141">
    <p class='ocr_par' dir='ltr' id='par_1_19' title="bbox 567 2066 2132 2141">
     <span class='ocr_line' id='line_1_19' title="bbox 567 2066 2132 2141; baseline -0.005 -16"><span class='ocrx_word' id='word_1_139' title='bbox 567 2072 761 2127; x_wconf 81' lang='lat' dir='ltr'><strong>Paulus</strong></span> <span class='ocrx_word' id='word_1_140' title='bbox 788 2089 806 2127; x_wconf 92' lang='lat'><strong><em>:</em></strong></span> <span class='ocrx_word' id='word_1_141' title='bbox 831 2071 1056 2128; x_wconf 85' lang='lat' dir='ltr'><strong>Joannes</strong></span> <span class='ocrx_word' id='word_1_142' title='bbox 1084 2072 1283 2139; x_wconf 87' lang='lat' dir='ltr'><strong>quidem</strong></span> <span class='ocrx_word' id='word_1_143' title='bbox 1308 2071 1575 2141; x_wconf 73' lang='lat' dir='ltr'><strong>baptizavit</strong></span> <span class='ocrx_word' id='word_1_144' title='bbox 1602 2069 1849 2137; x_wconf 85' lang='lat' dir='ltr'><strong>baptismo</strong></span> <span class='ocrx_word' id='word_1_145' title='bbox 1885 2066 2132 2136; x_wconf 77' lang='lat' dir='ltr'><strong>paeniten-</strong></span> 
     </span>
    </p>
   </div>
   <div class='ocr_carea' id='block_1_20' title="bbox 565 2162 2134 2232">
    <p class='ocr_par' dir='ltr' id='par_1_20' title="bbox 565 2162 2134 2232">
     <span class='ocr_line' id='line_1_20' title="bbox 565 2162 2134 2232; baseline -0.004 -17"><span class='ocrx_word' id='word_1_146' title='bbox 565 2164 676 2224; x_wconf 69' lang='lat' dir='ltr'><strong>tite,</strong></span> <span class='ocrx_word' id='word_1_147' title='bbox 707 2163 895 2232; x_wconf 86' lang='lat' dir='ltr'><strong>popqu</strong></span> <span class='ocrx_word' id='word_1_148' title='bbox 930 2164 1125 2226; x_wconf 86' lang='lat' dir='ltr'><strong>dicens,</strong></span> <span class='ocrx_word' id='word_1_149' title='bbox 1166 2171 1220 2215; x_wconf 92' lang='lat' dir='ltr'><strong>ut</strong></span> <span class='ocrx_word' id='word_1_150' title='bbox 1249 2163 1300 2215; x_wconf 92' lang='lat' dir='ltr'><strong>in</strong></span> <span class='ocrx_word' id='word_1_151' title='bbox 1328 2178 1468 2224; x_wconf 85' lang='lat' dir='ltr'><strong>eum,</strong></span> <span class='ocrx_word' id='word_1_152' title='bbox 1500 2162 1585 2229; x_wconf 86' lang='lat' dir='ltr'><strong>qui</strong></span> <span class='ocrx_word' id='word_1_153' title='bbox 1615 2169 1850 2213; x_wconf 89' lang='lat' dir='ltr'><strong>venturus</strong></span> <span class='ocrx_word' id='word_1_154' title='bbox 1889 2167 1997 2211; x_wconf 82' lang='lat' dir='ltr'><strong>erat</strong></span> <span class='ocrx_word' id='word_1_155' title='bbox 2025 2164 2134 2225; x_wconf 90' lang='lat' dir='ltr'><strong>post</strong></span> 
     </span>
    </p>
   </div>
   <div class='ocr_carea' id='block_1_21' title="bbox 560 2247 2137 2322">
    <p class='ocr_par' dir='ltr' id='par_1_21' title="bbox 560 2247 2137 2322">
     <span class='ocr_line' id='line_1_21' title="bbox 560 2247 2137 2322; baseline -0.003 -18"><span class='ocrx_word' id='word_1_156' title='bbox 560 2255 758 2322; x_wconf 85' lang='lat' dir='ltr'><strong>ipsum,</strong></span> <span class='ocrx_word' id='word_1_157' title='bbox 801 2253 1088 2317; x_wconf 83' lang='lat' dir='ltr'><strong>crederent;</strong></span> <span class='ocrx_word' id='word_1_158' title='bbox 1125 2254 1179 2307; x_wconf 88' lang='lat' dir='ltr'><strong>id</strong></span> <span class='ocrx_word' id='word_1_159' title='bbox 1215 2262 1316 2319; x_wconf 85' lang='lat' dir='ltr'><strong>est,</strong></span> <span class='ocrx_word' id='word_1_160' title='bbox 1343 2254 1395 2305; x_wconf 86' lang='lat' dir='ltr'><strong>in</strong></span> <span class='ocrx_word' id='word_1_161' title='bbox 1420 2250 1676 2307; x_wconf 79' lang='lat' dir='ltr'><strong>Christum</strong></span> <span class='ocrx_word' id='word_1_162' title='bbox 1710 2249 1905 2303; x_wconf 85' lang='lat' dir='ltr'><strong>Jesunt.</strong></span> <span class='ocrx_word' id='word_1_163' title='bbox 1946 2250 1997 2303; x_wconf 83' lang='lat'><strong>5.</strong></span> <span class='ocrx_word' id='word_1_164' title='bbox 2036 2247 2137 2300; x_wconf 88' lang='lat' dir='ltr'><strong>Au-</strong></span> 
     </span>
    </p>
   </div>
   <div class='ocr_carea' id='block_1_22' title="bbox 559 2337 2131 2412">
    <p class='ocr_par' dir='ltr' id='par_1_22' title="bbox 559 2337 2131 2412">
     <span class='ocr_line' id='line_1_22' title="bbox 559 2337 2131 2412; baseline -0.004 -16"><span class='ocrx_word' id='word_1_165' title='bbox 559 2345 752 2398; x_wconf 84' lang='lat' dir='ltr'><strong>dientes</strong></span> <span class='ocrx_word' id='word_1_166' title='bbox 784 2353 949 2397; x_wconf 87' lang='lat' dir='ltr'><strong>autem</strong></span> <span class='ocrx_word' id='word_1_167' title='bbox 975 2345 1211 2412; x_wconf 73' lang='lat' dir='ltr'><strong>baptizati</strong></span> <span class='ocrx_word' id='word_1_168' title='bbox 1238 2351 1354 2397; x_wconf 88' lang='lat' dir='ltr'><strong>sunt</strong></span> <span class='ocrx_word' id='word_1_169' title='bbox 1383 2343 1433 2396; x_wconf 90' lang='lat' dir='ltr'><strong>in</strong></span> <span class='ocrx_word' id='word_1_170' title='bbox 1461 2343 1659 2396; x_wconf 87' lang='lat' dir='ltr'><strong>nomine</strong></span> <span class='ocrx_word' id='word_1_171' title='bbox 1687 2339 1893 2394; x_wconf 85' lang='lat' dir='ltr'><strong>Domini</strong></span> <span class='ocrx_word' id='word_1_172' title='bbox 1912 2339 2053 2393; x_wconf 89' lang='lat' dir='ltr'><strong>Jesu.</strong></span> <span class='ocrx_word' id='word_1_173' title='bbox 2078 2337 2131 2392; x_wconf 91' lang='grc'><strong>6.</strong></span> 
     </span>
    </p>
   </div>
   <div class='ocr_carea' id='block_1_23' title="bbox 565 2430 2134 2507">
    <p class='ocr_par' dir='ltr' id='par_1_23' title="bbox 565 2430 2134 2507">
     <span class='ocr_line' id='line_1_23' title="bbox 565 2430 2134 2507; baseline -0.002 -20"><span class='ocrx_word' id='word_1_174' title='bbox 565 2435 630 2488; x_wconf 87' lang='lat' dir='ltr'><strong>Et</strong></span> <span class='ocrx_word' id='word_1_175' title='bbox 658 2452 773 2489; x_wconf 91' lang='lat' dir='ltr'><strong>cum</strong></span> <span class='ocrx_word' id='word_1_176' title='bbox 799 2437 1112 2507; x_wconf 88' lang='lat' dir='ltr'><strong>imposuisset</strong></span> <span class='ocrx_word' id='word_1_177' title='bbox 1138 2436 1239 2489; x_wconf 88' lang='lat' dir='ltr'><strong>illis</strong></span> <span class='ocrx_word' id='word_1_178' title='bbox 1270 2452 1447 2488; x_wconf 88' lang='lat' dir='ltr'><strong>manus</strong></span> <span class='ocrx_word' id='word_1_179' title='bbox 1477 2434 1674 2487; x_wconf 87' lang='lat' dir='ltr'><strong>Paulus</strong></span> <span class='ocrx_word' id='word_1_180' title='bbox 1694 2475 1707 2497; x_wconf 92' lang='lat'><strong>,</strong></span> <span class='ocrx_word' id='word_1_181' title='bbox 1749 2433 1875 2485; x_wconf 88' lang='lat' dir='ltr'><strong>venit</strong></span> <span class='ocrx_word' id='word_1_182' title='bbox 1911 2430 2134 2498; x_wconf 84' lang='lat' dir='ltr'><strong>Spiritus</strong></span> 
     </span>
    </p>
   </div>
   <div class='ocr_carea' id='block_1_24' title="bbox 559 2522 2131 2595">
    <p class='ocr_par' dir='ltr' id='par_1_24' title="bbox 559 2522 2131 2595">
     <span class='ocr_line' id='line_1_24' title="bbox 559 2522 2131 2595; baseline -0.004 -16"><span class='ocrx_word' id='word_1_183' title='bbox 559 2537 762 2580; x_wconf 86' lang='lat' dir='ltr'><strong>sanctus</strong></span> <span class='ocrx_word' id='word_1_184' title='bbox 786 2544 936 2595; x_wconf 86' lang='lat' dir='ltr'><strong>super</strong></span> <span class='ocrx_word' id='word_1_185' title='bbox 957 2528 1092 2592; x_wconf 89' lang='lat' dir='ltr'><strong>illos,</strong></span> <span class='ocrx_word' id='word_1_186' title='bbox 1117 2526 1538 2595; x_wconf 87' lang='lat' dir='ltr'><strong>loquebanturque</strong></span> <span class='ocrx_word' id='word_1_187' title='bbox 1563 2524 1749 2593; x_wconf 84' lang='lat' dir='ltr'><strong>linguis</strong></span> <span class='ocrx_word' id='word_1_188' title='bbox 1780 2533 1824 2576; x_wconf 90' lang='lat' dir='ltr'><strong>et</strong></span> <span class='ocrx_word' id='word_1_189' title='bbox 1856 2522 2131 2592; x_wconf 86' lang='lat' dir='ltr'><strong>prapheta-</strong></span> 
     </span>
    </p>
   </div>
   <div class='ocr_carea' id='block_1_25' title="bbox 558 2614 2130 2688">
    <p class='ocr_par' dir='ltr' id='par_1_25' title="bbox 558 2614 2130 2688">
     <span class='ocr_line' id='line_1_25' title="bbox 558 2614 2130 2688; baseline -0.002 -19"><span class='ocrx_word' id='word_1_190' title='bbox 558 2617 696 2671; x_wconf 88' lang='lat' dir='ltr'><strong>bant.</strong></span> <span class='ocrx_word' id='word_1_191' title='bbox 734 2619 785 2672; x_wconf 88' lang='lat'><strong>7.</strong></span> <span class='ocrx_word' id='word_1_192' title='bbox 830 2618 1083 2688; x_wconf 82' lang='lat' dir='ltr'><strong>Erantque</strong></span> <span class='ocrx_word' id='word_1_193' title='bbox 1110 2635 1279 2673; x_wconf 89' lang='lat' dir='ltr'><strong>omnes</strong></span> <span class='ocrx_word' id='word_1_194' title='bbox 1304 2619 1397 2672; x_wconf 90' lang='lat' dir='ltr'><strong>viri</strong></span> <span class='ocrx_word' id='word_1_195' title='bbox 1428 2618 1569 2687; x_wconf 84' lang='lat' dir='ltr'><strong>quasi</strong></span> <span class='ocrx_word' id='word_1_196' title='bbox 1596 2616 1878 2669; x_wconf 83' lang='lat' dir='ltr'><strong>duodecim.</strong></span> <span class='ocrx_word' id='word_1_197' title='bbox 1911 2614 2130 2667; x_wconf 79' lang='lat' dir='ltr'><strong>Multum</strong></span> 
     </span>
    </p>
   </div>
   <div class='ocr_carea' id='block_1_26' title="bbox 560 2707 2131 2781">
    <p class='ocr_par' dir='ltr' id='par_1_26' title="bbox 560 2707 2131 2781">
     <span class='ocr_line' id='line_1_26' title="bbox 560 2707 2131 2781; baseline -0.003 -18"><span class='ocrx_word' id='word_1_198' title='bbox 560 2711 613 2764; x_wconf 92' lang='lat' dir='ltr'><strong>hi</strong></span> <span class='ocrx_word' id='word_1_199' title='bbox 653 2711 720 2766; x_wconf 92' lang='lat' dir='ltr'><strong>ab</strong></span> <span class='ocrx_word' id='word_1_200' title='bbox 749 2712 839 2766; x_wconf 92' lang='lat' dir='ltr'><strong>illo</strong></span> <span class='ocrx_word' id='word_1_201' title='bbox 878 2712 1223 2776; x_wconf 74' lang='lat' dir='ltr'><strong>dilferebant,</strong></span> <span class='ocrx_word' id='word_1_202' title='bbox 1259 2712 1348 2781; x_wconf 90' lang='lat' dir='ltr'><strong>qui</strong></span> <span class='ocrx_word' id='word_1_203' title='bbox 1392 2724 1564 2780; x_wconf 88' lang='lat' dir='ltr'><strong>neque</strong></span> <span class='ocrx_word' id='word_1_204' title='bbox 1602 2708 1839 2763; x_wconf 83' lang='lat' dir='ltr'><strong>sciebant</strong></span> <span class='ocrx_word' id='word_1_205' title='bbox 1876 2707 2131 2775; x_wconf 82' lang='lat' dir='ltr'><strong>Spiritum</strong></span> 
     </span>
    </p>
   </div>
   <div class='ocr_carea' id='block_1_27' title="bbox 558 2800 2131 2873">
    <p class='ocr_par' dir='ltr' id='par_1_27' title="bbox 558 2800 2131 2873">
     <span class='ocr_line' id='line_1_27' title="bbox 558 2800 2131 2873; baseline -0.001 -18"><span class='ocrx_word' id='word_1_206' title='bbox 558 2811 801 2857; x_wconf 89' lang='lat' dir='ltr'><strong>sanctum</strong></span> <span class='ocrx_word' id='word_1_207' title='bbox 832 2818 970 2858; x_wconf 85' lang='lat' dir='ltr'><strong>esse.</strong></span> <span class='ocrx_word' id='word_1_208' title='bbox 1014 2804 1073 2857; x_wconf 93' lang='lat' dir='ltr'><strong>lli</strong></span> <span class='ocrx_word' id='word_1_209' title='bbox 1109 2804 1266 2873; x_wconf 82' lang='lat' dir='ltr'><strong>igitur</strong></span> <span class='ocrx_word' id='word_1_210' title='bbox 1304 2802 1392 2873; x_wconf 90' lang='lat' dir='ltr'><strong>qui</strong></span> <span class='ocrx_word' id='word_1_211' title='bbox 1422 2801 1727 2871; x_wconf 87' lang='lat' dir='ltr'><strong>diligentius</strong></span> <span class='ocrx_word' id='word_1_212' title='bbox 1758 2800 1828 2854; x_wconf 91' lang='lat' dir='ltr'><strong>illi</strong></span> <span class='ocrx_word' id='word_1_213' title='bbox 1867 2813 2131 2868; x_wconf 85' lang='lat' dir='ltr'><strong>exposue-</strong></span> 
     </span>
    </p>
   </div>
   <div class='ocr_carea' id='block_1_28' title="bbox 559 2890 2128 2961">
    <p class='ocr_par' dir='ltr' id='par_1_28' title="bbox 559 2890 2128 2961">
     <span class='ocr_line' id='line_1_28' title="bbox 559 2890 2128 2961; baseline 0 -16"><span class='ocrx_word' id='word_1_214' title='bbox 559 2902 679 2945; x_wconf 89' lang='lat' dir='ltr'><strong>runt</strong></span> <span class='ocrx_word' id='word_1_215' title='bbox 702 2893 837 2946; x_wconf 89' lang='lat' dir='ltr'><strong>viam</strong></span> <span class='ocrx_word' id='word_1_216' title='bbox 871 2893 1098 2956; x_wconf 89' lang='lat' dir='ltr'><strong>Domini,</strong></span> <span class='ocrx_word' id='word_1_217' title='bbox 1130 2893 1457 2961; x_wconf 68' lang='lat' dir='ltr'><strong>praemittunt</strong></span> <span class='ocrx_word' id='word_1_218' title='bbox 1478 2893 1635 2946; x_wconf 88' lang='lat' dir='ltr'><strong>etiam</strong></span> <span class='ocrx_word' id='word_1_219' title='bbox 1668 2891 1952 2959; x_wconf 88' lang='lat' dir='ltr'><strong>Iiterasque</strong></span> <span class='ocrx_word' id='word_1_220' title='bbox 1980 2890 2128 2945; x_wconf 86' lang='lat' dir='ltr'><strong>dant.</strong></span> 
     </span>
    </p>
   </div>
   <div class='ocr_carea' id='block_1_29' title="bbox 560 2982 2130 3053">
    <p class='ocr_par' dir='ltr' id='par_1_29' title="bbox 560 2982 2130 3053">
     <span class='ocr_line' id='line_1_29' title="bbox 560 2982 2130 3053; baseline 0 -16"><span class='ocrx_word' id='word_1_221' title='bbox 560 2984 782 3038; x_wconf 72' lang='lat' dir='ltr'><strong>Volebat</strong></span> <span class='ocrx_word' id='word_1_222' title='bbox 816 2985 975 3053; x_wconf 78' lang='lat' dir='ltr'><strong>igitur</strong></span> <span class='ocrx_word' id='word_1_223' title='bbox 1003 2994 1057 3039; x_wconf 91' lang='lat' dir='ltr'><strong>et</strong></span> <span class='ocrx_word' id='word_1_224' title='bbox 1085 2985 1195 3053; x_wconf 91' lang='lat' dir='ltr'><strong>ipse</strong></span> <span class='ocrx_word' id='word_1_225' title='bbox 1239 2985 1290 3038; x_wconf 93' lang='lat' dir='ltr'><strong>in</strong></span> <span class='ocrx_word' id='word_1_226' title='bbox 1324 2983 1576 3038; x_wconf 83' lang='lat' dir='ltr'><strong>Achaiam</strong></span> <span class='ocrx_word' id='word_1_227' title='bbox 1608 2984 1814 3046; x_wconf 87' lang='lat' dir='ltr'><strong>venire;</strong></span> <span class='ocrx_word' id='word_1_228' title='bbox 1842 2982 1937 3037; x_wconf 88' lang='lat' dir='ltr'><strong>sed</strong></span> <span class='ocrx_word' id='word_1_229' title='bbox 1974 2992 2130 3037; x_wconf 85' lang='lat' dir='ltr'><strong>ante-</strong></span> 
     </span>
    </p>
   </div>
   <div class='ocr_carea' id='block_1_30' title="bbox 558 3071 2128 3143">
    <p class='ocr_par' dir='ltr' id='par_1_30' title="bbox 558 3071 2128 3143">
     <span class='ocr_line' id='line_1_30' title="bbox 558 3071 2128 3143; baseline 0.001 -19"><span class='ocrx_word' id='word_1_230' title='bbox 558 3090 714 3143; x_wconf 82' lang='lat' dir='ltr'><strong>quant</strong></span> <span class='ocrx_word' id='word_1_231' title='bbox 746 3074 891 3128; x_wconf 90' lang='lat' dir='ltr'><strong>illum</strong></span> <span class='ocrx_word' id='word_1_232' title='bbox 923 3074 1111 3129; x_wconf 81' lang='lat' dir='ltr'><strong>fratres</strong></span> <span class='ocrx_word' id='word_1_233' title='bbox 1135 3074 1405 3130; x_wconf 83' lang='lat' dir='ltr'><strong>exhortati</strong></span> <span class='ocrx_word' id='word_1_234' title='bbox 1435 3083 1635 3140; x_wconf 87' lang='lat' dir='ltr'><strong>essent,</strong></span> <span class='ocrx_word' id='word_1_235' title='bbox 1664 3088 1726 3128; x_wconf 92' lang='lat' dir='ltr'><strong>ac</strong></span> <span class='ocrx_word' id='word_1_236' title='bbox 1754 3073 1933 3127; x_wconf 89' lang='lat' dir='ltr'><strong>literas</strong></span> <span class='ocrx_word' id='word_1_237' title='bbox 1958 3072 2006 3127; x_wconf 87' lang='lat' dir='ltr'><strong>ei</strong></span> <span class='ocrx_word' id='word_1_238' title='bbox 2033 3071 2128 3126; x_wconf 90' lang='lat' dir='ltr'><strong>de-</strong></span> 
     </span>
    </p>
   </div>
   <div class='ocr_carea' id='block_1_31' title="bbox 556 3164 2131 3235">
    <p class='ocr_par' dir='ltr' id='par_1_31' title="bbox 556 3164 2131 3235">
     <span class='ocr_line' id='line_1_31' title="bbox 556 3164 2131 3235; baseline -0.001 -16"><span class='ocrx_word' id='word_1_239' title='bbox 556 3166 795 3231; x_wconf 86' lang='lat' dir='ltr'><strong>dissent,</strong></span> <span class='ocrx_word' id='word_1_240' title='bbox 840 3181 946 3219; x_wconf 90' lang='lat' dir='ltr'><strong>non</strong></span> <span class='ocrx_word' id='word_1_241' title='bbox 988 3166 1206 3221; x_wconf 91' lang='lat' dir='ltr'><strong>recedit.</strong></span> <span class='ocrx_word' id='word_1_242' title='bbox 1243 3165 1340 3231; x_wconf 90' lang='lat' dir='ltr'><strong>Qui</strong></span> <span class='ocrx_word' id='word_1_243' title='bbox 1383 3176 1437 3219; x_wconf 90' lang='lat' dir='ltr'><strong>ut</strong></span> <span class='ocrx_word' id='word_1_244' title='bbox 1480 3166 1644 3231; x_wconf 81' lang='lat' dir='ltr'><strong>venit,</strong></span> <span class='ocrx_word' id='word_1_245' title='bbox 1688 3165 1890 3235; x_wconf 90' lang='lat' dir='ltr'><strong>inquit,</strong></span> <span class='ocrx_word' id='word_1_246' title='bbox 1923 3164 2131 3219; x_wconf 84' lang='lat' dir='ltr'><strong>contulit</strong></span> 
     </span>
    </p>
   </div>
   <div class='ocr_carea' id='block_1_32' title="bbox 556 3254 2132 3325">
    <p class='ocr_par' dir='ltr' id='par_1_32' title="bbox 556 3254 2132 3325">
     <span class='ocr_line' id='line_1_32' title="bbox 556 3254 2132 3325; baseline 0 -16"><span class='ocrx_word' id='word_1_247' title='bbox 556 3259 768 3310; x_wconf 87' lang='lat' dir='ltr'><strong>multum</strong></span> <span class='ocrx_word' id='word_1_248' title='bbox 798 3258 859 3311; x_wconf 89' lang='lat' dir='ltr'><strong>iis</strong></span> <span class='ocrx_word' id='word_1_249' title='bbox 878 3300 893 3324; x_wconf 92' lang='lat'><strong>,</strong></span> <span class='ocrx_word' id='word_1_250' title='bbox 922 3259 1005 3325; x_wconf 88' lang='lat' dir='ltr'><strong>qui</strong></span> <span class='ocrx_word' id='word_1_251' title='bbox 1040 3258 1357 3311; x_wconf 85' lang='lat' dir='ltr'><strong>crediderant</strong></span> <span class='ocrx_word' id='word_1_252' title='bbox 1379 3274 1397 3311; x_wconf 90' lang='lat'><em>:</em></span> <span class='ocrx_word' id='word_1_253' title='bbox 1424 3259 1734 3311; x_wconf 84' lang='lat' dir='ltr'><strong>vehementer</strong></span> <span class='ocrx_word' id='word_1_254' title='bbox 1761 3258 1895 3310; x_wconf 88' lang='lat' dir='ltr'><strong>enim</strong></span> <span class='ocrx_word' id='word_1_255' title='bbox 1922 3254 2132 3309; x_wconf 79' lang='lat' dir='ltr'><strong>Judteos</strong></span> 
     </span>
    </p>
   </div>
   <div class='ocr_carea' id='block_1_33' title="bbox 554 3347 2131 3420">
    <p class='ocr_par' dir='ltr' id='par_1_33' title="bbox 554 3347 2131 3420">
     <span class='ocr_line' id='line_1_33' title="bbox 554 3347 2131 3420; baseline -0.001 -18"><span class='ocrx_word' id='word_1_256' title='bbox 554 3350 827 3404; x_wconf 87' lang='lat' dir='ltr'><strong>revincebut</strong></span> <span class='ocrx_word' id='word_1_257' title='bbox 852 3350 1067 3420; x_wconf 83' lang='lat' dir='ltr'><strong>publice,</strong></span> <span class='ocrx_word' id='word_1_258' title='bbox 1099 3351 1362 3404; x_wconf 84' lang='lat' dir='ltr'><strong>ostendens</strong></span> <span class='ocrx_word' id='word_1_259' title='bbox 1387 3366 1475 3419; x_wconf 84' lang='lat' dir='ltr'><strong>per</strong></span> <span class='ocrx_word' id='word_1_260' title='bbox 1503 3348 1798 3418; x_wconf 88' lang='lat' dir='ltr'><strong>Scripturas</strong></span> <span class='ocrx_word' id='word_1_261' title='bbox 1822 3347 1854 3401; x_wconf 92' lang='lat' dir='ltr'><strong>J</strong></span> <span class='ocrx_word' id='word_1_262' title='bbox 1862 3364 1997 3402; x_wconf 88' lang='lat' dir='ltr'><strong>esum</strong></span> <span class='ocrx_word' id='word_1_263' title='bbox 2024 3362 2131 3401; x_wconf 79' lang='lat' dir='ltr'><strong>esse</strong></span> 
     </span>
    </p>
   </div>
   <div class='ocr_carea' id='block_1_34' title="bbox 554 3438 2130 3509">
    <p class='ocr_par' dir='ltr' id='par_1_34' title="bbox 554 3438 2130 3509">
     <span class='ocr_line' id='line_1_34' title="bbox 554 3438 2130 3509; baseline -0.002 -15"><span class='ocrx_word' id='word_1_264' title='bbox 554 3439 827 3495; x_wconf 79' lang='lat' dir='ltr'><strong>Christum.</strong></span> <span class='ocrx_word' id='word_1_265' title='bbox 876 3440 1009 3495; x_wconf 90' lang='lat' dir='ltr'><strong>llinc</strong></span> <span class='ocrx_word' id='word_1_266' title='bbox 1050 3440 1284 3495; x_wconf 89' lang='lat' dir='ltr'><strong>ostendit</strong></span> <span class='ocrx_word' id='word_1_267' title='bbox 1322 3455 1478 3509; x_wconf 90' lang='lat' dir='ltr'><strong>quam</strong></span> <span class='ocrx_word' id='word_1_268' title='bbox 1512 3448 1698 3509; x_wconf 88' lang='lat' dir='ltr'><strong>potens</strong></span> <span class='ocrx_word' id='word_1_269' title='bbox 1736 3440 1786 3494; x_wconf 93' lang='lat' dir='ltr'><strong>in</strong></span> <span class='ocrx_word' id='word_1_270' title='bbox 1838 3438 2130 3509; x_wconf 87' lang='lat' dir='ltr'><strong>Scripturis</strong></span> 
     </span>
    </p>
   </div>
   <div class='ocr_carea' id='block_1_35' title="bbox 554 3531 2131 3603">
    <p class='ocr_par' dir='ltr' id='par_1_35' title="bbox 554 3531 2131 3603">
     <span class='ocr_line' id='line_1_35' title="bbox 554 3531 2131 3603; baseline 0.001 -17"><span class='ocrx_word' id='word_1_271' title='bbox 554 3542 697 3588; x_wconf 74' lang='lat' dir='ltr'><strong>esset</strong></span> <span class='ocrx_word' id='word_1_272' title='bbox 725 3534 954 3602; x_wconf 78' lang='lat' dir='ltr'><strong>Apollo:</strong></span> <span class='ocrx_word' id='word_1_273' title='bbox 985 3532 1199 3589; x_wconf 68' lang='lat' dir='ltr'><strong>Judzeos</strong></span> <span class='ocrx_word' id='word_1_274' title='bbox 1240 3534 1382 3588; x_wconf 93' lang='lat' dir='ltr'><strong>enim</strong></span> <span class='ocrx_word' id='word_1_275' title='bbox 1427 3534 1769 3589; x_wconf 79' lang='lat' dir='ltr'><strong>vehementer</strong></span> <span class='ocrx_word' id='word_1_276' title='bbox 1809 3531 2131 3603; x_wconf 85' lang='lat' dir='ltr'><strong>reprimebat</strong></span> 
     </span>
    </p>
   </div>
   <div class='ocr_carea' id='block_1_36' title="bbox 557 3623 2131 3694">
    <p class='ocr_par' dir='ltr' id='par_1_36' title="bbox 557 3623 2131 3694">
     <span class='ocr_line' id='line_1_36' title="bbox 557 3623 2131 3694; baseline 0 -17"><span class='ocrx_word' id='word_1_277' title='bbox 557 3623 696 3694; x_wconf 92' lang='lat' dir='ltr'><strong>(hoc</strong></span> <span class='ocrx_word' id='word_1_278' title='bbox 735 3624 879 3677; x_wconf 90' lang='lat' dir='ltr'><strong>enim</strong></span> <span class='ocrx_word' id='word_1_279' title='bbox 924 3624 1023 3679; x_wconf 89' lang='lat' dir='ltr'><strong>sibi</strong></span> <span class='ocrx_word' id='word_1_280' title='bbox 1058 3626 1167 3679; x_wconf 83' lang='lat' dir='ltr'><strong>vult</strong></span> <span class='ocrx_word' id='word_1_281' title='bbox 1204 3624 1359 3690; x_wconf 90' lang='lat' dir='ltr'><strong>illud,</strong></span> <span class='ocrx_word' id='word_1_282' title='bbox 1394 3623 1756 3693; x_wconf 78' lang='lat' dir='ltr'><strong>Revincebat);</strong></span> <span class='ocrx_word' id='word_1_283' title='bbox 1789 3624 2131 3680; x_wconf 90' lang='lat' dir='ltr'><strong>credentibus</strong></span> 
     </span>
    </p>
   </div>
   <div class='ocr_carea' id='block_1_37' title="bbox 556 3714 2130 3770">
    <p class='ocr_par' dir='ltr' id='par_1_37' title="bbox 556 3714 2130 3770">
     <span class='ocr_line' id='line_1_37' title="bbox 556 3714 2130 3770; baseline 0.002 -3"><span class='ocrx_word' id='word_1_284' title='bbox 556 3729 682 3769; x_wconf 89' lang='lat' dir='ltr'><strong>vero</strong></span> <span class='ocrx_word' id='word_1_285' title='bbox 708 3714 950 3769; x_wconf 91' lang='lat' dir='ltr'><strong>ﬁduciam</strong></span> <span class='ocrx_word' id='word_1_286' title='bbox 988 3716 1203 3770; x_wconf 87' lang='lat' dir='ltr'><strong>indebat</strong></span> <span class='ocrx_word' id='word_1_287' title='bbox 1234 3724 1290 3770; x_wconf 88' lang='lat' dir='ltr'><strong>ut</strong></span> <span class='ocrx_word' id='word_1_288' title='bbox 1329 3714 1381 3769; x_wconf 92' lang='lat' dir='ltr'><strong>in</strong></span> <span class='ocrx_word' id='word_1_289' title='bbox 1414 3715 1519 3769; x_wconf 87' lang='lat' dir='ltr'><strong>fide</strong></span> <span class='ocrx_word' id='word_1_290' title='bbox 1557 3724 1780 3770; x_wconf 86' lang='lat' dir='ltr'><strong>starent.</strong></span> <span class='ocrx_word' id='word_1_291' title='bbox 1817 3715 2033 3769; x_wconf 86' lang='lat' dir='ltr'><strong>Factum</strong></span> <span class='ocrx_word' id='word_1_292' title='bbox 2059 3727 2130 3770; x_wconf 91' lang='lat' dir='ltr'><strong>est</strong></span> 
     </span>
    </p>
   </div>
   <div class='ocr_carea' id='block_1_38' title="bbox 554 3805 2131 3877">
    <p class='ocr_par' dir='ltr' id='par_1_38' title="bbox 554 3805 2131 3877">
     <span class='ocr_line' id='line_1_38' title="bbox 554 3805 2131 3877; baseline 0.001 -19"><span class='ocrx_word' id='word_1_293' title='bbox 554 3817 717 3860; x_wconf 86' lang='lat' dir='ltr'><strong>autem</strong></span> <span class='ocrx_word' id='word_1_294' title='bbox 740 3848 753 3871; x_wconf 89' lang='lat'><strong>,</strong></span> <span class='ocrx_word' id='word_1_295' title='bbox 784 3806 951 3877; x_wconf 84' lang='lat' dir='ltr'><strong>inquit</strong></span> <span class='ocrx_word' id='word_1_296' title='bbox 971 3849 982 3867; x_wconf 86' lang='lat'><strong>.</strong></span> <span class='ocrx_word' id='word_1_297' title='bbox 1017 3817 1071 3861; x_wconf 91' lang='lat' dir='ltr'><strong>ut</strong></span> <span class='ocrx_word' id='word_1_298' title='bbox 1106 3805 1320 3873; x_wconf 85' lang='lat' dir='ltr'><strong>Paulus,</strong></span> <span class='ocrx_word' id='word_1_299' title='bbox 1349 3807 1625 3877; x_wconf 87' lang='lat' dir='ltr'><strong>peragratis</strong></span> <span class='ocrx_word' id='word_1_300' title='bbox 1652 3807 1989 3877; x_wconf 75' lang='lat' dir='ltr'><strong>superioribus</strong></span> <span class='ocrx_word' id='word_1_301' title='bbox 2011 3824 2131 3877; x_wconf 86' lang='lat' dir='ltr'><strong>par-</strong></span> 
     </span>
    </p>
   </div>
   <div class='ocr_carea' id='block_1_39' title="bbox 558 3889 2130 3969">
    <p class='ocr_par' dir='ltr' id='par_1_39' title="bbox 558 3889 2130 3969">
     <span class='ocr_line' id='line_1_39' title="bbox 558 3889 2130 3969; baseline 0.003 -19"><span class='ocrx_word' id='word_1_302' title='bbox 558 3899 685 3951; x_wconf 86' lang='lat' dir='ltr'><strong>tibus</strong></span> <span class='ocrx_word' id='word_1_303' title='bbox 708 3939 721 3963; x_wconf 93' lang='lat'><strong>,</strong></span> <span class='ocrx_word' id='word_1_304' title='bbox 765 3899 950 3952; x_wconf 88' lang='lat' dir='ltr'><strong>veniret</strong></span> <span class='ocrx_word' id='word_1_305' title='bbox 974 3898 1255 3969; x_wconf 83' lang='lat' dir='ltr'><strong>Ephesum.</strong></span> <span class='ocrx_word' id='word_1_306' title='bbox 1282 3899 1415 3955; x_wconf 89' lang='lat' dir='ltr'><strong>Sunt</strong></span> <span class='ocrx_word' id='word_1_307' title='bbox 1449 3889 1625 3955; x_wconf 82' lang='lat' dir='ltr'><strong>autem</strong></span> <span class='ocrx_word' id='word_1_308' title='bbox 1653 3899 1756 3953; x_wconf 86' lang='lat' dir='ltr'><strong>illae</strong></span> <span class='ocrx_word' id='word_1_309' title='bbox 1779 3900 1927 3968; x_wconf 80' lang='lat' dir='ltr'><strong>juxta</strong></span> <span class='ocrx_word' id='word_1_310' title='bbox 1956 3901 2130 3955; x_wconf 61' lang='lat' dir='ltr'><strong>Caesa-</strong></span> 
     </span>
    </p>
   </div>
   <div class='ocr_carea' id='block_1_40' title="bbox 559 3989 2133 4062">
    <p class='ocr_par' dir='ltr' id='par_1_40' title="bbox 559 3989 2133 4062">
     <span class='ocr_line' id='line_1_40' title="bbox 559 3989 2133 4062; baseline 0 -19"><span class='ocrx_word' id='word_1_311' title='bbox 559 4006 725 4054; x_wconf 86' lang='lat' dir='ltr'><strong>ream,</strong></span> <span class='ocrx_word' id='word_1_312' title='bbox 751 4000 805 4043; x_wconf 88' lang='lat' dir='ltr'><strong>et</strong></span> <span class='ocrx_word' id='word_1_313' title='bbox 834 3991 993 4045; x_wconf 85' lang='lat' dir='ltr'><strong>ultra.</strong></span> <span class='ocrx_word' id='word_1_314' title='bbox 1020 3989 1089 4043; x_wconf 86' lang='lat' dir='ltr'><strong>Et</strong></span> <span class='ocrx_word' id='word_1_315' title='bbox 1116 3992 1298 4044; x_wconf 89' lang='lat' dir='ltr'><strong>invenit</strong></span> <span class='ocrx_word' id='word_1_316' title='bbox 1326 3991 1571 4061; x_wconf 84' lang='lat' dir='ltr'><strong>quosdam</strong></span> <span class='ocrx_word' id='word_1_317' title='bbox 1596 3991 1892 4061; x_wconf 86' lang='lat' dir='ltr'><strong>discipulos,</strong></span> <span class='ocrx_word' id='word_1_318' title='bbox 1909 3992 2133 4062; x_wconf 80' lang='lat' dir='ltr'><strong>dixitque</strong></span> 
     </span>
    </p>
   </div>
   <div class='ocr_carea' id='block_1_41' title="bbox 558 4080 2130 4150">
    <p class='ocr_par' dir='ltr' id='par_1_41' title="bbox 558 4080 2130 4150">
     <span class='ocr_line' id='line_1_41' title="bbox 558 4080 2130 4150; baseline 0.002 -18"><span class='ocrx_word' id='word_1_319' title='bbox 558 4082 626 4134; x_wconf 88' lang='lat' dir='ltr'><strong>eis</strong></span> <span class='ocrx_word' id='word_1_320' title='bbox 650 4098 667 4133; x_wconf 91' lang='lat'><strong><em>:</em></strong></span> <span class='ocrx_word' id='word_1_321' title='bbox 699 4081 760 4135; x_wconf 85' lang='lat' dir='ltr'><strong>Si</strong></span> <span class='ocrx_word' id='word_1_322' title='bbox 790 4080 1041 4150; x_wconf 88' lang='lat' dir='ltr'><strong>Spiritum</strong></span> <span class='ocrx_word' id='word_1_323' title='bbox 1081 4090 1311 4133; x_wconf 87' lang='lat' dir='ltr'><strong>sanctum</strong></span> <span class='ocrx_word' id='word_1_324' title='bbox 1347 4082 1609 4150; x_wconf 88' lang='lat' dir='ltr'><strong>accepistis</strong></span> <span class='ocrx_word' id='word_1_325' title='bbox 1652 4082 1950 4134; x_wconf 79' lang='lat' dir='ltr'><strong>credentes?</strong></span> <span class='ocrx_word' id='word_1_326' title='bbox 1979 4081 2130 4149; x_wconf 88' lang='lat' dir='ltr'><strong>Quod</strong></span> 
     </span>
    </p>
   </div>
   <div class='ocr_carea' id='block_1_42' title="bbox 558 4170 2127 4241">
    <p class='ocr_par' dir='ltr' id='par_1_42' title="bbox 558 4170 2127 4241">
     <span class='ocr_line' id='line_1_42' title="bbox 558 4170 2127 4241; baseline 0 -17"><span class='ocrx_word' id='word_1_327' title='bbox 558 4180 733 4225; x_wconf 88' lang='lat' dir='ltr'><strong>autem</strong></span> <span class='ocrx_word' id='word_1_328' title='bbox 765 4171 815 4224; x_wconf 91' lang='lat' dir='ltr'><strong>hi</strong></span> <span class='ocrx_word' id='word_1_329' title='bbox 838 4186 943 4224; x_wconf 89' lang='lat' dir='ltr'><strong>non</strong></span> <span class='ocrx_word' id='word_1_330' title='bbox 970 4170 1251 4226; x_wconf 88' lang='lat' dir='ltr'><strong>crederent</strong></span> <span class='ocrx_word' id='word_1_331' title='bbox 1273 4171 1324 4225; x_wconf 92' lang='lat' dir='ltr'><strong>in</strong></span> <span class='ocrx_word' id='word_1_332' title='bbox 1348 4171 1636 4235; x_wconf 88' lang='lat' dir='ltr'><strong>Christum,</strong></span> <span class='ocrx_word' id='word_1_333' title='bbox 1666 4172 1834 4241; x_wconf 86' lang='lat' dir='ltr'><strong>palam</strong></span> <span class='ocrx_word' id='word_1_334' title='bbox 1853 4180 1935 4227; x_wconf 89' lang='lat' dir='ltr'><strong>est</strong></span> <span class='ocrx_word' id='word_1_335' title='bbox 1954 4188 2017 4226; x_wconf 85' lang='lat' dir='ltr'><strong>ex</strong></span> <span class='ocrx_word' id='word_1_336' title='bbox 2039 4186 2127 4240; x_wconf 84' lang='lat' dir='ltr'><strong>eo,</strong></span> 
     </span>
    </p>
   </div>
   <div class='ocr_carea' id='block_1_43' title="bbox 557 4261 2131 4333">
    <p class='ocr_par' dir='ltr' id='par_1_43' title="bbox 557 4261 2131 4333">
     <span class='ocr_line' id='line_1_43' title="bbox 557 4261 2131 4333; baseline 0.003 -20"><span class='ocrx_word' id='word_1_337' title='bbox 557 4261 697 4330; x_wconf 89' lang='lat' dir='ltr'><strong>quod</strong></span> <span class='ocrx_word' id='word_1_338' title='bbox 725 4261 921 4329; x_wconf 85' lang='lat' dir='ltr'><strong>dicant,</strong></span> <span class='ocrx_word' id='word_1_339' title='bbox 952 4261 1017 4316; x_wconf 83' lang='lat' dir='ltr'><strong>In</strong></span> <span class='ocrx_word' id='word_1_340' title='bbox 1047 4279 1179 4329; x_wconf 89' lang='lat' dir='ltr'><strong>eum,</strong></span> <span class='ocrx_word' id='word_1_341' title='bbox 1212 4264 1296 4333; x_wconf 86' lang='lat' dir='ltr'><strong>qui</strong></span> <span class='ocrx_word' id='word_1_342' title='bbox 1322 4272 1556 4316; x_wconf 88' lang='lat' dir='ltr'><strong>venturus</strong></span> <span class='ocrx_word' id='word_1_343' title='bbox 1582 4271 1688 4315; x_wconf 91' lang='lat' dir='ltr'><strong>erat</strong></span> <span class='ocrx_word' id='word_1_344' title='bbox 1716 4272 1823 4330; x_wconf 87' lang='lat' dir='ltr'><strong>post</strong></span> <span class='ocrx_word' id='word_1_345' title='bbox 1845 4264 2012 4333; x_wconf 87' lang='lat' dir='ltr'><strong>ipsum</strong></span> <span class='ocrx_word' id='word_1_346' title='bbox 2030 4306 2043 4328; x_wconf 94' lang='lat'><strong>,</strong></span> <span class='ocrx_word' id='word_1_347' title='bbox 2076 4274 2131 4318; x_wconf 90' lang='lat' dir='ltr'><strong>ut</strong></span> 
     </span>
    </p>
   </div>
   <div class='ocr_carea' id='block_1_44' title="bbox 561 4354 2129 4425">
    <p class='ocr_par' dir='ltr' id='par_1_44' title="bbox 561 4354 2129 4425">
     <span class='ocr_line' id='line_1_44' title="bbox 561 4354 2129 4425; baseline 0.002 -17"><span class='ocrx_word' id='word_1_348' title='bbox 561 4354 783 4408; x_wconf 88' lang='lat' dir='ltr'><strong>credant.</strong></span> <span class='ocrx_word' id='word_1_349' title='bbox 812 4354 990 4423; x_wconf 87' lang='lat' dir='ltr'><strong>Neque</strong></span> <span class='ocrx_word' id='word_1_350' title='bbox 1010 4355 1160 4419; x_wconf 80' lang='lat' dir='ltr'><strong>dixit,</strong></span> <span class='ocrx_word' id='word_1_351' title='bbox 1186 4355 1326 4410; x_wconf 87' lang='lat' dir='ltr'><strong>Nihil</strong></span> <span class='ocrx_word' id='word_1_352' title='bbox 1348 4366 1430 4411; x_wconf 85' lang='lat' dir='ltr'><strong>est</strong></span> <span class='ocrx_word' id='word_1_353' title='bbox 1451 4355 1709 4425; x_wconf 88' lang='lat' dir='ltr'><strong>baptisma</strong></span> <span class='ocrx_word' id='word_1_354' title='bbox 1731 4355 1984 4422; x_wconf 81' lang='lat' dir='ltr'><strong>Joannis;</strong></span> <span class='ocrx_word' id='word_1_355' title='bbox 2010 4356 2129 4423; x_wconf 87' lang='lat' dir='ltr'><strong>sed,</strong></span> 
     </span>
    </p>
   </div>
   <div class='ocr_carea' id='block_1_45' title="bbox 565 4445 2132 4517">
    <p class='ocr_par' dir='ltr' id='par_1_45' title="bbox 565 4445 2132 4517">
     <span class='ocr_line' id='line_1_45' title="bbox 565 4445 2132 4517; baseline 0.004 -18"><span class='ocrx_word' id='word_1_356' title='bbox 565 4445 933 4515; x_wconf 82' lang='lat' dir='ltr'><strong>.mperfectum</strong></span> <span class='ocrx_word' id='word_1_357' title='bbox 964 4457 1063 4501; x_wconf 91' lang='lat' dir='ltr'><strong>est.</strong></span> <span class='ocrx_word' id='word_1_358' title='bbox 1088 4448 1268 4517; x_wconf 85' lang='lat' dir='ltr'><strong>Neque</strong></span> <span class='ocrx_word' id='word_1_359' title='bbox 1296 4448 1423 4503; x_wconf 93' lang='lat' dir='ltr'><strong>illud</strong></span> <span class='ocrx_word' id='word_1_360' title='bbox 1445 4449 1561 4501; x_wconf 88' lang='lat' dir='ltr'><strong>sine</strong></span> <span class='ocrx_word' id='word_1_361' title='bbox 1586 4462 1745 4501; x_wconf 88' lang='lat' dir='ltr'><strong>causa</strong></span> <span class='ocrx_word' id='word_1_362' title='bbox 1770 4447 2005 4514; x_wconf 90' lang='lat' dir='ltr'><strong>addidit,</strong></span> <span class='ocrx_word' id='word_1_363' title='bbox 2039 4448 2132 4505; x_wconf 88' lang='lat' dir='ltr'><strong>sed</strong></span> 
     </span>
    </p>
   </div>
   <div class='ocr_carea' id='block_1_46' title="bbox 563 4529 2132 4610">
    <p class='ocr_par' dir='ltr' id='par_1_46' title="bbox 563 4529 2132 4610">
     <span class='ocr_line' id='line_1_46' title="bbox 563 4529 2132 4610; baseline 0.004 -22"><span class='ocrx_word' id='word_1_364' title='bbox 563 4547 617 4588; x_wconf 94' lang='lat' dir='ltr'><strong>ut</strong></span> <span class='ocrx_word' id='word_1_365' title='bbox 643 4529 861 4591; x_wconf 83' lang='lat' dir='ltr'><strong>doceret</strong></span> <span class='ocrx_word' id='word_1_366' title='bbox 890 4537 1240 4606; x_wconf 88' lang='lat' dir='ltr'><strong>suaderetqne</strong></span> <span class='ocrx_word' id='word_1_367' title='bbox 1268 4540 1357 4600; x_wconf 63' lang='lat' dir='ltr'><strong>eis,</strong></span> <span class='ocrx_word' id='word_1_368' title='bbox 1390 4544 1448 4591; x_wconf 90' lang='lat' dir='ltr'><strong>ut</strong></span> <span class='ocrx_word' id='word_1_369' title='bbox 1473 4537 1522 4589; x_wconf 90' lang='lat' dir='ltr'><strong>in</strong></span> <span class='ocrx_word' id='word_1_370' title='bbox 1549 4537 1761 4591; x_wconf 88' lang='lat' dir='ltr'><strong>nomine</strong></span> <span class='ocrx_word' id='word_1_371' title='bbox 1792 4538 1919 4593; x_wconf 87' lang='lat' dir='ltr'><strong>Jesu</strong></span> <span class='ocrx_word' id='word_1_372' title='bbox 1961 4538 2132 4610; x_wconf 87' lang='lat' dir='ltr'><strong>bapti-</strong></span> 
     </span>
    </p>
   </div>
   <div class='ocr_carea' id='block_1_47' title="bbox 563 4628 2135 4701">
    <p class='ocr_par' dir='ltr' id='par_1_47' title="bbox 563 4628 2135 4701">
     <span class='ocr_line' id='line_1_47' title="bbox 563 4628 2135 4701; baseline 0.004 -20"><span class='ocrx_word' id='word_1_373' title='bbox 563 4638 840 4683; x_wconf 88' lang='lat' dir='ltr'><strong>zarentur:</strong></span> <span class='ocrx_word' id='word_1_374' title='bbox 874 4629 1014 4699; x_wconf 85' lang='lat' dir='ltr'><strong>quod</strong></span> <span class='ocrx_word' id='word_1_375' title='bbox 1039 4629 1201 4684; x_wconf 90' lang='lat' dir='ltr'><strong>etiam</strong></span> <span class='ocrx_word' id='word_1_376' title='bbox 1229 4628 1457 4693; x_wconf 85' lang='lat' dir='ltr'><strong>faciunt,</strong></span> <span class='ocrx_word' id='word_1_377' title='bbox 1496 4637 1552 4683; x_wconf 86' lang='lat' dir='ltr'><strong>et</strong></span> <span class='ocrx_word' id='word_1_378' title='bbox 1581 4629 1835 4699; x_wconf 88' lang='lat' dir='ltr'><strong>Spiritum</strong></span> <span class='ocrx_word' id='word_1_379' title='bbox 1868 4632 2135 4701; x_wconf 89' lang='lat' dir='ltr'><strong>accipiunt</strong></span> 
     </span>
    </p>
   </div>
   <div class='ocr_carea' id='block_1_48' title="bbox 562 4720 2131 4795">
    <p class='ocr_par' dir='ltr' id='par_1_48' title="bbox 562 4720 2131 4795">
     <span class='ocr_line' id='line_1_48' title="bbox 562 4720 2131 4795; baseline 0.004 -21"><span class='ocrx_word' id='word_1_380' title='bbox 562 4739 625 4775; x_wconf 85' lang='lat' dir='ltr'><strong>ex</strong></span> <span class='ocrx_word' id='word_1_381' title='bbox 649 4721 986 4791; x_wconf 90' lang='lat' dir='ltr'><strong>impositione</strong></span> <span class='ocrx_word' id='word_1_382' title='bbox 1004 4738 1251 4777; x_wconf 89' lang='lat' dir='ltr'><strong>manuum</strong></span> <span class='ocrx_word' id='word_1_383' title='bbox 1273 4720 1571 4777; x_wconf 85' lang='lat' dir='ltr'><strong>Pauli.Cum</strong></span> <span class='ocrx_word' id='word_1_384' title='bbox 1587 4724 1927 4794; x_wconf 87' lang='lat' dir='ltr'><strong>imposuisset,</strong></span> <span class='ocrx_word' id='word_1_385' title='bbox 1944 4726 2131 4795; x_wconf 85' lang='lat' dir='ltr'><strong>inquit,</strong></span> 
     </span>
    </p>
   </div>
   <div class='ocr_carea' id='block_1_49' title="bbox 564 4812 2132 4887">
    <p class='ocr_par' dir='ltr' id='par_1_49' title="bbox 564 4812 2132 4887">
     <span class='ocr_line' id='line_1_49' title="bbox 564 4812 2132 4887; baseline 0.001 -20"><span class='ocrx_word' id='word_1_386' title='bbox 564 4815 661 4867; x_wconf 89' lang='lat' dir='ltr'><strong>illis</strong></span> <span class='ocrx_word' id='word_1_387' title='bbox 689 4831 868 4867; x_wconf 89' lang='lat' dir='ltr'><strong>manus</strong></span> <span class='ocrx_word' id='word_1_388' title='bbox 910 4812 1132 4881; x_wconf 86' lang='lat' dir='ltr'><strong>Paulus,</strong></span> <span class='ocrx_word' id='word_1_389' title='bbox 1175 4815 1305 4868; x_wconf 88' lang='lat' dir='ltr'><strong>venit</strong></span> <span class='ocrx_word' id='word_1_390' title='bbox 1350 4814 1578 4885; x_wconf 70' lang='lat' dir='ltr'><strong>Spiritus</strong></span> <span class='ocrx_word' id='word_1_391' title='bbox 1611 4827 1815 4871; x_wconf 87' lang='lat' dir='ltr'><strong>sanctus</strong></span> <span class='ocrx_word' id='word_1_392' title='bbox 1856 4834 2005 4887; x_wconf 84' lang='lat' dir='ltr'><strong>super</strong></span> <span class='ocrx_word' id='word_1_393' title='bbox 2029 4834 2132 4873; x_wconf 88' lang='lat' dir='ltr'><strong>eas.</strong></span> 
     </span>
    </p>
   </div>
   <div class='ocr_carea' id='block_1_50' title="bbox 567 4906 2137 4982">
    <p class='ocr_par' dir='ltr' id='par_1_50' title="bbox 567 4906 2137 4982">
     <span class='ocr_line' id='line_1_50' title="bbox 567 4906 2137 4982; baseline 0.006 -26"><span class='ocrx_word' id='word_1_394' title='bbox 567 4906 745 4974; x_wconf 86' lang='lat' dir='ltr'><strong>Itaque</strong></span> <span class='ocrx_word' id='word_1_395' title='bbox 776 4907 809 4960; x_wconf 91' lang='lat' dir='ltr'><strong>ii</strong></span> <span class='ocrx_word' id='word_1_396' title='bbox 850 4906 1098 4975; x_wconf 88' lang='lat' dir='ltr'><strong>Spiritum</strong></span> <span class='ocrx_word' id='word_1_397' title='bbox 1127 4907 1489 4976; x_wconf 89' lang='lat' dir='ltr'><strong>accipiebant,</strong></span> <span class='ocrx_word' id='word_1_398' title='bbox 1532 4908 1722 4977; x_wconf 88' lang='lat' dir='ltr'><strong>quibus</strong></span> <span class='ocrx_word' id='word_1_399' title='bbox 1750 4924 1939 4965; x_wconf 88' lang='lat' dir='ltr'><strong>manus</strong></span> <span class='ocrx_word' id='word_1_400' title='bbox 1967 4912 2137 4982; x_wconf 87' lang='lat' dir='ltr'><strong>impo-</strong></span> 
     </span>
    </p>
   </div>
   <div class='ocr_carea' id='block_1_51' title="bbox 569 4995 2134 5071">
    <p class='ocr_par' dir='ltr' id='par_1_51' title="bbox 569 4995 2134 5071">
     <span class='ocr_line' id='line_1_51' title="bbox 569 4995 2134 5071; baseline 0.006 -23"><span class='ocrx_word' id='word_1_401' title='bbox 569 4998 746 5051; x_wconf 88' lang='lat' dir='ltr'><strong>nebat.</strong></span> <span class='ocrx_word' id='word_1_402' title='bbox 778 4995 1079 5052; x_wconf 86' lang='lat' dir='ltr'><strong>Verisimile</strong></span> <span class='ocrx_word' id='word_1_403' title='bbox 1110 4998 1265 5067; x_wconf 77' lang='lat' dir='ltr'><strong>igitur</strong></span> <span class='ocrx_word' id='word_1_404' title='bbox 1296 5008 1377 5054; x_wconf 89' lang='lat' dir='ltr'><strong>est</strong></span> <span class='ocrx_word' id='word_1_405' title='bbox 1405 5000 1527 5055; x_wconf 91' lang='lat' dir='ltr'><strong>illos</strong></span> <span class='ocrx_word' id='word_1_406' title='bbox 1555 5000 1811 5071; x_wconf 90' lang='lat' dir='ltr'><strong>Spiritum</strong></span> <span class='ocrx_word' id='word_1_407' title='bbox 1852 5001 2134 5071; x_wconf 89' lang='lat' dir='ltr'><strong>habuisse,</strong></span> 
     </span>
    </p>
   </div>
   <div class='ocr_carea' id='block_1_52' title="bbox 565 5088 2135 5163">
    <p class='ocr_par' dir='ltr' id='par_1_52' title="bbox 565 5088 2135 5163">
     <span class='ocr_line' id='line_1_52' title="bbox 565 5088 2135 5163; baseline 0.005 -21"><span class='ocrx_word' id='word_1_408' title='bbox 565 5103 663 5142; x_wconf 88' lang='lat' dir='ltr'><strong>nec</strong></span> <span class='ocrx_word' id='word_1_409' title='bbox 687 5088 1017 5158; x_wconf 87' lang='lat' dir='ltr'><strong>apparuisse,</strong></span> <span class='ocrx_word' id='word_1_410' title='bbox 1052 5090 1151 5143; x_wconf 87' lang='lat' dir='ltr'><strong>nisi</strong></span> <span class='ocrx_word' id='word_1_411' title='bbox 1177 5105 1239 5143; x_wconf 87' lang='lat' dir='ltr'><strong>ex</strong></span> <span class='ocrx_word' id='word_1_412' title='bbox 1265 5092 1594 5158; x_wconf 86' lang='lat' dir='ltr'><strong>operatione,</strong></span> <span class='ocrx_word' id='word_1_413' title='bbox 1627 5100 1680 5146; x_wconf 90' lang='lat' dir='ltr'><strong>et</strong></span> <span class='ocrx_word' id='word_1_414' title='bbox 1703 5108 1764 5146; x_wconf 90' lang='lat' dir='ltr'><strong>ex</strong></span> <span class='ocrx_word' id='word_1_415' title='bbox 1794 5108 1860 5147; x_wconf 90' lang='lat' dir='ltr'><strong>eo</strong></span> <span class='ocrx_word' id='word_1_416' title='bbox 1882 5094 2021 5163; x_wconf 90' lang='lat' dir='ltr'><strong>quod</strong></span> <span class='ocrx_word' id='word_1_417' title='bbox 2052 5094 2135 5150; x_wconf 93' lang='lat' dir='ltr'><strong>lo-</strong></span> 
     </span>
    </p>
   </div>
   <div class='ocr_carea' id='block_1_53' title="bbox 563 5181 1082 5251">
    <p class='ocr_par' dir='ltr' id='par_1_53' title="bbox 563 5181 1082 5251">
     <span class='ocr_line' id='line_1_53' title="bbox 563 5181 1082 5251; baseline 0.006 -19"><span class='ocrx_word' id='word_1_418' title='bbox 563 5190 853 5249; x_wconf 87' lang='lat' dir='ltr'><strong>querentur</strong></span> <span class='ocrx_word' id='word_1_419' title='bbox 872 5181 1082 5251; x_wconf 79' lang='lat' dir='ltr'><strong>linguis.</strong></span> 
     </span>
    </p>
   </div>
   <div class='ocr_carea' id='block_1_54' title="bbox 634 5272 2136 5346">
    <p class='ocr_par' dir='ltr' id='par_1_54' title="bbox 634 5272 2136 5346">
     <span class='ocr_line' id='line_1_54' title="bbox 634 5272 2136 5346; baseline 0.003 -20"><span class='ocrx_word' id='word_1_420' title='bbox 634 5272 687 5326; x_wconf 74' lang='grc'><strong>2.</strong></span> <span class='ocrx_word' id='word_1_421' title='bbox 729 5272 835 5327; x_wconf 87' lang='lat' dir='ltr'><strong>Sed</strong></span> <span class='ocrx_word' id='word_1_422' title='bbox 860 5287 922 5327; x_wconf 85' lang='lat' dir='ltr'><strong>ea</strong></span> <span class='ocrx_word' id='word_1_423' title='bbox 946 5314 960 5339; x_wconf 93' lang='lat'><strong>,</strong></span> <span class='ocrx_word' id='word_1_424' title='bbox 1000 5288 1117 5343; x_wconf 73' lang='lat' dir='ltr'><strong>quze</strong></span> <span class='ocrx_word' id='word_1_425' title='bbox 1144 5276 1389 5343; x_wconf 87' lang='lat' dir='ltr'><strong>superius</strong></span> <span class='ocrx_word' id='word_1_426' title='bbox 1433 5278 1565 5329; x_wconf 88' lang='lat' dir='ltr'><strong>lecta</strong></span> <span class='ocrx_word' id='word_1_427' title='bbox 1616 5284 1773 5340; x_wconf 87' lang='lat' dir='ltr'><strong>sunt,</strong></span> <span class='ocrx_word' id='word_1_428' title='bbox 1812 5286 2136 5346; x_wconf 88' lang='lat' dir='ltr'><strong>repetamus.</strong></span> 
     </span>
    </p>
   </div>
   <div class='ocr_carea' id='block_1_55' title="bbox 573 5364 2140 5438">
    <p class='ocr_par' dir='ltr' id='par_1_55' title="bbox 573 5364 2140 5438">
     <span class='ocr_line' id='line_1_55' title="bbox 573 5364 2140 5438; baseline 0.005 -21"><span class='ocrx_word' id='word_1_429' title='bbox 573 5364 764 5419; x_wconf 85' lang='lat' dir='ltr'><strong>Paulus</strong></span> <span class='ocrx_word' id='word_1_430' title='bbox 794 5376 961 5420; x_wconf 90' lang='lat' dir='ltr'><strong>autem</strong></span> <span class='ocrx_word' id='word_1_431' title='bbox 982 5367 1231 5435; x_wconf 85' lang='lat' dir='ltr'><strong>navigavit</strong></span> <span class='ocrx_word' id='word_1_432' title='bbox 1269 5366 1321 5420; x_wconf 84' lang='lat' dir='ltr'><strong>in</strong></span> <span class='ocrx_word' id='word_1_433' title='bbox 1348 5368 1573 5435; x_wconf 75' lang='lat' dir='ltr'><strong>Syriam,</strong></span> <span class='ocrx_word' id='word_1_434' title='bbox 1606 5368 1811 5438; x_wconf 88' lang='lat' dir='ltr'><strong>inquit,</strong></span> <span class='ocrx_word' id='word_1_435' title='bbox 1841 5379 1885 5423; x_wconf 86' lang='lat' dir='ltr'><strong>et</strong></span> <span class='ocrx_word' id='word_1_436' title='bbox 1912 5387 2025 5423; x_wconf 84' lang='lat' dir='ltr'><strong>cum</strong></span> <span class='ocrx_word' id='word_1_437' title='bbox 2051 5372 2140 5425; x_wconf 91' lang='lat' dir='ltr'><strong>illo</strong></span> 
     </span>
    </p>
   </div>
   <div class='ocr_carea' id='block_1_56' title="bbox 576 5455 2138 5532">
    <p class='ocr_par' dir='ltr' id='par_1_56' title="bbox 576 5455 2138 5532">
     <span class='ocr_line' id='line_1_56' title="bbox 576 5455 2138 5532; baseline 0.008 -25"><span class='ocrx_word' id='word_1_438' title='bbox 576 5455 811 5511; x_wconf 85' lang='lat' dir='ltr'><strong>Priscilla</strong></span> <span class='ocrx_word' id='word_1_439' title='bbox 846 5468 891 5511; x_wconf 87' lang='lat' dir='ltr'><strong>et</strong></span> <span class='ocrx_word' id='word_1_440' title='bbox 919 5460 1121 5525; x_wconf 82' lang='lat' dir='ltr'><strong>Aquila,</strong></span> <span class='ocrx_word' id='word_1_441' title='bbox 1152 5474 1305 5529; x_wconf 87' lang='lat' dir='ltr'><strong>quos,</strong></span> <span class='ocrx_word' id='word_1_442' title='bbox 1339 5474 1458 5513; x_wconf 88' lang='lat' dir='ltr'><strong>cum</strong></span> <span class='ocrx_word' id='word_1_443' title='bbox 1491 5462 1817 5528; x_wconf 83' lang='lat' dir='ltr'><strong>pervenisset</strong></span> <span class='ocrx_word' id='word_1_444' title='bbox 1844 5462 2138 5532; x_wconf 87' lang='lat' dir='ltr'><strong>Ephesum,</strong></span> 
     </span>
    </p>
   </div>
   <div class='ocr_carea' id='block_1_57' title="bbox 575 5548 2142 5620">
    <p class='ocr_par' dir='ltr' id='par_1_57' title="bbox 575 5548 2142 5620">
     <span class='ocr_line' id='line_1_57' title="bbox 575 5548 2142 5620; baseline 0.008 -23"><span class='ocrx_word' id='word_1_445' title='bbox 575 5549 642 5599; x_wconf 86' lang='lat' dir='ltr'><strong>ibi</strong></span> <span class='ocrx_word' id='word_1_446' title='bbox 671 5548 898 5617; x_wconf 89' lang='lat' dir='ltr'><strong>reliquit.</strong></span> <span class='ocrx_word' id='word_1_447' title='bbox 930 5549 1020 5603; x_wconf 88' lang='lat' dir='ltr'><strong>Vel</strong></span> <span class='ocrx_word' id='word_1_448' title='bbox 1048 5551 1165 5618; x_wconf 89' lang='lat' dir='ltr'><strong>quia</strong></span> <span class='ocrx_word' id='word_1_449' title='bbox 1198 5551 1403 5605; x_wconf 89' lang='lat' dir='ltr'><strong>nolebat</strong></span> <span class='ocrx_word' id='word_1_450' title='bbox 1432 5550 1547 5605; x_wconf 89' lang='lat' dir='ltr'><strong>illos</strong></span> <span class='ocrx_word' id='word_1_451' title='bbox 1573 5553 1991 5620; x_wconf 86' lang='lat' dir='ltr'><strong>circumducere,</strong></span> <span class='ocrx_word' id='word_1_452' title='bbox 2022 5555 2142 5610; x_wconf 89' lang='lat' dir='ltr'><strong>ideo</strong></span> 
     </span>
    </p>
   </div>
   <div class='ocr_carea' id='block_1_58' title="bbox 575 5638 2139 5715">
    <p class='ocr_par' dir='ltr' id='par_1_58' title="bbox 575 5638 2139 5715">
     <span class='ocr_line' id='line_1_58' title="bbox 575 5638 2139 5715; baseline 0.007 -25"><span class='ocrx_word' id='word_1_453' title='bbox 575 5638 789 5705; x_wconf 82' lang='lat' dir='ltr'><strong>reliquit</strong></span> <span class='ocrx_word' id='word_1_454' title='bbox 824 5655 838 5691; x_wconf 87' lang='lat'>:</span> <span class='ocrx_word' id='word_1_455' title='bbox 869 5640 947 5693; x_wconf 90' lang='lat' dir='ltr'><strong>vel</strong></span> <span class='ocrx_word' id='word_1_456' title='bbox 980 5641 1172 5707; x_wconf 83' lang='lat' dir='ltr'><strong>potius,</strong></span> <span class='ocrx_word' id='word_1_457' title='bbox 1208 5650 1260 5694; x_wconf 92' lang='lat' dir='ltr'><strong>ut</strong></span> <span class='ocrx_word' id='word_1_458' title='bbox 1301 5641 1545 5695; x_wconf 89' lang='lat' dir='ltr'><strong>doctores</strong></span> <span class='ocrx_word' id='word_1_459' title='bbox 1573 5654 1847 5700; x_wconf 89' lang='lat' dir='ltr'><strong>manerent</strong></span> <span class='ocrx_word' id='word_1_460' title='bbox 1872 5644 2139 5715; x_wconf 83' lang='lat' dir='ltr'><strong>Ephesiis.</strong></span> 
     </span>
    </p>
   </div>
   <div class='ocr_carea' id='block_1_59' title="bbox 577 5729 2141 5806">
    <p class='ocr_par' dir='ltr' id='par_1_59' title="bbox 577 5729 2141 5806">
     <span class='ocr_line' id='line_1_59' title="bbox 577 5729 2141 5806; baseline 0.006 -25"><span class='ocrx_word' id='word_1_461' title='bbox 577 5729 677 5796; x_wconf 81' lang='lat' dir='ltr'><strong>Ipsi</strong></span> <span class='ocrx_word' id='word_1_462' title='bbox 707 5744 832 5782; x_wconf 84' lang='lat' dir='ltr'><strong>vero</strong></span> <span class='ocrx_word' id='word_1_463' title='bbox 860 5742 1034 5797; x_wconf 80' lang='lat' dir='ltr'><strong>antea</strong></span> <span class='ocrx_word' id='word_1_464' title='bbox 1066 5731 1299 5788; x_wconf 86' lang='lat' dir='ltr'><strong>Corinthi</strong></span> <span class='ocrx_word' id='word_1_465' title='bbox 1332 5733 1651 5801; x_wconf 88' lang='lat' dir='ltr'><strong>habitarunt,</strong></span> <span class='ocrx_word' id='word_1_466' title='bbox 1680 5735 1746 5789; x_wconf 87' lang='lat' dir='ltr'><strong>de</strong></span> <span class='ocrx_word' id='word_1_467' title='bbox 1770 5738 1959 5806; x_wconf 89' lang='lat' dir='ltr'><strong>quibus</strong></span> <span class='ocrx_word' id='word_1_468' title='bbox 1981 5738 2141 5791; x_wconf 90' lang='lat' dir='ltr'><strong>etiam</strong></span> 
     </span>
    </p>
   </div>
   <div class='ocr_carea' id='block_1_60' title="bbox 574 5823 2143 5893">
    <p class='ocr_par' dir='ltr' id='par_1_60' title="bbox 574 5823 2143 5893">
     <span class='ocr_line' id='line_1_60' title="bbox 574 5823 2143 5893; baseline 0.008 -20"><span class='ocrx_word' id='word_1_469' title='bbox 574 5823 853 5893; x_wconf 72' lang='lat' dir='ltr'><strong>magniﬁco</strong></span> <span class='ocrx_word' id='word_1_470' title='bbox 899 5826 1227 5892; x_wconf 69' lang='lat' dir='ltr'><strong>testiﬁcatur,</strong></span> <span class='ocrx_word' id='word_1_471' title='bbox 1271 5836 1321 5880; x_wconf 81' lang='lat' dir='ltr'><strong>et</strong></span> <span class='ocrx_word' id='word_1_472' title='bbox 1373 5825 1625 5883; x_wconf 80' lang='lat' dir='ltr'><strong>Romanis</strong></span> <span class='ocrx_word' id='word_1_473' title='bbox 1674 5829 1913 5885; x_wconf 87' lang='lat' dir='ltr'><strong>scribens</strong></span> <span class='ocrx_word' id='word_1_474' title='bbox 1953 5832 2143 5887; x_wconf 86' lang='lat' dir='ltr'><strong>salutat</strong></span> 
     </span>
    </p>
   </div>
   <div class='ocr_carea' id='block_1_61' title="bbox 1347 384 3131 459">
    <p class='ocr_par' dir='ltr' id='par_1_61' title="bbox 1347 384 3131 459">
     <span class='ocr_line' id='line_1_61' title="bbox 1347 384 3131 459; baseline -0.012 0"><span class='ocrx_word' id='word_1_475' title='bbox 1347 404 1402 459; x_wconf 85' lang='lat' dir='ltr'><strong>S.</strong></span> <span class='ocrx_word' id='word_1_476' title='bbox 1443 398 1715 457; x_wconf 67' lang='lat' dir='ltr'><strong>JOANNIS</strong></span> <span class='ocrx_word' id='word_1_477' title='bbox 1750 388 2213 451; x_wconf 72' lang='lat' dir='ltr'><strong>(&#39;imYSOSTOMI</strong></span> <span class='ocrx_word' id='word_1_478' title='bbox 2253 388 2565 446; x_wconf 75' lang='lat' dir='ltr'><strong>ARCIIIEP.</strong></span> <span class='ocrx_word' id='word_1_479' title='bbox 2608 384 3131 445; x_wconf 75' lang='lat' dir='ltr'><strong>CONSTANTINOP.</strong></span> 
     </span>
    </p>
   </div>
   <div class='ocr_carea' id='block_1_62' title="bbox 3725 381 3835 437">
    <p class='ocr_par' dir='ltr' id='par_1_62' title="bbox 3725 381 3835 437">
     <span class='ocr_line' id='line_1_62' title="bbox 3725 381 3835 437; baseline 0.018 -2"><span class='ocrx_word' id='word_1_480' title='bbox 3725 381 3835 437; x_wconf 70' lang='grc'><strong>986</strong></span> 
     </span>
    </p>
   </div>
   <div class='ocr_carea' id='block_1_63' title="bbox 2257 500 3835 573">
    <p class='ocr_par' dir='ltr' id='par_1_63' title="bbox 2257 500 3835 573">
     <span class='ocr_line' id='line_1_63' title="bbox 2257 500 3835 573; baseline -0.003 -15"><span class='ocrx_word' id='word_1_481' title='bbox 2257 503 2419 573; x_wconf 53' lang='lat' dir='ltr'><strong>ipsos.</strong></span> <span class='ocrx_word' id='word_1_482' title='bbox 2451 504 2625 572; x_wconf 86' lang='lat' dir='ltr'><strong>Quare</strong></span> <span class='ocrx_word' id='word_1_483' title='bbox 2653 505 2860 560; x_wconf 84' lang='lat' dir='ltr'><strong>videtur</strong></span> <span class='ocrx_word' id='word_1_484' title='bbox 2910 504 3037 559; x_wconf 88' lang='lat' dir='ltr'><strong>mihi</strong></span> <span class='ocrx_word' id='word_1_485' title='bbox 3086 504 3225 572; x_wconf 85' lang='lat' dir='ltr'><strong>ipsos</strong></span> <span class='ocrx_word' id='word_1_486' title='bbox 3267 511 3447 573; x_wconf 82' lang='lat' dir='ltr'><strong>postea</strong></span> <span class='ocrx_word' id='word_1_487' title='bbox 3477 501 3688 557; x_wconf 79' lang='lat' dir='ltr'><strong>venisse</strong></span> <span class='ocrx_word' id='word_1_488' title='bbox 3715 500 3835 554; x_wconf 82' lang='lat' dir='ltr'><strong>Ro-</strong></span> 
     </span>
    </p>
   </div>
   <div class='ocr_carea' id='block_1_64' title="bbox 2250 590 3835 665">
    <p class='ocr_par' dir='ltr' id='par_1_64' title="bbox 2250 590 3835 665">
     <span class='ocr_line' id='line_1_64' title="bbox 2250 590 3835 665; baseline -0.001 -19"><span class='ocrx_word' id='word_1_489' title='bbox 2250 609 2428 660; x_wconf 90' lang='lat' dir='ltr'><strong>mam,</strong></span> <span class='ocrx_word' id='word_1_490' title='bbox 2471 604 2656 663; x_wconf 85' lang='lat' dir='ltr'><strong>utpote</strong></span> <span class='ocrx_word' id='word_1_491' title='bbox 2685 597 2771 665; x_wconf 87' lang='lat' dir='ltr'><strong>qui</strong></span> <span class='ocrx_word' id='word_1_492' title='bbox 2821 595 3044 649; x_wconf 87' lang='lat' dir='ltr'><strong>libenter</strong></span> <span class='ocrx_word' id='word_1_493' title='bbox 3085 592 3482 663; x_wconf 86' lang='lat' dir='ltr'><strong>frequentarent</strong></span> <span class='ocrx_word' id='word_1_494' title='bbox 3520 593 3657 657; x_wconf 88' lang='lat' dir='ltr'><strong>loca,</strong></span> <span class='ocrx_word' id='word_1_495' title='bbox 3685 590 3835 645; x_wconf 87' lang='lat' dir='ltr'><strong>unde</strong></span> 
     </span>
    </p>
   </div>
   <div class='ocr_carea' id='block_1_65' title="bbox 2250 683 3838 753">
    <p class='ocr_par' dir='ltr' id='par_1_65' title="bbox 2250 683 3838 753">
     <span class='ocr_line' id='line_1_65' title="bbox 2250 683 3838 753; baseline 0 -16"><span class='ocrx_word' id='word_1_496' title='bbox 2250 684 2401 753; x_wconf 71' lang='lat' dir='ltr'><strong>eiecti</strong></span> <span class='ocrx_word' id='word_1_497' title='bbox 2432 685 2639 740; x_wconf 88' lang='lat' dir='ltr'><strong>fuerant</strong></span> <span class='ocrx_word' id='word_1_498' title='bbox 2666 686 2764 740; x_wconf 85' lang='lat' dir='ltr'><strong>sub</strong></span> <span class='ocrx_word' id='word_1_499' title='bbox 2794 685 3025 741; x_wconf 88' lang='lat' dir='ltr'><strong>Nerone.</strong></span> <span class='ocrx_word' id='word_1_500' title='bbox 3055 685 3121 738; x_wconf 80' lang='lat' dir='ltr'><strong>Et</strong></span> <span class='ocrx_word' id='word_1_501' title='bbox 3150 685 3473 745; x_wconf 83' lang='lat' dir='ltr'><strong>descendens,</strong></span> <span class='ocrx_word' id='word_1_502' title='bbox 3504 685 3694 753; x_wconf 90' lang='lat' dir='ltr'><strong>inquit,</strong></span> <span class='ocrx_word' id='word_1_503' title='bbox 3723 683 3838 737; x_wconf 75' lang='grc' dir='ltr'><strong>ϐα·-</strong></span> 
     </span>
    </p>
   </div>
   <div class='ocr_carea' id='block_1_66' title="bbox 2249 774 3839 842">
    <p class='ocr_par' dir='ltr' id='par_1_66' title="bbox 2249 774 3839 842">
     <span class='ocr_line' id='line_1_66' title="bbox 2249 774 3839 842; baseline -0.001 -14"><span class='ocrx_word' id='word_1_504' title='bbox 2249 792 2464 842; x_wconf 87' lang='lat' dir='ltr'><strong>sareant,</strong></span> <span class='ocrx_word' id='word_1_505' title='bbox 2512 792 2625 829; x_wconf 90' lang='lat' dir='ltr'><strong>cum</strong></span> <span class='ocrx_word' id='word_1_506' title='bbox 2667 778 2971 831; x_wconf 84' lang='lat' dir='ltr'><strong>ascendisset</strong></span> <span class='ocrx_word' id='word_1_507' title='bbox 3010 788 3057 830; x_wconf 91' lang='lat' dir='ltr'><strong>et</strong></span> <span class='ocrx_word' id='word_1_508' title='bbox 3102 778 3365 831; x_wconf 86' lang='lat' dir='ltr'><strong>salutasset</strong></span> <span class='ocrx_word' id='word_1_509' title='bbox 3396 774 3695 837; x_wconf 86' lang='lat' dir='ltr'><strong>Ecclesiam,</strong></span> <span class='ocrx_word' id='word_1_510' title='bbox 3738 774 3839 827; x_wconf 63' lang='lat' dir='ltr'><strong>deo</strong></span> 
     </span>
    </p>
   </div>
   <div class='ocr_carea' id='block_1_67' title="bbox 2246 867 3835 938">
    <p class='ocr_par' dir='ltr' id='par_1_67' title="bbox 2246 867 3835 938">
     <span class='ocr_line' id='line_1_67' title="bbox 2246 867 3835 938; baseline 0.001 -20"><span class='ocrx_word' id='word_1_511' title='bbox 2246 867 2435 921; x_wconf 87' lang='lat' dir='ltr'><strong>scendit</strong></span> <span class='ocrx_word' id='word_1_512' title='bbox 2466 868 2823 936; x_wconf 87' lang='lat' dir='ltr'><strong>Antiochiam,</strong></span> <span class='ocrx_word' id='word_1_513' title='bbox 2850 879 3119 937; x_wconf 71' lang='lat' dir='ltr'><strong>exactaque</strong></span> <span class='ocrx_word' id='word_1_514' title='bbox 3158 869 3227 922; x_wconf 90' lang='lat' dir='ltr'><strong>ibi</strong></span> <span class='ocrx_word' id='word_1_515' title='bbox 3271 870 3529 938; x_wconf 87' lang='lat' dir='ltr'><strong>aliquanto</strong></span> <span class='ocrx_word' id='word_1_516' title='bbox 3565 876 3790 935; x_wconf 84' lang='lat' dir='ltr'><strong>tempore</strong></span> <span class='ocrx_word' id='word_1_517' title='bbox 3817 908 3835 930; x_wconf 89' lang='lat'><strong>,</strong></span> 
     </span>
    </p>
   </div>
   <div class='ocr_carea' id='block_1_68' title="bbox 2247 958 3837 1032">
    <p class='ocr_par' dir='ltr' id='par_1_68' title="bbox 2247 958 3837 1032">
     <span class='ocr_line' id='line_1_68' title="bbox 2247 958 3837 1032; baseline 0 -21"><span class='ocrx_word' id='word_1_518' title='bbox 2247 960 2385 1027; x_wconf 78' lang='lat' dir='ltr'><strong>exiit,</strong></span> <span class='ocrx_word' id='word_1_519' title='bbox 2419 962 2758 1028; x_wconf 88' lang='lat' dir='ltr'><strong>pertransiens</strong></span> <span class='ocrx_word' id='word_1_520' title='bbox 2800 960 3081 1015; x_wconf 81' lang='lat' dir='ltr'><strong>Galaticum</strong></span> <span class='ocrx_word' id='word_1_521' title='bbox 3110 964 3287 1016; x_wconf 73' lang='lat' dir='ltr'><strong>exinde</strong></span> <span class='ocrx_word' id='word_1_522' title='bbox 3310 963 3558 1032; x_wconf 85' lang='lat' dir='ltr'><strong>regionem</strong></span> <span class='ocrx_word' id='word_1_523' title='bbox 3586 970 3633 1015; x_wconf 91' lang='lat' dir='ltr'><strong>et</strong></span> <span class='ocrx_word' id='word_1_524' title='bbox 3666 958 3837 1029; x_wconf 81' lang='lat' dir='ltr'><strong>Pliry-</strong></span> 
     </span>
    </p>
   </div>
   <div class='ocr_carea' id='block_1_69' title="bbox 2245 1050 3832 1122">
    <p class='ocr_par' dir='ltr' id='par_1_69' title="bbox 2245 1050 3832 1122">
     <span class='ocr_line' id='line_1_69' title="bbox 2245 1050 3832 1122; baseline 0.001 -19"><span class='ocrx_word' id='word_1_525' title='bbox 2245 1050 2399 1121; x_wconf 89' lang='lat' dir='ltr'><strong>giam.</strong></span> <span class='ocrx_word' id='word_1_526' title='bbox 2428 1050 2647 1107; x_wconf 82' lang='lat' dir='ltr'><strong>Videtur</strong></span> <span class='ocrx_word' id='word_1_527' title='bbox 2699 1052 2829 1107; x_wconf 92' lang='lat' dir='ltr'><strong>mihi</strong></span> <span class='ocrx_word' id='word_1_528' title='bbox 2877 1052 3060 1109; x_wconf 87' lang='lat' dir='ltr'><strong>fideles</strong></span> <span class='ocrx_word' id='word_1_529' title='bbox 3105 1053 3210 1107; x_wconf 92' lang='lat' dir='ltr'><strong>illic</strong></span> <span class='ocrx_word' id='word_1_530' title='bbox 3259 1060 3554 1108; x_wconf 88' lang='lat' dir='ltr'><strong>conventus</strong></span> <span class='ocrx_word' id='word_1_531' title='bbox 3604 1051 3832 1122; x_wconf 78' lang='lat' dir='ltr'><strong>egisse:</strong></span> 
     </span>
    </p>
   </div>
   <div class='ocr_carea' id='block_1_70' title="bbox 2248 1144 3837 1213">
    <p class='ocr_par' dir='ltr' id='par_1_70' title="bbox 2248 1144 3837 1213">
     <span class='ocr_line' id='line_1_70' title="bbox 2248 1144 3837 1213; baseline 0 -18"><span class='ocrx_word' id='word_1_532' title='bbox 2248 1157 2352 1196; x_wconf 92' lang='lat' dir='ltr'><strong>non</strong></span> <span class='ocrx_word' id='word_1_533' title='bbox 2374 1144 2514 1198; x_wconf 91' lang='lat' dir='ltr'><strong>enim</strong></span> <span class='ocrx_word' id='word_1_534' title='bbox 2542 1145 2720 1200; x_wconf 85' lang='lat' dir='ltr'><strong>statim</strong></span> <span class='ocrx_word' id='word_1_535' title='bbox 2750 1145 2866 1200; x_wconf 89' lang='lat' dir='ltr'><strong>illos</strong></span> <span class='ocrx_word' id='word_1_536' title='bbox 2896 1144 3294 1201; x_wconf 84' lang='lat' dir='ltr'><strong>abstrahebant.</strong></span> <span class='ocrx_word' id='word_1_537' title='bbox 3331 1145 3463 1198; x_wconf 88' lang='lat' dir='ltr'><strong>Vide</strong></span> <span class='ocrx_word' id='word_1_538' title='bbox 3482 1152 3658 1199; x_wconf 88' lang='lat' dir='ltr'><strong>autem</strong></span> <span class='ocrx_word' id='word_1_539' title='bbox 3690 1159 3837 1213; x_wconf 66' lang='lat' dir='ltr'><strong>quo.</strong></span> 
     </span>
    </p>
   </div>
   <div class='ocr_carea' id='block_1_71' title="bbox 2247 1233 3831 1307">
    <p class='ocr_par' dir='ltr' id='par_1_71' title="bbox 2247 1233 3831 1307">
     <span class='ocr_line' id='line_1_71' title="bbox 2247 1233 3831 1307; baseline 0 -21"><span class='ocrx_word' id='word_1_540' title='bbox 2247 1233 2405 1288; x_wconf 91' lang='lat' dir='ltr'><strong>modo</strong></span> <span class='ocrx_word' id='word_1_541' title='bbox 2432 1235 2550 1290; x_wconf 91' lang='lat' dir='ltr'><strong>illos</strong></span> <span class='ocrx_word' id='word_1_542' title='bbox 2581 1247 2781 1305; x_wconf 84' lang='lat' dir='ltr'><strong>urgeat.</strong></span> <span class='ocrx_word' id='word_1_543' title='bbox 2813 1238 2874 1291; x_wconf 86' lang='lat' dir='ltr'><strong>Et</strong></span> <span class='ocrx_word' id='word_1_544' title='bbox 2896 1238 2991 1291; x_wconf 89' lang='lat' dir='ltr'><strong>has</strong></span> <span class='ocrx_word' id='word_1_545' title='bbox 3021 1237 3263 1307; x_wconf 82' lang='lat' dir='ltr'><strong>regiones</strong></span> <span class='ocrx_word' id='word_1_546' title='bbox 3291 1237 3481 1290; x_wconf 86' lang='lat' dir='ltr'><strong>iterum</strong></span> <span class='ocrx_word' id='word_1_547' title='bbox 3512 1234 3831 1305; x_wconf 86' lang='lat' dir='ltr'><strong>pertransit,</strong></span> 
     </span>
    </p>
   </div>
   <div class='ocr_carea' id='block_1_72' title="bbox 2246 1327 3834 1400">
    <p class='ocr_par' dir='ltr' id='par_1_72' title="bbox 2246 1327 3834 1400">
     <span class='ocr_line' id='line_1_72' title="bbox 2246 1327 3834 1400; baseline -0.001 -20"><span class='ocrx_word' id='word_1_548' title='bbox 2246 1334 2303 1380; x_wconf 92' lang='lat' dir='ltr'><strong>ut</strong></span> <span class='ocrx_word' id='word_1_549' title='bbox 2347 1329 2625 1396; x_wconf 64' lang='lat' dir='ltr'><strong>praesentia</strong></span> <span class='ocrx_word' id='word_1_550' title='bbox 2670 1344 2764 1383; x_wconf 89' lang='lat' dir='ltr'><strong>sua</strong></span> <span class='ocrx_word' id='word_1_551' title='bbox 2796 1329 3082 1400; x_wconf 86' lang='lat' dir='ltr'><strong>discipulos</strong></span> <span class='ocrx_word' id='word_1_552' title='bbox 3128 1330 3424 1384; x_wconf 89' lang='lat' dir='ltr'><strong>conﬁrmet.</strong></span> <span class='ocrx_word' id='word_1_553' title='bbox 3454 1327 3665 1380; x_wconf 75' lang='lat' dir='ltr'><strong>Judmtt</strong></span> <span class='ocrx_word' id='word_1_554' title='bbox 3708 1342 3834 1379; x_wconf 82' lang='lat' dir='ltr'><strong>vero</strong></span> 
     </span>
    </p>
   </div>
   <div class='ocr_carea' id='block_1_73' title="bbox 2243 1417 3832 1489">
    <p class='ocr_par' dir='ltr' id='par_1_73' title="bbox 2243 1417 3832 1489">
     <span class='ocr_line' id='line_1_73' title="bbox 2243 1417 3832 1489; baseline 0.001 -21"><span class='ocrx_word' id='word_1_555' title='bbox 2243 1417 2469 1484; x_wconf 87' lang='lat' dir='ltr'><strong>quidam,</strong></span> <span class='ocrx_word' id='word_1_556' title='bbox 2498 1418 2689 1487; x_wconf 90' lang='lat' dir='ltr'><strong>inquit,</strong></span> <span class='ocrx_word' id='word_1_557' title='bbox 2734 1420 2916 1489; x_wconf 87' lang='lat' dir='ltr'><strong>Apollo</strong></span> <span class='ocrx_word' id='word_1_558' title='bbox 2944 1422 3163 1487; x_wconf 84' lang='lat' dir='ltr'><strong>nomine,</strong></span> <span class='ocrx_word' id='word_1_559' title='bbox 3181 1423 3319 1476; x_wconf 81' lang='lat' dir='ltr'><strong>venit</strong></span> <span class='ocrx_word' id='word_1_560' title='bbox 3338 1418 3614 1489; x_wconf 82' lang='lat' dir='ltr'><strong>Ephesum,</strong></span> <span class='ocrx_word' id='word_1_561' title='bbox 3645 1427 3832 1488; x_wconf 84' lang='lat' dir='ltr'><strong>potens</strong></span> 
     </span>
    </p>
   </div>
   <div class='ocr_carea' id='block_1_74' title="bbox 2242 1507 3832 1579">
    <p class='ocr_par' dir='ltr' id='par_1_74' title="bbox 2242 1507 3832 1579">
     <span class='ocr_line' id='line_1_74' title="bbox 2242 1507 3832 1579; baseline 0.002 -20"><span class='ocrx_word' id='word_1_562' title='bbox 2242 1507 2294 1559; x_wconf 91' lang='lat' dir='ltr'><strong>in</strong></span> <span class='ocrx_word' id='word_1_563' title='bbox 2326 1508 2623 1576; x_wconf 87' lang='lat' dir='ltr'><strong>Scripturis.</strong></span> <span class='ocrx_word' id='word_1_564' title='bbox 2655 1509 2825 1563; x_wconf 82' lang='lat' dir='ltr'><strong>Homo</strong></span> <span class='ocrx_word' id='word_1_565' title='bbox 2870 1510 3093 1579; x_wconf 87' lang='lat' dir='ltr'><strong>diligens</strong></span> <span class='ocrx_word' id='word_1_566' title='bbox 3138 1519 3285 1573; x_wconf 87' lang='lat' dir='ltr'><strong>erat;</strong></span> <span class='ocrx_word' id='word_1_567' title='bbox 3316 1509 3539 1578; x_wconf 89' lang='lat' dir='ltr'><strong>ideoque</strong></span> <span class='ocrx_word' id='word_1_568' title='bbox 3586 1508 3832 1578; x_wconf 85' lang='lat' dir='ltr'><strong>peregri-</strong></span> 
     </span>
    </p>
   </div>
   <div class='ocr_carea' id='block_1_75' title="bbox 2244 1598 3829 1670">
    <p class='ocr_par' dir='ltr' id='par_1_75' title="bbox 2244 1598 3829 1670">
     <span class='ocr_line' id='line_1_75' title="bbox 2244 1598 3829 1670; baseline 0.002 -20"><span class='ocrx_word' id='word_1_569' title='bbox 2244 1598 2486 1654; x_wconf 89' lang='lat' dir='ltr'><strong>nabatur.</strong></span> <span class='ocrx_word' id='word_1_570' title='bbox 2523 1599 2624 1667; x_wconf 89' lang='lat' dir='ltr'><strong>Qui</strong></span> <span class='ocrx_word' id='word_1_571' title='bbox 2650 1616 2762 1653; x_wconf 91' lang='lat' dir='ltr'><strong>cum</strong></span> <span class='ocrx_word' id='word_1_572' title='bbox 2790 1602 3020 1667; x_wconf 77' lang='lat' dir='ltr'><strong>venisset,</strong></span> <span class='ocrx_word' id='word_1_573' title='bbox 3054 1601 3252 1670; x_wconf 92' lang='lat' dir='ltr'><strong>inquit,</strong></span> <span class='ocrx_word' id='word_1_574' title='bbox 3279 1602 3332 1654; x_wconf 90' lang='lat' dir='ltr'><strong>in</strong></span> <span class='ocrx_word' id='word_1_575' title='bbox 3370 1601 3637 1665; x_wconf 86' lang='lat' dir='ltr'><strong>Achaiam,</strong></span> <span class='ocrx_word' id='word_1_576' title='bbox 3668 1602 3829 1653; x_wconf 84' lang='lat' dir='ltr'><strong>vehe-</strong></span> 
     </span>
    </p>
   </div>
   <div class='ocr_carea' id='block_1_76' title="bbox 2242 1688 3832 1761">
    <p class='ocr_par' dir='ltr' id='par_1_76' title="bbox 2242 1688 3832 1761">
     <span class='ocr_line' id='line_1_76' title="bbox 2242 1688 3832 1761; baseline 0.004 -24"><span class='ocrx_word' id='word_1_577' title='bbox 2242 1702 2297 1738; x_wconf 85' lang='lat' dir='ltr'><strong>m.</strong></span> <span class='ocrx_word' id='word_1_578' title='bbox 2323 1698 2431 1741; x_wconf 63' lang='lat' dir='ltr'><strong>ater</strong></span> <span class='ocrx_word' id='word_1_579' title='bbox 2460 1689 2736 1743; x_wconf 88' lang='lat' dir='ltr'><strong>revincebat</strong></span> <span class='ocrx_word' id='word_1_580' title='bbox 2775 1688 2987 1745; x_wconf 77' lang='lat' dir='ltr'><strong>Juda’os</strong></span> <span class='ocrx_word' id='word_1_581' title='bbox 3036 1691 3246 1761; x_wconf 86' lang='lat' dir='ltr'><strong>publice.</strong></span> <span class='ocrx_word' id='word_1_582' title='bbox 3279 1692 3352 1744; x_wconf 85' lang='lat' dir='ltr'><strong>De</strong></span> <span class='ocrx_word' id='word_1_583' title='bbox 3382 1705 3487 1761; x_wconf 91' lang='lat' dir='ltr'><strong>quo</strong></span> <span class='ocrx_word' id='word_1_584' title='bbox 3516 1690 3714 1745; x_wconf 87' lang='lat' dir='ltr'><strong>Paulus</strong></span> <span class='ocrx_word' id='word_1_585' title='bbox 3742 1690 3832 1744; x_wconf 82' lang='lat' dir='ltr'><strong>di-</strong></span> 
     </span>
    </p>
   </div>
   <div class='ocr_carea' id='block_1_77' title="bbox 2244 1777 3829 1853">
    <p class='ocr_par' dir='ltr' id='par_1_77' title="bbox 2244 1777 3829 1853">
     <span class='ocr_line' id='line_1_77' title="bbox 2244 1777 3829 1853; baseline 0.003 -22"><span class='ocrx_word' id='word_1_586' title='bbox 2244 1777 2395 1832; x_wconf 89' lang='lat' dir='ltr'><strong>cebat</strong></span> <span class='ocrx_word' id='word_1_587' title='bbox 2424 1794 2436 1831; x_wconf 93' lang='lat'>:</span> <span class='ocrx_word' id='word_1_588' title='bbox 2468 1778 2543 1833; x_wconf 90' lang='lat' dir='ltr'><strong>De</strong></span> <span class='ocrx_word' id='word_1_589' title='bbox 2563 1780 2748 1848; x_wconf 87' lang='lat' dir='ltr'><strong>Apollo</strong></span> <span class='ocrx_word' id='word_1_590' title='bbox 2769 1791 2934 1835; x_wconf 87' lang='lat' dir='ltr'><strong>autem</strong></span> <span class='ocrx_word' id='word_1_591' title='bbox 2962 1784 3120 1853; x_wconf 79' lang='lat' dir='ltr'><strong>fratre</strong></span> <span class='ocrx_word' id='word_1_592' title='bbox 3158 1783 3235 1851; x_wconf 92' lang='grc'><strong>(1.</strong></span> <span class='ocrx_word' id='word_1_593' title='bbox 3260 1783 3377 1837; x_wconf 88' lang='lat' dir='ltr'><strong>Cor.</strong></span> <span class='ocrx_word' id='word_1_594' title='bbox 3410 1783 3496 1837; x_wconf 88' lang='grc'><strong>16.</strong></span> <span class='ocrx_word' id='word_1_595' title='bbox 3524 1783 3636 1852; x_wconf 69' lang='grc' dir='ltr'><strong>ΙΞ).</strong></span> <span class='ocrx_word' id='word_1_596' title='bbox 3666 1782 3829 1849; x_wconf 76' lang='lat' dir='ltr'><strong>Quod</strong></span> 
     </span>
    </p>
   </div>
   <div class='ocr_carea' id='block_1_78' title="bbox 2242 1870 3828 1944">
    <p class='ocr_par' dir='ltr' id='par_1_78' title="bbox 2242 1870 3828 1944">
     <span class='ocr_line' id='line_1_78' title="bbox 2242 1870 3828 1944; baseline 0.003 -21"><span class='ocrx_word' id='word_1_597' title='bbox 2242 1870 2451 1938; x_wconf 89' lang='lat' dir='ltr'><strong>publice</strong></span> <span class='ocrx_word' id='word_1_598' title='bbox 2478 1873 2845 1944; x_wconf 82' lang='lat' dir='ltr'><strong>redargueret,</strong></span> <span class='ocrx_word' id='word_1_599' title='bbox 2870 1873 2995 1928; x_wconf 91' lang='lat' dir='ltr'><strong>hinc</strong></span> <span class='ocrx_word' id='word_1_600' title='bbox 3024 1874 3211 1930; x_wconf 89' lang='lat' dir='ltr'><strong>ﬁducia</strong></span> <span class='ocrx_word' id='word_1_601' title='bbox 3238 1873 3653 1938; x_wconf 89' lang='lat' dir='ltr'><strong>ostendebatur;</strong></span> <span class='ocrx_word' id='word_1_602' title='bbox 3677 1875 3828 1943; x_wconf 89' lang='lat' dir='ltr'><strong>quod</strong></span> 
     </span>
    </p>
   </div>
   <div class='ocr_carea' id='block_1_79' title="bbox 2241 1965 3829 2040">
    <p class='ocr_par' dir='ltr' id='par_1_79' title="bbox 2241 1965 3829 2040">
     <span class='ocr_line' id='line_1_79' title="bbox 2241 1965 3829 2040; baseline 0.001 -21"><span class='ocrx_word' id='word_1_603' title='bbox 2241 1965 2586 2023; x_wconf 86' lang='lat' dir='ltr'><strong>vehementer</strong></span> <span class='ocrx_word' id='word_1_604' title='bbox 2615 1969 2837 2024; x_wconf 89' lang='lat' dir='ltr'><strong>facultas</strong></span> <span class='ocrx_word' id='word_1_605' title='bbox 2866 1970 3101 2025; x_wconf 87' lang='lat' dir='ltr'><strong>enitebat</strong></span> <span class='ocrx_word' id='word_1_606' title='bbox 3126 1988 3140 2035; x_wconf 86' lang='lat'><strong>;</strong></span> <span class='ocrx_word' id='word_1_607' title='bbox 3169 1970 3312 2040; x_wconf 93' lang='lat' dir='ltr'><strong>quod</strong></span> <span class='ocrx_word' id='word_1_608' title='bbox 3341 1985 3406 2025; x_wconf 86' lang='lat' dir='ltr'><strong>ex</strong></span> <span class='ocrx_word' id='word_1_609' title='bbox 3450 1969 3643 2024; x_wconf 87' lang='lat' dir='ltr'><strong>divinis</strong></span> <span class='ocrx_word' id='word_1_610' title='bbox 3670 1968 3829 2023; x_wconf 84' lang='lat' dir='ltr'><strong>Scri-</strong></span> 
     </span>
    </p>
   </div>
   <div class='ocr_carea' id='block_1_80' title="bbox 2240 2059 3831 2131">
    <p class='ocr_par' dir='ltr' id='par_1_80' title="bbox 2240 2059 3831 2131">
     <span class='ocr_line' id='line_1_80' title="bbox 2240 2059 3831 2131; baseline 0.003 -20"><span class='ocrx_word' id='word_1_611' title='bbox 2240 2059 2409 2127; x_wconf 90' lang='lat' dir='ltr'><strong>pturis</strong></span> <span class='ocrx_word' id='word_1_612' title='bbox 2435 2059 2781 2127; x_wconf 88' lang='lat' dir='ltr'><strong>ostenderet,</strong></span> <span class='ocrx_word' id='word_1_613' title='bbox 2815 2062 3142 2131; x_wconf 88' lang='lat' dir='ltr'><strong>experientia</strong></span> <span class='ocrx_word' id='word_1_614' title='bbox 3190 2060 3609 2116; x_wconf 86' lang='lat' dir='ltr'><strong>monstrabatur.</strong></span> <span class='ocrx_word' id='word_1_615' title='bbox 3640 2060 3831 2130; x_wconf 80' lang='lat' dir='ltr'><strong>Neque</strong></span> 
     </span>
    </p>
   </div>
   <div class='ocr_carea' id='block_1_81' title="bbox 2240 2151 3830 2223">
    <p class='ocr_par' dir='ltr' id='par_1_81' title="bbox 2240 2151 3830 2223">
     <span class='ocr_line' id='line_1_81' title="bbox 2240 2151 3830 2223; baseline 0.001 -18"><span class='ocrx_word' id='word_1_616' title='bbox 2240 2153 2381 2206; x_wconf 90' lang='lat' dir='ltr'><strong>enim</strong></span> <span class='ocrx_word' id='word_1_617' title='bbox 2424 2153 2632 2207; x_wconf 87' lang='lat' dir='ltr'><strong>dicendi</strong></span> <span class='ocrx_word' id='word_1_618' title='bbox 2674 2153 2892 2209; x_wconf 89' lang='lat' dir='ltr'><strong>libertas</strong></span> <span class='ocrx_word' id='word_1_619' title='bbox 2920 2154 3117 2223; x_wconf 90' lang='lat' dir='ltr'><strong>aliquid</strong></span> <span class='ocrx_word' id='word_1_620' title='bbox 3145 2153 3383 2222; x_wconf 89' lang='lat' dir='ltr'><strong>perﬁcit,</strong></span> <span class='ocrx_word' id='word_1_621' title='bbox 3408 2152 3628 2208; x_wconf 91' lang='lat' dir='ltr'><strong>absente</strong></span> <span class='ocrx_word' id='word_1_622' title='bbox 3655 2151 3830 2206; x_wconf 81' lang='lat' dir='ltr'><strong>facul-</strong></span> 
     </span>
    </p>
   </div>
   <div class='ocr_carea' id='block_1_82' title="bbox 2242 2244 3830 2317">
    <p class='ocr_par' dir='ltr' id='par_1_82' title="bbox 2242 2244 3830 2317">
     <span class='ocr_line' id='line_1_82' title="bbox 2242 2244 3830 2317; baseline 0 -18"><span class='ocrx_word' id='word_1_623' title='bbox 2242 2257 2381 2311; x_wconf 91' lang='lat' dir='ltr'><strong>tate;</strong></span> <span class='ocrx_word' id='word_1_624' title='bbox 2417 2262 2587 2317; x_wconf 91' lang='lat' dir='ltr'><strong>neque</strong></span> <span class='ocrx_word' id='word_1_625' title='bbox 2619 2245 2843 2301; x_wconf 85' lang='lat' dir='ltr'><strong>facultas</strong></span> <span class='ocrx_word' id='word_1_626' title='bbox 2871 2246 3089 2301; x_wconf 89' lang='lat' dir='ltr'><strong>absente</strong></span> <span class='ocrx_word' id='word_1_627' title='bbox 3115 2246 3377 2300; x_wconf 85' lang='lat' dir='ltr'><strong>libertate.</strong></span> <span class='ocrx_word' id='word_1_628' title='bbox 3402 2244 3544 2313; x_wconf 86' lang='lat' dir='ltr'><strong>Ergo</strong></span> <span class='ocrx_word' id='word_1_629' title='bbox 3571 2260 3672 2298; x_wconf 92' lang='lat' dir='ltr'><strong>non</strong></span> <span class='ocrx_word' id='word_1_630' title='bbox 3703 2244 3830 2299; x_wconf 89' lang='lat' dir='ltr'><strong>sine</strong></span> 
     </span>
    </p>
   </div>
   <div class='ocr_carea' id='block_1_83' title="bbox 2240 2336 3830 2408">
    <p class='ocr_par' dir='ltr' id='par_1_83' title="bbox 2240 2336 3830 2408">
     <span class='ocr_line' id='line_1_83' title="bbox 2240 2336 3830 2408; baseline -0.001 -17"><span class='ocrx_word' id='word_1_631' title='bbox 2240 2352 2399 2391; x_wconf 86' lang='lat' dir='ltr'><strong>causa</strong></span> <span class='ocrx_word' id='word_1_632' title='bbox 2446 2338 2690 2408; x_wconf 84' lang='lat' dir='ltr'><strong>Aquilam</strong></span> <span class='ocrx_word' id='word_1_633' title='bbox 2740 2338 2954 2408; x_wconf 90' lang='lat' dir='ltr'><strong>reliquit</strong></span> <span class='ocrx_word' id='word_1_634' title='bbox 2994 2337 3217 2407; x_wconf 88' lang='lat' dir='ltr'><strong>Ephesi,</strong></span> <span class='ocrx_word' id='word_1_635' title='bbox 3244 2336 3338 2391; x_wconf 87' lang='lat' dir='ltr'><strong>sed</strong></span> <span class='ocrx_word' id='word_1_636' title='bbox 3382 2346 3601 2406; x_wconf 88' lang='lat' dir='ltr'><strong>propter</strong></span> <span class='ocrx_word' id='word_1_637' title='bbox 3629 2337 3830 2405; x_wconf 82' lang='lat' dir='ltr'><strong>Apollo</strong></span> 
     </span>
    </p>
   </div>
   <div class='ocr_carea' id='block_1_84' title="bbox 2239 2428 3831 2501">
    <p class='ocr_par' dir='ltr' id='par_1_84' title="bbox 2239 2428 3831 2501">
     <span class='ocr_line' id='line_1_84' title="bbox 2239 2428 3831 2501; baseline -0.001 -17"><span class='ocrx_word' id='word_1_638' title='bbox 2239 2432 2416 2485; x_wconf 81' lang='lat' dir='ltr'><strong>forsan</strong></span> <span class='ocrx_word' id='word_1_639' title='bbox 2448 2430 2679 2501; x_wconf 91' lang='lat' dir='ltr'><strong>Spiritus</strong></span> <span class='ocrx_word' id='word_1_640' title='bbox 2704 2430 2805 2486; x_wconf 89' lang='lat' dir='ltr'><strong>hoc</strong></span> <span class='ocrx_word' id='word_1_641' title='bbox 2835 2431 3182 2501; x_wconf 86' lang='lat' dir='ltr'><strong>dispensavit,</strong></span> <span class='ocrx_word' id='word_1_642' title='bbox 3209 2439 3265 2485; x_wconf 91' lang='lat' dir='ltr'><strong>ut</strong></span> <span class='ocrx_word' id='word_1_643' title='bbox 3291 2430 3477 2485; x_wconf 90' lang='lat' dir='ltr'><strong>fortior</strong></span> <span class='ocrx_word' id='word_1_644' title='bbox 3504 2428 3831 2483; x_wconf 81' lang='lat' dir='ltr'><strong>ascenderet</strong></span> 
     </span>
    </p>
   </div>
   <div class='ocr_carea' id='block_1_85' title="bbox 2236 2519 3825 2584">
    <p class='ocr_par' dir='ltr' id='par_1_85' title="bbox 2236 2519 3825 2584">
     <span class='ocr_line' id='line_1_85' title="bbox 2236 2519 3825 2584; baseline -0.001 -9"><span class='ocrx_word' id='word_1_645' title='bbox 2236 2520 2666 2575; x_wconf 84' lang='lat' dir='ltr'><strong>Corinthum.Et</strong></span> <span class='ocrx_word' id='word_1_646' title='bbox 2694 2536 2791 2576; x_wconf 89' lang='lat' dir='ltr'><strong>cur</strong></span> <span class='ocrx_word' id='word_1_647' title='bbox 2836 2521 2958 2575; x_wconf 90' lang='lat' dir='ltr'><strong>huic</strong></span> <span class='ocrx_word' id='word_1_648' title='bbox 3003 2521 3133 2575; x_wconf 92' lang='lat' dir='ltr'><strong>nihil</strong></span> <span class='ocrx_word' id='word_1_649' title='bbox 3184 2520 3463 2584; x_wconf 86' lang='lat' dir='ltr'><strong>fecerunt,</strong></span> <span class='ocrx_word' id='word_1_650' title='bbox 3495 2521 3547 2573; x_wconf 91' lang='lat' dir='ltr'><strong>in</strong></span> <span class='ocrx_word' id='word_1_651' title='bbox 3596 2519 3825 2573; x_wconf 78' lang='lat' dir='ltr'><strong>Paulum</strong></span> 
     </span>
    </p>
   </div>
   <div class='ocr_carea' id='block_1_86' title="bbox 2237 2611 3823 2683">
    <p class='ocr_par' dir='ltr' id='par_1_86' title="bbox 2237 2611 3823 2683">
     <span class='ocr_line' id='line_1_86' title="bbox 2237 2611 3823 2683; baseline 0 -18"><span class='ocrx_word' id='word_1_652' title='bbox 2237 2620 2414 2667; x_wconf 88' lang='lat' dir='ltr'><strong>autem</strong></span> <span class='ocrx_word' id='word_1_653' title='bbox 2458 2612 2785 2682; x_wconf 80' lang='lat' dir='ltr'><strong>insurgunt?</strong></span> <span class='ocrx_word' id='word_1_654' title='bbox 2816 2613 3069 2668; x_wconf 89' lang='lat' dir='ltr'><strong>Sciebant</strong></span> <span class='ocrx_word' id='word_1_655' title='bbox 3094 2612 3243 2667; x_wconf 91' lang='lat' dir='ltr'><strong>illum</strong></span> <span class='ocrx_word' id='word_1_656' title='bbox 3284 2611 3625 2683; x_wconf 71' lang='lat' dir='ltr'><strong>coryphaaum</strong></span> <span class='ocrx_word' id='word_1_657' title='bbox 3654 2624 3823 2677; x_wconf 80' lang='lat' dir='ltr'><strong>esse;</strong></span> 
     </span>
    </p>
   </div>
   <div class='ocr_carea' id='block_1_87' title="bbox 2240 2706 3827 2777">
    <p class='ocr_par' dir='ltr' id='par_1_87' title="bbox 2240 2706 3827 2777">
     <span class='ocr_line' id='line_1_87' title="bbox 2240 2706 3827 2777; baseline 0.001 -22"><span class='ocrx_word' id='word_1_658' title='bbox 2240 2706 2321 2759; x_wconf 80' lang='lat' dir='ltr'><strong>vel</strong></span> <span class='ocrx_word' id='word_1_659' title='bbox 2353 2707 2475 2776; x_wconf 88' lang='lat' dir='ltr'><strong>quia</strong></span> <span class='ocrx_word' id='word_1_660' title='bbox 2502 2722 2747 2777; x_wconf 90' lang='lat' dir='ltr'><strong>magnum</strong></span> <span class='ocrx_word' id='word_1_661' title='bbox 2780 2716 2895 2761; x_wconf 91' lang='lat' dir='ltr'><strong>erat</strong></span> <span class='ocrx_word' id='word_1_662' title='bbox 2922 2708 3020 2760; x_wconf 91' lang='lat' dir='ltr'><strong>viri</strong></span> <span class='ocrx_word' id='word_1_663' title='bbox 3050 2722 3262 2761; x_wconf 91' lang='lat' dir='ltr'><strong>nomen.</strong></span> <span class='ocrx_word' id='word_1_664' title='bbox 3300 2708 3621 2759; x_wconf 82' lang='lat' dir='ltr'><strong>Assumentes</strong></span> <span class='ocrx_word' id='word_1_665' title='bbox 3651 2714 3827 2757; x_wconf 82' lang='lat' dir='ltr'><strong>autem</strong></span> 
     </span>
    </p>
   </div>
   <div class='ocr_carea' id='block_1_88' title="bbox 2238 2796 3831 2868">
    <p class='ocr_par' dir='ltr' id='par_1_88' title="bbox 2238 2796 3831 2868">
     <span class='ocr_line' id='line_1_88' title="bbox 2238 2796 3831 2868; baseline -0.001 -18"><span class='ocrx_word' id='word_1_666' title='bbox 2238 2798 2404 2861; x_wconf 89' lang='lat' dir='ltr'><strong>illum,</strong></span> <span class='ocrx_word' id='word_1_667' title='bbox 2436 2798 2628 2868; x_wconf 89' lang='lat' dir='ltr'><strong>inquit,</strong></span> <span class='ocrx_word' id='word_1_668' title='bbox 2660 2799 2845 2868; x_wconf 86' lang='lat' dir='ltr'><strong>Aquila</strong></span> <span class='ocrx_word' id='word_1_669' title='bbox 2872 2808 2917 2867; x_wconf 81' lang='lat' dir='ltr'><strong>et</strong></span> <span class='ocrx_word' id='word_1_670' title='bbox 2951 2796 3189 2852; x_wconf 77' lang='lat' dir='ltr'><strong>Priscilla</strong></span> <span class='ocrx_word' id='word_1_671' title='bbox 3212 2838 3227 2863; x_wconf 92' lang='lat'><strong>,</strong></span> <span class='ocrx_word' id='word_1_672' title='bbox 3264 2798 3553 2867; x_wconf 86' lang='lat' dir='ltr'><strong>diligentius</strong></span> <span class='ocrx_word' id='word_1_673' title='bbox 3579 2812 3831 2861; x_wconf 70' lang='lat' dir='ltr'><strong>exposue-</strong></span> 
     </span>
    </p>
   </div>
   <div class='ocr_carea' id='block_1_89' title="bbox 2236 2887 3826 2959">
    <p class='ocr_par' dir='ltr' id='par_1_89' title="bbox 2236 2887 3826 2959">
     <span class='ocr_line' id='line_1_89' title="bbox 2236 2887 3826 2959; baseline 0.003 -21"><span class='ocrx_word' id='word_1_674' title='bbox 2236 2897 2352 2939; x_wconf 89' lang='lat' dir='ltr'><strong>runt</strong></span> <span class='ocrx_word' id='word_1_675' title='bbox 2390 2888 2436 2941; x_wconf 88' lang='lat' dir='ltr'><strong>ei</strong></span> <span class='ocrx_word' id='word_1_676' title='bbox 2478 2889 2611 2941; x_wconf 87' lang='lat' dir='ltr'><strong>viam</strong></span> <span class='ocrx_word' id='word_1_677' title='bbox 2654 2888 2769 2943; x_wconf 88' lang='lat' dir='ltr'><strong>Dei.</strong></span> <span class='ocrx_word' id='word_1_678' title='bbox 2805 2888 2936 2943; x_wconf 89' lang='lat' dir='ltr'><strong>Vide</strong></span> <span class='ocrx_word' id='word_1_679' title='bbox 2964 2888 3232 2959; x_wconf 89' lang='lat' dir='ltr'><strong>quomodo</strong></span> <span class='ocrx_word' id='word_1_680' title='bbox 3257 2890 3433 2943; x_wconf 91' lang='lat' dir='ltr'><strong>omnia</strong></span> <span class='ocrx_word' id='word_1_681' title='bbox 3466 2888 3566 2942; x_wconf 87' lang='lat' dir='ltr'><strong>ﬁde</strong></span> <span class='ocrx_word' id='word_1_682' title='bbox 3593 2887 3826 2958; x_wconf 87' lang='lat' dir='ltr'><strong>perﬁce-</strong></span> 
     </span>
    </p>
   </div>
   <div class='ocr_carea' id='block_1_90' title="bbox 2236 2979 3825 3051">
    <p class='ocr_par' dir='ltr' id='par_1_90' title="bbox 2236 2979 3825 3051">
     <span class='ocr_line' id='line_1_90' title="bbox 2236 2979 3825 3051; baseline 0.001 -18"><span class='ocrx_word' id='word_1_683' title='bbox 2236 2987 2423 3034; x_wconf 89' lang='lat' dir='ltr'><strong>rentur</strong></span> <span class='ocrx_word' id='word_1_684' title='bbox 2466 2989 2520 3035; x_wconf 91' lang='lat' dir='ltr'><strong>et</strong></span> <span class='ocrx_word' id='word_1_685' title='bbox 2562 2996 2825 3051; x_wconf 89' lang='lat' dir='ltr'><strong>nusquam</strong></span> <span class='ocrx_word' id='word_1_686' title='bbox 2871 2980 3089 3047; x_wconf 90' lang='lat' dir='ltr'><strong>invidia,</strong></span> <span class='ocrx_word' id='word_1_687' title='bbox 3126 2996 3385 3051; x_wconf 90' lang='lat' dir='ltr'><strong>nusquam</strong></span> <span class='ocrx_word' id='word_1_688' title='bbox 3419 2980 3555 3034; x_wconf 90' lang='lat' dir='ltr'><strong>livor</strong></span> <span class='ocrx_word' id='word_1_689' title='bbox 3588 2999 3600 3034; x_wconf 90' lang='lat'><strong>:</strong></span> <span class='ocrx_word' id='word_1_690' title='bbox 3628 2979 3825 3050; x_wconf 84' lang='lat' dir='ltr'><strong>Aquila</strong></span> 
     </span>
    </p>
   </div>
   <div class='ocr_carea' id='block_1_91' title="bbox 2235 3072 3827 3144">
    <p class='ocr_par' dir='ltr' id='par_1_91' title="bbox 2235 3072 3827 3144">
     <span class='ocr_line' id='line_1_91' title="bbox 2235 3072 3827 3144; baseline 0 -18"><span class='ocrx_word' id='word_1_691' title='bbox 2235 3072 2433 3137; x_wconf 87' lang='lat' dir='ltr'><strong>docet;</strong></span> <span class='ocrx_word' id='word_1_692' title='bbox 2470 3073 2576 3128; x_wconf 92' lang='lat' dir='ltr'><strong>imo</strong></span> <span class='ocrx_word' id='word_1_693' title='bbox 2625 3075 2801 3143; x_wconf 91' lang='lat' dir='ltr'><strong>potius</strong></span> <span class='ocrx_word' id='word_1_694' title='bbox 2854 3074 2971 3144; x_wconf 93' lang='lat' dir='ltr'><strong>ipse</strong></span> <span class='ocrx_word' id='word_1_695' title='bbox 3014 3074 3254 3129; x_wconf 86' lang='lat' dir='ltr'><strong>docetur.</strong></span> <span class='ocrx_word' id='word_1_696' title='bbox 3288 3074 3497 3128; x_wconf 86' lang='lat' dir='ltr'><strong>Etenim</strong></span> <span class='ocrx_word' id='word_1_697' title='bbox 3547 3074 3827 3143; x_wconf 82' lang='lat' dir='ltr'><strong>aliquanto</strong></span> 
     </span>
    </p>
   </div>
   <div class='ocr_carea' id='block_1_92' title="bbox 2237 3163 3822 3232">
    <p class='ocr_par' dir='ltr' id='par_1_92' title="bbox 2237 3163 3822 3232">
     <span class='ocr_line' id='line_1_92' title="bbox 2237 3163 3822 3232; baseline 0.001 -16"><span class='ocrx_word' id='word_1_698' title='bbox 2237 3172 2476 3232; x_wconf 91' lang='lat' dir='ltr'><strong>tempore</strong></span> <span class='ocrx_word' id='word_1_699' title='bbox 2504 3179 2623 3218; x_wconf 91' lang='lat' dir='ltr'><strong>cum</strong></span> <span class='ocrx_word' id='word_1_700' title='bbox 2656 3164 2748 3219; x_wconf 92' lang='lat' dir='ltr'><strong>illo</strong></span> <span class='ocrx_word' id='word_1_701' title='bbox 2768 3174 3064 3231; x_wconf 85' lang='lat' dir='ltr'><strong>versantes,</strong></span> <span class='ocrx_word' id='word_1_702' title='bbox 3095 3166 3174 3221; x_wconf 88' lang='lat' dir='ltr'><strong>sic</strong></span> <span class='ocrx_word' id='word_1_703' title='bbox 3203 3165 3376 3220; x_wconf 91' lang='lat' dir='ltr'><strong>edocti</strong></span> <span class='ocrx_word' id='word_1_704' title='bbox 3397 3172 3540 3229; x_wconf 90' lang='lat' dir='ltr'><strong>sunt,</strong></span> <span class='ocrx_word' id='word_1_705' title='bbox 3572 3176 3628 3219; x_wconf 91' lang='lat' dir='ltr'><strong>ut</strong></span> <span class='ocrx_word' id='word_1_706' title='bbox 3655 3163 3822 3219; x_wconf 88' lang='lat' dir='ltr'><strong>etiam</strong></span> 
     </span>
    </p>
   </div>
   <div class='ocr_carea' id='block_1_93' title="bbox 2236 3255 3824 3327">
    <p class='ocr_par' dir='ltr' id='par_1_93' title="bbox 2236 3255 3824 3327">
     <span class='ocr_line' id='line_1_93' title="bbox 2236 3255 3824 3327; baseline 0.003 -19"><span class='ocrx_word' id='word_1_707' title='bbox 2236 3255 2371 3309; x_wconf 89' lang='lat' dir='ltr'><strong>alios</strong></span> <span class='ocrx_word' id='word_1_708' title='bbox 2399 3256 2593 3312; x_wconf 88' lang='lat' dir='ltr'><strong>docere</strong></span> <span class='ocrx_word' id='word_1_709' title='bbox 2626 3267 2864 3326; x_wconf 88' lang='lat' dir='ltr'><strong>possent.</strong></span> <span class='ocrx_word' id='word_1_710' title='bbox 2890 3257 3017 3313; x_wconf 80' lang='lat' dir='ltr'><strong>Cum</strong></span> <span class='ocrx_word' id='word_1_711' title='bbox 3043 3266 3209 3311; x_wconf 90' lang='lat' dir='ltr'><strong>autem</strong></span> <span class='ocrx_word' id='word_1_712' title='bbox 3236 3258 3380 3311; x_wconf 91' lang='lat' dir='ltr'><strong>vellet</strong></span> <span class='ocrx_word' id='word_1_713' title='bbox 3406 3259 3513 3327; x_wconf 90' lang='lat' dir='ltr'><strong>ipse</strong></span> <span class='ocrx_word' id='word_1_714' title='bbox 3532 3258 3743 3312; x_wconf 87' lang='lat' dir='ltr'><strong>transire</strong></span> <span class='ocrx_word' id='word_1_715' title='bbox 3765 3257 3824 3312; x_wconf 85' lang='lat' dir='ltr'><strong>in</strong></span> 
     </span>
    </p>
   </div>
   <div class='ocr_carea' id='block_1_94' title="bbox 2240 3346 3826 3419">
    <p class='ocr_par' dir='ltr' id='par_1_94' title="bbox 2240 3346 3826 3419">
     <span class='ocr_line' id='line_1_94' title="bbox 2240 3346 3826 3419; baseline 0.003 -20"><span class='ocrx_word' id='word_1_716' title='bbox 2240 3346 2500 3413; x_wconf 81' lang='lat' dir='ltr'><strong>Achaiam,</strong></span> <span class='ocrx_word' id='word_1_717' title='bbox 2534 3347 2725 3418; x_wconf 91' lang='lat' dir='ltr'><strong>inquit,</strong></span> <span class='ocrx_word' id='word_1_718' title='bbox 2758 3350 3089 3418; x_wconf 87' lang='lat' dir='ltr'><strong>scripserunt</strong></span> <span class='ocrx_word' id='word_1_719' title='bbox 3113 3348 3410 3418; x_wconf 88' lang='lat' dir='ltr'><strong>discipulis,</strong></span> <span class='ocrx_word' id='word_1_720' title='bbox 3436 3357 3493 3403; x_wconf 93' lang='lat' dir='ltr'><strong>ut</strong></span> <span class='ocrx_word' id='word_1_721' title='bbox 3518 3348 3826 3419; x_wconf 79' lang='lat' dir='ltr'><strong>reciperent</strong></span> 
     </span>
    </p>
   </div>
   <div class='ocr_carea' id='block_1_95' title="bbox 2234 3439 3821 3523">
    <p class='ocr_par' dir='ltr' id='par_1_95' title="bbox 2234 3439 3821 3523">
     <span class='ocr_line' id='line_1_95' title="bbox 2234 3439 3821 3523; baseline 0.001 -31"><span class='ocrx_word' id='word_1_722' title='bbox 2234 3454 2376 3493; x_wconf 87' lang='lat' dir='ltr'><strong>eum.</strong></span> <span class='ocrx_word' id='word_1_723' title='bbox 2410 3440 2515 3495; x_wconf 88' lang='lat' dir='ltr'><strong>Cur</strong></span> <span class='ocrx_word' id='word_1_724' title='bbox 2545 3439 2724 3523; x_wconf 56' lang='lat' dir='ltr'><strong>literap</strong></span> <span class='ocrx_word' id='word_1_725' title='bbox 2750 3440 2987 3497; x_wconf 82' lang='lat' dir='ltr'><strong>scribant</strong></span> <span class='ocrx_word' id='word_1_726' title='bbox 3016 3440 3213 3496; x_wconf 88' lang='lat' dir='ltr'><strong>indicat</strong></span> <span class='ocrx_word' id='word_1_727' title='bbox 3239 3457 3251 3493; x_wconf 91' lang='lat'><strong>:</strong></span> <span class='ocrx_word' id='word_1_728' title='bbox 3288 3440 3353 3496; x_wconf 89' lang='lat' dir='ltr'><strong>Ut</strong></span> <span class='ocrx_word' id='word_1_729' title='bbox 3377 3442 3523 3495; x_wconf 82' lang='lat' dir='ltr'><strong>illum</strong></span> <span class='ocrx_word' id='word_1_730' title='bbox 3551 3442 3821 3511; x_wconf 86' lang='lat' dir='ltr'><strong>recipiant,</strong></span> 
     </span>
    </p>
   </div>
   <div class='ocr_carea' id='block_1_96' title="bbox 2236 3533 2428 3603">
    <p class='ocr_par' dir='ltr' id='par_1_96' title="bbox 2236 3533 2428 3603">
     <span class='ocr_line' id='line_1_96' title="bbox 2236 3533 2428 3603; baseline 0.005 -17"><span class='ocrx_word' id='word_1_731' title='bbox 2236 3533 2428 3603; x_wconf 90' lang='lat' dir='ltr'><strong>inquit.</strong></span> 
     </span>
    </p>
   </div>
   <div class='ocr_carea' id='block_1_97' title="bbox 2310 3623 3823 3697">
    <p class='ocr_par' dir='ltr' id='par_1_97' title="bbox 2310 3623 3823 3697">
     <span class='ocr_line' id='line_1_97' title="bbox 2310 3623 3823 3697; baseline 0 -20"><span class='ocrx_word' id='word_1_732' title='bbox 2310 3625 2564 3690; x_wconf 88' lang='lat' dir='ltr'><strong>Quantum</strong></span> <span class='ocrx_word' id='word_1_733' title='bbox 2595 3624 2847 3697; x_wconf 86' lang='lat' dir='ltr'><strong>baptisma</strong></span> <span class='ocrx_word' id='word_1_734' title='bbox 2884 3624 3071 3681; x_wconf 87' lang='lat' dir='ltr'><strong>Christi</strong></span> <span class='ocrx_word' id='word_1_735' title='bbox 3102 3632 3302 3696; x_wconf 66' lang='lat' dir='ltr'><strong>prastet</strong></span> <span class='ocrx_word' id='word_1_736' title='bbox 3341 3624 3631 3696; x_wconf 82' lang='lat' dir='ltr'><strong>baptismati</strong></span> <span class='ocrx_word' id='word_1_737' title='bbox 3655 3623 3823 3678; x_wconf 82' lang='lat' dir='ltr'><strong>Joan-</strong></span> 
     </span>
    </p>
   </div>
   <div class='ocr_carea' id='block_1_98' title="bbox 2236 3715 3823 3787">
    <p class='ocr_par' dir='ltr' id='par_1_98' title="bbox 2236 3715 3823 3787">
     <span class='ocr_line' id='line_1_98' title="bbox 2236 3715 3823 3787; baseline 0.001 -18"><span class='ocrx_word' id='word_1_738' title='bbox 2236 3716 2335 3769; x_wconf 90' lang='lat' dir='ltr'><strong>nis.</strong></span> <span class='ocrx_word' id='word_1_739' title='bbox 2358 3747 2428 3758; x_wconf 84' lang='lat'><strong>-—</strong></span> <span class='ocrx_word' id='word_1_740' title='bbox 2459 3716 2523 3770; x_wconf 87' lang='lat' dir='ltr'><strong>Et</strong></span> <span class='ocrx_word' id='word_1_741' title='bbox 2564 3716 2702 3772; x_wconf 91' lang='lat' dir='ltr'><strong>unde</strong></span> <span class='ocrx_word' id='word_1_742' title='bbox 2730 3717 2896 3787; x_wconf 90' lang='lat' dir='ltr'><strong>liquet</strong></span> <span class='ocrx_word' id='word_1_743' title='bbox 2923 3717 3065 3784; x_wconf 87' lang='lat' dir='ltr'><strong>illos,</strong></span> <span class='ocrx_word' id='word_1_744' title='bbox 3101 3730 3222 3772; x_wconf 91' lang='lat' dir='ltr'><strong>cum</strong></span> <span class='ocrx_word' id='word_1_745' title='bbox 3256 3715 3453 3786; x_wconf 84' lang='lat' dir='ltr'><strong>Ephesi</strong></span> <span class='ocrx_word' id='word_1_746' title='bbox 3483 3726 3685 3779; x_wconf 89' lang='lat' dir='ltr'><strong>essent,</strong></span> <span class='ocrx_word' id='word_1_747' title='bbox 3721 3716 3823 3771; x_wconf 86' lang='lat' dir='ltr'><strong>ba-</strong></span> 
     </span>
    </p>
   </div>
   <div class='ocr_carea' id='block_1_99' title="bbox 2234 3805 3827 3878">
    <p class='ocr_par' dir='ltr' id='par_1_99' title="bbox 2234 3805 3827 3878">
     <span class='ocr_line' id='line_1_99' title="bbox 2234 3805 3827 3878; baseline -0.001 -16"><span class='ocrx_word' id='word_1_748' title='bbox 2234 3808 2426 3878; x_wconf 88' lang='lat' dir='ltr'><strong>ptisma</strong></span> <span class='ocrx_word' id='word_1_749' title='bbox 2453 3807 2675 3863; x_wconf 83' lang='lat' dir='ltr'><strong>Joannis</strong></span> <span class='ocrx_word' id='word_1_750' title='bbox 2702 3808 2987 3862; x_wconf 83' lang='lat' dir='ltr'><strong>habuisse?</strong></span> <span class='ocrx_word' id='word_1_751' title='bbox 3013 3808 3144 3875; x_wconf 85' lang='lat' dir='ltr'><strong>Quia</strong></span> <span class='ocrx_word' id='word_1_752' title='bbox 3168 3807 3500 3877; x_wconf 85' lang='lat' dir='ltr'><strong>interrogati,</strong></span> <span class='ocrx_word' id='word_1_753' title='bbox 3524 3805 3588 3861; x_wconf 85' lang='lat' dir='ltr'><strong>In</strong></span> <span class='ocrx_word' id='word_1_754' title='bbox 3615 3824 3711 3874; x_wconf 86' lang='lat' dir='ltr'><strong>quo</strong></span> <span class='ocrx_word' id='word_1_755' title='bbox 3732 3808 3827 3861; x_wconf 84' lang='lat' dir='ltr'><strong>bu-</strong></span> 
     </span>
    </p>
   </div>
   <div class='ocr_carea' id='block_1_100' title="bbox 2237 3897 3825 3968">
    <p class='ocr_par' dir='ltr' id='par_1_100' title="bbox 2237 3897 3825 3968">
     <span class='ocr_line' id='line_1_100' title="bbox 2237 3897 3825 3968; baseline 0.001 -18"><span class='ocrx_word' id='word_1_756' title='bbox 2237 3900 2413 3967; x_wconf 76' lang='lat' dir='ltr'><strong>ptizati</strong></span> <span class='ocrx_word' id='word_1_757' title='bbox 2437 3900 2601 3954; x_wconf 88' lang='lat' dir='ltr'><strong>estis?</strong></span> <span class='ocrx_word' id='word_1_758' title='bbox 2631 3900 2817 3954; x_wconf 88' lang='lat' dir='ltr'><strong>dicunt</strong></span> <span class='ocrx_word' id='word_1_759' title='bbox 2845 3916 2859 3954; x_wconf 93' lang='lat'><strong>:</strong></span> <span class='ocrx_word' id='word_1_760' title='bbox 2890 3897 2957 3953; x_wconf 85' lang='lat' dir='ltr'><strong>In</strong></span> <span class='ocrx_word' id='word_1_761' title='bbox 3007 3898 3225 3953; x_wconf 85' lang='lat' dir='ltr'><strong>Joannis</strong></span> <span class='ocrx_word' id='word_1_762' title='bbox 3279 3898 3594 3968; x_wconf 87' lang='lat' dir='ltr'><strong>baptismate.</strong></span> <span class='ocrx_word' id='word_1_763' title='bbox 3619 3898 3825 3954; x_wconf 84' lang='lat' dir='ltr'><strong>Forsan</strong></span> 
     </span>
    </p>
   </div>
   <div class='ocr_carea' id='block_1_101' title="bbox 2238 3989 3824 4064">
    <p class='ocr_par' dir='ltr' id='par_1_101' title="bbox 2238 3989 3824 4064">
     <span class='ocr_line' id='line_1_101' title="bbox 2238 3989 3824 4064; baseline 0 -18"><span class='ocrx_word' id='word_1_764' title='bbox 2238 4001 2361 4047; x_wconf 90' lang='lat' dir='ltr'><strong>tunc</strong></span> <span class='ocrx_word' id='word_1_765' title='bbox 2390 3992 2778 4064; x_wconf 86' lang='lat' dir='ltr'><strong>Jcrosolymam</strong></span> <span class='ocrx_word' id='word_1_766' title='bbox 2810 4006 2868 4047; x_wconf 88' lang='lat' dir='ltr'><strong>se</strong></span> <span class='ocrx_word' id='word_1_767' title='bbox 2900 3990 3255 4055; x_wconf 86' lang='lat' dir='ltr'><strong>contulerant,</strong></span> <span class='ocrx_word' id='word_1_768' title='bbox 3286 4000 3341 4046; x_wconf 90' lang='lat' dir='ltr'><strong>et</strong></span> <span class='ocrx_word' id='word_1_769' title='bbox 3366 3989 3616 4045; x_wconf 85' lang='lat' dir='ltr'><strong>abierunt</strong></span> <span class='ocrx_word' id='word_1_770' title='bbox 3645 3999 3699 4046; x_wconf 89' lang='lat' dir='ltr'><strong>et</strong></span> <span class='ocrx_word' id='word_1_771' title='bbox 3730 3991 3824 4046; x_wconf 85' lang='lat' dir='ltr'><strong>ha—</strong></span> 
     </span>
    </p>
   </div>
   <div class='ocr_carea' id='block_1_102' title="bbox 2238 4081 3823 4152">
    <p class='ocr_par' dir='ltr' id='par_1_102' title="bbox 2238 4081 3823 4152">
     <span class='ocr_line' id='line_1_102' title="bbox 2238 4081 3823 4152; baseline 0.001 -16"><span class='ocrx_word' id='word_1_772' title='bbox 2238 4084 2416 4152; x_wconf 80' lang='lat' dir='ltr'><strong>ptizati</strong></span> <span class='ocrx_word' id='word_1_773' title='bbox 2441 4094 2563 4139; x_wconf 88' lang='lat' dir='ltr'><strong>sunt</strong></span> <span class='ocrx_word' id='word_1_774' title='bbox 2588 4101 2602 4149; x_wconf 88' lang='lat'><strong>;</strong></span> <span class='ocrx_word' id='word_1_775' title='bbox 2628 4084 2720 4139; x_wconf 91' lang='lat' dir='ltr'><strong>sed</strong></span> <span class='ocrx_word' id='word_1_776' title='bbox 2743 4083 2903 4139; x_wconf 89' lang='lat' dir='ltr'><strong>etiam</strong></span> <span class='ocrx_word' id='word_1_777' title='bbox 2940 4082 3211 4152; x_wconf 82' lang='lat' dir='ltr'><strong>baptizati,</strong></span> <span class='ocrx_word' id='word_1_778' title='bbox 3231 4081 3410 4137; x_wconf 86' lang='lat' dir='ltr'><strong>Jesum</strong></span> <span class='ocrx_word' id='word_1_779' title='bbox 3430 4098 3537 4136; x_wconf 92' lang='lat' dir='ltr'><strong>non</strong></span> <span class='ocrx_word' id='word_1_780' title='bbox 3561 4083 3823 4138; x_wconf 85' lang='lat' dir='ltr'><strong>sciebant.</strong></span> 
     </span>
    </p>
   </div>
   <div class='ocr_carea' id='block_1_103' title="bbox 2235 4172 3828 4244">
    <p class='ocr_par' dir='ltr' id='par_1_103' title="bbox 2235 4172 3828 4244">
     <span class='ocr_line' id='line_1_103' title="bbox 2235 4172 3828 4244; baseline -0.001 -15"><span class='ocrx_word' id='word_1_781' title='bbox 2235 4174 2343 4229; x_wconf 85' lang='lat' dir='ltr'><strong>Nec</strong></span> <span class='ocrx_word' id='word_1_782' title='bbox 2374 4175 2499 4230; x_wconf 88' lang='lat' dir='ltr'><strong>dicit</strong></span> <span class='ocrx_word' id='word_1_783' title='bbox 2522 4177 2623 4243; x_wconf 88' lang='lat' dir='ltr'><strong>eis,</strong></span> <span class='ocrx_word' id='word_1_784' title='bbox 2653 4174 2885 4231; x_wconf 90' lang='lat' dir='ltr'><strong>Creditis</strong></span> <span class='ocrx_word' id='word_1_785' title='bbox 2915 4175 2966 4228; x_wconf 88' lang='lat' dir='ltr'><strong>in</strong></span> <span class='ocrx_word' id='word_1_786' title='bbox 2998 4173 3213 4229; x_wconf 83' lang='lat' dir='ltr'><strong>Jesum&#39;l</strong></span> <span class='ocrx_word' id='word_1_787' title='bbox 3240 4172 3333 4229; x_wconf 86' lang='lat' dir='ltr'><strong>sed</strong></span> <span class='ocrx_word' id='word_1_788' title='bbox 3378 4173 3539 4244; x_wconf 82' lang='lat' dir='ltr'><strong>quid?</strong></span> <span class='ocrx_word' id='word_1_789' title='bbox 3564 4174 3622 4229; x_wconf 91' lang='lat' dir='ltr'><strong>Si</strong></span> <span class='ocrx_word' id='word_1_790' title='bbox 3652 4174 3828 4244; x_wconf 89' lang='lat' dir='ltr'><strong>Spiri-</strong></span> 
     </span>
    </p>
   </div>
   <div class='ocr_carea' id='block_1_104' title="bbox 2238 4267 3814 4338">
    <p class='ocr_par' dir='ltr' id='par_1_104' title="bbox 2238 4267 3814 4338">
     <span class='ocr_line' id='line_1_104' title="bbox 2238 4267 3814 4338; baseline 0.001 -17"><span class='ocrx_word' id='word_1_791' title='bbox 2238 4276 2343 4321; x_wconf 88' lang='lat' dir='ltr'><strong>tum</strong></span> <span class='ocrx_word' id='word_1_792' title='bbox 2369 4278 2596 4322; x_wconf 85' lang='lat' dir='ltr'><strong>sanctum</strong></span> <span class='ocrx_word' id='word_1_793' title='bbox 2628 4268 2938 4338; x_wconf 78' lang='lat' dir='ltr'><strong>accepistis?</strong></span> <span class='ocrx_word' id='word_1_794' title='bbox 2959 4267 3161 4322; x_wconf 89' lang='lat' dir='ltr'><strong>sciebat</strong></span> <span class='ocrx_word' id='word_1_795' title='bbox 3183 4268 3325 4321; x_wconf 85' lang='lat' dir='ltr'><strong>enim</strong></span> <span class='ocrx_word' id='word_1_796' title='bbox 3354 4267 3496 4337; x_wconf 92' lang='lat' dir='ltr'><strong>quod</strong></span> <span class='ocrx_word' id='word_1_797' title='bbox 3532 4283 3638 4322; x_wconf 91' lang='lat' dir='ltr'><strong>non</strong></span> <span class='ocrx_word' id='word_1_798' title='bbox 3663 4268 3814 4323; x_wconf 73' lang='lat' dir='ltr'><strong>habe</strong></span> 
     </span>
    </p>
   </div>
   <div class='ocr_carea' id='block_1_105' title="bbox 2240 4359 3827 4430">
    <p class='ocr_par' dir='ltr' id='par_1_105' title="bbox 2240 4359 3827 4430">
     <span class='ocr_line' id='line_1_105' title="bbox 2240 4359 3827 4430; baseline -0.001 -15"><span class='ocrx_word' id='word_1_799' title='bbox 2240 4370 2379 4415; x_wconf 90' lang='lat' dir='ltr'><strong>rent.</strong></span> <span class='ocrx_word' id='word_1_800' title='bbox 2412 4362 2479 4415; x_wconf 88' lang='lat' dir='ltr'><strong>Et</strong></span> <span class='ocrx_word' id='word_1_801' title='bbox 2523 4361 2633 4415; x_wconf 91' lang='lat' dir='ltr'><strong>vult</strong></span> <span class='ocrx_word' id='word_1_802' title='bbox 2680 4361 2731 4415; x_wconf 92' lang='lat' dir='ltr'><strong>id</strong></span> <span class='ocrx_word' id='word_1_803' title='bbox 2774 4361 2893 4415; x_wconf 91' lang='lat' dir='ltr'><strong>illos</strong></span> <span class='ocrx_word' id='word_1_804' title='bbox 2920 4360 3133 4425; x_wconf 88' lang='lat' dir='ltr'><strong>dicere,</strong></span> <span class='ocrx_word' id='word_1_805' title='bbox 3163 4368 3220 4414; x_wconf 90' lang='lat' dir='ltr'><strong>ut</strong></span> <span class='ocrx_word' id='word_1_806' title='bbox 3266 4361 3497 4415; x_wconf 89' lang='lat' dir='ltr'><strong>scientes</strong></span> <span class='ocrx_word' id='word_1_807' title='bbox 3553 4359 3678 4430; x_wconf 91' lang='lat' dir='ltr'><strong>quid</strong></span> <span class='ocrx_word' id='word_1_808' title='bbox 3724 4362 3827 4415; x_wconf 88' lang='lat' dir='ltr'><strong>sibi</strong></span> 
     </span>
    </p>
   </div>
   <div class='ocr_carea' id='block_1_106' title="bbox 2240 4449 3831 4521">
    <p class='ocr_par' dir='ltr' id='par_1_106' title="bbox 2240 4449 3831 4521">
     <span class='ocr_line' id='line_1_106' title="bbox 2240 4449 3831 4521; baseline 0.001 -16"><span class='ocrx_word' id='word_1_809' title='bbox 2240 4450 2469 4515; x_wconf 87' lang='lat' dir='ltr'><strong>deesset,</strong></span> <span class='ocrx_word' id='word_1_810' title='bbox 2503 4452 2553 4505; x_wconf 91' lang='lat' dir='ltr'><strong>id</strong></span> <span class='ocrx_word' id='word_1_811' title='bbox 2585 4461 2849 4521; x_wconf 87' lang='lat' dir='ltr'><strong>peterent.</strong></span> <span class='ocrx_word' id='word_1_812' title='bbox 2885 4449 2950 4504; x_wconf 86' lang='lat' dir='ltr'><strong>Et</strong></span> <span class='ocrx_word' id='word_1_813' title='bbox 2976 4451 3281 4520; x_wconf 85' lang='lat' dir='ltr'><strong>imponente,</strong></span> <span class='ocrx_word' id='word_1_814' title='bbox 3306 4450 3496 4521; x_wconf 90' lang='lat' dir='ltr'><strong>inquit,</strong></span> <span class='ocrx_word' id='word_1_815' title='bbox 3523 4452 3627 4504; x_wconf 87' lang='lat' dir='ltr'><strong>illis</strong></span> <span class='ocrx_word' id='word_1_816' title='bbox 3659 4449 3831 4506; x_wconf 83' lang='lat' dir='ltr'><strong>Paula</strong></span> 
     </span>
    </p>
   </div>
   <div class='ocr_carea' id='block_1_107' title="bbox 2240 4540 3831 4614">
    <p class='ocr_par' dir='ltr' id='par_1_107' title="bbox 2240 4540 3831 4614">
     <span class='ocr_line' id='line_1_107' title="bbox 2240 4540 3831 4614; baseline 0.002 -22"><span class='ocrx_word' id='word_1_817' title='bbox 2240 4558 2441 4606; x_wconf 86' lang='lat' dir='ltr'><strong>manus,</strong></span> <span class='ocrx_word' id='word_1_818' title='bbox 2468 4543 2604 4614; x_wconf 68' lang='lat' dir='ltr'><strong>penit</strong></span> <span class='ocrx_word' id='word_1_819' title='bbox 2635 4540 2861 4612; x_wconf 88' lang='lat' dir='ltr'><strong>Spiritus</strong></span> <span class='ocrx_word' id='word_1_820' title='bbox 2889 4552 3092 4597; x_wconf 89' lang='lat' dir='ltr'><strong>sanctus</strong></span> <span class='ocrx_word' id='word_1_821' title='bbox 3121 4558 3271 4611; x_wconf 86' lang='lat' dir='ltr'><strong>super</strong></span> <span class='ocrx_word' id='word_1_822' title='bbox 3297 4556 3399 4605; x_wconf 86' lang='lat' dir='ltr'><strong>eos,</strong></span> <span class='ocrx_word' id='word_1_823' title='bbox 3423 4551 3469 4595; x_wconf 91' lang='lat' dir='ltr'><strong>et</strong></span> <span class='ocrx_word' id='word_1_824' title='bbox 3498 4541 3831 4608; x_wconf 82' lang='lat' dir='ltr'><strong>loquebantur</strong></span> 
     </span>
    </p>
   </div>
   <div class='ocr_carea' id='block_1_108' title="bbox 2241 4632 3828 4705">
    <p class='ocr_par' dir='ltr' id='par_1_108' title="bbox 2241 4632 3828 4705">
     <span class='ocr_line' id='line_1_108' title="bbox 2241 4632 3828 4705; baseline 0 -18"><span class='ocrx_word' id='word_1_825' title='bbox 2241 4635 2424 4705; x_wconf 86' lang='lat' dir='ltr'><strong>linguis</strong></span> <span class='ocrx_word' id='word_1_826' title='bbox 2440 4643 2485 4688; x_wconf 87' lang='lat' dir='ltr'><strong>et</strong></span> <span class='ocrx_word' id='word_1_827' title='bbox 2514 4633 2899 4703; x_wconf 88' lang='lat' dir='ltr'><strong>prophetabant.</strong></span> <span class='ocrx_word' id='word_1_828' title='bbox 2927 4633 3009 4689; x_wconf 84' lang='lat' dir='ltr'><strong>Ab</strong></span> <span class='ocrx_word' id='word_1_829' title='bbox 3044 4634 3159 4703; x_wconf 91' lang='lat' dir='ltr'><strong>ipso</strong></span> <span class='ocrx_word' id='word_1_830' title='bbox 3191 4632 3453 4703; x_wconf 90' lang='lat' dir='ltr'><strong>baptismo</strong></span> <span class='ocrx_word' id='word_1_831' title='bbox 3481 4632 3828 4704; x_wconf 72' lang='lat' dir='ltr'><strong>prophetarit.</strong></span> 
     </span>
    </p>
   </div>
   <div class='ocr_carea' id='block_1_109' title="bbox 2240 4722 3829 4795">
    <p class='ocr_par' dir='ltr' id='par_1_109' title="bbox 2240 4722 3829 4795">
     <span class='ocr_line' id='line_1_109' title="bbox 2240 4722 3829 4795; baseline 0 -15"><span class='ocrx_word' id='word_1_832' title='bbox 2240 4726 2352 4780; x_wconf 84' lang='lat' dir='ltr'><strong>lloc</strong></span> <span class='ocrx_word' id='word_1_833' title='bbox 2394 4735 2569 4781; x_wconf 89' lang='lat' dir='ltr'><strong>autem</strong></span> <span class='ocrx_word' id='word_1_834' title='bbox 2610 4725 2832 4779; x_wconf 88' lang='lat' dir='ltr'><strong>Joannis</strong></span> <span class='ocrx_word' id='word_1_835' title='bbox 2860 4724 3123 4794; x_wconf 87' lang='lat' dir='ltr'><strong>baptisma</strong></span> <span class='ocrx_word' id='word_1_836' title='bbox 3168 4738 3271 4778; x_wconf 91' lang='lat' dir='ltr'><strong>non</strong></span> <span class='ocrx_word' id='word_1_837' title='bbox 3302 4722 3569 4787; x_wconf 82' lang='lat' dir='ltr'><strong>habebat;</strong></span> <span class='ocrx_word' id='word_1_838' title='bbox 3601 4722 3829 4795; x_wconf 86' lang='lat' dir='ltr'><strong>ideoque</strong></span> 
     </span>
    </p>
   </div>
   <div class='ocr_carea' id='block_1_110' title="bbox 2241 4814 3832 4888">
    <p class='ocr_par' dir='ltr' id='par_1_110' title="bbox 2241 4814 3832 4888">
     <span class='ocr_line' id='line_1_110' title="bbox 2241 4814 3832 4888; baseline 0 -16"><span class='ocrx_word' id='word_1_839' title='bbox 2241 4816 2609 4888; x_wconf 89' lang='lat' dir='ltr'><strong>imperfectum</strong></span> <span class='ocrx_word' id='word_1_840' title='bbox 2656 4826 2793 4872; x_wconf 91' lang='lat' dir='ltr'><strong>erat.</strong></span> <span class='ocrx_word' id='word_1_841' title='bbox 2824 4816 2893 4872; x_wconf 91' lang='lat' dir='ltr'><strong>Ut</strong></span> <span class='ocrx_word' id='word_1_842' title='bbox 2923 4830 3083 4887; x_wconf 90' lang='lat' dir='ltr'><strong>porro</strong></span> <span class='ocrx_word' id='word_1_843' title='bbox 3133 4815 3216 4871; x_wconf 87' lang='lat' dir='ltr'><strong>bis</strong></span> <span class='ocrx_word' id='word_1_844' title='bbox 3259 4816 3405 4885; x_wconf 83' lang='lat' dir='ltr'><strong>digni</strong></span> <span class='ocrx_word' id='word_1_845' title='bbox 3457 4814 3790 4872; x_wconf 86' lang='lat' dir='ltr'><strong>haberentur</strong></span> <span class='ocrx_word' id='word_1_846' title='bbox 3816 4861 3832 4886; x_wconf 91' lang='lat'><strong>,</strong></span> 
     </span>
    </p>
   </div>
   <div class='ocr_carea' id='block_1_111' title="bbox 2242 4906 3835 4979">
    <p class='ocr_par' dir='ltr' id='par_1_111' title="bbox 2242 4906 3835 4979">
     <span class='ocr_line' id='line_1_111' title="bbox 2242 4906 3835 4979; baseline 0.001 -17"><span class='ocrx_word' id='word_1_847' title='bbox 2242 4909 2561 4979; x_wconf 68' lang='lat' dir='ltr'><strong>praeparavit</strong></span> <span class='ocrx_word' id='word_1_848' title='bbox 2589 4908 2729 4962; x_wconf 91' lang='lat' dir='ltr'><strong>illos.</strong></span> <span class='ocrx_word' id='word_1_849' title='bbox 2759 4907 2941 4977; x_wconf 85' lang='lat' dir='ltr'><strong>Itaque</strong></span> <span class='ocrx_word' id='word_1_850' title='bbox 2971 4906 3071 4962; x_wconf 89' lang='lat' dir='ltr'><strong>hoc</strong></span> <span class='ocrx_word' id='word_1_851' title='bbox 3098 4906 3309 4962; x_wconf 89' lang='lat' dir='ltr'><strong>volebat</strong></span> <span class='ocrx_word' id='word_1_852' title='bbox 3332 4907 3570 4963; x_wconf 89' lang='lat' dir='ltr'><strong>Joannes</strong></span> <span class='ocrx_word' id='word_1_853' title='bbox 3595 4922 3717 4963; x_wconf 89' lang='lat' dir='ltr'><strong>cum</strong></span> <span class='ocrx_word' id='word_1_854' title='bbox 3749 4910 3835 4965; x_wconf 88' lang='lat' dir='ltr'><strong>ba-</strong></span> 
     </span>
    </p>
   </div>
   <div class='ocr_carea' id='block_1_112' title="bbox 2244 4999 3836 5070">
    <p class='ocr_par' dir='ltr' id='par_1_112' title="bbox 2244 4999 3836 5070">
     <span class='ocr_line' id='line_1_112' title="bbox 2244 4999 3836 5070; baseline 0.004 -17"><span class='ocrx_word' id='word_1_855' title='bbox 2244 5000 2496 5068; x_wconf 83' lang='lat' dir='ltr'><strong>ptizabat,</strong></span> <span class='ocrx_word' id='word_1_856' title='bbox 2520 5009 2578 5054; x_wconf 92' lang='lat' dir='ltr'><strong>ut</strong></span> <span class='ocrx_word' id='word_1_857' title='bbox 2609 4999 2891 5054; x_wconf 90' lang='lat' dir='ltr'><strong>crederent</strong></span> <span class='ocrx_word' id='word_1_858' title='bbox 2934 4999 2986 5053; x_wconf 88' lang='lat' dir='ltr'><strong>in</strong></span> <span class='ocrx_word' id='word_1_859' title='bbox 3016 5007 3295 5055; x_wconf 89' lang='lat' dir='ltr'><strong>venturum</strong></span> <span class='ocrx_word' id='word_1_860' title='bbox 3323 5011 3443 5070; x_wconf 86' lang='lat' dir='ltr'><strong>post</strong></span> <span class='ocrx_word' id='word_1_861' title='bbox 3476 5001 3671 5070; x_wconf 90' lang='lat' dir='ltr'><strong>ipsum.</strong></span> <span class='ocrx_word' id='word_1_862' title='bbox 3696 5002 3836 5059; x_wconf 76' lang='lat' dir='ltr'><strong>[line</strong></span> 
     </span>
    </p>
   </div>
   <div class='ocr_carea' id='block_1_113' title="bbox 2245 5089 3833 5161">
    <p class='ocr_par' dir='ltr' id='par_1_113' title="bbox 2245 5089 3833 5161">
     <span class='ocr_line' id='line_1_113' title="bbox 2245 5089 3833 5161; baseline 0.003 -18"><span class='ocrx_word' id='word_1_863' title='bbox 2245 5090 2546 5146; x_wconf 89' lang='lat' dir='ltr'><strong>ostenditur</strong></span> <span class='ocrx_word' id='word_1_864' title='bbox 2603 5105 2853 5161; x_wconf 88' lang='lat' dir='ltr'><strong>magnum</strong></span> <span class='ocrx_word' id='word_1_865' title='bbox 2897 5089 3110 5160; x_wconf 86' lang='lat' dir='ltr'><strong>dogma,</strong></span> <span class='ocrx_word' id='word_1_866' title='bbox 3138 5090 3281 5161; x_wconf 84' lang='lat' dir='ltr'><strong>quod</strong></span> <span class='ocrx_word' id='word_1_867' title='bbox 3316 5092 3409 5160; x_wconf 89' lang='lat' dir='ltr'><strong>qui</strong></span> <span class='ocrx_word' id='word_1_868' title='bbox 3459 5090 3833 5161; x_wconf 78' lang='lat' dir='ltr'><strong>baptizantur,</strong></span> 
     </span>
    </p>
   </div>
   <div class='ocr_carea' id='block_1_114' title="bbox 2244 5180 3835 5253">
    <p class='ocr_par' dir='ltr' id='par_1_114' title="bbox 2244 5180 3835 5253">
     <span class='ocr_line' id='line_1_114' title="bbox 2244 5180 3835 5253; baseline 0 -16"><span class='ocrx_word' id='word_1_869' title='bbox 2244 5182 2479 5249; x_wconf 88' lang='lat' dir='ltr'><strong>perfecte</strong></span> <span class='ocrx_word' id='word_1_870' title='bbox 2505 5197 2537 5235; x_wconf 91' lang='lat' dir='ltr'><strong>a</strong></span> <span class='ocrx_word' id='word_1_871' title='bbox 2563 5182 2793 5253; x_wconf 88' lang='lat' dir='ltr'><strong>peccatis</strong></span> <span class='ocrx_word' id='word_1_872' title='bbox 2818 5190 3130 5251; x_wconf 88' lang='lat' dir='ltr'><strong>purgentur.</strong></span> <span class='ocrx_word' id='word_1_873' title='bbox 3152 5180 3262 5235; x_wconf 89' lang='lat' dir='ltr'><strong>Nisi</strong></span> <span class='ocrx_word' id='word_1_874' title='bbox 3291 5180 3434 5236; x_wconf 89' lang='lat' dir='ltr'><strong>enim</strong></span> <span class='ocrx_word' id='word_1_875' title='bbox 3451 5193 3835 5252; x_wconf 85' lang='lat' dir='ltr'><strong>purgarentur,</strong></span> 
     </span>
    </p>
   </div>
   <div class='ocr_carea' id='block_1_115' title="bbox 2244 5273 3835 5345">
    <p class='ocr_par' dir='ltr' id='par_1_115' title="bbox 2244 5273 3835 5345">
     <span class='ocr_line' id='line_1_115' title="bbox 2244 5273 3835 5345; baseline 0 -16"><span class='ocrx_word' id='word_1_876' title='bbox 2244 5276 2498 5345; x_wconf 89' lang='lat' dir='ltr'><strong>Spiritum</strong></span> <span class='ocrx_word' id='word_1_877' title='bbox 2546 5290 2648 5330; x_wconf 92' lang='lat' dir='ltr'><strong>non</strong></span> <span class='ocrx_word' id='word_1_878' title='bbox 2687 5274 3012 5344; x_wconf 88' lang='lat' dir='ltr'><strong>acciperent,</strong></span> <span class='ocrx_word' id='word_1_879' title='bbox 3046 5290 3151 5328; x_wconf 91' lang='lat' dir='ltr'><strong>non</strong></span> <span class='ocrx_word' id='word_1_880' title='bbox 3196 5274 3374 5329; x_wconf 85' lang='lat' dir='ltr'><strong>statim</strong></span> <span class='ocrx_word' id='word_1_881' title='bbox 3414 5273 3835 5330; x_wconf 84' lang='lat' dir='ltr'><strong>charismatibus</strong></span> 
     </span>
    </p>
   </div>
   <div class='ocr_carea' id='block_1_116' title="bbox 2245 5365 3837 5437">
    <p class='ocr_par' dir='ltr' id='par_1_116' title="bbox 2245 5365 3837 5437">
     <span class='ocr_line' id='line_1_116' title="bbox 2245 5365 3837 5437; baseline 0.002 -17"><span class='ocrx_word' id='word_1_882' title='bbox 2245 5370 2607 5437; x_wconf 87' lang='lat' dir='ltr'><strong>dignarentur.</strong></span> <span class='ocrx_word' id='word_1_883' title='bbox 2641 5365 2708 5420; x_wconf 88' lang='lat' dir='ltr'><strong>Et</strong></span> <span class='ocrx_word' id='word_1_884' title='bbox 2734 5366 2852 5421; x_wconf 90' lang='lat' dir='ltr'><strong>vide</strong></span> <span class='ocrx_word' id='word_1_885' title='bbox 2875 5365 3017 5437; x_wconf 84' lang='lat' dir='ltr'><strong>quod</strong></span> <span class='ocrx_word' id='word_1_886' title='bbox 3042 5366 3238 5435; x_wconf 80' lang='lat' dir='ltr'><strong>duplex</strong></span> <span class='ocrx_word' id='word_1_887' title='bbox 3271 5373 3396 5420; x_wconf 91' lang='lat' dir='ltr'><strong>tunc</strong></span> <span class='ocrx_word' id='word_1_888' title='bbox 3422 5365 3688 5421; x_wconf 82' lang='lat' dir='ltr'><strong>charisma</strong></span> <span class='ocrx_word' id='word_1_889' title='bbox 3714 5369 3837 5423; x_wconf 73' lang='lat' dir='ltr'><strong>sive</strong></span> 
     </span>
    </p>
   </div>
   <div class='ocr_carea' id='block_1_117' title="bbox 2246 5457 3833 5530">
    <p class='ocr_par' dir='ltr' id='par_1_117' title="bbox 2246 5457 3833 5530">
     <span class='ocr_line' id='line_1_117' title="bbox 2246 5457 3833 5530; baseline 0.001 -17"><span class='ocrx_word' id='word_1_890' title='bbox 2246 5460 2444 5516; x_wconf 90' lang='lat' dir='ltr'><strong>donum</strong></span> <span class='ocrx_word' id='word_1_891' title='bbox 2476 5460 2673 5521; x_wconf 82' lang='lat' dir='ltr'><strong>fuerit.</strong></span> <span class='ocrx_word' id='word_1_892' title='bbox 2706 5470 2758 5514; x_wconf 90' lang='lat' dir='ltr'><strong>et</strong></span> <span class='ocrx_word' id='word_1_893' title='bbox 2786 5461 2978 5530; x_wconf 65' lang='lat' dir='ltr'><strong>linguae</strong></span> <span class='ocrx_word' id='word_1_894' title='bbox 3024 5468 3074 5513; x_wconf 85' lang='lat' dir='ltr'><strong>et</strong></span> <span class='ocrx_word' id='word_1_895' title='bbox 3106 5457 3420 5529; x_wconf 78' lang='lat' dir='ltr'><strong>prophetize.</strong></span> <span class='ocrx_word' id='word_1_896' title='bbox 3457 5457 3622 5513; x_wconf 81' lang='lat' dir='ltr'><strong>Recte</strong></span> <span class='ocrx_word' id='word_1_897' title='bbox 3650 5467 3833 5515; x_wconf 86' lang='lat' dir='ltr'><strong>autem</strong></span> 
     </span>
    </p>
   </div>
   <div class='ocr_carea' id='block_1_118' title="bbox 2247 5551 3835 5623">
    <p class='ocr_par' dir='ltr' id='par_1_118' title="bbox 2247 5551 3835 5623">
     <span class='ocr_line' id='line_1_118' title="bbox 2247 5551 3835 5623; baseline -0.001 -16"><span class='ocrx_word' id='word_1_898' title='bbox 2247 5554 2380 5609; x_wconf 80' lang='lat' dir='ltr'><strong>dixit</strong></span> <span class='ocrx_word' id='word_1_899' title='bbox 2406 5554 2665 5622; x_wconf 86' lang='lat' dir='ltr'><strong>baptisma</strong></span> <span class='ocrx_word' id='word_1_900' title='bbox 2698 5551 2919 5607; x_wconf 88' lang='lat' dir='ltr'><strong>Joannis</strong></span> <span class='ocrx_word' id='word_1_901' title='bbox 2964 5551 3287 5623; x_wconf 67' lang='lat' dir='ltr'><strong>paenitentia:</strong></span> <span class='ocrx_word' id='word_1_902' title='bbox 3312 5566 3431 5606; x_wconf 91' lang='lat' dir='ltr'><strong>esse</strong></span> <span class='ocrx_word' id='word_1_903' title='bbox 3456 5591 3469 5614; x_wconf 96' lang='lat'><strong>,</strong></span> <span class='ocrx_word' id='word_1_904' title='bbox 3499 5567 3607 5605; x_wconf 91' lang='lat' dir='ltr'><strong>non</strong></span> <span class='ocrx_word' id='word_1_905' title='bbox 3653 5562 3835 5606; x_wconf 89' lang='lat' dir='ltr'><strong>autem</strong></span> 
     </span>
    </p>
   </div>
   <div class='ocr_carea' id='block_1_119' title="bbox 2250 5642 3832 5715">
    <p class='ocr_par' dir='ltr' id='par_1_119' title="bbox 2250 5642 3832 5715">
     <span class='ocr_line' id='line_1_119' title="bbox 2250 5642 3832 5715; baseline -0.003 -14"><span class='ocrx_word' id='word_1_906' title='bbox 2250 5646 2581 5701; x_wconf 84' lang='lat' dir='ltr'><strong>remissionis</strong></span> <span class='ocrx_word' id='word_1_907' title='bbox 2614 5664 2625 5698; x_wconf 91' lang='lat'><strong>:</strong></span> <span class='ocrx_word' id='word_1_908' title='bbox 2653 5647 2865 5715; x_wconf 88' lang='lat' dir='ltr'><strong>erigens</strong></span> <span class='ocrx_word' id='word_1_909' title='bbox 2913 5644 3031 5699; x_wconf 90' lang='lat' dir='ltr'><strong>illos</strong></span> <span class='ocrx_word' id='word_1_910' title='bbox 3072 5642 3411 5712; x_wconf 88' lang='lat' dir='ltr'><strong>suadensque</strong></span> <span class='ocrx_word' id='word_1_911' title='bbox 3458 5642 3556 5705; x_wconf 86' lang='lat' dir='ltr'><strong>eis,</strong></span> <span class='ocrx_word' id='word_1_912' title='bbox 3601 5642 3701 5695; x_wconf 89' lang='lat' dir='ltr'><strong>hoc</strong></span> <span class='ocrx_word' id='word_1_913' title='bbox 3745 5658 3832 5696; x_wconf 80' lang='lat' dir='ltr'><strong>va-</strong></span> 
     </span>
    </p>
   </div>
   <div class='ocr_carea' id='block_1_120' title="bbox 2250 5734 3837 5806">
    <p class='ocr_par' dir='ltr' id='par_1_120' title="bbox 2250 5734 3837 5806">
     <span class='ocr_line' id='line_1_120' title="bbox 2250 5734 3837 5806; baseline -0.001 -14"><span class='ocrx_word' id='word_1_914' title='bbox 2250 5754 2409 5792; x_wconf 88' lang='lat' dir='ltr'><strong>cuum</strong></span> <span class='ocrx_word' id='word_1_915' title='bbox 2451 5736 2615 5792; x_wconf 84' lang='lat' dir='ltr'><strong>fuisse</strong></span> <span class='ocrx_word' id='word_1_916' title='bbox 2661 5737 2982 5806; x_wconf 89' lang='lat' dir='ltr'><strong>baptismum</strong></span> <span class='ocrx_word' id='word_1_917' title='bbox 3032 5735 3181 5789; x_wconf 93' lang='lat' dir='ltr'><strong>illum</strong></span> <span class='ocrx_word' id='word_1_918' title='bbox 3218 5755 3229 5788; x_wconf 88' lang='lat'><strong>:</strong></span> <span class='ocrx_word' id='word_1_919' title='bbox 3265 5749 3388 5789; x_wconf 90' lang='lat' dir='ltr'><strong>nam</strong></span> <span class='ocrx_word' id='word_1_920' title='bbox 3434 5734 3700 5803; x_wconf 86' lang='lat' dir='ltr'><strong>posterius</strong></span> <span class='ocrx_word' id='word_1_921' title='bbox 3725 5734 3837 5791; x_wconf 85' lang='lat' dir='ltr'><strong>dati</strong></span> 
     </span>
    </p>
   </div>
   <div class='ocr_carea' id='block_1_121' title="bbox 2253 5822 3850 5903">
    <p class='ocr_par' dir='ltr' id='par_1_121' title="bbox 2253 5822 3850 5903">
     <span class='ocr_line' id='line_1_121' title="bbox 2253 5822 3850 5903; baseline -0.006 -18"><span class='ocrx_word' id='word_1_922' title='bbox 2253 5832 2498 5903; x_wconf 89' lang='lat' dir='ltr'><strong>baptismi</strong></span> <span class='ocrx_word' id='word_1_923' title='bbox 2522 5846 2653 5901; x_wconf 75' lang='lat' dir='ltr'><strong>Opus</strong></span> <span class='ocrx_word' id='word_1_924' title='bbox 2684 5844 2797 5885; x_wconf 83' lang='lat' dir='ltr'><strong>erat</strong></span> <span class='ocrx_word' id='word_1_925' title='bbox 2822 5830 3064 5885; x_wconf 84' lang='lat' dir='ltr'><strong>remissio</strong></span> <span class='ocrx_word' id='word_1_926' title='bbox 3088 5830 3191 5883; x_wconf 87' lang='lat' dir='ltr'><strong>illa.</strong></span> <span class='ocrx_word' id='word_1_927' title='bbox 3226 5828 3291 5883; x_wconf 83' lang='lat' dir='ltr'><strong>Et</strong></span> <span class='ocrx_word' id='word_1_928' title='bbox 3315 5826 3583 5898; x_wconf 83' lang='lat' dir='ltr'><strong>quomodo</strong></span> <span class='ocrx_word' id='word_1_929' title='bbox 3616 5828 3706 5898; x_wconf 85' lang='lat' dir='ltr'><strong>qui</strong></span> <span class='ocrx_word' id='word_1_930' title='bbox 3728 5822 3850 5892; x_wconf 80' lang='lat' dir='ltr'><strong>Spi-</strong></span> 
     </span>
    </p>
   </div>
  </div>
