4094 6336
216 426 319 480 285

215 540 342 604 τοῖς
366 537 662 608 μαθηταῖς
681 534 1085 598 ἀποδέξασθαι
1119 533 1325 585 αὐτόν.
1369 534 1466 597 Ὃς
1502 530 1901 600 παραγενόμε-

214 645 322 692 νος
357 625 728 678 συνεϐάλετο
784 623 944 676 πολὺ
978 621 1101 685 τοῖς
1157 619 1598 672 πεπιστευκόσι
1627 617 1726 670 διὰ
1789 615 1900 683 τῆς

215 713 482 782 κιίιριτος.
513 713 787 775 Εὐτόνως
813 710 926 778 γὰρ
963 708 1085 772 τοῖς
1154 706 1464 771 Ἰουδαίοις
1507 703 1900 772 διακατηλέγ-

216 818 363 869 χετο
415 797 700 870 δημοσία,
749 795 1089 859 ἐπιδεικνὺς
1135 793 1233 847 διὰ
1271 792 1391 846 τῶν
1443 789 1703 860 Γραφῶν
1748 786 1903 844 εἶναι

217 889 329 939 τὸν
351 887 615 954 Χριστόν
651 883 913 951 Ἰησοῦν.
954 880 1227 950 Ἐγένετο
1257 878 1327 932 δὲ
1347 879 1416 933 ἐν
1441 877 1523 943 τῷ
1545 878 1654 931 τὸν
1696 878 1904 932 Ἀπολ-

217 971 310 1025 λὼ
344 967 496 1025 εἶναι
534 971 604 1023 ἐν
633 970 914 1037 Κορίνθῳ,
940 966 1184 1020 Παῦλον
1238 963 1553 1018 διελθόντα
1582 961 1654 1016 τὰ
1690 962 1907 1016 ἀνωτε-

215 1059 362 1126 ρικὰ
385 1056 563 1126 μέρη,
610 1054 810 1108 ἐλθεῖν
863 1054 950 1119 είς
1009 1053 1297 1120 Ἔφεσον.
1337 1050 1446 1104 Καὶ
1505 1048 1696 1116 εὑρών
1734 1063 1907 1111 τινας

216 1145 512 1215 μαθητὰς,
553 1139 681 1196 εἷπε
705 1139 854 1209 πρὸς
887 1140 1129 1204 αὐτούς·
1166 1139 1236 1190 Ei
1287 1134 1531 1204 Πνεῦμα
1566 1135 1740 1205 ἅγιον
1767 1134 1908 1188 ἐλά-

222 1235 361 1286 ϐετε
385 1231 864 1295 πιστεύσαντες;
895 1230 958 1282 Οἱ
984 1225 1052 1280 δέ
1079 1225 1259 1279 εἶπαν
1289 1223 1440 1292 πρὸς
1490 1223 1696 1278 αὐτόν’
1742 1223 1908 1277 Ἀλλ’

223 1317 372 1373 οὐδὲ
401 1319 454 1370 εί
481 1317 723 1385 Πνεῦμα
773 1315 944 1385 ἅγιόν
991 1313 1179 1376 ἐστιν,
1221 1312 1589 1380 ἠκούσαμεν.
1646 1305 1797 1363 Εἷπέ
1849 1325 1908 1363 τε

222 1403 378 1472 πρὸς
409 1402 653 1468 αὐτούς·
691 1403 796 1466 Είς
833 1401 891 1453 τί
921 1392 1036 1454 οὖν
1060 1397 1483 1463 ἐϐαπτίσθητε;
1521 1399 1583 1450 Ol
1615 1395 1684 1447 δὲ
1711 1390 1904 1448 εἷπονο

219 1492 320 1556 Εἰς
353 1489 419 1543 τὸ
459 1488 738 1544 Ἰωάννου
761 1486 1102 1554 βάπτισμα.
1141 1480 1288 1540 Εἷπε
1313 1483 1381 1536 δὲ
1411 1483 1672 1547 Παῦλος’
1711 1481 1908 1535 Ἰωάν-

223 1594 340 1644 νης
365 1576 484 1645 μὲν
508 1575 795 1629 ἐϐάπτισε
816 1572 1135 1641 βάπτισμα
1160 1571 1508 1640 μετανοίας,
1540 1568 1620 1634 τῷ
1650 1567 1778 1633 λαῷ
1810 1568 1905 1622 λέ-

223 1680 369 1731 γων,
397 1666 485 1728 εις
508 1661 616 1717 τὸν
636 1661 965 1730 ἐρχόμενον
985 1662 1112 1728 μετ’
1139 1657 1330 1712 αὐτὸν
1363 1658 1464 1710 ἵνα
1510 1656 1904 1709 πιστεύσωσι·

225 1749 562 1823 τουτέστιν,
586 1751 674 1812 εὶς
697 1748 806 1802 τὸν
829 1745 1088 1815 Χριστὸν
1130 1744 1384 1813 Ἰησοῦν.
1427 1745 1820 1809 Ἀκούσαντες
1843 1741 1911 1796 δὲ

223 1837 681 1904 ἐϐαπτίσθησαν
707 1837 795 1902 είς
816 1835 882 1887 τὸ
915 1835 1105 1903 ὄνομα
1136 1832 1242 1886 τοῦ
1277 1832 1502 1900 Κυρίου
1543 1830 1764 1898 Ἰησοῦ.
1798 1829 1908 1884 Καὶ

220 1923 538 1989 ἐπιθέντος
570 1921 776 1986 αὐτοῖς
803 1920 911 1974 τοῦ
934 1921 1180 1974 Παύλου
1214 1918 1320 1984 τὰς
1365 1917 1590 1986 χεῖρας,
1645 1913 1800 1985 ἦλθε
1843 1916 1909 1970 τὸ

222 2007 470 2077 Πνεῦμα
491 2009 555 2063 τὸ
591 2009 762 2078 ἅγιον
784 2008 876 2062 ἐπ’
901 2008 1144 2072 αὐτούς’
1179 2004 1447 2059 ἐλάλουν
1493 2021 1559 2058 τε
1601 2003 1911 2073 γλώσσαις

222 2096 324 2150 καὶ
352 2095 505 2168 [505]
540 2096 972 2165 προεφήτευον.
1007 2089 1205 2149 Ἦσαν
1251 2091 1320 2145 δὲ
1353 2093 1407 2146 οἱ
1439 2090 1664 2157 πάντες
1692 2089 1910 2159 ἄνδρες

221 2183 371 2237 ώσεί
395 2176 674 2237 δεκαδύο.
698 2181 885 2251 Πολλῷ
909 2175 1054 2236 οὗτοι
1077 2178 1287 2233 ἐκείνου
1311 2178 1687 2247 διεστήκασιν.
1713 2178 1764 2230 οί
1803 2193 1912 2247 μη-

219 2270 356 2324 δέεί
389 2269 615 2341 Πνεῦμα
646 2269 797 2339 ἅγιόν
844 2271 990 2324 ἐστιν
1049 2268 1271 2330 ειδότες.
1327 2260 1487 2320 Οὗτοι
1546 2260 1660 2332 οὖν,
1721 2267 1770 2319 οἳ
1815 2265 1912 2318 καὶ

222 2357 620 2429 ἀκριϐέστερον
641 2358 788 2428 αὐτῷ
817 2355 1065 2422 ἐξέθεντο
1099 2357 1199 2427 τὴν
1235 2355 1353 2408 ὁδὸν
1399 2353 1496 2407 τοῦ
1547 2353 1778 2424 Κυρίου,
1815 2352 1911 2406 καὶ

223 2447 668 2516 προπέμπουσι,
713 2447 806 2499 καὶ
848 2444 1156 2516 γράμματα
1213 2443 1564 2508 ἐπιδιδόασιν.
1628 2442 1912 2497 Ἐϐούλετο

224 2534 328 2603 μὲν
362 2528 456 2587 οῦν
487 2535 582 2587 καὶ
631 2533 794 2596 αὐτὸς
850 2531 1107 2586 ἀπελθεῖν
1162 2531 1242 2594 είς
1279 2531 1528 2600 Ἀχαΐαν
1567 2529 1674 2600 πρὸ
1712 2528 1770 2582 δὲ
1814 2527 1909 2581 τοῦ

223 2621 553 2692 προτρέψαι,
589 2620 680 2673 καὶ⁸
699 2619 1007 2691 γράμματα
1034 2616 1226 2673 δοῦναι
1260 2616 1408 2689 αὐτῷ
1463 2618 1591 2681 τοὺς
1620 2616 1912 2686 ἀδελφοὺς,

220 2709 324 2761 οὐκ
353 2709 644 2779 ἀναχωρεῖ.
681 2709 787 2772 Ὃς
813 2706 1296 2776 παραγενόμενος
1323 2703 1720 2768 συνεϐάλετο,
1752 2704 1908 2773 φησι,

220 2795 352 2862 τοῖς
393 2795 890 2849 πεπιστευκόσιν·
945 2792 1349 2861 εὐτόνωςγὰρ
1399 2791 1911 2859 διακατηλέγχετο

218 2883 490 2952 δημοσίᾳ
511 2882 907 2936 ἐπιδεικνύων
932 2880 1031 2935 διὰ
1057 2879 1176 2935 τῶν
1197 2879 1452 2949 Γραφῶν
1474 2876 1630 2933 εἶναι
1656 2880 1764 2932 τὸν
1787 2881 1914 2946 Χρι-

219 2970 380 3024 στὸν
418 2969 684 3038 Ἰησοῦν.
719 2967 1001 3026 Ἐντεῦθεν
1031 2969 1150 3031 πῶς
1173 2962 1243 3038 ἦν
1288 2967 1510 3029 δυνατὸς
1543 2969 1600 3020 ἐν
1623 2969 1746 3030 ταῖς
1766 2967 1805 3018 Γ
1810 2983 1910 3037 ρα-

220 3060 355 3126 φαῖς
397 3055 669 3119 Ἀπολλὼς
696 3055 956 3110 δείκνυσι.
991 3057 1130 3119 Τοὺς
1178 3054 1405 3126 μὲνγὰρ
1448 3054 1737 3117 Ἰουδαίους
1791 3055 1916 3123 σφό-

217 3147 325 3215 δρα
363 3144 691 3214 ἐπεστόμιζε
721 3142 902 3214 (τοῦτο
939 3143 1048 3215 γάρ
1077 3143 1194 3196 ἐστι
1236 3143 1318 3207 τὸ,
1348 3141 1909 3213 Διακατηλέγχετο),

217 3233 353 3294 τοὺς
390 3230 446 3284 δέ
468 3229 827 3292 πιστεύοντας
857 3231 1081 3301 θαρρεῖν
1139 3228 1342 3300 μᾶλλον
1369 3228 1567 3291 ἐποίει,
1625 3229 1718 3282 καὶ
1753 3229 1907 3282 ἵστα-

219 3319 352 3372 σθαι
389 3319 527 3388 πρδς
571 3319 673 3389 τήν
715 3316 920 3372 πίστιν.
969 3316 1233 3388 Ἐγένετο
1295 3316 1384 3380 δὲ,
1454 3315 1609 3385 φησὶ,
1659 3316 1908 3370 Παῦλον

216 3406 538 3460 διελθόντα
569 3405 642 3459 τὰ
671 3403 998 3472 ἀνωτερικὰ
1039 3404 1193 3474 μέρη
1224 3403 1428 3458 ἐλθεῖν
1469 3405 1557 3469 εὶς
1602 3404 1904 3472 ,Ἕφεσοη

216 3495 413 3548 Ταῦτα
437 3495 502 3564 δὴ
524 3494 593 3548 τὰ
625 3493 766 3549 κατά
790 3493 1128 3564 Καισάρειαν
1148 3492 1244 3546 καὶ
1274 3493 1343 3546 τὰ
1360 3491 1545 3546 λοιπά.
1575 3493 1683 3546 Καί
1715 3493 1910 3561 εὑρών

216 3599 395 3647 τινας
413 3582 703 3651 μαθητὰς,
733 3577 868 3635 εἷπε
901 3580 1054 3649 πρὸς
1084 3581 1328 3646 αὐτούς’
1358 3582 1428 3633 El
1454 3579 1699 3649 Πνεῦμα
1732 3579 1909 3650 ἅγιον

216 3670 471 3724 ἐλάϐετε
490 3670 931 3735 πιστεύσαντες
948 3685 968 3732 ;
1003 3668 1128 3721 Ὅτι
1187 3667 1311 3721 οὐδέ
1363 3669 1445 3732 είς
1496 3667 1733 3738 Χριστὸν
1785 3669 1907 3721 ἐπί-

217 3773 414 3810 στευον
440 3749 607 3821 οὗτοι,
637 3756 796 3826 δῆλον
821 3757 887 3810 ἐκ
915 3754 1012 3809 τοῦ
1037 3757 1234 3809 εἰπεῖν·
1285 3756 1391 3820 Εὶς
1424 3754 1531 3808 τὸν
1577 3754 1908 3824 ἐρχόμενον

210 3844 344 3914 μετ’
376 3844 583 3906 αὑτὸν,
615 3845 716 3897 ἵνα
767 3843 1166 3904 πιστεύσωσι.
1203 3842 1314 3894 Καὶ
1367 3842 1469 3895 οὐκ
1516 3835 1692 3908 εἶπεν,
1738 3843 1906 3896 Οὐδέν

214 3935 336 3985 ἐστι
373 3932 438 3984 τὸ
459 3931 743 4002 βάπτισμα
774 3930 1042 3984 Ἰωάννου’
1086 3929 1202 3982 ἀλλ’
1237 3929 1320 3982 ὅτι
1375 3928 1587 3992 ἀτελές.
1621 3930 1734 3983 Καὶ
1781 3931 1905 3984 οὐδέ

215 4019 384 4073 τοῦτο
416 4017 759 4089 προσέθηκεν
790 4017 999 4081 ἀπλῶς,
1028 4015 1145 4069 ἀλλ’
1177 4017 1264 4069 ἵνα
1286 4015 1476 4086 διδάξῃ
1505 4017 1598 4069 καὶ
1620 4018 1788 4090 πείσῃ
1810 4017 1905 4071 αὐ-

216 4108 348 4170 τοὺς
374 4108 454 4169 είς
481 4105 542 4159 τὸ
574 4106 746 4175 δνομα
764 4104 859 4158 τοῦ
894 4104 1070 4176 Ἰησοῦ
1105 4103 1491 4175 βαπτισθῆναιο
1540 4104 1569 4156 ὂ
1594 4105 1689 4158 καὶ
1720 4105 1906 4159 ποιοῦ·

217 4211 294 4257 σι,
320 4194 419 4246 καὶ
443 4192 504 4245 τὸ
522 4192 750 4260 Πνεῦμα
773 4190 1112 4262 λαμϐάνουσι
1143 4194 1211 4263 τῇ
1238 4191 1483 4246 ἐπιθέσει
1538 4193 1651 4246 τῶν
1701 4181 1904 4264 χειρῶν

216 4281 460 4334 Παύλου.
507 4278 842 4345 Ἐπιθέντος
868 4278 999 4350 γάρ,
1032 4279 1220 4349 φησὶν,
1258 4277 1461 4344 αὐτοῖς
1495 4279 1602 4333 τοῦ
1656 4281 1903 4335 Παύλου

215 4371 327 4436 τὰς
347 4369 575 4438 χεῖρας,
605 4364 754 4438 ἦλθε
788 4367 855 4421 τὸ
901 4368 1146 4437 Πνεῦμα
1181 4367 1251 4421 τὸ
1299 4367 1472 4436 ἅγιον
1513 4368 1607 4422 ἐπ’
1655 4371 1900 4438 αὐτούς.

219 4459 389 4509 Ὥστε
415 4449 496 4518 οἷς
527 4453 765 4508 ἐπετίθει
812 4454 911 4518 τὰς
939 4457 1146 4526 χεῖρας,
1185 4454 1246 4507 τὸ
1295 4454 1522 4524 Πνεῦμα
1571 4456 1903 4527 ἐλάμϐανον.

216 4545 384 4606 Εἰκὸς
404 4544 585 4596 τοίνυν
629 4538 697 4612 ἦν
726 4542 954 4613 Πνεῦμα
986 4543 1086 4614 μὲν
1132 4542 1332 4606 αὐτοὺς
1369 4543 1535 4613 ἔχειν,
1581 4545 1656 4615 μὴ
1715 4546 1904 4614 φαίνε-

217 4630 346 4684 σθαι
371 4629 450 4683 δέ·
487 4629 600 4682 ἀλλ’
627 4631 692 4682 ἐκ
719 4629 821 4698 τῆς
843 4629 1127 4702 ἐνεργείας
1151 4630 1247 4683 καὶ
1267 4630 1360 4700 ἀφ’
1381 4646 1456 4684 ων
1479 4629 1754 4700 γλώσσαις
1773 4633 1902 4689 ἐλά-

215 4718 369 4783 λουν,
399 4713 558 4769 τοῦτο
581 4716 878 4784 ἐνέφαινον.

290 5019 361 5089 β’.
381 5016 520 5070 Ἀλλ’
553 5017 753 5088 ἴδωμεν
778 5016 981 5070 ἀνωθεν
1006 5017 1073 5070 τά
1105 5017 1515 5088 ἀνεγνωσμένα.
1556 5018 1618 5070 '0
1643 5018 1711 5071 δὲ
1739 5018 1898 5072 Παῦ-

212 5111 330 5173 λος
375 5105 619 5169 ἐξέπλει
664 5106 752 5178 είς
799 5104 915 5172 τὴν
963 5107 1208 5173 Συρίαν,
1246 5107 1404 5177 φησὶ,
1453 5105 1555 5159 καὶ
1588 5106 1713 5161 σὺν
1739 5106 1902 5174 αὐτῷ

213 5194 562 5261 Πρίσκιλλα
583 5192 685 5246 καί
717 5193 987 5257 Ἀκύλας,
1009 5191 1102 5256 οὓς
1125 5192 1219 5245 καὶ
1243 5193 1592 5263 καταντήσας
1621 5194 1701 5256 είς
1734 5195 1903 5262 Ἔφε-

214 5297 310 5333 σον
337 5279 630 5333 κατέλιπεν
657 5279 848 5335 αὐτοῦ.
874 5280 944 5332 Ἣ
965 5281 1048 5333 ὅτι
1083 5280 1184 5333 οὐκ
1211 5279 1465 5333 ἐϐούλετο
1489 5281 1776 5352 περιάγειν
1798 5282 1899 5334 αὐ-

210 5368 368 5432 τοὺς,
399 5365 493 5419 καὶ
515 5366 605 5419 διὰ
633 5366 795 5420 τοῦτο
827 5367 1140 5421 κατέλιπενο
1195 5367 1229 5437 ἦ
1270 5368 1471 5437 μᾶλλον
1526 5369 1614 5422 ἵνα
1638 5368 1898 5424 διδάσκα-

212 5454 292 5506 λοι
319 5453 526 5522 μένωσι
575 5456 688 5517 τοῖς
714 5457 772 5508 ἐν
813 5456 1043 5526 Ἐφέσῳ.
1094 5457 1260 5510 Αὐτοὶ
1287 5457 1343 5510 δὲ
1398 5456 1539 5527 μετὰ
1573 5456 1747 5511 ταῦτα
1795 5458 1897 5530 τὴν

214 5541 481 5612 Κόρινθον
505 5542 751 5613 ᾤκησαν,
780 5541 860 5608 οἷς
904 5545 998 5598 καὶ⁵
1040 5546 1250 5617 μεγάλα
1294 5550 1581 5619 μαρτυρεῖ,
1609 5548 1704 5601 καὶ
1761 5549 1897 5603 Ῥω·

216 5628 404 5696 μαίοις
425 5629 759 5685 ἐπιστέλλων
788 5633 1185 5702 προσαγορεύει
1218 5634 1437 5698 αὐτούς.
1491 5634 1656 5688 ’Ὅθεν
1695 5653 1784 5706 μοι
1809 5637 1894 5690 δο-

213 5720 304 5769 κεῖ
339 5717 478 5787 μετά
503 5717 678 5773 ταῦτα
702 5719 896 5783 αὐτοὺς
927 5723 1007 5784 εἰς
1051 5720 1268 5792 Ῥώμην
1299 5722 1573 5791 ἀπελθεῖν,
1606 5723 1702 5777 ἆτε
1732 5726 1896 5795 ἐμφι-

213 5806 592 5878 λοχωροῦντας
649 5811 762 5872 τοῖς
806 5811 992 5874 τόποις
1026 5812 1277 5876 ἐκείνοις,
1318 5813 1442 5866 ὅθεν
1494 5813 1754 5876 ἐξέπεσον
1804 5817 1895 5868 ἐπὶ

214 5895 465 5964 Νέρωνος
515 5897 619 5950 lim!
650 5900 929 5963 καταϐὰς,
982 5899 1170 5968 φησὶν,
1201 5903 1287 5966 εἰς
1326 5901 1710 5968 Καισάρειαν,
1751 5905 1896 5960 ἀνα-

359 5983 454 6062 καὶ
483 5984 918 6062 ἀσπασάμενος
955 5987 1067 6052 τὴν
1141 5989 1530 6062 Ἐκκλησίαν,
1564 5991 1779 6062 κατέϐη
1809 5994 1895 6059 εἰς

233 6054 604 6122 Ἀντιόχειαν,
639 6056 734 6109 καὶ
763 6057 1024 6124 ποιήσας
1062 6058 1271 6124 χρόνον
1302 6054 1452 6127 τινὰ,
1486 6060 1724 6130 ἐξῆλθε,
1745 6054 1893 6131 διερλ

1387 415 1456 470 IN
1489 414 1674 470 ACTA
1716 410 2252 469 APOSTOLORUM.
2280 407 2515 466 llOMIL.
2559 406 2668 462 XL.
3582 400 3684 454 ‘28-!

2002 547 2260 614 χόμενος
2294 543 2410 611 τὴν
2448 539 2799 605 Γαλατικὴν
2846 536 3106 604 καθεξῆς
3133 535 3334 602 χώραν
3389 533 3487 585 καὶ
3536 537 3684 599 Φρυ-

2001 635 2159 702 γίαν.
2213 632 2368 702 Ἐμοὶ
2391 628 2609 683 δοκοῦσι
2641 628 2734 681 καὶ
2756 627 2804 679 οἱ
2839 625 3021 678 πιστοὶ
3057 623 3136 676 ἐτι
3165 623 3282 674 ἐκεῖ
3335 620 3684 688 συνάγεσθαι·

2002 723 2066 778 οὐ
2098 722 2206 793 γὰρ
2238 721 2439 783 εὐθέως
2461 719 2663 781 αὐτοὺς
2705 715 2992 770 ἀπέσπων.
3052 713 3198 783 Ὅρα
3226 711 3283 764 δέ
3341 709 3458 772 πῶς
3491 709 3687 770 αὐτοὺς

2003 810 2302 873 ἐπείγεται.
2354 807 2466 862 Καὶ
2519 806 2723 868 ταύτας
2781 803 2881 866 τὰς
2946 801 3130 872 χώρας
3180 798 3343 852 πάλιν
3391 797 3692 866 διέρχεται,

2003 897 2144 950 ὥστε
2173 898 2241 967 τῇ
2274 894 2550 966 παρουσίᾳ
2593 891 2895 963 βεϐαιῶσαι
2925 891 3051 952 τοὺς
3093 885 3362 959 μαθητάς.
3408 881 3689 946 Ἰουδαῖος

2003 983 2069 1037 δέ
2113 1000 2224 1048 τις,
2271 981 2459 1052 φησὶν,
2509 977 2810 1044 Ἀπολλὼς
2862 977 3128 1046 ὀνόματι,
3181 972 3566 1040 κατήντησεν
3603 973 3691 1035 εἰς

2008 1073 2298 1141 Ἔφεσον,
2342 1067 2602 1133 δυνατὸς
2656 1065 2741 1120 ὢν
2781 1066 2851 1120 ἐν
2881 1065 3012 1130 ταῖς
3050 1061 3340 1132 Γραφαῖς.
3390 1062 3693 1128 Διεγηγερ-

2008 1160 2171 1230 μένος
2224 1153 2292 1229 ἦν
2345 1158 2375 1210 ὁ
2429 1155 2752 1226 ἄνθρωπος·
2800 1151 2882 1206 διδ
2932 1151 3028 1206 καὶ
3063 1149 3375 1220 ἀποδημίας
3416 1145 3692 1199 στέλλεται

2007 1229 2147 1314 ὐπέρ
2173 1242 2365 1297 τούτου
2405 1242 2596 1297 αὐτοῦ.
2645 1243 2750 1307 Ὃς
2796 1238 3306 1307 παραγενόμενος,
3361 1229 3550 1303 φησὶν,
3605 1234 3693 1298 είς

2019 1332 2280 1402 Ἀχαΐαν,
2323 1331 2584 1394 εὐτόνως
2637 1327 3147 1396 διακατηλέγχετο
3191 1323 3317 1390 τοῖς
3379 1320 3694 1386 Ἰουδαίοις

2007 1419 2292 1488 δημοσίᾳ.
2321 1417 2456 1489 Περὶ
2486 1417 2678 1470 τούτου
2719 1416 2948 1486 γράφων
2989 1413 3163 1482 ἔλεγε·
3198 1410 3342 1480 Περὶ
3375 1409 3444 1463 δὲ
3486 1410 3695 1463 Ἀπολ-

2005 1508 2094 1563 λὼ
2122 1508 2228 1562 τοῦ
2262 1506 2552 1575 ἀδελφοῦ.
2578 1504 2668 1576 Τῷ
2689 1505 2788 1576 μὲν
2820 1500 2915 1558 οὖν
2942 1503 3180 1574 δημοσία
3202 1499 3358 1574 [304]
3375 1500 3639 1570 ἐλέγχειν,
3659 1500 3692 1566 ἡ

2009 1597 2292 1668 παρρησία
2319 1596 2613 1649 ἐδείκνυτο’
2648 1595 2726 1664 τῷ
2747 1595 2804 1647 δὲ
2829 1594 3082 1660 εὐτόνως,
3107 1594 3141 1664 ἡ
3165 1592 3396 1662 δύναμις
3420 1588 3692 1660 ἐδηλοῦτο·

2007 1684 2086 1754 τῷ
2111 1685 2168 1737 δὲ
2201 1686 2266 1737 ἐκ
2305 1683 2414 1739 τῶν
2457 1683 2618 1737 θείων
2650 1683 2886 1754 Γραφῶν
2941 1679 3323 1745 ἐπιδεικνύειν,
3346 1683 3380 1750 ή
3410 1677 3693 1749 ἐμπειρία.

2010 1771 2148 1824 υῦτε
2181 1771 2291 1841 γὰρ
2320 1772 2354 1842 ἡ
2404 1770 2688 1842 παρρησία
2743 1787 2796 1822 τι
2845 1768 3091 1823 συντελεῖ
3115 1767 3236 1821 καθ’
3267 1765 3469 1837 ἑαυτὴν
3493 1777 3541 1830 ι,
3596 1763 3698 1816 οὐκ

2009 1857 2177 1928 οὔσης
2207 1858 2512 1928 δυνάμεως,
2543 1855 2668 1909 οὔτε
2697 1859 2730 1926 ἡ
2760 1857 3010 1927 δύναμις,
3040 1856 3141 1909 οὐκ
3161 1854 3330 1925 οὐσης
3359 1851 3694 1922 παρρησίας.

2013 1947 2157 2017 Ἀρα
2185 1946 2284 1999 οὐκ
2313 1946 2437 2014 είκῆ
2514 1945 2749 1998 Ἀκύλαν
2785 1943 3079 1997 κατέλιπεν
3111 1944 3189 2005 είς
3248 1942 3506 2008 Ἔφεσον,
3560 1937 3699 1990 ἀλλὰ

2007 2033 2096 2087 διὰ
2116 2033 2211 2086 τὸν
2253 2031 2502 2086 Ἀπολλὼ
2558 2032 2698 2101 τάχα
2731 2031 2790 2084 τὸ
2838 2030 3065 2100 Πνεῦμα
3113 2027 3271 2081 τοῦτο
3317 2027 3695 2096 ᾠκονόμησεν,

2010 2121 2150 2174 ὥστε
2184 2119 2534 2192 ἰσχυρότερον
2566 2120 2820 2189 ἐπιϐῆναι
2842 2121 2908 2189 τῇ
2937 2116 3210 2187 Κορίνθῳ.
3248 2115 3359 2168 Καὶ
3412 2115 3465 2166 τί
3495 2113 3696 2184 δήποτε

2008 2208 2188 2278 τούτῳ
2216 2209 2315 2279 μὲν
2337 2208 2491 2262 οὐδὲν
2513 2208 2794 2281 ἐποίησαν,
2818 2205 3020 2275 Παύλῳ
3049 2205 3106 2257 δέ
3135 2202 3500 2268 ἐπιτίθενται;
3535 2200 3698 2271 ¹ᾙδε-

2012 2314 2132 2360 σαν,
2160 2297 2242 2349 ὅτι
2263 2297 2470 2359 ἐκεῖνος
2499 2297 2527 2349 ὁ
2557 2295 2856 2368 κορυφαῖος
2883 2289 2970 2362 ἦν’
3008 2293 3040 2362 ἦ
3097 2292 3194 2346 καὶ
3223 2292 3305 2345 ὅτι
3337 2291 3471 2345 πολὺ
3499 2288 3560 2342 τὸ
3580 2289 3697 2342 δνο-

2014 2402 2089 2454 μα
2115 2383 2208 2436 τοῦ
2259 2383 2454 2454 ἀνδρὸς
2493 2378 2582 2453 ἦν·
2623 2383 3068 2450 Προλαϐόμενοι
3130 2378 3216 2444 δὲ,
3271 2379 3462 2448 φησὶν,
3508 2375 3698 2431 αὑτὸν

2021 2471 2276 2535 Ἀκύλας
2299 2470 2400 2524 καί
2433 2470 2799 2538 Πρίσκιλλα,
2832 2466 3258 2542 ἀκριϐέστερον
3282 2465 3443 2530 αὐτῷ
3470 2463 3699 2529 ἐξέθεν-

2008 2577 2077 2614 το
2105 2560 2223 2628 τὴν
2248 2557 2356 2613 τοῦ
2387 2558 2536 2613 Θεοῦ
2587 2559 2755 2613 ὀδόν.
2791 2558 2936 2628 Ὅρα
2965 2557 3084 2620 πῶς
3110 2557 3292 2611 πάντα
3318 2555 3498 2607 πίστει
3530 2550 3697 2620 ἐγίνε-

2008 2666 2090 2714 το,
2143 2649 2240 2702 καὶ
2278 2637 2516 2718 οὐδαμοῦ
2547 2646 2764 2716 φθόνος,
2817 2644 3058 2715 οὐδαμοῦ
3100 2643 3392 2715 βασκανίαο
3463 2640 3698 2703 Ἀκύλας

2009 2737 2274 2802 διδάσκει,
2305 2735 2508 2806 μᾶλλον
2533 2735 2591 2788 δέ
2616 2735 2712 2789 καὶ
2742 2726 2900 2797 οὗτος
2930 2733 3268 2787 διδάσκεται.
3293 2731 3406 2785 Καὶ
3434 2731 3542 2800 γὰρ
3570 2729 3697 2799 χρό-

2010 2841 2099 2876 νον
2127 2824 2278 2894 αὐτῷ
2303 2823 2690 2893 συγγενόμενοι
2731 2820 2904 2884 οὕτως
2956 2820 3331 2890 ἐδιδάχθησαν,
3360 2818 3436 2880 ῶς
3475 2818 3568 2870 καί
3613 2816 3703 2876 άλτ

2009 2905 2135 2969 λους
2165 2906 2387 2970 ἱκανοὺς
2441 2900 2582 2960 εῖναι
2625 2902 2922 2958 διδάσκειν.
2977 2901 3354 2971 Βουλομένου
3390 2900 3459 2953 δέ
3508 2898 3696 2952 αὑτοῦ

2008 2990 2290 3056 διελθεῖν,
2324 2992 2513 3062 φησὶν,
2542 2993 2630 3057 εὶς
2655 2990 2772 3058 τὴν
2811 2991 3068 3058 Ἀχαΐαν,
3111 2987 3358 3059 ἔγραψαν
3379 2988 3493 3050 τοῖς
3521 2985 3699 3055 μαθη-

2009 3083 2132 3146 ταῖς
2152 3081 2524 3147 ἀποδέξασθαι
2544 3080 2731 3134 αὐτόν.
2763 3080 2922 3143 Τίνος
2960 3078 3148 3133 ἕνεκεν
3203 3077 3510 3148 γράμματα
3558 3075 3694 3145 πέμ-

1948 3218 1950 3222 .
2011 3185 2226 3236 πουσιν,
2297 3167 2613 3240 ἑρμηνεύειο
2645 3169 2812 3234 Ἵνα,
2853 3168 3044 3238 φησὶν,
3106 3165 3294 3220 αὐτὸν
3351 3163 3698 3228 ἀποδέξων-

2010 3272 2102 3310 ται
2109 3293 2124 3309 ο

2080 3455 2189 3509 Καὶ
2220 3454 2382 3512 πόθεν
2399 3453 2557 3523 δῆλον
2574 3452 2819 3515 ἐκείνους
2838 3455 2894 3505 ἐν
2909 3450 3122 3521 Ἐφέσῳ
3141 3451 3302 3513 ὄντας
3331 3455 3393 3502 τὸ
3413 3461 3695 3520 βάπτισμα

2005 3544 2151 3615 ἐχειν
2185 3538 2468 3607 Ἰωάννους
2495 3542 2620 3594 ’Ότι
2641 3537 3010 3611 ἐρωτώμενοι,
3034 3540 3138 3605 Εὶς
3168 3539 3228 3592 τί
3263 3538 3698 3604 ἐϐαπτίσθητε;

2006 3637 2111 3699 Είς
2133 3633 2202 3686 τὸ
2224 3630 2524 3696 Ἰωάννου,
2553 3627 3322 3697 λέγουσι,,βὰ;ιτισμα.Ἷσως
3343 3626 3698 3697 ἐπεδήμησαν

2004 3727 2116 3788 τοῖς
2149 3721 2546 3794 Ἰεροσολύμοις
2573 3721 2719 3786 τότε,
2751 3719 2848 3774 καὶ
2878 3719 3146 3791 ἀπῆλθον,
3184 3719 3280 3772 καὶ
3307 3719 3693 3772 ἐϐαπτίσαντο·

2004 3811 2140 3865 ἀλλά
2169 3810 2266 3864 καὶ
2301 3809 2714 3880 βαπτισθέντες,
2741 3807 2834 3862 τὸν
2870 3807 3079 3879 Ἰησοῦν
3109 3809 3210 3860 οὐκ
3233 3807 3556 3876 ἠπίσταντο.
3589 3809 3698 3859 Καὶ

2003 3901 2064 3952 οὐ
2094 3897 2245 3967 λέγει
2284 3899 2499 3961 αὐτοῖς·
2536 3896 2830 3950 Πιστεύετε
2865 3897 2947 3960 είς
2971 3896 3065 3948 τὸν
3107 3894 3356 3966 Ἰησοῦν;
3417 3893 3554 3947 ἀλλά
3602 3894 3693 3959 τί;

1999 3987 2069 4038 El
2107 3985 2353 4054 Πνεῦμα
2388 3984 2562 4054 ἅγιον
2592 3984 2836 4037 ἐλάϐετε
2856 3998 2876 4048 ;
2932 3983 3050 4054 ᾔδει
3081 3981 3212 4052 γάρ,
3257 3982 3340 4035 ὅτι
3372 3983 3475 4034 οὐκ
3526 3977 3692 4052 εἶχον.

2004 4071 2115 4124 Καὶ
2145 4071 2395 4142 βούλεται
2423 4070 2621 4134 αὐτοὺς
2645 4071 2844 4137 εἰπεῖν,
2887 4070 2976 4123 ἴνα
3029 4068 3298 4140 μαθόντες
3351 4061 3427 4121 ιῗιν
3461 4069 3696 4124 ἀπεστέ-

2007 4175 2221 4230 ρηνται,
2283 4159 2573 4229 αἰτήσωσι.
2610 4155 2721 4211 Καὶ
2761 4156 3074 4223 ἐπιθέντος
3121 4155 3349 4222 αὐτοῖς,
3398 4157 3553 4226 φησὶ,
3590 4156 3694 4224 τὰς

2002 4247 2206 4318 χεῷας
2243 4247 2352 4300 τοῦ
2401 4247 2671 4309 Παύλου,
2710 4240 2860 4316 ἦλθε
2888 4245 2953 4298 τὸ
2983 4245 3230 4314 Πνεῦμα
3278 4243 3346 4298 τὸ
3386 4243 3557 4314 ἅγιον
3597 4245 3692 4298 ἐπ’

2001 4337 2249 4402 αὐτοὺς,
2293 4335 2392 4389 καί
2421 4335 2690 4391 ἐλάλουν
2737 4333 3071 4404 γλώσσαις,
3100 4333 3198 4387 καὶ
3251 4325 3686 4401 προεφήτευον.

2014 4423 2137 4476 Ἀπ’
2168 4421 2332 4475 αὐτοῦ
2359 4422 2454 4475 τοῦ
2483 4421 2864 4492 βαπτίσματος
2892 4419 3321 4491 προφητεύουσι.
3354 4419 3527 4473 Τοῦτο
3547 4420 3604 4473 δὲ
3631 4421 3701 4474 τδ

2015 4511 2264 4565 Ἰωάννου
2301 4510 2586 4580 βάπτισμα
2614 4511 2715 4564 οὐκ
2748 4505 2882 4581 εἶχε·
2920 4509 3001 4562 διὸ
3045 4510 3141 4562 καὶ
3191 4508 3380 4573 ἀτελὲς
3422 4505 3510 4579 ἦν.
3573 4509 3692 4565 Ἵνα

2000 4599 2058 4653 δὲ
2083 4598 2190 4652 τῶν
2219 4598 2477 4652 τοιούτων
2503 4591 2802 4663 ἀξιωθῶσι,
2832 4598 3328 4668 προπαρεσκεύαζε
3359 4597 3562 4667 μᾶλλον
3589 4598 3689 4651 αὐ-

1999 4687 2147 4750 τούς.
2173 4687 2336 4740 Ὥστε
2360 4685 2520 4739 τοῦτο
2548 4685 2800 4739 ἐϐούλετο
2843 4686 3100 4756 Ἰωάννης
3136 4684 3437 4754 βαπτίζων,
3469 4684 3690 4738 πιστεῦ-

2002 4792 2094 4828 σαι
2116 4775 2196 4838 είς
2225 4774 2318 4828 τὸν
2342 4774 2640 4845 ἐρχόμενον
2669 4774 2785 4844 μετ’
2828 4773 3014 4827 αὐτόν.
3083 4771 3365 4826 Ἐντεῦθεν
3413 4771 3689 4826 δείκνυται

1998 4863 2178 4933 δόγμα
2215 4861 2379 4933 μέγα,
2410 4861 2492 4915 ὅτι
2539 4862 2762 4925 τελείως
2811 4861 3169 4932 καθαίρονται
3209 4860 3318 4913 τῶν
3350 4862 3685 4932 ἁμαρτημάο

1999 4968 2110 5004 των
2159 4950 2210 5003 οἱ
2263 4948 2674 5019 βαπτιζόμενοι.
2709 4950 2773 5001 Εἰ
2815 4948 2891 5019 μή
2925 4949 3035 5020 γάρ
3069 4947 3448 5018 ἐκαθαίροντο,
3481 4949 3581 5001 οὐκ
3619 4949 3688 5003 ἂν

1998 5037 2061 5090 τὸ
2115 5036 2342 5109 Πνεῦμα
2404 5036 2653 5106 ἐδέχοντο
2686 5029 2855 5101 οὗτοι,
2891 5035 2991 5089 οὐκ
3038 5035 3104 5088 ἂν
3138 5034 3495 5105 χαρισμάτων
3525 5035 3686 5099 εὐθὺς

1997 5124 2270 5195 ἠξιοῦντο.
2313 5122 2422 5184 Καὶ
2453 5124 2581 5194 δρα,
2643 5125 2725 5177 ὅτι
2777 5121 2999 5176 διπλοῦν
3037 5122 3098 5174 τὸ
3159 5122 3408 5193 χάρισμα
3454 5117 3545 5193 ἦν,
3593 5125 3688 5176 καὶ

1999 5213 2243 5282 γλῶσσαι
2271 5216 2368 5273 καὶ
2390 5213 2741 5286 προφητεῖαι.
2773 5210 2972 5274 Καλῶς
3003 5210 3060 5263 δὲ
3111 5203 3234 5263 εἷπε
3273 5209 3558 5280 βάπτισμα
3592 5228 3685 5281 με-

1997 5301 2214 5364 τανοίας
2234 5301 2294 5354 τὸ
2335 5302 2606 5364 Ἰωάννου,
2662 5299 2755 5352 καὶ
2783 5299 2884 5352 οὐκ
2911 5298 3186 5368 ἀφέσεως,
3221 5298 3445 5367 ἀνάγων
3489 5299 3686 5360 αὐτοὺς

1998 5389 2093 5442 καὶ
2117 5388 2343 5454 πείθων,
2366 5389 2449 5444 ὅτι
2475 5387 2666 5442 τούτου
2706 5386 2912 5459 ἔρημον
2941 5381 3010 5457 ἦν
3039 5388 3233 5439 ἐκεῖνον
3269 5384 3366 5438 τοῦ
3390 5384 3500 5455 γὰρ
3524 5385 3684 5438 ὓστε-

1999 5494 2094 5548 ρον
2121 5476 2371 5540 δοθέντος
2402 5476 2562 5548 έργον
2583 5478 2616 5546 ή
2646 5475 2839 5544 ἄφεσις
2871 5474 3083 5543 γέγονε.
3138 5474 3250 5526 Καὶ
3282 5473 3400 5536 πῶς
3420 5475 3469 5525 οί
3491 5472 3685 5526 λαϐόν-

1995 5583 2086 5629 τες
2115 5566 2176 5619 τὸ
2226 5566 2452 5632 Πνεῦμα
2479 5565 2580 5618 οὐκ
2611 5563 2913 5627 ἐδίδασκον,
2944 5561 3061 5617 ἀλλ’
3099 5562 3375 5624 Ἀπολλὼς
3405 5562 3572 5632 μήπω
3622 5564 3683 5615 τὸ

1997 5654 2222 5725 Πνεῦμα
2258 5653 2472 5719 λαϐώνς
2501 5655 2628 5706 Ὅτι
2655 5652 2757 5705 οὐκ
2779 5646 2921 5721 ἦσαν
2953 5648 3095 5703 οὕτω
3121 5648 3357 5717 ζέοντες,
3389 5649 3506 5702 οὐδέ
3546 5667 3679 5702 κατ.-

1999 5760 2102 5813 ηχη
2112 5741 2280 5813 μένοι·
2297 5742 2502 5803 ἐκεῖνος
2514 5740 2570 5795 δὲ
2595 5739 2690 5796 καὶ
2708 5738 3082 5809 κατηχημένος
3101 5733 3289 5807 ἦν,καῖ
3305 5738 3508 5808 σφόδρα
3523 5738 3678 5803 ζέων.

2067 6016 2075 6027 “
2102 6013 2257 6060 Imus
2283 6014 2411 6073 apud
2449 6013 2614 6062 Monlf.
2642 6012 2802 6077 aliqua
2841 6016 2982 6077 parte
3005 6010 3210 6062 muulus
3245 6022 3308 6060 ex
3348 6009 3505 6059 uibus
3537 6011 3670 6061 codd.

2003 6085 2056 6126 ct
2082 6077 2229 6126 Sam].
2259 6081 2520 6128 restitutus
2546 6082 2640 6127 est.
2667 6076 2804 6129 Em.
