4094 6336
420 413 527 470 285

434 525 587 593 Ἐμοὶ
609 523 665 579 δὲ
684 523 939 592 δοκεῖ,δτι
962 525 1055 580 καὶ
1077 524 1243 599 πολλὴ
1274 522 1339 598 ἦν
1364 527 1394 598 ἡ
1431 524 1711 598 παρρησία
1746 521 1840 577 τοῦ
1864 519 2074 591 ἀνδρός.

431 610 517 664 Ἀι)
528 611 629 666 λέί
649 614 743 667 καὶ
759 612 1000 685 ἀκριϐῶς
1018 612 1192 668 ἐλάλει
1209 615 1276 667 τὰ
1292 617 1417 685 περὶ
1429 611 1522 666 τοῦ
1540 611 1734 681 Ἰησοῦ,
1747 612 1896 681 ὅμως
1908 609 2080 662 ἐδεῖτο

423 698 935 774 ἔτιιάκρισεστέρας
979 703 1341 764 διδασκαλίας.
1374 701 1531 756 Οῦτω
1577 699 1752 756 καίτοι
1777 698 1878 752 οὐκ
1922 694 2078 761 εἰδὼς

423 786 618 851 πάντα,
650 787 759 842 ἀπὸ
795 790 897 861 τῆς
942 789 1245 861 προθυμίας
1271 789 1621 844 ἐπεσπάσατο
1651 787 1711 842 τδ
1755 783 1982 857 Πνεῦμα
2020 786 2081 837 τὸ

419 871 595 940 ἅγιον,
625 875 876 948 καθάπερ
901 878 950 931 οί
977 880 1107 950 περὶ
1136 878 1457 949 Κορνήλιον.
1483 878 1638 948 Τάχα
1667 874 1853 929 πολλοὶ
1880 871 2079 928 ποθοῦ-

419 975 523 1023 σιν,
553 963 600 1015 εῖ
649 964 741 1016 καὶ¹
777 964 873 1019 νῦν
897 961 984 1037 ἦν,
1016 967 1076 1020 τδ
1121 965 1218 1019 τοῦ
1275 966 1521 1021 Ἰωάννου
1551 965 1851 1036 βάπτισμα.
1918 959 2079 1016 Ἀλλά

419 1045 603 1102 πολλοὶ
635 1050 701 1104 ἀν
719 1051 999 1124 ἠμέλησαν
1029 1051 1144 1123 βίου
1199 1054 1475 1125 ἐναρέτου,
1517 1052 1550 1125 ἢ
1581 1052 1672 1106 καῖ⁵
1696 1049 1959 1121 ἐνομίσθη
2011 1048 2078 1105 ἀν

414 1133 644 1200 ἕκαστος
672 1136 824 1210 [505]
853 1140 940 1194 διά
973 1139 1132 1194 τοῦτο
1163 1152 1212 1204 ι,
1250 1141 1345 1195 καὶ
1365 1140 1424 1194 οὐ
1453 1141 1539 1195 διὰ
1588 1138 1865 1210 βασιλείαν
1908 1138 2072 1209 οὐρα-

413 1221 545 1285 νῶν,
581 1224 828 1293 ἐφίεσθαι
856 1225 958 1296 τῆς
980 1228 1421 1300 ἀρετῆς.Ἀλλως
1449 1227 1507 1282 δέ
1533 1226 1717 1282 πολλοὶ
1736 1225 1802 1281 ἀν
1829 1226 2076 1296 ἐγένοντο

411 1309 873 1382 ψευδοπροφῆται,
933 1315 1028 1368 καὶ
1071 1316 1174 1370 οὐκ
1205 1315 1271 1370 ἀν
1300 1315 1484 1370 λοιπὸν
1509 1317 1559 1368 οί
1611 1314 1825 1385 δόκιμοι
1872 1311 2075 1384 σφόδρα

413 1397 710 1468 ἐφάνησαν,
759 1401 869 1455 οὐδ’
897 1399 963 1456 ἀν
995 1402 1447 1474 ἐμακαρίσθησαν
1479 1403 1526 1456 οῖ
1558 1402 1656 1472 τὴν
1680 1401 1864 1455 πίστιν
1888 1400 2076 1462 ἁπλῶς

410 1484 862 1556 παραδεξάμενοι.
923 1489 1134 1562 Ὠσπερ
1185 1485 1277 1545 οῦν
1306 1493 1372 1544 οι
1417 1489 1502 1560 μὴ
1539 1490 1769 1563 ἰδόντες
1823 1488 1923 1544 καί
1978 1503 2074 1541 πι-

409 1573 778 1640 στεύσαντες
828 1575 1125 1646 μακάριοι,
1181 1577 1351 1642 οὕτως
1383 1578 1432 1631 οί
1482 1579 1650 1650 χωρὶς
1687 1576 1930 1648 σημείων
1980 1593 2070 1628 πι-

410 1655 708 1723 στεύοντες.
735 1663 868 1715 Είπὲ
896 1662 960 1732 δή
999 1680 1110 1734 μοι,
1136 1664 1235 1718 οὐκ
1276 1664 1549 1729 ὀνειδίζων
1587 1664 1858 1727 Ἰουδαίοις
1886 1663 2071 1732 ἔλεγεν

405 1744 433 1800 6
463 1745 716 1818 Χριστός·
768 1749 906 1803 Ἐὰν
923 1749 1010 1820 μὴ
1030 1751 1251 1821 σημεῖα
1282 1751 1466 1820 ἴδητε,
1515 1753 1588 1808 οὐ
1619 1752 1707 1822 μὴ
1737 1751 2070 1821 πιστεύση-

404 1850 468 1888 τε
485 1852 504 1900 ;
532 1835 739 1890 Οὐκοῦν
771 1835 922 1893 οὐδὲν
946 1838 1390 1913 παρεδλάόημεν,
1427 1843 1475 1894 εί
1501 1840 1750 1912 θέλοιμεν
1780 1825 2068 1912 προσέχειν

405 1921 637 1986 ἑαυτοῖς.
667 1923 744 1977 ’Τὸ
771 1926 1064 1994 κεφάλαιον
1093 1927 1287 1999 ἔχομεν
1314 1928 1424 1982 τῶν
1472 1927 1696 1996 ἀγαθῶν
1720 1927 1809 1982 διά
1836 1926 1931 1981 τοῦ
1967 1926 2065 1998 βαρ

405 2010 729 2082 πτίσματος·
767 2014 961 2084 ἄφεσιν
995 2017 1406 2088 ἁμαρτημάτων
1459 2016 1745 2087 ἐλάϐομεν,
1773 2017 2063 2088 ἀγιασμὺν,

405 2096 721 2168 Πνεύματος
773 2102 1115 2173 μετάληψιν,
1177 2104 1468 2169 υίοθεσίαν,
1509 2103 1654 2177 ζωὴν
1706 2104 1943 2159 αίώνιον.
2001 2105 2065 2158 Τί

403 2182 655 2253 βούλεσθε
691 2186 896 2253 πλέον;
953 2191 1192 2260 σημεῖα;
1239 2189 1399 2245 Ἀλλά
1450 2193 1828 2264 καταργεῖται.
1879 2191 2066 2246 Πίστιν

402 2269 565 2342 ἔχεις,
591 2272 799 2337 ἐλπίδα,
823 2274 1067 2348 ἀγάπην,
1097 2276 1449 2349 τάμένοντα·
1479 2277 1650 2332 ταῦτα
1691 2279 1866 2350 ζήτει,
1893 2279 2067 2334 ταῦτα

402 2359 642 2426 σημείων
668 2359 861 2431 μείζω.
894 2362 1060 2416 Οὐδὲν
1089 2363 1310 2436 ἀγάπης
1333 2364 1467 2419 ἴσον·
1498 2365 1722 2433 Dulcior
1760 2366 2003 2421 πάντων
2026 2369 2064 2437 ἠ

399 2445 624 2515 ἀγάπη,
661 2449 813 2519 φησί.
853 2448 969 2504 Νῦν
997 2450 1110 2524 δὲή
1168 2452 1354 2524 ἀγάπη
1407 2454 1719 2508 κινδυνεύει·
1756 2455 1925 2525 ὄνομα
1956 2455 2064 2528 γὰρ

400 2532 570 2604 αὐτῆς
600 2536 984 2593 ὑπολέλειπται
1035 2540 1218 2611 μόνον,
1247 2540 1308 2594 τὸ
1348 2541 1404 2596 δὲ
1433 2541 1595 2614 ἔργον
1641 2540 1900 2613 οὐδαμοῦ,
1924 2542 2062 2596 ἀλλά

397 2620 704 2693 διῃρήμεθα
729 2625 827 2679 ἀπ’
866 2626 1128 2698 ἀλλήλων.

465 2717 535 2778 Υ.
554 2711 618 2764 Τί
640 2708 732 2766 οὖν
761 2713 828 2768 ἀν
857 2730 941 2778 τις
958 2716 1257 2787 ἐργάσαιτο
1280 2715 1420 2769 ὥστε
1446 2715 1676 2784 συνάψαι
1699 2731 1713 2781 ;
1744 2715 1804 2770 τδ
1832 2717 1930 2788 μὲν
1955 2715 2064 2788 γὰρ

397 2797 691 2865 ἐγκαλέσαι
743 2799 985 2866 εῦκολον,
1019 2803 1154 2856 ἀλλά
1205 2802 1368 2858 τοῦτο
1425 2804 1596 2874 ἥμισύ
1629 2805 1800 2858 ἐστιν.
1854 2806 2064 2860 Οὐκοῦν

398 2888 665 2942 δεικνύναι
689 2890 771 2944 δεῖ
805 2889 923 2954 πῶς
950 2891 1016 2945 ἃν
1054 2891 1347 2964 ἐργασθείη
1393 2892 1564 2963 φιλία·
1595 2892 1755 2947 τοῦτο
1786 2893 1896 2964 γάρ
1945 2895 2063 2948 ἐστι

395 2977 457 3031 τὸ
492 2979 947 3050 σπουδαζόμενον,
977 2980 1093 3044 πῶς
1122 2981 1191 3035 τά
1233 2982 1371 3052 μέλη
1413 2981 1484 3036 τά
1509 2981 1886 3052 διεσπασμένα
1940 2998 2063 3034 συν-

396 3066 715 3136 αγάγωμεν.
753 3069 828 3120 Οὐ
871 3067 980 3139 γὰρ
1011 3067 1169 3123 τοῦτό
1205 3070 1323 3123 ἐστι
1370 3069 1431 3124 τὸ
1481 3069 1812 3142 ζητούμενον
1853 3069 2060 3134 ἅπλῶς,

397 3154 445 3205 εί
481 3153 607 3224 μίαν
647 3154 974 3228 Ἐκκλησίαν
1011 3154 1226 3227 ἔχομεν,
1268 3157 1300 3228 ἢ
1352 3156 1410 3209 ἓν
1440 3157 1620 3228 δόγμα
1649 3174 1662 3188 ·
1695 3157 1831 3212 ἀλλά
1863 3157 1926 3211 τὸ
1953 3157 2060 3212 δει-

397 3240 485 3293 νὸν
516 3241 672 3294 τοῦτό
725 3244 904 3307 ἐστιν,
955 3244 1037 3296 ὅτι
1089 3246 1147 3297 ἐν
1191 3246 1305 3307 τοῖς
1341 3244 1522 3307 ἀλλοις
1553 3243 1936 3309 κοινωνοῦντες
1965 3247 2062 3300 ἀλ-

397 3327 599 3398 λήλοις,
649 3330 705 3382 ἐν
752 3332 865 3393 τοῖς
916 3331 1235 3399 ἀναγκαίοις
1275 3331 1336 3384 οὐ
1367 3330 1753 3403 κοινωνοῦμεν,
1790 3333 1885 3386 καὶ
1923 3334 2063 3404 μετά

397 3417 614 3469 πάντων
667 3416 1038 3487 εἰρηνεύοντες
1065 3458 1082 3484 ,
1128 3418 1186 3471 ἐν
1228 3418 1476 3490 ἀλλήλοις
1532 3419 1917 3490 στασιάζομεν.
1969 3422 2059 3492 Μὴ

395 3504 524 3576 γὰρ,
560 3506 607 3558 εί
638 3503 711 3575 μὴ
738 3505 916 3575 μάχας
945 3503 1067 3559 καθ’
1089 3506 1324 3576 ἑκάστην
1365 3507 1647 3577 ποιοῦμεν,
1701 3507 1915 3572 σκόπει,
1945 3509 2059 3564 ἀλλ’

396 3591 479 3642 ὅτι
536 3590 656 3644 οὐδὲ
690 3591 910 3659 ἀγάπην
966 3590 1193 3660 γνησίαν
1226 3591 1421 3663 ἔχομεν
1452 3593 1544 3647 καὶ
1590 3592 1804 3662 ἀκλινῆ.
1849 3593 2061 3648 Ἑπιδέ-

400 3694 551 3746 σμων
592 3676 749 3753 χρεία
802 3679 898 3730 καὶ
947 3677 1148 3732 ἐλαίου.
1193 3679 1585 3750 Ἐννοήσωμεν,
1639 3681 1722 3734 ὅτι
1773 3680 2062 3754 γνώρισμά

397 3765 542 3817 ἐστιν
569 3766 601 3836 ἡ
626 3764 813 3836 ἀγάπη
838 3765 947 3818 τῶν
980 3765 1237 3837 μαθητῶν
1283 3767 1377 3821 τοῦ
1423 3767 1684 3840 Χριστοῦ,
1718 3771 1801 3824 δτι
1856 3769 2060 3842 ταύτης

397 3855 566 3925 χωρὶς
589 3853 741 3906 οὐδὲν
782 3853 953 3922 ἰσχύει
990 3855 1058 3908 τά
1092 3854 1243 3910 ἀλλα·
1277 3856 1358 3908 ὅτι
1412 3856 1630 3910 ἀπονόν⁸
1654 3859 1770 3911 ἐστι
1805 3859 2060 3929 πρᾶγμα,

397 3943 491 3994 ἐὰν
522 3942 782 4012 θέλωμεν.
843 3941 968 4008 Ναὶ,
1024 3945 1207 4012 φησὶν,
1240 3942 1461 4014 οἴδαμεν
1507 3944 1699 4006 ταῦτα,
1737 3945 1870 4000 ἀλλά
1919 3946 2060 4014 πῶς,

399 4030 486 4083 ῖνα
524 4030 878 4100 κατορθωθῇ;
939 4031 1028 4093 Τί,
1056 4031 1142 4084 ῖνα
1169 4032 1432 4102 γένηται;
1486 4032 1625 4097 πῶς,
1677 4033 1764 4087 ἴνα
1820 4034 2062 4106 φιλῶμεν

398 4117 692 4186 ἀλλήλους
734 4118 1007 4189 Πρότερον
1035 4117 1103 4171 τὰ
1135 4119 1454 4195 ἀναιρετικά
1485 4122 1584 4190 τῆς
1620 4121 1842 4192 ἀγάπης
1869 4121 2061 4186 ἐξέλωο

402 4223 518 4274 μεν,
551 4206 642 4258 καὶ
668 4206 789 4258 τότε
816 4208 1084 4278 στήσομεν
1114 4206 1336 4276 ταύτην.
1369 4207 1575 4278 Μηδεὶς
1628 4207 1768 4262 ἔστω
1797 4208 2062 4278 μνησίκα-

399 4309 514 4356 κος,
547 4291 729 4362 μηδεὶς
751 4291 892 4346 ἔστω
923 4293 1209 4362 βάσκανος,
1257 4293 1448 4364 μηδεὶς
1502 4295 1850 4366 χαιρέκακος·
1884 4293 2062 4348 ταῦτά

399 4381 516 4433 ἐστι
568 4378 632 4432 τὰ
671 4374 982 4433 κωλυτικάο
1015 4381 1081 4434 τὰ
1125 4380 1181 4434 δὲ
1232 4381 1492 4452 ποιητικά
1538 4382 1717 4454 ἓτερα.
1760 4382 1874 4434 Οὐκ
1903 4382 2064 4451 ἀρκεῖ

397 4467 467 4520 τά
500 4465 776 4520 κωλύοντα
831 4468 1058 4529 ἀνελεῖν,
1117 4468 1252 4521 ἀλλὰ
1295 4471 1387 4521 καὶ
1415 4468 1483 4522 τὰ
1536 4469 1764 4522 ἱστῶντα
1797 4469 1903 4539 χρὴ
1929 4470 2064 4522 ὐπο-

398 4555 691 4609 δεικνύναι.
736 4555 793 4609 Ὀ
852 4557 950 4626 μὲν
1004 4551 1095 4625 οῦν
1157 4556 1326 4628 Σιράχ
1382 4557 1530 4625 λέγει
1583 4557 1650 4611 τά
1699 4557 2058 4628 ἀναιρετικά,

399 4646 494 4697 καὶ
543 4646 641 4698 οὐκ
685 4644 766 4697 ἔτι
814 4645 880 4697 τά
929 4645 1304 4708 συνάπτοντα,
1341 4644 1645 4714 ὀνειδισμὸν
1696 4644 1923 4713 φάσκων
1968 4647 2062 4700 καὶ

405 4731 701 4802 μυστηρίου
761 4731 1103 4799 ἀποκάλυψιν
1133 4730 1226 4782 καὶ
1283 4723 1494 4801 πληγὴν
1525 4731 1724 4784 δολίαν.
1795 4732 1935 4785 Ἀλλ’
1975 4735 2060 4788 ἐπ’

403 4819 623 4872 ἐκείνων
645 4819 740 4887 μὲν
759 4819 979 4880 εἰκότως
999 4818 1189 4881 ταῦτα,
1208 4819 1300 4872 ἅτε
1314 4819 1588 4888 σαρκικῶν
1601 4821 1789 4876 ὄντων’
1807 4823 2061 4894 ἐφ’ήμῶν

402 4906 456 4959 δὲ
485 4906 558 4976 μὴ
585 4903 807 4972 γένοιτο·
840 4904 938 4957 οὐκ
961 4905 1067 4957 ἀπὸ
1098 4905 1300 4959 τούτων
1322 4906 1467 4976 ὑμᾶς
1494 4907 1778 4978 ἐνάγομεν,
1806 4909 1922 4963 ἀλλ’
1955 4912 2063 4966 ἀπὸ

402 4991 508 5045 τῶν
536 4990 726 5045 ἀλλων.
752 4991 914 5044 Οὐδὲν
945 4991 1075 5058 ἡμῖν
1097 4993 1208 5045 ἐστι
1229 4995 1462 5063 χρηστὸν
1485 4995 1666 5064 φιλίας
1683 4997 2063 5066 χωρίς.Ἔστω

404 5081 576 5152 μυρία
623 5078 821 5146 ἀγαθά,
877 5079 1012 5132 ἀλλὰ
1043 5081 1095 5132 τί
1123 5081 1179 5132 τὸ
1207 5080 1429 5148 ὅφελος;
1461 5081 1599 5136 ἔστω
1643 5083 1886 5148 πλοῦτος,
1925 5085 2064 5138 ἔστω

405 5168 582 5240 τρυφὴ
630 5168 798 5237 φίλων
827 5169 993 5240 χωρὶς
1028 5170 1077 5234 b,
1105 5167 1237 5222 ἀλλά
1263 5169 1318 5222 τί
1342 5169 1403 5222 τὸ
1433 5169 1620 5242 κέρδος
1644 5187 1659 5238 ;
1692 5156 1854 5240 Οὐδὲν
1879 5173 2063 5243 κτῆμα

402 5257 592 5309 τούτου
620 5255 838 5308 κάλλιον
862 5256 954 5309 καὶ
985 5259 1040 5309 ὲν
1059 5259 1168 5319 τοῖς
1203 5255 1477 5326 βιωτικοῖς
1499 5245 1838 5329 πράγμασιν,
1876 5260 2062 5333 ὥσπερ

403 5339 496 5396 οὖν
549 5341 655 5395 τῶν
694 5342 1083 5413 ἐχθραινόντων
1118 5345 1264 5397 οὐδὲν
1290 5344 1686 5418 χαλεπώτερον.
1717 5346 1932 5416 Ἀγάπη
1968 5364 2064 5400 κα-

404 5429 614 5482 λύπτει
642 5427 869 5495 πλῆθος
893 5429 1334 5498 ἁμαρτημάτων·
1369 5433 1403 5502 ἡ
1423 5431 1478 5483 δέ
1516 5430 1684 5503 ἔχθρα
1732 5433 1825 5486 καὶ
1848 5432 1914 5486 τὰ
1964 5435 2066 5486 οὐκ

405 5517 533 5570 ὄντα
570 5517 883 5570 ὑποπτεύει.
919 5518 1030 5570 Οὐκ
1062 5517 1221 5586 ἀρκεῖ
1261 5517 1334 5587 μὴ
1380 5513 1514 5571 εἶναι
1548 5519 1763 5589 ἐχθρὸν,
1815 5519 1949 5573 ἀλλά
1988 5521 2066 5574 δεῖ

407 5604 498 5656 καὶ
548 5602 700 5674 [506]
755 5605 946 5669 φιλεῖν.
992 5603 1290 5671 Ἐννόησον,
1329 5604 1408 5655 ὅτι
1460 5606 1488 5655 6
1525 5605 1754 5675 Χριστὸς
1790 5606 2063 5669 ἐκέλευσε,

409 5693 499 5743 καὶ
521 5693 680 5761 ἀρκεῖ
700 5689 874 5742 τοῦτο.
912 5690 1020 5742 Καὶ
1047 5689 1220 5757 Ολίψις
1252 5693 1394 5741 ποιεῖ
1436 5691 1634 5759 φιλίας,
1672 5693 1766 5746 καὶ
1822 5694 2062 5760 συνάγει.

410 5777 473 5828 Τί
503 5773 612 5841 οὖν,
647 5777 800 5845 φησὶ,
834 5775 942 5838 νῦν,
978 5777 1062 5827 ὅτε
1093 5775 1264 5844 θλῐψις
1289 5777 1386 5829 οὐκ
1410 5775 1589 5844 ἕστιν;
1627 5779 1764 5842 εἰπὲ,
1792 5779 1928 5845 πῶς,
1980 5781 2065 5834 ἵνα

476 5979 715 6048 "Qujdam
740 5995 836 6029 mss
884 5982 1262 6048 €‘.'1(;£'TOJ»'7Y5:J
1303 5987 1519 6048 ἱνομῖσθη
1547 5990 1742 6045 ἷκε-ξτες
1797 5991 1882 6037 Διὰ
1910 5989 2045 6038 τοῖν)

413 6037 439 6078 1'
470 6041 668 6101 Quidam
711 6059 841 6104 man,
870 6060 915 6107 τί
956 6052 1012 6106 τη
1064 6061 1087 6105 τ
1114 6046 1209 6094 ‘fct
1234 6037 1397 6112 λουςίᾷ

1193 415 1251 472 S.
1284 414 1577 471 -JOANN|S
1609 409 2098 471 CIIRYSOSTUMI
2137 411 2452 470 ARCIIIEP.
2494 414 3040 474 CONSTANTINOP.

2183 518 2466 593 γενώμεθα
2493 525 2670 594 φίλοις
2713 527 2827 581 υύκ
2873 527 3025 598 ἔχετε
3059 523 3247 594 φίλους
3305 524 3520 589 ἀλλους,
3570 525 3696 582 είπέ
3735 546 3862 599 μοις

2186 606 2302 671 πῶς
2327 610 2507 664 αὐτῶν
2559 613 2684 666 ἐστε
2722 613 2901 682 φίλοις
2964 613 3083 677 πῶς
3114 612 3431 682 διαμένετε;
3467 612 3620 678 Τέως
3671 616 3863 687 μηδεὶς

2188 695 2390 766 μηδένα
2447 698 2641 770 ἐχθρὸν
2691 701 2880 770 ἐχέτω·
2922 701 3022 755 οὐκ
3053 699 3170 753 ἔστι
3223 699 3381 754 τοῦτο
3413 700 3635 771 μικρόν·
3670 701 3864 773 μηδεὶς

2181 783 2466 853 φθονείτω·
2498 789 2598 840 οὐκ
2620 787 2697 843 ένι
2727 787 2820 842 τὸν
2846 790 2922 861 μὴ
2958 788 3259 858 φθονοῦντα
3304 790 3660 860 κατηγορεῖν.
3713 790 3862 844 Μίαν

2177 872 2435 944 οἰκοῦμεν
2484 875 2814 946 οἰκουμένην
2854 879 3114 943 ἀπαντες,
3167 877 3280 940 τοῖς
3321 877 3508 938 αὐτοῖς
3542 876 3863 948 τρεφόμεθα

2177 961 2428 1031 καρποῖς.
2478 961 2638 1015 Ἀλλά
2669 960 2843 1016 ταῦτα
2880 964 3073 1034 μικρά·
3122 965 3236 1026 τοῖς
3262 962 3450 1026 αὐτοῖς
3505 964 3860 1034 μυστηρίοις,

2176 1046 2274 1118 τῆς
2329 1047 2498 1119 αὐτῆς
2551 1052 2926 1121 πνευματικῆς
2981 1050 3189 1121 τροφῆς
3238 1049 3607 1121 ἀπολαύομεν.
3666 1051 3862 1106 Ταῦτα

2177 1133 2348 1204 δήπου
2388 1137 2505 1190 ἐστὶ
2555 1135 2901 1208 δικαιώματα
2946 1136 3042 1191 τοῦ
3094 1137 3287 1203 φιλεῖν.
3325 1137 3449 1203 Πῶς
3484 1133 3578 1193 οὖν
3632 1137 3861 1210 θερμῶς

2175 1219 2579 1294 διακεισόμεθα,
2613 1226 2782 1296 φησί;
2815 1226 2880 1278 Τί
2921 1227 3063 1279 ποιεῖ
3121 1225 3390 1296 σωμάτων
3431 1226 3650 1297 ἔρωτας
3701 1227 3862 1297 Δαμ-

2174 1309 2382 1382 πρότης
2427 1309 2698 1380 σώματος.
2737 1311 2947 1366 Οὐκοῦν
2981 1313 3075 1366 καὶ
3123 1311 3221 1376 τάς
3253 1312 3432 1384 ψυχὰς
3462 1313 3637 1377 καλάς
3683 1315 3860 1386 ἐργα-

2174 1396 2418 1468 σώμεθά,
2454 1399 2549 1452 καὶ
2589 1398 2828 1470 ἐσόμεθα
2883 1399 3136 1470 ἀλλήλοις
3165 1400 3484 1471 ἐπέραστοιο
3516 1402 3578 1454 οὐ
3635 1401 3750 1472 γάρ
3791 1400 3860 1471 δὴ

2173 1486 2349 1556 φιλεῖν
2369 1487 2451 1541 δεῖ
2484 1487 2666 1558 μόνον,
2688 1486 2823 1541 άλλά
2849 1488 2946 1542 καὶ
2978 1488 3269 1558 φιλεῖσθαι.
3295 1487 3520 1557 Πρῶτον
3540 1489 3704 1544 τοῦτο
3731 1506 3862 1544 κατ’

2170 1572 2524 1645 ορθώσωμεν,
2551 1574 2691 1629 ὥστε
2751 1574 3046 1644 φιλεῖσθαι,
3079 1575 3176 1630 καὶ
3221 1576 3406 1632 ἐκεῖνο,
3427 1574 3654 1630 εὔκολον
3677 1577 3858 1632 ἐσται.

2173 1659 2298 1725 Πῶς
2319 1656 2410 1716 οὖν
2431 1661 2582 1716 ἔσται
2605 1663 2693 1717 ῖνα
2718 1663 3036 1734 φιλώμεθα;
3060 1662 3353 1734 Γενώμεθα
3374 1662 3551 1727 καλοὶ,
3575 1664 3677 1717 καὶ
3695 1664 3862 1719 τοῦτο

2170 1747 2554 1820 ἐργαζώμεθα,
2586 1748 2727 1803 ὥστε
2769 1749 3007 1821 ἐραστάς
3046 1751 3190 1823 ἐχειν
3217 1753 3320 1807 ἀεί.
3376 1751 3584 1823 Μηδεὶς
3617 1752 3860 1807 σπουδα-

2171 1834 2308 1900 ζέτω
2330 1836 2406 1907 μὴ
2441 1838 2697 1908 χρήματα
2735 1837 2993 1902 κτᾶσθαι,
3050 1839 3125 1911 μὴ
3156 1839 3488 1911 ἀνδράποδα,
3517 1841 3594 1912 μὴ
3649 1840 3856 1905 οἰκίας.

2167 1924 2245 1988 ὡς
2275 1923 2336 1978 τὸ
2370 1923 2661 1994 φιλεῖσθαι,
2720 1923 2796 1988 ώς
2833 1924 3007 1995 ὄνομα
3063 1925 3302 1998 χρηστὸν
3353 1927 3518 1997 ἔχειν.
3567 1927 3860 1997 Κρεῖττσν

2169 2010 2378 2080 ὄνομα,
2427 2011 2465 2079 ἢ
2493 2010 2758 2080 πλοῦτος
2809 2013 3028 2076 πολύς.
3071 2013 3146 2068 Τὸ
3173 2014 3273 2086 μὲν
3319 2015 3433 2087 γάρ
3491 2014 3669 2087 μένει,
3719 2016 3749 2068 6
3792 2015 3856 2069 δὲ

2166 2097 2485 2154 ἀπόλλυταιο
2545 2097 2641 2152 καὶ
2694 2098 2754 2152 τὸ
2790 2099 2892 2170 μὲν
2925 2098 3152 2155 δυνατὸν
3186 2101 3520 2171 κτήσασθαι,
3561 2101 3742 2155 έκεῖνο
3791 2102 3856 2156 δὲ

2165 2186 2448 2242 ἀδύνατον.
2490 2185 2549 2241 '0
2577 2186 2678 2258 μὲν
2705 2185 2815 2260 γάρ
2859 2189 3104 2261 πονηράν
3138 2187 3298 2254 δόξαν
3323 2187 3526 2254 λαϐὼν,
3571 2188 3859 2254 δυσκόλως

2165 2272 2334 2346 αὐτὴν
2359 2272 2716 2346 ἀποθήσεταν
2742 2276 2770 2329 ό
2803 2275 2859 2330 δὲ
2883 2274 3050 2348 πένης
3083 2275 3295 2347 ταχέως
3325 2276 3434 2330 ἀπὸ
3460 2275 3556 2330 τοῦ
3583 2277 3860 2347 ὀνόματος

2165 2360 2318 2415 ἕσται
2343 2360 2616 2426 πλούσιος.
2654 2361 2836 2416 Ἔστω
2859 2378 2944 2426 τις
2973 2362 3144 2434 μυρία
3172 2363 3412 2418 τάλαντα
3432 2364 3593 2435 ἔχων,
3621 2366 3652 2418 6
3674 2363 3732 2418 δὲ
3754 2365 3858 2434 φξ-

2165 2449 2290 2513 λους
2341 2450 2558 2506 ἐκατόψ
2617 2445 2775 2514 οὗτος
2805 2451 3019 2505 ἐκείνου
3066 2452 3470 2524 εὐπορώτερος.
3521 2452 3610 2523 Μὴ
3664 2453 3860 2507 τοίνυν

2164 2540 2350 2606 ἅπλῶς
2377 2540 2538 2595 τοῦτο
2572 2541 2840 2612 ποιῶμεν,
2866 2540 2982 2594 ἀλλ’
3018 2541 3379 2614 ἐργαζώμεθα
3442 2542 3520 2606 ώς
3580 2542 3860 2612 εὐπορίαν

2168 2628 2292 2682 τινά
2313 2639 2360 2684 ε.
2375 2630 2487 2683 Καὶ
2509 2628 2626 2691 πῶς
2652 2627 2954 2698 δυνάμεθα,
2973 2627 3108 2700 φησί
3128 2646 3142 2696 ;
3171 2627 3415 2698 Λάρυτξ
3431 2627 3663 2697 γλυκὺς
3685 2631 3859 2695 πλη-

2164 2722 2330 2776 θύνει
2359 2721 2577 2792 φίλους
2607 2718 2815 2784 αὐτοῦ,
2845 2719 2944 2773 καὶ
2966 2719 3219 2790 γλῶσσα
3249 2719 3629 2788 εὐχάριστός.
3656 2718 3858 2789 Στόμα

2164 2808 2410 2879 εὔφημον
2465 2806 2821 2880 κτησώμεθα,
2856 2809 2953 2861 καὶ
2981 2806 3216 2878 τρόπους
3267 2806 3560 2878 καθαρούς.
3615 2805 3728 2859 Οὐκ
3764 2804 3858 2859 ενι

2163 2894 2346 2949 λαθεῖν
2385 2896 2475 2950 τὸν
2501 2895 2644 2950 οὓτω
2676 2895 3041 2966 διακείμενον.

2231 2981 2292 3036 δ’.
2315 2982 2456 3055 Ὅρα
2478 2982 2616 3035 πόσα
2643 2983 2693 3035 οί
2710 2980 2911 3047 ἔξωθεν
2931 2981 3236 3052 ἐπενόησαν
3257 2979 3464 3049 φιλικὰ,
3499 2980 3856 3046 συντεκνίαν,

2161 3070 2451 3140 γειτονίαν,
2497 3071 2835 3140 συγγενείας.
2882 3070 3043 3124 Ἀλλά
3090 3070 3299 3125 τούτων
3335 3071 3552 3124 πάντων
3584 3070 3650 3124 τά
3696 3074 3854 3140 παρ’

2163 3158 2293 3228 ἡμῖν
2325 3154 2546 3226 μείζονα
2566 3174 2579 3187 ·
2611 3157 2644 3227 ἠ
2669 3155 2917 3227 τράπεζα
2952 3155 3092 3228 αὐτη
3113 3155 3533 3228 αίδεσιμωτέρα.
3556 3155 3750 3209 Πολλοὶ⁵
3787 3157 3857 3211 δὲ

2161 3245 2270 3299 τῶν
2299 3244 2631 3318 προσιόντων
2675 3242 2797 3297 οὐδέ
2831 3243 2989 3315 ῐσμεν
3019 3243 3305 3312 ἀλλήλους.
3348 3243 3423 3296 Τὸ
3453 3244 3655 3315 πλῆθος
3674 3241 3858 3298 τοῦτο

2163 3333 2326 3398 ποιεῖ,
2368 3331 2554 3402 φησίν.
2599 3328 2886 3402 Οὐδαμῶς,
2933 3329 3050 3384 ἀλλ’
3083 3332 3116 3401 ἡ
3148 3329 3393 3402 ἡμετέρα
3422 3329 3636 3385 νωθεία.
3668 3331 3857 3401 Τρισ-

2161 3420 2319 3491 χίλιοι
2353 3417 2493 3492 ἦσαν
2513 3422 2607 3475 καὶ
2636 3418 3083 3490 πεντακισχίλιοι,
3108 3420 3200 3472 καὶ
3224 3420 3428 3482 πάντες
3481 3415 3622 3489 εἶχον
3653 3419 3857 3491 ψυχὴν

2167 3511 2326 3582 μίαν”
2369 3508 2467 3564 νῦν
2515 3509 2571 3562 δὲ
2605 3509 2836 3572 ἕκαστος
2859 3507 2952 3562 τόν
2983 3507 3214 3576 ἀδελφὸν
3236 3508 3442 3576 ἀγνοεῖ,
3475 3508 3569 3562 καὶ
3612 3507 3706 3560 οὐκ
3747 3512 3856 3564 αῖ-

2163 3597 2494 3668 σχύνεταιτὺ
2523 3596 2725 3667 πλῆθος
2753 3597 3101 3666 αἰτιώμενος.
3146 3595 3205 3650 '0
3241 3595 3426 3668 μέντοι
3481 3594 3698 3658 πολλοὺς
3739 3597 3854 3664 φί-

2162 3684 2286 3748 λους
2331 3683 2489 3754 ἔχων,
2525 3683 2798 3746 ἀνάλωτος
2853 3682 3056 3737 ἀπασίν
3111 3683 3248 3748 ἐστι,
3305 3684 3568 3754 τυράννου
3628 3683 3854 3750 παντὸς

2161 3765 2316 3834 οὗτος
2346 3771 2711 3842 ίσχυρότερος.
2747 3771 2859 3841 Οὐχ
2889 3769 3066 3835 οὐτως
3094 3771 3302 3826 ἐκεῖνον
3344 3772 3394 3824 οί
3418 3769 3695 3840 δορυφόροι
3731 3787 3854 3838 φυ-

2162 3859 2565 3925 λάττουσιν,ώς
2592 3857 2783 3912 τοῦτον
2830 3859 2879 3910 οί
2922 3857 3100 3928 φίλοι·
3135 3858 3231 3911 καὶ
3250 3857 3627 3929 λαμπρότερος
3673 3849 3855 3924 οὗτος

2161 3948 2389 4005 ἐκείνου.
2436 3945 2495 4002 '0
2530 3947 2628 4017 μὲν
2665 3945 2773 4017 γὰρ
2803 3946 2954 4016 παρά
2980 3945 3090 4000 τῶν
3120 3945 3286 4000 αὐτοῦ
3318 3944 3518 4000 δούλων
3566 3944 3854 4014 φυλάττε-

2160 4056 2268 4104 ται,
2300 4039 2329 4090 ό
2348 4036 2404 4091 δὲ
2428 4036 2575 4109 παρά
2601 4035 2707 4090 τῶν
2740 4033 3019 4106 ὁμοτίμων
3043 4051 3056 4064 ’
3092 4036 3186 4090 καὶ
3214 4037 3243 4089 6
3275 4035 3376 4109 μὲν
3411 4035 3563 4108 παρά
3581 4035 3850 4092 ἀκόντων

2161 4128 2254 4181 καὶ
2282 4126 2615 4192 δεδοικότων,
2645 4118 2798 4188 οὗτος
2825 4123 2882 4176 δὲ
2915 4121 3070 4193 παρά
3097 4124 3356 4191 ἑκόντων,
3387 4126 3482 4179 καὶ
3507 4125 3570 4177 οὐ
3590 4124 3850 4178 δεδοικὸ-

2159 4232 2297 4270 των·
2333 4215 2428 4269 καὶ
2454 4213 2600 4267 ἔστιν
2629 4214 2756 4266 ίδεῖν
2780 4214 3017 4282 πρᾶγμα
3038 4211 3373 4282 θαυμαστὸν,
3399 4214 3458 4267 ἐν
3479 4212 3852 4276 πολλοῖςμέιρα,

2161 4299 2255 4354 καὶ
2281 4301 2337 4354 ἐν
2370 4301 2449 4352 ἐνὶ
2481 4298 2728 4361 πολλούς.
2775 4298 2887 4351 Καὶ
2916 4297 3169 4370 καθάπερ
3202 4299 3298 4352 ἐπὶ
3325 4299 3556 4370 κιθάρας
3586 4297 3855 4370 διάφοροι

2167 4386 2261 4455 μὲν
2283 4387 2331 4438 οί
2357 4385 2602 4454 φθόγγοι,
2633 4384 2730 4455 μία
2755 4384 2812 4437 δὲ
2837 4386 2870 4455 ἡ
2898 4386 3182 4456 συμφωνία
3207 4385 3257 4450 ἀ,
3290 4381 3370 4450 εἷς
3393 4385 3448 4440 δὲ
3468 4387 3497 4438 6
3521 4387 3786 4457 μουσικὸς
3822 4391 3858 4444 6

2161 4472 2261 4542 τὴν
2294 4471 2523 4543 κιθάραν
2553 4472 2946 4543 μεταχειρίζων
2972 4488 2985 4503 ο
3017 4473 3188 4537 οὓτως
3214 4471 3470 4538 ἐνταῦθα,
3500 4472 3699 4545 κιθάρα
3731 4476 3857 4544 μὲν

2163 4562 2305 4616 ἔστιν
2337 4561 2474 4634 αὐτὴ
2500 4563 2532 4632 ἡ
2556 4560 2774 4630 ἀγάπη,
2805 4560 3034 4631 φθόγγοι
3060 4562 3117 4615 δὲ
3147 4561 3406 4633 ἡχοῦντες
3433 4561 3502 4615 τά
3527 4561 3592 4616 δι’
3609 4561 3859 4636 ἀγάπης

2163 4651 2544 4724 προφερόμενα
2576 4652 2799 4723 ῥήματα
2827 4649 3040 4720 φιλικά,
3075 4650 3204 4721 μίαν
3225 4650 3322 4704 καὶ
3349 4650 3452 4721 τὴν
3468 4649 3635 4721 αὐτὴν
3659 4650 3857 4704 ἀπαν-

2162 4759 2250 4805 τες
2275 4741 2523 4811 ἀφιέντες
2551 4740 2816 4813 ἁρμονίαν
2852 4739 2948 4792 καὶ
2983 4737 3334 4810 συμφωνίαν
3382 4737 3411 4789 6
3436 4738 3493 4791 δὲ
3519 4737 3782 4808 μουσικὸς
3819 4743 3858 4810 ἡ

2163 4829 2262 4899 τῆς
2310 4830 2526 4900 ἀγάπης
2555 4829 2819 4900 δύναμις’
2861 4826 2998 4896 αῦτη
3056 4825 3243 4898 κρούει
3293 4824 3355 4878 τὸ
3403 4824 3563 4897 μέλος
3616 4824 3678 4878 τὸ
3710 4826 3857 4896 ἡδύ.

2176 4917 2502 4986 Ἐϐουλόμην
2532 4918 2673 4986 ὑμᾶς
2705 4916 2935 4983 ἀγαγεῖν
2962 4916 3043 4976 είς
3091 4913 3244 4966 πόλιν
3268 4912 3546 4983 τοιαύτην,
3577 4911 3630 4965 εί
3647 4929 3710 4980 γε
3749 4914 3863 4968 δυ-

2165 5007 2339 5070 νατὸν,
2373 5004 2452 5058 ἔν(
2482 5024 2500 5056 ι
2535 5006 2631 5074 μία
2658 5003 2803 5073 ψυχὴ
2817 4999 2904 5073 ἦν,
2931 5003 3027 5055 καὶ
3043 4996 3186 5065 εἶδες
3217 5001 3284 5054 ἂν
3304 5000 3451 5064 ὅπως
3476 5001 3656 5071 πάσης
3685 4999 3861 5078 [507]

2167 5093 2393 5161 κιθάρας
2420 5101 2510 5144 κ-.ι
2543 5091 2739 5152 παντὸς
2758 5089 2920 5144 αὐλοῦ
2943 5087 3370 5160 ἀρμοδιωτέραη
3391 5088 3510 5142 ἐκεῖ
3532 5093 3862 5159 συμφωνία,

2166 5180 2310 5232 οὐδὲν
2340 5181 2546 5250 ἀπηγὲς
2569 5179 2769 5249 ᾄδουσα
2793 5178 2976 5248 μέλος.
3022 5175 3192 5231 Τοῦτο
3213 5176 3307 5230 καὶ
3326 5175 3593 5245 ἀγγέλους
3614 5177 3713 5230 καὶ
3743 5181 3862 5234 τὸν

2165 5268 2407 5336 ἀγγέλων
2429 5268 2705 5336 Δεσπότην
2734 5264 2867 5320 Θεὸν
2892 5266 3170 5337 εὐφραίνει
3205 5265 3266 5318 τὸ
3295 5265 3487 5336 μέλος·
3529 5263 3686 5318 τοῦτο
3718 5265 3863 5322 ὅλον

2165 5357 2224 5408 τὸ
2247 5358 2303 5409 ἐν
2331 5355 2408 5425 τῷ
2435 5353 2649 5423 οὐρανῷ
2672 5352 2896 5424 θέατρον
2913 5352 3214 5422 διανίστησι
3230 5368 3245 5382 ·
3274 5350 3431 5405 τοῦτο
3459 5353 3552 5406 καὶ
3569 5352 3863 5422 δαιμόνων

2167 5445 2319 5515 κηλεῖ
2347 5443 2535 5513 θυμὸν,
2566 5440 2756 5494 παθῶν
2793 5441 3114 5508 καταθέλγει
3161 5439 3336 5509 ὁρμάς
3362 5450 3408 5491 ο.
3456 5439 3628 5493 Τοῦτο
3657 5441 3719 5493 τὺ
3753 5443 3866 5511 μέ-

2165 5534 2254 5595 λος
2278 5533 2337 5585 οὐ
2379 5532 2536 5602 μόνον
2562 5529 2710 5599 πάθη
2737 5529 2915 5599 κηλεῖ,
2943 5528 3055 5582 ἀλλ’
3083 5527 3203 5580 οὐδὲ
3230 5527 3587 5597 διαναστῆναι
3621 5528 3862 5599 ἀφίησι,

2169 5623 2259 5676 καὶ
2287 5620 2486 5690 πολλὴν
2520 5619 2614 5689 τὴν
2650 5618 2806 5687 σιγὴν
2835 5614 3149 5688 ἐργάζεται.
3188 5615 3455 5686 Καθάπερ
3497 5615 3606 5686 γάρ
3636 5617 3692 5669 ἐν
3716 5616 3867 5675 θεά.

2231 5869 2252 5896 θ
2280 5865 2450 5913 Morel.
2481 5869 2544 5919 ὡς
2572 5865 2789 5926 εὐπορίαν
2825 5865 2944 5922 τινά,
2976 5873 3078 5912 tres
3128 5868 3191 5918 ὡς
3227 5863 3452 5925 ἐμπορίαν
3478 5863 3597 5910 τινά.
3625 5862 3864 5925 Utraque

2168 5931 2317 5978 lectio
2335 5928 2571 5989 quadrare)
2603 5933 2777 5975 nulesl.
2810 5927 2831 5964 ἀ
2860 5927 2994 5974 Unus
3017 5928 3099 5986 μία
3125 5929 3174 5974 δὲ
3197 5929 3223 5983 ἡ
3250 5926 3431 5989 ἀομονί.
3498 5927 3569 5971 ..αἱ
3594 5927 3676 5978 τήν
3701 5929 3866 5987 αὐτὴν

2169 5988 2366 6042 ἅπαντες
2391 5992 2571 6050 Labant
2601 5993 2817 6049 ῖιρμονίαν
2843 5991 2921 6036 καὶ
2944 5990 3232 6047 συμφωνίαν.
3309 5998 3322 6017 ι
3353 5988 3484 6047 ἕπε,
3511 5989 3674 6036 παθῶν
3703 6007 3861 6041 κατιδ-

2171 6055 2314 6108 ΡέἎγει
2341 6054 2501 6116 app-2;.
2543 6050 2570 6096 ἀ
2606 6057 2714 6100 inn!
2742 6053 2788 6100 in
2837 6050 3125 6112 quibwhm
3149 6065 3261 6100 mss.
