4088 6330
200 418 306 472 ’285

207 541 365 586 ritum
396 533 723 598 acceperant
753 537 856 579 non
885 520 1311 583 docebant,cum
1328 513 1543 586 Apollo,
1562 510 1651 581 qui
1675 524 1801 563 non-

210 622 332 674 dum
354 626 664 688 acceperat,
683 613 934 670 doceret?
956 611 1090 680 Quia
1117 624 1222 665 non
1239 616 1391 664 erant
1416 606 1487 659 ita
1512 601 1800 660 ferventes,

214 725 311 765 nec
335 709 564 764 instituti
596 722 609 758 :
640 707 728 760 ille
768 719 895 759 vero
915 712 971 758 et
996 703 1269 757 institutus
1298 704 1491 753 eratet
1516 690 1805 747 admodum

214 804 451 856 fervens.
479 797 606 852 Mihi
628 805 805 851 autem
835 792 1045 849 videtur
1068 791 1286 847 multatn
1318 788 1371 842 in
1403 786 1518 840 viro
1548 782 1715 838 fuisse
1736 778 1811 834 di-

218 894 375 949 cendi
424 891 746 945 libertatem.
795 884 901 941 Sed
951 884 1052 939 etsi
1097 887 1344 937 accurate
1388 877 1697 946 loqueretur
1744 869 1813 924 de

218 986 369 1046 Jcsn,
420 980 754 1037 accuratiore
786 987 964 1032 tamen
990 974 1234 1031 doctrina
1272 986 1406 1042 opus
1432 964 1658 1022 habebat
1692 982 1705 1016 :
1735 962 1813 1017 sic

218 1077 319 1131 etsi
350 1090 458 1130 non
485 1071 664 1129 omnia
692 1071 873 1133 sciret,
903 1085 969 1123 ex
994 1066 1205 1122 fervore
1233 1060 1537 1118 attrahehat
1553 1055 1811 1125 Spiritum

219 1178 491 1231 sanctum,
525 1163 759 1218 utetiam
790 1160 1090 1217 Cornelius.
1125 1156 1375 1211 Fortasse
1414 1150 1565 1229 multi
1607 1146 1816 1202 deside-

219 1266 365 1320 r.mt,
394 1255 598 1309 utinam
624 1253 786 1308 etiam
818 1263 957 1304 nunc
1003 1254 1146 1301 esset
1169 1242 1392 1300 Joannis
1420 1238 1718 1308 baptisma!
1751 1236 1817 1287 At

225 1348 379 1401 multi
411 1346 665 1400 virtutem
706 1340 1070 1411 negligerent;
1101 1345 1153 1390 et
1184 1334 1325 1389 forte
1366 1330 1679 1385 crederetur
1717 1325 1819 1380 sin-

222 1440 380 1508 gulos
410 1446 629 1508 propter
660 1436 781 1494 hoc,
807 1447 911 1486 non
935 1438 1154 1500 propter
1182 1439 1405 1496 regnum
1434 1421 1686 1477 ets-lorum
1715 1418 1821 1508 vir-

225 1507 613 1587 tutemiadire.
642 1525 892 1594 Alioquin
938 1531 1119 1577 autem
1162 1517 1312 1571 multi
1360 1521 1543 1570 essent
1587 1507 1820 1581 pseudo-

228 1622 551 1695 prophette,
582 1632 684 1674 nec
734 1625 917 1686 postea
959 1614 1048 1684 qui
1096 1608 1303 1681 probati
1349 1615 1575 1695 essent,
1599 1602 1821 1695 multum

226 1692 594 1786 apparerent,
640 1722 740 1763 nec
773 1706 911 1763 beati
945 1704 1363 1773 praedicarcutur
1391 1698 1480 1767 qui
1515 1694 1673 1751 fidem
1704 1692 1824 1746 sim-

230 1804 447 1876 pliciter
470 1799 827 1869 suscipcrcnt.
856 1795 926 1853 Ut
951 1808 1079 1865 ergo
1106 1793 1206 1859 Qui
1245 1806 1346 1844 non
1387 1789 1619 1842 viderunt
1650 1793 1694 1838 ct
1721 1798 1829 1876 cre—

234 1873 499 1958 diderunt,
522 1891 654 1947 beati
677 1898 793 1945 sunt
816 1887 996 1960 (Joan.
1027 1885 1119 1941 20.
1150 1884 1269 1952 29),
1298 1882 1376 1937 sic
1402 1880 1491 1951 qui
1518 1880 1635 1934 sine
1663 1873 1830 1945 signis

231 1986 606 2047 crediderunt,
639 1982 799 2037 beati.
832 1982 927 2036 Dic
953 1979 1099 2035 enim
1125 1977 1255 2032 mihi
1281 2018 1295 2041 ,
1322 1989 1502 2029 annon
1534 1970 1831 2041 exprobra-

234 2080 328 2133 bat
351 2074 604 2131 Christus
628 2071 848 2135 Iudicis,
878 2069 1062 2125 dicens
1089 2088 1101 2122 :
1138 2066 1257 2121 Nisi
1283 2066 1430 2136 signa
1459 2062 1703 2126 videritis,
1734 2074 1834 2111 non

234 2169 455 2225 credetis
478 2165 663 2238 (Joan.
686 2166 738 2219 4.
770 2164 903 2233 48)?
931 2160 1113 2231 Itaque
1142 2158 1273 2213 nihil
1297 2158 1421 2212 hinc
1443 2154 1597 2209 nobis
1628 2150 1832 2212 damni,

234 2263 284 2317 si
315 2258 474 2314 nobis
510 2255 796 2311 attendere
834 2254 1179 2309 voluerimus.
1231 2249 1403 2318 Caput
1450 2247 1715 2301 bonorum
1749 2243 1834 2297 ha-

241 2354 434 2407 bemus
460 2363 558 2419 per
588 2348 908 2417 baptismum
942 2363 954 2399 :
983 2352 1324 2416 peccatorum
1363 2340 1733 2397 remissionem
1759 2350 1841 2391 ac-

239 2444 510 2513 cepimus,
540 2437 1013 2494 sanctilicationem
1042 2478 1057 2503 ,
1087 2434 1317 2504 Spiritus
1346 2430 1837 2504 participationem,

242 2534 593 2601 adeptionem
619 2571 635 2599 ,
672 2530 832 2584 vitam
862 2538 1141 2584 aeternam.
1176 2525 1313 2595 Quid
1360 2523 1591 2594 amplius
1637 2519 1843 2575 vultis?

244 2625 441 2695 signa?
468 2620 575 2677 Sed
620 2629 982 2677 cessaverunt.
1014 2619 1198 2673 Fidem
1236 2614 1424 2683 habes,
1444 2628 1593 2684 spem
1614 2654 1630 2680 ,
1653 2611 1846 2667 carita-

246 2726 383 2782 tem,
412 2730 532 2783 qua:
559 2722 809 2767 manent:
842 2712 955 2765 hzec
982 2724 1184 2779 qurere,
1222 2707 1339 2763 haec
1381 2705 1549 2776 signis
1591 2712 1715 2758 sunt
1743 2717 1849 2756 ma-

246 2808 392 2876 jora.
424 2803 567 2859 Nihil
596 2817 691 2874 par
716 2804 955 2867 caritati;
984 2802 1159 2873 Major
1196 2801 1419 2855 omnium
1446 2806 1517 2854 est
1541 2798 1730 2852 caritas
1751 2795 1769 2863 (
1793 2796 1845 2853 1.

250 2898 375 2953 Cor.
400 2897 490 2952 15.
524 2897 640 2964 15),
674 2896 865 2966 inquit.
890 2895 1045 2951 Nunc
1075 2909 1204 2950 vero
1247 2892 1443 2948 caritas
1472 2889 1804 2961 periclitatur
1834 2903 1847 2939 :

253 2991 433 3045 solum
472 2989 669 3059 quippe
704 3002 899 3044 nomen
947 2988 1064 3058 ejus
1105 2987 1351 3042 relictum
1398 2991 1517 3051 est,
1547 2996 1684 3052 Opus
1725 2994 1853 3035 vero

257 3094 550 3151 nusquam,
582 3082 675 3135 sed
706 3078 861 3133 divisi
890 3093 1077 3133 sumus
1103 3079 1243 3131 inter
1271 3091 1391 3130 nos.

330 3174 387 3228 3.
430 3170 631 3227 Caritas
654 3170 895 3225 amicitiis
914 3169 1168 3223 vinculum
1192 3208 1207 3232 ,
1239 3176 1285 3221 et
1310 3164 1679 3232 discipulorum
1708 3160 1855 3215 Citri-

259 3268 327 3322 ati
357 3274 567 3319 tessera.
596 3290 669 3304 —
695 3263 832 3331 Quid
863 3263 1024 3331 igitur
1050 3259 1316 3333 agendum
1348 3267 1405 3313 ut
1436 3254 1859 3311 connectamur?

261 3370 391 3410 nam
419 3350 817 3424 reprehendere
844 3352 999 3407 facile
1027 3360 1110 3407 est
1130 3392 1144 3415 ,
1174 3350 1269 3405 sed
1300 3349 1400 3403 hoc
1430 3346 1707 3402 dimidium
1738 3356 1858 3399 tau-

261 3456 403 3500 tum.
452 3443 633 3514 Itaque
684 3442 1092 3498 monstrandum
1132 3450 1254 3505 est,
1300 3438 1570 3510 quomodo
1620 3445 1862 3491 uectatur

266 3536 505 3591 amicitia
534 3554 548 3590 :
580 3534 685 3589 hoc
711 3535 854 3589 enim
886 3533 1181 3589 curandum
1214 3530 1484 3601 quomodo
1512 3529 1751 3583 membra
1781 3527 1864 3582 di-

268 3628 422 3681 vulsa
444 3633 847 3680 connectamus.
879 3624 1063 3694 Neque
1092 3624 1195 3677 hoc
1222 3631 1425 3676 tantum
1453 3619 1765 3689 quaarimus,
1795 3632 1865 3671 an

271 3732 437 3772 unam
468 3715 764 3772 Ecclesium
812 3716 897 3770 vel
948 3730 1113 3769 unum
1167 3713 1361 3784 dogma
1410 3711 1739 3772 habeamus;
1771 3708 1864 3762 sed

270 3812 381 3865 hoc
407 3824 568 3879 grave
592 3817 695 3874 est,
719 3807 860 3877 quod
884 3822 1004 3862 cum
1047 3808 1098 3861 in
1140 3805 1259 3861 aliis
1300 3814 1484 3860 mutuo
1508 3802 1868 3859 communice-

275 3916 400 3954 nms
428 3942 443 3964 ,
497 3899 548 3953 in
599 3899 917 3953 necessariis
966 3913 1073 3953 non
1123 3897 1613 3960 communicemus,
1646 3902 1701 3949 et
1746 3908 1867 3947 cum

273 3990 530 4045 omnibus
560 4004 741 4058 pacem
768 3989 1050 4053 habentes,
1077 3988 1215 4042 inter
1244 4003 1343 4041 nos
1368 3986 1768 4041 dissentiamus.
1792 3982 1870 4039 Ne

279 4082 425 4136 enim
452 4121 466 4143 ,
488 4080 631 4149 quod
665 4096 769 4133 non
801 4080 1042 4149 quotidie
1080 4094 1285 4149 pugnas
1316 4092 1627 4133 moveamus
1652 4118 1666 4142 ,
1695 4075 1869 4130 consi.

280 4171 453 4231 dera,
487 4169 580 4224 sed
609 4169 749 4240 quod
792 4170 1058 4225 sinceram
1116 4180 1170 4225 et
1216 4168 1545 4223 immobilem
1594 4168 1871 4221 caritatem

282 4278 391 4317 non
424 4260 701 4316 habemus.
735 4261 1095 4331 Ligaminibus
1125 4276 1262 4331 Opus
1290 4271 1373 4316 est
1412 4270 1465 4315 et
1494 4261 1631 4313 oleo.
1662 4260 1874 4329 Cogite-

284 4368 406 4406 mus
432 4352 710 4407 caritatcm
756 4361 1013 4407 tesseram
1057 4366 1177 4407 esse
1224 4352 1606 4421 discipulorum
1635 4349 1873 4415 Christi,

283 4453 337 4497 et
368 4443 486 4497 sine
520 4444 607 4498 illa
635 4443 767 4497 nihil
800 4445 977 4498 valere
1002 4444 1129 4510 alia,
1160 4459 1381 4512 remque
1408 4457 1526 4497 csse
1549 4444 1665 4497 sine
1694 4442 1877 4498 labore

285 4538 329 4588 si
358 4533 609 4589 velimus.
636 4533 808 4588 Etiam
836 4576 850 4600 ,
876 4535 1084 4604 inquies
1107 4575 1122 4600 ,
1155 4535 1267 4590 haec
1307 4535 1591 4598 novimus;
1622 4533 1712 4588 sed
1742 4550 1876 4602 quo-

287 4624 451 4679 modo
495 4624 547 4678 id
575 4637 719 4681 recte
744 4627 999 4696 geretur?
1021 4626 1301 4692 Quomodo
1331 4627 1463 4681 fiet?
1488 4625 1756 4696 quomodo
1780 4640 1879 4678 nos

287 4728 480 4772 mutuo
504 4717 829 4787 diligemus?
860 4720 1039 4774 Primo
1068 4734 1130 4774 ea
1157 4760 1169 4783 ,
1194 4735 1310 4789 qute
1336 4719 1612 4774 Caritatem
1641 4719 1837 4772 tollunt
1862 4760 1876 4783 ,

286 4810 356 4863 .le
386 4808 567 4862 medio
595 4810 928 4878 abjiciamus,
956 4820 1010 4866 ct
1038 4821 1161 4865 tunc
1186 4811 1330 4865 illam
1354 4820 1648 4865 statuemus
1678 4828 1690 4863 :
1720 4824 1880 4863 nemo

289 4904 359 4957 sit
400 4900 717 4971 iniuriarum
748 4917 976 4968 memor,
1011 4918 1168 4957 nemo
1196 4902 1426 4964 invidus,
1456 4917 1615 4957 nemo
1642 4902 1694 4955 in
1726 4901 1882 4955 malis

289 4993 566 5062 gaudeat:
612 4993 726 5048 haec
781 4994 1121 5049 dilectionem
1172 4994 1485 5063 impediunt.
1538 4994 1653 5048 Alia
1702 5002 1881 5047 autent

287 5094 457 5150 sunt,
488 5096 606 5154 qua:
634 5098 750 5139 eam
781 5086 1035 5140 exhibent
1065 5104 1077 5139 :
1110 5100 1213 5139 non
1241 5086 1383 5140 enim
1427 5084 1624 5139 sufficit
1653 5099 1773 5153 qua:
1816 5083 1881 5137 il-

290 5177 397 5228 lant
432 5175 723 5243 impediunt
754 5176 962 5239 tollere,
991 5176 1083 5231 sed
1115 5176 1273 5231 etiam
1303 5192 1420 5246 quae
1460 5178 1603 5231 illam
1628 5185 1881 5241 statuant,

292 5276 422 5319 sunt
444 5265 796 5321 ostendenda.
825 5268 1010 5323 Sirach
1039 5283 1166 5337 ergo
1194 5268 1342 5333 dicit,
1370 5283 1432 5323 ea
1463 5283 1583 5339 quas
1613 5269 1755 5322 illam
1788 5270 1884 5321 tol-

293 5356 436 5419 lunt,
459 5366 513 5409 et
539 5372 645 5411 non
674 5372 735 5412 ca
766 5374 883 5428 qum
909 5360 1233 5423 conciliant,
1265 5360 1735 5430 exprobrationem
1766 5374 1887 5413 csse

290 5460 345 5502 ιι
369 5448 612 5518 mysterii
657 5450 1035 5504 revelationcm
1064 5460 1118 5504 ct
1157 5451 1362 5520 plagam
1406 5451 1645 5505 dolosam
1679 5452 1695 5521 (
1725 5450 1881 5503 Eccli.

287 5540 383 5592 (ἐξ.
415 5539 484 5591 27
514 5540 552 5608 ).
578 5540 682 5595 Sed
712 5542 815 5595 illis
847 5552 1031 5610 utpote
1056 5542 1359 5597 carnalibus
1391 5545 1580 5597 merito
1614 5543 1733 5596 talia
1768 5558 1876 5611 pro-

294 5631 516 5685 \Cllitllll
540 5647 552 5695 ;
578 5631 730 5685 nobis
757 5641 961 5694 autem,
986 5632 1123 5685 absit
1153 5651 1165 5685 :
1200 5648 1306 5688 non
1335 5634 1402 5688 ab
1429 5634 1513 5688 his
1542 5650 1635 5688 ws
1666 5633 1885 5689 induco-

293 5739 435 5782 ums.
466 5724 561 5778 scd
592 5725 660 5779 ab
687 5724 826 5779 aliis.
856 5724 996 5778 Nihil
1030 5725 1183 5779 nobis
1228 5734 1308 5781 cst
1347 5726 1477 5780 utile
1524 5726 1723 5793 absque
1754 5726 1886 5778 dile-

292 5818 491 5870 :‘ltune.
554 5817 674 5871 Sint
721 5816 883 5872 millia
939 5816 1075 5872 bona
1127 5836 1133 5865 :
1193 5820 1314 5887 quid
1371 5820 1491 5875 inde
1543 5816 1719 5872 luisti?
1765 5818 1881 5874 Sint

1210 404 1277 459 IN
1321 398 1500 456 ACTA
1544 390 2071 451 APOSTOLORUM.
2116 387 2346 441 llUillL.
2385 383 2495 440 XL.

3407 379 3515 432 ’136

1913 506 2135 568 divittze,
2170 504 2276 558 sint
2305 503 2514 559 delicia:
2543 500 2745 570 aIIStlllC
2774 500 2960 554 amicis
2995 516 3007 551 :
3040 499 3168 569 quid
3214 497 3336 553 hinc
3370 499 3483 552 utili
3510 530 3513 534 -

1915 598 2075 651 tatis?
2106 596 2258 650 Nulla
2291 593 2563 665 possessio
2590 592 2750 646 etiam
2782 592 2834 645 iu
2885 591 3237 646 saecularibus
3262 590 3364 645 hac
3394 590 3514 659 pul-

1913 690 2114 755 chrior,
2142 697 2201 742 ut
2228 687 2360 742 nihil
2404 685 2638 741 inimicis
2668 683 2951 738 molestius
2983 692 3085 738 est.
3119 681 3320 738 Caritas
3358 683 3521 751 operit

1915 781 2292 836 multitudinem
2338 787 2660 850 peccatorum
2713 777 2809 847 (1.
2842 775 2957 831 Pet.
2990 777 3045 831 4.
3076 774 3187 847 8);
3237 775 3516 829 inimicitia

1916 882 2094 927 autem
2126 872 2285 925 etiam
2314 886 2397 935 ea,
2431 884 2552 939 qua:
2580 884 2687 923 non
2716 877 2861 935 sunt,
2896 867 3221 936 susuicatur.
3250 866 3364 921 Non
3404 865 3517 919 suf-

1920 964 2028 1018 ficit
2074 978 2180 1017 non
2217 976 2337 1016 esse
2368 960 2644 1016 inimicum
2677 1001 2693 1025 ,
2721 957 2819 1015 sed
2859 967 3074 1029 Oportet
3103 959 3265 1012 etiam
3316 971 3521 1011 amare.

1918 1054 2103 1124 Cogita
2130 1054 2181 1108 id
2210 1053 2481 1108 Christum
2508 1052 2760 1123 iussisse,
2790 1062 2845 1107 et
2870 1051 2973 1106 hoc
3002 1049 3221 1105 sufficit.
3254 1050 3425 1104 Etiam
3447 1046 3528 1102 af-

1922 1146 2088 1202 flictio
2116 1145 2382 1200 amicitias
2413 1144 2540 1200 facit
2563 1153 2617 1199 et
2646 1143 2881 1215 copulat.
2913 1142 3054 1211 Quid
3086 1142 3265 1213 igitur,
3291 1140 3523 1211 inquies,

1925 1254 2085 1305 nunc,
2117 1254 2238 1293 cum
2273 1237 2491 1293 afﬂictio
2522 1253 2627 1292 non
2657 1236 2776 1292 est?
2801 1235 3072 1307 quomodo
3102 1236 3305 1290 erimus
3332 1232 3526 1289 amici?

1926 1332 2118 1386 Annon
2149 1330 2284 1385 alios
2316 1330 2528 1385 habetis
2568 1329 2807 1397 amicos,
2835 1328 3061 1401 qua-so?
3089 1327 3362 1398 quomodo
3407 1327 3527 1382 illo-

1927 1438 2045 1477 rum
2115 1422 2247 1477 esds
2294 1422 2494 1475 amici?
2547 1420 3261 1491 quomodoipetseveratis?
3309 1418 3528 1474 Interim

1930 1528 2088 1568 nemo
2119 1512 2394 1568 inimicum
2427 1512 2655 1579 habeat;
2686 1528 2793 1567 non
2828 1494 2917 1567 ‘est
2945 1512 3045 1569 hoc
3096 1526 3283 1582 parum
3319 1530 3332 1565 :
3376 1526 3535 1566 nemo

1931 1605 2203 1672 invideat;
2254 1622 2361 1661 non
2403 1606 2529 1661 licet
2576 1620 2684 1661 non
2732 1604 2972 1661 invidum
3032 1618 3307 1659 accusare.
3358 1602 3535 1659 Unum

1935 1700 2234 1755 habitamus
2281 1699 2471 1756 orbem
2518 1699 2958 1766 omnes,iisdcm
3006 1699 3202 1753 alimur
3254 1698 3534 1753 fructibus.

1934 1790 2039 1845 Sed
2086 1791 2201 1847 lucc
2225 1806 2386 1862 parva
2415 1801 2541 1847 sunt
2573 1810 2584 1845 :
2612 1792 2799 1848 iisdem
2832 1791 3104 1864 mysteriis
3123 1832 3139 1857 ,
3164 1790 3353 1847 eadem
3382 1790 3540 1860 Spiri.

1936 1882 2065 1937 tuali
2118 1898 2239 1938 esca
2290 1882 2536 1938 fruimur.
2585 1883 2712 1939 llccc
2756 1899 2889 1939 sane
2939 1884 3191 1938 amicitia:
3218 1885 3341 1954 jura
3394 1892 3540 1937 sunt.

1936 1974 2219 2041 Quomodo
2250 1976 2411 2045 igitur
2436 2017 2451 2042 ,
2482 1975 2692 2045 inquies
2716 2018 2731 2041 ,
2762 1974 3033 2031 ferventer
3072 1975 3252 2031 affecti
3295 1973 3544 2029 erimus?

1939 2066 2074 2135 Quid
2116 2065 2243 2122 facit
2270 2081 2555 2137 corporum
2600 2066 2888 2121 amorem?
2916 2064 3173 2136 Corporis
3205 2065 3399 2121 forma.
3445 2065 3545 2120 Ita-

1941 2175 2047 2230 que
2074 2167 2129 2214 et
2147 2159 2357 2215 animas
2388 2159 2654 2214 formosas
2677 2157 2999 2222 efﬁciamus,
3023 2158 3333 2227 erimusque
3362 2167 3548 2211 mutuo

1942 2260 2250 2308 amatores:
2282 2266 2387 2307 non
2416 2261 2630 2322 Oportet
2658 2252 2799 2305 cnim
2830 2252 3003 2306 solmn
3034 2265 3238 2313 amare,
3271 2250 3368 2304 sed
3385 2249 3548 2303 etiam

1945 2344 2133 2398 amari.
2157 2343 2337 2398 Primo
2355 2342 2406 2397 id
2425 2358 2797 2413 assequamur,
2821 2352 2881 2397 ut
2902 2357 3167 2409 amemur,
3187 2350 3242 2397 et
3258 2340 3384 2396 illttd
3407 2340 3551 2395 aliud

1948 2435 2100 2491 facile
2132 2437 2254 2491 erit.
2283 2435 2567 2503 Quomodo
2591 2436 2760 2490 amari
2790 2435 3123 2506 poterimus?
3145 2435 3327 2490 Simus
3347 2432 3553 2502 pulchri

1948 2538 2003 2583 et
2030 2526 2179 2592 boni,
2206 2536 2260 2583 et
2290 2527 2393 2583 hoc
2419 2527 2789 2597 operabimur,
2825 2537 2882 2581 ut
2910 2542 3125 2597 semper
3151 2536 3424 2581 amatores
3454 2525 3551 2578 ha-

1950 2618 2193 2674 beamus.
2219 2619 2392 2675 Nemo
2417 2619 2488 2674 ita
2518 2627 2671 2674 curet
2698 2619 2953 2688 pecunias
2994 2618 3291 2688 possidere,
3322 2618 3404 2673 vel
3436 2633 3553 2673 scr-

1952 2726 2069 2775 vos,
2101 2710 2185 2765 vel
2211 2710 2426 2777 domos,
2457 2720 2513 2765 ut
2541 2711 2735 2776 amari,
2768 2720 2829 2765 ut
2860 2712 3059 2766 bonum
3102 2710 3305 2766 habere
3332 2724 3552 2765 nomen.

1957 2799 2144 2855 Melius
2169 2810 2241 2855 est
2266 2817 2469 2865 nautea,
2497 2818 2651 2871 quam
2670 2800 2863 2856 divitia:
2884 2803 3060 2855 multa:
3088 2802 3109 2872 (
3140 2801 3297 2856 Prov.
3329 2802 3421 2857 2‘2.
3456 2803 3479 2856 1
3518 2806 3558 2870 ).

1959 2891 2092 2947 Illud
2119 2892 2265 2948 enim
2294 2901 2496 2959 manet,
2528 2892 2611 2947 hae
2632 2900 2861 2963 pereunt
2890 2910 2902 2945 :
2931 2902 2986 2947 et
3013 2892 3145 2948 illud
3168 2892 3430 2963 possideri
3460 2908 3557 2964 po-

1962 2991 2084 3050 test,
2109 2982 2193 3038 lite
2215 3000 2344 3038 vero
2377 2984 2623 3039 minime.
2652 2981 2785 3039 Nam
2816 2984 2905 3054 qui
2932 2985 3127 3038 malam
3152 2983 3313 3039 habet
3342 2984 3560 3047 famam.

1962 3075 2049 3130 vix
2100 3075 2243 3129 illam
2297 3084 2552 3131 excutere
2598 3075 2831 3145 poterit;
2877 3090 3083 3146 pauper
3114 3090 3243 3131 vero
3281 3091 3312 3131 a
3343 3077 3565 3133 nomine

1962 3170 2071 3224 cito
2098 3168 2249 3225 dives
2285 3169 2410 3224 erit.
2434 3169 2515 3225 Sit
2543 3170 2663 3239 quis
2709 3168 2847 3225 dena
2894 3169 3060 3225 millia
3094 3170 3291 3224 talenta
3325 3169 3530 3225 habens
3552 3210 3565 3233 .

1964 3260 2100 3316 alius
2128 3275 2263 3317 vero
2305 3262 2510 3317 amicos
2539 3268 2755 3316 centum
2792 3277 2805 3313 :
2840 3260 2928 3316 hic
2954 3260 3050 3315 illo
3090 3259 3397 3330 opulentior
3440 3260 3567 3315 erit.

1967 3351 2045 3407 Ne
2093 3352 2252 3420 igitur
2293 3352 2397 3407 hoc
2438 3352 2612 3407 obiter
2652 3366 2926 3418 curemus,
2957 3351 3051 3407 sed
3095 3352 3245 3422 quasi
3277 3351 3567 3420 quamdam

1968 3443 2348 3499 abundantiam
2371 3444 2388 3475 ¹
2414 3458 2740 3515 quzeramus.
2774 3444 2843 3499 Et
2882 3444 3155 3513 quomodo
3178 3484 3194 3510 ,
3238 3444 3444 3514 inquit,
3475 3460 3569 3513 po-

1972 3536 2228 3589 terimus?
2256 3534 2408 3590 Faua;
2430 3535 2597 3590 dulcis
2624 3534 2926 3607 multiplicat
2948 3536 3159 3601 amicos,
3186 3544 3234 3590 et
3254 3536 3433 3606 lingua
3455 3551 3576 3605 gra-

1974 3627 2102 3681 tiosa
2132 3629 2149 3696 (
2174 3627 2339 3682 Eccli.
2366 3628 2421 3683 6.
2454 3629 2551 3699 5).
2580 3629 2654 3684 Os
2678 3628 2819 3685 bene
2866 3629 3094 3698 loquens
3128 3628 3498 3699 possideamus
3525 3640 3577 3681 ct

1976 3732 2153 3773 mores
2177 3734 2362 3789 puros.
2389 3718 2507 3773 Non
2542 3728 2719 3791 potest
2747 3721 2917 3776 latere
2946 3722 3035 3791 qui
3066 3721 3144 3776 sic
3173 3720 3397 3775 allectus
3427 3731 3529 3775 est.

2045 3809 2100 3864 4.
2150 3809 2283 3863 Vide
2329 3820 2526 3879 quanta
2554 3814 2755 3866 amoris
2783 3812 2991 3866 vincula
3043 3812 3255 3866 externi
3302 3812 3576 3881 excogita-

1978 3902 2087 3955 rint
2115 3919 2127 3953 :
2158 3901 2541 3973 adoptionem,
2587 3903 2878 3969 viciniam,
2934 3905 3303 3976 cognationes.
3345 3905 3449 3960 Sed
3499 3905 3581 3959 his

1977 3992 2225 4048 omnibus
2258 4004 2441 4049 nostra
2470 4004 2596 4051 sunt
2644 3998 2849 4067 majora
2885 4016 2898 4052 :
2932 3997 3047 4052 lizec
3080 4013 3264 4053 mensa
3300 4000 3579 4054 venerabi-

1978 4085 2098 4140 lior.
2128 4087 2279 4142 Multi
2306 4098 2488 4144 autem
2534 4105 2600 4145 ex
2646 4090 2732 4155 iis,
2787 4092 2879 4160 qui
2910 4091 3215 4148 accedimus
3237 4135 3251 4156 ,
3282 4109 3455 4163 neque
3484 4109 3583 4149 nos

1982 4190 2166 4235 tnutuo
2190 4182 2589 4237 novimuslloc
2615 4183 2904 4239 multitudo
2933 4186 3078 4249 facit,
3113 4186 3341 4256 inquies.
3372 4187 3582 4257 Nequa-

1982 4288 2160 4341 quam,
2192 4274 2285 4329 sed
2339 4275 2545 4344 ignavia
2576 4285 2779 4331 nostra.
2823 4277 2930 4332 Ter
2979 4278 3158 4340 mille,
3209 4288 3263 4333 et
3294 4280 3581 4350 quinquies

1986 4365 2130 4420 mille
2160 4376 2317 4421 erant
2342 4368 2438 4432 illi,
2473 4378 2523 4422 et
2555 4382 2746 4422 omnes
2777 4368 3047 4423 habebant
3093 4371 3326 4424 animum
3371 4387 3533 4425 unum
3570 4391 3582 4423 :

1987 4471 2127 4511 nunc
2143 4466 2323 4512 autem
2350 4458 2543 4528 singuli
2573 4458 2793 4514 fratrem
2820 4476 2976 4516 suum
3005 4462 3274 4532 ignorant,
3305 4480 3403 4517 nec
3426 4466 3590 4533 pudet

1987 4563 2080 4602 eos
2112 4549 2507 4617 multitudinem
2536 4562 2858 4621 prailexcre.
2904 4552 3001 4622 Qui
3033 4556 3230 4609 multos
3261 4556 3424 4612 habet
3453 4560 3587 4612 ami-

1986 4655 2098 4706 cos,
2131 4642 2382 4697 omnibus
2410 4654 2493 4699 est
2519 4646 2969 4714 inexpugnabilis,
3012 4650 3203 4718 quovis
3226 4659 3455 4720 tyranno
3485 4652 3589 4705 for~

1991 4732 2115 4785 tier.
2144 4731 2260 4787 Non
2284 4734 2358 4787 ita
2390 4734 2540 4789 illum
2562 4736 2725 4789 alium
2750 4738 3033 4805 satellites,
3067 4751 3122 4792 ut
3149 4742 3287 4794 hunc
3314 4744 3470 4797 amici
3495 4761 3589 4797 cu-

1989 4824 2231 4879 stodiunt
2257 4842 2270 4877 ε
2293 4826 2487 4895 hicque
2508 4827 2706 4881 clarior
2726 4828 2817 4881 illo
2834 4839 2910 4884 est
2928 4868 2941 4881 .
2964 4830 3058 4884 lllo
3086 4846 3319 4902 namque
3340 4849 3367 4887 a
3391 4838 3588 4902 servis,

1993 4917 2078 4970 hic
2108 4918 2175 4972 ab
2204 4919 2499 4987 aequalibus
2520 4920 2821 4976 custoditur
2847 4941 2857 4975 :
2894 4922 2983 4977 ille
3006 4924 3074 4976 ab
3103 4925 3281 4980 invitis
3317 4936 3371 4982 et
3400 4930 3589 4984 timcn-

1995 5012 2154 5073 tibus,
2184 5011 2271 5065 hic
2310 5028 2338 5065 a
2372 5013 2680 5067 lubentibus
2728 5028 2829 5069 nec
2865 5018 3269 5083 metuentibus;
3304 5020 3592 5089 ridereque

1993 5113 2075 5156 est
2103 5118 2215 5157 rem
2243 5104 2466 5167 miram,
2502 5104 2554 5157 in
2602 5105 2785 5159 multis
2824 5122 3010 5173 unum,
3044 5117 3100 5163 et
3131 5110 3181 5162 in
3223 5108 3329 5164 uino
3373 5113 3586 5167 multos.

1996 5197 2168 5266 Atque
2197 5206 2253 5250 ut
2275 5196 2327 5261 in
2354 5196 2559 5251 cithara
2587 5198 2794 5254 diversi
2826 5200 2944 5254 soni
2984 5210 3128 5268 sunt,
3156 5219 3258 5257 una
3290 5220 3421 5260 vero
3444 5221 3589 5277 sym-

1996 5290 2213 5358 phonia,
2241 5304 2486 5360 unusque
2512 5291 2752 5346 musicus
2780 5293 2869 5362 qui
2898 5293 3157 5348 citharam
3188 5296 3361 5363 pulsat
3389 5316 3397 5349 :
3429 5298 3499 5351 ita
3541 5310 3595 5354 et

1999 5381 2082 5433 hic
2114 5399 2125 5434 :
2156 5380 2361 5434 cithara
2386 5382 2602 5451 quidem
2621 5391 2701 5436 est
2723 5384 2936 5444 caritas,
2962 5386 3079 5441 soni
3111 5401 3240 5439 vero
3266 5388 3427 5441 verba
3455 5392 3593 5442 cari-

1998 5480 2103 5524 tate
2127 5471 2307 5541 plcna,
2340 5470 2466 5526 dum
2495 5486 2685 5527 omnes
2712 5474 2868 5528 simul
2894 5490 3054 5529 unam
3096 5477 3446 5547 eamdemque
3472 5480 3567 5533 har

2001 5564 2231 5616 muniam
2262 5573 2314 5617 et
2336 5564 2715 5633 symphoniam
2746 5564 3017 5631 efficiunt;
3056 5568 3295 5622 musicus
3320 5582 3592 5624 autemest

1998 5656 2234 5708 raritalis
2265 5657 2433 5709 virtus
2471 5674 2480 5707 :
2516 5656 2627 5725 ipsa
2665 5657 2825 5711 dulce
2857 5657 3025 5712 melos
3050 5658 3243 5727 pulsat.
3267 5660 3469 5715 Vellem
3504 5678 3595 5717 vos

2066 5770 2092 5839 ¹Δ
2119 5768 2211 5816 Alii
2238 5769 2428 5839 legunt,
2454 5770 2846 5831 ttrgotirttiottrtit,
2871 5787 2974 5837 pro,
2995 5773 3354 5825 ιιιτιιηίιιιηιίίιυι.
3386 5783 3598 5839 Utraque

2004 5830 2148 5879 lectio
2173 5834 2409 5893 quadrare
2440 5850 2449 5894 ι
2470 5830 2617 5883 etest.
