4094 6336
648 387 750 443 937

645 504 699 557 in
737 502 891 557 talem
938 496 1208 552 civitatem
1249 494 1481 557 ducere,
1512 494 1556 549 si
1589 492 1701 547 fieri
1730 499 1933 561 posset,
1966 490 2056 545 ubi
2092 504 2229 544 unus

643 601 786 649 esset
810 591 1037 653 animus,
1063 598 1118 644 et
1134 586 1344 643 videres
1366 586 1435 640 ibi
1463 582 1835 655 symphoniam
1854 582 1998 636 omni
2021 581 2223 636 cithara

643 694 697 740 et
741 684 864 738 tibia
900 681 1224 746 suaviorem,
1254 677 1495 745 nihilque
1522 674 1710 729 absoni
1747 674 2053 729 habentem.
2097 672 2225 729 llasc

644 774 872 829 melodia
896 782 951 828 ct
970 771 1189 842 angelos
1217 777 1269 824 et
1294 767 1608 838 angelorum
1636 765 1923 820 Dominum
1952 779 2015 819 ac
2058 764 2223 820 Deum

643 867 901 931 delectat;
928 864 1041 918 hzl‘c
1070 872 1235 917 totum
1263 860 1314 915 in
1337 859 1469 914 czclo
1493 861 1759 913 theatrum
1782 856 2011 921 excitat;
2039 855 2154 910 hzec
2173 864 2226 911 et

641 960 943 1013 daunonum
984 954 1218 1010 furorem
1239 950 1533 1022 compescit
1566 958 1621 1005 et
1657 948 1941 1005 allectuum
1966 948 2222 1017 impetum

640 1048 913 1103 demulcet
943 1048 981 1101 ¹.
1016 1045 1140 1100 Haec
1186 1042 1417 1099 melodia
1450 1057 1555 1097 non
1603 1040 1761 1096 modo
1790 1039 2016 1095 affectus
2048 1039 2221 1105 sedat,

638 1140 736 1196 sed
770 1155 867 1195 nec
890 1151 1177 1207 exsurgere
1202 1136 1352 1201 sinit,
1387 1147 1742 1204 magnumque
1772 1132 1898 1186 facit
1926 1131 2218 1187 silentium.

637 1233 789 1289 Sicut
813 1231 955 1286 enim
985 1230 1036 1283 in
1068 1230 1277 1283 theatro
1298 1226 1620 1280 musicorum
1640 1238 1828 1279 omnes
1854 1222 2077 1278 chorum
2098 1237 2219 1277 cum

635 1322 851 1378 silentio
879 1321 1122 1384 audiunt,
1148 1318 1430 1387 nullusque
1457 1316 1526 1371 ibi
1564 1316 1822 1387 tumultus
1843 1324 1958 1369 est:
1984 1315 2061 1368 sic
2084 1315 2221 1370 inter

636 1413 860 1479 amicos,
890 1411 1115 1466 caritate
1140 1410 1407 1479 pulsante,
1454 1422 1642 1463 omnes
1677 1406 1900 1462 affectus
1938 1406 2221 1477 quiescunt

636 1514 694 1561 et
724 1504 996 1569 sedantur,
1033 1510 1093 1556 ut
1118 1501 1244 1557 ferae
1272 1499 1528 1555 demulsae
1554 1508 1605 1554 et
1627 1499 1913 1568 mitigatzc;
1945 1498 2104 1564 sicut,
2128 1497 2218 1552 ubi

634 1596 930 1652 inimicitL'e
958 1604 1103 1662 sunt,
1134 1595 1205 1649 ibi
1250 1594 1429 1648 omnia
1474 1602 1599 1648 sunt
1628 1594 1917 1648 contraria.
1949 1590 2054 1646 Sed
2085 1590 2219 1645 nihil

633 1692 739 1760 jam
779 1689 848 1744 de
880 1685 1153 1742 inimicitia
1188 1686 1503 1755 loquamur:
1536 1684 1605 1740 de
1632 1684 1867 1738 amicitia
1910 1692 2112 1737 tantum
2138 1682 2218 1736 di-

631 1798 832 1838 camus.
856 1779 1054 1851 Siquid
1082 1778 1422 1834 temerarium
1440 1777 1609 1843 dicas,
1633 1792 1792 1831 nemo
1823 1785 1905 1831 est
1930 1775 2016 1845 qui
2039 1774 2219 1830 insur-

630 1883 721 1945 gat
742 1875 793 1928 in
827 1883 905 1941 te,
925 1872 1020 1928 sed
1048 1885 1238 1926 omnes
1265 1871 1587 1938 ignoscunt;
1617 1870 1661 1923 si
1693 1869 1818 1940 quid
1846 1867 2029 1933 facias,
2060 1882 2217 1923 nemo

629 1966 950 2035 suspicatur,
990 1961 1082 2019 sed
1121 1976 1309 2031 magna
1338 1970 1421 2016 est
1468 1960 1793 2029 indulgentia
1820 1979 1831 2013 :
1858 1959 2067 2014 cadenti
2096 1974 2211 2011 om-

634 2071 731 2112 nes
761 2064 1009 2126 prompte
1057 2067 1266 2107 manum
1296 2052 1613 2122 porrigunt;
1642 2064 1827 2105 omnes
1871 2051 2042 2120 ipsum
2074 2060 2217 2105 stare

628 2156 835 2203 curant.

702 2237 947 2291 Amicitiae
968 2240 1100 2290 ratio
1135 2266 1206 2275 —
1237 2234 1417 2289 Murus
1448 2248 1572 2288 vere
1598 2234 1947 2288 inconcussus
1973 2242 2054 2287 est
2087 2234 2218 2287 ami-

628 2331 772 2396 citia,
798 2329 888 2399 qui
914 2343 1013 2383 nec
1038 2342 1065 2381 a
1096 2325 1313 2382 diabolo
1337 2325 1561 2395 capitur,
1594 2323 1787 2379 nedum
1809 2324 1876 2377 ab
1895 2324 2214 2378 hominibus.

629 2424 743 2478 Non
795 2430 973 2492 potest
1023 2420 1075 2474 in
1123 2418 1361 2490 pericula
1420 2417 1657 2472 incidere
1678 2417 1766 2486 qui
1808 2416 2009 2469 amicos
2052 2414 2217 2469 habet

628 2515 825 2568 multos
854 2530 868 2567 :
897 2511 1039 2565 nulla
1064 2510 1218 2565 adest
1266 2510 1361 2563 irae
1412 2508 1643 2569 occasio,
1674 2505 1766 2561 sed
1795 2507 2073 2561 suavitatis
2111 2516 2221 2558 lan-

630 2616 741 2661 tum
776 2624 790 2660 :
824 2605 874 2659 in
903 2604 1013 2659 risu
1044 2616 1256 2671 semper
1286 2609 1366 2656 est
1387 2614 1450 2656 ac
1472 2600 1680 2655 deliciis
1706 2616 1718 2652 :
1748 2598 1888 2652 nulla
1914 2598 1983 2653 ibi
2008 2597 2218 2651 invidiae

625 2696 858 2763 occasio,
891 2695 1035 2749 nulla
1062 2692 1379 2763 injuriarum
1408 2691 1688 2746 memoria.
1719 2689 1870 2744 Hunc
1888 2689 2011 2743 vide
2038 2698 2091 2742 ct
2112 2690 2218 2752 spi-

630 2788 841 2843 ritualia
913 2796 967 2841 et
1016 2783 1249 2840 carnalia
1314 2781 1470 2837 facile
1528 2782 1866 2850 dirigentem.
1910 2779 2043 2847 Quid
2095 2779 2217 2833 huic

629 2895 725 2949 par
749 2876 944 2932 fuerit?
969 2874 1065 2930 llic
1089 2883 1171 2929 est
1200 2888 1297 2928 ceu
1320 2873 1507 2927 civitas
1534 2871 1769 2941 undique
1796 2872 1966 2925 muris
1990 2870 2163 2924 cincta
2194 2885 2211 2935 ;

626 2973 714 3027 ille
748 2985 875 3025 vero
900 2969 1035 3023 alius
1076 2967 1225 3038 quasi
1264 2965 1451 3020 civitas
1504 2966 1622 3020 sine
1653 2965 1837 3019 muris.
1870 2964 2073 3035 Magna:
2122 2979 2211 3019 sa-

623 3063 836 3133 pientia:
880 3070 984 3125 est,
1018 3073 1177 3130 posse
1201 3058 1463 3113 amicitias
1489 3057 1799 3112 conciliare.
1831 3056 1985 3112 Tolle
2025 3058 2212 3111 amici-

626 3156 750 3210 tiam
776 3161 830 3206 et
856 3150 1033 3205 omnia
1055 3148 1353 3214 sustuleris,
1385 3148 1563 3203 omnia
1585 3146 1911 3202 confoderis.
1945 3146 1999 3203 Si
2022 3157 2200 3203 autem

624 3245 871 3300 amicitiae
894 3243 1069 3313 imago
1094 3231 1290 3295 tantam
1317 3240 1421 3293 vim
1446 3238 1628 3303 habet,
1656 3238 1769 3307 ipsa
1796 3238 1993 3293 veritas
2012 3249 2210 3309 quanta

628 3336 768 3393 erit?
792 3334 1009 3390 Amicos
1034 3348 1161 3403 ergo
1204 3331 1357 3386 nobis
1403 3345 1675 3402 paremus,
1703 3331 1947 3397 obsecro,
1976 3339 2027 3386 et
2075 3330 2211 3386 hanc

624 3470 851 3583 ὼΗὲἕέ
875 3476 919 3521 et
941 3470 1196 3533 affectuum
1206 3466 1435 3532 s'Inpetum
1457 3465 1713 3527 demulcet,
1738 3457 1920 3517 desdut
1941 3467 1993 3517 iu
2007 3468 2207 3529 quibus-

1346 381 1402 437 S.
1444 375 1718 436 JUANNIS
1742 374 2217 433 CIIRYSOSTOMI
2247 375 2566 433 ARCHIEP.
2597 377 3125 439 CONSTANTINUP.

3822 387 3929 444 288

2336 500 2505 547 artem
2530 491 2702 562 quivis
2745 503 3017 548 exerceat.
3052 494 3120 549 Et
3146 508 3295 559 me,
3326 494 3555 565 inquies,
3598 511 3701 568 ego
3725 511 3928 563 conor;

2335 584 2425 639 ille
2454 599 2583 640 vero
2605 599 2708 639 non
2729 594 2898 640 curat.
2931 586 3099 657 Major
3130 588 3221 643 tibi
3251 603 3457 644 merces
3487 591 3567 645 sic
3584 590 3708 644 erit.
3731 592 3925 656 Etiam,

2332 676 2562 745 inquies,
2592 675 2687 730 sed
2712 690 2800 730 res
2830 685 2956 731 tunc
3004 676 3271 733 difficilior
3298 688 3399 734 est.
3433 680 3752 749 Quomodo,
3784 699 3925 752 qua:-

2330 768 2430 822 so?
2462 768 2601 823 Ecce
2632 768 2889 823 testiﬁcor
2905 778 2959 825 et
2984 769 3125 835 dico,
3158 786 3202 825 SI
3228 771 3415 827 decem
3440 782 3648 829 tantum
3680 790 3779 831 vos
3800 791 3928 830 con-

2324 859 2622 930 jungeretis
2645 901 2659 925 ,
2714 870 2768 915 et
2792 875 2930 930 opus
2965 862 3289 933 pmdicandi
3340 864 3478 919 sicut
3507 866 3743 936 apostoli
3778 866 3929 922 vobis

2328 952 2745 1018 constitueretis,
2777 962 2833 1008 et
2858 954 2996 1009 sicut
3026 954 3301 1024 prophetae
3349 956 3643 1023 docebant,
3672 960 3757 1015 sic
3789 961 3920 1014 ami-

2327 1057 2420 1097 cos
2449 1042 2625 1098 facere
2646 1042 2953 1109 studeretis,
2980 1059 3227 1115 magnam
3258 1045 3417 1100 vobis
3446 1047 3560 1104 fore
3586 1050 3924 1105 mercedem.

2325 1132 2521 1203 Regios
2562 1134 2715 1190 nobis
2747 1134 3007 1205 imagines
3038 1150 3329 1205 paremus:
3359 1135 3462 1192 hoc
3497 1139 3646 1193 enim
3687 1141 3927 1211 discipu-

2323 1225 2495 1281 lorum
2522 1226 2822 1297 symbolum
2854 1237 2957 1283 est.
2990 1226 3173 1282 Etcur
3203 1244 3308 1284 non
3337 1230 3509 1299 majus
3536 1232 3817 1301 quidpiam
3851 1234 3927 1287 fa.

2322 1319 2514 1386 cimus,
2545 1333 2702 1387 quam
2734 1319 2778 1372 si
2805 1319 2958 1373 nobis
2997 1317 3301 1375 facultatem
3342 1324 3748 1393 acquireremns
3780 1340 3924 1379 mor-

2323 1418 2444 1463 tuos
2468 1408 2798 1464 suscitandi?
2827 1408 3082 1465 Diadema
3112 1420 3166 1465 et
3184 1426 3415 1481 purpura
3443 1427 3625 1483 regem
3648 1414 3889 1471 indicant
3913 1432 3927 1468 :

2323 1501 2368 1555 si
2397 1502 2513 1555 haec
2543 1514 2650 1555 non
2681 1499 2879 1565 adsint,
2910 1501 3121 1556 etiamsi
3150 1516 3312 1555 aurea
3346 1503 3541 1560 habeat
3568 1507 3921 1569 vestimenta,

2324 1592 2561 1647 nondum
2598 1607 2692 1647 rex
2718 1592 3090 1648 manifestatus
3110 1603 3211 1647 est.
3236 1591 3311 1646 Ita
3333 1601 3386 1647 et
3417 1602 3473 1647 tu
3494 1609 3637 1650 nunc
3664 1596 3806 1651 hanc
3834 1596 3927 1652 tibi

2323 1696 2581 1742 tesseram
2614 1685 2791 1753 facito,
2815 1695 2870 1741 et
2899 1686 2991 1741 tibi
3020 1694 3075 1741 et
3102 1686 3225 1741 aliis
3251 1686 3455 1742 amicos
3476 1688 3722 1757 parabis.
3755 1688 3929 1745 Nemo

2322 1778 2411 1849 qui
2436 1786 2665 1841 ametur,
2695 1776 2819 1832 odio
2844 1776 3044 1833 habere
3070 1777 3218 1833 velit.
3253 1778 3530 1834 Discamus
3562 1780 3780 1835 colores
3808 1781 3928 1836 illos

2320 1871 2410 1942 qui
2436 1871 2749 1936 miscentur,
2778 1870 2969 1941 quibus
2995 1869 3171 1941 imago
3204 1870 3293 1924 illa
3314 1871 3665 1926 constituitur
3692 1890 3705 1924 :
3736 1871 3926 1928 diserti

2320 1964 2487 2019 simus
2511 1979 2524 2014 :
2544 1978 2614 2018 ne
2628 1971 2998 2031 exspectemus
3018 1963 3310 2032 proximos.
3334 1961 3412 2017 Ne
3432 1963 3580 2019 dicas
3610 1980 3625 2017 :
3653 1962 3712 2019 Si
3741 1964 3929 2018 videro

2319 2056 2551 2127 aliquem
2582 2054 2813 2121 tardum,
2842 2069 2944 2126 ego
2986 2055 3224 2110 deterior
3266 2053 3337 2109 llo
3371 2073 3384 2108 :
3414 2054 3523 2109 imo
3575 2056 3623 2109 si
3681 2055 3880 2110 videris
3906 2098 3923 2119 ,

2325 2161 2639 2217 prmoccupa
2659 2188 2673 2212 ,
2705 2156 2760 2202 et
2790 2146 2904 2216 ejus
2929 2146 3116 2199 vitium
3146 2147 3447 2216 exstingue.
3482 2145 3713 2217 dignum
3748 2146 3920 2206 vides.

2322 2250 2375 2295 et
2406 2239 2651 2293 morbum
2681 2240 2883 2308 auges?
2908 2239 3020 2296 Hoc
3052 2239 3286 2294 maxime
3330 2246 3384 2293 et
3410 2248 3537 2294 ante
3567 2239 3749 2293 omnia
3782 2254 3925 2308 prce-

2322 2338 2547 2395 stcmus,
2570 2330 2843 2384 utbonore
2861 2344 2959 2383 nos
2982 2339 3169 2384 mutuo
3188 2328 3581 2399 praeveniamus
3614 2327 3795 2399 (Rana.
3834 2329 3925 2386 l3.

2321 2420 2434 2490 10),
2469 2434 2568 2473 nec
2586 2427 2743 2488 putes
2767 2426 2816 2472 te
2840 2416 3032 2485 minui,
3058 2434 3181 2474 cum
3212 2428 3369 2489 putas
3392 2418 3528 2473 alios
3558 2427 3609 2473 te
3640 2419 3919 2474 excellen-

2321 2513 2506 2567 tiores.
2541 2512 2598 2566 Si
2628 2512 2798 2580 ipsum
2854 2510 3060 2567 honore
3112 2511 3431 2582 praevenias,
3483 2512 3714 2582 teipsum
3747 2514 3925 2583 magis

2324 2602 2594 2658 honorasti
2628 2602 2827 2671 tibique
2859 2602 3120 2658 honorem
3146 2604 3436 2657 attraxisti.
3477 2601 3687 2675 Ubique
3718 2605 3926 2673 primas

2322 2696 2441 2750 aliis
2467 2693 2847 2750 concedamus.
2870 2694 3008 2749 Nihil
3026 2709 3238 2761 eorum,
3268 2710 3387 2765 qua:
3418 2694 3573 2751 nobis
3599 2695 3743 2749 illata
3770 2706 3920 2758 sunt.

2322 2788 2581 2842 malorum
2611 2786 2980 2852 recordemur,
3000 2787 3095 2842 sed
3126 2789 3392 2843 bonorum
3416 2796 3645 2843 tantum.
3669 2786 3818 2843 Nihil
3843 2790 3925 2844 sic

2318 2883 2443 2937 facit
2468 2882 2698 2935 amicum
2727 2891 2783 2935 ut
2810 2890 2962 2951 grata
2993 2881 3192 2951 lingua,
3212 2894 3275 2935 os
3300 2881 3437 2936 bene
3466 2880 3924 2950 loquens,anima

2317 2977 2433 3030 sine
2463 2976 2616 3039 fastu,
2638 2989 2785 3028 vanae
2798 2974 2981 3044 gloria:
3006 2983 3057 3029 et
3086 2974 3305 3028 honoris
3327 2983 3685 3042 contemptus.
3714 2973 3775 3027 Si
3803 2973 3925 3029 hac

2318 3065 2624 3133 fecerimus,
2654 3066 2950 3136 poterimus
2991 3065 3187 3119 diaboli
3222 3064 3424 3135 laqueis
3462 3064 3714 3119 inaccessi
3748 3079 3919 3129 esse;

2317 3166 2372 3212 et
2402 3158 2649 3212 virtutem
2705 3165 2954 3235 accurate
2982 3155 3170 3210 sectati
3199 3195 3214 3219 ,
3264 3157 3525 3227 promissa
3564 3156 3924 3226 diligentibus

2318 3248 2487 3303 Deum
2518 3248 2656 3303 bona
2707 3247 2986 3317 consequi,
3038 3247 3207 3317 gratia
3239 3255 3294 3303 et
3320 3246 3648 3319 benignitate
3693 3246 3924 3302 Domini

2315 3341 2486 3395 nostri
2515 3339 2642 3396 .lesu
2671 3340 2892 3406 Christi,
2933 3341 3149 3410 quicum
3202 3338 3349 3395 Patri
3389 3350 3442 3396 et
3471 3339 3686 3411 Spiritui
3712 3350 3925 3395 sancto

2319 3432 2510 3503 gloria,
2529 3432 2833 3502 imperium,
2856 3432 3053 3501 honor,
3082 3446 3219 3487 nunc
3242 3440 3295 3487 et
3309 3448 3545 3504 semper,
3558 3443 3612 3489 et
3631 3433 3682 3489 in
3702 3434 3922 3489 saecula

2313 3524 2657 3579 saeculorum.
2676 3523 2871 3579 Amen.

1935 3702 2283 3767 HOMILIA
2330 3703 2488 3765 XLI.

623 3851 754 3907 Car.
801 3849 885 3905 19.
921 3864 975 3903 v.
1004 3848 1054 3903 8.
1104 3846 1366 3918 Ingressus
1399 3848 1453 3899 in
1497 3862 1827 3917 synagogam,
1867 3862 1982 3899 cum
2018 3846 2208 3915 ﬁducia

694 3941 996 4011 foquebatur
1040 3954 1129 4009 per
1158 3948 1259 3992 tres
1288 3931 1506 4001 men‘ses,
1533 3936 1800 4006 disputans
1836 3944 1880 3990 et
1901 3936 2121 3991 suadens
2144 3935 2207 3991 de

694 4048 850 4103 regno
876 4028 991 4085 Dei.

697 4126 750 4179 1.
773 4124 1071 4194 Synagogas
1093 4124 1375 4192 frequenter
1398 4120 1505 4173 adit
1537 4118 1733 4174 Paulus
1750 4159 1763 4184 ,
1791 4134 1964 4189 quare.
1984 4147 2056 4157 —
2073 4117 2203 4172 Vide

628 4216 841 4284 ubique,
870 4225 927 4269 ut
952 4230 1011 4270 se
1040 4215 1093 4268 in
1122 4226 1421 4284 synagogas
1443 4212 1703 4277 immittit,
1727 4220 1781 4266 et
1806 4211 1886 4265 sic
1906 4209 2200 4280 demigrat:

628 4310 824 4379 ubique
853 4307 993 4361 enim
1030 4306 1098 4360 ab
1137 4305 1243 4360 illis
1271 4304 1483 4359 volebat
1508 4302 1846 4357 occasionem
1887 4314 2202 4366 assumere,

626 4414 682 4455 ut
703 4398 833 4454 dixi.
873 4397 1004 4453 Nam
1032 4405 1220 4467 gentes
1252 4395 1359 4465 jam
1398 4393 1517 4449 zelo
1559 4391 1855 4457 fervebant,
1896 4400 1953 4447 et
1977 4390 2206 4446 libenter

625 4505 745 4546 eum
774 4487 1143 4558 accipiebant;
1182 4484 1351 4541 Judzei
1382 4499 1509 4539 vero
1558 4483 1807 4554 gentibus
1854 4482 2012 4537 fidem
2031 4482 2205 4538 susci-

624 4584 921 4653 pientibus,
953 4579 1320 4650 pcrnitentiam
1358 4578 1605 4648 agebant.
1651 4576 1876 4631 Volebat
1913 4574 2204 4647 discipulos

629 4676 773 4729 illinc
813 4672 1146 4739 abstrahere,
1188 4680 1242 4726 et
1266 4671 1333 4726 ab
1359 4670 1463 4725 illis
1484 4670 1744 4740 incipere,
1778 4677 1836 4723 ut
1865 4684 1932 4724 ne
1957 4682 2077 4724 cum
2102 4667 2206 4722 illis

624 4774 1075 4836 congregarentur
1101 4782 1113 4817 :
1140 4777 1315 4833 neque
1337 4762 1454 4817 sine
1481 4775 1641 4816 causa
1669 4760 1773 4815 hoc
1812 4758 2060 4814 faciebat.
2084 4757 2206 4813 Ideo

628 4859 936 4929 frequenter
979 4872 1097 4912 cum
1130 4856 1237 4911 illis
1282 4854 1623 4923 disputabat,
1667 4853 1789 4923 quia
1827 4851 2201 4922 persuadebat.

627 4952 704 5008 Ne
734 4952 927 5022 igitur,
958 4951 1081 5020 quia
1110 4949 1321 5005 dicendi
1363 4948 1660 5003 libertatem
1686 4947 1915 5013 audisti,
1944 4948 2204 5017 asperita-

626 5053 732 5099 tem
766 5051 921 5114 putes
950 5061 963 5096 :
997 5041 1065 5096 de
1092 5042 1309 5095 utilibus
1338 5040 1499 5095 rebus
1538 5038 1866 5107 disputabat,
1896 5038 1963 5091 de
1989 5052 2155 5108 regno
2186 5054 2199 5091 :

636 5136 756 5204 quis
783 5150 887 5189 non
929 5131 1200 5187 audisset?
1228 5131 1282 5186 9.
1318 5148 1338 5183 ‹
1369 5130 1502 5185 Cum
1533 5138 1709 5183 autem
1738 5126 1952 5197 quidam
1994 5126 2206 5182 indura-

627 5243 831 5293 remur,
859 5236 1037 5280 etnon
1059 5224 1379 5286 crederent,
1407 5221 1793 5276 maledicentes
1825 5219 1960 5272 viam
1990 5220 2205 5274 Domini

632 5332 815 5373 coram
843 5316 1176 5371 multitudine
1196 5355 1209 5379 ,
1234 5312 1516 5368 discedens
1537 5312 1604 5365 ab
1642 5312 1753 5378 eis,
1786 5312 2083 5381 segregavit
2127 5310 2208 5365 di-

634 5407 891 5478 scipulos,
917 5404 1154 5476 quotidie
1180 5404 1459 5475 disputans
1483 5404 1534 5456 in
1564 5402 1747 5457 schola
1772 5402 2005 5473 Tyranni
2030 5404 2207 5471 cujus-

631 5499 776 5553 dam.
806 5496 893 5552 10.
928 5496 1037 5550 Hoc
1064 5504 1241 5551 autem
1262 5494 1467 5549 factum
1498 5502 1578 5549 est
1606 5508 1700 5563 per
1740 5492 2033 5558 biennium,
2064 5494 2135 5548 ita
2156 5500 2212 5549 ut

629 5606 853 5655 onmes,
884 5588 973 5659 qui
1022 5588 1329 5643 habitabant
1376 5587 1430 5641 in
1479 5587 1646 5653 Asia,
1702 5585 1949 5640 audirent
1989 5585 2209 5641 verbum

637 5684 847 5741 Domini
875 5682 1033 5749 .lesu,
1070 5689 1177 5736 tam
1222 5679 1392 5735 Judaei
1434 5693 1595 5751 quam
1634 5677 1828 5733 Graeci.
1869 5697 1887 5729 ι
1918 5675 2071 5731 Viam
2094 5693 2209 5732 me-

630 5776 732 5831 rito
760 5776 1021 5830 vocabant
1054 5772 1486 5845 praedicationem
1512 5788 1527 5836 ;
1558 5786 1684 5826 vere
1715 5772 1858 5826 enim
1883 5769 2000 5825 hmc
2025 5770 2108 5823 via
2130 5778 2213 5825 est

632 5886 749 5940 quze
780 5870 922 5924 ducit
964 5870 1029 5928 ad
1062 5882 1281 5940 regnum
1334 5867 1609 5923 caelorum.
1646 5864 1710 5921 In
1769 5866 1961 5934 schola,
2013 5866 2205 5936 inquit,

2320 3845 2550 3917 Tyranni
2588 3845 2863 3916 cujusdam
2901 3844 3215 3916 disputabat.
3276 3842 3341 3898 Et
3377 3844 3473 3899 hoc
3494 3849 3679 3916 factum
3706 3856 3789 3898 est
3826 3862 3923 3915 per

2316 3936 2573 3990 biennium
2592 3977 2606 4001 ,
2630 3937 2700 3997 ita
2729 3944 2783 3989 ut
2818 3951 2992 3989 omnes
3018 3934 3252 3989 audirent
3295 3951 3578 3990 sermonem
3603 3945 3702 3988 tam
3726 3933 3922 3989 Judaei

2314 4043 2465 4091 quant
2494 4026 2678 4081 (ἔπεσί.
2710 4025 2870 4082 Vides
2900 4034 3155 4097 quantum
3186 4024 3385 4094 profuit
3426 4026 3639 4083 assidue
3663 4040 3875 4096 urgere
3895 4028 3921 4080 2

2312 4117 2382 4171 Et
2408 4116 2580 4171 Judzei
2610 4125 2665 4171 et
2686 4116 2858 4172 (ἕτωοί
2900 4116 3209 4173 audiebant.
3234 4116 3323 4174 11.
3352 4135 3370 4169 ι
3410 4117 3747 4188 Virtutesque
3784 4134 3902 4173 non

2312 4211 2581 4282 quaslibet
2632 4209 2861 4265 faciebat
2912 4210 3054 4264 Deus
3108 4224 3203 4277 per
3254 4224 3446 4264 manus
3490 4209 3660 4275 Pauli,
3713 4208 3812 4263 l2.
3860 4223 3921 4267 ut

2319 4304 2481 4359 etiam
2514 4317 2677 4371 super
2721 4302 3001 4373 languidos
3054 4302 3395 4358 deferrentur
3432 4303 3502 4359 de
3527 4318 3747 4374 corpore
3792 4306 3920 4376 ejus

2323 4393 2565 4460 sudaria,
2608 4402 2663 4448 et
2709 4392 3075 4458 semicinctia,
3132 4402 3187 4447 et
3214 4394 3532 4451 recederent
3585 4395 3651 4449 ab
3685 4394 3767 4449 eis
3794 4395 3917 4450 lan-

2311 4500 2527 4556 guores,
2557 4492 2612 4539 et
2631 4484 2850 4553 spiritus
2867 4498 3094 4554 nequam
3122 4485 3334 4540 exirent
3362 4486 3430 4540 ab
3456 4486 3560 4541 eis.
3596 4505 3614 4538 ι
3643 4484 3756 4541 Non
3785 4496 3917 4543 tan-

2312 4578 2512 4649 gebant
2542 4576 2714 4630 solum
2744 4575 3009 4644 ferentes,
3037 4576 3130 4632 sed
3172 4578 3499 4648 accipientes
3527 4578 3910 4648 imponebant.

2311 4668 2435 4724 ldeo
2466 4683 2573 4723 non
2601 4668 2724 4723 sivit
2746 4667 2992 4723 Christus
3032 4668 3183 4723 illum
3215 4669 3295 4724 ire
3324 4669 3375 4723 in
3413 4668 3622 4737 Asiam,
3653 4668 3751 4723 hoc
3775 4678 3919 4726 tem-

2312 4776 2412 4833 pus
2438 4762 2749 4827 observans,
2779 4771 2949 4831 utego
2975 4770 3124 4831 puto.
3156 4762 3243 4817 15.
3285 4780 3303 4813 ι
3335 4761 3915 4818 Tentaveruntautem

2310 4852 2528 4924 quidam
2564 4867 2629 4908 cx
2689 4852 3148 4907 circumeuntibus
3180 4852 3379 4908 .luda-is
3424 4852 3702 4908 exorcistis
3746 4853 3915 4909 invo-

2312 4959 2437 4999 care
2460 4958 2620 5013 super
2659 4958 2753 4999 eos
2772 4985 2785 5009 ,
2817 4944 2908 5013 qui
2935 4939 3205 4998 habebant
3229 4946 3449 5014 spiritus
3482 4944 3676 5011 malos,
3706 4959 3922 5001 nomen

2316 5035 2527 5090 Domini
2554 5034 2684 5089 Jesu
2706 5076 2721 5103 ,
2756 5034 3037 5089 dicentes:
3070 5034 3394 5105 Adjuramus
3432 5049 3533 5090 vos
3569 5049 3665 5105 per
3692 5033 3918 5102 losum,

2314 5142 2474 5197 quem
2506 5125 2703 5181 Paulus
2746 5125 3021 5195 praedicat.
3048 5142 3067 5177 ι
3112 5126 3188 5181 lta
3228 5126 3407 5181 omnia
3449 5124 3717 5183 faciebant
3774 5127 3933 5185 lucri

2314 5232 2496 5273 causa.
2530 5216 2664 5272 Vide
2697 5235 2709 5270 :
2745 5216 2967 5271 credere
2998 5217 3211 5286 quidem
3242 5216 3499 5273 nolebant
3519 5259 3535 5287 ,
3559 5217 3652 5274 sed
3682 5231 3781 5289 per
3812 5220 3927 5276 hoc

2316 5325 2511 5365 nomen
2548 5310 2800 5364 volebant
2837 5310 3036 5379 ejicere
3071 5310 3356 5367 daemonia.
3403 5310 3562 5380 Papa:
3585 5353 3601 5376 ,
3650 5322 3923 5381 quantum

2315 5409 2432 5455 erat
2471 5415 2664 5455 nomen
2694 5400 2843 5455 Pauli
2871 5399 2886 5453 ι
2917 5400 3006 5455 ﬂ.
3043 5418 3062 5451 ι
3097 5401 3263 5457 Erant
3290 5410 3468 5456 autem
3496 5401 3711 5472 quidam
3734 5399 3923 5457 Judaei

2322 5493 2531 5557 Scevaa,
2579 5490 2836 5561 principis
2876 5491 3251 5558 sacerdotum,
3292 5502 3499 5563 septem
3541 5493 3659 5560 lilii,
3690 5492 3784 5562 qui
3811 5492 3923 5550 hoc

2318 5585 2600 5640 faciebant.
2636 5586 2725 5641 15.
2751 5583 3105 5654 ReSpondens
3135 5593 3317 5641 autem
3360 5585 3584 5655 spiritus
3632 5600 3880 5654 nequam
3904 5629 3919 5651 ,

2318 5679 2451 5734 dixit
2475 5678 2554 5733 eis
2585 5694 2597 5730 :
2631 5676 2815 5732 Jesum
2843 5677 3003 5743 novi,
3049 5686 3106 5733 et
3142 5677 3364 5732 Paulum
3411 5677 3564 5745 scio;
3602 5688 3699 5732 vos
3726 5686 3920 5734 autem

2320 5771 2410 5841 qui
2438 5768 2606 5824 estis?
2656 5766 2742 5822 16.
2773 5768 2839 5823 Et
2867 5768 3109 5825 insiliens
3139 5770 3191 5824 in
3218 5784 3314 5824 eos
3344 5768 3542 5834 homo,
3580 5770 3631 5822 in
3661 5783 3768 5838 quo
3800 5783 3924 5824 erat

2321 5860 2649 5918 daemonium
2697 5860 2993 5931 pessimum
3023 5871 3076 5919 et
3105 5861 3407 5921 dominatus
3432 5876 3623 5919 eorum
3648 5902 3662 5928 ,
3688 5861 3919 5918 invaluit
