4088 6330
177 409 275 463 £87

175 545 291 595 τρῳ
313 525 481 599 χοροῦ
514 528 793 598 μουσικῶν
822 526 1022 591 πάντες
1052 526 1190 598 μετὰ
1220 528 1378 599 σιγῆς
1408 528 1867 596 ἐπακούουσι,>ιαὶ⁵

175 615 357 678 οὐδεὶς
378 617 497 669 ἐκεῖ
521 615 770 685 θόρυϐος·
788 616 930 671 οῦτω
955 617 1055 672 καὶ
1073 617 1132 669 ἐν
1154 618 1267 680 τοῖς
1298 616 1491 686 φίλοις,
1515 617 1615 688 τῆς
1643 618 1866 692 ἀγάπης

176 700 510 774 κρουούσης,
540 704 718 757 πάντα
751 702 1039 775 ἠρεμεῖτά
1079 702 1225 779 πάθη
1261 704 1357 757 καὶ
1387 703 1862 775 κατακοιμίζεται,

174 788 436 861 καθάπερ
467 789 634 862 θηρία
676 786 990 862 κηλούμενα
1037 790 1133 844 καὶ
1181 788 1502 861 θελγόμενα,
1530 790 1722 863 ῶσπερ
1771 789 1866 846 οὖν

172 874 304 929 ἔνθα
333 876 529 949 ἔχθρα,
564 880 743 934 πάντα
774 878 841 941 τὰ
867 878 1106 932 ἐναντία.
1127 877 1287 931 Ἀλλά
1319 877 1485 949 μηδὲν
1508 879 1637 949 περὶ
1664 878 1865 951 ἔχθρας

171 964 313 1027 τέως
345 967 625 1036 εἴπωμεν·
672 965 800 1039 περὶ
843 965 1025 1035 φιλίας
1069 964 1320 1036 λέγωμεν
1360 965 1539 1036 μόνον.
1579 967 1677 1019 ‘Av
1702 966 1865 1039 είπῃς

171 1068 223 1104 τι
260 1053 560 1123 προπετὲς,
609 1054 787 1118 οὐδεὶς
836 1056 865 1108 ό
918 1052 1442 1124 ἐπιλαμϐανόμενος,
1472 1051 1609 1105 ἀλλὰ
1659 1053 1863 1117 πάντες

174 1141 683 1209 συγγινώσκουσιν
734 1143 802 1196 ἂν
851 1141 1086 1214 πράξῃς,
1122 1140 1299 1204 οὐδεὶς
1357 1140 1677 1207 ὑποπτεύει,
1724 1142 1864 1196 ἀλλά

172 1229 347 1300 πολλὴ
373 1231 406 1300 ή
441 1228 735 1301 συγγνώμη
759 1249 773 1263 ο
809 1231 1008 1291 πάντες
1030 1230 1078 1282 οἱ
1118 1230 1275 1301 χεῖρα
1302 1227 1588 1301 ὀρέγοντες
1610 1230 1863 1287 πίπτοντι

172 1316 488 1387 πρόχειροι·
525 1318 727 1380 πάντες
754 1319 803 1370 οί
832 1316 1147 1387 βουλόμενοι
1186 1317 1375 1387 στῆναι
1416 1316 1731 1388 πρόθυμοι.’

240 1402 439 1473 Τεῖχος
480 1403 648 1467 ὅντως
674 1404 915 1475 ἀρῤαγὲς
951 1404 983 1474 ή
1017 1402 1190 1474 φιλία,
1236 1402 1477 1475 καὶηούδέ
1505 1403 1583 1474 τῷ
1625 1404 1861 1476 διαϐόλῳ

171 1486 476 1558 ἁλώσιμον,
515 1490 646 1561 μήτι
674 1506 737 1559 γε
762 1488 1091 1560 ἀνθρώποις.
1132 1490 1248 1544 Ούκ
1266 1488 1345 1543 ἐνι
1378 1489 1609 1559 κινδύνῳ
1634 1508 1862 1563 περιπε-

172 1578 287 1630 σεῖν
334 1577 430 1630 τὸν
476 1578 666 1647 φίλους
719 1579 1059 1650 κεκτημένον
1103 1577 1364 1641 πολλούς·
1415 1578 1517 1633 οὐκ
1564 1578 1643 1633 ένι
1690 1579 1861 1650 ὀργῆς

171 1662 436 1718 ὑπόθεσιν
462 1668 630 1735 σχεῖν,
665 1665 801 1719 ἀλλὰ
835 1665 1135 1737 θυμηδίας·
1175 1667 1235 1719 ἐν
1268 1665 1467 1734 γέλωτι
1498 1665 1585 1719 ἀεί
1618 1667 1736 1719 ἐστι
1766 1668 1855 1721 κατ

167 1754 389 1822 τρυφῇ·
450 1752 549 1805 οὐκ
604 1751 682 1806 ἔνι
741 1751 1044 1823 βασκανίας
1094 1751 1351 1805 ὑπόθεσιν
1396 1754 1578 1823 σχεῖν·
1631 1754 1732 1808 οὐκ
1778 1753 1858 1807 ἐνι

171 1838 547 1909 μνησικακίας
575 1840 851 1911 ἀφορμήν.
879 1840 1020 1912 Ὅρα
1046 1839 1137 1894 τὸν
1160 1840 1400 1895 τοιοῦτον
1430 1841 1526 1895 καὶ
1551 1841 1621 1895 τά
1649 1854 1675 1882 ι
1698 1859 1857 1895 πνευ-

176 1925 388 1997 ματικά
410 1927 503 1981 καὶ
530 1928 603 1981 τά
624 1928 867 1999 σαρκικὰ
891 1928 1266 2000 κατορθοῦντα
1284 1929 1401 1999 μετ’
1421 1927 1689 1993 εὐκολίας.
1710 1930 1774 1982 Τί
1794 1929 1857 2003 δὴ

166 2010 259 2068 οὖν
288 2015 486 2069 τούτου
524 2015 637 2069 τσον
671 2016 870 2086 γένοιτ’
897 2016 996 2082 ἀνς
1035 2016 1249 2089 Ὥσπερ
1280 2016 1437 2081 πόλις
1474 2017 1858 2089 τετειχισμένη

165 2103 440 2158 πάντοθεν
469 2097 624 2168 οὗτός
653 2108 822 2169 ἐστιν,
841 2107 1046 2170 ἐκεῖνος
1063 2106 1121 2160 δέ
1144 2106 1335 2178 ῶσπερ
1362 2105 1517 2171 πόλις
1531 2106 1854 2177 ἀτείχιστος.

164 2193 437 2264 Μεγάλης
465 2193 656 2263 σοφίας
688 2193 748 2247 τὸ
797 2192 1057 2248 δύνασθαι
1110 2193 1293 2263 φιλίας
1324 2189 1464 2248 εῖναι
1501 2193 1854 2265 δημιουργόν.

169 2280 366 2333 Ἀνελε
394 2279 494 2351 τήν
525 2281 727 2350 φιλίαν,
752 2282 847 2335 καλ⁵
874 2282 1054 2336 πάντα
1078 2281 1312 2349 ἀνεῖλες,
1364 2284 1544 2337 πάντα
1578 2283 1853 2355 συνέχεες.

161 2366 227 2419 Εἰ
250 2366 309 2420 δὲ
337 2366 503 2421 εἰκὼν
532 2367 714 2437 φιλίας
734 2368 1003 2437 τοσαύτην
1033 2368 1148 2440 ἔχει
1176 2370 1274 2442 τὴν
1306 2369 1480 2440 ίσχὺν,
1507 2368 1645 2441 αὐτὴ
1668 2371 1702 2441 ή
1724 2370 1859 2443 ἀλή-

162 2454 285 2509 θεια
314 2456 458 2526 πόση
496 2473 583 2519 τις
600 2455 665 2509 ἂν
694 2456 809 2528 atq;
845 2458 1367 2527 Κατασκευάσωμεν
1393 2457 1576 2512 τοίνυν
1601 2459 1730 2530 ὑμῖν
1761 2459 1855 2529 φί-

160 2542 309 2607 λους,
342 2544 669 2617 παρακαλῶ,
700 2546 792 2598 καὶ
817 2545 1021 2616 ταύτην
1054 2544 1287 2609 ἕκαστος
1309 2545 1480 2616 ἐχέτω
1508 2546 1607 2617 τὴν
1636 2548 1850 2619 τέχνην.

172 2632 317 2685 ’Δλλ⁹
346 2632 478 2698 ἰδοὺ,
522 2634 710 2702 φησὶν,
740 2633 851 2702 ἐγὼ
874 2632 1181 2700 σπουδάζω,
1212 2634 1421 2698 ἐκεῖνος
1440 2634 1497 2688 δέ
1526 2634 1588 2687 ού
1622 2636 1857 2689 σπουδά-

161 2718 266 2781 ζει.
299 2720 514 2774 Πλείων
537 2721 565 2773 ό
597 2719 789 2787 μισθὸς
812 2720 985 2785 οὕτως
1011 2721 1165 2775 ἔσται
1205 2739 1307 2777 σοι.
1342 2722 1475 2787 Ναὶ,
1505 2724 1691 2793 φησὶν,
1717 2724 1853 2778 ἀλλά

158 2808 219 2862 τὺ
240 2810 480 2878 πρᾶγμα
517 2808 938 2880 δυσκολώτερον.
964 2808 1112 2876 Πῶς,
1143 2809 1263 2863 είπέ
1296 2827 1421 2879 μοι;
1463 2811 1595 2864 ’ἰδοὺ
1627 2810 1853 2883 διαμαρ-

158 2893 401 2967 τύρομαι
458 2896 553 2949 καὶ
593 2895 757 2965 λέγω,
810 2898 892 2951 ὅτι
947 2897 1079 2951 δέκα
1142 2898 1302 2969 μόνον
1347 2897 1443 2952 ἐὰν
1492 2899 1850 2971 συμφράξητε

156 2984 412 3052 ἐαυτοῦς,
449 2984 544 3038 καὶ
584 2983 745 3057 ἔργον
768 2984 931 3040 τοῦτο
964 2985 1096 3057 θῆτε
1122 2985 1377 3058 καθάπερ
1400 2987 1448 3039 οί
1473 2986 1764 3042 ἀπόστολοι
1791 2990 1851 3044 τὸ

219 3249 241 3274 ⁸
262 3252 400 3317 Ὅρα
415 3254 562 3303 αὐτὸν
580 3255 662 3303 καὶ
682 3254 761 3315 τά,
786 3254 856 3305 εκ
872 3254 1073 3318 quidam
1096 3256 1199 3308 ιιιι.

1287 410 1355 466 IN
1397 411 1580 470 ACTA
1613 410 2155 473 APOSTOLORUM.
2196 417 2430 476 HOMIL.
2473 419 2614 475 XLI.

3548 423 3657 479 288

1972 535 2283 609 κηρύττειν,
2327 536 2581 610 καθάπερ
2607 537 2635 578 ι’
2683 536 2732 591 οί
2768 537 3049 611 προφῆται
3096 535 3161 591 τὸ
3190 536 3480 600 διδάσκειν,
3512 539 3655 592 οὔτω

1969 622 2063 677 καὶ
2090 625 2251 695 ἡμεῖς
2274 626 2335 679 τὸ
2356 626 2545 696 φίλους
2566 628 2763 692 ποιεῖν,
2807 625 2999 697 μισθὸς
3027 626 3177 680 ἐσται
3217 627 3414 696 μέγας.
3441 627 3659 679 Βασιλι-

1969 712 2072 777 κάς
2112 714 2327 778 εἰκόνας
2365 715 2497 785 ήμῖν
2524 714 2707 779 αὐτοῖς
2734 713 3274 785 κατασκευάζωμεν’
3312 713 3471 769 τοῦτο
3512 714 3654 783 γνώ-

1972 817 2142 873 ρισμα
2189 802 2471 874 μαθητῶν.
2508 803 2620 857 Καὶ
2656 803 2775 867 πῶς
2808 802 2870 856 οὐ
2913 800 3098 875 μεῖζον
3128 801 3495 872 ἐργαζόμεθα,
3530 802 3563 872 ἢ
3610 804 3658 855 εί

1966 887 2198 959 δύναμιν
2229 890 2415 955 αὐτοῖς
2444 889 2757 963 ἐνετίθεμεν
2782 892 3011 966 νεκροὺς
3038 892 3287 961 ἀνιστᾷν;
3322 890 3394 943 Τὸ
3414 888 3657 961 διάδημα

1969 976 2065 1028 καὶ
2113 978 2145 1047 ή
2178 977 2441 1049 ἁλουργὶς
2483 979 2726 1033 δείκνυσι
2759 978 2849 1033 τὸν
2901 978 3148 1051 βασιλέα,
3180 978 3276 1033 καὶ
3314 978 3520 1033 τούτων
3557 978 3660 1031 οὐκ

1966 1063 2156 1126 όντων,
2202 1065 2308 1119 κᾶν
2336 1068 2516 1138 χρυσᾶ
2543 1066 2641 1138 ἔχῃ
2674 1068 2887 1138 ἱμάτια,
2924 1066 3080 1121 οὔπω
3112 1069 3140 1121 ό
3184 1066 3439 1138 βασιλεὺς
3476 1065 3654 1137 δῆλος.

1968 1152 2125 1207 Οῦτω
2148 1153 2211 1226 δὴ
2241 1156 2335 1208 καὶ
2357 1154 2473 1219 νῦν,
2500 1156 2560 1209 τὺ
2586 1154 2877 1227 γνώρισμα
2909 1157 2973 1210 σὺ
3000 1155 3258 1227 ἐργάζου,
3279 1156 3374 1208 καὶ
3409 1155 3659 1225 ποιήσεις

1969 1241 2180 1313 σεαυτῷ
2209 1242 2398 1311 φίλους
2420 1243 2513 1297 καὶ
2542 1244 2745 1308 ἀλλοις.
2771 1244 2959 1307 Οὐδείς
2984 1245 3132 1296 ἐστιν
3160 1244 3311 1305 ὅστις
3334 1242 3659 1313 φιλούμενος

1966 1329 2186 1401 θελήσει
2214 1333 2412 1402 μισεῖν.
2448 1333 2728 1404 Μάθωμεν
2750 1332 2818 1387 τὰ
2844 1331 3134 1404 χρώματα,
3159 1333 3227 1385 δι’
3256 1325 3333 1386 ὦν
3361 1332 3656 1403 κεράννυν⁴

1963 1436 2074 1485 ται,
2100 1416 2260 1475 δι’ὦν
2278 1420 2415 1493 αῦτη
2442 1422 2803 1494 συντίθεταιή
2829 1422 2995 1477 εἰκών
3015 1438 3028 1452 ·
3058 1422 3463 1495 εὐπροσήγοροι
3481 1416 3655 1491 ὦμεν·

1968 1506 2044 1579 μή
2078 1510 2464 1581 περιμένωμεν
2489 1511 2614 1575 τοὺς
2638 1511 2885 1582 πλησίον.
2920 1511 3009 1581 Μὴ
3041 1512 3225 1583 εἴπῃς·
3261 1510 3390 1563 Ἐὰν
3413 1510 3507 1563 ίδω
3534 1508 3657 1562 τινὰ

1964 1596 2351 1668 περιμένοντα,
2386 1598 2589 1671 χείρων
2633 1599 2801 1653 αὑτοῦ
2844 1599 3101 1671 γίνομαι·
3132 1598 3271 1652 ἀλλά
3300 1597 3502 1669 μᾶλλον
3528 1598 3659 1650 ὅταν

1967 1683 2104 1758 ῖδῃς,
2150 1686 2392 1757 πρόλαϐε
2429 1686 2525 1741 καὶ
2575 1687 2768 1741 σϐέσον
2807 1688 2972 1759 αὑτοῦ
3006 1686 3068 1741 τὸ
3110 1687 3303 1751 πάθος.
3335 1688 3499 1757 Ὁρᾷς
3554 1686 3657 1739 κάν

1971 1790 2193 1843 μνοντα,
2229 1775 2321 1828 καὶ⁹
2375 1775 2665 1839 ἐπιτείνεις
2694 1776 2793 1847 τὴν
2820 1776 3017 1842 νόσον;
3053 1775 3225 1829 Τοῦτο
3280 1775 3515 1846 μάλιστα
3550 1774 3659 1844 πρὸ

1968 1862 2192 1915 πάντων
2225 1863 2697 1936 κατορθώσωμεν,
2731 1862 2887 1936 [508]
2919 1863 2980 1917 τὸ
3013 1864 3376 1935 προηγεῖσθαι
3413 1864 3479 1932 τῇ
3521 1862 3654 1931 τιμῇ

1966 1950 2232 2020 ἀλλήλους
2253 1968 2265 1981 ·
2294 1951 2620 2023 τὺήγεῖσθαι
2646 1952 2910 2023 ἀλλήλους
2931 1952 3298 2025 ὑπερέχοντας
3326 1950 3555 2011 ἑαυτῶν,
3580 1947 3655 2020 μὴ

1962 2038 2189 2109 νομίσῃς
2224 2037 2599 2092 ἐλαττοῦσθαι.
2629 2038 2726 2093 Ἂν
2760 2039 2867 2109 ἀρα
2898 2039 3193 2110 προηγήσῃ
3224 2040 3293 2107 τῇ
3321 2038 3479 2106 τιμῇ,
3518 2052 3653 2089 σαυ-

1960 2124 2050 2178 τὸν
2089 2126 2355 2197 ἐτίμησας
2381 2127 2563 2192 πλέον,
2598 2128 2678 2191 είς
2714 2128 2775 2181 τὸ
2804 2126 2963 2180 πλέον
2998 2126 3298 2198 τιμηθῆναι
3327 2122 3652 2192 ἐπισπώμε-

1958 2229 2069 2276 νος.
2120 2213 2404 2284 Πανταχοῦ
2448 2214 2557 2269 τῶν
2610 2216 2897 2288 πρωτείων
2939 2214 3149 2285 ἐτέροις
3206 2210 3650 2284 παραχωρῶμεν.

1944 2301 2145 2373 -Μηδέν
2172 2301 2283 2355 τῶν
2313 2305 2394 2367 είς
2440 2303 2590 2374 ἡμᾶς
2621 2304 3006 2374 είργασμένων
3054 2300 3244 2355 δεινῶν
3295 2297 3652 2369 μνημονεύω-

1961 2406 2084 2459 μεν,
2138 2390 2255 2443 ἀλλ’
2299 2390 2354 2443 εῐ
2393 2409 2448 2444 τι
2490 2391 2716 2459 ἀγαθόν.
2773 2390 2940 2445 Οὐδὲν
2977 2389 3119 2443 οὕτω
3157 2391 3304 2441 ποιεῖ
3355 2387 3528 2455 φίλον,
3578 2386 3656 2449 ὼς

1958 2477 2177 2547 γλῶσσα
2210 2478 2553 2550 εύχάριστος,
2599 2479 2775 2551 στόμα
2826 2477 3096 2550 εὔφημον,
3124 2478 3274 2549 ψυχὴ
3308 2478 3530 2545 ἄτυφος,
3570 2492 3657 2528 κε-

1956 2565 2197 2633 νοδοξίας
2219 2566 2513 2638 ὑπεροψία,
2536 2566 2709 2639 τιμῆς
2737 2568 3169 2637 καταφρόνησις.
3198 2568 3297 2619 “Av
3326 2563 3503 2619 ταῦτα
3530 2581 3657 2617 κατ-

1955 2652 2309 2725 ορθώσωμεν,
2353 2654 2699 2727 δυνησόμεθα
2738 2653 3000 2724 γενέσθαι
3031 2654 3324 2725 ἀχείρωτοι
3364 2656 3485 2715 ταῖς
3546 2670 3653 2704 πα-

1955 2741 2071 2808 γίσι
2094 2741 2190 2794 τοῦ
2234 2742 2509 2807 διαϐόλου,
2547 2743 2642 2796 καὶ
2675 2741 2815 2813 μετὰ
2848 2740 3141 2813 ἀκριϐείας
3206 2741 3307 2811 τὴν
3338 2740 3540 2810 ἀρετὴν
3572 2738 3655 2789 δι-

1954 2823 2252 2888 ανύσαντες
2305 2824 2415 2878 τῶν
2468 2824 2899 2895 ἐπηγγελμένων
2949 2823 3169 2893 ἀγαθῶν
3194 2825 3309 2886 τοῖς
3365 2820 3655 2889 ἀγαπῶσιν

1956 2911 2118 2966 αὐτὸν
2165 2913 2467 2983 ἐπιτυχεῖν,
2505 2913 2691 2986 χάριτι
2726 2913 2822 2967 καὶ
2880 2911 3265 2983 φιλανθρωπίᾳ
3305 2908 3399 2963 τοῦ
3440 2908 3652 2979 Κυρίου

1952 3000 2111 3071 ἡμῶν
2151 3001 2325 3072 Ἰησοῦ
2361 3002 2626 3073 Χριστοῦ,
2660 3000 2780 3073 μεθ’
2814 2994 2875 3054 οῦ
2908 3000 2987 3071 τῷ
3027 3000 3225 3071 Πατρὶ,
3259 2999 3379 3070 ἅμα
3403 2997 3482 3068 τῷ
3509 2996 3653 3066 ἁγίῳ

1953 3087 2255 3159 Πνεύματι,
2287 3088 2435 3155 δόξα,
2462 3085 2685 3161 κράτος,
2715 3088 2875 3160 τιμὴ,
2912 3086 3009 3142 νῦν
3036 3086 3133 3141 καὶ
3155 3085 3266 3152 ἀεὶ,
3299 3085 3395 3139 καὶ
3421 3085 3502 3147 εἰς
3521 3081 3649 3145 τοὺς

1950 3174 2155 3239 αἰῶνας
2196 3175 2306 3229 τῶν
2339 3176 2573 3230 αἰώνων.
2617 3177 2816 3248 Ἀμήν.

2013 3263 2042 3303 b
2073 3262 2208 3314 Unus
2231 3264 2497 3314 ἀπόστολοι
2530 3264 2844 3329 κηρύττοντες
2864 3265 3099 3329 καθάπερ-

265 3401 3529 3431 ——_—'—-—_—————————_—————I———————-

1714 3531 1961 3585 OMIAIA
1998 3531 2138 3591 MA'.

144 3624 464 3681 εισελθὼν
492 3623 561 3678 δὲ
590 3624 678 3690 είς
702 3623 818 3692 τὴν
842 3623 1229 3694 συναγωγὴν,
1255 3622 1721 3693 ἐπαρρησιάᾷτο
1743 3625 1843 3677 ἐπὶ

215 3696 429 3777 μῇνας
458 3695 636 3777 τρεῖς,
696 3695 1120 3777 διαλεγόμενος
1166 3694 1260 3749 καὶ
1321 3696 1543 3749 πείθων
1578 3695 1653 3749 τὰ
1710 3694 1843 3763 περὶ

221 3766 341 3836 τῆς
363 3766 695 3831 βασιλείας
719 3766 826 3819 τοῦ
854 3766 1023 3820 Θεοῦ.

220 3865 295 3912 α’.
332 3859 476 3927 ὐρα
500 3855 771 3925 πανταχοῦ
796 3853 988 3909 ἐαυτὸν
1011 3851 1343 3908 είσωθοῦντα
1372 3857 1452 3919 είς
1471 3852 1570 3918 τάς
1601 3870 1846 3922 συναγω⁶

149 3945 279 4015 γάς,
317 3945 417 3999 καὶ
448 3943 624 4006 οὕτως
675 3942 928 4008 ἐξιόντα·
988 3942 1271 4013 πανταχοῦ
1324 3941 1436 4013 γάρ
1494 3944 1624 4013 παρ’
1662 3942 1844 3996 αὐτῶν

149 4034 410 4088 ἐϐούλετο
444 4031 635 4085 λαϐεῖν
675 4030 952 4101 ἀφορμὴν,
983 4029 1122 4099 ὅπερ
1172 4029 1331 4101 έφην.
1370 4028 1452 4084 Τά
1477 4046 1537 4083 τε
1580 4030 1691 4101 γὰρ
1714 4030 1841 4102 έθνη

151 4120 472 4193 παρεζήλου
522 4117 707 4172 λοιπὸν
733 4156 750 4182 ,
813 4118 909 4171 καὶ
978 4115 1279 4187 προθύμως
1354 4116 1679 4188 ἀπεδέχοντο
1741 4119 1844 4172 αὑ-

147 4213 241 4266 τὸν
272 4225 326 4278 ι,
373 4212 429 4265 οῖ
464 4227 525 4263 τε
568 4208 837 4272 Ἰουδαῖοι,
878 4207 988 4262 τῶν
1039 4208 1211 4263 ἐθνῶν
1250 4209 1580 4280 δεχομένων,
1627 4210 1845 4282 μετενόο

147 4317 268 4354 ουν.
312 4296 597 4352 Ἐϐούλετο
651 4295 959 4366 ἀποστῆσαι
1001 4295 1129 4359 τοὺς
1188 4295 1437 4366 μαθητὰς
1500 4297 1710 4351 ἐκεῖθεν
1752 4298 1845 4351 καὶ

149 4390 282 4461 παρ’
314 4385 497 4441 αὐτῶν
524 4383 710 4439 λαϐεῖν
763 4383 861 4454 τὴν
907 4383 1104 4455 ἀρχὴν,
1134 4382 1276 4437 ὥστε
1340 4384 1415 4455 μὴ
1472 4386 1841 4455 συνάγεσθαι·

147 4479 244 4531 καὶ
275 4477 379 4546 οὐχ
399 4474 586 4538 ἁπλῶς
616 4471 773 4527 τοῦτο
804 4473 999 4527 ἐποίει.
1048 4472 1147 4525 Διά
1175 4471 1334 4526 τοῦτο
1360 4472 1635 4543 διελέγετο
1661 4476 1846 4540 αὐτοῖς

150 4564 418 4634 συνεχῶς,
447 4564 531 4617 ὅτι
560 4560 763 4615 ἔπειθε.
798 4560 890 4631 Μὴ
914 4554 1007 4614 οῦν
1029 4560 1216 4631 ἐπειδὴ
1240 4561 1556 4633 παρρησίαν
1582 4563 1843 4633 ήκουσας,

145 4650 473 4722 τραχύτητα
506 4648 736 4719 νομίσῃς
758 4665 773 4680 ·
831 4648 961 4718 περὶ
994 4645 1251 4719 χρηστῶν
1304 4648 1645 4719 πραγμάτων
1673 4650 1844 4705 διελέ-

144 4757 301 4810 γετο,
345 4738 468 4809 περὶ
499 4735 807 4807 βασιλείας·
856 4736 939 4801 τίς
968 4736 1068 4789 οὐκ
1099 4734 1165 4789 ἂν
1195 4736 1464 4807 ήκουσενς
1532 4737 1628 4801 Ὡς
1659 4736 1727 4791 δέ
1759 4754 1843 4791 τι-

144 4844 253 4892 rec
322 4823 776 4892 ἐσκληρύνοντο
840 4821 938 4875 καὶ
1002 4821 1316 4888 ἠπείθουν,
1363 4822 1846 4892 κακολογοῦντες

145 4914 263 4982 τὴν
288 4910 439 4967 ὁδὸν
455 4909 711 4965 ἐνώπιον
731 4908 840 4964 τοῦ
870 4909 1164 4977 πλήθους,
1196 4910 1468 4976 ἀποστὰς
1491 4910 1591 4963 ἀπ’
1618 4909 1837 4978 αὐτῶν,

142 5001 418 5072 ἀφώρισε
473 4997 617 5065 τοὺς
658 4997 949 5069 μαθητὰς,
993 4997 1122 5052 καθ’
1160 4998 1390 5065 ἡμέραν
1417 4997 1837 5069 διαλεγόμενος

141 5091 214 5143 ἐν
238 5086 319 5157 τῇ
357 5084 560 5156 σχολῇ
598 5086 901 5154 Τυράννου
932 5086 1112 5151 τινός.
1154 5086 1333 5139 Τοῦτο
1378 5084 1445 5139 δὲ
1472 5086 1710 5155 ἐγένετο
1739 5087 1839 5142 ἐπὶ

140 5183 248 5247 ἐτη
273 5177 410 5243 δύο,
425 5174 582 5230 ὥστε
607 5173 840 5239 πάντας
865 5173 1007 5240 τοὺς
1028 5174 1460 5239 κατοικοῦντας
1486 5174 1602 5242 τὴν
1629 5176 1840 5230 Ἀσίαν

142 5265 410 5320 ἀκοῦσαι
439 5262 546 5317 τὸν
567 5264 754 5332 λόγον
780 5260 886 5316 τοῦ
917 5261 1139 5330 Κυρίου
1168 5262 1392 5330 Ἰησοῦ,
1412 5262 1741 5331 Ἰουδαίους
1776 5282 1839 5320 τε

138 5354 242 5407 καὶ
296 5353 629 5420 Ἕλληνας.
691 5348 840 5403 Ὀδὸν
900 5349 959 5403 τὸ
992 5352 1255 5421 κήρυγμα
1304 5351 1531 5415 εἰκότως
1588 5353 1835 5408 ἐκάλουν.

144 5444 361 5503 Ὄντως
385 5440 494 5509 γὰρ
532 5437 674 5509 αῦτη
707 5438 741 5509 ἡ
775 5438 893 5501 ὁδὸς
941 5432 1009 5510 ῆν
1045 5441 1080 5509 ή
1130 5439 1421 5509 ἀπάγουσα
1448 5442 1527 5505 είς
1552 5440 1650 5513 τὴν
1685 5441 1839 5512 βασι-

138 5531 293 5584 λείαν
328 5526 436 5582 τῶν
485 5526 753 5598 οὐρανῶν.
787 5528 893 5581 Ἐν
936 5525 1010 5595 τῇ
1058 5527 1285 5596 σχολῇ,
1319 5530 1474 5599 φησὶ,
1532 5529 1837 5599 Τυράννου

139 5618 311 5685 τινὸς
358 5616 677 5685 διελέγετο.
734 5614 843 5669 Καὶ
885 5615 1060 5669 τοῦτο
1114 5615 1352 5687 ἐγένετο
1401 5618 1499 5671 ἐπὶ
1540 5618 1646 5688 ἐτη
1703 5619 1837 5687 δύο,

136 5706 299 5761 ὥστε
331 5704 565 5770 πάντας
593 5703 856 5759 ἀκοῦσαι
899 5704 1007 5757 τὸν
1046 5705 1235 5774 λόγον
1270 5706 1602 5774 Ἰουδαίους
1638 5726 1702 5763 τε
1738 5710 1837 5765 καί

140 5795 479 5861 Ἕλληνας.
516 5791 680 5861 Ὁρᾷς
710 5792 876 5845 πόσον
909 5792 1105 5861 ήνυσεν
1133 5785 1528 5863 η’ὲπιστασίαι
1560 5797 1671 5849 Καὶ
1703 5798 1831 5851 Ἰου-

137 5884 275 5938 δαῖοι
306 5882 401 5934 καὶ
422 5881 686 5951 ’Έλληνες
716 5882 928 5953 ήκουον.
956 5881 1245 5949 Δυνάμεις
1277 5900 1338 5936 τε
1368 5885 1440 5939 οὺ
1471 5886 1573 5951 τὰς
1615 5888 1828 5956 τυχού-

199 6049 212 6067 ⁹
243 6047 341 6099 Αιίί
370 6048 535 6098 λοιτὸυ
560 6052 635 6097 καὶ
668 6050 837 6116 ῥᾳδίως
868 6052 1003 6100 αὑτὸν
1037 6053 1332 6108 ἐπιδέξαι-κο.

1946 3641 2066 3694 σας
2090 3626 2279 3681 ἐποίει
2311 3628 2345 3681 ό
2375 3625 2521 3693 Θεὸς
2547 3624 2646 3679 διὰ
2674 3624 2795 3679 τῶν
2821 3625 3040 3695 χειρῶν
3067 3628 3339 3695 Παύλου,
3364 3628 3523 3685 ὥστε
3546 3632 3648 3687 καί

1944 3714 2045 3769 ἐπὶ
2074 3716 2217 3784 τοὺς
2244 3715 2661 3782 ἀσθενοῦντας
2687 3715 3078 3785 ἐπιφέρεσθαι
3122 3716 3245 3772 ἀπὸ
3277 3718 3384 3774 τοῦ
3417 3720 3647 3789 χρωτὸς

1946 3803 2133 3856 αὐτοῦ
2185 3803 2479 3873 σουδάρια
2532 3804 2570 3873 ἢ
2599 3804 2953 3873 σιμικίνθια,
2990 3803 3097 3857 παὶ
3128 3805 3646 3863 ἀπαλλάσσεσθαι

1946 3890 2048 3943 ἀπ’
2068 3890 2270 3945 αὐτῶν
2307 3890 2415 3958 τὰς
2458 3893 2708 3958 νόσους,
2741 3891 2814 3945 τά
2846 3909 2910 3946 τε
2949 3894 3262 3963 πνεύματα
3301 3894 3373 3949 τὰ
3407 3897 3643 3967 πονηρὰ

1945 3976 2295 4047 ἐξέρχεσθαι
2320 3980 2422 4034 ἀπ’
2451 3980 2671 4035 αὐτῶν.
2699 3980 2833 4052 Οὐχὶ
2863 3981 3156 4052 φοροῦντες
3185 3983 3423 4055 ἥπτοντο
3455 3986 3638 4057 μόνον,

1944 4065 2083 4121 ἀλλά
2113 4067 2206 4121 καὶ
2233 4066 2600 4139 λαμϐάνοντες
2650 4070 2991 4124 ἐπετίθεσαν.
3024 4071 3122 4125 Διά
3176 4071 3334 4125 τοῦτο
3362 4074 3465 4127 οὐκ
3493 4075 3581 4129 εῖα
3612 4079 3643 4130 ό

1946 4157 2180 4228 Χριστὸς
2220 4157 2478 4213 ἀπελθεῖν
2516 4159 2680 4214 αὐτὸν
2713 4160 2794 4222 είς
2826 4159 2928 4231 τὴν
2970 4160 3177 4227 Ἀσίαν,
3212 4161 3400 4233 τηρῶν
3450 4164 3640 4217 τοῦτον

1944 4245 2039 4298 τὸν
2070 4246 2284 4318 καιρὸν,
2310 4246 2386 4310 ὡς
2424 4246 2599 4316 ἐγωγε
2649 4243 2823 4319 οἶμαι.
2873 4248 3311 4318 Ἐπεχείρησαν
3357 4252 3425 4305 δέ
3478 4269 3641 4320 τινες

1945 4334 2064 4389 ἀπὸ
2098 4332 2218 4389 τῶν
2237 4335 2713 4405 περιερχομένων
2750 4336 3058 4391 Ἰουδαίων
3086 4336 3477 4406 ἐξορκιστῶν,
3506 4340 3640 4394 ὀνο-

1939 4422 2147 4493 μάζειν
2176 4424 2274 4478 ἐπὶ
2295 4424 2439 4491 τοὺς
2466 4424 2723 4494 ἔχοντας
2753 4424 2826 4478 τὰ
2855 4425 3170 4494 πνεύματα
3207 4424 3281 4479 τὰ
3310 4430 3545 4495 πονηρὰ
3572 4430 3639 4484 τὸ

1947 4512 2135 4581 ὄνομα
2160 4512 2268 4567 τοῦ
2293 4511 2443 4585 [509]
2474 4513 2693 4581 Κυρίου
2710 4511 2936 4579 Ἰησοῦ,
2963 4512 3249 4584 λέγοντες
3267 4533 3280 4545 ·
3303 4514 3641 4586 Ὀρκίζομεν

1945 4598 2103 4669 ὑμᾶς
2134 4600 2241 4654 τόν
2266 4599 2532 4668 Ἰησοῦν,
2557 4600 2631 4654 ὃν
2655 4600 2901 4667 Παῦλος
2920 4601 3240 4668 κηρύσσει.
3273 4602 3429 4657 Οῦτω
3462 4605 3639 4660 πάντα

1946 4687 2164 4742 ἐποίουν
2190 4688 2577 4760 πραγματείας
2604 4688 2813 4742 ἕνεκεν.
2852 4689 2995 4759 Ὅρα
3016 4706 3028 4719 ·
3076 4688 3367 4744 πιστεῦσαι
3400 4690 3501 4762 μὲν
3537 4694 3639 4748 ούκ

1947 4775 2163 4847 ήθελον,
2194 4776 2281 4830 διὰ
2319 4776 2378 4831 δὲ
2420 4776 2512 4831 τοῦ
2547 4776 2812 4849 ὀνόματος
2838 4776 3033 4847 ἦθελον
3060 4778 3345 4833 ἐκϐάλλειν
3367 4781 3494 4845 τοὺς
3520 4781 3639 4838 δαί-

1952 4882 2139 4935 μονας.
2170 4864 2377 4920 Βαϐαίί
2408 4866 2469 4920 τὸ
2516 4866 2688 4936 ὄνομα
2736 4866 2829 4919 τοῦ
2858 4866 3073 4919 Παύλου
3106 4868 3269 4921 πόσον
3300 4864 3369 4939 ἦν
3397 4871 3408 4922 !
3444 4865 3639 4925 Ἦσαν

1948 4953 2016 5007 δέ
2069 4970 2230 5020 τινες
2267 4953 2385 5007 υἱοὶ
2419 4952 2616 5009 Σκευᾶ
2662 4953 2958 5009 Ἰουδαίου
3013 4955 3331 5024 ἀρχιερέως
3379 4957 3532 5013 ἑπτὰ
3581 4962 3637 5015 οι

1948 5041 2121 5097 τοῦτο
2160 5042 2494 5109 ποιοῦντες.
2538 5042 2887 5111 Ἀποκριθὲν
2934 5042 3002 5095 δὲ
3041 5044 3103 5096 τὸ
3144 5045 3381 5115 πνεῦμα
3420 5047 3485 5100 τὸ
3530 5064 3637 5101 πο·

1947 5131 2152 5201 νηρόν,
2177 5127 2347 5186 εἶπεν
2374 5131 2576 5199 αὐτοῖς
2597 5149 2612 5164 ·
2660 5131 2771 5185 Τὸν
2802 5131 3037 5199 Ἰησοῦν
3058 5131 3350 5201 γινώσκω,
3392 5135 3491 5189 καὶ
3528 5135 3637 5191 τὸν

1946 5221 2193 5275 Παῦλον
2227 5220 2570 5290 ἐπίσταμαι,
2598 5220 2768 5289 ὑμεῖς
2796 5219 2863 5273 δὲ
2910 5220 3074 5285 τίνες
3101 5221 3277 5287 ἐστέ;
3312 5223 3419 5277 Καὶ
3448 5226 3635 5293 ἐφαλ-

1940 5309 2198 5378 λόμενος
2222 5308 2314 5361 ἐπ’
2338 5308 2563 5373 αὐτοὺς
2594 5310 2628 5361 ό
2658 5308 2991 5377 ἅνθρωπος,
3022 5309 3092 5362 ἐν
3116 5304 3163 5376 ᾧ
3190 5307 3269 5382 ἦν
3297 5312 3364 5364 τὸ
3396 5312 3635 5383 πνεῦμα

1940 5406 2007 5459 τὸ
2032 5407 2325 5474 πονηρὸν,
2354 5407 2451 5461 καὶ
2477 5407 2963 5477 κατακυριεῦσαν
2995 5407 3216 5473 αὐτῶν,
3253 5410 3476 5479 ίσχυσε
3503 5412 3634 5467 κατ’

1941 5494 2161 5559 αὐτῶν,
2193 5494 2350 5549 ὥστε
2375 5497 2646 5565 γυμνοὺς
2676 5496 2775 5549 καὶ
2806 5498 3435 5567 τετραυματισμένους
3450 5500 3629 5569 ἐκφυ-

1944 5588 2069 5657 γεῖν
2088 5588 2157 5643 ἐκ
2181 5588 2287 5643 τοῦ
2313 5589 2483 5643 οἴκου
2504 5587 2762 5642 ἐκείνου.
2802 5587 2984 5643 Τοῦτο
3012 5587 3080 5641 δὲ
3100 5589 3339 5657 ἐγένετο
3358 5590 3631 5658 γνωστὸν

1939 5684 2131 5740 πᾶσιν
2169 5684 2480 5752 Ἰουδαίοις
2522 5702 2585 5739 τε
2639 5684 2737 5740 καί
2772 5685 3038 5753 ’Ἕλλησι
3096 5685 3221 5751 τοῖς
3279 5688 3629 5744 κατοικοῦσι

1931 5782 2049 5851 τὴν
2069 5785 2355 5853 Ἔφεσον.
2384 5782 2592 5836 Οὐκοῦν
2612 5782 2981 5845 λανθανόντως
3012 5782 3248 5848 ἐποίουν,
3278 5780 3397 5836 εἶτα
3422 5785 3626 5857 ἐκπομ-

1930 5872 2157 5926 πεύεται
2191 5874 2439 5943 αὑτῶνή
2485 5873 2761 5926 ἀσθένεια.
2817 5876 2923 5926 Καὶ
2970 5872 3233 5926 ἐπέπεσε
3295 5873 3481 5940 φόϐος
3526 5876 3627 5930 ἐπὶ

1926 5958 2157 6027 πάντας
2213 5962 2457 6025 αὐτοὺς,
2525 5961 2623 6014 καὶ
2687 5961 3089 6030 ἐμεγαλύνετο
3146 5960 3212 6014 τό
3265 5960 3454 6028 ὄνομα
3518 5961 3629 6015 τοῦ

1925 6049 2144 6116 Κυρίιύ
2179 6049 2402 6118 Ἰησοῦ,
2438 6050 2656 6105 :chch
2714 6067 2771 6102 τε
2830 6049 2945 6101 τῶν
2992 6047 3481 6103 πεπιστευκότων
3511 6046 3615 6119 ἦρα
