4094 6336
71 554 259 633 contra
284 587 403 638 eos,
447 571 521 628 ita
548 577 611 628 ut
636 566 763 625 nudi
789 572 844 622 et
863 562 1030 620 saucii
1075 558 1373 631 ell‘ugerent
1416 554 1485 611 de
1510 552 1675 608 domo

73 672 186 726 illa.
218 670 305 725 Π.
340 668 457 724 [loc
484 674 665 721 autem
698 669 884 717 notum
915 657 1116 713 factum
1160 662 1246 711 est
1270 650 1473 708 Judmis
1502 657 1671 717 atque

72 762 386 835 gentilibus,
428 759 521 831 qui
575 741 888 812 habitabant
934 747 1155 820 Ephesi.
1189 764 1209 799 ι
1246 745 1411 835 Igitur
1436 740 1575 835 clam
1599 738 1673 835 fa-

72 828 314 919 ciebant,
343 828 543 909 deinde
587 848 858 919 divulgata
907 850 992 899 est
1032 841 1247 896 illorum
1274 833 1579 892 infirmitas.
1608 828 1677 883 Et

74 948 260 1001 cecidit
291 947 443 1001 timor
467 957 626 1012 super
652 954 828 995 omnes
875 936 1015 1001 illos,
1059 942 1106 989 et
1128 926 1558 1002 magniﬁcabatur
1576 938 1673 978 no-

76 1057 188 1094 men
217 1034 431 1092 Domini
455 1031 605 1089 Iesu.
633 1031 722 1087 18.
768 1027 1022 1098 Multique
1047 1021 1361 1079 credentium
1392 1014 1672 1080 veniebant,

75 1132 378 1200 confitentes
404 1136 451 1181 et
501 1126 866 1179 annuntiantes
914 1127 1060 1173 actus
1114 1131 1253 1172 suos.
1308 1111 1445 1181 Quia
1475 1118 1675 1164 tantam

78 1228 407 1294 potestatem
460 1215 755 1280 habebant,
787 1221 847 1268 ut
890 1225 991 1282 per
1043 1204 1310 1264 dmmonia
1364 1202 1487 1258 talia
1531 1200 1675 1255 face-

76 1290 221 1380 rent,
256 1312 456 1368 merito
476 1309 594 1365 haec
622 1308 776 1362 fiunt.
803 1303 892 1361 i9.
926 1321 946 1356 ι
983 1298 1136 1357 Mulli
1159 1305 1340 1353 autem
1372 1309 1439 1351 ex
1471 1291 1558 1360 iis,
1586 1290 1676 1362 qui

77 1411 295 1465 luet-ant
316 1403 533 1461 curiosa
579 1399 809 1465 sectati,
860 1393 1211 1452 contulerunt
1239 1388 1427 1450 libros,
1451 1391 1507 1441 et
1532 1397 1681 1439 com-

77 1502 369 1556 busserunt
405 1507 589 1553 coram
616 1490 868 1548 omnibus
895 1503 909 1541 :
939 1494 994 1541 et
1021 1479 1351 1554 computatis
1403 1476 1594 1549 pretiis
1616 1473 1681 1529 il-

77 1594 277 1657 lorum,
328 1590 663 1644 invenerunt
690 1580 976 1654 pecuniam
1020 1573 1371 1632 denariorum
1411 1568 1678 1657 quinqua-

75 1684 225 1754 ginta
261 1655 512 1735 millium.
541 1674 632 1729 eo.
662 1672 738 1727 ita
766 1669 979 1726 fortiter
992 1662 1280 1722 crescebat
1304 1659 1531 1754 verbum
1561 1655 1677 1721 Dei,

76 1752 593 1834 etconiirmabatur.
629 1785 649 1820 ι
691 1763 946 1820 Videntes
984 1766 1165 1815 autem
1211 1770 1281 1813 ex
1308 1752 1395 1810 his
1420 1752 1681 1819 deinceps

78 1864 349 1923 nihil‘sibi
376 1861 629 1920 utilitatis
679 1857 817 1925 fore,
862 1859 1185 1911 exusserant
1225 1849 1434 1905 libros:
1466 1842 1681 1917 quando

76 1962 177 2033 ipsi
210 1958 493 2018 daemones
514 1954 615 2010 hoc
636 1951 860 2007 faciunt.
884 1947 1000 2004 Non
1024 1959 1157 2017 ergo
1174 1956 1369 2000 nomen
1396 1937 1677 2033 quidpiam

76 2028 225 2117 iacit,
263 2048 368 2107 nisi
397 2062 521 2104 cum
564 2044 667 2102 lide
696 2043 926 2099 dicatur.
978 2039 1125 2095 Bene
1153 2046 1283 2108 ergo
1302 2032 1517 2090 dicebat
1535 2072 1552 2099 ,
1580 2028 1683 2095 Qui

76 2140 245 2195 credit
272 2140 328 2194 in
348 2153 461 2206 me,
500 2136 697 2208 majora
738 2133 888 2207 faciet
922 2128 943 2204 (
961 2129 1122 2188 Joan.
1154 2128 1240 2184 Ν.
1271 2125 1409 2198 ιλ),
1443 2123 1681 2205 bas‘um-

76 2230 542 2287 brasinsinuans.
574 2225 710 2281 Vide
735 2221 1008 2296 quomodo
1044 2219 1211 2276 armis
1230 2226 1419 2275 contra
1473 2215 1683 2286 seipsos

78 2324 160 2378 usi
192 2330 342 2377 sunt.
401 2318 471 2375 Et
514 2315 824 2389 disputabat,
872 2312 1070 2384 inquit,
1128 2312 1185 2366 in
1228 2309 1405 2367 schola
1453 2306 1683 2380 Tyranni

76 2416 355 2488 cujusdam
380 2429 470 2485 per
498 2422 663 2467 annos
689 2409 843 2465 duos.
871 2406 977 2466 Ubi
1030 2404 1222 2469 ﬁdeles
1242 2409 1400 2461 erant
1422 2444 1438 2470 ,
1490 2401 1683 2458 admo-

80 2510 210 2564 dum
256 2515 415 2564 erant
455 2504 664 2561 fideles.
712 2503 790 2559 ita
820 2501 954 2558 nihil
983 2514 1235 2571 maguum
1274 2496 1537 2568 putabant
1561 2509 1685 2551 esse

76 2603 268 2657 Jesum
294 2642 310 2666 ,
343 2595 781 2671 quandoquidem
825 2602 880 2652 et
916 2592 1143 2649 Paulum
1184 2589 1475 2653 addidere,
1507 2588 1682 2660 ipsum

77 2693 206 2745 hinc
262 2704 517 2761 magnum
570 2687 847 2759 quidpiam
897 2699 1021 2741 esse
1066 2690 1257 2752 putare
1311 2678 1681 2736 ostendentes.

78 2784 175 2837 llic
198 2782 388 2837 mirari
414 2778 581 2846 subit,
610 2776 883 2849 quomodo
920 2775 1136 2833 daemon
1168 2773 1263 2829 ille
1288 2771 1685 2829 exorcistarum

76 2876 257 2931 errori
286 2889 395 2930 non
438 2880 761 2945 cooperatus
815 2880 920 2938 est,
963 2867 1067 2924 sed
1110 2866 1384 2938 redarguit
1424 2859 1600 2931 illum,
1631 2872 1687 2919 et

75 2980 305 3021 scenam
336 2979 526 3021 eorum
558 2963 832 3034 patefecit.
862 2961 992 3016 Mihi
1024 2958 1238 3014 videtur
1260 2956 1417 3013 valde
1459 2970 1687 3013 succen-

76 3059 281 3125 suisse,
310 3073 376 3114 ac
400 3057 447 3113 si
478 3057 596 3126 quis
616 3055 686 3112 de
716 3053 977 3133 extremis
1017 3051 1349 3124 periclitans,
1404 3065 1435 3105 a
1484 3050 1687 3106 misero

82 3151 326 3221 quodam
352 3157 410 3206 et
436 3162 747 3205 aerumnoso
772 3145 1057 3210 refutetur,
1089 3151 1145 3199 et
1170 3146 1405 3198 furorem
1426 3156 1583 3197 suum
1605 3148 1689 3197 to-

76 3254 191 3299 tum
220 3244 282 3299 in
301 3243 456 3299 illum
483 3255 783 3298 exonerare
810 3239 965 3296 velit.
997 3238 1076 3294 Ne
1098 3234 1548 3293 videretur-enim
1578 3249 1681 3290 no-

77 3352 204 3394 men
234 3335 371 3393 Jesu
417 3335 717 3406 despicere,
769 3331 947 3403 primo
996 3328 1174 3400 ipsum
1204 3328 1521 3392 confessus,
1557 3333 1688 3380 tunc

78 3437 413 3500 potestatem
442 3426 651 3497 accepit
703 3424 776 3482 Ut
818 3434 999 3480 autem
1030 3420 1295 3493 probetur
1338 3433 1448 3474 non
1494 3432 1560 3473 ex
1586 3414 1687 3473 de-

79 3524 297 3578 bilitate
330 3519 586 3585 nominis,
617 3516 712 3572 sed
739 3531 806 3573 ex
850 3514 1063 3569 illorum
1110 3509 1299 3567 fraude
1342 3515 1513 3565 totum
1544 3508 1687 3564 acci-

78 3617 251 3682 disse,
282 3629 382 3670 cur
406 3627 513 3667 non
547 3608 728 3667 .Paulo
759 3607 868 3663 tale
902 3604 1180 3675 quidpiam
1206 3600 1481 3672 contigit?
1507 3599 1577 3654 Et
1606 3604 1687 3657 in-

77 3708 298 3769 siliens,
346 3702 539 3773 inquit,
587 3701 738 3755 homo
768 3699 823 3752 in
851 3697 989 3751 illos.
1034 3692 1198 3750 Forte
1225 3691 1443 3748 discidit
1474 3690 1687 3747 illorum

78 3807 287 3863 vestes,
341 3806 398 3852 et
432 3795 605 3864 capita
637 3788 917 3848 dilaniavit
945 3805 959 3841 :
992 3786 1097 3842 hoc
1136 3784 1282 3841 enim
1325 3783 1583 3839 indicavit
1606 3783 1690 3839 di-

78 3904 237 3957 cens,
272 3885 553 3950 lnsitiens;
597 3883 650 3940 id
692 3890 797 3946 est,
845 3870 975 3936 cum
1016 3878 1219 3948 impetu
1268 3876 1505 3941 irruens,
1533 3875 1602 3930 ita
1632 3886 1691 3933 ut

81 3976 202 4030 hate
230 3971 415 4027 facere
440 3977 641 4038 posset.
668 3965 807 4036 Quid
851 3964 954 4021 sibi
1007 3963 1142 4029 vult,
1185 3960 1465 4017 Discedens
1484 3962 1549 4014 ab
1573 3961 1646 4015 eis
1666 4002 1682 4028 ,

80 4064 367 4137 segregarit
404 4059 727 4131 discipulos?
765 4056 1010 4123 illorum,
1034 4054 1225 4125 inquit,
1255 4050 1687 4108 maledicentiam

83 4154 342 4213 succidit.
379 4151 495 4208 Hoc
536 4157 721 4207 autem
750 4147 879 4203 facit
920 4155 973 4203 et
1002 4143 1265 4210 abscedit,
1317 4143 1441 4215 quia
1470 4143 1691 4213 nolebat

84 4248 307 4302 illorum
349 4242 606 4299 invidiam
653 4237 1004 4304 succendere,
1036 4250 1213 4306 neque
1241 4235 1295 4290 in
1323 4234 1587 4304 majorem
1616 4234 1691 4289 ri-

86 4355 209 4396 xam
244 4337 492 4393 incitare.
519 4332 655 4390 Illud
682 4342 883 4399 autem,
935 4328 1277 4385 Fiduciaiitcr
1304 4330 1509 4401 agebat,
1532 4327 1687 4395 dicit,

86 4429 401 4501 signiﬁcans
442 4426 615 4496 ipsum
661 4423 726 4479 ad
753 4420 1008 4492 'pericula
1053 4428 1323 4492 paratum,
1368 4418 1568 4474 clarius
1591 4432 1692 4473 nec

87 4522 343 4593 dogmata
360 4517 771 4575 obumbrantem
790 4514 1113 4584 disputasse.
1136 4511 1275 4568 liinc
1294 4511 1555 4567 discimus
1581 4525 1689 4566 non

91 4627 191 4668 nos
218 4610 530 4665 immiscere
554 4621 677 4663 cum
705 4603 985 4659 maledicis
1009 4644 1026 4671 ,
1056 4601 1150 4658 sed
1181 4602 1251 4657 ab
1282 4602 1394 4665 illis
1420 4601 1685 4658 abscede-

93 4721 171 4759 re.
202 4700 325 4757 Non
354 4697 636 4756 maledixit
656 4698 806 4768 ipse,
834 4710 958 4750 cum
1015 4694 1158 4749 male
1184 4691 1433 4760 audiret,
1465 4693 1691 4765 imopo-

92 4800 200 4851 tius
225 4793 470 4867 quotidie
493 4791 817 4861 disputabat,
849 4799 904 4845 et
931 4787 1033 4843 hac
1059 4787 1292 4843 maxime
1320 4787 1528 4842 ratione
1554 4785 1695 4842 mul—

94 4900 177 4944 tos
208 4886 314 4943 sibi
334 4883 654 4949 concilians,
682 4881 826 4953 quod
867 4880 1114 4952 quamvis
1142 4880 1282 4936 mala
1316 4879 1550 4947 audiret,
1583 4893 1694 4935 non

92 4977 406 5036 discederet
430 4990 605 5046 neque
630 4981 993 5044 separaretur.
1026 4971 1095 5027 Et
1124 4971 1376 5037 observa,
1408 4980 1694 5042 postquam

96 5073 326 5131 tentatio
356 5070 426 5126 ab
449 5069 690 5126 externis
705 5068 959 5131 cessavit,
988 5081 1019 5120 a
1048 5064 1639 5134 daemonibusincepit.

168 5166 477 5221 Judeorttm
522 5164 738 5216 recitas.
785 5190 855 5202 -
895 5158 1085 5215 Viden‘
1143 5158 1441 5214 carcitatem
1508 5155 1696 5213 Judai-

96 5259 256 5313 eam?
287 5256 423 5312 Cum
460 5252 705 5308 viderent
739 5261 921 5319 vestes
962 5252 1081 5322 ejus
1116 5259 1428 5321 operantes,
1466 5265 1573 5304 non
1596 5248 1696 5305 ad-

101 5350 410 5405 vertebant.
440 5345 580 5415 Quid
618 5344 722 5401 hoc
756 5344 930 5414 majus
966 5357 1087 5399 esse
1138 5341 1348 5413 possit?
1391 5343 1462 5398 At
1498 5342 1604 5397 illis
1644 5342 1697 5396 in

100 5440 437 5496 contrarium
486 5453 574 5493 res
628 5450 785 5493 versa
841 5445 943 5491 est.
995 5435 1051 5491 Si
1099 5436 1221 5505 quis
1274 5434 1557 5505 gentilium
1590 5449 1698 5489 non

100 5532 315 5597 credat,
343 5527 534 5583 videns
578 5526 823 5581 umbram
866 5525 981 5581 haec
1004 5536 1343 5596 operantem,
1368 5525 1577 5581 credat.
1610 5525 1702 5581 Sic

103 5641 169 5680 cx
191 5638 279 5689 eo,
315 5621 456 5692 quod
491 5620 560 5677 ab
586 5620 692 5675 illis
720 5619 1058 5682 discederet,
1085 5619 1332 5675 maledici
1376 5628 1433 5674 et
1484 5618 1576 5689 qui
1605 5618 1701 5674 do-

106 5732 225 5787 gma
272 5713 776 5779 calumniabantur,
828 5722 1153 5783 superantur
1193 5713 1323 5783 (hoc
1368 5713 1513 5768 enim
1557 5714 1697 5767 viam

106 5807 339 5876 vocavit)
367 5823 379 5858 :
411 5805 501 5861 ille
524 5821 653 5860 vero
683 5804 929 5868 discedit,
958 5814 1016 5858 ut
1060 5820 1237 5875 neque
1267 5804 1515 5873 discipuli
1544 5817 1692 5859 sece-

114 5906 301 5959 derent
335 5917 511 5973 neque
540 5902 659 5957 illos
682 5900 748 5955 ad
802 5900 932 5955 iram
959 5900 1284 5969 concitaret,
1318 5898 1607 5955 ostendens
1634 5898 1701 5952 il-

1078 444 1141 503 lN
1182 440 1361 500 ACTA
1403 398 1932 496 Ares'rownuu.
1975 427 2207 486 HOMIL.
2242 422 2384 484 xu.

3286 419 3391 474 ςιςιο

1788 544 1870 601 los
1891 543 2092 615 ubique
2121 541 2351 598 salutem
2401 537 2689 611 repellere.
2734 536 2800 593 Et
2836 536 2950 609 jam
2994 535 3102 592 illis
3131 550 3238 592 non
3272 548 3394 593 sese

1768 644 2000 709 purgat,
2027 651 2095 693 eo
2119 632 2264 706 quod
2294 641 2489 705 gentes
2534 631 2736 701 ubique
2779 629 3085 686 crederent.
3117 628 3185 684 Et
3212 628 3390 698 dispu-

1784 737 1884 796 tat,
1925 741 2034 784 non
2081 726 2331 799 quemvis
2366 725 2545 780 locum
2592 737 2880 794 quaerens,
2936 721 3035 778 sed
3056 722 3148 777 ubi
3205 720 3393 776 schola

1784 830 1922 888 erat,
1946 820 2097 892 quasi
2125 817 2579 883 commodiorem,
2617 830 2684 872 eo
2722 814 2867 887 quod
2896 814 2969 871 ibi
2994 827 3393 886 congregaren-

1788 920 1895 968 tur.

1854 1006 1908 1061 2.
1944 1007 2125 1077 Papae,
2157 1014 2360 1085 quanta
2382 1003 2724 1060 credentium
2760 1002 2936 1058 virtus
2959 1041 2977 1069 ,
3002 1015 3167 1071 quum
3196 1008 3252 1055 et
3274 999 3396 1054 aliis

1784 1114 1998 1170 quoque
2026 1100 2215 1155 eadem
2249 1099 2365 1170 ipsa
2419 1096 2603 1153 facere
2635 1093 3001 1152 concedatur!
3030 1101 3231 1164 quanta
3263 1107 3395 1147 vero

1784 1194 2002 1247 caecitas
2031 1207 2245 1257 eorum,
2279 1191 2371 1262 qui
2391 1191 2555 1246 etiam
2574 1188 2701 1245 dum
2732 1187 2905 1243 virtus
2937 1186 3025 1242 illa
3056 1186 3398 1241 demonstra.
3479 1230 3482 1232 ν

1785 1294 1968 1353 retur,
1999 1284 2053 1340 in
2098 1281 2478 1339 incredulitate
2519 1280 2832 1337 manebant.
2877 1278 2949 1335 Ut
2994 1276 3157 1349 igitur
3204 1275 3394 1332 Simon

1784 1377 1921 1434 lucri
1944 1391 2106 1433 causa
2132 1376 2364 1449 gratiam
2398 1373 2635 1445 Spiritus
2665 1371 2984 1444 quaerebat,
3015 1369 3097 1426 sic
3125 1379 3180 1425 et
3211 1367 3265 1423 hi
3297 1382 3395 1424 ea-

1784 1468 1908 1525 dem
1946 1468 2013 1524 de
2038 1482 2204 1524 causa
2248 1466 2483 1537 idipsum
2528 1464 2819 1520 faciebant.
2870 1462 3085 1533 Quanta
3129 1457 3393 1517 cmcitas‘l

1788 1558 1857 1615 Et
1894 1572 2064 1629 quare
2114 1557 2321 1614 Paulus
2362 1572 2471 1612 non
2517 1553 2801 1625 increpat?
2829 1552 2964 1622 Quia
3004 1553 3180 1609 visum
3208 1551 3398 1607 fuisset

1787 1651 1892 1707 hoc
1912 1628 1979 1707 ex
2002 1650 2204 1708 invidia
2255 1649 2408 1717 fieri;
2450 1648 2577 1705 ideo
2594 1662 2685 1704 res
2725 1647 2798 1703 ita
2830 1644 3323 1717 dispensatur-Sic
3341 1628 3433 1700 eti

1784 1744 2002 1801 Christo
2037 1742 2265 1810 accidit;
2303 1741 2398 1799 sed
2452 1750 2578 1797 tunc
2626 1755 2734 1797 non
2777 1738 3172 1811 impediebatur
3220 1740 3391 1811 (nam

1787 1846 1914 1894 tunc
1936 1838 2148 1893 initium
2174 1851 2355 1894 rerum
2378 1834 2568 1909 erat),
2592 1833 2857 1905 siquidem
2887 1842 2942 1889 et
2970 1831 3139 1888 ludas
3167 1831 3252 1887 fur
3282 1846 3391 1886 non

1786 1930 2182 1996 cohibebatur;
2232 1928 2474 1985 Ananiae
2528 1940 2663 1983 vero
2714 1935 2770 1982 et
2809 1924 3079 1996 Sapphira
3128 1921 3397 1980 interfecti

1786 2032 1910 2077 sunt
1941 2038 1958 2081 :
1993 2020 2258 2091 multique
2274 2019 2447 2077 Judaei
2495 2017 2851 2085 obsistentes,
2884 2016 3017 2072 nihil
3041 2016 3189 2088 passi
3221 2024 3389 2083 sunt;

1787 2114 2006 2184 Elymas
2029 2128 2158 2168 vero
2188 2120 2494 2169 excaecatus
2532 2119 2636 2167 est.
2678 2108 2801 2166 Non
2830 2110 2991 2177 enim,
3025 2109 3221 2179 inquit,
3254 2110 3390 2177 ueni,

1787 2214 1843 2260 ut
1864 2205 2091 2275 iudicem
2115 2204 2387 2269 mundum,
2422 2202 2513 2258 sed
2538 2211 2594 2256 ut
2617 2200 2842 2273 salvetur
2885 2200 3109 2255 mundus
3134 2199 3317 2272 (Joan.
3342 2202 3395 2257 5.

1789 2296 1904 2368 l7).
1942 2295 2074 2351 Vide
2101 2310 2217 2351 rem
2246 2292 2635 2351 exsecrandam
2658 2312 2671 2349 :
2692 2291 2866 2349 Judaei
2895 2291 3073 2348 adhuc
3090 2302 3394 2361 manentes,

1788 2402 1857 2443 ex
1886 2387 2004 2459 ipso
2034 2386 2258 2442 nomine
2307 2385 2507 2441 lucrari
2552 2383 2843 2440 volebant:
2875 2384 3058 2455 itaque
3096 2385 3279 2441 omnia
3327 2385 3395 2441 ad

1788 2477 2017 2550 gloriam
2039 2486 2093 2532 et
2118 2478 2330 2533 lucrum
2375 2474 2666 2533 iaciebant.
2714 2473 2965 2545 Undique
2991 2473 3116 2531 vide
3140 2474 3395 2532 homines

1790 2583 1899 2623 non
1931 2567 2001 2624 ita
2049 2582 2147 2640 per
2204 2567 2380 2634 utilia,
2438 2574 2497 2623 ut
2550 2580 2649 2638 per
2700 2564 2960 2623 terribilia
3012 2567 3279 2622 converti.
3316 2567 3427 2637 Ex,

1789 2658 2070 2730 Sapphirai
2121 2660 2375 2730 exemplo
2414 2668 2596 2715 terror
2643 2657 2835 2715 incidit
2885 2658 2938 2713 in
2990 2658 3314 2727 Ecclesiam,
3346 2670 3404 2716 et

1789 2751 1878 2806 alii
1914 2766 2023 2807 non
2049 2750 2323 2807 audebant
2351 2764 2413 2806 se
2442 2749 2775 2820 conjungere
2816 2749 2923 2804 illis
2948 2750 2967 2821 (
2992 2748 3109 2803 Act.
3136 2750 3191 2806 5.
3219 2751 3333 2823 13)
3377 2769 3390 2807 :

1792 2843 1880 2898 hic
1904 2843 2119 2899 sudaria
2143 2850 2197 2899 et
2224 2842 2559 2897 semicinctia
2582 2839 2923 2911 accipiebant
2948 2848 3003 2895 et
3026 2841 3398 2909 sanabantur;

1792 2944 1847 2991 et
1890 2942 2078 3005 postea
2121 2933 2419 2991 veniebant
2461 2941 2521 2989 ut
2566 2933 2962 2990 confiterentur
3004 2942 3225 3004 peccata
3281 2950 3399 2993 sua.

1794 3026 1877 3083 Ex
1904 3042 1992 3095 eo,
2022 3026 2167 3099 quod
2207 3025 2471 3093 insiliret,
2502 3024 2809 3081 ostenditur
2852 3024 3161 3081 dmmonnm
3207 3041 3404 3099 magna

1791 3118 2038 3190 quaedam
2066 3120 2169 3183 vis,
2198 3133 2320 3174 cum
2348 3128 2538 3174 contra
2572 3116 2818 3173 infideles
2848 3124 3032 3189 agunt.
3067 3117 3137 3173 Et
3162 3133 3263 3175 cur
3290 3136 3401 3176 non

1791 3207 1931 3265 dixit
1980 3208 2206 3281 spiritus
2251 3208 2462 3264 malus:
2493 3207 2626 3277 Quis
2668 3215 2756 3263 est
2804 3206 3006 3263 Jesus?
3048 3207 3144 3264 sed
3189 3209 3400 3267 inutilia

1792 3303 1961 3359 verba
2016 3302 2284 3373 protulit?
2335 3301 2607 3369 Timebat,
2665 3314 2736 3356 ne
2786 3300 2905 3372 ipse
2962 3315 3153 3371 pinnas
3197 3302 3403 3361 daret:

1793 3392 2004 3449 sciebat
2039 3393 2184 3447 enim
2224 3391 2386 3461 hujus
2414 3390 2652 3447 nominis
2705 3390 2907 3447 virtute
2942 3383 3266 3448 concessum
3296 3394 3399 3450 sibi

1792 3483 1979 3550 fuisse,
2016 3492 2074 3540 ut
2100 3484 2355 3540 illusores
2381 3483 2504 3544 illos
2524 3483 2904 3540 ulcisceretur.
2936 3483 3049 3539 Cur
3074 3495 3259 3542 autem
3291 3490 3396 3542 mi-

1792 3578 1902 3634 seri
1930 3577 2009 3634 illi
2037 3593 2145 3632 non
2174 3577 2431 3632 dixerunt
2458 3576 2531 3642 ei,
2557 3574 2847 3632 Credimus
2872 3574 2897 3629 ἲ
2940 3574 3228 3634 Timebant
3258 3579 3403 3635 Pau-

1796 3666 1907 3724 lum
1932 3682 2299 3739 :quamqnam
2330 3666 2502 3723 multo
2547 3666 2811 3722 clariores
2843 3664 3008 3721 futuri
3038 3678 3215 3737 erant,
3242 3669 3289 3724 si
3316 3669 3407 3727 Je-

1793 3774 1915 3815 sum
1966 3760 2254 3815 Dominum
2307 3758 2680 3830 agnovissent.
2730 3756 2800 3812 Et
2848 3757 3089 3828 alioquin
3143 3760 3219 3825 id,
3256 3764 3403 3833 quod

1796 3852 2061 3924 Philippis
2116 3850 2532 3924 contigit,illos
2581 3848 2913 3907 emendavit.
2968 3850 3047 3905 Tu
3090 3866 3222 3908 vero
3271 3855 3403 3911 mihi

1794 3944 2105 4010 considera,
2130 3958 2293 4014 quam
2342 3942 2621 3999 modesms
2670 3942 2774 3999 hoc
2816 3942 2937 3998 loco
2964 3944 3033 4000 sit
3062 3946 3318 4017 scriptor,
3350 3961 3407 4005 et

1794 4038 2071 4111 quomodo
2110 4036 2394 4091 historiam
2445 4034 2623 4092 solum
2662 4034 2900 4104 scribat,
2953 4051 3054 4093 nec
3093 4043 3403 4111 quempiam

1796 4138 2034 4187 accuset.
2068 4129 2183 4185 Hoc
2208 4128 2482 4199 apostolos
2527 4127 2806 4183 mirabiles
2832 4128 3115 4187 reddebat.
3149 4130 3219 4187 Et
3251 4138 3405 4206 cujus

1796 4231 1982 4279 essent
2007 4220 2101 4277 ﬁlii
2125 4220 2277 4287 dicit,
2306 4227 2360 4274 et
2388 4233 2586 4275 nomen
2609 4228 2661 4275 et
2690 4234 3000 4287 numerum,
3033 4222 3169 4278 dans
3195 4224 3281 4293 iis,
3315 4230 3406 4297 qui

1797 4324 1926 4372 tunc
1950 4323 2125 4382 erant,
2183 4322 2394 4371 certum
2442 4313 2772 4369 narrationis
2813 4328 2925 4369 suae
2974 4313 3255 4373 indicium.
3294 4319 3410 4378 Cur

1798 4420 1980 4465 autem
2017 4405 2462 4464 circuibantilli?
2495 4405 2655 4461 Lucri
2682 4419 2880 4472 causa,
2927 4420 3036 4461 non
3079 4417 3135 4465 ut
3178 4411 3403 4468 verbum

1798 4502 2186 4558 annuntiat-ent
2214 4518 2228 4555 :
2260 4497 2535 4570 quomodo
2582 4498 2769 4554 enim?
2818 4497 2966 4555 Bene
2993 4508 3174 4556 autem
3214 4519 3402 4561 curre-

1798 4595 1929 4651 bant
1951 4602 2177 4665 postea,
2222 4590 2579 4662 prtedicantes
2620 4606 2718 4659 per
2762 4606 2824 4646 ea
2876 4607 2998 4663 qua:
3042 4595 3404 4665 patiebantur.

1799 4687 1980 4756 Quare
2010 4685 2114 4741 hoc
2139 4683 2427 4741 declarans
2452 4683 2528 4739 ait
2554 4702 2566 4737 :
2599 4680 2669 4736 Et
2692 4692 2871 4738 notum
2904 4688 3107 4755 factum
3132 4697 3205 4741 est
3232 4694 3399 4745 omni-

1804 4782 1895 4837 bus
1951 4790 2055 4834 tam
2124 4776 2328 4833 Iudaeis
2379 4792 2535 4847 quam
2593 4776 2902 4847 gentilibus,
2950 4780 3036 4847 qui
3113 4781 3410 4846 habitabant

1803 4873 2015 4945 Ephesi.
2047 4871 2259 4939 Nonne,
2280 4883 2491 4941 quaeso,
2510 4870 2673 4923 etiam
2696 4884 2809 4935 eos,
2840 4871 2932 4939 qui
2960 4870 3210 4929 duriores
3230 4889 3407 4946 erant,

1811 4973 2134 5030 convertere
2155 4962 2374 5017 debuit?
2394 4958 2501 5017 Sed
2532 4976 2641 5017 non
2671 4963 2967 5029 convertit;
3003 4979 3103 5020 nec
3137 4966 3355 5026 mireris
3386 4989 3400 5026 ;

1819 5057 2039 5115 malitiae
2067 5056 2211 5112 enim
2243 5054 2378 5109 nihil
2406 5064 2489 5110 est
2528 5054 2670 5125 quod
2719 5055 3227 5129 persuadeat..Age
3256 5077 3409 5133 vero,

1815 5154 1920 5209 hoc
1949 5151 2339 5208 exorcistarum
2386 5163 2522 5221 opus
2553 5149 2832 5205 videamus
2860 5161 3075 5220 quanta}
3115 5154 3186 5210 sit
3215 5158 3409 5227 nequi—

1807 5246 1919 5302 tiae.
1966 5242 2077 5300 Cur
2109 5251 2292 5298 autem
2338 5241 2441 5297 hoc
2482 5240 2584 5297 sub
2628 5240 2847 5297 Christo
2912 5257 3019 5298 non
3085 5247 3413 5318 contigerit,

1810 5339 2056 5405 alterius,
2081 5352 2191 5391 non
2221 5336 2504 5406 praesentis
2548 5336 2807 5406 temporis
2837 5346 2922 5392 est
2950 5337 3285 5409 disquirere;
3320 5358 3414 5398 ve-

1819 5448 1937 5487 rum
1980 5431 2123 5502 quod
2168 5430 2277 5499 jam
2332 5428 2555 5498 pulchre
2596 5437 2651 5485 et
2682 5429 2884 5484 utiliter
2912 5430 3125 5487 accidit.
3189 5432 3421 5491 Videtur

1811 5524 1954 5580 enim
1985 5522 2105 5577 illos
2137 5520 2392 5575 irridendi
2425 5534 2587 5575 causa
2635 5520 2737 5574 hoc
2762 5519 2956 5576 fecisse
2984 5538 2999 5585 ;
3035 5522 3263 5593 ideoque
3305 5526 3419 5595 ple-

1811 5624 2062 5671 ctuntur:
2086 5613 2156 5668 ita
2183 5622 2244 5667 ut
2264 5611 2489 5683 posthac
2519 5627 2680 5667 nemo
2699 5611 2922 5667 auderet
2953 5622 3159 5668 temere
3186 5614 3290 5671 hoc
3319 5634 3416 5673 no-

1814 5723 1937 5763 men
1967 5707 2231 5777 prol’crre.
2259 5706 2371 5760 lloc
2396 5704 2639 5761 fidelium
2685 5704 2882 5759 multos
2924 5704 2990 5759 ad
3018 5706 3417 5767 confessionem

1816 5800 2061 5865 deduxit,
2087 5799 2189 5853 hoc
2217 5806 2271 5853 et
2295 5798 2541 5853 timorem
2567 5798 2698 5870 ipsis
2728 5796 2987 5865 incussit,
3018 5798 3422 5873 maximumque

1822 5897 1923 5952 hoc
1947 5903 2321 5967 argumentum
2355 5894 2450 5948 fuit
2482 5893 2649 5949 Deum
2675 5896 2852 5949 omnia
2885 5907 3071 5950 nosse.
3096 5893 3418 5970 Priusquam
