4094 6336
704 447 801 505 29!

702 578 729 617 a
779 556 1107 615 dmuonibus
1159 552 1624 624 redarguerentur,
1672 547 1878 616 seipsos
1902 542 2260 605 accusabant,

705 653 953 707 timentes
1004 662 1071 703 ne
1121 645 1305 701 eadem
1365 652 1705 713 paterentur;
1755 647 1810 694 et
1868 638 1988 707 jure
2036 634 2273 705 quidem.

703 742 926 810 Quando
947 740 1090 795 enim
1133 738 1405 806 adjutores
1442 734 1751 795 dwmones,
1781 738 2123 783 accusatores
2161 726 2276 778 illo-

704 851 819 888 rum
851 842 1026 897 erant,
1060 846 1163 884 non
1195 828 1573 888 auxiliatores,
1606 824 1780 893 qualis
1806 836 1931 891 spes
1975 826 2274 888 supererat,

703 927 802 980 nisi
828 924 1098 978 confessio
1135 937 1229 991 per
1266 918 1477 988 opera?
1515 916 1649 970 Vide
1687 922 1884 984 quanta
1917 912 2063 966 brevi
2093 920 2277 973 posma

704 1017 841 1071 mala
860 1015 1107 1070 eveniant
1143 1020 1260 1081 post
1289 1019 1364 1063 tot
1411 1009 1541 1062 facta
1567 1008 1736 1075 signa.
1796 1004 1942 1059 Talis
1972 1005 2167 1071 quippe
2195 1011 2279 1056 est

704 1112 930 1164 humana
953 1117 1133 1160 natura
1166 1124 1179 1158 :
1212 1102 1387 1157 statim
1407 1100 1784 1155 beneﬁciorum
1817 1096 2166 1151 obliviscitur.

770 1200 941 1253 Terra
958 1208 1116 1250 motus
1136 1192 1591 1261 Constantinopoli.
1619 1219 1689 1229 —-
1710 1192 1900 1243 Annon
1924 1186 2265 1250 meministis,

701 1293 927 1361 idipsum
987 1289 1145 1343 etiam
1196 1285 1392 1339 nostris
1446 1280 1778 1351 temporibus
1843 1276 2139 1333 accidisse?
2186 1275 2279 1329 Dic

699 1387 840 1440 enim
870 1384 994 1437 mihi
1023 1399 1034 1434 :
1069 1394 1245 1432 nonne
1270 1391 1411 1431 anno
1433 1374 1710 1444 superiore
1737 1370 2009 1427 concussit
2038 1369 2178 1423 Deus
2204 1367 2281 1420 ci-

700 1478 916 1529 vitatem
975 1482 1138 1526 totam
1179 1471 1295 1539 (a)?
1349 1468 1487 1537 Quid
1539 1466 1712 1522 vero?
1765 1480 1943 1519 nonne
1982 1476 2166 1517 omnes
2211 1461 2276 1513 ad

702 1568 1017 1637 baptismum
1038 1562 1403 1618 accedebant?
1428 1574 1604 1614 nonne
1630 1568 1971 1621 scortatores,
2005 1554 2195 1607 molles
2226 1561 2280 1607 et

699 1663 933 1731 corrupti
987 1660 1249 1717 homines,
1302 1654 1500 1709 relictis
1549 1650 1796 1707 domibus
1844 1658 1898 1704 et
1942 1647 2277 1711 habitaculis,

699 1753 940 1807 conversi
988 1760 1040 1804 ct
1082 1750 1152 1819 pii
1205 1746 1378 1801 effecti
1434 1748 1594 1799 sunt?
1644 1742 1745 1797 Ubi
1798 1750 1975 1795 autem
2014 1748 2122 1793 tres
2165 1737 2280 1791 dies

701 1845 1046 1905 transierunt,
1078 1853 1261 1894 rursus
1302 1836 1366 1890 ad
1400 1834 1674 1903 pristinam
1714 1832 1917 1887 reversi
1944 1838 2067 1885 sunt
2091 1828 2279 1898 nequi-

699 1936 843 1989 tiam.
871 1932 1020 1988 Unde
1051 1931 1154 1984 hoc
1179 1926 1481 1995 contingit?
1505 1923 1583 1976 Ex
1613 1922 1819 1991 ignavia
1854 1920 2039 1975 multa.
2076 1916 2278 1987 Ecquid

699 2025 910 2088 mirum,
931 2022 973 2076 si
996 2020 1080 2075 ubi
1102 2034 1187 2073 res
1210 2018 1557 2081 transierunt,
1583 2013 1796 2083 quando
1828 2010 2144 2080 imaginibus
2168 2024 2281 2077 per-

701 2127 861 2184 petuo
892 2110 1227 2167 manentibus
1256 2109 1355 2162 hoc
1393 2108 1566 2175 ipsum
1606 2104 1824 2159 evenit?
1862 2102 1991 2168 Qme
2020 2100 2071 2153 in
2107 2098 2278 2155 Sodo-

699 2205 819 2265 mis.
852 2204 935 2256 dic
960 2201 1106 2265 mihi,
1153 2212 1330 2251 nonne
1374 2204 1631 2265 perpetuo
1660 2192 1916 2246 manent?
1950 2189 2086 2256 Quid
2116 2188 2280 2255 ergo?

696 2314 762 2351 an
790 2296 943 2350 vicini
974 2301 1254 2363 propterea
1282 2289 1529 2343 meliores
1549 2286 1672 2341 facti
1697 2285 1853 2339 sunt?
1876 2284 2111 2337 Minime.
2143 2280 2281 2346 Quid

700 2402 754 2446 et
784 2391 919 2444 filius
950 2388 1097 2442 Noe?
1144 2399 1323 2439 nonne
1368 2382 1488 2436 talis
1537 2380 1696 2435 erat?
1738 2394 1916 2433 nonne
1958 2386 2153 2429 tantam
2185 2375 2282 2429 sub

699 2482 868 2535 oculis
920 2479 1122 2533 habens
1167 2473 1529 2536 solitudinem,
1578 2471 1749 2524 malus
1785 2480 1958 2522 tamen
2002 2466 2158 2519 erat?
2206 2463 2282 2518 Ne

700 2575 956 2629 miremur
999 2585 1148 2638 ergo,
1202 2568 1247 2621 si
1291 2566 1373 2619 his
1423 2566 1493 2618 ita
1546 2562 1710 2633 gestis
1763 2574 1869 2613 non
1913 2556 2275 2621 crediderunt,

697 2665 907 2737 quando
938 2663 1050 2732 ipsa
1082 2660 1212 2715 ﬁdes
1245 2659 1350 2712 illis
1390 2670 1534 2725 saepe
1562 2655 1614 2708 in
1657 2650 1986 2707 contrarium
2017 2656 2072 2703 et
2099 2648 2150 2700 in
2182 2660 2278 2700 ne-

700 2758 922 2826 quitiam
950 2754 1173 2808 vertitur
1196 2767 1211 2815 ;
1244 2758 1303 2803 ut
1331 2745 1545 2817 quando
1571 2744 1962 2799 daemoniacum
1987 2754 2107 2795 esse
2132 2738 2281 2792 dice—

698 2853 825 2903 bant
857 2848 948 2902 Dei
979 2845 1190 2899 Filium.
1214 2845 1401 2897 Annon
1432 2838 1623 2893 videtis
1650 2836 1752 2889 hoc
1787 2848 1929 2888 nunc
1953 2832 2112 2885 etiam
2132 2829 2279 2893 ﬁeri,

697 2956 748 2998 et
779 2942 970 2995 multos
996 2938 1241 2991 homines
1271 2932 1609 3001 serpentibus
1634 2928 1861 2992 similes,
1896 2922 2200 2979 incredulos
2227 2929 2283 2976 et

702 3037 935 3104 ingratos
959 3031 1047 3099 qui
1068 3031 1233 3082 instar
1254 3026 1551 3093 viperarum
1575 3034 1694 3075 cum
1714 3016 1971 3073 beneﬁcia
1990 3012 2276 3084 accipiunt,

700 3123 954 3179 beneﬁcis
981 3118 1158 3173 infesti
1206 3116 1370 3169 sunt?
1402 3113 1525 3167 Haec
1547 3126 1574 3163 a
1599 3109 1752 3164 nobis
1778 3108 1919 3161 dicta
1950 3114 2092 3170 sunt,
2126 3114 2182 3157 ut
2213 3118 2281 3156 ne

698 3216 816 3286 quis
843 3212 1063 3267 miretur
1088 3250 1100 3274 ,
1129 3206 1271 3279 quod
1301 3214 1375 3260 tot
1404 3202 1564 3259 editis
1594 3198 1761 3270 signis
1790 3213 1896 3252 non
1924 3208 2111 3251 omnes
2153 3207 2285 3249 con-

700 3305 838 3361 versi
860 3304 986 3357 sint.

770 3398 825 3451 3.
868 3392 1075 3449 Nostris
1099 3389 1295 3460 quippe
1340 3385 1667 3456 temporibus
1696 3381 2008 3437 acciderunt
2042 3393 2127 3445 ea,
2160 3393 2282 3447 qua:

701 3488 914 3542 beatum
951 3483 1202 3553 Babylam
1231 3488 1479 3551 spectant
1500 3476 1572 3549 (ὸ)
1602 3517 1615 3540 ,
1649 3490 1768 3546 qua
1795 3471 2148 3543 Jerosolymis
2184 3484 2278 3539 ge-

700 3591 779 3635 sta
808 3586 951 3639 sunt,
981 3591 1099 3646 qua:
1129 3575 1179 3627 in
1207 3571 1572 3627 destructione
1613 3566 1956 3636 templorum,
1992 3576 2163 3631 neque
2203 3568 2282 3613 ta-

701 3686 821 3724 men
852 3676 1037 3722 omnes
1068 3664 1312 3719 conversi
1364 3670 1505 3715 sunt.
1537 3658 1676 3726 Quid
1714 3672 1848 3726 opus
1875 3662 1956 3709 est
1982 3663 2161 3706 vetera
2190 3665 2278 3706 re-

701 3775 918 3816 censere
940 3759 963 3808 Ἰ
987 3757 1100 3811 Dixi
1130 3754 1300 3817 vobis,
1330 3752 1453 3821 quid
1482 3765 1622 3804 anno
1644 3748 1887 3818 proximo
1916 3743 2190 3807 acciderit,
2226 3749 2281 3795 et

702 3866 857 3906 nemo
898 3847 1161 3909 attendit;
1194 3843 1287 3899 sed
1335 3856 1516 3897 rursus
1564 3839 1815 3910 paulatim
1846 3836 2183 3895 deﬂuxerunt
2226 3842 2282 3886 et

702 3941 925 4009 collapsi
957 3947 1099 3992 sunt.
1140 3935 1258 3990 Stat
1276 3948 1490 4002 semper
1516 3931 1705 3986 caelum
1732 3930 1971 3983 clamans
2001 3940 2060 3980 se
2089 3924 2278 3978 Domi-

701 4049 829 4088 mun
850 4032 1067 4093 habere,
1097 4036 1151 4082 et
1179 4027 1278 4079 hoc
1308 4026 1612 4078 universum
1636 4035 1754 4075 esse
1774 4018 2050 4089 cujusdam
2076 4014 2280 4085 opiﬁcis

665 4178 668 4181 .
703 4126 792 4196 (de
837 4122 1035 4178 mundo
1078 4118 1325 4189 loquor);
1357 4127 1411 4170 et
1436 4114 1622 4170 dicunt
1650 4113 1867 4182 quidam
1901 4126 2007 4166 non
2038 4110 2108 4163 ita
2136 4124 2274 4164 esse.

700 4217 827 4284 Qua:
863 4214 1003 4268 circa
1050 4208 1390 4265 Theodorum
1440 4220 1579 4258 anno
1622 4202 1867 4273 proximo
1915 4208 2064 4269 gesta
2114 4207 2277 4264 sunt,

700 4321 858 4376 quem
889 4318 994 4357 non
1044 4296 1544 4369 obstupefecerunt?
1573 4296 1638 4349 Et
1679 4302 1857 4347 tamen
1886 4290 2020 4346 nihil
2052 4289 2280 4359 amplius

703 4398 896 4451 factum
915 4401 1017 4458 est,
1044 4392 1135 4446 sed
1154 4390 1219 4445 ad
1244 4399 1449 4457 tempus
1477 4386 1549 4457 pii
1578 4385 1777 4449 effecti,
1809 4399 1874 4439 eo
1904 4382 2101 4438 reversi
2132 4389 2277 4444 sunt,

702 4488 841 4541 unde
866 4486 1111 4554 pietatem
1137 4481 1385 4535 inierant.
1418 4477 1527 4531 lloc
1544 4476 1705 4530 etiam
1733 4474 1970 4530 llebrceis
1998 4483 2124 4527 tunc
2151 4486 2281 4526 con—

704 4582 818 4650 tigit
850 4598 863 4633 :
888 4578 1007 4633 ideo
1033 4574 1242 4631 dicebat
1269 4570 1563 4643 propheta:
1590 4568 1717 4623 Cum
1736 4570 1979 4622 occideret
2003 4584 2107 4632 eos,
2138 4583 2277 4637 qua:-

706 4673 879 4725 rcbant
917 4684 1050 4733 eum,
1088 4675 1135 4720 et
1175 4665 1546 4717 revertebantur
1586 4669 1631 4713 et
1662 4659 1888 4712 diluculo
1919 4658 2177 4711 veniebant
2212 4658 2280 4709 ad

709 4763 863 4815 Deum
894 4762 912 4829 (
940 4757 1083 4812 Psat.
1125 4758 1211 4811 77.
1244 4753 1370 4825 54).
1406 4750 1613 4821 Ecquid
1643 4757 1853 4819 oportet
1894 4748 2164 4818 generalia
2193 4746 2281 4801 illa

706 4850 979 4919 proferre?
1008 4858 1137 4917 quot
1164 4848 1216 4900 in
1260 4845 1475 4900 morbos
1511 4840 1849 4897 inciderunt?
1878 4848 2010 4910 quot
2054 4855 2277 4909 surgcn‘

703 4954 783 4996 tes
822 4940 1037 5011 polliciti
1089 4947 1213 4993 sunt
1240 4953 1298 4992 se
1328 4950 1505 4991 mores
1536 4936 1589 4989 in
1634 4935 1822 4989 melius
1867 4942 2182 5000 mutaturos,
2228 4941 2284 4987 et

708 5049 882 5089 tamen
924 5033 1082 5088 iidem
1116 5031 1216 5101 ipsi
1247 5029 1595 5084 manserunt?
1640 5028 1749 5081 lloc
1788 5028 2017 5083 maxime
2046 5028 2282 5083 ostendit

708 5128 859 5181 nobis
888 5124 1181 5180 naturalem
1212 5131 1448 5177 nostram
1492 5120 1700 5175 arbitrii
1734 5121 2052 5184 libertatem,
2085 5136 2277 5189 repen-

704 5222 812 5274 tina
841 5232 1029 5287 nempe
1056 5216 1300 5271 mutatio.
1349 5214 1479 5269 Nam
1525 5213 1569 5267 si
1610 5212 1865 5266 naturalia
1900 5212 2039 5265 mala
2077 5222 2278 5278 essent,

704 5312 915 5365 libertas
957 5323 1063 5362 non
1098 5316 1242 5362 esset
1281 5323 1293 5357 :
1326 5319 1445 5374 quae
1474 5305 1619 5359 enim
1648 5318 1714 5358 ex
1746 5314 1933 5357 natura
1963 5312 2015 5356 et
2043 5305 2282 5359 necessi-

704 5414 810 5459 tate
840 5404 1003 5466 ﬁunt,
1034 5409 1240 5455 mutare
1280 5412 1384 5453 non
1429 5410 1731 5467 possumus.
1784 5395 1942 5464 Atqui
1974 5403 2280 5463 mutamur,

704 5494 929 5565 inquies.
964 5494 1153 5546 Annon
1183 5489 1425 5545 videmus
1454 5487 1719 5543 interdum
1752 5502 1845 5540 eos
1869 5527 1884 5556 ,
1913 5488 2003 5557 qui
2030 5501 2061 5539 a
2094 5496 2282 5544 natura

766 5627 837 5685 (α)
857 5634 988 5673 tmne
1028 5636 1176 5671 terra:
1200 5631 1381 5673 motum
1400 5660 1412 5681 ,
1438 5623 1521 5685 qui
1545 5634 1672 5685 anno
1694 5622 1918 5685 proximo
1935 5656 1949 5678 ,
1976 5634 2156 5685 nempe
2192 5622 2304 5679 399,

701 5683 967 5796 accidere;
992 5699 1126 5747 θωνα
1170 5694 1420 5735 memorat.
1459 5683 1529 5734 Ea
1572 5684 1637 5732 de
1682 5696 1737 5732 re
1762 5684 1809 5731 in
1829 5683 1938 5733 Vita
1961 5684 2283 5746 Chrysostomi

706 5760 867 5798 actum
892 5762 920 5797 e
974 5783 985 5795 .

706 5764 1103 5923 “afﬂigeret:
1130 5814 1414 5859 enarrantur
1440 5809 1487 5857 in
1509 5806 1684 5858 Ilomil.
1704 5806 1765 5859 dc
1790 5814 1833 5857 S.
1862 5806 2051 5871 Babyla,
2078 5815 2209 5857 Tom.
2229 5810 2280 5870 2,

706 5888 759 5923 re
784 5910 795 5921 .
940 5885 966 5921 e
1012 5885 1117 5923 seu.

704 5885 795 5923 ωι.
826 5885 911 5923 σοι
940 5885 990 5923 et
1012 5885 1117 5935 seq.

1442 436 1491 494 εκ
1538 433 1809 492 ,ΙΟᾹΝΝΙΞ
1856 424 2324 486 CHRYSOSTOMI
2365 423 2685 481 ARCIIIEP.
2724 422 3250 479 CONSTANTINOP.

3866 416 3979 470 902

2389 540 2587 594 habent
2631 547 2687 592 ut
2731 538 2982 605 videant,
3015 556 3123 608 pra:
3167 549 3314 594 metu
3341 538 3679 593 esca-catos?
3708 534 3976 602 Quouiam

2386 632 2515 686 illud
2557 640 2758 684 natura:
2789 640 2904 695 est,
2950 638 3005 683 ut
3033 632 3387 699 reprimatur,
3433 645 3553 685 cum
3583 639 3771 683 natura
3802 628 3976 681 altera

2385 722 2601 778 advenit
2646 740 2660 775 :
2709 722 2779 776 ita
2836 721 3130 776 secundum
3173 732 3419 777 naturam
3468 730 3707 777 nostram
3761 727 3863 779 est,
3921 728 3979 770 ut

2387 817 2651 887 perterriti
2703 831 2809 869 non
2851 815 3145 869 videamus.
3201 813 3507 871 Secundum
3552 823 3797 867 naturam
3845 813 3977 865 item

2384 920 2489 975 est,
2518 919 2573 964 ut
2599 908 2803 977 majore
2830 906 3147 961 adveniente
3170 916 3335 972 metu,
3367 906 3503 962 alter
3535 915 3708 961 metus
3733 902 3978 958 recedat.

2385 999 2521 1069 Quid
2551 1001 2729 1070 igitur,
2761 999 2969 1069 inquies
2991 1039 3007 1065 ,
3035 998 3079 1052 si
3106 998 3456 1066 temperantia
3486 996 3778 1053 secundum
3811 1004 3982 1048 natu-

2388 1109 2498 1146 ram
2541 1092 2631 1159 sit,
2687 1099 2742 1146 et
2784 1100 2961 1146 metus
3001 1089 3339 1145 invalescens
3377 1088 3522 1142 illam
3569 1087 3787 1157 ejiciat?
3834 1084 3981 1152 Quid

2387 1186 2546 1254 igitur
2564 1228 2579 1253 ,
2621 1186 2664 1239 si
2692 1182 2981 1239 ostendero
3006 1225 3021 1247 ,
3051 1198 3119 1238 ne
3157 1181 3369 1253 quidem
3414 1190 3539 1236 tunc
3566 1181 3825 1252 quosdam
3852 1192 3987 1234 esse

2387 1287 2765 1346 temperantes,
2798 1275 2891 1330 sed
2922 1276 2973 1329 in
2994 1284 3137 1330 metu
3168 1275 3330 1330 etiam
3360 1272 3665 1342 petulantes
3693 1271 3849 1327 esse?
3874 1271 3985 1324 hoc

2386 1370 2626 1425 naturale
2656 1384 2759 1423 non
2811 1377 2910 1424 est.
2946 1369 3029 1422 An
3072 1376 3254 1423 vetera
3297 1365 3510 1422 dicam?
3534 1381 3601 1419 an
3632 1366 3807 1419 nova?
3834 1364 3987 1430 Quot

2388 1464 2439 1517 in
2469 1463 2583 1530 ipso
2612 1462 2802 1515 timore
2820 1466 3134 1514 manserunt
3163 1459 3426 1526 ridentes,
3451 1466 3506 1513 et
3536 1457 3669 1511 nihil
3698 1458 3802 1511 tale
3824 1456 3976 1529 passi

2386 1554 2549 1610 sunt?
2577 1554 2689 1618 Die,
2710 1567 2911 1622 quaeso,
2942 1551 3151 1607 Pharao
3179 1565 3357 1606 nonne
3388 1549 3568 1604 statim
3592 1558 3826 1602 mutatus
3860 1556 3980 1613 est,

2386 1657 2441 1703 et
2467 1647 2532 1700 ad
2565 1646 2836 1715 pristinam
2878 1644 3107 1698 recurrit
3134 1640 3472 1712 nequitiam?
3501 1640 3613 1695 Hoc
3640 1648 3821 1692 autem
3848 1638 3978 1692 IOCU

2386 1737 2759 1801 dmmoniacis,
2810 1734 3052 1804 quamvis
3093 1734 3193 1803 ipsi
3222 1747 3328 1787 non
3363 1733 3694 1803 ignorarent,
3724 1730 3982 1783 dixerunt

2387 1830 2698 1898 simpliciter
2727 1847 2739 1883 :
2780 1826 2878 1880 Per
2904 1825 3083 1880 Iesum
3111 1826 3410 1896 adjuramus
3435 1841 3519 1878 vos
3541 1864 3555 1888 ,
3592 1839 3740 1894 quem
3781 1822 3981 1892 praedi-

2387 1938 2464 1979 cat
2489 1925 2682 1978 Paulus
2710 1940 2727 1977 :
2752 1938 2845 1993 per
2860 1938 2921 1977 ea
2948 1921 3114 1984 enim,
3134 1936 3253 1990 qua:
3280 1919 3626 1987 respondent,
3659 1919 3802 1986 ipsos
3828 1916 3976 1970 scire

2387 2017 2660 2088 probatur.
2706 2014 2888 2070 Jesum
2931 2027 3061 2068 vero
3106 2011 3293 2066 dicunt
3335 2010 3410 2064 illi
3456 2007 3793 2078 simpliciter,
3845 2021 3977 2060 cum

2387 2109 2708 2179 Oportuisset
2764 2106 2968 2172 dicere,
3023 2104 3365 2161 Servatoren.
3406 2101 3610 2167 mundi,
3648 2100 3740 2170 qui
3795 2114 3987 2154 resur-

2388 2202 2533 2257 rexit
2573 2217 2586 2253 :
2628 2199 2722 2253 sed
2765 2198 3056 2253 noluerunt
3101 2194 3346 2251 conﬁteri
3388 2194 3612 2265 gloriam
3663 2194 3801 2264 ejus.
3851 2191 3987 2248 ldco

2389 2296 2658 2365 redarguit
2708 2294 2825 2347 Illos
2865 2292 3100 2357 daemon,
3131 2290 3373 2345 insiliens
3414 2289 3465 2343 in
3505 2303 3601 2343 eos
3631 2288 3930 2357 dicensque
3967 2305 3979 2339 :

2387 2387 2564 2441 Iesum
2590 2384 2723 2449 novi,
2768 2393 2814 2436 et
2859 2381 3078 2435 Paulum
3107 2382 3249 2447 scio;
3292 2395 3356 2435 ac
3396 2380 3441 2434 si
3467 2380 3693 2444 diceret,
3732 2378 3842 2433 Vos
3870 2394 3982 2433 non

2387 2476 2624 2540 creditis,
2652 2473 2745 2528 sed
2778 2472 2869 2526 illo
2902 2471 3180 2526 abutentes
3208 2470 3425 2525 nomine
3462 2470 3564 2523 hoc
3587 2469 3783 2525 dicitis.
3817 2468 3986 2538 Igitur

2387 2571 2656 2622 desertum
2689 2562 2945 2633 templum
2970 2571 3051 2616 est
3076 2602 3090 2628 ,
3119 2570 3424 2631 expugnata
3451 2559 3623 2614 facilia
3653 2574 3804 2614 arma
3834 2577 3845 2612 :
3882 2560 3986 2613 ita-

2388 2674 2493 2728 que
2536 2672 2643 2711 non
2684 2655 2815 2710 estis
2848 2667 3123 2726 praecones
3155 2694 3170 2720 ,
3200 2652 3391 2721 inquit,
3424 2650 3520 2707 sed
3550 2651 3653 2705 mei
3681 2649 3833 2704 estis.
3862 2648 3982 2703 Ma-

2387 2762 2524 2819 gnus
2554 2747 2703 2802 furor
2723 2745 3002 2801 daemonis.
3032 2743 3341 2800 Putuissent
3360 2740 3477 2797 hsce
3503 2741 3731 2812 apostoli
3756 2738 3938 2795 facere
3962 2778 3980 2807 ,

2390 2842 2483 2897 sed
2544 2841 2758 2896 interim
2811 2854 2917 2895 non
2968 2837 3252 2893 faciebant.
3311 2834 3445 2891 Nam
3498 2836 3588 2905 qui
3641 2833 3985 2904 imperabant

2389 2934 2493 2989 illis
2533 2974 2547 2998 ,
2604 2934 2693 3002 qui
2749 2931 2873 2986 talia
2918 2929 2969 2985 in
3017 2929 3163 2999 ipsos
3193 2927 3576 2998 operabantur,
3606 2926 3777 2980 multo
3804 2925 3980 2996 magis

2389 3025 2517 3096 ipsis
2575 3026 2946 3094 imperassent.
3018 3021 3153 3077 Vide
3225 3018 3499 3091 quomodo
3544 3019 3755 3074 illorum
3820 3033 3982 3073 man-

2388 3116 2616 3173 suetudo
2683 3124 3011 3171 monstratur
3041 3156 3057 3182 ,
3104 3112 3247 3185 quod
3297 3112 3423 3181 illi,
3480 3112 3570 3183 qui
3616 3111 3981 3182 pellebantur,

2390 3209 2511 3263 talia
2543 3207 2835 3272 faciebant;
2867 3206 3141 3262 daemones
3181 3221 3310 3261 vero
3339 3247 3354 3273 ,
3395 3206 3589 3277 quibus
3634 3204 3981 3269 serviebant,

2387 3299 2679 3355 contraria.
2723 3298 2935 3364 Iesum,
3002 3298 3211 3367 inquit,
3272 3299 3409 3352 novi.
3471 3297 3614 3368 Ergo
3675 3296 3985 3352 erubescite

2389 3407 2505 3458 vos,
2529 3393 2615 3462 qui
2640 3392 2787 3445 illum
2809 3390 3083 3460 ignoratis.
3118 3391 3178 3444 Et
3199 3390 3420 3443 Paulum
3441 3392 3565 3444 scio.
3591 3390 3655 3443 Et
3680 3389 3783 3445 hoc
3808 3390 3983 3455 bene;

2388 3496 2609 3543 noverat
2652 3486 2797 3541 enim
2828 3486 2920 3540 Dei
2973 3500 3094 3541 esse
3142 3498 3463 3553 praeconem.
3497 3483 3699 3538 Deinde
3728 3484 3900 3537 insilit
3930 3484 3982 3537 in

2385 3592 2498 3645 eos,
2524 3586 2579 3633 et
2609 3587 2787 3632 vestes
2816 3575 3113 3640 dilacerat;
3143 3591 3204 3629 ac
3229 3576 3274 3628 si
3304 3590 3399 3644 per
3418 3590 3581 3643 opera
3607 3574 3811 3629 diceret
3838 3575 3981 3630 illis:

2386 3669 2461 3723 Ne
2491 3667 2688 3738 putetis
2716 3682 2802 3722 me
2832 3666 2953 3722 ideo
2982 3665 3032 3721 id
3061 3665 3259 3730 facere,
3287 3665 3431 3736 quod
3463 3665 3583 3719 illus
3610 3675 3980 3720 contemnam.

2388 3759 2608 3829 Magnus
2641 3759 2801 3813 timor
2838 3757 3117 3812 daemonis.
3152 3756 3221 3810 Et
3245 3772 3341 3811 cur
3368 3771 3474 3811 non
3507 3758 3623 3811 sine
3650 3757 3829 3812 verbis
3861 3757 3984 3812 istis

2387 3860 2562 3907 vestes
2586 3865 2769 3906 eorum
2801 3848 3052 3904 discidit?
3084 3848 3153 3902 ita
3185 3848 3329 3902 enim
3357 3858 3411 3903 et
3439 3846 3675 3903 furorem
3705 3849 3985 3919 implevis—

2387 3954 2489 4009 set,
2513 3954 2565 3998 et
2589 3958 2831 3998 errorem
2855 3942 3145 3997 statuisset.
3178 3942 3445 4008 Timebat,
3480 3952 3539 3995 nt
3563 3941 3695 4008 dixi,
3730 3943 3979 3997 inacces-

2387 4051 2500 4092 sam
2546 4043 2863 4104 potestatem
2891 4051 2903 4086 :
2927 4042 2981 4088 et
3002 4048 3105 4088 non
3132 4042 3338 4088 tantum
3368 4033 3644 4101 potuisset,
3677 4032 3720 4086 si
3747 4032 3848 4086 hoc
3870 4046 3981 4086 non

2386 4128 2627 4182 dixisset.
2660 4125 2792 4180 Vide
2822 4126 3018 4195 ubique
3043 4124 3317 4180 daemones
3345 4125 3610 4194 gratiores
3636 4165 3652 4189 ,
3682 4140 3840 4194 quam
3878 4123 3979 4178 Ju-

2386 4218 2531 4271 daros
2550 4256 2563 4279 ,
2592 4230 2690 4271 nec
2718 4215 2980 4271 audentes
3008 4214 3379 4271 contradicere
3400 4254 3414 4279 ,
3445 4214 3526 4267 vel
3556 4228 3815 4268 accusare
3844 4229 3981 4283 apo-

2387 4308 2553 4361 stolos
2575 4348 2589 4373 ,
2620 4322 2795 4375 neque
2820 4306 3117 4361 Christum.
3152 4305 3264 4359 Illic
3301 4305 3486 4359 dicunt
3518 4324 3529 4359 :
3559 4306 3762 4361 Scimus
3792 4316 3839 4359 te
3863 4309 3981 4377 quis

2387 4398 2497 4461 sis;
2527 4407 2617 4460 et,
2665 4396 2767 4451 Cur
2819 4398 2994 4450 venisti
3044 4396 3141 4450 huc
3185 4405 3304 4450 ante
3357 4405 3555 4465 tempus
3606 4406 3836 4465 torquere
3890 4414 3982 4451 nos

2389 4489 2602 4558 (Matth.
2634 4488 2687 4543 8.
2734 4487 2881 4559 29);
2918 4497 2973 4543 et
3011 4502 3244 4553 rursum,
3293 4488 3415 4545 Scio
3459 4499 3508 4544 te
3543 4490 3657 4557 quis
3683 4490 3773 4553 sis,
3807 4488 3982 4544 Filius

2389 4578 2485 4632 Dei
2515 4578 2704 4647 (Marc.
2736 4579 2788 4633 1.
2829 4579 2922 4651 24)
2954 4597 2965 4631 :
3000 4580 3086 4634 hic
3114 4595 3241 4635 vero
3266 4622 3282 4648 ,
3334 4580 3407 4633 Hi
3449 4582 3677 4634 homines
3722 4582 3851 4636 servi
3886 4583 3980 4638 Dei

2388 4670 2575 4724 excelsi
2601 4679 2718 4724 sunt
2751 4670 2886 4740 (Act.
2920 4670 3006 4725 16.
3035 4672 3098 4726 17
3118 4669 3174 4743 );
3203 4681 3258 4727 et
3285 4686 3523 4739 rursum,
3554 4671 3732 4727 Iesum
3768 4674 3906 4737 novi,
3937 4686 3983 4727 ct

2393 4760 2611 4814 Paulum
2639 4761 2763 4814 scio.
2792 4760 3009 4816 Multum
3040 4762 3181 4817 enim
3213 4763 3570 4818 formidabant
3597 4774 3649 4817 ct
3682 4764 3982 4821 tremebant

2390 4862 2605 4907 sanctos
2632 4853 2772 4908 illos.
2805 4854 2966 4909 Forte
2989 4856 3109 4925 quis
3133 4866 3371 4911 vestrum
3394 4857 3641 4921 audiens,
3670 4858 3817 4927 cupit
3842 4858 3984 4914 hanc

2390 4944 2587 4999 habere
2626 4954 2965 5015 potestatem,
3015 4955 3071 5000 ut
3116 4962 3196 5001 ne:
3226 4948 3403 5001 ausint
3448 4948 3663 5018 quidem
3708 4948 3985 5005 dmmoncs

2386 5038 2644 5092 adversus
2699 5036 2843 5090 illum
2904 5038 3196 5107 respicere,
3248 5050 3301 5094 et
3354 5051 3571 5095 sanctos
3624 5040 3747 5097 illos
3800 5056 3864 5097 ea
3917 5043 3984 5097 de

2388 5146 2548 5185 causa
2582 5130 2763 5184 beatos
2787 5130 3068 5199 praedicat,
3101 5133 3223 5200 quia
3254 5142 3452 5187 tantam
3476 5133 3712 5190 habuere
3743 5145 3983 5204 petesta-

2390 5233 2518 5278 tem.
2560 5222 2663 5276 Sed
2694 5223 2875 5277 audiat
2906 5223 3176 5277 Christum
3212 5223 3513 5280 dicentem:
3542 5225 3717 5280 Nolite
3736 5228 3979 5297 gaudere,

2389 5316 2508 5384 quia
2552 5314 2802 5369 (lanionia
2831 5315 2968 5368 vobis
2997 5314 3332 5384 subjiciuntur
3379 5315 3531 5385 (Luc.
3568 5316 3654 5370 lO.
3682 5317 3774 5386 20)
3805 5334 3819 5383 ;
3854 5320 3977 5387 quia

2392 5406 2597 5461 Sciebat
2624 5421 2811 5460 omnes
2841 5406 3085 5459 homines
3114 5406 3182 5461 ob
3225 5422 3419 5462 vanam
3459 5410 3683 5477 gloriam
3716 5424 3777 5463 ea
3824 5410 3894 5463 de
3926 5426 3980 5465 re

2391 5500 2623 5554 maxime
2673 5500 2952 5569 gavisurus
2990 5514 3131 5555 esse.
3178 5499 3311 5555 Nam
3352 5502 3397 5556 si
3448 5499 3523 5567 id,
3552 5501 3696 5570 quod
3724 5503 3980 5572 placitum

2393 5592 2502 5644 Deo
2525 5599 2607 5645 est
2630 5631 2646 5657 ,
2673 5592 2869 5661 quatris
2894 5634 2909 5657 ,
2938 5601 2993 5646 et
3022 5592 3162 5660 quod
3193 5595 3245 5649 in
3290 5598 3561 5648 communi
3593 5594 3847 5663 prodest,
3874 5598 3977 5651 alia

2392 5683 2562 5751 major
2600 5692 2681 5737 est
2711 5684 2815 5738 via.
2858 5684 2975 5738 Nun
3005 5684 3073 5739 ita
3104 5701 3350 5755 magnum
3382 5694 3464 5741 est
3511 5702 3539 5741 a
3572 5686 3815 5742 daemone
3844 5688 3977 5743 libe~

2394 5777 2534 5840 rari,
2566 5783 2625 5827 ut
2667 5790 2697 5828 a
2729 5784 2972 5845 peccato.
3010 5776 3228 5831 Daemon
3262 5793 3367 5831 non
3415 5776 3661 5847 impedit,
3694 5780 3978 5848 quominus

2398 5882 2620 5936 regnum
2651 5869 2903 5925 etclorum
2936 5884 3361 5941 consequamur;
3392 5872 3501 5928 imo
3527 5882 3868 5944 cooperatur,
3902 5874 3977 5929 in-
