4094 6336
124 414 218 469 291

125 530 233 597 γὰρ
284 526 318 594 η
384 518 698 593 ἀνθρωπίνη
751 514 950 586 φύσις·
1002 509 1212 581 ταχέως
1270 503 1688 560 ἐπιλανθάνεται
1737 495 1812 553 ὧν

126 621 519 692 εύεργετεῖται.

201 690 272 768 ’Π
296 716 358 767 ού
384 709 689 784 μέμνησθε,
719 708 801 761 ὅτι
830 704 925 759 καὶ
975 702 1068 756 ἐπὶ
1104 700 1213 753 τῶν
1238 696 1361 751 καθ’
1398 696 1550 767 ἡμᾶς
1586 690 1813 762 γενομέ-

131 828 237 864 νων
267 810 328 861 τὺ
356 807 487 861 αὐτὸ
516 805 673 858 τοῦτο
720 802 976 871 γέγονεν;
1028 794 1167 850 Εἱπέ
1202 795 1310 864 γάρ
1341 808 1468 861 μοι,
1490 790 1552 842 οὐ
1586 788 1817 857 πέρυσιν

130 905 377 970 ἐτίναξεν
408 903 436 954 6
464 901 597 962 Θεὸς
618 900 717 970 τὴν
754 896 912 950 πόλιν
945 894 1156 955 πᾶσανς
1190 890 1255 942 Τί
1295 887 1417 951 δαί;
1451 884 1572 954 ούχί
1616 882 1817 945 πάντες

132 1003 225 1055 ἐπὶ
255 1000 317 1052 τὺ
341 997 597 1068 φώτισμα
636 993 903 1065 ἕδραμον;
943 989 1064 1058 οὐχὶ
1093 986 1283 1057 πόρνοι
1312 981 1409 1036 καὶ
1447 977 1684 1051 μαλακοὶ
1724 976 1819 1068 καὶ

132 1063 543 1163 διεφθαρμένοι,
567 1063 845 1158 οἰκήματα
875 1082 1107 1153 ἀφέντες
1136 1080 1230 1134 καὶ
1263 1077 1390 1139 τοὺς
1406 1075 1603 1136 τόπους
1641 1070 1699 1123 ὲν
1736 1063 1817 1134 οἷς

132 1187 439 1260 διέτριϐον,
514 1182 919 1256 μετετέθησαν,
990 1176 1087 1229 καὶ
1154 1171 1447 1242 γεγόνασιν
1522 1166 1815 1231 εύλαϐεῖς;

144 1281 371 1353 Ἐπειδὴ
422 1281 480 1335 δὲ
528 1281 679 1350 τρεῖς
730 1276 935 1347 ἡμέραι
1001 1268 1313 1341 παρῆλθον,
1366 1264 1532 1318 πάλιν
1580 1261 1672 1314 ἐπὶ
1718 1260 1819 1331 τὴν

131 1377 344 1431 οίκείαν
399 1371 703 1443 ἐπανῆλθον
749 1368 969 1423 κακίαν.
1029 1365 1199 1418 Πόθεν
1256 1362 1313 1414 δὲ
1368 1360 1526 1413 τοῦτο
1558 1358 1816 1426 ,γίνεται;

146 1470 282 1523 Ἀπὸ
318 1469 418 1539 τῆς
446 1465 647 1536 πολλῆς
703 1462 954 1523 νωθείας.
1002 1458 1106 1513 Καὶ
1154 1457 1208 1510 τί
1254 1453 1591 1525 θαυμαστὸν,
1629 1455 1676 1505 εί
1708 1452 1816 1505 τῶν

135 1561 484 1632 πραγμάτων
518 1556 899 1631 παρελθόντων
918 1596 934 1622 ,
975 1556 1110 1607 ὅπου
1140 1569 1205 1622 γε
1232 1551 1341 1604 τῶν
1372 1550 1596 1603 εἰκόνων
1637 1547 1819 1618 διηνε-

135 1660 249 1722 κῶς
282 1656 561 1730 μενουσῶν
589 1655 651 1707 τὸ
684 1653 816 1707 αὐτὸ
863 1652 1105 1721 γίνεται;
1143 1647 1246 1702 -Τά
1288 1649 1346 1702 ἐν
1395 1647 1671 1718 Σοδόμοις,
1698 1644 1821 1697 είπέ

139 1774 253 1828 μοι,
282 1755 406 1823 οὐχι
434 1751 665 1823 διηνεκῆ
710 1748 998 1819 τυγχάνει;
1035 1746 1101 1799 Τί
1122 1740 1252 1811 οῦνς
1303 1745 1353 1797 οἱ
1403 1740 1825 1813 προσοικοῦντες

134 1851 245 1904 ἀπὸ
269 1848 477 1902 τούτων
506 1847 764 1915 γεγόνασι
807 1841 1086 1913 βελτίους;
1123 1838 1411 1908 Οὐδαμῶς.
1451 1837 1516 1889 Τί
1551 1835 1642 1888 δαὶ⁵
1674 1836 1701 1887 6
1730 1832 1825 1886 τοῦ

136 1942 262 1994 Νῶε
322 1941 472 2007 υίός;
532 1940 655 2010 οὐχὶ
716 1935 954 1998 τοιοῦτος
1003 1930 1107 2004 ἦν;
1173 1932 1296 2003 οὐχ).
1334 1932 1393 1983 ἐν
1428 1930 1584 2009 ὄψεσι
1615 1928 1828 1999 βλέπων

137 2037 377 2109 ἐρημίαν
400 2034 673 2103 τοσαύτην
716 2029 887 2093 κακὸς
929 2024 1033 2099 ἧν;
1069 2026 1162 2096 Μὴ
1188 2025 1252 2096 δὴ
1296 2023 1669 2094 θαυμάζωμεν
1707 2022 1828 2087 πῶς

137 2132 238 2185 οὐκ
281 2129 616 2182 ἐπίστευσαν
672 2122 880 2177 τούτων
933 2120 1264 2190 γενομένων,
1324 2120 1460 2172 ὅπου
1516 2134 1580 2184 γε
1621 2115 1761 2187 αὐτῆ
1792 2119 1826 2186 ἡ

140 2227 330 2285 πίστις
362 2221 625 2282 πολλάκις
655 2221 734 2282 είς
753 2218 1065 2271 τούναντίον
1090 2214 1275 2277 αὐτοῖς
1301 2212 1717 2283 περιτρέπεται,
1750 2214 1831 2275 εὶς

141 2321 344 2375 κακίαν
366 2336 378 2349 ·
416 2314 530 2370 οἷον
560 2316 636 2378 ὡς
656 2317 787 2368 ὅταν
829 2309 1169 2383 δαιμονῶντα
1211 2307 1415 2375 λέγωσι
1444 2306 1537 2358 τὸν
1566 2306 1695 2359 Υίὸν
1733 2306 1829 2359 τοῦ

138 2413 297 2469 Θεοῦ.
352 2412 426 2465 Ἢ
467 2410 567 2480 οὐχ
621 2408 784 2479 ὁρᾶτε
834 2407 930 2460 καὶ
986 2406 1082 2459 νῦν
1153 2402 1329 2456 ταῦτα
1386 2400 1682 2471 γινόμενα,
1738 2400 1832 2454 καὶ

137 2511 393 2583 όφιώδεις
433 2504 757 2577 ἀνθρώπους
808 2504 970 2567 ὄντας
1011 2501 1264 2566 πολλοὺς,
1316 2499 1582 2562 ἀπίστους
1630 2514 1689 2550 τε
1736 2495 1832 2550 καὶ

139 2605 493 2677 ἀγνώμονας,
540 2602 590 2655 οἳ
618 2602 714 2654 καλ⁵
741 2601 885 2654 κατὰ
917 2598 1016 2662 τὰς
1064 2598 1229 2667 ἔχεις,
1280 2598 1410 2651 ὅταν
1448 2594 1833 2650 ἀπολαύσωσιν

140 2703 507 2775 εὐεργεσίας,
554 2700 649 2752 καὶ
707 2694 1019 2765 θαλφθῶσιν
1054 2696 1157 2748 ὑπό
1190 2712 1376 2760 τινων,
1437 2693 1557 2746 τότε
1602 2689 1832 2742 λυποῦσι

140 2801 268 2863 τοὺς
302 2796 638 2867 εύεργέτας;
674 2792 860 2846 Ταῦτα
892 2793 1025 2863 ἡμῖν
1071 2792 1306 2864 εἴρηται,
1348 2790 1437 2843 ἵνα
1477 2789 1551 2860 μή
1577 2804 1660 2849 τις
1700 2786 1834 2838 θαυ-

144 2894 299 2968 μάζῃ
364 2890 481 2954 πῶς
531 2887 790 2944 τοιούτων
851 2885 1096 2958 σημείων
1153 2886 1463 2957 γενομένων
1529 2885 1588 2939 οὐ
1630 2884 1835 2945 πάντες

143 2985 518 3058 ἐπέστρεψαν.

209 3184 283 3249 γ’.
322 3176 453 3231 Ἰδοὺ
474 3174 581 3246 γὰρ
596 3174 691 3228 ἐπὶ
709 3172 816 3227 τῶν
835 3175 1044 3245 καιρῶν
1062 3173 1170 3228 τῶν
1194 3170 1476 3244 ἡμετέρων
1494 3170 1561 3224 τὰ
1586 3167 1727 3224 κατά
1748 3169 1835 3223 τὸν

147 3272 429 3344 μακάριον
450 3269 704 3325 Βαϐύλαν
724 3270 936 3339 γέγονε,
954 3268 1106 3343 [512]
1123 3270 1192 3324 τά
1212 3269 1354 3323 κατὰ
1378 3268 1447 3322 τὰ
1465 3268 1532 3322 ἰε
1542 3267 1837 3339 ροσόλυμα,

142 3368 213 3421 τὰ
252 3366 401 3421 κατά
434 3368 535 3436 τὴν
565 3365 889 3436 καθαίρεσιν
927 3365 1036 3419 τῶν
1063 3364 1248 3435 ίερῶν,
1279 3365 1374 3417 καὶ
1414 3365 1473 3417 ού
1518 3362 1843 3427 πάντεςιέπ-

145 3461 517 3533 έστρεψαν.Τί
532 3462 613 3513 δεῖ
633 3462 702 3513 τὰ
715 3460 922 3514 παλαιά
939 3460 1134 3529 λέγειν;
1155 3461 1388 3531 Πέρυσιν
1409 3456 1561 3513 εἷπον
1578 3460 1710 3529 ὑμῖν
1730 3452 1840 3513 οἷον

144 3559 371 3626 γέγονε,
406 3556 503 3610 καὶ
525 3556 703 3619 οὐδεὶς
733 3554 1061 3626 προσέσχεν,
1108 3553 1244 3609 ἀλλά
1265 3554 1432 3608 πάλιν
1459 3552 1601 3607 κατά
1644 3553 1841 3623 μικρὸν

148 3655 512 3727 ὐπερρύησαν
540 3655 635 3707 καὶ
678 3652 1000 3707 κατέπεσον.
1040 3651 1283 3723 Ἕστηκε
1316 3650 1582 3721 διηνεκῶς
1610 3653 1638 3704 6
1677 3652 1843 3720 ούρα-

146 3754 240 3816 νὸς
272 3752 438 3824 βοῶν,
471 3752 555 3804 ὃτι
605 3749 872 3819 δεσπότην
937 3747 1073 3818 ἐχει,
1108 3746 1203 3799 καὶ
1252 3744 1495 3818 τεχνίτου
1548 3745 1692 3810 τινός
1727 3748 1844 3799 ἐστι

145 3848 271 3903 τόδε
301 3846 364 3901 τὸ
388 3847 499 3900 πᾶν
531 3844 657 3915 (τὸν
693 3844 901 3915 κόσμον
925 3842 1128 3913 λέγω).
1175 3843 1269 3896 καὶ
1300 3841 1517 3911 λέγουσί
1566 3858 1734 3905 τινες,
1762 3843 1845 3894 ὅτι

148 3944 293 4015 οὐχί.
334 3942 419 3996 Τά
464 3941 606 3994 κατά
654 3940 933 4011 Θεόδωρον
981 3940 1190 3993 ἐκεῖνον
1238 3937 1583 4009 γεγενημένα
1622 3938 1845 4008 πέρυσι,

150 4042 275 4093 τίνα
302 4040 406 4091 οὐκ
426 4036 692 4105 ἐξέπληξε
717 4053 731 4101 ;
765 4036 876 4088 Καὶ
900 4036 1050 4105 ὅμως
1078 4035 1229 4088 οὐδὲν
1253 4034 1415 4087 πλέον
1443 4034 1690 4102 γέγονεν,
1712 4034 1848 4089 ἀλλὰ

154 4137 294 4208 πρὸς
320 4135 515 4206 καιρὸν
544 4134 830 4204 γενόμενοι
870 4130 1144 4196 εὐλαϐεῖς,
1188 4131 1355 4185 πάλιν
1391 4131 1698 4202 ἐπανῆλθον
1724 4132 1848 4197 ὅθεν

154 4231 449 4299 γεγόνασιν
475 4229 743 4292 εὐλαϐεῖς.
771 4228 944 4282 Τοῦτο
975 4230 1071 4283 καὶ
1119 4229 1215 4283 ἐπὶ
1262 4229 1371 4282 τῶν
1408 4227 1681 4298 Ἐϐραίων
1727 4227 1849 4281 τότε

157 4326 361 4396 συνέϐη
382 4342 395 4355 ο
424 4325 504 4379 διὸ
530 4327 624 4378 καὶ
654 4324 841 4393 ἐλεγεν
868 4326 896 4378 ό
926 4326 1215 4397 προφήτης
1239 4339 1254 4354 ·
1276 4325 1463 4378 Ὅταν
1492 4324 1849 4378 ἀπέκτεινεν

157 4421 406 4487 αὐτοὺς,
441 4421 577 4475 τότε
603 4419 929 4490 ἐξεξήτουν
956 4420 1167 4488 αὐτόν,
1198 4420 1298 4476 καί
1336 4420 1717 4491 ἐπέστρεφον
1746 4421 1849 4475 καί

155 4517 442 4588 ὤρθριζον
484 4518 634 4585 πρὸς
664 4518 773 4571 τὸν
804 4518 973 4571 Θεόν.
1022 4517 1137 4571 Καὶ
1174 4516 1228 4570 τί
1271 4517 1351 4571 δεῖ
1402 4518 1581 4586 λέγειν
1619 4518 1687 4571 τά
1714 4519 1849 4573 καθ-

156 4616 355 4677 ολικά;
394 4611 551 4665 πόσοι
590 4612 766 4675 νόσοις
812 4612 1175 4684 περιέπεσον;
1233 4612 1390 4667 πόσοι
1452 4614 1852 4685 ἐπηγγείλαντο

158 4710 499 4771 ἀναστάντες
529 4708 731 4780 πολλὴν
752 4709 851 4781 τὴν
887 4708 1192 4789 μεταϐολὴν
1227 4709 1594 4781 ἐργάσασθαι,
1624 4710 1719 4765 καὶ
1742 4711 1848 4765 πά-

159 4807 246 4859 λιν
272 4808 321 4858 οί
374 4804 529 4858 αὐτοὶ
583 4804 869 4875 γεγόνασι;
903 4804 1076 4858 Τοῦτο
1121 4804 1358 4875 μάλιστα
1393 4803 1669 4859 δείκνυσιν
1716 4806 1851 4876 ἡμῖν

160 4901 262 4972 τὴν
324 4899 688 4971 προαίρεσιν,
745 4899 840 4951 καὶ
887 4897 986 4969 τὴν
1045 4898 1362 4970 ἐλευθερίαν
1422 4898 1525 4969 τῆς
1574 4899 1851 4970 ἡμετέρας

162 4996 406 5067 φύσεως,
436 4997 471 5067 ἡ
498 4996 671 5065 ἀθρόα
703 4995 994 5067 μεταϐολή.
1017 4995 1079 5048 EE
1109 4996 1219 5068 γάρ
1259 4995 1466 5065 φυσικά
1493 4990 1563 5066 ἦν
1590 4994 1657 5050 τά
1679 4995 1849 5061 κακὰ,

160 5094 275 5148 οὐδ’
305 5096 370 5149 ἂν
398 5093 539 5163 αὕτη
566 5092 758 5161 γέγονε
778 5110 790 5122 ·
820 5093 930 5146 τῶν
958 5093 1068 5164 γάρ
1097 5093 1243 5146 κατά
1269 5094 1429 5161 φύσιν
1458 5095 1553 5147 καὶ
1602 5094 1850 5165 ἀνάγκην

160 5191 225 5246 οὐ
250 5190 534 5261 δυνάμεθα
574 5174 961 5258 μεθίστασθαι.
993 5189 1105 5243 Καὶ
1135 5189 1243 5261 μὴν
1267 5188 1667 5261 μεθιστάμεθα,
1692 5191 1847 5261 φησί.

162 5292 243 5345 Οὐ
269 5290 542 5361 βλέπομεν
562 5289 672 5363 γάρ
700 5306 854 5353 τινας
886 5288 1046 5359 φύσει
1076 5290 1175 5361 μέν
1209 5289 1432 5361 ἔχοντας
1470 5290 1719 5361 βλέπειν,
1745 5295 1851 5348 ὑπὸ

160 5386 263 5440 τοῦ
307 5385 473 5455 φόϐου
498 5385 555 5438 δέ
581 5384 1025 5455 τυφλουμένουςς
1060 5386 1286 5457 Ἐπειδὴ
1314 5388 1408 5440 καὶ
1448 5386 1605 5441 τοῦτο
1637 5390 1853 5457 φύσεώς

161 5489 290 5539 ἐστι
325 5480 727 5547 συστέλλεσθαι,
779 5483 906 5539 ὅταν
946 5482 1107 5553 φύσις
1150 5485 1311 5555 ἑτέρα
1362 5486 1676 5560 προσέλθῃ⁹
1711 5489 1853 5542 ὥστε

163 5580 316 5636 κατά
337 5580 498 5651 φύσιν
528 5581 660 5651 ἡμῖν
689 5583 806 5635 ἐστι
831 5580 894 5634 τὺ
927 5581 1328 5652 πεφοϐημένοις
1353 5582 1428 5655 μὴ
1453 5584 1691 5655 βλέπειν,
1711 5588 1851 5641 κατὰ

165 5677 335 5749 φύσιν
362 5676 417 5730 δὲ
451 5677 545 5730 καὶ
594 5676 678 5739 τὸ,
741 5677 987 5748 μείζονος
1036 5680 1485 5750 παραγενομένου
1533 5682 1737 5750 φόϐου,
1762 5684 1855 5737 τὸν

164 5778 359 5845 ἕτερον
412 5772 829 5839 ὑπεξίστασθαι.
890 5775 955 5828 Τί
1006 5792 1121 5844 ουν,
1170 5774 1236 5829 ἂν
1284 5776 1447 5847 καὶὴ
1498 5780 1849 5851 σωφροσύνη,

165 5872 331 5943 φησὶ,
359 5869 502 5925 κατά
536 5869 635 5939 μέν
665 5869 826 5940 φύσιν
922 5910 937 5935 ,
969 5872 997 5925 ό
1025 5872 1083 5926 δέ
1122 5871 1284 5941 φόϐος
1338 5875 1617 5946 κρατήσας
1648 5876 1852 5945 ταύτην

239 6027 255 6053 ⁸
286 6025 431 6078 Alius
453 6028 517 6089 μὴ
553 6028 770 6090 φυσικόν.

1188 391 1253 447 ΙΝ
1294 389 1478 446 ACTA
1518 379 2062 441 APOSTOLORUM.
2102 379 2338 437 llOMlL.
2371 377 2507 434 XLI.

3492 372 3601 429 293

1918 496 2159 569 ἐκϐάλῃς
2203 497 2269 549 τι
2298 492 2413 562 οὖν,
2462 496 2528 549 ἂν
2579 495 2737 562 δείξω
2769 493 2921 560 τινάς
2953 491 3089 564 μηδέ
3117 490 3237 545 τότε
3268 485 3599 560 σωφρονιζο-

1919 594 2144 663 μένους,
2169 591 2304 658 ἀλλά
2335 592 2428 645 καὶ
2458 593 2515 645 ἐν
2541 591 2751 655 τούτοις
2779 595 2893 655 τοῖς
2924 590 3109 661 φόϐοις
3142 589 3303 652 ὄντας
3339 585 3567 657 ἰταμούς
3585 625 3601 651 ,

1916 692 1976 744 οὐ
2004 691 2232 759 φυσικὸν
2272 704 2297 731 δ
2326 690 2485 743 τοῦτό
2538 692 2708 745 ἐστιν.
2766 692 2920 744 Εἴπω
2966 690 3034 743 τὰ
3080 687 3321 751 παλαιά;
3352 685 3490 739 ἀλλά
3531 686 3603 737 τὰ

1914 788 2045 852 νέα;
2089 789 2252 840 Πόσοι
2284 788 2348 858 δὴ
2394 790 2451 841 ἐν
2491 786 2677 851 αὐτοῖς
2734 785 2964 849 ἐκείνοις
3021 786 3134 847 τοῖς
3194 781 3384 852 φόϐοις
3438 781 3605 834 ἐναπ-

1914 881 2135 951 έμειναν
2171 881 2457 948 γελῶντες,
2493 881 2874 951 χλευάζοντες,
2906 894 3001 934 και
3020 878 3173 932 οὐδὲν
3208 876 3408 931 ἔπαθον
3428 874 3606 929 τοιοῦ-

1914 991 2040 1041 τον;
2070 973 2208 1025 Είπέ
2237 991 2349 1044 μοι,
2382 973 2628 1045 όΦαραὼ
2656 974 2758 1027 οὐκ
2791 973 2999 1036 εὐθέως
3042 970 3357 1042 μεθίστατο,
3388 970 3484 1023 καὶ
3510 967 3605 1019 ἐπὶ

1912 1070 2011 1142 τὴν
2040 1070 2317 1142 προτέραν
2364 1066 2565 1124 κακίαν
2616 1070 2911 1142 ἀνέτρεχε;
2959 1066 3229 1122 Ἐνταῦθα
3270 1065 3349 1133 δέ,
3377 1065 3471 1120 ἐπὶ
3495 1062 3605 1116 τῶν

1914 1168 1983 1221 τὰ
2030 1168 2284 1237 δαιμόνια
2338 1168 2607 1238 ἐχόντων,
2655 1168 2832 1221 καίτοι
2865 1168 2967 1220 οὐκ
3015 1163 3358 1233 ἀγνοούντων
3397 1162 3603 1228 αὐτῶν,

1916 1262 2311 1333 προσετίθεσαν
2340 1262 2532 1327 ἁπλῶς
2560 1264 2609 1315 οἱ
2644 1262 2916 1331 λέγοντες.
2963 1259 3074 1313 Τόν
3117 1256 3353 1325 Ἰησοῦν
3377 1254 3606 1326 ὁρκίζο-

1912 1376 2027 1427 μεν
2049 1358 2226 1429 ὑμᾶς,
2275 1361 2347 1414 ὃν
2378 1360 2627 1426 Παῦλος
2668 1360 2996 1428 κηρύσσει·
3052 1356 3122 1408 δι’
3160 1348 3235 1409 ὧν
3265 1354 3378 1425 γὰρ
3410 1354 3609 1408 ἀπολο-

1917 1454 2161 1522 γοῦνται,
2204 1457 2501 1522 δείκνυται,
2551 1457 2634 1509 ὅτι
2672 1455 2841 1508 ἴσασι.
2874 1453 2979 1505 Τὸν
3013 1449 3225 1522 Ἰησοῦν
3255 1448 3311 1501 δὲ
3355 1448 3611 1516 λέγουσιν

1919 1555 2116 1606 ἐκεῖνοι
2152 1552 2362 1618 ἁπλῶς,
2404 1552 2521 1605 δέον
2546 1552 2723 1604 εἰπεῖν
2753 1550 2845 1603 τὸν
2871 1549 2971 1619 τῆς
2994 1546 3322 1615 οἰκουμένης
3354 1543 3609 1613 Σωτῆρα.

1919 1648 2011 1701 τὸν
2034 1648 2346 1701 ἀναστάντα
2368 1662 2381 1673 ·
2425 1644 2553 1698 ἀλλ’
2581 1644 2682 1697 οὐκ
2715 1643 2907 1714 ἤθελον
2944 1639 3283 1710 ὁμολογῆσαι
3314 1636 3413 1707 τῆν
3451 1635 3613 1701 δόξαν

1922 1742 2111 1797 αὐτοῦ.
2148 1742 2239 1794 Διὸ
2268 1742 2361 1793 καὶ
2415 1740 2627 1811 ἐλέγχει
2685 1738 2886 1801 αὐτοὺς
2944 1738 2973 1790 6
3020 1736 3232 1804 δαίμων
3264 1731 3614 1801 ἐπιπηδήσας

1925 1840 2132 1903 αὐτοῖς,
2178 1839 2274 1890 καὶ
2326 1836 2529 1890 εἰπών’
2599 1836 2712 1890 Τὸν
2750 1835 2997 1902 Ἰησοῦν
3040 1832 3335 1903 γινώσκω,
3376 1829 3474 1882 καὶ
3510 1829 3616 1881 τεν

1925 1933 2173 1987 Παῦλον
2192 1933 2540 2002 ἐπίσταμαι.
2580 1934 2726 1985 Ὠσεὶ
2749 1933 2935 2001 ἔλεγεν
2955 1947 2969 1962 ο
3002 1930 3194 2000 Ὑμεῖς
3223 1930 3285 1981 οὐ
3304 1925 3614 1989 πιστεύετε,

1927 2031 2057 2084 ἀλλ’
2092 2031 2541 2102 ἀποκεχρημένοι
2590 2030 2669 2101 τῷ
2720 2030 2947 2101 ὀνόματι
2982 2027 3159 2082 ταῦτά
3200 2043 3360 2096 φατε.
3397 2021 3616 2077 Οὐκοῦν

1928 2126 2133 2197 ἕρημος
2174 2129 2202 2180 6
2240 2126 2388 2193 ναὸς,
2438 2125 2918 2194 εὐκαταγώνιστον
2971 2126 3034 2179 τὸ
3082 2124 3310 2187 σκεῦοςο
3344 2121 3486 2174 ὥστε
3512 2119 3617 2172 οὐκ

1927 2225 2051 2277 ἐστέ
2082 2226 2348 2295 κήρυκες,
2398 2225 2528 2279 ἀλλ’
2576 2224 2725 2295 ἐμοὶ,
2764 2223 2951 2293 φησὶν,
3000 2221 3145 2275 ἐστέ.
3183 2218 3360 2281 Πολὺς
3391 2217 3420 2270 6
3447 2214 3639 2286 θυμὸς.

1927 2320 2020 2374 τοῦ
2052 2321 2327 2390 δαίμονος.
2378 2319 2674 2374 Ἥδύναντο
2714 2318 2889 2373 ταῦτα
2939 2318 3140 2380 αὐτοὺς
3202 2312 3620 2385 ἐργάσασθαιοὶ
3735 2309 3744 2318 ’

1929 2415 2238 2482 ἀπόστολοι,
2270 2415 2397 2470 ἀλλ’
2417 2416 2517 2469 οὐκ
2561 2416 2781 2469 ἐποίουν
2823 2416 2982 2480 τέως.
3015 2416 3077 2469 Οἱ
3109 2414 3221 2485 γὰρ
3252 2412 3361 2466 τῶν
3389 2411 3620 2481 ἐργαζο-

1931 2514 2114 2586 μένων
2141 2515 2340 2591 αὐτούς
2370 2511 2545 2568 ταῦτα
2581 2513 2936 2584 κρατοῦντες,
2969 2510 3153 2581 πολλῷ
3185 2507 3386 2581 μᾶλλον
3415 2504 3619 2561 αὐτῶν.

1933 2612 2076 2682 Ὅρα
2134 2610 2250 2675 πῶς
2292 2609 2568 2663 δείκνυται
2632 2608 2817 2663 αὐτῶν
2882 2611 2916 2679 ἡ
2974 2607 3269 2672 ἐπιείκεια,
3320 2605 3403 2657 ὅτι
3440 2603 3488 2655 οί
3523 2602 3624 2672 μὲν

1932 2706 2286 2776 ἐλαυνόμενοι
2306 2705 2535 2760 τοιαῦτα
2563 2704 2834 2770 ποιοῦσιν,
2868 2704 2917 2757 οἱ
2943 2703 3000 2757 δὲ
3035 2700 3468 2773 θεραπευόμενοι
3506 2696 3624 2751 δαί-

1936 2820 2095 2874 μονες
2116 2801 2402 2855 τάναντία.
2436 2802 2549 2855 Τόν
2590 2801 2858 2868 Ἰησοῦν,
2892 2804 3049 2870 φησὶ,
3084 2799 3381 2870 γινώσκω.
3407 2795 3622 2851 Οὐκοῦν

1934 2896 2265 2967 αἰσχύνθητε
2298 2898 2347 2949 ot
2369 2895 2522 2968 [515]
2552 2895 2872 2965 ἀγνοοῦντες
2897 2896 3076 2966 ὑμεῖς.
3108 2894 3219 2949 Καὶ
3248 2893 3355 2948 τὸν
3378 2890 3627 2947 Παῦλον

1932 2992 2280 3060 ἐπίσταμαι.
2329 2990 2527 3055 Καλῶς
2584 2991 2681 3045 καὶ
2736 2989 2934 3045 τοῦτο·
2984 2991 3101 3063 ᾔδει
3150 2991 3260 3062 γάρ
3312 2987 3449 3043 Θεοῦ
3495 2987 3628 3040 ὄντα

1935 3089 2173 3159 κήρυκα.
2200 3082 2335 3140 Εἶτα
2362 3086 2653 3156 ἐφάλλεται
2671 3086 2773 3139 ἐπ’
2796 3087 3017 3154 αὐτοὺς,
3050 3088 3146 3141 καὶ
3162 3087 3529 3160 διαρῤήγνυσι
3558 3087 3629 3137 τὰ

1937 3183 2164 3253 ίμάτια·
2197 3183 2279 3235 δι’
2317 3176 2393 3237 ὧν
2432 3182 2607 3237 ἐποίει
2638 3182 2848 3248 αὐτοῖς,
2889 3182 3051 3235 τοῦτο
3091 3183 3377 3253 μονονουχὶ
3410 3182 3586 3245 λέγων
3611 3194 3626 3209 ·

1936 3280 2030 3351 Μὴ
2083 3280 2365 3352 νομίσητε,
2419 3281 2502 3334 ὅτι
2548 3278 2907 3349 καταφρονῶν
2955 3278 3182 3333 ἐκείνων
3232 3277 3409 3332 ταῦτα
3467 3276 3629 3330 ποιῶ.

1940 3378 2117 3441 Πολὺς
2157 3379 2186 3430 6
2241 3375 2408 3446 φόϐος
2456 3374 2553 3429 τοῦ
2604 3374 2881 3445 δαίμονος.
2938 3374 3050 3428 Καὶ
3090 3373 3182 3427 διά
3235 3374 3289 3426 τί
3330 3372 3503 3445 χωρὶς
3520 3372 3638 3426 τῶν

1942 3469 2207 3545 ῥημάτων
2236 3472 2442 3526 τούτων
2488 3471 2550 3523 οὐ
2581 3468 2867 3541 διέρρηξεν
2902 3467 3082 3522 αὐτῶν
3107 3468 3179 3521 τά
3225 3467 3454 3540 ίμάτια;
3489 3468 3636 3522 οὕτω

1938 3569 2050 3640 γὰρ
2077 3567 2145 3621 ἂν
2169 3566 2266 3618 καὶ
2294 3566 2386 3617 τὸν
2413 3562 2586 3632 θυμὸν
2612 3561 2924 3634 ἐπλήρωσε,
2963 3561 3059 3614 καὶ
3091 3561 3192 3632 τὴν
3233 3561 3443 3633 πλάνην
3470 3562 3636 3635 ἐστη-

1943 3680 2056 3716 σεν.
2097 3660 2401 3729 Ἐφοϐεῖτο,
2422 3659 2561 3729 ὅπερ
2590 3658 2751 3728 ἔφην,
2768 3657 2868 3727 τὴν
2892 3657 3189 3730 ἀπρόσιτον
3210 3658 3239 3699 ι)
3262 3658 3516 3730 δύναμιν,
3541 3658 3637 3712 καὶ

1941 3760 2042 3812 οὐκ
2071 3758 2136 3812 ἂν
2167 3756 2423 3811 τοσοῦτον
2488 3757 2731 3825 ἴσχυσεν,
2791 3756 2839 3806 εί
2894 3754 2970 3825 μὴ
3018 3753 3180 3807 τοῦτο
3199 3750 3375 3809 εἶπεν.
3410 3757 3553 3827 Ὅρα
3579 3755 3637 3811 δέ

1944 3852 2224 3923 πανταχοῦ
2268 3852 2395 3915 τοὺς
2448 3849 2709 3921 δαίμονας
2766 3848 3311 3920 εὐγνωμονεστέρους
3352 3850 3462 3902 τῶν
3506 3851 3640 3902 Ἰου-

1943 3950 2128 4015 δαίων,
2166 3947 2263 4001 καὶ
2289 3946 2350 3999 οὐ
2385 3944 2704 4015 τολμῶντας
2741 3946 3046 4010 ἀντειπεῖν,
3091 3946 3212 3999 ούδέ
3252 3945 3640 4018 κατηγορῆσαι

1951 4046 2061 4099 τῶν
2118 4042 2461 4107 ἀποστόλων,
2503 4042 2625 4094 ούδέ
2689 4042 2786 4095 τοῦ
2850 4043 3110 4113 Χριστοῦ.
3177 4044 3323 4097 Ἐκεῖ
3366 4043 3640 4112 λέγουσιν,

1952 4139 2213 4209 Οἵδαμέν
2264 4154 2339 4192 σε
2374 4137 2466 4203 τίς
2494 4133 2587 4190 εἷ’
2616 4137 2731 4203 καὶ,
2783 4136 2847 4190 Τί
2887 4132 3072 4207 ἦλθες
3101 4130 3219 4191 ὧοε
3273 4136 3387 4207 πρὸ
3421 4138 3641 4207 καιροῦ

1942 4235 2290 4300 βασανίσαι
2323 4232 2516 4302 mm,-
2548 4233 2644 4285 καὶ
2684 4232 2868 4297 πάλιν,
2908 4230 3055 4287 Οἶδά
3093 4250 3168 4288 σε
3198 4235 3291 4300 τίς
3313 4231 3386 4302 εἶ,
3424 4237 3456 4288 ὁ
3496 4235 3635 4301 Υἱὸς

1948 4328 2055 4383 τοῦ
2085 4327 2237 4383 Θεοῦ
2266 4344 2279 4357 ·
2308 4326 2546 4381 ἐνταῦθα
2598 4327 2678 4393 δὲ,
2732 4323 2911 4385 Οὗτοι
2970 4332 3028 4383 οἱ
3081 4328 3382 4398 ἅνθρωποι
3425 4329 3642 4385 δοῦλοι

1947 4423 2052 4477 τοῦ
2090 4423 2237 4477 Θεοῦ
2290 4422 2400 4476 τοῦ
2454 4423 2729 4491 ὑψίστου
2774 4424 2898 4476 εἰσί
2945 4439 2959 4452 ⁸
3010 4423 3107 4476 καὶ
3165 4424 3350 4489 πάλιν,
3390 4423 3645 4495 Τὸνμὲν

1959 4518 2206 4587 Ἰησοῦν
2229 4515 2524 4587 γινώσκω,
2568 4517 2798 4571 καὶτὸν
2827 4519 3080 4573 Παῦλον
3110 4519 3460 4589 ἐπίσταμαι.
3491 4522 3647 4576 Πάνυ

1948 4616 2057 4687 γάρ
2078 4614 2415 4668 ἐδεδοίκεσαν
2448 4615 2543 4668 καὶ
2564 4613 2793 4685 ἔτρεμον
2825 4617 2952 4679 τούς
2984 4615 3174 4685 ἁγίους
3198 4616 3463 4682 ἐκείνους.
3489 4620 3645 4689 Τάχα

1947 4730 2032 4777 τις
2061 4713 2218 4784 ὐμῶν
2247 4712 2463 4766 ἀκούων
2486 4753 2500 4778 ,
2532 4712 2689 4765 ποθεῖ
2715 4713 2809 4767 ἐπὶ
2845 4712 3051 4783 ταύτης
3083 4713 3341 4781 γενέσθαι
3361 4715 3461 4785 τῆς
3490 4716 3646 4781 ἐξου-

1950 4811 2092 4877 σίας,
2144 4809 2285 4863 ὦστε
2342 4810 2416 4880 μὴ
2466 4808 2728 4863 δύνασθαι
2769 4808 3032 4880 δαίμονας
3082 4811 3428 4866 ἀντιϐλέπειν
3472 4814 3642 4884 αύτῷ,

1948 4908 2043 4961 καὶ
2068 4906 2363 4978 μακαρίζει
2402 4907 2529 4969 τοὺς
2570 4905 2762 4973 ἀγίους
2802 4907 3047 4971 ἐκείνους
3080 4907 3169 4962 διὰ
3188 4908 3348 4962 τοῦτο
3366 4951 3381 4975 ,
3410 4911 3492 4963 ὅτι
3518 4928 3647 4963 τοσ-

1950 5003 2121 5075 αύτην
2172 4998 2318 5072 εἶχον
2375 5000 2551 5071 ίσχύν.
2589 5000 2730 5054 Ἀλλ’
2758 5002 3008 5056 ἀκουέτω
3050 5004 3145 5056 τοῦ
3186 5005 3426 5077 Χριστοῦ
3455 5007 3648 5077 λέγον-

1950 5116 2039 5163 τος
2072 5114 2086 5127 ·
2118 5098 2215 5165 Μὴ
2241 5098 2505 5166 χαίρετε,
2532 5096 2622 5150 ὅτι
2647 5096 2717 5150 τὰ
2739 5097 3017 5167 δαιμόνια
3038 5099 3183 5169 ὑμῖν
3203 5097 3644 5157 ὑποτάσσεταιο

1950 5195 2141 5265 ἐπειδὴ
2175 5193 2290 5264 ᾔδει
2322 5193 2535 5257 πάντας
2582 5192 2906 5263 ἀνθρώπους
2949 5194 3186 5264 μάλιστα
3233 5195 3409 5267 τούτῳ
3436 5198 3650 5269 χαίρον-

1950 5309 2048 5355 τας
2081 5292 2171 5345 διά
2191 5289 2521 5354 κενοδοξίαν.
2562 5289 2625 5341 EE
2652 5288 2760 5357 γὰρ
2794 5288 2854 5340 τὸ
2888 5289 2963 5359 τῷ
3001 5288 3123 5359 Θεῷ
3151 5301 3172 5328 ο
3218 5290 3411 5344 δοκοῦν
3464 5292 3651 5364 ζητεῖς

1953 5390 2048 5443 καὶ
2084 5388 2146 5442 τὸ
2184 5388 2337 5457 κοινῇ
2390 5384 2693 5457 συμφέρον,
2746 5385 2908 5456 ἑτέρα
2937 5387 3141 5456 μείζων
3182 5388 3331 5442 ἐστὶν
3359 5389 3498 5454 ὁδός.
3531 5388 3652 5447 Οὐκ

1952 5486 2099 5541 ἔστιν
2155 5484 2301 5538 οὕτω
2350 5484 2497 5555 μέγα
2548 5481 2804 5553 δαίμονος
2859 5483 3191 5550 ἀπαλλάξαι,
3249 5487 3327 5551 ὡς
3372 5488 3651 5558 ἁμαρτίας

1954 5581 2260 5651 ἐξελέσθαι.
2288 5581 2515 5651 Δαίμων
2536 5580 2599 5631 οὐ
2627 5579 2828 5633 κωλύει
2861 5580 3139 5650 βασιλείας
3177 5582 3427 5652 οὐρανῶν
3465 5586 3653 5639 ἐπιτυ-

1954 5683 2091 5752 χεῖν,
2122 5678 2259 5733 ἀλλὰ
2289 5678 2383 5731 καὶ
2415 5676 2799 5748 συμπράττει,
2830 5681 2982 5732 ἄκων
3019 5678 3141 5749 μὲν,
3194 5681 3543 5750 συμπράττει
3569 5683 3653 5748 δὲ,

1955 5775 2400 5847 σωφρονέστερον
2436 5773 2528 5828 τδν
2575 5773 2770 5843 ἔχοντα
2816 5772 2987 5827 ποιῶν
3016 5790 3027 5803 ·
3069 5774 3317 5845 ἁμαρτία
3361 5775 3417 5829 δέ
3447 5776 3651 5832 ἐκϐἀλο

1956 5875 2057 5927 λει.

2013 6050 2041 6090 ι,
2066 6029 2202 6081 Idem
2232 6031 2317 6089 τὴν
2358 6029 2641 6094 ἀπόῥρητον.
2714 6032 2733 6059 ε
2760 6027 2894 6079 Unus
2920 6029 3008 6091 γὰρ
3028 6030 3095 6088 τῷ
3118 6030 3228 6091 Ε)εῷ
