4094 6336
505 313 604 370 25-5

567 422 628 476 δ’.
668 419 806 472 Ἀλλ’
839 417 1096 488 ἰσωςὲρεῖ
1118 431 1219 478 τις”
1249 415 1340 485 Μὴ
1356 412 1564 481 γένοιτό
1591 425 1682 482 μοι
1712 408 1951 463 τοιούτου
1980 405 2163 476 τυχεῖν

497 505 900 579 σωφρονισμοῦ.
927 504 1062 558 Οὐδὲ
1095 501 1206 571 ἐγὼ
1239 500 1521 572 βούλομαι,
1550 498 1666 552 ἀλλ’
1696 497 1910 568 ἑτέρου,
1940 494 2048 548 ἀπὸ
2068 490 2162 544 τοῦ

501 595 667 650 πόθου
695 593 790 646 τοῦ
817 589 1054 664 Χριστοῦ
1081 590 1258 643 πάντα
1305 590 1497 641 ποιεῖν.
1527 585 1591 638 Εἰ
1621 584 1699 647 δὲ,
1739 583 1767 636 δ
1811 583 1888 654 μὴ
1932 580 2160 664 γένοιτο,

502 681 744 752 συμϐαίη
802 661 898 734 καί
932 679 1072 750 ὑπὲρ
1100 677 1290 731 τούτου
1322 673 1680 747 παρακαλεῖν.
1713 673 1778 726 Εἰ
1808 670 1985 724 τοίνυν
2017 661 2170 730 οὗτος

505 770 606 840 μὲν
629 769 730 822 οὐκ
756 767 1030 832 ἐκϐάλλει,
1053 765 1235 835 ἐκείνη
1277 764 1332 818 δὲ
1358 760 1628 826 ἐκϐάλλει,
1677 759 1739 813 τὸ
1760 758 1974 827 ἐκείνης
1997 755 2174 835 ἀπαλ-

501 853 664 918 λάξαι
692 852 936 926 μείζονος
960 851 1294 924 εὐεργεσίας.
1312 848 1521 903 Οὐκοῦν
1550 846 1755 915 ταύτης
1780 844 2174 914 σπουδάζωμεν

502 941 864 995 ἀπαλλάττειν
887 941 1012 1003 τοὺς
1033 937 1259 1009 πλησίον
1295 935 1388 989 καὶ
1411 935 1520 1006 πρὸ
1534 933 1643 988 τῶν
1671 931 2059 1000 πλησίονήμᾶς
2076 929 2175 982 αὐ-

501 1027 648 1092 τούς.
677 1029 921 1098 Ἰδωμεν,
1061 1024 1290 1095 δαίμονα
1320 1024 1553 1094 ἔχωμεν·
1577 1020 1922 1089 ἐξετάσωμεν
1947 1016 2174 1080 ἑαυτοὺς

503 1115 748 1185 ἀκριϐῶς
759 1153 772 1168 .
791 1114 1050 1185 Δαίμονος
1065 1109 1445 1182 χαλεπώτερον
1457 1107 1720 1180 ἁμαρτία·
1736 1107 1942 1170 ἰκεῖνος
1956 1105 2055 1175 μὲν
2065 1104 2173 1175 γὰρ

504 1202 790 1263 ταπεινοὺς
829 1203 993 1254 ποιεῖ.
1030 1200 1101 1252 Ἦ
1125 1199 1223 1270 οὐχ
1251 1199 1415 1270 ὁρᾶτε
1464 1197 1591 1259 τοὺς
1619 1194 2010 1266 δαιμονῶντας,
2046 1192 2172 1244 ὅταν

505 1288 866 1357 ἀνενέγκωσιν
893 1285 1004 1340 ἀπὸ
1055 1287 1158 1357 τῆς
1191 1284 1371 1352 νόσου,
1407 1283 1525 1348 πῶς
1562 1278 1668 1335 εἰσι
1718 1281 2003 1350 κατηφεῖς,
2056 1276 2174 1342 πῶς

507 1353 862 1448 σκυθρώποίς
895 1376 1012 1439 πῶς
1045 1353 1308 1445 αἰσχύνης
1339 1374 1406 1428 1&
1448 1373 1716 1444 πρόσωπα
1761 1371 1944 1427 αὐτῶν
1971 1372 2170 1443 γέμει;

507 1465 624 1530 πῶς
672 1465 795 1519 οὐδὲ
851 1462 1173 1532 ἀντιϐλέψαι
1225 1459 1530 1532 τολμῶσινς
1591 1461 1732 1530 Ὅρα
1782 1458 1880 1531 τὴν
1922 1460 2172 1514 ἀτοπίανο

508 1552 707 1606 ἐκεῖνοι
737 1554 835 1623 μὲν
863 1552 1002 1622 ὑπὲρ
1032 1544 1108 1604 ὧν
1160 1549 1462 1618 πάσχουσιν
1510 1547 1878 1618 αἰσχύνονται,
1910 1547 2069 1618 ἡμεῖς
2118 1547 2176 1600 δὲ

509 1639 648 1709 ὑπὲρ
679 1631 754 1692 ὧν
775 1637 1087 1709 πράττομεν
1105 1635 1205 1689 οὐκ
1237 1633 1626 1705 αἰσχυνόμεθα·
1658 1636 1855 1688 ἐκεῖνοι
1882 1632 2175 1704 ἀδικούμε-

509 1743 588 1778 νοι
623 1725 921 1790 αἰδοῦνται,
951 1725 1112 1795 ἡμεῖς
1162 1720 1474 1784 ἀδικοῦντες
1510 1721 1612 1774 οὐκ
1639 1720 1953 1790 αἰδούμεθα’
2002 1720 2176 1774 καίτοι

509 1815 577 1866 τὰ
604 1811 826 1865 ἐκείνων
881 1811 982 1864 οὐκ
1036 1808 1299 1878 αἰσχύνης
1329 1808 1474 1873 ἄξια,
1509 1807 1626 1861 ἀλλ’
1659 1807 1811 1860 ἐλέου
1845 1807 1940 1860 καὶ
1989 1808 2176 1876 φιλανο

512 1899 758 1970 θρωπίας
791 1900 884 1952 καὶ
913 1895 1260 1966 συγγνώμης.
1297 1896 1392 1948 καὶ
1413 1894 1605 1948 πολλοῦ
1634 1895 1727 1947 τοῦ
1759 1893 2034 1964 θαύματος
2064 1895 2178 1947 -καί

514 1986 723 2056 μυρίων
754 1985 862 2038 τῶν
906 1983 1162 2047 ἐπαίνων,
1201 1983 1330 2036 ὃταν
1387 1982 1481 2036 καὶ
1508 1980 1734 2051 τοιούτῳ
1779 1981 2175 2048 προσπαλαίον-

511 2090 600 2136 τες
646 2072 881 2144 δαίμονι,
935 2071 1114 2125 πάντα
1157 2069 1498 2140 εὐχαρίστως
1549 2068 1777 2140 φέρωσι·
1837 2069 1905 2124 τὰ
1951 2069 2009 2123 δὲ
2044 2070 2181 2141 ήμέ-

512 2176 644 2230 τερα
671 2160 905 2228 γέλωτος
953 2158 1144 2223 δντως,
1179 2157 1460 2228 αἰσχύνης,
1491 2153 1847 2234 κατηγορίας,
1887 2157 2182 2221 κολάσεως,

512 2247 803 2316 τιμωρίας,
835 2245 950 2298 τῶν
985 2245 1228 2315 ὲσχάτων
1267 2244 1452 2297 κακῶν
1479 2245 1575 2298 καί
1616 2244 1860 2314 γεέννης,
1893 2244 2007 2298 ἀλλ’
2037 2245 2183 2298 οὐδε-

513 2333 648 2403 μιᾶς
688 2331 837 2404 [514]
888 2331 1016 2397 ἀξια
1071 2331 1419 2401 συγγνώμης.
1461 2331 1645 2401 Ὁρᾷς,
1681 2331 1762 2384 ὅτι
1807 2331 2184 2402 χαλεπώτερον

515 2420 767 2490 δαίμονος
800 2419 1079 2490 ἀμαρτία;
1137 2419 1247 2471 Καὶ
1298 2421 1496 2471 ἐκεῖνοι
1547 2420 1646 2490 μὲν
1696 2419 1755 2483 ἐξ
1784 2413 1858 2474 ὧν
1916 2419 2187 2490 πάσχουσι

518 2507 704 2564 κακῶς
734 2520 783 2571 ιι,
816 2506 1161 2577 κερδαίνουσι
1190 2507 1380 2579 κέρδος
1405 2505 1645 2560 διπλοῦν·
1679 2506 1737 2561 ἓν
1762 2509 1859 2579 μὲν
1888 2507 1952 2560 τὺ
1971 2524 2186 2578 σωφρο-

517 2595 757 2658 νίζεσθαι
801 2595 893 2648 καὶ
930 2594 1355 2666 φιλοσοφώτεροι
1409 2587 1574 2660 εἶναι,
1616 2594 1868 2668 δεύτερον
1912 2581 1967 2648 δὲ
1993 2593 2053 2648 τὸ
2090 2594 2190 2666 τὴν

521 2682 740 2735 κόλασιν
794 2680 1031 2737 ἐνταῦθα
1081 2683 1187 2736 τῶν
1246 2682 1462 2736 οἰκείων
1518 2682 1928 2754 ἁμαρτημάτων
1985 2682 2188 2746 δόντες,

521 2768 750 2839 καθαροί
804 2769 937 2840 πρὸς
970 2769 1060 2823 τὸν
1112 2769 1389 2840 Δεσπότην
1419 2769 1695 2825 ἀπελθεῖν.
1750 2769 1862 2824 Καὶ
1893 2770 2001 2842 γὰρ
2048 2771 2190 2841 ὑπὲρ

522 2855 713 2910 τούτου
767 2857 1122 2929 διελέχθημεν
1189 2856 1470 2923 πολλάκις,
1525 2857 1619 2910 καί
1668 2857 1951 2928 ἐδείξαμεν
2002 2858 2052 2924 ιι,
2108 2859 2190 2912 ὅτι

521 2946 645 3010 τοὺς
693 2945 927 3000 ἐνταῦθα
962 2946 1378 3017 κολαζομένους,
1436 2945 1503 2999 ἂν
1551 2947 1908 3017 εὐγνωμόνως
1961 2948 2188 3017 φέρωσι,

525 3031 695 3085 πολλά
742 3033 852 3086 τῶν
886 3034 1306 3104 ἁμαρτημάτων
1346 3031 1698 3087 ἀποτίθεσθαι
1748 3034 1915 3097 εἰκός.
1953 3034 2087 3087 Ἀπὸ
2135 3035 2194 3089 δὲ

523 3119 634 3174 τῶν
677 3121 1092 3191 ἁμαρτημάτων
1136 3121 1299 3173 διπλᾶ
1349 3119 1416 3173 τὰ
1456 3120 1624 3183 δεινά,
1671 3120 1728 3173 ἓν
1763 3121 1861 3190 μὲν
1888 3123 1970 3174 ὅτι
2021 3139 2193 3194 προσ-

525 3208 816 3278 κρούομεν,
856 3209 1041 3278 ἕτερον
1097 3207 1152 3261 δὲ
1189 3208 1268 3260 ὅτι
1311 3206 1525 3279 χείρους
1563 3207 1846 3278 γινόμεθα.
1889 3209 2194 3281 Προσέχετε

524 3288 570 3362 ᾧ
610 3297 774 3364 λέγω.
828 3297 902 3348 Οὐ
938 3295 1095 3348 τοῦτο
1151 3296 1310 3364 μόνον
1354 3294 1685 3365 ἀδικούμεθα
1716 3297 1825 3349 ἀπὸ
1866 3296 1966 3367 τῆς
2015 3299 2195 3370 ἀμαρ-

527 3384 669 3448 τίας,
704 3384 785 3436 ὅτι
831 3383 1241 3453 ἁμαρτάνομεν,
1278 3377 1539 3437 ἀλλάκαί
1585 3382 1796 3454 ἕτερον,
1840 3384 1923 3437 ὅτι
1967 3385 2079 3450 ἕξιν
2108 3386 2196 3438 δέ·

528 3471 740 3541 χεταιή
775 3469 941 3542 ψυχὴ,
971 3465 1083 3524 οἷον
1131 3469 1206 3534 ὡς
1245 3470 1336 3524 ὲπί
1381 3469 1651 3541 σώματος·
1704 3473 2038 3545 σαφέστερον
2091 3475 2197 3547 γάρ

527 3557 682 3612 ἔσται
726 3558 819 3611 ἐπὶ
871 3557 1269 3628 ὐποδείγματος
1314 3556 1627 3628 λεγόμενον.
1678 3559 1949 3630 Καθάπερ
2010 3561 2119 3632 γὰρ
2173 3565 2201 3616 ό

529 3644 769 3718 πυρέξας
794 3646 855 3698 οὐ
899 3645 1058 3699 τοῦτο
1105 3644 1265 3715 μόνον
1300 3643 1578 3714 ἠδίκηται,
1615 3646 1698 3699 ὅτι
1751 3651 1916 3712 νοσεῖ,
1954 3649 2068 3701 ἀλλ’
2118 3651 2200 3702 ὅτι

535 3731 678 3801 μετὰ
696 3731 792 3802 τὴν
842 3731 997 3784 νόσον
1035 3730 1422 3800 ἀσθενέστερος
1470 3731 1681 3798 γίνεται
1725 3731 1930 3797 λοιπὸν,
1968 3733 2074 3786 κᾶν
2124 3736 2202 3797 εἰς

534 3820 726 3887 ὑγείαν
774 3817 1058 3871 ἐπανέλθοι
1089 3817 1196 3870 ἀπὸ
1223 3819 1378 3870 νκίσου
1413 3819 1653 3888 μακρᾶς*
1685 3817 1829 3871 οὕτω
1861 3818 1923 3891 δὴ
1977 3819 2069 3872 καί
2114 3821 2204 3873 ἐπὶ

535 3907 631 3975 τῆς
683 3905 981 3976 ἁμαρτίας,
1027 3903 1131 3958 κᾶν
1181 3904 1535 3975 ὐγιαίνωμεν,
1587 3904 1667 3958 ἔτι
1722 3905 1927 3975 πολλῆς
1975 3905 2204 3976 δεόμεθα

534 3996 634 4064 τῆς
669 3994 872 4064 ἰσχύος.
923 3993 1033 4046 Ἴδε
1072 3993 1179 4064 γάρ
1213 4009 1307 4063 μοι
1339 3992 1636 4066 ὐϐρίσαντά
1666 4010 1808 4059 τινα,
1858 3994 1951 4046 καί
1995 3995 2070 4066 μὴ
2121 4015 2206 4050 τι·-

541 4083 884 4152 μωρηθέντα·
943 4081 1005 4135 οὐ
1045 4081 1134 4134 διὰ
1171 4081 1329 4134 τοῦτο
1381 4082 1540 4150 μόνον
1573 4081 1853 4152 δακρύειν,
1887 4083 1968 4137 ὅτι
2016 4085 2077 4138 οὐ
2107 4087 2204 4156 τῆς

543 4168 752 4238 ὕϐρεως
781 4167 938 4238 δίκην
999 4168 1255 4234 δίδωσιν,
1302 4168 1439 4222 ἀλλά
1489 4169 1583 4222 καί
1628 4169 1694 4223 δι’
1755 4170 1942 4242 ἕτερον
1989 4173 2206 4225 πενθεῖν

540 4254 709 4319 ἄξιον.
768 4255 926 4308 Ποῖον
975 4255 1041 4326 δὴ
1087 4255 1276 4321 τοῦτο;
1328 4256 1451 4308 Ὂτι
1503 4257 1965 4328 ἀναισχυντοτέρα
2015 4258 2204 4327 γέγονε

539 4341 724 4394 λοιπὸν
755 4343 787 4412 ή
823 4342 993 4413 ψυχή.
1037 4341 1300 4394 Ἐκάστου
1331 4342 1438 4411 γὰρ
1481 4341 1589 4395 τῶν
1622 4344 2060 4415 ἁμαρτημάτων,
2116 4349 2208 4399 καὶ

540 4431 641 4501 τῆς
691 4431 970 4503 ἁμαρτίας
1007 4430 1367 4501 έργασθείσης
1415 4430 1510 4482 καί
1539 4432 1916 4502 παυσαμένης,
1963 4435 2212 4488 ἐναποτί-

539 4519 693 4572 θεταί
741 4537 825 4584 τις
861 4520 1019 4591 ήμῶν
1073 4520 1152 4582 ἰὸς
1200 4521 1268 4589 τῇ
1293 4517 1461 4588 ψυχῇ.
1516 4517 1630 4571 Οὐκ
1677 4519 1893 4583 ἀκούεις
1945 4520 2210 4590 λεγόντων

541 4607 726 4669 τινῶν,
775 4609 902 4662 ὅταν
954 4610 1020 4662 ἐκ
1073 4608 1228 4662 νόσου
1273 4606 1607 4679 ὑγιάνωσινκ
1640 4608 1720 4660 ὃτι
1755 4609 1868 4662 Οὐκ
1915 4609 1996 4663 ἔτι
2029 4611 2212 4684 τολμῶ

545 4694 692 4764 ὕδωρ
725 4697 900 4760 πιείν;
933 4694 1112 4747 καίτοι
1161 4712 1225 4762 γε
1275 4694 1512 4764 ὐγίανεν·
1564 4693 1678 4748 ἀλλ’
1711 4697 1742 4765 ἡ
1774 4697 1939 4759 ’νόσος
1971 4698 2065 4751 καὶ
2090 4699 2212 4752 τοῦ-

545 4800 606 4836 το
661 4783 905 4853 ἠδίκησε.
960 4783 1217 4835 Κάκεῖνοι
1279 4784 1376 4852 μὲν
1428 4783 1612 4847 κακῶς
1664 4784 1989 4855 πάσχοντες,
2049 4789 2213 4859 εὐχα-

547 4870 843 4940 ριστοῦσιν·
884 4872 1046 4940 ἡμεῖς
1091 4871 1148 4925 δὲ
1182 4867 1240 4924 εῦ
1271 4871 1623 4941 πράττοντες,
1658 4873 2080 4948 βλασφημοῦμεν
2123 4877 2215 4932 τὸν

545 4959 700 5023 Θεὸν,
731 4960 823 5014 καὶ
857 4959 1358 5032 ἀποδυσπετοῦμεν·
1404 4960 1653 5024 πλείονας
1684 4961 1793 5032 γάρ
1839 4962 2020 5034 εὕροις
2050 4966 2117 5018 ἂν
2158 4968 2214 5018 ὲν

547 5047 703 5118 ὐγείᾳ
763 5049 857 5101 καί
909 5047 1122 5119 πλούτῳ
1163 5049 1320 5102 τοῦτο
1369 5048 1677 5113 ποιοῦντας,
1743 5049 1775 5121 ἢ
1820 5053 1877 5103 έν
1928 5053 2088 5123 πενίᾳ
2123 5055 2215 5107 καὶ

548 5136 848 5207 ἀρρωστίᾳ.
914 5136 1214 5208 Ἐφέστηκε
1239 5136 1347 5208 γὰρ
1377 5140 1406 5191 ὁ
1451 5136 1658 5208 δαίμων
1704 5138 1780 5202 ὼς
1809 5139 1998 5210 δήμιος
2048 5141 2216 5205 ὄντως

553 5221 781 5292 σφοδρὸς
829 5223 1068 5277 ἀπειλῶν
1120 5223 1310 5287 πολλὰ,
1359 5225 1606 5296 καθάπερ
1656 5237 1680 5266 ο
1735 5243 1819 5290 τις
1873 5227 2219 5296 παιδαγωγὸς

551 5314 643 5367 τὸν
701 5315 899 5383 ἱμάντα
951 5313 1247 5368 ἀνατείνων
1279 5352 1296 5378 ,
1363 5315 1456 5368 καί
1525 5316 1824 5386 οὐδαμόθεν
1883 5317 2218 5388 ἀναχυθῆναι

549 5402 750 5468 ἀφιείς.
790 5401 850 5454 Εἰ
887 5401 941 5453 δέ
965 5419 1110 5465 τινες
1139 5401 1260 5473 μηδ’
1298 5398 1441 5455 οῦτω
1474 5404 1712 5473 νήφοιεν,
1765 5404 1879 5456 ἀλλ’
1931 5401 2025 5458 οῦν
2083 5406 2220 5458 ὲκεῖο

553 5505 630 5541 νοι
656 5488 859 5544 διδόασι
885 5488 912 5527 ά
951 5488 1125 5558 δίκην.
1164 5490 1236 5542 Οὐ
1284 5490 1479 5561 μικρὸν
1509 5491 1566 5543 δὲ
1598 5494 1690 5545 καὶ
1737 5492 1910 5546 τοῦτο⁹
1965 5494 2219 5565 καθάπερ

553 5576 661 5646 γὰρ
718 5576 767 5627 οἰ
807 5574 1003 5645 μωροὶ,
1066 5574 1315 5648 καθάπερ
1372 5578 1421 5629 οἰ
1480 5577 1818 5648 μαινόμενοι,
1881 5580 2136 5651 καθάπερ
2169 5585 2218 5636 οἰ

614 5724 631 5745 ⁸
660 5725 906 5792 Πάσχουσι
929 5726 1092 5792 κακῶς
1113 5724 1258 5792 ἀθεεὶ
1277 5728 1343 5792 _in_
1391 5741 1486 5775 uno
1527 5728 1716 5777 codice.
1806 5750 1834 5789 ι,
1853 5730 1947 5792 καὶ
1977 5731 2214 5792 ἐδείξαμεν

553 5787 763 5852 dpean
790 5799 900 5835 uno.
989 5791 1010 5817 ε
1038 5789 1133 5852 AJij
1178 5789 1568 5852 σφοδρὸςίπολλά
1613 5793 1760 5849 λέγων
1798 5787 2026 5852 ⁴ιῖαθςῖιτιερ.
2094 5787 2212 5840 (ι’ίιιι

556 5850 786 5917 ίῖςιῐηπιεζι.
814 5854 866 5895 et
885 5862 1010 5917 ιιῃυβ
1043 5848 1149 5917 ch_.
1176 5863 1188 5908 ;
1241 5848 1431 5917 MOII_t_f.,
1457 5859 1564 5913 post
1588 5848 1760 5913 SaﬁL,
1790 5854 1841 5900 Εἰ
1867 5853 1916 5901 δέ
1936 5848 2056 5906 τινες
2103 5855 2212 5914 μηδ’

557 5911 678 5958 οὑτω
698 5911 826 5971 vim,
855 5911 958 5959 οὐδὲ
985 5913 1056 5960 ὲκ.
1083 5912 1309 5960 δώσουσι.
1342 5911 1476 5962 Emi.

1275 302 1334 358 s.
1379 297 1661 358 JOANNIS
1702 288 2195 353 cmwsoswom
2235 285 2562 348 malum
2609 288 3160 347 coxsmmmov.
3777 263 3779 267 ’
3844 284 3936 344 ea:

2271 403 2456 468 παῖδες
2489 406 2587 458 οὐκ
2637 403 2996 458 ἀπαιτοῦνται
3057 402 3317 464 εὐθύνας,
3374 400 3546 463 οὕτως
3595 399 3716 454 οὐδὲ
3776 393 3935 454 οὗτοι·

2269 491 2378 543 τῶν
2409 491 2517 560 γὰρ
2573 492 2673 545 οὐκ
2732 491 2792 544 ὲν
2847 489 3048 559 γνώσει
3101 487 3496 559 πραττομένων
3540 487 3720 550 οὐδεὶς
3753 485 3941 547 οὕτως

2271 578 2441 648 ώμὸς,
2481 577 2622 632 ὥστε
2674 580 2979 649 ἀπαιτῆσαι
3023 578 3179 649 δίκην
3226 576 3378 631 ποτέ.
3413 577 3560 646 ’Δρα
3612 572 3796 643 πολλῷ
3845 573 3944 625 τῶν

2272 666 2654 737 δαιμονώντων
2676 669 2859 738 χεῖρον
2888 666 3210 737 διακείμεθα
3238 668 3288 718 οἰ
3331 664 3760 736 ἁμαρτάνοντες.
3811 661 3946 714 Ἀλλ’

2273 755 2471 808 ὅτιούκ
2504 755 2829 826 ἀφρίζομεν,
2857 753 2982 808 οὐδὲ
3022 753 3419 824 διαστρέφομεν
3463 752 3562 816 τὰς
3612 751 3812 822 κόρας,
3835 751 3950 802 οὐδὲ

2273 841 2371 907 τάς
2398 845 2616 913 χεῖρας;
2650 840 2774 897 Είθε
2805 843 2862 895 ὲν
2888 841 2966 913 τῷ
3003 841 3216 912 σώματι
3270 840 3430 894 τοῦτό
3459 839 3835 911 ἐπράττομεν,
3863 839 3952 890 καί

2277 933 2353 1002 μὴ
2378 933 2435 985 ἐν
2463 935 2530 1005 τῇ
2559 933 2724 1004 ψυχῇ.
2744 931 2935 985 Βούλει
2961 948 3042 985 σοι
3066 928 3224 995 δείξω
3249 928 3430 999 ψυχὴν
3452 929 3800 999 ἀφρίζουσαν
3822 928 3950 980 ἀκά-

2275 1019 2493 1091 θαρτον,
2533 1020 2628 1074 καί
2658 1020 2990 1092 διαστροφὴν
3024 1019 3287 1090 ὀμμάτων
3329 1016 3611 1081 διανοίας;
3669 1015 3951 1085 Ἐννόησον

2273 1109 2398 1171 τοὺς
2417 1105 2803 1180 ὀργιζομένους
2840 1107 2935 1160 καί
2974 1105 3272 1176 μεθύοντας
3303 1102 3410 1157 ὐπὸ
3430 1101 3525 1156 τοῦ
3560 1101 3763 1172 θυμοῦ,
3789 1102 3952 1154 πόσου

2274 1197 2452 1269 ἀφροῦ
2499 1199 2599 1249 οὐκ
2636 1195 3052 1267 ἀκαθαρτότερα
3089 1193 3411 1247 ἐκϐάλλουσι
3455 1193 3711 1262 ρήματας
3751 1192 3953 1252 Ὄντως

2273 1283 2464 1356 ῶσπερ
2495 1283 2703 1355 δυσώδη
2737 1284 2911 1337 σίελον
2933 1281 3319 1346 ἀποϐλύζουσι.
3343 1279 3453 1334 Καὶ
3479 1278 3739 1348 καθάπερ
3763 1279 3953 1330 ἐκεῖνοι

2275 1371 2468 1426 οὐδένα
2503 1372 2650 1426 ἴσασι
2672 1371 2780 1426 τῶν
2815 1370 3120 1441 παρόντων,
3164 1367 3338 1431 οὕτως
3366 1366 3490 1419 οὐδὲ
3542 1359 3720 1418 οῦτοι.
3775 1366 3955 1418 Σκοτι⁴

2280 1459 2504 1530 σθείσης
2531 1460 2640 1531 γάρ
2665 1460 2849 1521 αὐτοῖς
2877 1458 2978 1530 τῆς
2998 1456 3239 1520 διανοίας
3265 1455 3358 1508 καί
3377 1453 3833 1524 διαστραφέντων
3857 1453 3956 1504 τῶν

2277 1548 2678 1619 όφθαλμῶν,οὐ
2711 1547 2885 1614 φίλον,
2935 1546 3036 1598 οὐκ
3090 1543 3304 1615 ἐχθρὸν,
3356 1542 3454 1596 οὐκ
3503 1541 3817 1610 αἰδέσιμον,
3865 1541 3958 1593 οὐκ

2279 1635 2774 1708 εὐκαταφρόνητον,
2807 1633 2941 1688 ἀλλά
2981 1633 3188 1694 πάντας
3214 1630 3401 1693 ἁπλῶς
3432 1629 3656 1701 ὁρῶσιν.
3697 1629 3817 1699 Οὐχ
3835 1630 3959 1698 ὁρᾷς

2279 1724 2475 1786 αὐτοὺς
2509 1725 2603 1776 καὶ
2630 1723 2928 1795 τρέμοντας
2980 1717 3136 1792 [515]
3185 1718 3439 1789 καθάπερ
3467 1716 3756 1781 ὲκείνους;
3827 1715 3959 1767 Ἀλλ’

2279 1812 2339 1864 οὐ
2373 1811 2632 1864 πίπτουσι
2661 1810 2834 1881 χαμαί
2858 1828 2872 1877 ;
2919 1808 3078 1862 Ἀλλά
3109 1808 3144 1877 ή
3171 1806 3320 1878 ψυχὴ
3373 1804 3552 1859 αὐτῶν
3583 1803 3771 1875 χαμαὶ
3796 1806 3962 1856 κεῖται

2280 1899 2374 1951 καὶ
2406 1897 2593 1951 πίπτει
2636 1897 2962 1967 σπαίρουσα·
2997 1897 3047 1948 εἰ
3092 1894 3201 1966 γὰρ
3240 1892 3379 1965 ὀρθὴ
3429 1892 3703 1964 εἰστήκει,
3751 1893 3855 1944 οὐκ
3903 1893 3964 1945 ἂν

2283 1985 2487 2039 ἔπαθεν
2516 1987 2698 2039 ἐκεῖνα
2727 1984 2869 2056 ἅπερ
2895 1982 3118 2037 ἔπαθεν.
3155 1982 3227 2035 ’Ἡ
3256 1981 3318 2053 οὐ
3348 1981 3495 2034 δοκεῖ
3519 1998 3603 2034 σοι
3625 1979 3972 2049 καταϐεϐλη-

2288 2075 2458 2145 μένης
2517 2069 2653 2128 εῐναι
2696 2073 2897 2144 ψυχῆς,
2947 2073 3048 2126 καί-
3086 2071 3186 2142 τὴν
3223 2069 3431 2125 οἰκείαν
3470 2069 3636 2140 νῆψιν
3685 2067 3966 2122 ἀπολωλε-

2287 2163 2444 2225 κυίας
2471 2173 2518 2226 ο,
2550 2163 2646 2215 καὶ
2681 2161 2717 2215 ἀ
2749 2161 2959 2214 ποιοῦσι
2984 2160 3079 2213 καὶ
3110 2158 3324 2227 λέγουσι
3350 2157 3645 2228 μεθύοντες
3672 2157 3758 2228 τῷ
3780 2156 3966 2228 θυμῷ;

2293 2249 2449 2301 Ἐστι
2477 2266 2529 2302 τι
2557 2249 2650 2300 καί
2678 2249 2863 2319 ἕτερον
2897 2246 3095 2318 μανίας
3144 2241 3284 2309 εἶδος
3317 2243 3508 2298 τούτου
3557 2243 3962 2315 χαλεπώτερον.

2289 2337 2447 2390 Ποῖον
2478 2335 2542 2407 δὴ
2560 2325 2757 2403 τοῦτοξ
2789 2335 2960 2388 Ὅταν
2991 2334 3128 2406 μηδὲ
3158 2336 3379 2403 ἀφεῖναι
3405 2333 3504 2404 τὴν
3531 2332 3710 2404 ὀργὴν
3747 2333 3969 2401 ἀνέχων-

2288 2442 2399 2488 ται,
2431 2424 2566 2480 ἀλλά
2585 2424 2826 2496 τρέφωσι
2853 2425 2983 2495 παρ’
3016 2424 3228 2485 ἑαυτοῖς
3260 2420 3536 2476 οἰκειακδν
3571 2419 3972 2492 καθάπερτινά

2288 2513 2480 2584 δήμιον
2512 2512 2612 2584 τήν
2639 2512 3025 2583 μνησικακίαν.
3050 2510 3259 2573 Αὐτοὺς
3287 2510 3397 2580 γὰρ
3425 2506 3683 2580 πρώτους
3711 2507 3972 2562 ἀπόλλυσι

2290 2603 2349 2654 τὸ
2380 2602 2742 2671 μνησικακεῖν
2762 2598 3012 2653 ἐντεῦθεν
3058 2599 3184 2671 ήδη,
3220 2597 3309 2651 ἵνα
3359 2597 3429 2652 τὰ
3465 2595 3740 2667 μέλλοντα
3797 2595 3969 2668 παρῶ.

2294 2689 2472 2759 Πόσην
2503 2689 2611 2760 γὰρ
2638 2687 2741 2742 οίει
2795 2687 3028 2759 βάσανον
3075 2683 3214 2742 εἶναι
3271 2685 3546 2758 ἀνθρώπῳ
3595 2685 3974 2757 πεπληγμένῳ

2291 2777 2389 2848 τὴν
2417 2777 2616 2849 ψυχὴν,
2648 2775 2773 2830 καθ’
2814 2776 3050 2845 ἑκάστην
3084 2774 3298 2846 ἡμέραν
3337 2773 3632 2828 σκοποῦντι
3658 2773 3819 2837 ὅπως
3839 2774 3975 2844 ἀμύ-

2290 2881 2450 2936 νηται
2482 2864 2573 2920 τὸν
2603 2863 2827 2936 ὲχθρὸν;
2864 2864 3134 2935 Πρότερον
3161 2863 3354 2916 ἑαυτὸν
3378 2861 3599 2926 κολάζει
3650 2861 3682 2914 δ
3711 2861 3972 2925 τοιοῦτος,

2292 2954 2389 3008 καὶ
2418 2957 2744 3025 τιμωρεῖται
2769 2954 3038 3020 οἰδαίνων,
3066 2953 3201 3024 πρὸς
3223 2952 3413 3006 ἑαυτὸν
3446 2953 3786 3024 μαχόμενος,
3814 2954 3977 3023 {91:0-

2297 3039 2598 3112 ριζόμενος.
2645 3041 2888 3110 Ἀνάγκη
2918 3040 3028 3110 γὰρ
3059 3040 3354 3104 διαπαντὸς
3397 3040 3655 3094 καίεσθαι
3713 3041 3869 3111 παρά
3898 3043 3977 3093 σοὶ

2294 3127 2357 3180 τὸ
2391 3125 2523 3197 πῦρ’
2556 3124 2652 3179 καὶ
2703 3125 2794 3177 τὸν
2827 3124 3061 3197 πυρετὸν
3113 3126 3207 3179 ὲπί
3236 3125 3489 3178 τοσοῦτον
3541 3125 3834 3192 ἐκτείνων,
3881 3127 3978 3179 οὐκ

2295 3214 2463 3284 ἀφίης
2497 3213 2883 3287 παρακμάσαι,
2921 3213 3017 3268 καὶ
3045 3212 3285 3284 νομίζεις
3344 3213 3537 3282 ἐκείνῳ
3563 3213 3772 3267 διδόναι
3800 3232 3852 3267 τι
3881 3232 3977 3267 κα-

2296 3303 2410 3370 κὸν,
2445 3303 2607 3366 αὐτὸς
2638 3303 2695 3356 δὲ
2754 3302 2981 3356 σεαυτὸν
3038 3303 3251 3372 τήκεις,
3297 3301 3595 3366 διαπαντὸς
3645 3301 3748 3372 τὴν
3808 3302 3981 3370 φλόγα

2296 3392 2655 3462 ἀκμάζουσαν
2688 3393 2891 3463 φέρων,
2921 3393 3015 3445 καὶ
3042 3389 3513 3445 διαναπαύσασθαι
3545 3390 3649 3461 τὴν
3674 3391 3855 3461 ψυχὴν
3881 3393 3998 3444 οὐκ-

2298 3481 2424 3543 ὲῶν,
2461 3482 2576 3535 ἀλλ’
2604 3481 3030 3553 έκθηριούμενος
3055 3480 3162 3546 ἀεὶ,
3197 3479 3293 3535 καί
3315 3481 3373 3534 ὲν
3399 3481 3608 3551 ταραχῇ
3644 3479 3740 3533 καί
3791 3483 3850 3535 ὲν
3873 3497 3981 3550 χει⁸

2303 3568 2441 3638 μῶνι
2461 3569 2551 3621 τὸν
2578 3568 2836 3638 λογισμὸν
2875 3568 3033 3638 ἔχων.

2372 3663 2430 3710 ε’.
2464 3657 2528 3709 Τί
2552 3657 2757 3727 ταύτης
2784 3655 3166 3727 χαλεπώτερον
3199 3658 3298 3728 τῆς
3329 3655 3544 3728 μανίας,
3570 3656 3865 3718 διαπαντὸς
3894 3655 3982 3707 λυ-

2303 3743 2524 3798 πεῖσθαι
2553 3745 2647 3797 καί
2677 3744 2838 3798 οἰδεῖν
2867 3743 2964 3796 καί
3010 3744 3405 3813 φλεγμαίνειν;
3455 3743 3716 3796 Τοιαῦται
3767 3744 3879 3813 γάρ
3935 3745 3983 3795 αἰ

2303 3831 2411 3885 τῶν
2452 3831 2808 3901 μνησικάκων
2837 3826 3047 3902 ψυχαί(
3083 3831 3213 3884 ἔνθα
3248 3832 3316 3885 ἂν
3371 3831 3555 3885 ῖδωσιν
3579 3831 3639 3884 δν
3700 3831 3984 3900 βούλονται

2302 3919 2636 3991 ἀμύνασθαι,
2690 3919 2893 3985 εὐθέως
2943 3921 3284 3992 ἐπλήγησαν
3325 3921 3392 3975 ἂν
3446 3920 3628 3990 φωνῆς
3683 3919 3981 3986 ἀκούσωσι,

2303 4007 2628 4072 κατέπεσον,
2659 4008 2974 4080 τρέμουσιν·
3003 4007 3070 4062 ἂν
3100 4010 3194 4062 ἐπὶ
3225 4009 3415 4079 κλίνης
3467 4001 3590 4072 ὦσι,
3629 4009 3831 4078 μυρίας
3858 4011 3984 4060 ἑαυ-

2303 4098 2414 4158 τοῖς
2446 4095 2827 4166 ὐπογράφουσι
2854 4097 3149 4168 τιμωρίας,
3177 4096 3540 4166 ἀναρτῶντες,
3601 4094 3986 4165 βασανίζοντες

2308 4186 2519 4236 ἐκεῖνον
2543 4185 2636 4238 τὸν
2688 4183 2903 4254 ἐχθρόν’
2945 4185 3082 4255 πρὸς
3116 4184 3174 4238 δὲ
3230 4184 3464 4248 τούτοις,
3524 4183 3592 4238 ἂν
3639 4184 3733 4238 καί
3781 4185 3985 4239 εὐδοκι-

2312 4271 2517 4342 μοῦντα
2574 4272 2747 4338 ῖδωσι,
2786 4269 2949 4341 βαϐαὶ
2998 4273 3099 4342 τῆς
3151 4273 3454 4342 τιμωρίαςι
3493 4274 3665 4339 Ἀφες
3720 4273 3878 4343 αὐτῷ
3933 4273 3987 4324 τὸ

2310 4361 2634 4431 ἁμάρτημα,
2662 4360 2758 4413 καί
2783 4359 3093 4426 ἀπάλλαξον
3124 4359 3318 4413 σαυτὸν
3377 4359 3478 4429 τῆς
3510 4360 3767 4429 βασάνου.
3793 4361 3863 4412 Τί
3896 4361 3986 4433 μέ-

2309 4465 2417 4510 νεις
2440 4447 2729 4512 διαπαντὸς
2770 4447 3152 4520 κολαζόμενος,
3185 4448 3270 4502 ἵνα
3306 4448 3515 4502 ἐκεῖνον
3547 4447 3695 4514 ἅπαξ
3751 4448 3988 4521 κολάσῃς

2311 4539 2408 4590 καὶ
2435 4539 2767 4610 τιμωρήσῃ;
2802 4537 2852 4590 τί
2895 4535 3329 4601 κατασκευάζεις
3360 4536 3578 4589 ἑκτικὸν
3609 4535 3794 4605 σαυτῷ
3836 4538 3989 4605 νόση-

2315 4641 2393 4693 μα
2431 4622 2496 4698 (ς
2541 4624 2593 4675 τί
2629 4623 2951 4695 βουλόμενον
2973 4622 3358 4691 ἀπαλλαγῆναί
3399 4638 3491 4675 σου
3518 4622 3607 4675 τὸν
3639 4622 3814 4692 θυμὸν
3862 4641 3985 4677 κατ-

2315 4711 2491 4781 ἐχει;;
2532 4711 2685 4781 Μηδὲ
2723 4711 2914 4782 μέχρις
2943 4711 3182 4781 ἑσπέρας
3208 4709 3440 4782 μενέτω,
3469 4710 3633 4780 φησὶν
3675 4713 3703 4764 ό
3755 4711 3984 4774 Παῦλος.

2316 4800 2583 4871 Καθάπερ
2629 4798 2738 4870 γὰρ
2784 4797 3029 4870 τηκεδών
3059 4815 3144 4862 τις
3188 4798 3283 4852 καί
3314 4797 3432 4870 σὴς,
3492 4797 3638 4852 οὕτω
3686 4798 3788 4869 τὴν
3842 4801 3988 4870 ῥίζαν

2315 4887 2416 4957 τῆς
2446 4888 2718 4958 ἡμετέρας
2768 4884 3060 4958 διατρώγει
3120 4887 3378 4950 διανοίας.
3432 4886 3499 4939 Τί
3549 4886 3735 4958 θηρίον
3797 4889 3984 4942 ἐναπο-

2318 4975 2517 5040 κλείεις
2541 4977 2621 5039 εἰς
2650 4976 2718 5029 τὰ
2747 4974 3034 5045 σπλάγχνα
3056 4975 3124 5028 τὰ
3157 4975 3260 5044 σάς
3295 4975 3512 5029 Βέλτιον
3543 4975 3668 5043 δφιν
3699 4975 3730 5046 ἦ
3755 4975 3886 5047 ἔχιν
3911 4979 3988 5043 ἑγο

2321 5063 2530 5117 κεῖσθαι
2558 5066 2626 5135 τῇ
2652 5062 2873 5135 καρδίᾳ,
2922 5063 2956 5134 ἢ
3015 5061 3182 5134 θυμὸν
3219 5064 3314 5118 καί
3364 5064 3748 5135 μνησικακίαψ
3817 5068 3990 5120 ἐκεῖνα

2323 5153 2420 5222 μὲν
2449 5151 2555 5222 γὰρ
2583 5149 2786 5213 εὐθέως
2809 5151 2873 5203 ἂν
2899 5151 3050 5221 ἡμᾶς
3077 5151 3407 5222 ἀπήλλαξεν,
3436 5144 3594 5216 οὗτος
3615 5151 3672 5204 δὲ
3705 5152 3869 5223 μένει
3897 5156 3990 5208 δια·

2323 5239 2543 5305 παντὸς,
2584 5240 2706 5302 τοὺς
2727 5237 2950 5301 ὀδόντας
2992 5240 3298 5311 ὲμπηγνύς,
3352 5241 3444 5294 τὸν
3481 5241 3557 5295 ἰὸν
3595 5241 3852 5306 ἐντιθεὶς,
3881 5244 3990 5301 τοὺς

2319 5331 2586 5400 χαλεποὺς
2612 5327 3019 5399 ἐπιστρατεύων
3050 5337 3076 5377 ε
3103 5329 3417 5401 λογισμούς.
3458 5330 3621 5384 um
3643 5329 3824 5385 ταῦτα

2321 5421 2503 5488 φησὶν,
2526 5419 2613 5471 ἴνα
2647 5417 2722 5489 μὴ
2749 5416 3118 5489 καταγελάσῃ,
3152 5417 3239 5472 ἵνα
3269 5419 3344 5490 μὴ
3369 5421 3777 5490 καταφρονήσῃ.
3819 5419 3987 5473 Ἀθλιι

2321 5507 2574 5575 ἄνθρωπε
2603 5507 2697 5559 καὶ
2724 5506 3063 5580 ταλαίπωρε,
3089 5509 3152 5560 οὐ
3178 5506 3358 5578 βούλει
3391 5508 3878 5577 καταγελασθῆναι
3907 5524 3988 5560 πτι-

2325 5594 2391 5665 9&
2425 5595 2517 5648 τοῦ
2549 5592 2859 5658 συνδούλου,
2899 5595 3035 5649 ἀλλά
3071 5595 3373 5667 μισηθῆναι
3437 5596 3587 5666 παρά
3617 5594 3713 5649 τοῦ
3770 5596 3877 5649 σοῦ
3912 5601 3982 5650 Δε-

2406 5737 2429 5763 c
2458 5723 2576 5783 Alii,
2600 5723 2921 5780 ἀπολωλυίας,
2945 5725 3096 5774 male.
3167 5725 3187 5763 ἲ
3215 5727 3421 5786 Quidam
3470 5726 3674 5783 ἐκτῆκον
3710 5727 3899 5774 σαυτὸν
3934 5725 3984 5770 τιί

2320 5787 2573 5847 νοσήματι,
2596 5799 2720 5850 quaa_
2740 5788 2899 5850 ⁸Ιιξοιὶο
2933 5799 3028 5850 non
3076 5788 3375 5850 spernenda,
3400 5794 3446 5838 te
3480 5788 3652 5838 umbo
3689 5788 3983 5850 ιᾳίιεῖαείεπε-

2323 5853 2346 5889 ε
2374 5846 2474 5907 Sic,
2496 5846 2795 5913 cum’codgq
2821 5849 3056 5898 (Zommcl.
3101 5846 3156 5898 ει
3181 5846 3687 5913 δανίιηεετίρσὶιουσ.
3719 5846 3984 5912 Legebat“
4054 5901 4055 5910 9

2325 5910 2670 5972 ἐκστρατεύων.
2721 5908 2858 5958 Eon.
