4088 6330
177 360 282 416 293

177 476 323 530 ritus
352 469 590 544 quidem,
622 469 717 525 sed
748 479 925 524 tamen
951 471 1272 535 cooperatur
1293 506 1309 530 ,
1335 461 1464 518 dum
1497 461 1779 517 continen-

176 565 375 621 tiorem
408 561 586 618 reddit
620 575 743 617 eum
770 572 930 630 quem
961 564 1187 626 occupat
1215 571 1230 609 :
1278 563 1557 625 peccatum
1587 566 1719 609 vero
1748 568 1781 608 e

177 670 349 726 regno
370 654 538 723 ejicit.

250 767 307 823 ι.
344 762 546 820 Habere
570 772 834 836 peccatum
862 777 1014 832 quam
1038 757 1221 814 habere
1263 757 1543 812 daemonem
1572 754 1782 828 gravius

182 871 282 917 est.
315 890 382 900 —
406 861 477 932 At
509 858 647 914 forte
675 856 820 912 dicet
858 854 1123 927 quispiam
1168 870 1182 906 :
1215 850 1409 917 Absit,
1440 860 1498 904 ut
1524 849 1604 905 sic
1628 862 1780 902 assc-

181 968 325 1023 quar
351 950 758 1008 continentiam.
792 946 976 1017 Neque
1003 960 1105 1017 ego
1133 943 1314 1009 velim,
1358 940 1453 998 sed
1482 941 1591 997 alio
1622 938 1782 995 modo

184 1054 241 1098 ut
270 1042 459 1098 omnia
492 1040 655 1097 facias
682 1054 750 1096 ex
773 1052 961 1094 amore
987 1036 1209 1095 Christi.
1237 1033 1294 1091 Si
1325 1048 1455 1089 vero
1485 1036 1608 1097 hoc,
1636 1030 1781 1103 quod

179 1136 347 1201 absit,
377 1133 652 1204 contingat
681 1172 699 1198 ,
727 1146 827 1202 pro
852 1131 953 1185 hoc
981 1138 1064 1184 est
1088 1126 1372 1184 orandum.
1390 1124 1455 1182 Si
1484 1126 1644 1197 igitur
1669 1122 1781 1178 da:-

180 1239 310 1280 mon
344 1239 451 1278 non
479 1222 644 1292 ejicit,
670 1228 949 1292 peccatum
977 1233 1106 1273 vero
1129 1218 1301 1287 ejicit,
1325 1216 1394 1271 ab
1424 1215 1527 1271 hoc
1557 1215 1779 1271 liberari

179 1317 360 1387 majus
403 1324 487 1370 est
514 1314 856 1369 beneﬁcium.
891 1312 1030 1381 Ergo
1074 1308 1144 1364 ab
1170 1308 1274 1364 hoc
1301 1308 1602 1379 proximum
1644 1305 1780 1362 libe—

180 1408 291 1463 rari
317 1422 590 1472 curemus,
614 1414 668 1460 et
694 1413 817 1458 ante
838 1402 1167 1473 proximum,
1188 1415 1286 1455 nos
1318 1395 1782 1469 ipsos.Videamus

180 1515 250 1557 ne
285 1500 591 1555 damonem
644 1497 971 1561 habeamus,
1002 1494 1284 1565 diligenter
1331 1507 1431 1547 nos
1469 1493 1614 1561 ipsos
1642 1504 1776 1546 exa-

182 1591 475 1645 minemus.
508 1590 762 1644 Dazmone
791 1589 1013 1658 gravius
1041 1597 1125 1642 est
1152 1594 1431 1657 peceatum
1458 1598 1475 1650 ;
1509 1583 1602 1639 ille
1629 1582 1783 1637 nam;

176 1698 288 1754 que
344 1682 577 1739 humiles
628 1680 834 1738 reddit.
892 1681 1087 1735 Annon
1139 1678 1337 1735 videtis
1374 1675 1779 1741 daemoniacos,

176 1775 399 1847 quando
422 1791 453 1831 a
476 1774 664 1829 inorbo
680 1782 1015 1834 recreantur,
1040 1788 1199 1843 quam
1222 1772 1330 1827 sint
1348 1770 1595 1837 demissi,
1619 1783 1781 1842 quam

180 1868 409 1924 mo‘sti?
439 1866 710 1938 quomodo
746 1866 925 1920 vultus
969 1864 1175 1935 pudore
1228 1862 1589 1926 suffundatur,
1646 1876 1783 1931 quo-

178 1962 347 2017 modo
373 1975 478 2016 non
505 1961 684 2014 ausint
713 1958 963 2015 obtueri?
990 1957 1123 2013 Vide
1148 1955 1532 2012 absurditatem
1567 1971 1582 2009 :
1616 1953 1693 2009 illi
1714 1952 1784 2009 dc

178 2054 246 2111 iis
274 2070 400 2123 qua:
442 2054 721 2124 patiuntur
767 2051 1138 2115 erubescunt,
1170 2064 1269 2105 nos
1313 2049 1381 2104 de
1410 2048 1545 2103 actis
1581 2043 1783 2102 nostris

178 2161 289 2201 non
319 2144 693 2201 erubescimus
739 2160 753 2196 :
783 2142 859 2197 illi
906 2142 1103 2213 injuria
1132 2139 1311 2197 aﬂ'ectl
1352 2147 1613 2195 verentur
1636 2178 1653 2204 ,
1683 2151 1783 2191 nos

178 2238 379 2308 injuria
406 2235 703 2291 allicientes
735 2249 839 2289 non
866 2248 1135 2289 veremur.
1166 2232 1327 2302 Atqui
1357 2230 1573 2285 illorum
1603 2238 1779 2285 status

180 2343 291 2382 non
322 2327 531 2398 pudore
560 2326 774 2396 dignus,
806 2324 901 2380 sed
928 2321 1298 2379 misericordia
1326 2330 1381 2377 et
1418 2321 1777 2388 humanitate,

178 2421 379 2487 venia,
435 2418 789 2475 admiratione
840 2432 1067 2488 magna,
1124 2414 1419 2471 innumeris
1488 2414 1778 2482 laudibus,
1826 2460 1829 2461 γ

177 2512 403 2583 quando
432 2526 555 2567 cum
600 2511 689 2565 tali
732 2509 979 2565 dcemone
1006 2516 1381 2563 concertantes
1404 2547 1421 2574 ,
1451 2507 1629 2563 omnia
1659 2520 1780 2560 cum

175 2605 479 2676 gratiarum
509 2602 721 2658 actione
747 2601 1019 2671 patiuntur
1048 2617 1061 2653 :
1095 2608 1277 2654 nostra
1319 2612 1448 2653 vero
1474 2596 1634 2667 digna
1655 2602 1783 2651 sunt

177 2698 315 2760 risu,
347 2695 575 2767 pudore,
605 2693 969 2761 accusatione,
999 2690 1287 2764 supplicio,
1315 2704 1496 2759 poena,
1526 2687 1783 2743 extremis

176 2790 364 2855 malis,
420 2790 694 2859 gehenna,
748 2786 1000 2857 nullaque
1043 2784 1220 2839 venia.
1273 2782 1459 2838 Viden‘
1503 2789 1782 2853 peccatum

174 2881 433 2938 dmmone
474 2879 713 2936 deterius
755 2878 915 2934 esse?
963 2877 1032 2933 Et
1069 2876 1148 2931 illi
1180 2874 1397 2946 quidem
1427 2889 1496 2931 ex
1526 2874 1593 2929 iis
1616 2914 1634 2941 ,
1662 2888 1784 2945 quae

173 2974 422 3044 graviter
458 2972 732 3044 patiuntur
762 3011 777 3036 ,
809 2969 1008 3041 duplex
1035 2968 1243 3024 lucrum
1272 2974 1549 3037 reportant
1575 2983 1590 3021 :
1618 2979 1782 3022 unum

174 3064 325 3137 quod
358 3063 769 3133 temperatiores
793 3061 901 3117 sint
926 3071 979 3116 et
1001 3059 1170 3131 magis
1198 3056 1522 3129 ιιὴὶιοδοριιὶ,
1554 3056 1780 3112 alterum

176 3157 352 3230 quod.
382 3172 506 3211 cum
550 3155 637 3209 bic
666 3163 1010 3225 peccatorum
1055 3166 1242 3223 ptenas
1267 3150 1535 3214 dederint,
1565 3149 1686 3222 puri
1714 3149 1782 3205 ad

177 3249 474 3305 Dominum
499 3245 750 3317 migrent.
779 3244 912 3300 Nam
947 3244 1049 3298 hac
1073 3242 1143 3298 de
1168 3258 1229 3298 re
1258 3256 1402 3313 saepe
1431 3240 1784 3296 disseruimus

177 3353 236 3399 et
254 3339 624 3407 ostendimus,
648 3353 743 3394 eos
762 3337 853 3409 qui
882 3336 971 3391 bic
998 3335 1293 3407 puniuntur
1319 3375 1332 3399 ,
1363 3334 1408 3389 si
1438 3333 1672 3403 benigne
1699 3333 1781 3387 fc-

178 3444 344 3501 rant,
404 3447 653 3504 magnam
703 3439 1045 3501 peccatorum
1100 3428 1366 3483 sarcinam
1416 3411 1786 3482 ‘verisitniliter

177 3526 486 3597 deponere.
518 3524 563 3579 A
592 3522 826 3593 peccatis
849 3532 1030 3575 autem
1056 3519 1287 3589 duplicia
1319 3519 1458 3573 mala
1485 3519 1742 3573 eveniunt
1769 3535 1782 3573 :

182 3632 354 3673 unum
410 3615 557 3687 quod
607 3612 963 3677 offendamus,
1015 3612 1242 3667 alterum
1292 3608 1437 3681 quod
1488 3609 1786 3665 deteriores

182 3710 510 3767 evadamus.
545 3705 820 3761 Attendite
858 3704 1035 3757 dictis.
1081 3700 1197 3756 Non
1225 3701 1279 3756 in
1323 3699 1428 3755 hoc
1457 3708 1666 3754 tantum
1695 3699 1787 3753 la:-

181 3802 367 3858 dimur
412 3814 443 3852 a
491 3804 734 3868 peccato,
783 3793 926 3865 quod
973 3805 1294 3863 peccemus;
1345 3788 1439 3845 sed
1468 3800 1523 3845 et
1564 3790 1617 3843 in
1657 3789 1782 3854 alio,

182 3894 330 3965 quod
357 3892 541 3947 anima
574 3890 812 3945 habitum
857 3886 1141 3949 admittat;
1171 3885 1309 3939 sicut
1351 3892 1407 3938 et
1432 3883 1484 3937 in
1510 3896 1741 3953 corpore
1768 3897 1783 3934 :

181 3986 389 4041 clarius
417 3983 563 4038 enim
606 3980 711 4037 erit
756 3979 881 4034 inde
910 3986 1179 4047 sumptum
1226 3975 1552 4045 exemplum.
1584 3974 1785 4041 Quem.

183 4076 481 4133 admodum
527 4074 667 4127 enim
708 4070 1016 4126 febricitans
1061 4084 1167 4123 non
1212 4067 1397 4122 inhoc
1431 4067 1607 4122 solum
1637 4063 1788 4141 laedi-

186 4180 297 4231 tur,
338 4165 486 4237 quod
526 4163 842 4224 inﬁrmctur,
871 4161 967 4217 sed
1001 4160 1162 4215 etiam
1191 4158 1334 4229 quod
1381 4166 1501 4229 post
1542 4158 1788 4212 morbum

187 4261 261 4315 sit
290 4256 585 4322 inﬁrmior,
613 4253 825 4310 etiamsi
867 4269 931 4307 ex
968 4251 1224 4307 diuturno
1268 4251 1457 4306 morbo
1499 4251 1551 4307 in
1592 4250 1788 4305 bonam

189 4348 561 4404 valetudinem
603 4344 827 4401 redeat:
859 4346 937 4397 sic
965 4350 1019 4397 ct
1042 4342 1112 4398 de
1142 4350 1361 4412 peccato
1386 4341 1695 4407 dicendum,
1728 4340 1793 4395 li-

188 4453 278 4499 cet
304 4455 586 4503 sanemur,
617 4437 791 4493 adhuc
822 4445 1000 4491 tamen
1021 4450 1242 4507 egemus
1288 4434 1623 4490 fortitudine.
1657 4434 1793 4491 Vide

188 4547 430 4603 namque
458 4530 588 4585 mihi
628 4528 975 4600 quempiam,
1003 4528 1093 4596 qui
1136 4527 1462 4582 contumelia
1505 4526 1744 4582 al'fecerit
1768 4569 1785 4592 ,

191 4639 297 4681 nec
332 4636 520 4694 ptenas
544 4619 757 4677 dederit
791 4639 804 4673 :
835 4634 940 4675 non
968 4619 1091 4675 ideo
1115 4618 1288 4673 solum
1314 4618 1600 4690 lacrymari
1624 4633 1790 4690 opor-

194 4727 294 4793 tet,
327 4714 472 4787 quod
500 4713 841 4768 contumeliae
874 4726 1059 4783 pmnas
1084 4727 1193 4766 non
1219 4710 1471 4767 dederit?
1500 4711 1607 4767 Sed
1632 4712 1793 4768 etiam

194 4808 304 4861 alia
343 4805 414 4860 de
462 4818 623 4859 causa
656 4802 967 4874 lugendum.
1016 4804 1235 4871 Quare?
1265 4802 1397 4871 Quia
1434 4802 1796 4872 impudentior

194 4897 433 4954 effectus
470 4902 555 4950 est
587 4894 818 4949 animus.
861 4894 1205 4966 Singulorum
1234 4895 1378 4948 enim
1409 4905 1751 4964 peccatorum
1778 4937 1793 4958 ,

191 4999 487 5061 postquam
527 4987 779 5043 delictum
826 4997 1105 5057 peractum
1134 4996 1218 5042 est
1255 4998 1311 5042 et
1350 4988 1620 5055 cessavit,
1652 4988 1797 5043 virus

194 5079 477 5151 quoddam
510 5078 563 5133 in
593 5078 1070 5147 animainseritur.
1104 5076 1220 5132 Non
1247 5076 1399 5133 audis
1430 5078 1693 5149 quosdam
1716 5077 1799 5133 di-

193 5182 417 5237 centes,
451 5178 731 5239 postquam
770 5184 801 5222 a
834 5168 1023 5224 morbo
1055 5169 1283 5224 recreati
1313 5179 1480 5224 sunt:
1513 5168 1629 5225 Non
1659 5168 1798 5224 ultra

195 5263 378 5317 ausim
408 5274 601 5330 aquam
631 5260 857 5327 bibere;
888 5260 1012 5315 licet
1036 5262 1152 5315 sani
1185 5260 1329 5316 sint?
1356 5260 1452 5316 sed
1491 5261 1711 5316 morbus
1744 5261 1796 5314 in

196 5354 307 5408 hoc
352 5350 513 5405 etiain
558 5350 713 5404 laesit.
744 5351 811 5406 Et
860 5350 934 5406 illi
964 5350 1179 5422 quidem
1224 5351 1364 5405 mala
1410 5352 1573 5421 passi,
1601 5352 1800 5422 gratias

197 5452 406 5515 agunt;
458 5456 558 5497 nos
594 5452 774 5497 autem
806 5442 934 5498 dum
978 5442 1117 5498 bene
1148 5442 1429 5509 habemus,
1480 5443 1646 5497 Deum
1688 5442 1801 5497 bla-

201 5536 583 5607 sphemamus,
612 5543 667 5589 et
707 5550 849 5604 aegre
877 5533 1097 5589 ierimus
1134 5552 1147 5587 :
1176 5533 1357 5603 plures
1384 5535 1527 5589 enim
1559 5535 1801 5589 invenias

200 5628 257 5681 in
291 5628 530 5683 sanitate
566 5640 629 5679 ac
656 5626 859 5681 divitiis
886 5625 989 5681 hoc
1018 5635 1240 5697 agentes
1260 5668 1273 5691 ,
1303 5641 1462 5696 quam
1494 5626 1545 5680 in
1573 5642 1803 5697 pauper-

202 5726 324 5773 tate
344 5725 399 5771 et
425 5716 753 5771 inﬁrmitate.
778 5716 944 5772 Instat
972 5719 1113 5772 enim
1142 5717 1350 5772 daamon
1387 5720 1535 5789 quasi
1558 5719 1799 5775 carnifex

192 5808 396 5865 ardens
438 5808 615 5864 minas
644 5809 935 5877 intentans,
968 5809 1105 5863 sicut
1131 5808 1346 5879 quidam
1380 5810 1697 5883 pmdagogus
1726 5813 1803 5868 lo-

1176 349 1242 405 ΙΝ
1281 348 1455 405 ACTA
1494 344 1991 426 APOSTOLORUM
2057 344 2284 401 HOMIL.
2331 343 2461 401 XLI.

3394 346 3497 404 29‘

1893 476 2009 516 rum
2049 461 2281 532 erigens,
2327 469 2380 515 et
2405 474 2671 530 nusquam
2700 458 2993 517 deflectere
3022 460 3229 516 sincns.
3258 459 3412 528 Quod
3453 461 3497 519 si

1890 553 1981 625 qui
2005 569 2072 609 ne
2095 554 2167 609 ita
2198 552 2415 625 quidem
2455 553 2689 623 sapiant,
2735 569 2843 608 non
2871 552 2999 610 dant
3033 555 3109 609 illi
3140 570 3346 626 pmttas.
3380 554 3497 613 Non

1895 659 2085 715 parum
2116 656 2296 701 autem
2329 645 2432 700 hoc
2473 654 2577 701 est.
2612 645 2679 702 Ut
2704 646 2848 700 enim
2878 647 3049 714 stulti,
3080 657 3137 701 ut
3178 647 3391 714 furiosi,
3438 658 3497 704 ut

1892 737 2046 805 pueri
2098 752 2205 792 non
2253 736 2385 792 dant
2433 750 2620 807 paruas
2640 778 2655 802 ,
2686 736 2765 792 sic
2798 753 2975 807 neque
3005 736 3057 792 bi
3092 756 3106 792 :
3136 754 3323 794 eorum
3351 740 3499 794 cnim

1891 842 2011 898 qua-
2039 827 2333 884 inscienter
2374 836 2493 883 acta
2521 838 2690 894 sunt,
2723 843 2885 884 nemo
2918 838 3022 882 tam
3056 828 3293 884 crudelis
3322 840 3406 885 est
3436 840 3495 885 ut

1891 933 2079 988 punias
2106 928 2336 989 repetat.
2363 919 2506 990 Ergo
2536 930 2826 989 peccantes
2854 915 3023 975 multo
3048 919 3287 976 deterius
3319 920 3494 977 aﬂ'ccti

1890 1025 2077 1067 sumus
2121 1026 2285 1082 quam
2326 1010 2676 1069 daemoniaci.
2720 1012 2833 1069 Sed
2860 1029 2973 1069 non
3014 1029 3363 1084 spumamus,
3398 1030 3496 1073 nec

1892 1101 2122 1172 pupillas
2143 1102 2546 1173 distorquemus
2567 1103 2648 1159 vel
2678 1119 2869 1160 manus
2890 1104 2914 1158 ?
2942 1104 3153 1161 Utinam
3179 1106 3281 1161 hoc
3308 1106 3493 1162 incor-

1892 1208 2022 1264 pore
2069 1204 2411 1265 pateremur,
2446 1208 2553 1249 non
2595 1194 2648 1249 in
2698 1196 2876 1250 anima
2906 1195 3034 1250 lVis
3081 1197 3175 1252 tibi
3208 1199 3491 1254 ostendant

1887 1285 2121 1339 animam
2168 1294 2531 1354 spumantem,
2580 1286 2871 1357 impuram,
2898 1296 2953 1343 ct
3000 1288 3265 1345 distortus
3308 1291 3498 1347 oculos

1891 1374 2123 1430 mentis?
2162 1374 2347 1446 Cogita
2377 1376 2543 1432 iratos
2583 1389 2639 1446 et
2688 1380 2867 1435 furore
2909 1380 3114 1445 ebrios,
3150 1398 3255 1453 qua
3306 1398 3494 1455 spuma

1890 1485 1995 1523 non
2050 1470 2406 1525 iunnnndiora
2452 1470 2730 1541 proferunt
2775 1472 2976 1529 verba?
3033 1474 3284 1531 Profecto
3334 1477 3487 1547 quasi

1890 1558 2137 1616 fmtidum
2180 1571 2397 1632 sputum
2432 1562 2707 1618 emittunt.
2750 1564 2817 1620 Et
2865 1564 3005 1620 sicut
3054 1565 3129 1621 illi
3173 1566 3380 1622 nullum
3429 1583 3495 1624 ex

1891 1656 2247 1725 praesentibus
2275 1666 2499 1725 norunt,
2531 1660 2610 1715 sic
2641 1675 2817 1732 neque
2844 1661 2919 1716 hi.
2950 1662 3315 1720 Obtcnebrata
3342 1666 3487 1721 enim

1890 1747 2104 1802 illorum
2142 1757 2323 1803 ructuc
2350 1757 2404 1805 et
2430 1749 2672 1806 distortis
2698 1753 2873 1809 oculis
2898 1796 2914 1822 ,
2942 1770 3049 1811 non
3081 1758 3312 1812 amicum
3339 1800 3354 1823 ,
3387 1774 3494 1813 nun

1891 1838 2189 1907 inimicum,
2224 1855 2330 1895 non
2362 1842 2728 1899 venerabilem
2762 1888 2774 1911 ,
2808 1860 2913 1900 non
2940 1846 3369 1919 despiciendum,
3401 1852 3496 1906 sed

1889 1945 2078 1985 omnes
2108 1946 2215 1985 uno
2262 1932 2460 1989 intuitu
2486 1945 2737 1990 cernunt.
2766 1935 2881 1992 Non
2915 1938 3067 1994 vides
3110 1939 3210 1995 hos
3258 1950 3495 1997 tremere

1889 2023 2027 2077 sicut
2058 2022 2181 2079 illos
2204 2022 2350 2080 78υά
2374 2040 2482 2082 non
2510 2026 2711 2083 cadunt
2728 2028 2781 2084 in
2812 2030 3057 2086 terram?
3088 2030 3286 2089 Verum
3313 2032 3493 2090 anima

1890 2130 2079 2170 eorum
2129 2116 2275 2171 humi
2311 2117 2459 2188 jacet
2483 2127 2540 2175 et
2564 2120 2708 2176 cadit
2738 2122 3009 2193 palpitans
3043 2144 3057 2181 :
3087 2126 3131 2180 si
3172 2126 3315 2181 enim
3350 2137 3503 2184 recta

1888 2215 2075 2270 staret,
2106 2222 2210 2261 non
2242 2209 2520 2278 pateretur
2540 2200 2629 2266 illa
2656 2228 2775 2283 qua:
2805 2214 3027 2284 patitur.
3066 2219 3259 2273 Annon
3300 2219 3491 2275 viden-

1890 2305 1976 2352 tur
2026 2297 2117 2353 tibi
2150 2297 2375 2370 abjectue
2406 2316 2529 2357 esse
2569 2304 2764 2359 anima:
2787 2346 2803 2372 ,
2831 2321 2951 2377 quas
2982 2307 3309 2378 vigilantiam
3342 2327 3495 2366 suam

1890 2388 2200 2458 perdiderit,
2229 2405 2291 2445 ea
2321 2406 2440 2462 quae
2470 2393 2545 2447 illi
2572 2393 2757 2458 dicunt
2788 2407 2841 2451 et
2872 2395 3079 2453 faciunt
3103 2400 3287 2455 animo
3314 2401 3496 2458 ebrii?

1889 2481 1985 2536 Est
2033 2490 2088 2536 et
2136 2482 2280 2538 aliud
2323 2484 2518 2541 furoris
2565 2501 2737 2557 genus
2789 2486 2895 2543 hoc
2927 2490 3163 2561 gravius.
3212 2492 3495 2560 Quodnam

1890 2572 2018 2628 illud
2040 2574 2065 2628 ?
2086 2573 2311 2643 Quando
2328 2591 2506 2647 neque
2527 2579 2663 2633 iram
2686 2580 2884 2636 remitti
2915 2581 3206 2651 sustinent,
3231 2585 3326 2640 sed
3354 2585 3495 2656 apud

1888 2679 1950 2720 se
1974 2664 2126 2721 alunt
2148 2708 2162 2735 ,
2191 2669 2341 2739 quasi
2374 2668 2740 2727 domesticum
2769 2672 3080 2730 carniﬁcem
3114 2674 3409 2732 ulciscendi
3436 2692 3497 2733 se

1889 2760 2257 2830 cupiditatem.
2314 2762 2441 2818 Illos
2486 2764 2629 2820 enim
2680 2765 2885 2835 primos
2938 2768 3055 2824 tunc
3100 2768 3370 2839 cupiditas
3407 2770 3496 2827 hic

1889 2853 2087 2926 perdit,
2169 2865 2227 2912 ut
2268 2858 2444 2913 futura
2490 2870 2831 2930 praeteream.
2864 2860 2998 2916 Nam
3026 2874 3287 2933 quantum
3334 2864 3503 2934 putas

1889 2964 2012 3007 esse
2067 2961 2391 3008 tormentum
2440 2953 2676 3010 hominis
2725 2957 2907 3010 animo
2960 2957 3219 3027 perculsi,
3269 2958 3496 3029 singulis

1888 3042 2083 3098 diebus
2109 3043 2424 3100 meditantis
2450 3086 2468 3114 ,
2497 3060 2608 3117 quo
2638 3056 2797 3116 pacto
2827 3047 3106 3104 inimicum
3155 3048 3493 3107 ulciscatur?

1891 3131 2076 3189 Primo
2134 3135 2375 3206 seipsum
2422 3137 2596 3207 punit,
2652 3146 2709 3193 et
2759 3137 3002 3194 inﬂatum
3048 3138 3251 3211 plectit,
3309 3151 3495 3197 contra

1890 3225 2126 3297 seipsum
2151 3242 2391 3299 pugnans
2411 3236 2466 3283 et
2488 3229 2760 3285 incensus.
2787 3229 3019 3287 Necesse
3039 3232 3183 3287 enim
3205 3242 3291 3289 est
3316 3234 3493 3305 ignem

1889 3330 2107 3389 semper
2151 3320 2203 3374 in
2254 3330 2306 3376 te
2332 3320 2524 3377 ardere
2558 3339 2572 3375 :
2607 3332 2663 3377 et
2693 3322 2885 3377 febrim
2918 3320 3125 3379 tantum
3174 3326 3457 3382 intendens
3478 3372 3492 3388 .

1891 3422 1998 3462 non
2030 3408 2164 3464 sinis
2184 3408 2521 3477 decrescere,
2547 3422 2811 3484 putasque
2843 3421 2895 3469 te
2924 3413 2997 3468 illi
3026 3416 3227 3470 malum
3256 3417 3495 3483 inferre;

1892 3499 2007 3569 ipse
2038 3515 2165 3553 vcro
2196 3501 2427 3570 teipsum
2459 3502 2732 3569 tabefacis,
2765 3502 3035 3560 ﬂammam
3063 3520 3281 3578 semper
3313 3510 3495 3580 vigen-

1894 3600 2000 3645 tem
2024 3601 2262 3662 gestans,
2286 3609 2389 3649 nec
2414 3593 2601 3649 sinens
2637 3596 2872 3651 animam
2900 3599 3203 3669 quiescere,
3240 3602 3333 3657 sed
3363 3603 3496 3659 eﬂ‘e-

1892 3693 2043 3739 ratus
2068 3699 2303 3754 semper,
2328 3694 2381 3739 et
2408 3686 2459 3739 in
2487 3686 2895 3755 perturbatione
2914 3697 2972 3745 et
2992 3700 3312 3763 tempestate
3342 3709 3497 3749 men—

1874 3782 2001 3833 tem
2042 3775 2306 3832 retinens.

1966 3866 2019 3923 5.
2054 3868 2191 3936 Quid
2232 3868 2331 3924 hoc
2361 3870 2541 3927 furore
2570 3869 2827 3940 deterius,
2851 3887 3066 3945 semper
3086 3876 3154 3930 ita
3177 3876 3384 3944 dolere,
3415 3879 3496 3935 in-

1895 3956 2034 4027 ﬁari,
2059 3961 2287 4017 ardere?
2310 3962 2467 4018 Tales
2492 3964 2635 4019 enim
2660 3976 2780 4021 sunt
2804 3967 3091 4039 vindictam
3120 3970 3494 4029 meditantium

1896 4053 2089 4108 anima:
2118 4070 2130 4108 :
2164 4056 2251 4109 ubi
2283 4055 2513 4111 viderint
2537 4073 2683 4124 eum,
2716 4075 2875 4129 quem
2905 4061 3089 4117 ulcisci
3117 4065 3359 4133 Cupiunt,
3387 4077 3499 4122 sta-

1898 4145 1993 4199 tim
2022 4148 2396 4214 concitantur;
2439 4150 2484 4204 si
2515 4166 2702 4206 vocem
2730 4152 3021 4220 audierint,
3055 4156 3331 4222 decidunt,
3380 4168 3493 4215 tre-

1898 4246 2089 4304 munt;
2129 4240 2173 4294 si
2222 4240 2273 4294 in
2305 4241 2446 4296 lecto
2468 4241 2812 4311 decumbant,
2854 4246 3003 4301 mille
3049 4247 3151 4303 sibi
3198 4248 3495 4321 depingunt

1898 4330 2119 4387 ultionis
2146 4347 2364 4404 genera,
2397 4335 2813 4405 suspendentes,
2856 4348 3171 4410 torquentes
3214 4343 3494 4403 inimlcum

1901 4421 2048 4477 illum
2079 4438 2092 4475 :
2122 4423 2189 4477 ad
2222 4423 2358 4491 hzec,
2389 4425 2433 4480 si
2464 4425 2614 4482 illum
2646 4427 2851 4484 clarum
2878 4440 2933 4486 et
2961 4433 3313 4499 conspicuum
3340 4437 3494 4495 vide-

1900 4515 2030 4581 rint,
2065 4530 2237 4587 papa',
2266 4521 2526 4588 quantum
2553 4519 2873 4590 supplicium
2903 4523 2916 4577 l
2953 4522 3173 4581 Dimitte
3198 4526 3274 4582 illi
3308 4542 3500 4597 pecca-

1904 4615 2038 4674 tum,
2070 4615 2229 4678 teque
2255 4623 2284 4661 a
2318 4618 2585 4665 tormento
2621 4611 2817 4668 exime.
2848 4611 2959 4669 Cur
2986 4629 3204 4686 semper
3230 4619 3509 4677 cruciatus

1904 4716 2234 4769 perseveras,
2266 4710 2323 4756 ut
2348 4702 2495 4757 illum
2525 4705 2693 4761 semel
2722 4706 2997 4765 ulciscaris
3019 4719 3075 4765 et
3113 4714 3345 4782 punias?-
3367 4718 3506 4787 quid

1905 4809 2061 4863 paras
2086 4794 2177 4849 tibi
2208 4794 2472 4851 hecticum
2504 4797 2751 4853 morbum
2768 4798 2796 4853 l‘
2816 4815 2913 4855 cur
2932 4802 3170 4858 animum
3198 4814 3346 4861 tuum
3368 4808 3505 4866 libe-

1903 4887 2010 4941 rari
2050 4887 2320 4944 volentem
2349 4888 2606 4946 detines?
2654 4890 2733 4947 Ne
2770 4908 2941 4964 usque
2970 4895 3035 4951 ad
3067 4912 3349 4969 vesperam
3388 4918 3507 4957 ma-

1906 4988 2052 5044 neat,
2085 4978 2259 5049 inquit
2297 4980 2493 5036 Paulus
2524 4981 2735 5053 (Epltca.
2771 4984 2826 5039 4.
2854 4985 2969 5057 9.6).
3002 4986 3151 5044 Sicut
3177 4992 3322 5047 enim
3353 4994 3504 5051 tabes

1903 5069 2149 5140 qumdam
2179 5080 2235 5126 et
2274 5072 2437 5140 tinea,
2484 5074 2562 5129 sic
2593 5077 2790 5131 mentis
2820 5089 3018 5133 nostrzn
3058 5081 3301 5138 radicem
3339 5085 3503 5141 rodit.

1905 5162 2014 5219 Cur
2043 5162 2211 5219 feram
2250 5164 2483 5222 includis
2526 5167 2580 5222 in
2626 5169 2927 5226 visceribus
2959 5172 3110 5227 tuis?
3139 5174 3331 5231 Melius
3356 5190 3509 5235 esset

1906 5267 2210 5328 serpentem
2258 5266 2311 5313 et
2342 5258 2581 5327 viperam
2628 5260 2679 5315 in
2723 5261 2886 5318 corde
2921 5278 3063 5331 esse,
3093 5280 3257 5337 quam
3286 5269 3422 5325 iram
3447 5280 3508 5327 et

1907 5349 2198 5404 ulciscendi
2228 5349 2574 5421 cupiditatem
2605 5369 2619 5405 :
2650 5366 2771 5407 nam
2796 5352 2882 5407 illa
2910 5356 3119 5426 reptilia
3140 5360 3321 5414 statim
3349 5376 3381 5416 a
3403 5378 3501 5416 no-

1908 5442 1991 5497 bis
2014 5440 2399 5508 abscederent;
2428 5442 2545 5497 hznc
2572 5450 2751 5498 autem
2793 5460 3008 5515 semper
3042 5457 3245 5514 manet,
3287 5464 3506 5521 semper

1909 5536 2163 5591 dentibus
2192 5536 2379 5602 laniat,
2421 5537 2567 5592 virus
2618 5537 2876 5605 immittit,
2908 5539 3255 5596 molestarum
3294 5545 3507 5613 cogita-

1911 5630 2115 5685 tionum
2143 5630 2439 5686 exercitum
2466 5629 2732 5700 producit.
2760 5632 2831 5687 At
2856 5632 2970 5688 bmc
2990 5631 3151 5701 facio,
3180 5634 3410 5705 inquies,
3437 5653 3508 5695 ne

1912 5737 2000 5778 me
2018 5722 2217 5787 rideat,
2250 5736 2317 5776 ne
2362 5731 2693 5777 contemnat.
2722 5722 2885 5780 Miser
2910 5724 3072 5781 homo
3099 5736 3155 5782 et
3174 5743 3503 5793 mrumnose,

1911 5830 2016 5870 non
2042 5829 2119 5866 ns
2143 5831 2171 5868 a
2200 5827 2460 5870 conservo
2488 5814 2721 5884 irrideri,
2745 5812 2843 5874 sed
2861 5815 2987 5871 odio
3010 5815 3198 5874 haberi
3220 5836 3247 5872 a
3278 5812 3517 5877 Domine
