4094 6336
620 329 726 387 295

622 452 712 497 tuo
741 436 798 493 ίῖ
827 449 929 490 ιιοιι
961 430 1040 488 vis
1064 428 1265 499 despici
1293 442 1321 481 a
1353 438 1635 487 conservo,
1668 418 2072 477 sedDominum
2096 414 2190 469 de-

620 524 1036 601 spicis?despici
1079 521 1147 575 ah
1190 520 1281 574 illo
1317 532 1422 572 non
1461 514 1680 584 pateris,
1724 512 1995 601 Deumque
2021 508 2193 601 putas

621 598 729 677 non
774 615 1056 687 indignari,
1095 610 1239 681 quod
1292 610 1462 679 ipsum
1508 604 1775 667 derideas,
1825 599 1963 669 quod
2020 598 2191 666 ipsum

620 692 861 781 spernas,
891 705 1017 760 dum
1046 717 1149 757 non
1182 700 1260 755 vis
1290 698 1386 767 ipsi
1408 691 1811 764 obtemperare?
1840 688 1991 781 Quod
2014 696 2191 781 autem

622 775 708 857 ille
734 815 840 855 non
872 807 925 853 te
952 793 1227 855 deridebit,
1262 790 1385 843 hinc
1413 784 1754 842 manifestum
1789 788 1889 835 est.
1938 778 1992 833 Si
2023 786 2076 831 te
2111 775 2193 829 ul-

621 891 859 953 ciscaris,
883 888 1005 941 hinc
1023 896 1244 952 magnus
1264 879 1422 943 risus,
1447 888 1666 945 magnus
1682 876 2015 938 contemptus
2034 884 2048 930 ;
2072 882 2193 920 nam

625 976 1068 1053 pusillanimitatis
1095 980 1177 1028 est
1205 984 1340 1039 epus
1370 985 1383 1021 :
1414 968 1458 1023 si
1484 980 1612 1021 vero
1632 960 1924 1053 dimiseris.
1946 970 2194 1053 maguum

623 1048 972 1129 miraculum;
1007 1058 1456 1134 magnanimitatis
1484 1056 1625 1111 enim
1668 1052 1772 1108 hoc
1817 1064 1951 1119 opus
1978 1057 2079 1103 est.
2129 1048 2196 1099 At

625 1165 734 1226 ille,
766 1158 991 1228 inquies,
1028 1155 1079 1209 id
1108 1155 1333 1222 ignorat.
1365 1147 1508 1205 Sciat
1538 1144 1699 1208 Deus,
1723 1151 1781 1196 ut
1812 1138 2069 1208 majorem
2100 1135 2195 1228 ba-

624 1253 751 1306 bcas
775 1227 1097 1305 mercedem.
1124 1243 1178 1298 In
1210 1242 1382 1296 {tenus
1422 1236 1565 1301 date,
1598 1232 1786 1318 inquit,
1818 1230 1905 1295 iis,
1948 1244 1977 1282 a
2008 1227 2198 1295 quibus

627 1343 757 1397 nihil
798 1342 1038 1410 accipere
1080 1334 1305 1406 speratis
1335 1330 1483 1405 (Luc.
1518 1329 1604 1382 Η.
1638 1327 1745 1395 ﬂ).
1804 1323 1893 1379 Sic
1941 1320 2197 1410 beneficia

628 1409 937 1503 pnestemus
982 1429 1065 1493 iis,
1096 1426 1183 1496 qui
1234 1439 1339 1478 non
1381 1421 1618 1476 sentiunt
1646 1431 1705 1470 se
1732 1412 2009 1470 beneflciis
2034 1409 2195 1475 affici,

627 1535 685 1580 ut
713 1540 778 1579 ne
804 1524 889 1577 vel
914 1520 1125 1576 laudem
1152 1516 1233 1571 vel
1254 1512 1453 1584 aliquid
1474 1508 1615 1565 aliud
1643 1508 1796 1563 nobis
1819 1503 2197 1576 rependentes,

626 1614 927 1671 mercedem
955 1610 1106 1665 nobis
1134 1608 1391 1662 minuant.
1426 1602 1560 1657 Cum
1590 1598 1731 1654 enim
1764 1596 1894 1652 nihil
1921 1596 1988 1650 ab
2025 1592 2199 1647 homi-

631 1707 785 1760 nibus
806 1702 1116 1772 accipimus,
1141 1707 1268 1752 tunc
1284 1695 1486 1765 majora
1513 1708 1540 1745 a
1566 1692 1677 1745 Deo
1700 1688 2039 1757 accipiemus.
2065 1682 2200 1751 Quid

629 1807 804 1852 autem
833 1797 940 1859 risu
971 1792 1201 1862 dignius.
1230 1786 1356 1858 quid
1384 1784 1623 1854 frigidius
1647 1781 1822 1835 anima
1848 1793 1966 1850 quae
1991 1789 2204 1844 semper

632 1886 875 1941 irascitur
903 1892 955 1938 et
986 1898 1043 1936 se
1073 1879 1184 1934 vult
1213 1877 1397 1932 ulcisci
1421 1875 1443 1926 ?
1471 1872 1723 1928 Muliebre
1762 1884 1825 1923 ac
1854 1867 2056 1938 puerile
2084 1879 2204 1935 pro-

632 1976 859 2047 positum
881 1980 981 2028 est.
1009 1969 1138 2025 Nam
1164 1976 1221 2023 ut
1244 1966 1331 2019 illa
1358 1972 1542 2020 contra
1576 1961 1859 2015 inanimata
1906 1958 2065 2012 etiam
2102 1956 2206 2047 ira-

632 2046 817 2130 scitur,
850 2061 972 2117 etsi
1009 2059 1364 2129 pavimentum
1394 2068 1497 2108 non
1531 2049 1813 2121 percutiat,
1846 2063 1952 2102 non
1985 2046 2207 2101 remittit

630 2154 763 2209 iram
793 2170 805 2205 :
841 2152 909 2205 ita
939 2160 993 2205 et
1019 2148 1071 2202 hi
1099 2161 1211 2211 eos,
1239 2145 1328 2216 qui
1352 2159 1408 2200 se
1435 2142 1755 2205 afﬂixerunt,
1782 2138 1964 2193 ulcisci
1997 2136 2202 2191 volunt.

631 2242 771 2313 Ergo
809 2251 863 2295 et
899 2238 1001 2309 ipsi
1048 2238 1159 2291 risu
1185 2235 1374 2304 digni:
1416 2248 1537 2287 nam
1585 2232 1677 2285 irae
1724 2229 2023 2297 subjectum
2063 2241 2205 2291 esse,

633 2331 853 2401 puerilis
881 2338 962 2384 est
1003 2328 1198 2391 animi;
1241 2328 1333 2380 ine
1378 2326 1661 2395 imperare,
1708 2322 1912 2376 strenui
1959 2320 2057 2375 viri
2102 2328 2204 2374 est.

636 2423 777 2493 Ergo
806 2438 909 2476 non
956 2435 1052 2475 nos
1084 2417 1391 2484 irridcmur,
1439 2415 1481 2469 si
1533 2411 1831 2484 philOSOplti
1881 2411 2068 2473 simus,
2113 2408 2206 2463 sed

636 2515 734 2571 illi.
760 2512 875 2569 Non
906 2519 988 2567 est
1018 2508 1145 2563 illud
1185 2504 1661 2573 contemptibilium
1690 2501 1988 2565 hominum,
2019 2514 2049 2553 a
2090 2514 2207 2569 pas-

633 2605 787 2660 sione
814 2617 923 2657 non
949 2600 1088 2655 vinci
1120 2617 1133 2652 :
1165 2594 1638 2666 contemptibilium
1669 2590 1941 2647 hominum
1963 2595 2215 2645 estexte-

633 2710 814 2749 rerum
862 2693 1027 2747 risum
1080 2690 1291 2753 timere,
1334 2690 1405 2743 ita
1434 2697 1492 2741 ut
1530 2686 1649 2741 ideo
1698 2682 1993 2748 extollaris,
2048 2680 2210 2735 animi

634 2785 823 2842 morbo
877 2783 1195 2854 subjiciaris,
1246 2780 1411 2835 Deum
1440 2778 1700 2841 offendas,
1747 2786 1801 2832 et
1837 2785 1888 2831 te
1916 2775 2208 2830 ulciscaris.

633 2877 759 2933 llaec
785 2891 907 2933 vere
945 2884 1069 2931 sunt
1096 2876 1203 2929 risu
1230 2873 1408 2943 digna.
1441 2870 1566 2925 Huic
1590 2882 1719 2939 ergo
1745 2867 2027 2938 fugiamus.
2062 2866 2212 2920 Dicat

632 2983 712 3034 se,
744 2969 961 3037 quinos
988 2965 1255 3020 sexcentis
1301 2962 1563 3032 impetivit
1605 2960 1777 3027 malis,
1823 2958 1952 3013 nihil
1998 2973 2210 3027 passum

633 3074 754 3115 esse
782 3058 905 3112 mali
936 3076 949 3111 :
980 3057 1123 3112 dicat
1160 3070 1240 3123 se,
1282 3055 1329 3109 si
1360 3054 1411 3108 in
1461 3067 1559 3107 nos
1604 3052 1794 3106 iterum
1835 3048 2211 3112 debacchelur,

636 3151 766 3207 nihil
795 3165 915 3205 esse
943 3163 1241 3220 passurum.
1284 3145 1398 3201 Non
1439 3146 1594 3201 aliter
1635 3152 1871 3199 nostram
1903 3140 2217 3212 praedicaret

634 3241 904 3304 virtutem,
954 3254 1061 3292 non
1093 3238 1193 3291 alia
1239 3244 1504 3307 quaereret
1545 3232 1723 3298 verba,
1771 3232 1817 3287 si
1866 3245 1964 3286 nos
1998 3229 2216 3286 laudare

634 3332 818 3392 vellet.
853 3346 1009 3399 quam
1040 3329 1178 3394 haec,
1208 3342 1326 3398 quae
1356 3338 1413 3381 ut
1456 3341 1552 3380 nos
1582 3324 1821 3380 mordeat
1845 3322 2065 3393 profert.
2097 3322 2215 3379 Uti-

638 3438 759 3477 nam
786 3436 974 3483 omnes
1000 3420 1115 3474 hazc
1150 3419 1219 3474 de
1252 3434 1339 3475 me
1366 3418 1607 3473 dicerent
1645 3434 1659 3470 :
1704 3416 1949 3487 Frigidus
1979 3416 2140 3471 homo
2164 3423 2219 3471 et

638 3515 802 3570 miser
825 3522 905 3567 est
939 3531 953 3568 :
985 3525 1173 3567 omnes
1203 3512 1300 3582 ipsi
1332 3509 1705 3566 contumeliam
1735 3508 1989 3572 inferunt,
2022 3518 2075 3563 et
2107 3508 2219 3579 ipse

638 3605 771 3668 fert;
791 3617 977 3658 omnes
1004 3602 1262 3667 insiliunt,
1291 3610 1345 3656 et
1364 3602 1453 3656 ille
1478 3615 1581 3655 non
1605 3614 1664 3655 se
1687 3599 1980 3654 ulciscitur.
2005 3598 2217 3654 Utinam

638 3694 895 3749 adderent
921 3709 935 3747 :
969 3691 1151 3763 Neque
1180 3694 1225 3746 si
1254 3690 1398 3757 velit,
1431 3698 1644 3759 potest;
1678 3697 1734 3743 ut
1764 3688 1892 3742 mihi
1929 3687 2045 3742 laus
2075 3698 2220 3743 esset

639 3800 667 3837 a
695 3785 822 3843 Deo,
847 3793 901 3838 et
931 3798 1035 3837 non
1063 3783 1130 3837 ab
1169 3780 1493 3836 hominibus.
1534 3780 1701 3843 Dicat,
1736 3775 1877 3848 quo'd
1923 3778 1992 3832 ob
2018 3776 2221 3831 timidi-

645 3884 804 3928 tatem
857 3888 962 3927 non
1005 3888 1104 3928 nos
1137 3871 1463 3928 ulciscimur.
1510 3870 1649 3925 Nihil
1694 3870 1799 3923 hoc
1841 3868 1997 3923 nobis
2043 3875 2221 3933 nocet,

643 3964 856 4034 quando
886 3966 1025 4020 Deus
1049 3964 1185 4030 scit;
1217 3962 1311 4019 sed
1349 3962 1656 4019 thesaurum
1686 3970 1923 4017 nostrum
1953 3960 2004 4015 in
2036 3959 2223 4029 majori

646 4119 872 4243 de;
888 4119 1075 4181 legunt,
1116 4117 1201 4169 sed
1222 4116 1335 4168 odio
1358 4114 1524 4167 haberi
1558 4127 1590 4165 α
1613 4114 1814 4167 Domino
1844 4121 1955 4174 tuo,
1978 4120 2024 4165 et
2046 4112 2104 4164 ab
2122 4112 2227 4177 ipso

1420 308 1778 373 SJOANNIS
1813 298 2285 363 CIIRYSOSTOMI
2324 298 2638 355 ARCIIIEP.
2678 295 3207 355 CONSTANTINOP.

3785 295 3886 351 9‘36

2297 413 2445 482 ponit
2473 411 2732 466 custodia.
2766 411 2823 467 Si
2855 411 2977 465 illos
3001 419 3325 479 spectemus,
3361 408 3429 462 ab
3459 406 3717 463 omnibus
3745 406 3885 461 exci-

2295 504 2505 557 demus.
2533 502 2611 557 Ne
2641 501 2922 557 videamus
2962 500 3089 573 quid
3129 501 3329 565 dicant,
3370 500 3464 554 sed
3502 498 3632 570 quid
3664 514 3768 554 nos
3793 498 3888 552 de.

2296 604 2433 649 ccat.
2462 595 2532 647 At
2576 594 2673 659 illi,
2703 592 2782 648 Ne
2812 609 2896 647 me
2921 594 3044 663 quis
3073 593 3312 658 irrideat,
3357 592 3627 662 inquiunt,
3663 607 3738 646 ne
3771 590 3887 661 qui-

2297 684 2418 739 dam
2449 683 2763 755 glorientur.
2795 682 2840 738 0
2879 684 3155 739 stultitiam
3184 684 3197 736 l
3227 682 3396 738 Nemo
3421 682 3512 751 qui
3552 698 3642 737 me
3690 682 3892 737 lasserit

2298 791 2383 829 me
2423 775 2609 839 irrisit,
2657 774 2938 844 inquiunt;
2972 774 3024 829 id
3063 784 3167 838 est,
3204 774 3349 829 ultus
3375 790 3494 829 sum
3523 774 3701 829 illum.
3732 775 3893 844 Atqui

2304 867 2403 922 hac
2432 867 2500 922 de
2547 881 2707 922 causa
2765 865 3069 921 irridendus
3110 881 3201 931 es,
3244 866 3367 936 quia
3419 866 3593 934 ipsum
3637 866 3793 919 ultus
3819 880 3893 919 es.

2303 957 2579 1014 Undenam
2624 957 2739 1011 haec
2769 956 2930 1011 veiba
2962 956 3176 1011 inducta
3216 965 3363 1021 sunt,
3409 957 3581 1025 turpia
3621 966 3678 1011 et
3715 956 3897 1025 perni-

2299 1048 2465 1115 ciosa,
2496 1063 2616 1119 quae
2643 1048 2806 1102 vitam
2855 1058 3093 1102 nostram
3140 1054 3196 1102 et
3239 1046 3623 1117 rempublicam
3666 1046 3898 1101 subver-

2304 1138 2456 1193 tunt?
2486 1154 2684 1206 nonne,
2717 1139 2839 1207 quia
2871 1139 2981 1193 Deo
3009 1137 3349 1194 adversantia
3393 1138 3665 1208 loquimur
3688 1139 3714 1191 ‘I
3742 1138 3897 1205 Quod

2302 1230 2445 1285 enim
2487 1229 2593 1284 Deo
2620 1228 2797 1283 reddit
2821 1230 3102 1299 aequalem,
3134 1243 3327 1299 nempe
3367 1244 3473 1284 non
3501 1243 3561 1283 se
3587 1229 3803 1293 ulcisci,
3846 1229 3897 1284 id

2304 1330 2357 1377 tu
2386 1321 2548 1376 risum
2574 1330 2790 1391 reputas
2813 1334 2953 1376 esse.
2982 1320 3169 1376 Nonne
3201 1320 3321 1376 ideo
3359 1321 3469 1376 risu
3500 1321 3649 1391 digni
3684 1337 3898 1386 sumus,

2302 1424 2357 1467 et
2380 1412 2519 1484 apud
2546 1427 2645 1468 nos
2670 1413 2815 1483 ipsos
2856 1421 2911 1468 et
2936 1411 3076 1483 apud
3105 1413 3357 1484 gentiles,
3399 1413 3542 1484 quod
3590 1414 3665 1468 ita
3708 1424 3901 1469 contra

2306 1503 2469 1559 Deum
2504 1503 2825 1571 loquamur?

2385 1594 2611 1649 Historia
2647 1595 2833 1663 reperti
2880 1594 3122 1649 thesauri.
3152 1624 3221 1634 —
3251 1593 3386 1649 Volo
3424 1596 3703 1665 quidpiam
3744 1612 3905 1653 enar-

2307 1701 2426 1742 rare
2453 1685 2591 1757 apud
2620 1695 2828 1741 veteres
2864 1696 3093 1755 gestum,
3125 1701 3230 1741 non
3261 1688 3403 1742 circa
3447 1687 3602 1755 iram,
3634 1688 3732 1743 sed
3761 1691 3905 1744 circa

2307 1779 2608 1846 pecuniam.
2648 1777 2778 1831 Erat
2806 1776 3019 1831 cuidam
3049 1777 3329 1847 prtedium,
3360 1780 3631 1833 occultum
3676 1782 3907 1836 thesau-

2307 1885 2423 1924 rum
2454 1869 2676 1933 babcns,
2720 1869 2888 1924 inscio
2920 1871 3156 1934 domino,
3187 1871 3328 1941 quod
3359 1872 3449 1927 ille
3476 1874 3721 1928 vendidit
3750 1894 3765 1928 :
3794 1891 3911 1929 em-

2308 1970 2431 2030 ptor
2458 1975 2589 2015 vero
2616 1976 2735 2015 cum
2766 1960 2991 2025 foderet,
3016 1972 3073 2015 ut
3098 1962 3361 2030 plantaret
3384 1972 3439 2018 et
3466 1974 3704 2031 curaret,
3739 1966 3913 2033 depo-

2308 2054 2467 2108 situm
2496 2053 2803 2109 thesaurum
2845 2054 3067 2109 invenit.
3095 2054 3246 2122 Quod
3274 2071 3395 2111 cum
3426 2055 3707 2111 didicisset
3740 2060 3788 2111 is
3818 2060 3911 2128 qui

2308 2145 2641 2208 vendiderat,
2674 2146 2895 2201 veniens
2921 2155 3219 2215 emptorem
3248 2146 3473 2215 cogehat
3502 2157 3558 2202 ut
3588 2146 3911 2203 thesaurum

2312 2235 2581 2300 redderet,
2614 2234 2795 2291 dicens
2823 2251 2883 2291 se
2903 2235 3162 2305 praedium
3188 2236 3510 2303 vendidisse,
3543 2254 3651 2291 non
3681 2236 3909 2292 thesau-

2312 2346 2452 2384 rtnn.
2483 2329 2576 2383 llle
2604 2338 2789 2383 contra
2828 2330 3116 2399 repellebat
3160 2344 3281 2384 eum
3312 2329 3515 2395 dicens,
3548 2345 3606 2384 se
3641 2331 3909 2400 praedium

2310 2438 2431 2478 cum
2462 2420 2714 2477 thesauro
2738 2422 2954 2486 emisse,
2984 2430 3038 2475 ct
3078 2436 3137 2476 se
3164 2422 3263 2476 hoc
3293 2421 3423 2475 nihil
3450 2437 3665 2476 curare.
3698 2423 3816 2477 Res
3860 2424 3910 2478 in

2313 2513 2462 2569 litem
2486 2514 2628 2567 inter
2667 2514 2856 2567 ambos
2887 2526 3043 2567 versa
3072 2521 3175 2578 est,
3226 2512 3320 2567 illo
3346 2512 3494 2566 reddi
3536 2513 3639 2569 sibi
3668 2515 3909 2580 volente,

2313 2605 2590 2674 alteroque
2643 2612 2890 2673 negante.
2943 2602 3242 2659 lucidentes
3297 2613 3479 2659 autem
3530 2606 3585 2659 in
3629 2606 3911 2663 hominem

2316 2696 2618 2767 quempiam
2650 2693 2960 2764 litigahant;
2988 2693 3288 2764 deindeque
3310 2694 3708 2765 interrogarqu
3732 2697 3909 2763 illum,

2314 2788 2400 2843 cui
2428 2788 2654 2844 deberet
2700 2787 2981 2843 thesaurus
3028 2788 3341 2857 adjudicari.
3373 2787 3467 2844 Ille
3494 2805 3625 2845 vero
3648 2806 3760 2845 non
3792 2806 3915 2846 sen-

2317 2883 2535 2949 tentiam
2567 2881 2707 2946 tulit,
2736 2880 2974 2951 dixitque
3002 2895 3061 2936 se
3089 2881 3237 2936 litem
3261 2882 3560 2937 soluturum
3590 2898 3739 2947 esse,
3768 2885 3914 2954 quod

2318 2975 2431 3045 ipse
2459 2973 2706 3029 dominus
2732 2982 2893 3029 esset.
2926 2972 2993 3027 Et
3017 2972 3123 3026 illis
3152 2974 3512 3029 annuentibus
3542 2984 3772 3044 accepto
3798 2976 3916 3029 the-

2319 3082 2501 3133 sauro,
2530 3069 2809 3123 innumera
2840 3068 3033 3124 deinde
3068 3069 3204 3123 mala
3233 3082 3423 3138 passus
3460 3078 3566 3135 est,
3598 3078 3655 3124 et
3680 3085 3741 3124 se
3768 3069 3915 3124 didi-

2318 3162 2413 3226 cit,
2439 3161 2561 3231 jure
2592 3161 2711 3216 illos
2738 3161 2806 3216 ab
2848 3161 2949 3215 hoc
2984 3162 3325 3216 abstinuisse.
3360 3162 3474 3217 Hoc
3515 3171 3570 3216 et
3596 3162 3745 3216 circa
3780 3162 3916 3216 iram

2322 3251 2435 3306 fieri
2479 3260 2714 3322 oportet,
2747 3260 2805 3306 ut
2842 3261 2896 3306 et
2926 3266 3024 3306 nos
3071 3252 3481 3321 contendamus,
3514 3267 3622 3306 non
3660 3267 3785 3306 esse
3826 3268 3915 3306 su-

2322 3344 2568 3402 mendam
2592 3345 2867 3408 ultionem,
2888 3352 2942 3398 et
2961 3344 3049 3413 qui
3082 3342 3337 3399 Iazserunt
3362 3343 3714 3407 contendant,
3745 3359 3918 3412 opor-

2324 3446 2435 3492 tere
2460 3451 2521 3493 se
2543 3450 2728 3506 pinnas
2754 3436 2903 3490 dare.
2937 3436 3040 3491 Sed
3070 3436 3251 3491 forsan
3278 3437 3394 3491 hac
3432 3437 3655 3491 ridicula
3687 3437 3919 3491 videan-

2325 3540 2429 3583 tur.
2458 3527 2683 3596 Quando
2704 3527 2846 3582 enim
2875 3528 2987 3582 haec
3016 3528 3220 3582 insania
3238 3526 3527 3583 admodum
3550 3537 3802 3597 occupat,
3826 3530 3918 3597 qui

2325 3620 2566 3675 modeste
2593 3628 2758 3689 agunt
2781 3618 3090 3684 irridentur,
3113 3627 3167 3673 et
3188 3618 3323 3673 inter
3342 3619 3669 3673 insanientes
3692 3619 3917 3683 multos,

2324 3710 2413 3779 qui
2442 3724 2549 3763 non
2578 3709 2776 3763 insanit
2820 3708 3027 3763 videtur
3068 3708 3321 3762 insanire.
3359 3708 3720 3775 Quamobrem
3748 3709 3922 3765 obse-

2327 3816 2439 3866 cro,
2467 3803 2720 3867 feramus,
2750 3814 2955 3869 nosque
2995 3800 3385 3866 contineamus,
3414 3808 3470 3853 ut
3508 3802 3777 3869 possimus
3816 3801 3924 3855 hoc

2332 3890 2631 3961 pernicioso
2674 3889 2864 3945 morbo
2909 3889 3081 3957 liberi,
3129 3904 3349 3959 regnum
3394 3891 3645 3945 caelorum
3677 3891 3921 3960 assequi,

2328 3984 2495 4054 gratia
2526 3992 2581 4039 et
2610 3980 3043 4036 miserationibus
3072 3980 3327 4050 unigeniti
3355 3980 3497 4055 Filii,
3526 3981 3735 4049 quicum
3771 3980 3926 4035 Patri

2331 4085 2381 4129 et
2414 4072 2636 4143 Spiritui
2673 4080 2859 4126 sancto
2902 4070 3094 4141 gloria,
3128 4071 3432 4140 imperium,
3479 4072 3664 4136 honor,
3694 4087 3838 4127 nunc
3867 4082 3931 4127 et

2331 4178 2563 4233 semper,
2591 4171 2646 4219 et
2674 4162 2727 4217 in
2757 4162 2952 4217 sarcula
2981 4161 3321 4216 sasculorum.
3350 4162 3541 4217 Amen.

1986 4370 2331 4431 HOMILIA
2373 4370 2568 4431 XLII.

648 4523 777 4578 Car.
815 4522 897 4577 I9.
930 4536 979 4574 v.
1012 4520 1102 4575 21.
1154 4518 1251 4575 His
1295 4528 1462 4573 autem
1500 4518 1728 4589 expietis,
1776 4516 2034 4587 praposuit
2085 4513 2225 4569 Pau-

722 4618 802 4670 lus
829 4616 878 4667 in
910 4614 1123 4684 Spiritu,
1158 4613 1370 4665 transito
1416 4608 1718 4664 Macedonia
1756 4617 1802 4661 et
1830 4608 2019 4661 Achaia
2046 4607 2120 4660 ire
2139 4604 2232 4660 Je-

725 4704 1049 4775 rosolymam,
1082 4703 1251 4757 dicens
1274 4717 1294 4756 :
1336 4700 1608 4772 Postquam
1638 4701 1782 4769 {uero
1806 4699 1891 4766 ibi,
1930 4707 2124 4767 oportet
2152 4713 2230 4751 me

728 4806 773 4849 et
805 4795 1018 4850 Romam
1046 4794 1232 4847 videre.
1255 4792 1346 4846 22.
1378 4792 1588 4845 Mittens
1613 4800 1778 4845 autem
1802 4791 1855 4843 in
1883 4788 2232 4843 Macedoniam

729 4888 856 4939 duos
885 4901 947 4939 ea:
974 4883 1366 4937 ministrantibus
1406 4884 1498 4937 sibi
1527 4883 1843 4937 Timotheum
1880 4891 1927 4937 et
1968 4882 2229 4945 Erastum,

727 4980 837 5049 ipse
857 4976 1093 5030 remansit
1116 4976 1183 5028 ad
1204 4984 1399 5045 tempus
1418 4981 1470 5028 in
1502 4974 1641 5028 Asia.
1662 4974 1751 5028 25.
1786 4972 1943 5027 Facta
1970 4984 2040 5028 est
2067 4983 2233 5027 autem

727 5069 817 5123 illo
844 5076 1064 5139 tertipore
1086 5066 1306 5119 turbatio
1333 5082 1431 5119 non
1460 5066 1668 5118 minima
1695 5065 1757 5118 de
1777 5065 1875 5118 via.

729 5160 781 5213 1.
827 5158 967 5212 Sat-is
995 5167 1232 5211 moratus
1265 5156 1318 5211 in
1348 5156 1437 5210 illa
1479 5156 1713 5222 civitate,
1752 5156 1865 5209 vult
1896 5154 2085 5209 iterum
2129 5155 2235 5208 alio

658 5250 929 5319 migrare:
956 5247 1078 5301 ideo
1109 5247 1269 5301 mittit
1304 5246 1643 5302 Timotheum
1672 5256 1725 5303 et
1751 5248 1998 5302 Erastum
2033 5248 2083 5301 in
2125 5246 2235 5301 Ma-

658 5341 959 5406 cedoniam,
989 5340 1105 5410 ipse
1133 5354 1263 5395 vero
1285 5348 1467 5395 manet
1486 5340 1706 5410 Ephesi.
1736 5340 2014 5408 Quomodo
2033 5351 2233 5404 autem,

661 5433 813 5487 initio
838 5433 1027 5487 volens
1048 5432 1100 5487 in
1127 5432 1336 5503 Syriam
1369 5431 1538 5497 abire,
1587 5432 1639 5486 in
1670 5431 2029 5486 Macedoniam
2057 5424 2238 5487 revera

663 5524 827 5577 titur?
853 5523 922 5579 Ut
955 5524 1203 5579 ostendat
1229 5539 1287 5579 se
1328 5539 1435 5578 non
1475 5524 1653 5578 omnia
1702 5538 1765 5577 ex
1796 5525 2006 5593 prepria
2038 5524 2236 5579 virtute

663 5612 859 5667 facere.
884 5612 998 5667 Jam
1029 5613 1310 5682 prepbetat
1341 5612 1524 5668 dicens
1556 5631 1568 5667 :
1602 5611 1809 5681 Oportet
1838 5630 1916 5667 me
1944 5622 1989 5665 et
2020 5612 2236 5666 Romam

662 5702 849 5759 videre.
883 5701 997 5759 Hoc
1022 5718 1149 5761 vero
1195 5703 1419 5760 fortasse
1453 5703 1598 5771 dicit,
1625 5714 1678 5759 ut
1708 5704 2013 5761 consoletur
2038 5718 2153 5775 eos,
2180 5717 2238 5762 ut

2337 4514 2427 4584 qui
2465 4527 2569 4568 non
2616 4510 2828 4569 maneat
2856 4515 3093 4585 quidem,
3124 4515 3220 4571 sed
3270 4531 3455 4573 rursus
3486 4518 3692 4574 vicinus
3728 4532 3930 4574 eorum

2339 4604 2546 4659 futurus
2570 4606 2660 4670 sit,
2688 4614 2742 4660 et
2771 4605 3049 4676 prophetia
3070 4606 3451 4678 discipulorum
3474 4612 3677 4664 animos
3697 4611 3934 4668 excitat.

2340 4696 2473 4751 llinc
2502 4696 2633 4751 mihi
2662 4696 2872 4752 videtur
2909 4697 3107 4767 Ephesi
3138 4697 3434 4754 Corinthiis
3475 4700 3705 4756 scribere
3741 4715 3811 4755 ac
3841 4704 3934 4758 di-

2337 4805 2460 4845 cere
2494 4807 2506 4843 :
2544 4788 2680 4843 Nolo
2723 4807 2808 4844 vos
2843 4791 3080 4862 ignorare
3118 4792 3183 4846 de
3226 4793 3548 4849 tribulatione
3585 4804 3771 4861 nostra,
3813 4814 3935 4865 qua

2340 4885 2475 4952 facta
2502 4892 2573 4938 est
2602 4884 2655 4937 in
2683 4884 2803 4937 Asia
2833 4883 2909 4954 (2.
2943 4882 3060 4938 Cor.
3086 4886 3137 4939 Ι.
3166 4883 3242 4955 8).
3271 4886 3407 4954 Quia
3435 4887 3579 4943 enim
3603 4888 3931 4959 promiserat

2339 4990 2397 5029 se
2426 4974 2741 5031 Corinthum
2784 4991 2903 5031 esse
2931 4985 3239 5044 venturum,
3285 4979 3431 5049 quod
3482 4996 3656 5035 moras
3699 4987 3935 5039 traxerit

2341 5081 2463 5122 sese
2492 5076 2699 5138 purgat,
2746 5076 2799 5123 et
2829 5069 3175 5125 tentationem
3220 5080 3514 5137 memorat,
3566 5090 3681 5144 qua:
3724 5073 3934 5131 Deme-

2344 5160 2502 5214 trium
2531 5167 2775 5229 spectant
2806 5175 3084 5216 enarrans.
3120 5162 3273 5218 Hunc
3300 5164 3445 5218 enim
3477 5164 3775 5220 subindicat
3800 5182 3935 5223 cum

2341 5248 2467 5304 dicit
2489 5249 2848 5305 turbationem
2877 5266 2982 5305 non
3028 5252 3301 5307 minimam
3334 5253 3402 5309 de
3430 5254 3535 5309 via.
3561 5254 3756 5311 Russus
3783 5261 3933 5327 peri—

2342 5342 2542 5408 culum,
2571 5356 2756 5396 rursus
2788 5343 3041 5398 turbatio.
3068 5343 3258 5400 Viden’
3285 5361 3447 5416 quam
3472 5346 3543 5403 sit
3562 5350 3936 5417 cormpicuusi

2341 5432 2503 5487 Facta
2541 5446 2664 5488 sunt
2697 5434 2844 5504 signa
2874 5434 3105 5506 duplicia
3138 5454 3152 5491 :
3186 5437 3260 5492 illi
3298 5452 3427 5493 vero
3469 5440 3932 5497 contradiccbant.

2342 5523 2430 5579 Sic
2463 5540 2556 5593 per
2581 5526 2758 5581 omnia
2801 5543 2889 5583 res
2929 5538 3305 5587 contexuntur.
3337 5532 3428 5587 9.4.
3473 5531 3757 5587 Demetrius
3798 5537 3940 5589 enim

2341 5616 2548 5684 quidam
2596 5617 2813 5683 nomine,
2861 5620 3211 5689 argentarius,
3258 5622 3449 5689 faciens
3496 5621 3634 5676 (cdes
3673 5637 3936 5694 argenteas

2344 5706 2546 5774 Diana,
2582 5713 2851 5777 prmstabat
2890 5712 3168 5781 artiﬁcibus
3203 5729 3315 5783 ιιοη
3361 5715 3615 5770 modicum
3660 5725 3929 5786 questum.
