4094 6336
161 548 353 604 σπότου
386 556 411 584 α
438 564 454 611 ;
487 546 551 599 οὐ
586 544 766 618 βούλει
798 540 1283 614 καταφρονηθῆναι
1314 540 1465 612 παρά
1496 538 1590 592 τοῦ
1613 536 1839 609 ὁμοδούο

158 638 269 699 λου,
301 634 439 688 ἀλλά
473 635 842 707 καταφρονεῖς
888 630 982 684 τοῦ
1012 632 1323 696 Δεσπότου;
1358 626 1841 700 καταφρονηθῆναι

156 725 285 797 παρ’
309 722 477 778 αὐτοῦ
501 725 604 778 οὐκ
629 722 821 794 ἀνέχῃ,
856 719 949 774 τὸν
980 719 1038 773 δι
1074 719 1208 773 Θεὸν
1240 719 1571 787 ἀγανακτεῖν
1594 718 1696 771 οὐκ
1714 716 1838 783 οίει,

155 814 238 867 δτι
267 813 434 866 αὐτοῦ
467 812 798 882 καταγελᾷς,
830 810 913 863 ὅτι
952 808 1119 863 αὐτοῦ
1156 811 1537 879 καταφρονεῖς,
1558 807 1620 860 οὐ
1653 805 1841 877 βουλό-

159 918 319 971 μενος
348 901 499 972 αὐτῷ
529 899 850 965 πείθεσθαι;
881 899 1007 952 Ὀτι
1027 898 1084 951 δὲ
1105 898 1230 952 οὐδὲ
1260 895 1694 965 καταγελάσεταί
1720 911 1838 958 σοι»,

155 988 315 1058 δῆλον
344 988 574 1042 ἐκεῖθεν.
612 988 712 1040 Ἀν
746 987 844 1058 μὲν
886 980 979 1039 οῦν
1007 983 1322 1055 ἐπεξέλθῃς,
1377 983 1548 1046 πολὺς
1576 984 1604 1035 6
1641 981 1837 1050 γέλως,

155 1076 393 1148 πολλὴή
430 1076 857 1147 καταφρόνησις·
925 1073 1293 1145 μικροψυχίας
1335 1071 1445 1142 γάρ
1472 1071 1537 1124 τὸ
1583 1071 1837 1142 πρᾶγμα·

156 1164 224 1218 ἀν
256 1164 314 1217 δὲ
343 1165 509 1235 ἀφῇς,
546 1164 683 1219 πολύ
710 1163 773 1217 τὸ
831 1162 1038 1233 θαῦμα·
1081 1160 1491 1231 μεγαλοψυχίας
1518 1158 1628 1231 γάρ
1657 1156 1837 1211 τοῦτο.

168 1252 309 1306 Ἀλλ’
341 1254 551 1316 ἐκεῖνος
582 1253 683 1305 οὐκ
706 1247 839 1316 οἵδε,
881 1250 1067 1320 φησίν.
1110 1250 1274 1303 Ἰστω
1322 1251 1353 1302 ό
1378 1248 1530 1312 Θεὸς,
1575 1248 1662 1302 ἵνα
1719 1246 1841 1317 μεί-

154 1339 285 1405 ζονα
318 1339 450 1411 ἔχῃς
477 1339 570 1392 τὸν
603 1339 815 1410 μισθόν.
865 1334 1153 1400 Δανείζετε
1197 1338 1329 1407 γάρ,
1383 1337 1542 1406 φησὶ,
1578 1334 1711 1405 παρ’
1764 1324 1841 1385 ὧν

152 1430 256 1483 οὐκ
276 1426 429 1501 [516]
466 1427 717 1491 ἐλπίζετε
765 1426 1084 1479 ἀπολαϐεῖν.
1117 1422 1278 1478 Οὕτω
1311 1424 1405 1477 καὶ
1458 1420 1841 1494 εὐεργετῶμεν

151 1518 281 1581 τοὺς
336 1516 474 1587 μηδέ
528 1515 974 1586 αἰσθανομένους,
1034 1514 1118 1568 ὅτι
1151 1511 1589 1585 εὐεργετοῦνται,
1623 1511 1713 1564 ἵνα
1765 1508 1841 1581 μὴ

150 1604 516 1669 ἀντιδιδόντες
550 1606 684 1676 ἡμῖν
712 1604 803 1657 τὸν
826 1602 1112 1673 ἐπαινον,ἧ
1138 1601 1167 1655 ὅ
1192 1618 1245 1654 τι
1275 1600 1498 1672 δήποτε,
1520 1598 1842 1653 ἐλαττώσω-

152 1711 240 1748 σιν
274 1695 409 1765 ἡμῖν
440 1693 535 1746 τὸν
596 1692 809 1765 μισθόν.
865 1693 1034 1745 Ὅταν
1065 1690 1175 1761 γάρ
1211 1689 1380 1760 μηδὲν
1428 1688 1583 1760 παρά
1636 1687 1844 1759 ἀνθρώ-

151 1798 274 1835 πων
312 1780 589 1851 λάϐωμεν,
619 1779 741 1834 τότε
774 1778 998 1851 μείζονα
1026 1778 1181 1850 παρά
1234 1776 1329 1831 τοῦ
1362 1776 1497 1830 Θεοῦ
1529 1775 1837 1847 ληψόμεθα.

151 1873 220 1926 Τί
257 1872 315 1925 δέ
340 1871 900 1941 καταγελαστότερον,
929 1871 984 1923 τί
1012 1870 1072 1924 δέ
1115 1867 1455 1941 ψυχρότερον
1485 1867 1664 1939 ψυχῆς
1688 1868 1843 1938 όργι-

150 1961 393 2031 ζομένης
422 1959 738 2026 διαπαντὸς,
773 1958 867 2013 καὶ
898 1956 1235 2030 βουλομένης
1268 1956 1615 2023 ἐπεξελθεῖν;
1648 1956 1842 2009 Γυναι-

149 2046 336 2117 κώδης
361 2046 501 2118 αῦτη
531 2048 565 2119 ἡ
596 2045 915 2120 προαίρεσις
959 2045 1056 2100 καὶ
1113 2043 1363 2116 παιδική.
1415 2042 1686 2115 Καθάπερ
1732 2042 1841 2114 γάρ

148 2136 339 2210 ἐκείνη
370 2136 631 2208 καὶπρὸς
656 2136 727 2189 τά
759 2134 944 2206 ἀψυχα
983 2131 1286 2205 ὀργίζεται,
1323 2132 1430 2188 κᾶν
1457 2133 1534 2205 μὴ
1566 2132 1747 2206 πλήξῃ
1780 2133 1843 2185 τὸ

146 2225 372 2297 ἔδαφος,
405 2226 507 2286 οὐκ
532 2224 728 2297 ἀφίησι
750 2224 848 2296 τὴν
869 2225 1063 2297 ὀργήν·
1095 2221 1240 2278 οὕτω
1265 2223 1330 2296 δὴ
1391 2222 1488 2276 καὶ
1514 2215 1660 2275 οῦτοι
1712 2223 1840 2286 τοὺς

146 2314 511 2385 λυπήσαντας
540 2312 853 2383 ἀμύνασθαι
884 2311 1187 2384 βούλονται.
1224 2312 1370 2382 Ἀρα
1402 2310 1560 2365 αὐτοὶ
1605 2309 1841 2379 γέλωτος

145 2405 318 2470 ἄξιοι·
342 2404 407 2458 τὸ
430 2403 542 2475 γάρ
575 2403 682 2457 ὐπὸ
716 2401 890 2474 θυμοῦ
913 2402 1257 2476 κρατεῖσθαι,
1289 2400 1548 2472 παιδικῆς
1575 2398 1837 2463 διανοίας·

145 2492 212 2546 τὸ
245 2491 305 2546 δέ
338 2493 589 2563 κρατεῖν,
622 2490 1027 2563 ἀνδρειότητος.
1054 2490 1201 2563 ’Δρα
1220 2490 1323 2563 οὐχ
1343 2491 1505 2561 ἡμεῖς
1525 2486 1847 2558 καταγελώ-

150 2579 321 2651 μεθα,
346 2579 477 2632 ὅταν
501 2577 907 2650 φιλοσοφῶμεν,
938 2577 1057 2633 ἀλλ’
1091 2581 1314 2634 ἐκεῖνοι.
1366 2578 1484 2632 υύκ
1520 2577 1638 2631 Εστι
1680 2575 1842 2629 τοῦτο

146 2668 652 2740 εὐκαταφρονήτων
689 2668 1028 2739 ¹ἀνθρώπειον,
1086 2666 1149 2721 τὸ
1209 2668 1287 2740 μὴ
1313 2666 1607 2742 ⁸ἡττᾶσθαι
1651 2664 1838 2719 πάθει·

148 2756 654 2828 εὐκαταφρονήτων
677 2755 736 2809 δέ
782 2757 902 2810 ἐστι
944 2756 1007 2809 τὸ
1034 2754 1181 2810 οὕτω
1233 2755 1464 2827 τρέμειν
1504 2755 1597 2808 τὸν
1640 2754 1843 2821 ἔξωθεν

147 2843 389 2912 γέλωτα,
423 2843 501 2908 ὡς
528 2843 618 2897 διά
645 2841 835 2898 τοῦτον
862 2843 1135 2915 αἱρεῖσθαι
1168 2844 1261 2899 καὶ
1318 2843 1483 2899 πάθει
1512 2844 1843 2900 ὑποπίπτειν

147 2930 365 3002 οἰκείῳ,
394 2932 490 2985 καὶ
516 2930 637 3003 Θεῷ
689 2933 1078 3004 προσκρούειν,
1116 2935 1211 2987 καὶ
1259 2934 1454 2988 ἑαυτὸν
1499 2932 1839 3006 ἀμύνασθαι.

149 3018 344 3071 Ταῦτα
369 3017 539 3082 ὄντως
562 3018 797 3087 γέλωτος
846 3020 993 3083 ἀξια.
1030 3021 1242 3074 Οὐκοῦν
1295 3019 1470 3074 ταῦτα
1522 3019 1841 3091 φεύγωμεν·

148 3106 387 3176 λεγέτω,
419 3108 503 3161 ὅτι
543 3108 716 3181 μυρία
744 3108 893 3179 ἡμᾶς
919 3110 1296 3181 ἐργασάμενος
1316 3110 1483 3175 κακά,
1502 3108 1655 3162 οὐδὲν
1676 3109 1841 3173 αὐτὸς

150 3194 349 3249 ἔπαθε·
380 3194 606 3265 λεγέτω,
643 3197 727 3250 ὅτι
779 3198 873 3249 καὶ
924 3197 1087 3250 πάλιν
1140 3200 1271 3268 ἡμῖν
1303 3198 1353 3250 εἰ
1408 3198 1840 3269 ἐπικωμάσειεν,

150 3283 310 3338 οὐδὲν
346 3284 617 3339 πείσεται.
650 3285 765 3339 Οὐκ
788 3287 855 3339 ἀν
878 3285 1081 3356 ἑτέρως
1122 3287 1282 3357 ἡμῶν
1310 3284 1551 3359 ἐκήρυξε
1577 3287 1676 3359 τὴν
1711 3289 1843 3358 ἀρε-

150 3372 275 3443 τὴν,
307 3372 412 3425 οὐκ
438 3370 507 3426 ἀν
538 3371 674 3426 ἀλλα
706 3371 941 3446 ἐζήτησε
992 3376 1235 3446 ῥήματα,
1291 3377 1340 3428 εἰ
1373 3375 1657 3429 ἐπαινέσαι
1692 3378 1843 3447 ἡμᾶς

152 3461 435 3525 ἐϐούλετο,
470 3461 586 3515 ἀλλ’
610 3463 646 3534 ἢ
703 3462 896 3527 ταῦτα,
924 3462 961 3517 ἀ
1012 3464 1161 3517 δοκεῖ
1195 3464 1435 3528 κακίζων
1458 3465 1661 3534 λέγειν.
1714 3465 1843 3520 Εἴθε

154 3551 365 3615 πάντες
397 3551 528 3622 περί
568 3550 705 3622 ἐμοῦ
728 3551 904 3606 ταῦτα
924 3552 1130 3621 ἔλεγον,
1165 3554 1247 3606 ὅτι
1286 3554 1507 3625 Ψυχρὸς
1530 3555 1840 3626 ἄνθρωπος,

152 3640 251 3693 καί.
283 3638 632 3711 ταλαίπωρός
669 3642 806 3694 ἐστι·
834 3643 1035 3705 πάντες
1073 3644 1152 3707 είς
1190 3642 1355 3697 αὐτὸν
1387 3645 1718 3715 ὑϐρίζουσιν,
1744 3645 1843 3695 αύ-

150 3728 246 3791 τὸς
279 3727 338 3780 δὲ
365 3729 541 3800 φέρει·
577 3728 780 3793 πάντες
811 3729 1147 3796 ἐνάλλονται,
1195 3732 1359 3795 αὐτὸς
1415 3732 1473 3786 δὲ
1496 3733 1597 3785 οὐκ
1636 3731 1844 3803 ἀμύνει-

149 3834 267 3871 ται.
304 3817 435 3871 Εἴθε
456 3818 878 3889 προσετίθεσαν,
912 3820 996 3872 ὅτι
1024 3820 1162 3873 Οὐδὲ
1198 3821 1295 3873 ἐάν
1318 3820 1447 3893 θέλῃ
1475 3821 1725 3889 δύναται,
1754 3823 1843 3877 ἴνα

154 3922 250 3976 μοι
277 3905 503 3971 ἔπαινος
524 3903 593 3979 ἦν
620 3910 684 3961 ἐκ
710 3907 805 3961 τοῦ
840 3908 1000 3973 Θεοῦ,
1034 3909 1132 3963 καὶ
1167 3910 1241 3981 μὴ
1270 3910 1329 3977 ἐξ
1376 3910 1700 3981 ἀνθρώπων.
1735 3913 1843 3964 Λε-

148 3996 323 4064 γέτω,
359 3997 443 4049 ὅτι
467 3997 619 4068 παρά
646 3997 964 4069 ψυχρότητα
984 4000 1085 4051 οὐκ
1127 4000 1473 4070 ἀμυνόμεθα.
1502 4001 1668 4054 Οὐδὲν
1695 4003 1845 4073 ἡμᾶς

150 4084 392 4154 βλάπτει
413 4082 596 4150 τοῦτο,
618 4085 744 4138 ὃταν
763 4088 791 4138 6
810 4085 944 4150 Θεὸς
970 4088 1107 4158 εἰδῇ,
1132 4087 1247 4139 ἀλλ’
1268 4090 1325 4141 ἐν
1349 4088 1558 4159 μείζονι
1585 4090 1845 4163 καθίστη-

150 4190 241 4226 σιν
273 4171 435 4244 ήμῶν
460 4173 550 4227 τὸν
578 4173 851 4246 θησαυρὸν
878 4176 1117 4247 φυλακῇ.
1137 4178 1200 4230 Εἰ
1218 4177 1511 4250 μέλλοιμεν
1533 4181 1670 4253 πρὸς
1696 4182 1841 4236 ἐκεί-

148 4278 280 4326 νους
303 4262 463 4333 ὀρᾷν,
501 4263 720 4318 πάντων
742 4266 1188 4338 ἀποπεσούμεθα.
1230 4267 1322 4340 Μὴ
1346 4269 1397 4323 τί
1417 4269 1844 4339 λέγουσιν,ἀλλά

220 4428 240 4452 ⁸
264 4428 368 4481 Αἰἰί
402 4432 670 4492 Δια-πότου,
697 4435 778 4482 καὶ
803 4438 1213 4499 καταφρονηθῆναι
1236 4440 1348 4500 παρ’
1388 4439 1565 4500 αὐτοῦ;

246 4574 672 4587 ---.,-

1155 423 1219 479 IN
1256 423 1443 481 ACTA
1484 418 2025 480 APOSTOLORUM.
2082 415 2319 473 "OMIL.
2363 414 2525 470 XLII.

681 4577 2101 4607 Ἢ

3533 409 3642 469 2913

1941 536 1995 589 τί
2023 536 2154 606 ἡμῖν
2183 533 2407 604 πρέπει,
2430 531 2653 603 ἴδωμεν.
2680 531 2745 584 Οἰ
2770 529 2848 593 δέ,
2867 529 2960 600 Μὴ
2982 526 3091 599 γάρ
3132 545 3235 599 μου
3266 526 3645 603 καταγελάσῃ,

1941 623 2199 691 φασῖ,καὶ
2214 619 2531 691 καυχῶνταί
2543 620 2781 683 τινες.⁴Ὡ
2796 620 2895 690 τῆς
2907 617 3098 681 ἀνοίας
3114 619 3126 670 ἰ
3143 614 3335 681 Οὐδείς
3357 634 3424 687 με
3450 618 3646 687 ἀδική-

1943 727 2044 775 σας
2077 708 2415 779 κατεγέλασέ
2448 725 2575 779 μου,
2614 707 2784 778 φησί·
2816 705 3121 769 τουτέστιν,
3159 703 3507 776 Ἐπεῆλθοω
3535 706 3650 760 Καὶ

1945 797 2055 870 μὴν
2089 796 2268 868 τούτῳ
2291 794 2703 864 καταγελᾶσθαι
2722 793 2987 864 ὀφείλεις,
3017 794 3101 847 ὄτι
3125 791 3444 863 ἐπεξῆλθες.
3471 792 3647 846 Πόθεν

1940 882 2117 937 ταῦτα
2145 882 2215 936 τὰ
2238 884 2461 953 ῥήματα
2489 880 2838 951 ἐπεισῆλθεν,
2862 880 3096 952 αἰσχύνη
3123 880 3217 934 καὶ
3243 879 3465 951 ὄλεθρος
3490 880 3645 944 ὅντα,

1942 970 2037 1023 καὶ
2064 969 2351 1041 ἀνατροπὴ
2385 969 2487 1041 τῆς
2520 969 2669 1040 ζωῆς
2715 968 2815 1039 τῆς
2848 967 3151 1039 ἡμετέρας,
3204 969 3300 1020 καὶ
3352 970 3451 1038 τῆς
3491 966 3647 1019 πολι-

1939 1057 2127 1125 τείας;
2160 1053 2274 1129 ἆρα
2318 1058 2420 1111 οὐκ
2451 1058 2561 1111 ἀπὸ
2585 1056 2681 1112 τοῦ
2736 1056 3073 1119 ἀπεναντίας
3122 1055 3203 1128 τῷ
3240 1054 3362 1126 Θεῷ
3412 1054 3645 1124 φθέγγε-

1943 1145 2069 1199 σθαι
2095 1163 2110 1212 ;
2148 1148 2215 1199 Ὅ
2240 1146 2353 1219 γὰρ
2385 1148 2533 1200 ποιεῖ
2555 1144 2695 1199 Θεοῦ
2735 1145 2872 1209 ἴσον,
2902 1144 2963 1198 τὸ
2991 1144 3067 1216 μὴ
3107 1143 3443 1215 ἀμύνασθαι,
3481 1142 3645 1196 τοῦτο

1940 1233 2161 1303 γέλωτα
2194 1235 2459 1305 νομίζεις.
2492 1234 2567 1287 Οὐ
2613 1231 2705 1287 διά
2744 1231 2923 1287 ταῦτα
2968 1231 3236 1302 γελάσθαί
3284 1233 3453 1301 ἐσμεν
3499 1229 3643 1295 ἄξιοι

1942 1320 2040 1374 καί⁷
2067 1322 2198 1393 παρ’
2224 1323 2257 1393 ὴ
2268 1322 2387 1392 μῶν
2420 1322 2624 1387 αὐτῶν,
2670 1321 2767 1375 καὶ
2800 1322 2932 1393 παρ’
2980 1320 3273 1392 Ἑλλήνων,
3292 1319 3469 1383 οὕτως
3489 1319 3644 1372 ἀντι-

1944 1409 2309 1480 φθεγγόμενοι
2328 1409 2409 1481 τῷ
2428 1408 2579 1480 Θεῷ;

2013 1498 2287 1570 Βούλομαι
2320 1517 2373 1553 τι
2395 1500 2769 1572 διηγήσασθαι
2801 1499 3097 1571 γενόμενον
3118 1499 3212 1553 ἐπὶ
3234 1499 3343 1553 τῶν
3369 1498 3642 1562 παλαιῶν,

1942 1589 2006 1643 οὐ
2028 1589 2161 1660 περὶ
2180 1588 2373 1661 ὀργῆς,
2395 1588 2535 1643 ἀλλά
2583 1589 2717 1661 περὶ
2757 1590 3081 1661 χρημάτων·
3121 1585 3230 1641 Ἦν
3279 1604 3387 1640 τινι
3444 1588 3647 1659 χωρίον

1945 1677 2226 1749 θησαυρὸν
2257 1677 2385 1749 ἔχον
2440 1678 2898 1750 ἐγκεκρυμμένον
2926 1678 3031 1731 οὐκ
3065 1676 3271 1740 εἰδότος
3298 1675 3395 1729 τοῦ
3444 1675 3644 1729 δεσπό-

1943 1782 2061 1819 του·
2082 1763 2246 1820 τοῦτο
2270 1767 2480 1829 ἐκεῖνος
2508 1766 2571 1819 τὸ
2597 1766 2800 1837 χωρίον
2829 1766 3081 1821 ἀπέδοτο.
3118 1766 3177 1819 ὐ
3198 1766 3505 1836 πριάμενος
3528 1764 3648 1819 δια-

1945 1854 2208 1908 σκάπτων
2236 1853 2379 1908 ὥστε
2409 1852 2678 1924 φυτεῦσαι
2712 1854 2809 1909 καὶ
2846 1854 3315 1925 ἐπιμελήσασθαι,
3377 1846 3505 1925 εὗρε
3553 1853 3648 1907 τὸν

1945 1942 2225 2015 θησαυρὸν
2267 1942 2721 2013 ἐναποκείμενον.
2757 1942 2967 1998 Μαθὼν
3018 1943 3048 1995 6
3082 1944 3419 2013 ἀποδόμενος
3460 1942 3643 2007 τοῦτο,

1944 2029 2117 2085 ἐλθὼν
2141 2030 2397 2097 ἐϐιάζετο
2423 2031 2517 2085 τὸν
2549 2031 2867 2104 ήγορακότα
2886 2032 3187 2087 ἀπολαϐεῖν
3218 2031 3315 2086 τὸν
3343 2031 3641 2104 θησαυρόν·

1942 2120 2146 2193 χωρίον
2200 2120 2311 2193 γάρ
2360 2120 2517 2192 ἔλεγε
2562 2122 2952 2193 πεπρακέναι,
3008 2124 3071 2176 οὐ
3124 2121 3421 2193 θησαυρόν.
3474 2121 3645 2175 Πάλιν

1943 2212 2153 2274 ἐκεῖνος
2189 2209 2439 2263 διωθεῖτο
2485 2210 2671 2287 αὐτὸν,
2699 2210 2900 2280 λέγων,
2943 2209 3008 2265 τὸ
3050 2212 3253 2283 χωρίον
3281 2193 3645 2282 ⁸’ἰγγορακέναι

1946 2300 2088 2368 μετά
2146 2296 2302 2370 [317]
2370 2288 2467 2353 τοῦ
2525 2296 2830 2372 θησαυροῦ,
2866 2298 2965 2355 καί⁸
3021 2300 3217 2355 οὐδένα
3274 2300 3434 2371 λόγον
3467 2303 3645 2354 ποιεῖν

1944 2386 2092 2458 ὑπὲρ
2143 2385 2362 2441 τούτου.
2419 2387 2517 2451 Εἰς
2582 2388 3002 2461 ἀμφισϐήτησιν
3050 2390 3399 2461 κατέστησαν
3460 2390 3645 2462 ἀμφό-

1942 2492 2097 2547 τεροι
2128 2516 2146 2544 ,
2214 2478 2245 2531 6
2300 2478 2405 2549 μὲν
2456 2477 2645 2533 λαϐεῖν
2718 2477 3046 2551 βουλόμενος
3076 2517 3095 2545 ,
3174 2482 3204 2534 ό
3277 2480 3338 2535 δὲ
3409 2481 3647 2552 φιλονειο

1943 2562 2060 2617 κῶν
2114 2562 2191 2635 μὴ
2262 2563 2473 2621 δοῦναι.
2540 2565 2655 2621 Καὶ
2725 2569 2797 2621 ἐπ
2824 2567 3077 2638 τυχόντες
3129 2566 3427 2641 ἀνθρώπου
3498 2568 3645 2633 τινὸς

1942 2649 2267 2723 διελέγοντο·
2305 2649 2430 2709 εἶτα
2468 2653 2702 2725 ἠρώτων
2737 2654 2922 2721 αὐτὸν,
2956 2653 3065 2710 τίνι
3110 2655 3195 2709 δεῖ
3242 2656 3646 2729 προσγενέσθαι

1942 2739 2036 2794 τὸν
2068 2739 2364 2815 θησαυρόν.
2410 2743 2468 2797 '0
2505 2742 2563 2797 δὲ
2585 2743 2689 2797 οὐκ
2714 2744 3064 2816 ἀπεφήνατο,
3110 2743 3217 2816 εφη
3240 2744 3300 2799 δὲ
3336 2744 3646 2801 καταλῦσαι

1944 2828 2127 2885 αὐτῶν
2155 2829 2256 2904 τὴν
2283 2832 2722 2905 ἀμφισϐήτησιν·
2757 2834 2921 2899 αὐτὸς
2953 2833 3067 2907 γάρ
3116 2834 3340 2889 ἔσεσθαι
3373 2834 3564 2907 κύριος
3587 2835 3641 2892 ιι.

1945 2920 2060 2975 Καὶ
2082 2919 2267 2975 λαϐὼν
2326 2908 2423 2977 τὸν
2474 2922 2754 2995 θησαυρὸν
2813 2922 3058 2978 ἑκόντων
3108 2926 3647 2998 παραχωρησάντων

1944 3008 2197 3074 ἐκείνων,
2228 3010 2402 3081 μυρία
2425 3009 2655 3082 ὕστερον
2678 3011 2889 3083 ὑπέστη
2912 3011 3081 3078 κακά,
3103 3014 3200 3067 καὶ
3220 3013 3370 3086 ἔργῳ
3399 3014 3646 3085 ἐμάνθα-

1942 3113 2057 3162 νεν,
2093 3098 2179 3151 ὅτι
2209 3098 2437 3163 εἰκότως
2467 3101 2668 3154 ἐκεῖνοι
2691 3100 2886 3154 τούτου
2935 3100 3284 3173 ἀπέστησαν.
3333 3104 3509 3158 Τοῦτο
3548 3109 3646 3160 καὶ

1943 3187 2076 3259 περί
2105 3187 2210 3257 τῆς
2248 3188 2421 3260 όργῆς
2447 3188 2531 3243 δεῖ
2561 3187 2840 3258 γενέσθαι,
2870 3191 2967 3244 καὶ
3002 3192 3153 3263 ημᾶς
3178 3191 3511 3261 φιλονεικεῖν
3568 3194 3645 3268 μὴ

1943 3274 2280 3345 ἀμύνασθαι,
2338 3277 2594 3341 καὶτοὺς
2641 3277 3018 3349 λελυπηκότας
3078 3279 3410 3349 φιλονεικεῖν
3459 3282 3646 3338 δοῦναι

1942 3362 2122 3435 δίκην.
2166 3364 2329 3418 Ἀλλά
2376 3364 2522 3437 τάχα
2576 3367 2753 3421 ταῦτα
2787 3369 2883 3421 καί
2936 3367 3115 3438 γέλως
3159 3387 3245 3435 τις
3292 3365 3435 3425 εῖναι
3472 3373 3642 3427 δοκεῖ·

1943 3450 2073 3506 ὅταν
2098 3450 2210 3525 γάρ
2231 3452 2495 3509 ἐπιπλέον
2532 3455 2568 3525 ἠ
2621 3456 2792 3526 μανία
2824 3458 3099 3530 κατάσχῃ,
3131 3459 3183 3511 οἰ
3234 3461 3647 3532 σωφρονοῦντες

1942 3539 2237 3609 γελῶνται,
2269 3542 2365 3594 καὶ
2395 3542 2455 3596 ιν
2488 3543 2708 3608 πολλοῖς
2744 3544 3097 3615 μαινομένοις
3142 3547 3172 3599 6
3204 3548 3281 3620 μὴ
3314 3549 3643 3621 μαινόμενος

1943 3627 2095 3682 δοκεῖ
2145 3628 2459 3700 μαίνεσθαι.
2495 3631 2590 3683 Διὸ
2623 3634 2932 3703 παρακαλῶ
2968 3638 3307 3706 ἀνενεγκεῖν,
3356 3639 3453 3693 καὶ
3485 3642 3647 3711 ήμῶν

1945 3717 2128 3771 αὐτῶν
2159 3717 2438 3787 γενέσθαι,
2484 3720 2572 3772 ἵνα
2610 3720 2933 3793 δυνηθῶμεν
2955 3722 3050 3777 τοῦ
3090 3724 3338 3794 ὀλεθρίου
3370 3739 3393 3767 ο
3451 3732 3645 3784 τούτου

1945 3806 2155 3870 πάθους
2181 3805 2604 3879 καθαρεύοντες,
2628 3810 2728 3881 τῆς
2761 3810 2872 3864 τῶν
2896 3812 3145 3883 οὐρανῶν
3172 3812 3453 3884 βασιλείας
3480 3818 3647 3885 ἀξιωο

1944 3892 2129 3964 θῆναι,
2190 3894 2377 3966 χάριτι
2438 3899 2535 3950 καὶ
2594 3898 2904 3970 οἰκτιρμοῖς
2943 3898 3039 3952 τοῦ
3092 3904 3423 3971 μονογενοῦς
3475 3906 3644 3960 αὐτοῦ

1945 3980 2165 4045 Παιδὸς,
2192 3982 2314 4053 μεθ’
2354 3978 2415 4038 οῦ
2447 3983 2527 4056 τῷ
2564 3985 2742 4057 Πατρὶ
2770 3985 2888 4058 ἅμα
2915 3987 2998 4059 τῷ
3019 3989 3163 4059 άγίῳ
3186 3989 3470 4061 Πνεύματι
3492 3992 3643 4059 δόξα,

1945 4070 2169 4139 κράτος,
2227 4072 2384 4143 τιμὴ,
2427 4072 2526 4128 νῦν
2561 4072 2657 4128 καὶ
2694 4075 2805 4141 ἀεὶ,
2840 4075 2936 4131 καὶ
2970 4078 3052 4140 είς
3100 4079 3226 4144 τούς
3274 4080 3480 4147 αἰῶνας
3533 4084 3646 4139 τῶν

1944 4156 2179 4214 αἰώνων.
2225 4160 2424 4233 Ἀμήν.

2031 4347 2060 4387 ι,
2086 4328 2493 4397 chjegeplem
2526 4338 2718 4397 _spoyle
2756 4330 2895 4397 isiubil
2936 4334 3177 4383 memoria
3216 4333 3362 4384 faceti
3395 4334 3577 4397 judicis
3616 4352 3642 4386 a

1948 4398 2117 4451 noser
2142 4390 2430 4441 Lafoniaiue
2455 4390 2645 4443 indu—eti
2668 4396 2717 4442 in
2742 4396 2902 4444 rabula
2926 4397 3005 4444 cui
3033 4398 3242 4446 titulus:
3274 4390 3487 4451 L’Imilre
3505 4406 3551 4451 et
3575 4397 3643 4451 (ea

1948 4450 2218 4515 pluidcurs.
2249 4454 2384 4504 lion.
2454 4458 2478 4486 θ
2508 4455 2608 4504 Τοῦ
2634 4458 2849 4521 ὀλεθρίου
2868 4459 3015 4508 deest
3040 4461 3089 4509 in
3108 4460 3419 4521 quibusdam.

2104 4600 2222 4609 -..ρ-

1698 4696 1956 4750 ΟΜΙΛΙΛ
1997 4698 2131 4751 Μιγ.

152 4801 262 4869 Ὦς
288 4799 382 4876 δὲ-
417 4799 991 4876 ἐπληρώθη-ταῦτα,
1029 4804 1199 4858 ἔθετο
1255 4808 1288 4859 ὁ
1339 4807 1583 4872 Παῦλος
1635 4808 1706 4862 ἑν
1759 4810 1839 4876 τῷ

216 4872 549 4947 Πνεύματι,
583 4871 836 4947 διελθῶν
862 4874 977 4941 τὴν
1009 4876 1389 4947 Μακεδονίαν
1428 4878 1528 4931 καὶ
1561 4871 1835 4947 ίἈχαΐανί,

218 4943 591 5011 πορεύεσθαι
628 4944 716 5008 εἰς
756 4944 1175 5013 Ἰερουσαλὴμ,
1217 4947 1423 5013 εἰπὼν,
1457 4948 1543 5001 ὅτι
1580 4943 1741 5004 Μετὰ
1769 4943 1839 5006 τό

216 5013 612 5087 τενέσθαιμε
642 5013 908 5087 έκεῖ.,δεῖ
929 5033 1005 5083 με
1037 5020 1135 5069 καὶ
1185 5017 1421 5087 Ῥώμην
1447 5020 1616 5073 ἰδεῖν.
1663 5022 1838 5077 Ἀπο-

218 5081 479 5160 trgum;
509 5081 578 5135 δὲ
605 5086 703 5160 εἰς
746 5084 862 5160 τὴν
908 5081 1421 5160 Μακεδονίανόύο
1467 5092 1588 5143 τῶν
1638 5090 1839 5146 διακο-

216 5157 502 5229 νούντων
550 5156 733 5229 αηῠτῷ,
773 5158 1071 5229 Τιμόθεον
1125 5160 1224 5211 καὶ
1269 5161 1594 5227 Ἔραστον,
1653 5166 1840 5229 αὐτὸς

214 5224 455 5290 ἐπέσχε
485 5225 820 5299 χρόνον-εἰς
843 5224 958 5299 τὴν
1003 5230 1231 5283 Ἀσίαν.
1279 5224 1548 5299 Ἐγένετο
1586 5232 1653 5285 δὲ
1687 5224 1839 5287 κατὰ

214 5296 568 5421 (ἓνθκαιρόν
609 5294 845 5351 ἐκεῖνον
875 5294 1134 5370 τάραχος
1171 5302 1283 5355 οὐκ
1316 5294 1521 5371 ὀλίγος
1546 5304 1679 5372 περί
1732 5305 1840 5374 τῆς

217 5387 255 5425 ο
296 5386 397 5421 ου.

218 5463 296 5510 α’.
332 5453 556 5517 Ἱκανῶς
572 5454 923 5525 ἐνδιατρίψας
947 5458 1013 5527 τῇ
1036 5456 1187 5510 πόλει
1220 5457 1469 5528 βούλεται
1500 5462 1838 5531 μεταστῆναι

140 5547 339 5600 πάλιν.
376 5543 468 5596 Διὸ
495 5544 590 5597 καὶ
638 5544 849 5613 πέμπει
873 5545 965 5597 τὸν
998 5545 1262 5615 Τιμόθεον
1294 5547 1389 5601 καὶ
1440 5548 1529 5601 τὸν
1567 5550 1838 5621 Ἔραστον

141 5640 227 5699 εἰς
268 5631 633 5696 Μακεδονίαν,
665 5630 829 5695 αὐτὸς
857 5631 915 5684 δὲ
950 5633 1100 5703 μένει
1131 5636 1212 5694 είς
1242 5636 1496 5704 Ἔφεσον.
1531 5638 1656 5701 Πῶς
1689 5639 1747 5691 δὲ
1780 5640 1838 5706 ἐξ

141 5722 333 5795 ἀρχῆς
368 5721 619 5791 ἐλόμενος
649 5720 730 5781 εἰς
762 5720 965 5792 Συρίαν
998 5733 1023 5761 ιι
1086 5723 1363 5789 ἀπελθεῖν,
1402 5725 1563 5778 πάλιν
1597 5728 1677 5789 εἰς
1720 5729 1839 5780 Μα-

144 5812 402 5867 κεδονίαν
433 5808 802 5879 ύποστρέφει;
854 5810 1101 5877 Δεικνὺς,
1146 5813 1229 5864 ὅτι
1286 5815 1468 5867 πάντα
1520 5815 1621 5867 οὐκ
1659 5817 1838 5885 οἰκεία

142 5896 383 5964 δυνάμει
422 5894 708 5964 ἔπραττεν.
745 5894 887 5963 Ἤδη
923 5896 1255 5965 προφητεύει
1286 5896 1479 5965 λέγων,
1505 5900 1607 5951 Δεῖ
1635 5917 1713 5968 με
1738 5901 1837 5953 καί

156 5979 399 6047 Ῥώμην
438 5978 607 6033 ἰδεῖν.
642 5978 813 6031 Τοῦτο
843 5978 901 6031 δὲ
931 5975 1104 6048 εἶπεν,
1158 5982 1287 6046 ἴσως
1341 5986 1837 6059 παραμυθούμενος

213 6068 234 6093 ⁸
259 6066 435 6119 Morel.
462 6069 699 6125 ἀπελθεῖν,
728 6070 792 6125 εἰς
816 6070 1133 6121 Μακεδονίαν.

521 6169 796 6227 ΡΑτιιοι..
844 6170 961 6229 (ὶιι.
1018 6171 1141 6230 LX.

1942 4815 2160 4879 αὐτοὺς,
2198 4815 2274 4879 ὼς
2307 4817 2408 4870 οὐκ
2440 4817 2756 4888 ἀπομένων,
2786 4819 2901 4873 ἀλλ’
2928 4820 3005 4885 ὡς
3052 4822 3215 4877 πάλιν
3251 4825 3536 4899 ἐγγυτέρω
3560 4849 3642 4900 γι-

1942 4902 2172 4973 νόμενος
2211 4904 2413 4969 αὐτῶν,
2447 4907 2542 4960 καὶ
2580 4907 2869 4961 διανιστῶν
2900 4910 3000 4975 τὰς
3029 4909 3211 4982 ψυχάς
3241 4915 3351 4966 τῶν
3380 4918 3643 4989 μαθητῶν

1941 4996 2009 5064 τῇ
2040 4995 2372 5065 προφητείᾳ.
2416 4995 2701 5051 Ἐντεῦθέν
2733 5014 2827 5068 μοι
2859 4998 3013 5052 δοκεῖ
3060 5002 3299 5073 γράφειν
3328 5004 3640 5077 Κορινθίοις

1941 5085 2051 5138 ἀπὸ
2093 5087 2347 5156 Ἐφέσου,
2372 5090 2467 5142 καὶ
2498 5088 2703 5158 λέγειν,
2729 5091 2815 5143 ὅτι
2858 5095 2942 5147 Οὺ
2988 5093 3143 5149 θέλω
3196 5098 3359 5166 ῠμιῖς
3396 5100 3641 5170 ἀγνοεῖν

1941 5174 2095 5242 ὑπὲρ
2121 5174 2235 5245 τῆς
2264 5178 2527 5245 θλίψεως
2565 5177 2677 5248 τῆς
2700 5184 3031 5250 γενομένης
3062 5184 3207 5252 ἡμῖν
3227 5185 3298 5238 ἐν
3332 5186 3408 5255 τῇ
3445 5193 3636 5259 Ἀσίᾳ.

1943 5260 2164 5335 Ἐπειδὴ
2213 5264 2321 5336 γὰρ
2350 5266 2724 5337 ἐπηγγέλλετο
2760 5270 2839 5332 εἰς
2879 5270 3145 5341 Κόρινθον
3194 5274 3474 5341 ἀπελθεῖν,
3504 5279 3640 5333 ἀπο-

1941 5352 2184 5422 λογεῖται
2200 5355 2295 5407 ac;
2312 5356 2709 5428 βραδύνας,καὶ
2734 5357 2883 5428 λέγει
2898 5360 2992 5413 τὸν
3015 5364 3322 5434 πειρασμὸν
3334 5366 3542 5434 λοιπὸν,
3569 5372 3639 5424 τά

1945 5442 2083 5494 κατὰ
2100 5444 2412 5515 Δημήτριον
2434 5445 2813 5518 διηγούμενος.
2840 5449 3043 5502 Τοῦτον
3066 5451 3174 5523 γάρ
3201 5453 3521 5518 αἰνίττεται,
3538 5460 3637 5512 τά·

1945 5547 2112 5601 ραχον
2133 5533 2235 5585 οὐκ
2257 5532 2441 5601 ὀλίγον
2460 5534 2633 5588 εἰπὼν
2656 5537 2788 5607 περὶ
2811 5538 2909 5608 τῆς
2931 5538 3052 5592 ὀδοῦ
3077 5543 3433 5612 γεγενῆσθαι.
3468 5546 3639 5600 Πάλιν

1944 5619 2206 5684 κίνδυνος,
2229 5620 2393 5674 πάλιν
2417 5622 2682 5695 τάραχος.
2714 5626 2877 5696 Ὀρᾷς
2894 5627 2995 5698 τὴν
3017 5628 3392 5701 εὐδοκίμησιν;
3426 5634 3640 5701 Ἐγένε-

1942 5723 2003 5759 το
2055 5710 2259 5778 σημεῖα
2312 5709 2498 5762 διπλᾶ·
2549 5713 2597 5763 οἱ
2633 5712 2690 5765 δὲ
2719 5713 3031 5784 ἀντέλεγον.
3068 5717 3227 5770 Οῦτω
3278 5720 3367 5772 διά
3417 5723 3637 5775 πάντων

1944 5798 2231 5887 ῦφαίνεται
2259 5799 2327 5852 τά
2375 5802 2700 5872 πράγματα.
2734 5805 3066 5887 Δημήτριος
3101 5807 3212 5877 γάρ
3244 5826 3335 5875 τις
3367 5810 3633 5879 ὀνόματι,

1940 5886 2379 5956 ἀργιροκόπος,
2436 5891 2627 5944 ποιῶν
2673 5894 2860 5960 ναοὺς
2904 5886 3213 5966 ἀργυροῦς
3274 5898 3636 5969 Ἀρτέμιδος,

1941 5976 2263 6044 παρείχετο
2290 5978 2416 6031 τοῖς
2445 5981 2745 6049 τεχνίταις
2780 5983 3076 6052 ἐργασίαν
3102 5988 3216 6041 οὐκ
3246 5988 3481 6059 ὀλίγην.
3516 5990 3638 6056 Οὓς

1947 6070 2041 6125 καί
2096 6067 2250 6142 [518]
2300 6073 2735 6143 συναθροίσας,
2807 6076 2903 6130 καί
2964 6078 3430 6152 ἐπισυναγαγὼν
3490 6079 3633 6145 τοὺς

3092 6190 3166 6248 19
