4094 6336
441 425 542 477 9.97

441 548 571 616 περὶ
602 550 674 598 τα
728 537 968 594 τοιαῦτα
999 535 1273 606 ἐργάτας,
1324 530 1509 586 εἶπεν·
1562 530 1823 598 Ἄνδρες,
1863 530 2104 616 ἐπίστα-

444 615 573 695 σθε,
607 632 695 684 ὅτι
741 629 808 682 ἐκ
857 627 1075 691 ταύτης
1110 621 1218 690 τῆς
1246 621 1529 690 ἐργασίας
1574 619 1612 685 ἠ
1645 619 1895 685 εὐπορία
1937 615 2106 684 ἡμῶν

445 724 593 775 ἐστι’
623 717 720 770 καὶ
750 713 1014 782 θεωρεῖτε
1035 712 1132 765 καὶ
1167 708 1435 770 ἀκούετε,
1471 705 1561 758 ὅτι
1585 707 1657 759 οὐ
1703 705 1897 774 μόνον
1935 703 2103 772 Ἐρέ-

443 825 580 869 σου,
607 804 769 860 ἀλλὰ
791 802 892 856 καὶ
915 800 1142 871 σχεδὸν
1161 797 1363 862 πάσης
1386 793 1498 864 τῆς
1536 794 1740 859 Ἀσίας
1791 795 1823 847 ό
1863 793 2106 856 Παῦλος

443 891 622 960 οὗτος
645 892 862 955 πείσας
890 886 1268 959 μετέστησεν
1298 882 1487 951 ὄχλον
1516 883 1746 944 ἱκανὸν,
1772 878 1986 948 λέγων,
2018 875 2106 930 ὅτι

446 987 568 1038 Οὐκ
595 982 714 1036 εισι
742 978 862 1034 θεοὶ
890 980 944 1032 οὶ
966 974 1062 1029 διὰ
1089 971 1305 1043 χειρῶν
1325 969 1651 1038 ἀνθρώπων
1679 968 1993 1038 γινόμενοι.
2025 966 2106 1018 Ού

439 1072 633 1142 μόνον
666 1068 732 1121 δέ
753 1066 928 1121 τοῦτο
957 1061 1290 1116 κινδυνεύει
1319 1057 1464 1126 ἡμῖν
1487 1058 1552 1112 τὸ
1575 1055 1754 1125 μέρος
1779 1055 2106 1142 εὶςῗάπελε-

445 1159 598 1228 γμὸν
635 1155 854 1217 ἐλθεῖν,
885 1149 1046 1206 ἀλλὰ
1093 1147 1192 1201 καί
1223 1149 1289 1199 τὸ
1327 1145 1436 1212 τῆς
1471 1143 1739 1214 μεγάλης
1782 1141 1920 1207 θεᾶς
1949 1142 2109 1210 ἱερὸν

457 1242 792 1313 Ἀρτέμιδος
837 1241 925 1305 είς
961 1235 1144 1292 οὐδὲν
1192 1231 1569 1303 λογισθῆναι,
1594 1232 1842 1313 μέλλειν
1890 1229 1958 1313 δὲ
2008 1229 2105 1281 καὶ

447 1311 857 1394 καθαιρεῖσθαι
915 1321 1032 1389 τὴν
1079 1318 1508 1387 μεγαλειότητα
1552 1313 1764 1381 αὐτῆς,
1793 1311 1874 1378 ἣν
1907 1312 2020 1378 ὅλη
2069 1313 2106 1380 ἡ

447 1414 620 1469 Ἀσία
651 1411 750 1465 καὶ
779 1410 817 1477 ἠ
846 1407 1166 1476 οἰκουμένη
1211 1405 1466 1460 σέϐεται.
1500 1399 1711 1463 Ποιῶν,
1743 1401 1897 1470 φησι,
1924 1399 2109 1464 ναοὺς

445 1499 739 1568 ἀργυροῦς
800 1494 1158 1566 Ἀρτέμιδος.
1192 1494 1305 1548 Καὶ
1351 1493 1468 1552 πῶς
1521 1489 1597 1542 ἐνι
1633 1490 1793 1551 ναοὺς
1838 1486 2111 1560 ἀργυροῦς

445 1585 732 1654 γενέσθαι;
769 1586 929 1645 Ἰσως
960 1583 1033 1644 ὠς
1057 1580 1289 1651 κιϐωρια
1333 1577 1522 1648 μικρά·
1571 1576 1740 1647 πολλὴ
1772 1577 1882 1647 γάρ
1909 1574 2110 1644 ταύτης

445 1671 514 1745 ἦν
537 1677 570 1744 ἡ
598 1674 733 1743 τιμὴ
761 1675 818 1726 ἐν
853 1670 1084 1740 Ἐφέσῳ,
1124 1670 1257 1722 ὅπου
1280 1669 1374 1721 καὶ
1400 1667 1461 1718 τὸ
1507 1666 1650 1737 ἱερὸν
1675 1665 1852 1718 αὐτῶν
1899 1667 2112 1734 ἐμπρη-

449 1762 576 1815 σθὲν
607 1761 777 1822 οὕτως
805 1758 1073 1828 ἐλύπησεν
1106 1756 1324 1820 αὐτοὺς,
1352 1757 1427 1817 ώς
1474 1753 1565 1806 τὸν
1599 1753 1958 1823 ἐμπρήσαντα
2019 1768 2112 1804 κε-

448 1848 626 1902 λεύειν
655 1847 789 1918 μηδὲ
813 1845 1037 1915 ὀνόματι
1060 1843 1337 1911 λέγεσθαι.
1369 1843 1511 1910 Ὅρα
1538 1841 1812 1910 πανταχοῦ
1834 1839 1932 1910 τὴν
1958 1839 2112 1892 εἰδω-

449 1934 761 2006 λολατρείαν
788 1933 896 1987 ἀπὸ
927 1931 1225 2002 χρημάτων
1255 1930 1564 2000 γινομένην.
1590 1931 1846 1983 Κάκεῖνοι
1868 1927 1956 1982 διὰ
1983 1928 2114 1998 χρή·

452 2042 622 2097 ματα,
646 2023 737 2077 καὶ
790 2015 942 2084 οὗτος
976 2020 1063 2073 διὰ
1091 2021 1366 2090 χρήματα·
1402 2018 1499 2087 ούχ
1550 2018 1628 2080 ὡς
1686 2017 1783 2086 τῆς
1834 2015 2113 2077 εὐσεϐείας

449 2109 862 2180 κινδυνευούσης
899 2108 1102 2170 αὐτοῖς,
1136 2105 1247 2160 ἀλλ’
1276 2105 1351 2167 ώς
1372 2103 1464 2156 τοῦ
1507 2102 1777 2173 πορισμοῦ
1802 2101 1900 2173 τὴν
1928 2102 2116 2155 ὑπόθε-

452 2217 537 2252 σιν
569 2199 667 2251 οὐκ
705 2195 935 2266 ἔχοντος.
992 2195 1102 2247 Καὶ
1135 2192 1324 2245 σκόπει
1372 2189 1569 2242 κακίαν
1610 2189 1819 2259 όινδρός⁶
1870 2187 2115 2259 Εύπορος

451 2284 521 2358 ἦν
565 2285 749 2349 αὐτὸς,
779 2285 874 2336 καὶ
901 2280 1048 2352 αὐτῷ
1094 2281 1190 2351 μὲν
1223 2281 1284 2332 οὐ
1325 2276 1558 2347 τοσαύτη
1603 2276 1793 2347 ἔμελλε
1833 2275 2002 2346 βλάϐη
2034 2293 2119 2344 γε-

455 2375 640 2427 νέσθαι
687 2373 748 2425 ἐκ
783 2368 1002 2423 τούτουο
1051 2366 1280 2428 ἐκείνοις
1311 2364 1367 2417 δὲ
1419 2360 1487 2434 ἦν
1533 2363 1725 2434 πολλὴ,
1763 2363 1858 2416 ἇτε
1895 2363 2119 2432 πένησιν

454 2456 574 2514 οὖσι
631 2459 724 2512 καὶ
753 2456 861 2511 ἀπὸ
891 2455 992 2524 τῆς
1045 2452 1169 2506 καθ’
1197 2452 1408 2521 ⁴ἡμέραν
1451 2452 1711 2522 ἐργασίας
1747 2450 2115 2520 τρεφομένοις.

454 2549 565 2601 Καὶ
591 2547 737 2616 ὅμως
767 2539 909 2597 οὗτοι
934 2541 1028 2612 μὲν
1050 2540 1199 2592 ούδέν
1225 2539 1491 2606 λέγουσιν,
1515 2537 1674 2599 αὐτὸς
1695 2537 1752 2590 δέ
1771 2552 1783 2566 ·
1832 2539 2119 2600 κοινωνοὺς

454 2637 511 2690 δὲ
552 2634 710 2695 ὕντας
741 2631 937 2693 αὐτοὺς
973 2631 1070 2700 τῆς
1111 2627 1328 2696 τέχνης,
1382 2627 1667 2688 κοινωνοὺς
1723 2625 1985 2696 λαμϐάνει
2027 2627 2120 2678 καὶ

456 2723 550 2776 τοῦ
585 2720 833 2792 θορύϐου.
868 2714 1000 2772 Εἶτα
1025 2715 1232 2769 καὶτὸν
1259 2713 1500 2766 κίνδυνον
1535 2712 1786 2782 ηῦξησεν,
1811 2714 2119 2781 ἐπαγαγὼν,

457 2810 539 2862 ὅτι
587 2805 931 2862 Κινδυνεύει
965 2802 1110 2871 ἡμῖν
1153 2801 1328 2854 τοῦτο
1371 2800 1436 2852 τὸ
1470 2799 1651 2868 μέρος
1674 2802 1760 2865 είς
1783 2800 2125 2870 ἀπελεγμὸν

455 2893 672 2949 ἐλθεῖν.
709 2891 876 2945 Τοῦτο
895 2890 1002 2960 γὰρ
1028 2888 1212 2958 σχεδὸν
1238 2887 1323 2940 διὰ
1356 2885 1546 2939 τούτου
1571 2887 1743 2957 δηλοῖ,
1769 2887 1852 2938 ὅτι
1891 2888 1999 2940 ἀπὸ
2025 2888 2124 2958 τῆς

457 2983 650 3052 τέχνης
680 2979 882 3048 ταύτης
912 2974 1289 3046 κινδυνεύομεν
1318 2973 1396 3036 είς
1429 2973 1584 3044 λιμὸν
1619 2974 1898 3044 ἐμπεσεῖν.
1929 2975 2122 3027 Καίτοι

459 3072 528 3124 τὰ
555 3067 820 3140 εἰρημένα
849 3063 1012 3117 ἱκανὰ
1044 3065 1122 3126 εἰς
1161 3059 1443 3114 εὐσέϐειαν
1475 3061 1668 3123 αὐτοὺς
1697 3061 1953 3128 ἀγαγεῖν⁹
1989 3061 2125 3115 ἀλλὰ

461 3154 793 3226 ταλαίπωροι
821 3169 963 3214 τινες
985 3150 1135 3212 ὅντες
1162 3150 1255 3202 καὶ
1280 3148 1501 3219 ψυχροὶ,
1528 3148 1966 3202 ἐπισυνίστανται
1993 3148 2128 3218 μᾶλ-

462 3245 574 3307 λον,
597 3245 691 3298 καὶ
713 3242 812 3294 οὐκ
832 3237 1123 3303 ἐννοοῦσιν,
1147 3237 1227 3290 ὅτι
1255 3237 1316 3289 Εἰ
1343 3238 1372 3289 ὁ
1398 3236 1680 3305 ἄνθρωπος
1711 3229 1863 3300 οὗτος
1892 3237 2128 3292 τοσαῦτα

467 3331 643 3403 ἰσχύει
676 3330 751 3393 ὡς
805 3327 1136 3400 μεταστῆσαι
1176 3325 1403 3388 πάντας,
1439 3325 1533 3378 καὶ¹
1587 3323 1880 3378 κινδυνεύει
1919 3326 1987 3378 τὰ
2018 3325 2128 3378 τῶν

465 3422 624 3486 θεῶν,
676 3419 861 3490 ἡλίκος
916 3420 944 3470 ὁ
995 3415 1184 3468 τούτου
1229 3413 1389 3478 Θεόςί
1445 3414 1537 3467 καὶ
1585 3413 1668 3467 ὅτι
1717 3413 1902 3485 Πολλῷ
1932 3415 2129 3484 μᾶλλον

465 3511 646 3563 ἐκεῖνα
678 3508 806 3578 ἡμῖν
853 3503 1035 3568 δώσει,
1071 3501 1212 3572 ὑπὲρ
1241 3494 1315 3553 ὧν
1351 3499 1684 3570 φοϐούμεθα.
1714 3502 1850 3571 Ἤδη
1887 3519 2118 3572 προκατ-

466 3597 656 3650 έλαϐεν
701 3591 878 3646 αὐτῶν
906 3591 1004 3652 τὰς
1026 3590 1223 3660 ψμχὰς,
1248 3588 1442 3656 λέγων,
1467 3588 1548 3640 ὃτι
1592 3591 1712 3642 Οὐκ
1753 3589 1872 3642 εισι
1917 3591 2036 3644 θεοὶ
2075 3593 2128 3644 οί

467 3682 585 3738 ὑπὸ
640 3679 856 3751 χειρῶν
881 3676 1207 3745 ἀνθρώπων
1237 3677 1554 3745 γινόμενοι.
1597 3676 1740 3746 ’Ὀρα
1793 3676 1932 3748 ὑπὲρ
1987 3679 2130 3741 τίνος

468 3766 865 3838 ἀγανακτοῦσιν
902 3764 1157 3832 Ἕλληνες
1181 3779 1195 3792 ·
1233 3764 1422 3832 ἐπειδὴ
1455 3758 1628 3826 εἶπεν,
1665 3764 1747 3815 ὃτι
1784 3767 1846 3817 Ol
1875 3764 1993 3818 ὑπὸ
2029 3765 2131 3817 ἀν-

472 3860 717 3926 θρώπων
754 3854 1072 3924 γινόμενοι,
1113 3853 1222 3904 οὐκ
1250 3850 1367 3903 εἰσὶ
1396 3851 1538 3902 θεοί.
1574 3850 1852 3919 Πανταχοῦ
1905 3852 1984 3914 είς
2035 3851 2134 3923 τὴν

470 3947 665 4016 τέχνην
686 3942 816 3995 ὠθεί
845 3941 936 3993 τὸν
961 3939 1136 4006 λόγον.
1163 3933 1293 3990 Εἶτα
1315 3937 1375 3989 τὸ
1407 3936 1638 4006 μάλιστα
1666 3938 1863 4000 αὐτοὺς
1888 3939 2134 4009 λυπῆσαν

473 4034 697 4103 ὕστερον
723 4029 926 4101 τίθησι,
954 4027 1130 4093 λέγων
1151 4041 1164 4054 ·
1219 4027 1299 4078 Οὐ
1343 4025 1528 4094 μόνον
1548 4023 1616 4077 δὲ
1650 4025 1824 4078 τοῦτο
1860 4025 1926 4078 τὸ
1958 4027 2135 4095 μέρος

470 4117 833 4174 κινδυνεύει’
878 4114 1150 4176 τουτέστι,
1199 4110 1319 4164 Τῶν
1374 4111 1473 4181 μὲν
1516 4110 1692 4164 ἄλλων
1743 4113 1913 4178 οὐδεὶς
1953 4113 2129 4183 λόγος,

472 4207 585 4261 ἀλλ’
614 4207 697 4259 ὅτι
718 4205 813 4258 καὶ
833 4203 893 4255 τὲ
914 4201 1012 4271 τῆς
1037 4200 1275 4272 μεγάλης
1303 4198 1435 4261 θεᾶς-
1453 4199 1596 4270 ἱερὸν
1625 4200 1936 4270 Ἀρτέμιδος
1956 4203 2135 4255 κινδυ-

475 4294 620 4346 νεύει
678 4289 1076 4361 καθαιρεῖσθαι.
1135 4283 1269 4340 Εἷτα
1320 4288 1404 4339 ἵνα
1461 4287 1536 4356 μὴ
1584 4286 1708 4358 δόξῃ
1754 4290 2134 4359 χρηματισμοῦ

476 4384 661 4438 ’ἕνεκεν
686 4380 864 4448 λέγειν
898 4377 1091 4442 ταῦτα,
1122 4377 1222 4446 ὅρα
1243 4375 1297 4427 τί
1325 4373 1706 4447 προστίθησιν·
1746 4375 1858 4426 Ἦν
1881 4375 1918 4441 ἡ
1943 4376 2139 4428 οἰκου-

473 4473 630 4543 μένη
664 4467 915 4523 σέϐεται.
956 4465 1116 4535 Ὁρᾷς
1147 4463 1262 4526 πῶς
1284 4461 1447 4526 ἔδειξε
1479 4460 1648 4532 μείζω
1675 4462 1775 4532 τὴν
1805 4461 1897 4514 τοῦ
1926 4461 2137 4515 Παύλου

477 4560 729 4629 δύναμιν,
759 4556 966 4615 πάντας
999 4551 1216 4612 ἀθλίους
1251 4550 1344 4607 καὶ
1375 4547 1752 4618 ταλαιπώρους
1777 4549 1973 4612 αὐτοὺς
2000 4549 2137 4601 ἀπο·-

479 4649 701 4715 φαίνων,
721 4643 844 4713 εἴγε
858 4641 951 4697 ἄνθ
961 4657 1138 4712 ρωπος
1168 4639 1522 4710 ἐλαυνόμενος
1548 4639 1640 4691 καὶ
1675 4639 1992 4707 σκηνοποιὸς
2013 4657 2140 4693 τοσ-

481 4735 621 4787 αῦτα
667 4731 927 4793 δύναται;
972 4731 1112 4798 Ὀρα
1144 4728 1274 4798 παρ’
1314 4726 1526 4797 ἐχθρῶν
1563 4726 1661 4790 τὰς
1693 4726 1995 4796 μαρτυρίας
2029 4729 2140 4790 τοῖς

483 4820 798 4879 ἀποστόλοις
837 4818 1142 4886 γινομένας.
1187 4816 1331 4868 Ἐκεῖ
1371 4815 1467 4885 μὲν
1495 4813 1699 4881 ἔλεγον,
1735 4813 1881 4867 Ἰδοὺ
1912 4818 2139 4882 πεπληο

475 4908 704 4976 ρώκατε
722 4907 836 4972 τὴν
849 4906 1232 4971 Ἰερουσαλὴμ
1253 4902 1361 4969 τῆς
1384 4901 1630 4970 διδαχῆς
1652 4901 1818 4971 ὑμῶν
1836 4918 1849 4932 ·
1884 4901 2136 4967 ἐνταῦθα,

481 4997 563 5047 ὃτι
593 4993 814 5048 Μέλλει
847 4989 1248 5058 καθαιρεῖσθαι
1276 4987 1380 5055 τῆς
1412 4988 1746 5057 Ἀρτέμιδος
1777 4991 1814 5055 ἠ
1828 4992 2140 5059 μεγαλειό-

480 5099 610 5148 τηςο
628 5082 769 5143 τότε,
806 5081 868 5132 Ol
921 5078 1033 5146 τὴν
1055 5077 1411 5146 οἰκουμένην
1441 5075 1584 5148 [519]
1608 5078 2141 5145 ἀναστατώσαντες

482 5171 700 5240 ἢκουον,
729 5170 808 5221 ὅτι
846 5161 1018 5220 Οὗτοι
1052 5165 1149 5219 καὶ
1189 5164 1399 5219 ἐνθάδε
1456 5163 1723 5232 πάρεισι·
1745 5163 1861 5225 νῦν,
1897 5167 1979 5217 ὅτι
2006 5169 2142 5218 Κιν-

485 5257 719 5310 δυνεύει
747 5253 892 5323 ἡμῖν
919 5253 1092 5306 τοῦτο
1118 5252 1185 5306 τὸ
1205 5252 1385 5321 μέρος
1427 5255 1514 5317 εὶς
1544 5251 1887 5320 ἀπελεγμὸν
1923 5252 2138 5308 ἐλθεῖν.

488 5344 640 5396 Οῦτω
679 5343 770 5396 καὶ
820 5341 1059 5394 Ἰουδαῖοι
1111 5341 1201 5392 ἐπὶ
1231 5339 1324 5392 τοῦ
1373 5341 1610 5410 Χριστοῦ
1663 5340 1878 5410 ἔλεγον·
1924 5340 2140 5409 Ὁρᾶτε,

488 5428 577 5482 ὅτι
614 5433 645 5482 ό
678 5429 904 5497 κόσμος
941 5425 1339 5479 ὀπίσω-αὐτοῦ
1384 5425 1616 5494 ὑπάγει,
1659 5428 1757 5481 καὶ
1788 5428 2142 5484 ἐλεύσονται

489 5520 541 5569 οί
571 5515 833 5583 Ῥωμαῖοι
860 5513 955 5567 καὶ
986 5513 1240 5580 ἀροῦσιν
1259 5511 1425 5581 ἡμῶν
1450 5512 1562 5580 τὴν
1580 5515 1778 5570 πόλιν.
1823 5517 2145 5571 Ἀκούσαν-

487 5623 584 5670 τες
621 5605 688 5657 δέ
717 5604 898 5656 ταῦτα
932 5603 1332 5671 ἐπλήσθησαν
1361 5604 1571 5673 θυμοῦ.
1623 5607 1756 5659 Πότε
1785 5609 1812 5658 ό
1847 5608 2012 5678 θυμὸς
2055 5610 2144 5676 γέ-

487 5709 674 5760 γονενς
702 5691 829 5742 Ὅτε
862 5691 986 5760 περὶ
1013 5692 1109 5761 τῆς
1138 5692 1451 5761 Ἀρτέμιδος
1489 5694 1746 5762 ἥκουσαν,
1781 5695 1867 5747 ὅτε
1894 5698 2020 5766 περὶ
2052 5698 2154 5748 τοῦ

489 5775 779 5846 πορισμοῦ.
813 5775 1046 5828 Τοιαῦτα
1074 5778 1179 5848 γάρ
1209 5778 1277 5830 τά
1309 5779 1414 5830 τῶν
1442 5780 1714 5850 ἀγοραίων
1747 5783 1874 5852 ἤθη,
1907 5785 2014 5837 ἀπὸ
2049 5787 2142 5837 τοῦ

489 5867 740 5933 τυχόντος
794 5864 1227 5932 συναρπάζεσθαι
1285 5867 1377 5918 καὶ
1423 5867 1761 5922 ἐκκαίεσθαι.
1823 5872 1918 5923 Διὰ
1972 5873 2144 5926 ταῦτα

491 5953 608 6024 μετ’
653 5949 946 6016 ἐξετάσεως
993 5950 1075 6004 δεῖ
1121 5954 1294 6007 ποιεῖν
1337 5953 1566 6009 πάντα·.
1602 5957 1742 6026 Ὅρα
1789 5956 1843 6010 δέ
1903 5960 2016 6022 πῶς
2053 5964 2145 6014 καὶ

551 6073 567 6094 ⁸
591 6072 755 6120 Πάντα
781 6071 921 6122 deest
945 6070 992 6119 in
1015 6083 1125 6123 uno.

1220 421 1278 476 S.
1319 416 1603 474 JOANNIS
1639 408 2131 470 CIIRYSOSTOMI
2167 406 2489 464 ARCIIIEP.
2531 404 3085 462 CONSTANTINOP.

3773 400 3886 456 998

2211 519 2352 594 ἦσαν
2379 523 2863 593 εὐκαταφρόνητοι,
2890 521 2965 583 ὠς
3015 520 3147 572 πᾶσι
3180 516 3518 589 προκεῖσθαι.
3562 515 3892 568 Ἀκούσαν-

2210 627 2307 675 τες
2342 609 2428 673 δέ,
2478 609 2577 662 καί
2623 609 2931 679 γενόμενοι
2965 606 3224 674 πλήρεις
3245 603 3456 671 θυμοῦ,
3489 602 3676 671 φησὶν,
3708 600 3896 668 ἐκρα-

2216 697 2314 758 (ur
2341 698 2618 766 λέγοντες
2644 713 2658 726 '
2707 695 2951 764 Μεγάλη
2994 696 3033 762 ἠ
3078 698 3343 760 Ἄρτεμις
3395 689 3732 759 Ἐφεσίων]
3782 687 3897 741 Καὶ

2214 785 2492 853 ἐπλήσθη
2519 784 2556 852 ἡ
2590 783 2902 850 πόλιςὸλη
2927 781 3040 850 τῆς
3075 782 3432 850 συγχύσεως
3453 795 3466 808 ο
3512 777 3800 847 ὥρμησάν
3832 793 3903 829 τε

2215 871 2595 941 ὁμοθυμαδὸν
2642 874 2730 936 εἱς
2799 871 2866 924 τὸ
2923 869 3189 936 θέατρον.
3261 865 3767 935 Συναρπὰσαντες
3828 863 3899 915 δὲ

2216 959 2400 1014 Γάϊον
2433 963 2534 1012 καί
2571 957 2977 1027 Ἂρίσταρχον
3032 953 3410 1020 Μακεδόνας,
3469 951 3901 1018 συνεκδήμους

2216 1048 2488 1110 Παύλου,
2517 1047 2817 1100 εἵλκυσαν
2844 1044 3086 1108 αὐτούς.

2289 1135 2355 1206 β’.
2374 1135 2582 1197 ’Λπλῶς
2601 1134 2762 1186 πάλιν
2776 1132 2991 1185 ἐπίασιν
3005 1131 3079 1193 ώς
3097 1129 3124 1168 ιι
3139 1129 3231 1181 ἐπὶ
3264 1129 3494 1190 Ἰάσονος
3518 1127 3782 1190 Ἰουδαῖοι,
3802 1127 3906 1178 καὶ

2216 1221 2491 1292 πανταχοῦ
2525 1223 2708 1284 αὐτοῖς
2733 1220 3048 1289 πρόκεινται
3073 1236 3085 1247 ·
3118 1215 3289 1280 οὕτως
3317 1217 3468 1269 οὐδὲν
3503 1211 3645 1286 εἶχον
3675 1217 3904 1284 κόμπου

2217 1313 2390 1381 γέμον
2436 1310 2556 1362 οὑδέ
2592 1310 2769 1377 δόξης.
2832 1306 2941 1360 Τοῦ
2973 1305 3042 1358 δὲ
3073 1306 3318 1358 Παύλου
3349 1302 3736 1371 βουλομένου
3767 1305 3906 1354 εἱσ-

2217 1397 2416 1452 ἐλθεῖν
2443 1399 2529 1460 εἰς
2571 1397 2676 1448 τὸν
2725 1393 2943 1462 δῆμον,
2995 1394 3108 1445 οὐκ
3139 1392 3280 1444 εἴων
3316 1390 3504 1444 αὑτὸν
3535 1392 3588 1442 οί
3613 1388 3902 1458 μαθηταί.

2224 1483 2390 1547 Τινὲς
2413 1482 2480 1535 δὲ
2505 1480 2625 1534 τῶν
2653 1479 2990 1548 Ἀσιαρχῶν
3018 1478 3188 1544 ὄντες
3214 1476 3376 1542 αὐτῷ
3405 1478 3590 1545 φίλοι,
3623 1474 3907 1542 πέμψαν-

2217 1588 2315 1638 τες
2343 1571 2492 1638 πρὸς
2520 1568 2707 1623 αὐτὸν
2754 1565 3141 1635 παρεκάλουν
3183 1563 3269 1634 μὴ
3298 1560 3512 1619 δοῦναι
3544 1561 3762 1616 ἑαυτὸν
3814 1563 3905 1624 είς

2219 1660 2286 1712 τὸ
2335 1659 2602 1725 θέατρον.
2666 1654 3105 1726 Παρακαλοῦσιν,
3138 1655 3218 1706 ὅτι
3265 1652 3496 1714 ἄτακτος
3545 1645 3686 1721 ἦσαν
3730 1649 3908 1718 δῆμος

2221 1746 2488 1814 ἀλογίστῳ
2523 1744 2674 1815 ῥύμῃ
2700 1745 2874 1799 πάντα
2902 1741 3231 1812 τολμῶντες.
3275 1742 3384 1793 Καὶ
3410 1741 3437 1792 ὀ
3476 1738 3682 1800 Παῦλος
3712 1738 3906 1789 πείθε-

2219 1851 2307 1906 ται
2335 1852 2346 1863 ·
2371 1834 2432 1884 οὐ
2471 1833 2580 1902 γὰρ
2607 1827 2674 1901 ἦν
2718 1831 3014 1897 κενόδοξος,
3068 1831 3189 1883 οὐδὲ
3219 1827 3520 1898 φιλότιμος.
3558 1828 3760 1880 Ἄλλοι
3783 1826 3911 1894 μὲν

2221 1918 2336 1975 οὖν
2366 1920 2520 1973 ἄλλο
2542 1937 2595 1971 τι
2625 1917 2869 1986 ἔκραζον
2894 1937 2907 1950 ο
2950 1915 3031 1987 ἦν
3055 1922 3164 1986 γὰρ
3206 1918 3242 1985 ἡ
3278 1917 3576 1983 ἐκκλησία
3608 1931 3908 1983 συγκεχυ-

2216 2009 2391 2078 μένη.
2427 2006 2679 2060 Τοιοῦτον
2709 2007 2817 2078 γὰρ
2847 2007 2907 2058 τὸ
2929 2007 3130 2076 πλῆθος
3152 2022 3165 2036 ·
3209 2004 3393 2067 ἁπλῶς
3419 2004 3610 2056 ἐπεται
3643 2003 3906 2074 καθάπερ

2224 2097 2336 2167 πῦρ
2371 2099 2449 2160 εἰς
2488 2095 2621 2166 ῦλην
2655 2096 2917 2166 ἐμπεσόν.
2951 2096 3062 2148 Καὶ
3097 2098 3149 2148 οί
3197 2095 3448 2159 πλείους
3475 2096 3586 2147 οὐκ
3619 2091 3906 2161 ᾔδεισαν,

2226 2185 2388 2249 τίνος
2424 2184 2628 2238 ἕνεκεν
2673 2184 3226 2250 συνεληλύθεισαν.
3275 2183 3375 2235 Ἐκ
3423 2181 3492 2233 δέ
3543 2181 3652 2234 τοῦ
3705 2181 3907 2250 ὄχλου

2227 2273 2626 2341 προεϐίϐασαν
2650 2270 3058 2339 Ἀλέξανδρον,
3093 2269 3514 2337 προϐαλόντων
3553 2267 3740 2320 αὑτὸν
3781 2265 3908 2318 τῶν

2240 2363 2552 2414 Ἰουδαίων.
2586 2360 2956 2429 Προεϐάλοντο
2996 2359 3238 2412 Ἰουδαῖοι
3281 2357 3658 2428 οἰκονομικῶς,
3685 2357 3773 2407 ἵνα
3797 2372 3909 2424 μη-

2226 2452 2315 2504 δὲν
2344 2451 2538 2519 ἔχωσιν
2585 2449 2809 2518 ὕστερον
2839 2449 3164 2516 ἀντιλέγειν.
3197 2443 3362 2511 Οὗτος
3395 2447 3487 2500 καὶ
3513 2446 3903 2517 προϐάλλεται,

2228 2542 2320 2593 καὶ
2351 2540 2663 2608 φθέγγεται,
2697 2539 2792 2591 καὶ
2813 2539 2887 2601 τί,
2914 2539 3097 2591 ἀκουεο
3131 2539 3192 2591 '0
3213 2539 3281 2590 δὲ
3306 2537 3691 2604 Ἀλέξανδρος
3725 2553 3908 2588 κατα-

2230 2629 2444 2692 σείσας
2499 2626 2572 2694 τῇ
2641 2627 3054 2695 χειρὶ,ῆθελεν
3109 2625 3539 2695 ἀπολογεῖσθαι
3582 2623 3662 2689 τῷ
3711 2623 3904 2692 δήμῳ.

2244 2716 2621 2784 Ἐπιγνόντες
2672 2713 2762 2779 δὲ,
2813 2713 2902 2766 ὅτι
2937 2712 3221 2778 Ἰουδαῖός
3257 2713 3409 2775 ἐστι,
3452 2710 3618 2780 φωνὴ
3665 2710 3908 2779 ἐγένετο

2224 2805 2336 2873 μία
2363 2804 2429 2856 ἐκ
2470 2802 2733 2866 πάντων,
2764 2803 2842 2868 ὡς
2867 2803 2965 2854 ἐπὶ
2993 2801 3148 2868 ὥρας
3182 2800 3291 2853 δύο
3315 2800 3674 2868 κραζόντων-⁸
3710 2798 3912 2866 Μεγά-

2229 2893 2309 2957 λη
2349 2891 2386 2958 ἡ
2420 2891 2691 2956 Ἀρτεμις
2722 2888 3026 2956 Ἐφεσίων.
3080 2887 3310 2956 Παιδικὴ
3344 2887 3511 2950 ὅντως
3565 2888 3596 2955 ἡ
3658 2885 3906 2939 διάνοια·

2231 2976 2482 3046 καθάπερ
2530 2974 2874 3043 φοϐούμενοι,
2907 2974 2982 3044 μὴ
3018 2974 3216 3045 σϐεσθῇ
3244 2973 3304 3026 τὸ
3349 2972 3510 3036 σέϐας
3541 2972 3742 3034 αὐτῶν,
3775 2989 3910 3024 συν-

2230 3064 2370 3134 εχῶς
2401 3064 2588 3117 ἐϐόων.
2633 3063 2736 3114 Δύο
2766 3062 2860 3133 ἐτη
2897 3062 3149 3115 ἐκάθισεν
3180 3065 3318 3128 ἐκεῖ,
3350 3063 3444 3114 καὶ
3487 3063 3589 3134 ὅρα
3622 3061 3776 3113 πόσοι
3825 3061 3913 3113 ἔτι

2236 3152 2494 3220 Ἕλληνες
2527 3149 2692 3222 ἦσαν.
2727 3151 3136 3216 Καταστείλας
3186 3149 3252 3202 δέ
3296 3153 3330 3203 ό
3378 3149 3749 3219 ῃοαμματεὺς
3801 3148 3915 3201 τὸν

2237 3238 2441 3308 ὄχλον,
2477 3239 2701 3308 φησιν’
2745 3238 2993 3305 Ἀνδρες
3029 3236 3307 3306 Ἐφέσιοι,
3347 3240 3437 3304 τίς
3464 3238 3574 3306 γάρ
3601 3237 3773 3290 ἐστιν
3801 3234 3914 3295 ἇν-

2237 3331 2487 3396 θρωπος,
2548 3326 2616 3392 ὃς
2668 3327 2740 3379 οὐ
2779 3325 3058 3395 γινώσκει
3100 3325 3213 3393 τὴν
3238 3325 3530 3394 Ἐφεσίων
3559 3325 3738 3378 πόλιν
3772 3340 3918 3377 νεω-

2237 3421 2418 3485 xc’por
2450 3413 2645 3472 οὖσαν
2673 3415 2780 3484 τῆς
2804 3417 3076 3486 μεγάλης
3105 3415 3245 3482 θεᾶς
3279 3416 3604 3486 Ἀρτέμιδος
3658 3417 3753 3470 καί
3797 3416 3916 3471 τοῦ

2233 3506 2590 3570 Διοπετοῦς;
2637 3505 2822 3575 Τούτῳ
2877 3503 3078 3574 πρώτῳ
3121 3505 3212 3556 τὸν
3261 3503 3428 3573 θυμὸν
3468 3503 3645 3556 αὐτῶν
3690 3502 3907 3556 ἔσϐεσε.

2237 3595 2345 3646 Καὶ
2377 3592 2482 3646 τοῦ
2513 3591 2847 3658 διοπετοῦς.
2915 3584 3085 3644 Τοῦτο
3127 3591 3298 3659 λέγει,
3331 3591 3404 3652 ὠς
3440 3592 3538 3643 οὐκ
3567 3591 3716 3654 ὗντος
3745 3590 3912 3661 δήλου

2239 3681 2330 3734 τοῦ
2365 3681 2708 3751 πράγματος.
2758 3680 2922 3748 Ἱερὸν
2951 3680 3007 3732 δὲ
3033 3680 3216 3750 ἓτερον
3254 3679 3393 3732 οὕτω
3440 3679 3685 3731 ἐκαλεῖτο
3720 3683 3918 3730 Διοπε-

2236 3769 2363 3830 τές·
2423 3771 2539 3838 ἦτοι
2565 3769 2626 3820 τὸ
2660 3767 2874 3820 εἴδωλον
2917 3767 3093 3819 τοίνυν
3148 3767 3248 3835 τῆς
3293 3765 3605 3837 Ἀρτέμιδος
3652 3767 3916 3830 Διοπετές

2240 3854 2444 3920 ἔλεγον,
2487 3855 2560 3912 ὡς
2607 3855 2670 3906 ἐκ
2713 3853 2806 3906 τοῦ
2841 3853 2961 3917 Διὸς
3006 3855 3068 3906 τὸ
3099 3853 3362 3923 ὄστρακον
3396 3855 3570 3906 ἐκεῖνο
3599 3853 3912 3918 πεπτωκὸς,

2243 3944 2336 3994 καὶ
2382 3943 2480 4012 ούχ
2526 3943 2630 3994 ὑπὸ
2678 3941 2965 4015 ἀνθρώπου
3011 3942 3336 4012 γενόμενον·
3385 3942 3417 4012 ἢ
3453 3942 3641 4015 ἕτερον
3685 3942 3916 4012 ἄγαλμα

2244 4029 2375 4100 παρ’
2416 4031 2598 4093 αὐτοῖς
2640 4029 2813 4093 οὕτως
2856 4030 3091 4098 ἐλέγετο.
3129 4029 3594 4098 Ἀναντιρῤήτων
3635 4014 3764 4085 ὀὖν
3821 4032 3920 4084 ὄν-

2243 4137 2360 4173 των
2380 4119 2625 4181 τούτων,
2656 4118 2796 4171 δέον
2843 4119 3016 4171 ἐστίν
3055 4118 3214 4188 ὑμᾶς
3239 4104 3760 4186 κατεσταλμένους
3806 4122 3917 4173 ὑπο

2243 4209 2469 4276 ἄρχειν,
2520 4207 2616 4260 καὶ
2675 4205 2869 4275 μηδὲν
2927 4208 3220 4273 προπετὲς
3274 4207 3594 4274 πράσσειν.
3662 4207 3919 4277 Ἠγάγε-

2245 4312 2305 4348 te
2365 4294 2472 4362 γὰρ
2542 4292 2683 4358 τοὺς
2736 4291 2957 4360 ἄνδρας
2996 4295 3281 4356 τούτους,
3325 4293 3461 4346 οὔτε
3517 4294 3913 4360 ίεροσύλοινς,

2246 4381 2383 4434 οὔτε
2433 4376 2960 4446 ,ϐλασφημοῦντας
3011 4377 3126 4444 τὴν
3178 4375 3323 4432 θεὰν
3368 4377 3555 4446 ὑμῶν.
3593 4379 3770 4449 -’Δρα
3854 4381 3918 4433 τὸ

2248 4471 2356 4522 πᾶν
2401 4467 2631 4536 ψεῦδος·
2690 4464 2860 4518 ταῦτα
2905 4466 2959 4519 δὲ
3010 4466 3146 4536 πρὸς
3193 4467 3281 4520 τὸν
3332 4467 3531 4538 δῆμον,
3599 4467 3741 4523 ὥστε
3814 4474 3914 4526 κά.

2247 4558 2458 4619 κείνους
2529 4555 2964 4626 ἐπιεικεστέρους
3031 4556 3332 4623 γενέσθαι,
3401 4557 3583 4628 φησιν.
3665 4562 3733 4614 El
3799 4561 3919 4631 μὲν

2248 4643 2362 4702 οὖν
2384 4645 2710 4716 Δημήτριος
2732 4646 2828 4700 καὶ
2854 4648 2907 4699 οὶ
2929 4647 3051 4699 σὺν
3073 4647 3232 4712 αύτῷ
3251 4648 3508 4716 τεχνῖται
3529 4650 3742 4717 ἔχουσι
3767 4655 3919 4721 πρός

2249 4752 2378 4788 τινα
2409 4737 2612 4802 λόγον,
2645 4734 2910 4803 ἀγοραῖοι
2935 4735 3202 4802 ἄγονται,
3235 4736 3331 4788 καὶ
3365 4738 3694 4794 ἀνθύπατοί
3718 4744 3882 4796 εἰσιν
3901 4761 3913 4773 ·

2249 4821 2398 4894 [5'20]
2423 4822 2869 4890 ἐγκαλείτωσαν
2903 4823 3223 4890 ἀλλήλοις.
3254 4828 3320 4879 El
3346 4825 3413 4880 δέ
3449 4845 3499 4880 τι
3534 4829 3667 4896 περὶ
3697 4829 3921 4898 ἐτέρων

2246 4908 2600 4975 ἐπιζητεῖτε,
2631 4909 2699 4961 έν
2738 4909 2812 4977 τῇ
2855 4910 3084 4978 ἐννόμῳ
3123 4913 3422 4981 ἐκκλησίᾳ
3463 4916 3916 4980 ἐπιλυθήσεται.

2249 4999 2356 5050 Καὶ
2405 4997 2514 5064 γὰρ
2551 4995 2984 5066 κινδυνεύομεν
3029 4999 3407 5066 ἐγκαλεῖσθαι
3466 5003 3738 5069 στάσεως
3785 5009 3920 5074 περὶ

2249 5083 2358 5152 τῆς
2391 5083 2678 5153 σήμερον,
2715 5083 2975 5152 μηδενὸς
3002 5086 3193 5139 αίτίου
3220 5087 3637 5157 ὑπάρχοντος,
3679 5094 3817 5161 περὶ
3846 5091 3920 5150 οὗ

2252 5171 2345 5242 [οὐ
2367 5171 2418 5243 ο]
2455 5171 2840 5240 δυνησόμεθα
2864 5172 3190 5227 ἀποδοῦναι
3215 5175 3401 5243 λόγον
3430 5176 3540 5244 τῆς
3561 5181 3923 5252 συστροφῆς

2251 5259 2493 5325 ταύτης.
2536 5258 2646 5313 Καὶ
2670 5259 2855 5313 ταῦτα
2883 5261 3090 5327 εἰπὼν,
3114 5261 3386 5318 ἀπέλυσε
3406 5265 3522 5332 τὴν
3553 5265 3914 5335 ἐκκλησίαν.

2254 5346 2518 5418 Ἔννομον
2557 5346 2870 5416 ἐκκλησίαν,
2917 5349 3083 5418 φησὶ,
3116 5349 3249 5402 διότι
3294 5355 3440 5422 τρεῖς
3474 5353 3764 5423 ἐκκλησίαι
3805 5358 3921 5424 ἐγί-

2249 5455 2402 5490 νοντο
2431 5438 2571 5490 κατὰ
2606 5439 2767 5507 νόμον
2797 5439 2917 5491 καθ’
2943 5441 3176 5491 ἕκαστον
3211 5441 3355 5512 μῆνα
3374 5460 3386 5473 °
3412 5441 3551 5510 αὕτη
3574 5444 3628 5496 δέ
3656 5440 3723 5514 ἦν
3741 5449 3922 5516 παρά-

2250 5543 2434 5595 νομος.
2457 5521 2590 5577 Εἶτα
2624 5526 2714 5578 καί
2741 5527 3008 5594 ἐφόϐησεν
3031 5529 3228 5592 αὐτοὺς
3255 5529 3445 5583 εἰπών·
3473 5534 3921 5603 Κινδυνεύομεν

2249 5613 2628 5681 ἐγκαλεῖσθαι
2674 5615 2967 5681 στάσεως.
3005 5615 3143 5667 Ἀλλ’
3173 5617 3374 5687 ἴδωμεν
3417 5619 3621 5672 ἄνωθεν
3648 5623 3716 5674 τὰ
3768 5626 3919 5694 εἰρη-

2257 5701 2408 5769 μένα.
2448 5703 2542 5765 Ὠς
2564 5700 2630 5752 δὲ
2650 5702 2960 5768 ἐπληρώθη
2990 5705 3192 5769 ταῦτα,
3220 5708 3402 5775 φησὶν,
3433 5709 3597 5762 ἔθετο
3619 5713 3652 5764 ό
3677 5711 3914 5777 Παῦλος

2253 5784 2321 5836 ἐν
2378 5785 2457 5850 τῷ
2515 5787 2843 5853 Πνεύματι,
2909 5788 3160 5842 διελθὼν
3221 5789 3334 5856 τὴν
3385 5791 3762 5845 Μακεδονίαν
3818 5795 3917 5849 καὶ

2321 6018 2344 6055 ιι
2379 6018 2595 6066 Ἐπίασιν
2618 6023 2677 6091 ως
2699 6020 3132 6094 ἀρε-είὶηεοᾳοιιι.
3152 6086 3182 6094 _
3203 6025 3224 6052 ε
3256 6024 3387 6076 Edili
3413 6032 3463 6077 et
3487 6041 3598 6076 mss.
3627 6030 3730 6094 περὶ
3755 6030 3811 6080 οὗ
3828 6029 3901 6085 οὗ.

2255 6095 2472 6143 quanms
2499 6086 2690 6142 negaiio
2715 6085 2760 6130 ιιι
2789 6084 2954 6132 Bibliis
2979 6085 3118 6133 absit.
3152 6086 3280 6136 Ευιτ.
