4094 6336
225 423 327 478 997

221 538 309 595 ὕ.
348 538 488 604 Quos
511 552 819 603 convocans,
846 546 890 592 et
919 554 1001 593 eos
1046 539 1132 605 qui
1174 538 1468 609 hujusmodi
1492 547 1632 592 erant
1657 539 1811 608 Opiﬁ-

218 649 322 693 σα.
376 633 508 687 dixit
530 647 551 686 :
588 631 719 697 Viri,
766 633 904 687 scitis
940 633 1059 702 quia
1088 647 1153 685 eo:
1183 633 1277 690 hoc
1305 632 1523 700 artiﬁcio
1559 640 1633 686 est
1669 632 1813 687 nobis

218 734 441 788 questus
480 739 499 778 :
533 722 622 779 26.
670 734 717 777 et
759 725 931 776 videtis
975 733 1022 777 et
1072 723 1298 787 auditis,
1345 724 1465 793 quia
1508 739 1611 777 non
1648 723 1813 777 solum

218 813 430 883 Ephesi,
458 816 547 870 sed
571 818 722 869 etiam
750 820 853 887 fere
878 816 1031 871 totius
1068 815 1223 877 Asiae,
1259 812 1459 869 Paulus
1483 815 1564 869 hic
1594 818 1813 870 suadens

204 907 391 960 “avertit
424 909 624 961 turbam
650 909 875 972 multam,
909 908 1079 963 dicens
1106 922 1125 961 :
1158 907 1279 962 Non
1314 918 1431 964 sunt
1449 907 1540 971 dii,
1573 917 1661 977 qut
1699 925 1808 959 ma-

211 998 357 1051 nibus
382 998 624 1053 humanis
662 1000 809 1068 fiunt.
847 998 938 1054 27.
984 998 1105 1054 Non
1145 1001 1308 1054 solum
1337 1010 1503 1053 autem
1531 1001 1639 1053 htec
1674 1004 1803 1070 peri~

209 1087 473 1143 clitabitur
499 1091 643 1143 nobis
665 1107 805 1161 pars,
836 1108 899 1146 ne
920 1092 976 1146 in
1005 1093 1417 1163 confutationem.
1435 1094 1620 1159 veniat,
1650 1094 1742 1147 sed
1761 1103 1808 1147 et

208 1195 270 1233 ne
301 1197 507 1251 magna:
542 1182 653 1235 dcte
694 1180 874 1236 Diana
911 1183 1152 1254 templum
1191 1199 1285 1252 pro
1325 1182 1486 1237 nihilo
1524 1192 1803 1253 reputetur,

207 1270 592 1343 destructumque
628 1274 868 1342 majestas
891 1275 1021 1344 ejus,
1045 1291 1197 1341 quam
1222 1284 1328 1329 tota
1354 1276 1478 1330 Asia
1502 1286 1548 1332 et
1569 1276 1703 1331 orbis
1727 1294 1806 1331 co-

203 1359 283 1415 lit.
309 1360 557 1429 Faciem,
578 1363 768 1435 inquit,
789 1364 923 1419 ades
942 1377 1204 1435 argenteas
1229 1367 1431 1422 Diants‘.
1452 1369 1517 1423 Et
1534 1373 1803 1440 quomodo

204 1462 434 1522 possunt
489 1454 635 1511 aedes
678 1465 948 1527 argentea:
998 1457 1157 1512 ﬁeri?
1201 1458 1366 1514 Forte
1406 1462 1558 1530 quasi
1597 1462 1799 1517 ciboria

203 1560 364 1613 parva
392 1563 405 1600 :
439 1562 664 1618 magnus
693 1548 834 1604 enim
872 1550 970 1619 ipsi
1004 1549 1178 1605 honor
1205 1562 1325 1606 erat
1354 1551 1574 1622 Ephesi,
1604 1554 1691 1609 ubi
1737 1555 1801 1609 ii-

202 1636 374 1692 Iorum
403 1639 628 1695 incenso
656 1641 855 1711 templo
881 1643 953 1696 ita
985 1642 1231 1709 doluere,
1258 1653 1316 1699 ut
1341 1661 1410 1701 ne
1438 1661 1634 1702 nomen
1674 1648 1795 1717 qui-

200 1725 321 1781 dem
348 1728 495 1797 ejus,
542 1730 631 1800 qui
673 1732 1050 1801 succenderat,
1094 1734 1320 1804 proferri
1353 1736 1628 1806 juberent.
1663 1739 1799 1796 Vide

199 1816 399 1889 ubique
426 1820 785 1877 idololatriam
816 1838 847 1877 a
878 1825 1122 1894 pecuniis
1150 1838 1422 1882 constare.
1457 1828 1523 1884 Et
1567 1829 1642 1884 illi
1672 1846 1796 1900 pre-

198 1920 318 1979 pter
360 1914 641 1983 pecunias,
694 1924 750 1970 et
786 1915 874 1973 hic
912 1929 1133 1988 propter
1178 1920 1474 1990 pecunias:
1506 1937 1611 1977 non
1640 1925 1791 1993 quasi

198 2003 460 2072 religione
508 2006 877 2074 periclitante,
926 2009 1021 2065 sed
1065 2012 1217 2080 quasi
1257 2022 1464 2083 quaestu
1513 2014 1789 2069 materiam

197 2109 302 2148 non
333 2095 587 2152 habente.
632 2099 700 2154 Et
750 2102 1020 2173 perpende
1064 2103 1163 2158 viri
1208 2106 1616 2177 malignitatem.
1646 2108 1792 2178 Opu-

197 2188 372 2243 lentus
418 2190 511 2245 ille
540 2202 675 2257 erat,
708 2203 761 2249 et
790 2194 917 2250 hinc
944 2196 1021 2251 illi
1054 2212 1159 2252 non
1192 2208 1394 2254 tantum
1423 2200 1677 2259 damnum
1710 2202 1792 2257 fu-

195 2286 373 2333 turum
401 2290 559 2347 erat;
601 2283 706 2338 illis
747 2300 899 2349 vero,
946 2296 1134 2357 utpote
1177 2292 1505 2361 pauperibus
1533 2293 1784 2361 multum,

190 2371 281 2440 qui
310 2370 510 2428 diurno
550 2384 754 2446 quastu
794 2378 993 2433 victum
1029 2382 1304 2451 pararent.
1326 2384 1586 2440 ‘Attamen
1624 2386 1676 2440 hi
1709 2387 1792 2441 ni-

193 2462 265 2518 hil
317 2463 528 2533 dicunt,
582 2468 681 2523 sed
728 2469 819 2526 ille
860 2480 1065 2527 tantum
1101 2489 1115 2525 :
1148 2476 1283 2530 artis
1315 2490 1443 2532 vero
1488 2478 1620 2533 socii
1663 2494 1784 2533 cum

191 2563 415 2622 essent,
466 2558 723 2614 tumultus
766 2570 1047 2617 consortes
1086 2566 1333 2620 assumit.
1381 2567 1585 2623 Deinde
1622 2570 1784 2625 etiam

191 2645 489 2714 periculum
518 2654 881 2721 exaggeravit,
911 2653 1094 2709 dicens
1118 2672 1133 2708 :
1159 2654 1287 2710 Haec
1308 2658 1622 2727 periclitatur
1643 2660 1787 2715 nobis

188 2754 330 2807 pars,
375 2756 442 2793 ne
467 2740 520 2793 in
558 2745 954 2812 confutationem
995 2746 1209 2801 incidat.
1255 2748 1367 2803 Hoc
1391 2751 1536 2805 enim
1567 2750 1681 2807 fere
1705 2752 1783 2807 si-

190 2826 408 2894 gnillcat
433 2847 448 2884 :
475 2830 557 2886 Ab
584 2831 685 2887 hac
725 2842 840 2889 arte
869 2835 921 2889 in
961 2835 1157 2891 famem
1187 2837 1363 2894 delabi
1397 2840 1780 2910 periclitamur.

191 2920 349 2988 Atqui
382 2930 635 2989 poterant
680 2922 821 2979 dicta
853 2926 942 2982 illa
970 2928 1116 2997 ipsos
1160 2929 1228 2984 ad
1274 2930 1417 3001 piam
1466 2932 1781 3004 religionem

190 3010 499 3079 adducere;
532 3014 626 3070 sed
659 3016 842 3073 miseri
870 3032 933 3074 ac
960 3019 1094 3074 viles
1117 3036 1240 3076 cum
1267 3033 1470 3091 essent,
1500 3028 1783 3097 insurgunt

190 3105 379 3176 magis,
415 3120 516 3162 nec
541 3109 797 3179 cogitant,
826 3112 870 3166 si
901 3110 989 3168 hic
1018 3113 1180 3169 homo
1208 3116 1328 3171 talia
1367 3120 1555 3187 possit,
1586 3130 1643 3175 ut
1666 3137 1783 3177 om-

190 3209 283 3249 nes
311 3206 600 3253 convertat
625 3207 679 3253 et
718 3199 792 3255 dii
829 3204 1218 3272 periclitentur,
1248 3218 1484 3276 quantus
1524 3211 1596 3267 sit
1637 3213 1781 3269 illius

190 3286 329 3343 Deus
364 3306 379 3342 :
411 3300 469 3345 et
494 3291 636 3361 quod
664 3292 833 3350 multo
859 3298 1028 3369 magis
1056 3300 1172 3369 ipse
1197 3300 1354 3357 nobis
1377 3304 1464 3357 illa
1494 3304 1659 3372 dabit,
1683 3319 1780 3377 pro

190 3381 380 3449 quibus
424 3384 697 3441 timemus.
743 3386 861 3443 1am
904 3393 1392 3464 praeoccupaverat'
1414 3397 1625 3453 illorum
1664 3402 1778 3455 ani-

190 3487 301 3527 mos
327 3514 346 3540 ,
392 3473 623 3531 dicens:
674 3476 796 3533 Non
850 3492 968 3536 sunt
1014 3483 1122 3551 dii,
1154 3488 1240 3557 qui
1269 3490 1501 3545 manibus
1541 3492 1778 3549 humanis

189 3564 338 3629 ﬁunt.
373 3563 509 3621 Vide
558 3582 657 3637 pro
694 3585 795 3640 qua
834 3587 894 3628 re
940 3575 1284 3646 indignentur
1333 3582 1561 3653 gentiles
1599 3602 1614 3639 :
1652 3588 1775 3656 quia

192 3654 404 3711 dixerat
432 3674 447 3709 :
472 3655 574 3725 Qui
602 3660 665 3715 ab
693 3661 978 3719 hominibus
1024 3668 1146 3737 facti
1197 3680 1334 3739 sunt,
1382 3689 1483 3727 non
1516 3684 1634 3729 sunt
1671 3654 1771 3732 dii.

190 3742 399 3817 Ubique
427 3746 479 3802 in
507 3762 682 3806 artem
722 3768 1027 3812 sermonem
1056 3761 1345 3817 convertit.
1391 3763 1592 3821 Deinde
1632 3768 1774 3836 quod

187 3840 419 3896 maxime
449 3842 501 3896 in
533 3858 788 3914 angorem
817 3850 1086 3919 conjicere
1112 3862 1342 3923 poterat,
1369 3855 1518 3924 dicit,
1552 3857 1775 3915 Nonso—

186 3928 290 3983 lusu
314 3930 427 3986 hac
445 3950 566 4003 pars
595 3937 950 4005 periclitatur;
977 3941 1030 3996 id
1060 3950 1164 4009 est,
1192 3944 1423 4002 aliorum
1449 3949 1604 4005 nobis
1628 3952 1772 4007 nulla

186 4038 309 4077 cura
331 4034 439 4090 est,
469 4026 563 4081 sed
589 4029 732 4097 quod
778 4046 982 4102 magna:
1007 4034 1123 4090 dcte
1166 4037 1346 4095 Diana:
1379 4044 1634 4112 templum
1672 4045 1772 4102 de-

184 4116 314 4170 strui
346 4118 703 4187 periclitetur.
738 4122 939 4181 Deinde
961 4142 1028 4182 ne
1050 4128 1296 4187 videatur
1318 4132 1447 4189 lucri
1474 4120 1773 4193 causa'htec

183 4205 379 4275 dicere,
412 4210 536 4265 vide
557 4212 682 4281 quid
703 4214 863 4269 addat
886 4234 901 4271 :
923 4217 1086 4285 Quam
1112 4222 1247 4276 orbis
1267 4226 1406 4279 colit.
1432 4225 1621 4282 Viden’
1640 4245 1772 4299 quo-

183 4298 341 4354 modo
365 4301 625 4371 majorem
642 4306 890 4367 ostendat
908 4308 1058 4364 Pauli
1077 4311 1350 4381 virtutem,
1368 4330 1556 4374 omnes
1575 4298 1772 4376 terum-

183 4406 340 4447 nosos
364 4402 425 4449 et
475 4395 701 4452 miseros
727 4399 847 4454 illos
888 4403 1197 4473 ostendens,
1244 4409 1289 4462 si
1317 4408 1479 4465 homo
1510 4412 1693 4482 pulsus
1717 4424 1770 4470 et

182 4485 537 4541 tentoriorum
563 4489 755 4544 artifex
783 4492 907 4546 talia
939 4497 1154 4564 potest?
1196 4497 1329 4554 \‘ide
1359 4502 1664 4559 testimonia
1700 4506 1769 4561 de

178 4578 438 4647 apostolis
464 4579 534 4633 ab
559 4581 691 4653 ipsis
720 4584 950 4642 inimicis
979 4589 1207 4646 reddita.
1244 4592 1356 4650 Illic
1382 4596 1596 4667 quidem
1617 4598 1767 4655 dice-

178 4667 300 4724 bant
325 4688 340 4724 :
370 4670 509 4726 Ecce
530 4673 749 4744 impletis
771 4676 1056 4735 Jerusalem
1080 4682 1314 4739 doctrina
1340 4698 1502 4741 vestra
1523 4689 1663 4759 (Act.
1704 4693 1760 4747 5.

177 4759 296 4830 28);
322 4763 434 4826 hic,
466 4762 720 4820 Futurum
748 4778 841 4837 est,
869 4779 925 4824 ut
950 4770 1243 4830 destruatur
1266 4775 1453 4833 Dianae
1479 4784 1718 4853 majestas
1746 4800 1767 4838 :

178 4862 299 4909 tunc
323 4855 641 4921 audiebant,
674 4858 775 4927 Qui
803 4861 1148 4921 subuerterant
1177 4868 1348 4923 orbem
1377 4880 1647 4939 terrarum,
1683 4876 1766 4929 hic

172 4949 358 5004 adsunt
391 4948 555 5013 (Ibid.
591 4952 673 5007 i7.
731 4955 828 5023 6);
883 4974 1045 5025 nunc,
1092 4958 1420 5018 Periclitatur
1466 4968 1609 5023 nobis
1657 4969 1765 5025 hare

175 5056 291 5107 pars
312 5042 369 5094 in
402 5043 795 5113 confutationem
820 5051 1005 5108 uenire.
1037 5050 1127 5109 Sic
1152 5052 1324 5111 Judaei
1353 5056 1421 5113 de
1447 5058 1659 5115 Christo
1678 5062 1765 5117 di-

172 5132 366 5187 cebant
399 5152 415 5187 :
454 5133 631 5189 Videte
672 5140 806 5207 quod
854 5143 1075 5198 mundus
1124 5155 1237 5215 post
1279 5148 1447 5220 ipsum
1472 5151 1654 5219 vadat;
1684 5164 1759 5221 et,

185 5221 392 5280 Venient
418 5225 655 5286 Romani.
676 5242 723 5285 et
742 5233 916 5288 tollent
935 5246 1159 5291 nostram
1187 5240 1434 5296 ciuitatem
1465 5242 1644 5312 (Joan.
1673 5248 1758 5305 1‘3.

176 5318 261 5372 l9.
283 5329 333 5372 et
368 5319 455 5373 Η.
488 5320 602 5393 48).
639 5322 737 5379 His
763 5337 928 5383 autem
954 5332 1164 5400 auditis,
1210 5336 1393 5406 repleti
1418 5349 1533 5393 sunt
1567 5345 1757 5411 furore.

176 5406 325 5463 Unde
350 5408 504 5464 furor
529 5412 617 5468 ille
634 5416 660 5466 τ
683 5415 905 5481 Quando
929 5419 997 5476 de
1024 5422 1187 5478 Diana
1208 5426 1512 5495 audierunt,
1545 5406 1762 5501 quando

176 5498 239 5553 de
268 5500 405 5555 lucri
427 5500 656 5571 jactura.
686 5505 831 5563 Talis
860 5510 1000 5565 enim
1045 5511 1338 5573 forensium
1377 5535 1494 5575 mos
1522 5534 1626 5591 est,
1654 5523 1757 5580 levi

176 5588 239 5645 de
261 5606 425 5646 causa
451 5594 624 5665 abripi
652 5606 705 5652 et
735 5602 973 5657 accendi.
1002 5603 1205 5662 Idcirco
1225 5623 1344 5664 cum
1366 5615 1616 5671 examine
1644 5631 1759 5672 om-

177 5684 257 5737 nia
301 5696 433 5742 sunt
476 5691 705 5758 agenda.
738 5693 871 5751 Vide
912 5706 1091 5754 autem
1118 5717 1275 5771 quam
1307 5706 1634 5777 despiciendi
1664 5726 1753 5765 es-

177 5787 308 5840 sent,
332 5778 423 5849 qui
450 5781 520 5836 ab
538 5784 785 5841 omnibus
810 5803 1297 5855 commoverentur.
1323 5800 1414 5856 28.
1446 5801 1545 5858 llis
1569 5806 1757 5862 auditis

177 5869 344 5937 repleti
368 5882 486 5927 sunt
515 5874 614 5943 ira,
642 5885 690 5931 et
710 5879 1130 5957 exclamaverunt,
1164 5886 1355 5961 Magna
1382 5891 1549 5950 Diana
1580 5896 1754 5971 Ephe-

1230 419 1295 476 lN
1325 419 1511 476 .ACTA
1558 417 2080 478 APOSTOLORUM.
2125 420 2350 479 IIOMIL.
2394 422 2549 480 XLlI.

3410 440 3516 498 298

1917 539 2143 597 siorum!
2159 541 2249 597 '29.
2279 542 2344 596 Et
2370 543 2579 611 impleta
2602 556 2673 597 est
2710 548 2885 603 civitas
2912 554 3216 623 confusione
3238 573 3257 612 :
3284 571 3329 611 ct
3355 562 3515 629 impe-

1917 642 2021 685 tum
2050 636 2274 704 fecerunt
2301 653 2403 689 uno
2429 637 2600 691 animo
2624 639 2674 691 in
2696 640 2968 698 theatrum.
2996 645 3164 715 Ilapto
3190 660 3359 704 autem
3384 653 3514 709 Gaio

1916 736 1961 776 et
1984 725 2275 781 Aristarcho
2309 728 2693 794 Macedonibus,
2750 731 2904 789 Pauli
2930 739 3217 806 comitibus,
3247 750 3515 800 traxerunt

1914 824 2051 867 :lt'os.

1982 906 2035 961 9..
2056 908 2185 965 Sine
2212 926 2373 967 causa
2393 930 2579 971 rursus
2606 918 2865 974 invadunt
2882 923 3020 977 sicut
3036 924 3287 983 iasonem
3308 928 3507 996 Judaei,

1912 1006 1967 1050 et
1993 1000 2186 1069 ubique
2203 1008 2520 1077 suntperati
2548 1024 2565 1063 :
2594 1011 2662 1065 ita
2688 1013 2997 1070 nullamvei
3027 1017 3218 1087 gloria:
3247 1021 3331 1076 vel
3354 1022 3512 1078 fama!

1912 1091 2176 1148 rationein
2208 1095 2498 1153 habebant.
2532 1100 2624 1157 50.
2675 1102 2844 1159 Paulo
2876 1120 3044 1162 autem
3093 1110 3290 1167 volente
3317 1115 3512 1168 intrare

1909 1182 1963 1236 in
2001 1189 2292 1254 populmn,’
2320 1208 2423 1245 non
2467 1197 2801 1262 permiserunt
2848 1201 3107 1271 discipuli.
3148 1206 3239 1261 51.
3285 1208 3510 1275 Quidam

1907 1287 2076 1331 autem
2106 1280 2170 1333 de
2192 1282 2325 1337 Asiae
2347 1286 2801 1361 principibus,-qui
2826 1305 2968 1348 erant
2997 1298 3105 1365 ejus
3132 1300 3303 1363 amici,
3350 1305 3505 1361 mise-

1907 1380 2025 1422 runt
2054 1371 2123 1424 ad
2150 1390 2264 1426 eum
2291 1389 2545 1447 tagantes,
2580 1397 2643 1434 ne
2666 1400 2719 1437 se
2736 1385 2881 1439 daret
2908 1388 2961 1441 in
2989 1390 3264 1449 theatrum.
3295 1394 3509 1468 Rogant

1905 1462 2028 1529 quia
2081 1464 2347 1523 incondita
2394 1470 2546 1526 turba
2587 1485 2721 1544 erat,
2747 1493 2867 1557 qua}
2891 1495 3037 1538 casco
3080 1484 3281 1557 impetu
3322 1462 3501 1548 omnia

1904 1556 2157 1613 audebat.
2200 1560 2268 1615 Et
2307 1560 2505 1620 Paulus
2549 1549 2889 1641 obtempertit
2933 1549 3173 1648 :ncque'
3199 1584 3343 1637 enim
3386 1598 3505 1641 erat

1904 1660 2056 1703 vente
2078 1650 2263 1719 gloriae
2308 1657 2537 1725 cupidus
2581 1661 2663 1715 vel
2710 1665 3047 1722 ambitiosus.
3077 1670 3166 1725 52.
3194 1674 3300 1729 Alii
3334 1678 3504 1749 itaque

1900 1740 2048 1792 aliud
2074 1742 2360 1799 clamabant
2388 1764 2409 1802 :
2434 1761 2539 1803 erat
2560 1754 2747 1824 quippe
2762 1757 3125 1829 incompositus
3157 1778 3334 1823 caelus.
3357 1740 3502 1828 Talis

1894 2197 2319 2269 dispensatione,
2371 2216 2428 2262 ut
2479 2210 2612 2265 nihil
2656 2228 2875 2283 possent
2915 2222 3053 2279 ultra
3098 2197 3491 2293 contradicere.

1894 2289 1995 2345 Ilic
2025 2296 2363 2365 propellitur,
2394 2301 2647 2374 loquitur,
2680 2322 2734 2364 et
2756 2315 2882 2383 quid
2910 2317 3052 2375 dicat
3076 2324 3224 2381 andi.

1892 2384 1985 2437 der
2011 2396 2176 2441 autem
2204 2407 2360 2446 ntanu
2384 2396 2583 2453 silentio
2629 2405 2907 2472 postulato,
2931 2412 3127 2469 volebat
3167 2419 3382 2477 reddere
3404 2443 3493 2481 ra-

1892 2474 2079 2529 tionem
2106 2481 2317 2549 populo.
2340 2484 2431 2540 54.
2465 2487 2624 2555 Quem
2648 2502 2704 2547 ut
2730 2512 3070 2570 cognoverunt
3093 2474 3337 2569 ludazum
3356 2474 3488 2586 esse,

1888 2580 1991 2619 vos:
2028 2569 2165 2638 facta
2203 2583 2277 2626 est
2322 2592 2425 2630 una
2465 2583 2713 2653 omnium,
2742 2569 2892 2659 quasi
2917 2594 2988 2647 ad
3013 2596 3142 2654 duas
3189 2602 3344 2661 horas
3382 2569 3491 2665 cla:

1888 2662 2136 2717 montium
2168 2680 2189 2719 :
2231 2666 2422 2740 Hagna
2461 2672 2634 2731 Diana
2676 2679 3055 2750 Ephesiorum!
3081 2692 3311 2754 Puerilis
3363 2662 3490 2760 vero

1888 2762 2044 2809 mens
2075 2770 2092 2809 :
2118 2761 2272 2827 quasi
2320 2763 2591 2834 timentes,
2632 2786 2701 2851 ne
2745 2778 3175 2849 exstingueretur
3193 2790 3372 2848 cultus
3394 2810 3489 2851 eo-

1888 2858 2033 2913 rum,
2057 2847 2367 2920 frequenter
2381 2856 2706 2955 clamabant.
2734 2866 2815 2921 Ad
2843 2846 2978 2927 duos
3006 2888 3180 2933 annos
3198 2880 3304 2938 illic
3323 2846 3485 2955 sedit,

1886 2947 1943 2993 et
1972 2940 2093 2997 vide
2137 2954 2267 3015 quot
2294 2948 2471 3005 adhuc
2504 2940 2754 3023 gentiles.
2783 2960 2876 3016 55.
2904 2963 3033 3019 Cum
3066 2981 3239 3028 autem
3262 2940 3488 3036 sedaisei

1885 3032 2054 3129 scriba
2101 3037 2294 3129 turbas,
2331 3040 2461 3096 dixit
2492 3060 2511 3098 :
2541 3043 2650 3101 Viri
2695 3048 2927 3122 Ephesii,
2970 3061 3085 3129 quis
3107 3065 3194 3118 est
3224 3032 3487 3128 hominum

1883 3123 1972 3192 qui
1984 3126 2535 3198 nesciat,Ephesiorum
2553 3138 2805 3197 ciuitatem
2826 3123 3024 3217 magna:
3044 3150 3227 3211 Diantc
3240 3175 3349 3215 esse
3364 3180 3488 3219 neo-

1885 3230 2059 3315 caram
2095 3219 2394 3315 et_Diopetis
2418 3227 2446 3281 γ
2468 3227 2581 3286 Hoc
2608 3235 2837 3302 primum
2869 3239 3106 3309 furorem
3137 3250 3351 3311 illorum
3380 3274 3482 3315 ex-

1884 3306 2093 3363 stinxit.
2123 3308 2194 3365 Et
2214 3312 2465 3386 Diopetis.
2499 3320 2613 3379 Hoc
2640 3326 2809 3397 dicit,
2838 3308 2961 3389 cum
2993 3352 3100 3395 non
3145 3345 3215 3399 sit
3254 3364 3340 3404 res
3368 3368 3485 3407 ma-

1884 3399 2099 3460 nifesta.
2151 3408 2311 3501 Aliud
2352 3428 2566 3473 sacrum
2616 3421 2687 3476 ita
2730 3430 3027 3487 vocabatur
3068 3399 3483 3509 Diopete'sﬂ

1884 3494 2083 3597 idolum
2114 3499 2296 3559 Dinnte
2327 3506 2578 3577 Diopeles
2610 3518 2893 3590 vocabant,
2924 3528 3069 3595 quod
3095 3494 3321 3593 exllove

1882 3584 1972 3640 illa
2021 3588 2238 3662 delapsa
2282 3608 2448 3665 esset,
2480 3618 2580 3659 nec
2605 3606 2673 3661 ab
2700 3609 2917 3669 homine
2941 3584 3100 3675 ducta
3126 3622 3315 3685 fuisset
3350 3649 3364 3686 :
3396 3636 3481 3690 vel

1882 3678 2023 3799 aliud
2054 3684 2425 3799 idolumapud
2470 3695 2589 3759 illos
2617 3701 2697 3756 sic
2721 3708 3034 3766 vocabatur.
3065 3715 3156 3772 56.

1881 3768 1959 3825 his
1987 3777 2267 3832 contradici
2302 3797 2406 3838 non
2456 3790 2631 3855 possit,
2665 3806 2861 3861 oportet
2891 3816 2978 3855 vos
3020 3806 3224 3865 sedatos
3272 3830 3401 3883 esse,
3416 3768 3482 3873 ’,ει

1880 3864 2011 3919 nihil
2030 3876 2212 3923 temere
2232 3888 2398 3943 agere.
2434 3878 2524 3932 37.
2549 3882 2851 3943 Adduxistis
2872 3894 3003 3947 enim
3033 3899 3167 3954 uiros
3209 3904 3302 3959 hos
3323 3864 3482 3981 ireque

1882 3971 1936 3981 --
1947 3958 2035 3981 -..21
2045 3976 2062 3981 -
2072 3977 2094 3981 -
2106 3978 2122 3981 Α
2137 3979 2150 3981 -
2416 3969 2428 3981 '
2451 3972 2463 3981 '
2568 3976 2580 3981 “

1878 3958 2171 4030 sacrilegos,
2206 3982 2365 4077 neque
2409 3969 2813 4043 blasphemantes
2857 3985 3004 4042 deum
3044 4003 3279 4054 uestram.

1879 4056 2046 4168 telum
2073 4056 2409 4168 mendacium
2427 4072 2511 4119 est
2534 4106 2546 4121 .
2574 4067 2672 4123 ista
2693 4081 2870 4130 autem
2899 4079 2965 4133 ad
2987 4087 3242 4155 populum
3259 4056 3479 4168 comp;

1876 4144 2132 4201 scendum
2158 4148 2309 4209 dixit.
2328 4154 2417 4210 58.
2466 4157 2616 4226 Quod
2640 4164 2684 4218 si
2711 4144 3003 4228 Demetrius
3018 4218 3034 4239 ,
3058 4144 3111 4233 et
3141 4184 3232 4251 qui

1875 4245 1992 4289 sunt
2015 4241 2256 4308 artiﬁces,
2282 4245 2467 4304 habent
2494 4253 2736 4313 aduersus
2752 4262 2974 4333 aliquem
2998 4241 3229 4343 causam,
3255 4296 3474 4339 conven-

1875 4334 1955 4379 tus
1979 4329 2202 4398 forenses
2215 4346 2455 4407 aguntur,
2470 4351 2518 4396 et
2541 4354 2869 4414 proconsules
2884 4370 3014 4417 sunt
3046 4379 3065 4416 :
3088 4382 3326 4427 accusent
3343 4376 3468 4432 inui-

1875 4432 2000 4472 cem.
2017 4420 2104 4476 59.
2127 4423 2190 4479 Si
2207 4428 2333 4497 quid
2344 4443 2513 4488 autem
2540 4437 2603 4491 de
2622 4442 2738 4496 aliis
2754 4446 2901 4503 rebus
2914 4456 3160 4526 qnteritis,

1873 4520 2365 4577 conoentusoloetur.
2383 4527 2472 4583 40.
2493 4528 2635 4586 Nam
2650 4546 2697 4589 et
2722 4520 3072 4608 periclitamur
3089 4520 3241 4626 argui

1871 4606 1951 4659 nis
1971 4608 2247 4679 hodiernae,
2267 4633 2383 4672 cum
2404 4623 2547 4677 nulla
2559 4627 2625 4680 sit
2639 4606 2812 4699 causa,
2836 4638 2971 4693 unde
2988 4606 3242 4709 possimus
3260 4606 3475 4715 redde;

1871 4700 2116 4756 rationem
2161 4707 2314 4778 hujus
2355 4715 2618 4773 tumultus.
2661 4721 2728 4777 Et
2773 4728 2852 4784 his
2876 4700 3025 4790 dictis
3068 4750 3250 4798 coetum
3298 4700 3467 4809 solgil'.

1872 4788 2188 4862 Legitimum
2215 4816 2541 4864 conventum
2578 4812 2726 4871 dicit.
2768 4818 2903 4877 Nam
2952 4833 3249 4892 secundum
3291 4788 3463 4912 legem

1873 4892 1984 4943 tres
2039 4905 2335 4951 conventus
2384 4899 2581 4959 flebant
2621 4909 2843 4981 singulis
2871 4923 3147 4982 mensibus
3177 4946 3194 4985 :
3223 4930 3310 4989 hic
3336 4892 3469 4993 ξεῖ-ο

1869 4994 2169 5041 conventus
2218 4989 2530 5063 illegitimus
2572 5013 2705 5058 erat.
2742 5007 2951 5068 Deinde
2994 4989 3465 5086 terruit'illosl

1869 5085 1999 5129 cens
2030 5093 2043 5128 :
2077 5075 2373 5138 Periculum
2419 5098 2524 5154 est,
2573 5108 2635 5147 ne
2683 5112 2980 5158 accusemur
3019 5110 3303 5171 seditionis.
3352 5119 3459 5177 Sed

1868 5167 2116 5234 superius
2141 5170 2282 5227 dicta
2310 5188 2635 5247 repetamus.
2678 5186 2776 5244 His
2802 5197 3085 5265 completis,
3109 5167 3302 5276 inquit,

1868 5262 2036 5327 posuit
2061 5261 2261 5321 Paulus
2282 5269 2333 5323 in
2359 5271 2577 5341 Spiritu,
2605 5284 2817 5337 transita
2848 5261 3153 5351 Macedonia
3173 5261 3222 5353 et
3241 5261 3461 5373 Achaia,

1864 5352 1939 5405 ire
1965 5352 2360 5429 Jerosolymam.
2390 5363 2502 5421 Non
2538 5368 2648 5437 jam
2681 5372 2914 5434 humana
2953 5386 3162 5443 ratione
3205 5352 3334 5463 agit,
3363 5352 3462 5454 seti

1866 5442 2202 5557 ipirituquo
2235 5455 2463 5513 transire
2483 5459 2724 5520 decrevit
2756 5488 2769 5520 :
2800 5470 2850 5523 id
2876 5475 3016 5529 enim
3043 5479 3143 5535 sibi
3166 5442 3278 5538 vnit
3303 5442 3453 5557 illud,

2826 5522 2848 5523 ί
3043 5522 3141 5535 -..,.
3175 5522 3278 5538 η...
3303 5522 3430 5545 ...ιιυ

1866 5522 2166 5607 Proposuit,
2196 5553 2250 5599 et
2290 5545 2379 5603 hic
2423 5561 2507 5606 est
2549 5554 2814 5617 dictorum
2858 5579 3071 5625 sensus.
3124 5572 3235 5632 Cur
3279 5536 3457 5639 autem

1865 5626 2041 5683 mittat
2088 5633 2427 5696 Timotheum
2461 5654 2515 5700 et
2558 5648 2828 5721 Erastum,
2880 5674 2984 5714 non
3030 5662 3205 5723 dicit:
3240 5673 3456 5731 videtur

1865 5728 2041 5838 autem
2087 5726 2216 5781 mihi
2262 5733 2423 5788 etiam
2469 5738 2535 5793 de
2584 5740 2686 5797 hoc
2726 5746 2851 5813 diei,
2882 5750 2951 5806 In
2976 5753 3198 5826 Spiritu.
3234 5726 3458 5838 Propter

1862 5815 1998 5881 quod
2037 5834 2138 5873 non
2181 5827 2479 5885 sustinentes
2519 5838 2760 5909 amplius,
2786 5844 2979 5914 placuit
3017 5815 3160 5910 nobis
3198 5815 3456 5920 remaiterc

1866 5907 2094 5982 Athenis,
2126 5918 2246 5973 solis
2273 5918 2350 5991 (l.
2392 5922 2566 5985 Thess.
2602 5932 2654 5987 5.
2692 5907 2870 6007 l)‘.'Et
2917 5942 3057 6012 vide,
