4094 6336
640 548 823 606 nistris
852 546 963 601 suis
990 540 1157 607 misit,
1177 546 1234 593 ut
1259 545 1313 592 et
1340 535 1621 590 adventum
1648 544 1801 584 suum
1832 524 2209 580 annuntiarent

638 653 693 697 ct
712 639 1065 712 promptiores
1081 635 1199 689 illos
1227 630 1542 685 redderent.
1566 623 1791 677 Maxime
1809 622 1859 672 in
1884 618 2006 671 Asia
2025 628 2208 668 versa-

643 707 727 788 tur
748 750 763 791 :
782 742 838 787 et
864 707 1055 785 merito
1082 744 1094 777 :
1125 726 1231 779 illic
1247 722 1385 777 enim
1404 728 1752 785 eratmagnus
1774 707 2209 780 philosophorum

638 835 834 882 coetus.
864 824 926 879 Et
950 821 1199 883 veniens,
1232 826 1416 869 rursus
1443 812 1562 866 illos
1583 805 1948 877 alloquebatur
1979 821 1991 856 :
2020 814 2210 870 magna

642 920 837 991 quippe
863 916 970 969 illic
992 922 1107 968 erat
1126 907 1453 979 superstitio.
1498 902 1781 957 Demetrius
1809 899 1945 991 enim
1979 896 2207 964 quidam,

645 985 832 1079 inquit,
865 1001 1175 1073 argentarius
1200 997 1420 1052 collectis
1447 995 1591 1049 istius
1611 992 1734 1044 artis
1755 985 2018 1056 opiﬁcibus
2047 985 2175 1037 dixit
2194 999 2214 1036 :

654 1071 782 1166 Viri,
810 1071 949 1153 scitis
978 1104 1023 1148 et
1045 1092 1222 1147 uidetis
1248 1100 1297 1143 et
1325 1086 1546 1148 auditis;
1582 1084 1652 1137 ita
1690 1078 2028 1135 manifestum
2080 1071 2211 1128 illud

643 1201 758 1246 erat
788 1205 802 1241 :
832 1185 966 1256 quod
994 1183 1075 1237 hic
1111 1180 1302 1235 Paulus
1334 1172 1550 1231 suadens
1589 1172 1821 1226 subvertit
1866 1168 2079 1222 multam
2107 1174 2214 1256 tur-

644 1285 775 1335 bam.
804 1255 979 1345 ltaque
1003 1289 1105 1328 non
1131 1271 1409 1332 violenter,
1435 1266 1479 1319 si
1502 1264 1668 1319 suasit
1698 1280 1711 1319 :
1745 1262 1815 1316 ita
1846 1255 2211 1330 persuadenda

644 1371 831 1425 civitas
858 1376 957 1422 est.
990 1362 1187 1419 Deinde
1216 1359 1429 1413 adducit
1469 1356 1541 1419 id,
1571 1353 1711 1423 quod
1754 1353 1870 1406 illos
1898 1346 2211 1403 mordebat:

648 1459 796 1527 Quod
819 1474 918 1510 non
946 1463 1060 1509 sunt
1080 1452 1171 1516 dii,
1195 1450 1278 1520 qui
1299 1446 1529 1503 manibus
1549 1444 1777 1498 humanis
1804 1442 1952 1511 ﬁunt.
1974 1438 2111 1506 Quid
2133 1446 2214 1493 est

650 1551 783 1607 hoc?
810 1545 1097 1609 Subvertit,
1126 1540 1316 1611 inquit,
1340 1547 1506 1592 artem
1536 1542 1796 1589 nostram.
1820 1531 1896 1587 Ne
1916 1546 2044 1585 vero
2068 1528 2214 1599 cogi-

648 1652 820 1699 tarent
846 1651 900 1695 et
926 1639 1184 1700 dicerent,
1218 1632 1357 1703 quod
1404 1630 1552 1685 solus
1579 1627 1740 1681 homo
1786 1623 1907 1679 talia
1939 1622 2132 1693 possit;
2161 1627 2214 1675 et

647 1735 808 1805 quod,
838 1735 882 1788 si
908 1740 1113 1786 tantum
1138 1728 1326 1798 possit.
1351 1725 1423 1779 illi
1452 1720 1671 1791 obsequi
1688 1725 1933 1788 oporteat
1951 1734 1965 1770 :
1986 1714 2210 1769 addidit:

652 1804 816 1891 Quam
858 1833 959 1877 tota
989 1824 1109 1874 Asia
1146 1829 1191 1871 et
1228 1817 1358 1871 orbis
1384 1813 1519 1867 colit.
1553 1810 1751 1865 Vocem
1782 1822 1929 1863 suam
1960 1804 2215 1876 putabant

645 1921 825 1975 divino
866 1915 1083 1984 Spiritui
1110 1912 1429 1971 obfuturam,
1467 1920 1589 1961 cum
1621 1902 1794 1959 Graeci
1834 1900 1982 1971 pueri
2009 1904 2211 1953 essent.

649 2014 722 2067 Ex
755 1996 875 2075 hoc,
905 2008 1090 2078 inquit,
1133 2002 1343 2074 opilicio
1383 2001 1669 2055 lucramur.
1700 1996 1768 2052 Et
1794 1995 1839 2049 si
1868 2008 1934 2049 ex
1962 1991 2064 2046 hoc
2093 1989 2211 2059 Opi—

648 2104 767 2158 licio
795 2100 943 2154 vobis
988 2098 1189 2151 lucrum
1216 2098 1306 2159 sit,
1337 2089 1607 2163 quomodo
1652 2087 1813 2141 homo
1832 2083 1956 2139 vilis
1982 2081 2213 2137 suadere

646 2192 848 2265 potuit?
875 2189 1141 2261 quomodo
1165 2194 1322 2241 tanta:
1346 2178 1718 2239 consuetudini
1744 2175 2022 2248 praevaluit
2041 2174 2065 2227 τ
2085 2172 2213 2243 quid

644 2287 789 2350 fecit,
820 2282 945 2353 quid
974 2278 1140 2334 dixit?
1166 2273 1279 2331 Non
1306 2283 1387 2330 est
1414 2271 1587 2336 Pauli,
1628 2285 1733 2325 non
1762 2276 1845 2324 est
1868 2266 1988 2321 viri.
2020 2265 2088 2320 Et
2115 2268 2215 2319 hoc

645 2376 844 2433 sufﬁcit
866 2372 1086 2435 dixisse,
1119 2367 1241 2422 Non
1269 2375 1385 2421 sunt
1403 2365 1491 2419 dii.
1526 2363 1582 2418 Si
1607 2376 1734 2431 ergo
1756 2361 1825 2413 ita
1848 2357 2001 2413 facile
2023 2356 2215 2426 depre-

645 2466 900 2525 henditur
928 2462 1085 2531 impia
1112 2457 1320 2527 religio,
1346 2456 1455 2524 jam
1496 2452 1625 2507 olim
1652 2451 1955 2505 damnatam
1997 2453 2214 2515 oporte-

644 2553 761 2625 bat;
790 2558 836 2613 si
858 2569 986 2610 vero
1006 2550 1174 2607 solida
1206 2550 1295 2612 sit,
1329 2562 1433 2602 non
1465 2554 1571 2599 tam
1597 2545 1705 2598 cito
1732 2539 1849 2594 tolli
1874 2546 2067 2609 potest.
2092 2536 2215 2590 Non

641 2650 793 2704 modo
822 2655 1009 2711 autem,
1043 2642 1233 2711 inquit,
1258 2642 1352 2692 hoc
1372 2636 1685 2707 periclitatur
1708 2632 1870 2686 nobis.
1898 2629 2057 2697 Quasi
2088 2626 2214 2697 quid

647 2741 817 2811 majus
842 2738 1049 2799 dicens,
1080 2733 1181 2787 hoc
1206 2728 1460 2787 subdidit.
1499 2725 1592 2781 His
1620 2724 1809 2777 auditis
1835 2722 2217 2811 repletifurore

646 2808 929 2886 clamabant
970 2842 988 2880 :
1031 2823 1220 2892 Magna
1262 2819 1431 2872 Diana
1487 2813 1854 2886 Ephesiorum!
1895 2811 1953 2865 ln
1994 2808 2215 2878 singulis

644 2921 787 2978 enim
815 2914 1118 2973 civitatibus
1138 2911 1209 2965 dii
1232 2906 1431 2978 proprii
1454 2912 1624 2960 erant.
1647 2905 1725 2957 Ac
1746 2903 1823 2956 sic
1841 2898 2012 2955 aﬁ'ecti
2038 2906 2211 2962 erant,

643 3010 792 3083 quasi
818 3020 949 3063 voce
978 3019 1071 3058 sua
1100 3001 1300 3057 cultum
1330 2997 1444 3067 ejus
1470 2994 1829 3058 restituerent,
1856 3000 1912 3047 et
1937 3006 2054 3060 qua:
2080 2988 2214 3041 facta

646 3114 797 3161 erant
821 3100 1193 3157 dissolverent.

716 3198 770 3253 εἰ.
799 3192 930 3248 Vide
963 3186 1286 3245 inconditam
1324 3180 1551 3237 turbam.
1586 3178 1753 3233 Paulo
1779 3186 1945 3231 autem
1967 3215 1983 3241 ,
2015 3175 2214 3245 inquit,

649 3288 840 3341 uolente
868 3285 1057 3337 intrare
1083 3281 1135 3332 in
1163 3274 1405 3347 pupulum
1425 3312 1440 3337 ,
1473 3286 1573 3325 non
1602 3269 1933 3339 permiserunt
1960 3268 2213 3337 discipuli.

651 3377 847 3435 Paulus
868 3374 1026 3443 igitur
1048 3367 1248 3437 ingredi
1267 3364 1479 3418 volebat
1500 3359 1847 3416 concionandi
1875 3372 2033 3413 causa
2060 3376 2073 3412 :
2098 3370 2218 3426 per-

649 3465 991 3537 sequutiones
1020 3461 1160 3514 enim
1199 3456 1263 3510 ad
1293 3454 1587 3509 doctrinam
1614 3450 1888 3520 captabat;
1929 3449 2023 3504 sed
2052 3449 2214 3504 disci-

648 3559 760 3631 puli
790 3572 893 3611 non
928 3548 1321 3622 permittebant.
1359 3543 1632 3614 Perpende
1665 3549 1862 3611 quanta
1888 3554 2012 3610 erga
2044 3540 2215 3609 ipsum

648 3630 860 3720 semper
881 3641 1207 3717 providentia
1228 3647 1459 3693 utantur.
1482 3636 1547 3689 Et
1566 3634 1632 3688 ab
1653 3632 1802 3687 initio
1826 3632 1998 3701 ipsum
2019 3630 2217 3686 eduxe-

650 3751 804 3807 runt,
844 3755 911 3794 ne
943 3734 1157 3791 letalem
1200 3730 1467 3799 acciperet
1494 3727 1696 3796 plagam
1727 3742 1742 3778 :
1768 3737 2089 3795 quamquam
2124 3738 2217 3779 au-

651 3835 875 3892 dierant,
891 3825 1028 3897 quod
1046 3830 1315 3892 oporteret
1330 3820 1499 3890 ipsum
1514 3818 1733 3872 Romam
1752 3815 1964 3883 videre;
1980 3824 2216 3873 attamen

651 3921 952 3995 prohibent.
981 3915 1095 3970 Non
1122 3912 1237 3968 sine
1264 3910 1590 3981 providentia
1614 3917 1791 3963 autem
1817 3907 2212 3978 pranuntiavit,

653 4032 719 4071 ne
744 4014 810 4069 de
831 4027 891 4067 re
913 4017 1059 4082 gesta
1087 4006 1445 4061 turbarentur.
1479 3997 1551 4055 Ita
1576 4001 1823 4056 nolebant
1850 4000 1997 4055 illum
2018 4000 2216 4070 aliquid

650 4106 777 4177 pati.
810 4102 877 4159 Et
905 4101 1109 4171 quidam
1146 4096 1427 4166 principum
1453 4094 1613 4159 Asina,
1648 4092 1851 4162 inquit,
1876 4092 2119 4164 rogabant
2146 4095 2214 4147 it.

654 4200 780 4262 lum,
806 4214 867 4250 ne
891 4197 1097 4249 intraret
1119 4193 1170 4244 in
1202 4191 1468 4243 theatrum.
1502 4188 1811 4256 Promptum
1842 4187 1957 4255 ejus
1982 4188 2215 4243 animum

652 4289 892 4343 videntes
913 4282 1259 4339 obsecrabant
1288 4299 1301 4335 :
1326 4280 1459 4333 adeo
1480 4279 1623 4332 illum
1652 4278 1838 4333 ﬁdeles
1864 4293 2049 4332 omnes
2074 4294 2220 4333 ama—

661 4382 808 4435 bant.
858 4377 927 4432 Et
963 4390 1087 4441 cur,
1134 4373 1368 4441 inquies,
1410 4369 1708 4424 Alexander
1748 4369 1913 4424 voluit
1958 4371 2216 4426 ratioaem

646 4470 915 4527 reddere?
944 4482 1067 4520 num
1090 4476 1143 4517 et
1164 4465 1277 4532 ipse
1303 4463 1676 4516 accusabatur?
1702 4462 1767 4517 Ut
1792 4464 2000 4517 inventa
2026 4478 2219 4533 Oppor-

654 4565 877 4618 tunitate
908 4568 1073 4612 totum
1100 4556 1451 4620 subverteret,
1478 4564 1529 4606 et
1557 4555 1729 4623 populi
1764 4553 1994 4609 furorem
2016 4558 2218 4610 exstin-

653 4664 858 4725 gueret.
912 4649 1155 4703 Vidistin’
1204 4646 1434 4699 furorem
1490 4645 1912 4699 tumultuosum?
1972 4647 2111 4701 Bene
2164 4656 2219 4701 et

659 4743 973 4813 increpantis
1003 4754 1149 4794 more
1178 4737 1347 4791 scriba
1377 4754 1390 4789 :
1418 4735 1542 4802 Quis
1573 4745 1665 4799 est,
1699 4735 1888 4805 inquit,
1918 4737 2004 4805 qui
2034 4738 2220 4790 nesciat

661 4835 993 4903 Ephesiorum
1017 4828 1299 4883 civitatem?
1325 4826 1412 4881 Sic
1435 4826 1580 4888 dicit,
1610 4826 1676 4880 de
1705 4841 1808 4895 quo
1841 4826 2127 4892 timebant;
2158 4842 2221 4881 ac

656 4927 702 4979 si
729 4924 949 4985 diceret,
978 4919 1162 4973 Nonne
1190 4918 1361 4971 colitis
1389 4918 1567 4969 illam?
1597 4916 1777 4986 Neque
1801 4916 1951 4981 dixit,
1985 4916 2113 4983 Quis
2141 4928 2221 4972 est

658 5020 745 5087 qui
782 5032 885 5069 non
930 5012 1135 5066 noverit
1183 5009 1443 5063 Dianam?
1481 5008 1602 5071 sed,
1643 5008 1902 5061 Civitatem
1947 5018 2218 5073 nostram,

657 5111 774 5163 illos
800 5118 1169 5173 compescens.
1201 5100 1326 5155 Cum
1355 5115 1470 5169 ergo
1501 5100 1577 5152 his
1605 5100 1877 5151 contradici
1904 5117 2003 5153 non
2033 5101 2218 5169 possit,

657 5212 849 5271 Oportet
888 5214 972 5250 vos
1000 5196 1193 5247 sedatos
1220 5208 1342 5245 esse.
1375 5192 1448 5245 De
1477 5191 1559 5243 his
1590 5190 1887 5259 redarguit,
1915 5206 1975 5244 ac
2004 5193 2047 5245 si
2076 5192 2222 5244 dicc-

659 5299 780 5347 ret:
807 5291 941 5356 Quid
974 5299 1099 5353 ergo
1128 5284 1397 5353 quzeritis,
1439 5282 1587 5351 quasi
1625 5282 1739 5336 hare
1772 5283 1967 5336 incerta
2008 5284 2223 5337 essent?

659 5384 833 5453 palam
865 5387 977 5443 est,
1005 5376 1376 5431 contumeliam
1408 5376 1458 5428 in
1485 5374 1637 5429 deam
1670 5375 1811 5430 illam
1841 5375 2085 5429 transire.
2122 5375 2219 5429 lle-

661 5475 868 5542 ligionis
887 5470 1105 5525 obtentu
1126 5467 1323 5520 lucrum
1340 5481 1491 5519 suum
1512 5465 1721 5522 ﬁrmare
1739 5467 2001 5521 volebant.
2025 5468 2224 5522 Deinde

662 5564 851 5619 leuiter
871 5558 1174 5630 perstringit
1197 5573 1321 5622 eos;
1355 5557 1642 5611 ostendens
1664 5558 1781 5613 illos
1800 5559 1998 5627 absque
2022 5562 2226 5615 ratione

660 5649 992 5708 convenisse.
1024 5646 1091 5701 Et
1118 5649 1263 5711 nihil,
1296 5648 1485 5719 inquit,
1524 5658 1703 5702 temere
1730 5666 1894 5719 agere.
1925 5652 2222 5707 Ostendens

663 5762 757 5801 eos
779 5744 1069 5816 petulanter
1098 5742 1287 5811 egisse,
1322 5741 1421 5794 hoc
1450 5741 1599 5796 dixit.
1632 5742 1777 5807 Quod
1797 5744 1837 5795 si
1870 5742 2151 5797 Demetrius
2178 5753 2225 5795 et

664 5838 746 5908 qui
776 5852 886 5890 cum
903 5851 960 5890 eo
982 5847 1121 5900 sunt,
1150 5835 1328 5888 habent
1355 5836 1589 5889 adversus
1617 5836 1832 5907 aliquem
1853 5851 2077 5903 causam,
2108 5850 2222 5905 prae

1348 422 1401 477 S.
1438 414 1711 475 JOANNIS
1758 403 2229 467 CHRYSOSTOMI
2279 399 2594 459 ARCHIEP.
2633 392 3164 453 CONSTANTINOP.

3790 381 3897 436 500

2314 515 2542 571 consules
2575 522 2710 566 sunt.
2742 510 2854 564 liae
2897 509 2965 563 de
3017 522 3077 562 re
3124 504 3336 574 culpat,
3368 511 3423 557 et
3450 497 3741 554 ostendens
3783 510 3895 549 non

2313 616 2560 677 oportere
2583 604 2913 675 privatorum
2934 600 3216 654 criminum
3237 609 3394 675 causa
3416 606 3753 649 communem
3780 590 3900 643 ﬁeri

2313 705 2651 752 conventum.
2686 692 2825 745 Nam
2852 691 3134 759 periculum
3158 697 3250 753 est,
3282 685 3470 755 inquit,
3496 700 3556 737 ne
3578 695 3899 735 accuseumr.

2314 788 2425 844 Hac
2452 804 2509 842 re
2538 787 2656 841 illos
2680 786 2730 839 in
2758 783 3030 853 angustias
3054 781 3291 850 conjicit.
3314 776 3441 831 Cum
3459 774 3603 828 nulla
3628 774 3693 828 sit
3714 788 3899 831 causa.

2316 882 2514 952 inquit,
2559 880 2622 933 de
2658 894 2755 948 qua
2783 876 3033 946 possimus
3062 875 3216 943 hujus
3243 872 3483 925 tumultus
3506 866 3754 921 rationem
3781 863 3902 917 red-

2315 976 2452 1029 dere.
2494 973 2625 1027 Vide
2671 985 2827 1041 quam
2880 967 3170 1037 prudenter
3216 963 3299 1019 vel
3348 960 3592 1017 inﬁdeles.
3633 959 3900 1012 rationem

2316 1064 2562 1126 reddant,
2606 1072 2659 1117 et
2699 1076 2858 1132 quam
2888 1060 3179 1128 sapienter.
3226 1056 3316 1110 Sic
3358 1057 3589 1108 furorem
3618 1048 3901 1105 exstinxit.

2318 1153 2387 1212 ιη
2405 1160 2547 1211 enim
2572 1154 2725 1208 facile
2747 1151 3076 1213 accenditur,
3102 1146 3320 1218 perinde
3341 1144 3494 1199 facile
3518 1141 3898 1209 exstinguitur.

2318 1244 2386 1299 Et
2429 1247 2507 1299 his
2547 1245 2694 1297 dictis
2737 1253 2917 1297 coetum
2946 1239 3110 1295 solvit.
3154 1236 3340 1291 Viden'
3373 1236 3536 1289 Deum
3577 1234 3904 1286 tentationes

2321 1338 2650 1406 permittere.
2684 1351 2746 1389 ac
2774 1350 2868 1403 per
2896 1333 3011 1386 illas
3048 1329 3343 1398 discipulos
3368 1325 3600 1381 excitare
3628 1333 3681 1377 et
3713 1320 3904 1392 vigiles

2318 1430 2574 1497 reddere,
2618 1445 2679 1483 ac
2724 1427 3075 1482 ferventiores
3118 1421 3365 1478 efﬁcere?
3394 1420 3471 1474 Ne
3494 1432 3621 1488 ergo
3650 1415 3905 1471 concida-

2317 1535 2435 1575 mus
2462 1520 2514 1574 in
2548 1518 2932 1575 tentationibus
2958 1535 2971 1570 :
2998 1517 3112 1587 ipse
3148 1526 3378 1582 namque
3407 1509 3606 1566 exitum
3635 1507 3817 1573 dabit,
3846 1513 3907 1561 ut

2316 1613 2580 1682 possimus
2608 1612 2892 1666 sustinere.

2384 1701 2645 1759 Erumna
2667 1705 2856 1757 aulicos
2884 1701 3116 1755 devincit.
3142 1696 3464 1768 Comparatio
3490 1695 3672 1749 domus
3697 1692 3905 1763 nuptia-

2315 1810 2428 1847 rum
2461 1811 2577 1847 cum
2622 1795 2772 1848 domo
2824 1790 3260 1847 luctus.——Nihil
3304 1790 3377 1843 ita
3417 1788 3620 1841 amicos
3665 1783 3906 1839 devincit

2314 1896 2371 1942 et
2411 1888 2687 1957 conjungit
2722 1896 2780 1941 ut
2817 1900 3084 1947 :crumna;
3123 1883 3253 1938 nihil
3296 1883 3369 1936 ita
3412 1879 3645 1934 fidelium
3689 1877 3904 1931 animos

2314 1982 2628 2051 constringit
2656 1990 2711 2035 et
2738 1981 2980 2051 colligat;
3024 1979 3158 2033 nihil
3190 1977 3345 2033 nobis
3372 1974 3679 2031 doctoribus
3701 1985 3906 2042 oppor-

2314 2070 2517 2136 tunius,
2548 2081 2606 2126 ut
2633 2070 2771 2127 dicta
2802 2080 2983 2126 nostra
3004 2070 3307 2124 audiantur.
3332 2066 3559 2122 Auditor
3580 2064 3727 2118 enim
3756 2070 3907 2116 trano

2320 2164 2486 2233 quille
2511 2178 2677 2234 agens
2715 2164 2891 2219 mollis
2915 2170 3001 2219 est
3027 2170 3083 2217 et
3120 2162 3372 2230 ignavus,
3412 2169 3465 2214 et
3502 2156 3730 2212 moleste
3758 2153 3905 2209 ferre

2316 2254 2522 2310 videtur
2545 2266 2844 2319 oratorem;
2879 2255 2930 2309 in
2958 2253 3216 2308 aerumnis
3239 2267 3369 2307 vero
3391 2259 3447 2304 et
3466 2246 3736 2317 angustiis.
3755 2246 3905 2316 posi-

2317 2353 2420 2410 tus,
2451 2346 2501 2401 in
2527 2346 2748 2400 multum
2772 2344 3025 2399 audiendi
3046 2342 3369 2398 desiderium
3393 2340 3594 2395 incidit.
3618 2336 3750 2393 Nam
3775 2350 3906 2391 cum

2316 2436 2526 2507 angitur
2556 2437 2789 2502 animus,
2823 2436 3056 2506 undique
3083 2432 3505 2489 consolationem
3533 2429 3759 2496 quarrit;
3792 2442 3908 2483 non

2320 2529 2594 2583 minimam
2640 2538 2819 2584 autem
2873 2542 3052 2583 sermo
3102 2525 3258 2581 aﬁ'crt
3303 2521 3745 2580 consolationem.
3795 2520 3912 2575 Cur

2317 2632 2466 2687 ergo,
2498 2618 2726 2688 inquies,
2758 2617 2931 2672 Judaei
2957 2631 3077 2670 cum
3101 2614 3485 2685 afﬂigerentur,
3527 2626 3595 2668 ex
3626 2608 3908 2681 pusillani-

2318 2708 2505 2764 mitate
2545 2724 2651 2764 non
2697 2708 3023 2764 audiebant?
3064 2707 3197 2775 Quia
3234 2706 3406 2761 Judaei
3445 2711 3636 2768 erant,
3686 2718 3910 2772 semper

2319 2800 2612 2856 imbecilles
2632 2811 2685 2855 et
2708 2801 2888 2855 miseri
2915 2817 2929 2854 :
2952 2798 3186 2869 alioquin
3208 2813 3335 2853 vero
3356 2811 3545 2866 magna
3569 2794 3637 2849 ibi
3660 2796 3908 2864 angustia

2316 2902 2463 2957 erat;
2496 2892 2651 2946 nobis
2669 2901 2847 2946 autem
2865 2891 2933 2946 de
2956 2890 3208 2946 mediocri
3232 2897 3314 2944 est
3333 2904 3531 2943 sermo.
3553 2886 3683 2942 Vide
3705 2902 3907 2957 porro:

2317 2982 2703 3051 exspectabant
2746 2980 2822 3035 illi
2865 2980 3078 3035 liberari
3105 2995 3134 3033 a
3165 2979 3317 3034 malis
3346 2978 3698 3049 praesentibus
3720 3018 3733 3039 ,
3767 2987 3823 3031 et
3853 2978 3907 3031 in

2318 3072 2561 3141 graviora
2589 3073 2867 3126 innumera
2895 3071 3201 3125 incidebant
3222 3088 3236 3125 :
3261 3071 3361 3125 hoc
3388 3080 3566 3124 autem
3589 3085 3692 3123 non
3715 3068 3911 3125 leviter

2318 3164 2552 3218 animum
2595 3164 2645 3217 in
2689 3179 2974 3219 maerorem
3005 3163 3183 3217 trahit.
3214 3162 3493 3218 JEruniua:
3524 3177 3623 3217 nos
3648 3163 3716 3218 ab
3746 3163 3911 3231 hujus

2321 3256 2503 3309 mundi
2530 3253 2721 3309 affectu
2751 3254 3069 3310 abstrahunt
3096 3255 3308 3308 :statim
3341 3269 3469 3308 vero
3506 3264 3732 3309 mortem
3766 3255 3911 3323 peti-

2320 3359 2470 3408 mus,
2507 3359 2605 3399 nec
2647 3360 2830 3399 sumus
2856 3345 3100 3414 corporis
3126 3354 3420 3411 amatores;
3447 3346 3588 3416 quod
3621 3356 3703 3402 est
3733 3346 3911 3417 philo-

2320 3435 2525 3506 sophia:
2552 3450 2674 3505 pars
2702 3437 2956 3502 maxima,
2984 3452 3088 3491 non
3116 3436 3353 3504 deditum
3378 3453 3477 3491 nec
3495 3437 3761 3493 addictum
3786 3454 3911 3496 esse

2321 3530 2569 3599 prmseuti
2599 3531 2741 3583 vitae.
2776 3528 2983 3583 Afﬁicta
3010 3529 3187 3583 anima
3213 3545 3316 3583 non
3338 3530 3452 3583 vult
3472 3531 3652 3584 multis
3674 3531 3910 3601 hzerere,

2322 3621 2415 3676 sed
2444 3624 2833 3677 recreationem
2858 3631 3061 3677 tantum
3087 3622 3370 3693 quamdam
3397 3630 3451 3677 et
3470 3623 3701 3691 quietem
3728 3635 3911 3682 amat:

2319 3722 2466 3783 optat
2494 3727 2521 3765 a
2553 3712 2907 3783 praesentibus
2936 3714 3106 3784 eripi,
3139 3713 3348 3768 etiamsi
3377 3714 3508 3769 nihil
3540 3714 3683 3769 aliud
3715 3718 3804 3771 sit.
3837 3716 3913 3774 Ut

2320 3819 2512 3873 corpus
2538 3804 2884 3874 defatigatum
2934 3814 2989 3859 et
3034 3805 3085 3858 in
3130 3806 3344 3860 miseria
3372 3798 3619 3871 versans,
3655 3823 3760 3861 non
3795 3811 3913 3867 vult

2321 3909 2501 3949 amare
2529 3909 2628 3949 nec
2660 3896 2831 3949 ventri
2858 3895 3081 3960 servire,
3114 3896 3210 3950 sed
3238 3898 3514 3966 quiescere
3539 3906 3594 3951 et
3624 3898 3914 3969 tranquille

2320 4001 2479 4055 agere
2513 4006 2523 4039 :
2555 3988 2632 4042 sic
2670 3998 2725 4041 et
2762 3988 2937 4041 anima
2980 3988 3275 4041 innumeris
3316 3999 3579 4043 macerata
3622 3990 3805 4053 malis,
3838 3993 3909 4045 ad

2320 4078 2550 4147 quietem
2572 4089 2625 4131 et
2654 4079 3092 4147 tranquillitatem
3122 4077 3355 4132 festinat.
3379 4077 3495 4145 Illa,
3514 4095 3632 4149 quae
3650 4081 3702 4134 in
3724 4081 3913 4150 quiete

2319 4171 2446 4239 agit,
2480 4170 2689 4240 stupida
2713 4180 2811 4235 est,
2847 4172 3112 4236 turbatur,
3136 4172 3379 4225 sublimis
3409 4174 3603 4238 fertur;
3636 4173 3752 4230 lucc
3777 4190 3915 4231 vero

2323 4263 2453 4317 nihil
2499 4263 2562 4317 ad
2617 4263 2758 4332 quod
2809 4263 3016 4326 inhiet,
3070 4263 3201 4316 nihil
3248 4263 3447 4317 fluxum
3500 4264 3743 4331 habens,
3792 4276 3908 4320 tot:-

2321 4356 2734 4424 constringitur,
2774 4370 2873 4409 nec
2902 4355 3129 4409 sublime
3154 4357 3295 4425 sapit
3320 4376 3331 4407 :
3356 4366 3409 4409 et
3438 4357 3526 4410 illa
3553 4358 3761 4424 fortior,
3790 4358 3912 4414 hrrc

2324 4446 2575 4514 puerilior
2614 4457 2726 4509 est;
2775 4446 2859 4499 illa
2899 4447 3145 4513 gravior,
3199 4448 3311 4501 hmc
3356 4449 3543 4503 levior.
3586 4444 3656 4503 Et
3689 4449 3829 4504 sicut
3861 4451 3910 4506 Si

2324 4539 2447 4609 quid
2475 4539 2533 4593 in
2561 4539 2871 4608 profundam
2896 4556 3085 4607 aquam
3110 4540 3329 4608 incidat,
3355 4544 3396 4594 si
3422 4542 3540 4596 leve
3560 4541 3629 4597 sit
3649 4540 3909 4600 ﬂuctuat:

2324 4633 2402 4685 sic
2432 4641 2485 4686 et
2512 4633 2684 4686 anima
2730 4636 2779 4686 in
2810 4632 3057 4702 gaudium
3100 4634 3325 4688 multum
3368 4634 3628 4691 incidens.
3675 4635 3919 4693 Maxima

2325 4737 2453 4777 vero
2476 4733 2687 4792 peccata
2715 4740 2742 4776 a
2771 4724 2937 4777 multa
2962 4726 3232 4793 voluptate
3262 4725 3413 4780 nobis
3436 4728 3563 4781 oriri
3589 4727 3776 4784 videre
3799 4745 3909 4791 eat.

2327 4814 2420 4879 Et,
2471 4816 2512 4869 si
2565 4816 2770 4884 placet,
2819 4817 3009 4870 domos
3057 4817 3190 4871 duas
3234 4819 3639 4883 describamus;
3679 4822 3910 4877 alteram

2326 4906 2667 4974 nuptiarum,
2716 4907 2939 4959 alterum
2976 4907 3183 4973 luctus:
3212 4908 3261 4960 in
3296 4918 3576 4980 utramque
3606 4921 3788 4967 mente
3828 4916 3911 4968 iu-

2325 4996 2626 5063 grcdiamur
2652 5015 2663 5050 :
2688 4998 2963 5049 videamus
2993 5010 3105 5051 utra
3153 5000 3221 5051 sit
3250 5001 3458 5055 melior.
3491 5000 3687 5057 Luctus
3710 5002 3912 5061 domus

2328 5086 2626 5139 invenietur
2653 5086 2988 5156 philosophia
3017 5089 3189 5156 plena,
3220 5090 3411 5145 domus
3440 5108 3569 5146 vero
3599 5098 3912 5163 nuptiarum

2327 5179 2673 5247 turpittdnc.
2715 5179 2843 5234 Vide
2885 5186 3345 5253 namquezturpia
3391 5186 3497 5239 illic
3543 5188 3701 5240 verba
3749 5203 3912 5253 sunt,

2327 5269 2465 5320 risus
2512 5268 2835 5336 inconditus,
2876 5286 3089 5339 gressus
3132 5274 3491 5342 incompositi,
3535 5278 3696 5331 vestis
3733 5291 3789 5333 et
3830 5282 3915 5333 in-

2326 5372 2507 5411 cessus
2544 5359 2867 5426 turpitudine
2896 5362 3113 5429 plenus,
3143 5374 3325 5433 gestus
3358 5364 3560 5419 insania
3594 5376 3649 5421 ct
3676 5368 3914 5424 stultitia

2327 5453 2489 5505 multa
2518 5470 2529 5505 :
2557 5453 2606 5505 in
2650 5469 2854 5508 summa
2887 5456 3019 5509 nihil
3065 5457 3158 5519 ibi,
3209 5472 3366 5526 quant
3408 5459 3548 5513 risus
3592 5468 3646 5513 et
3684 5460 3913 5516 deris-io.

2328 5540 2441 5596 Non
2494 5543 2559 5596 dc
2601 5544 2729 5611 ipsis
2769 5547 2966 5615 nuptiis
3008 5547 3160 5611 dico,
3206 5548 3372 5614 absit;
3414 5549 3506 5604 sed
3544 5549 3611 5604 de
3650 5550 3749 5616 iis,
3793 5570 3917 5622 qua:

2331 5636 2539 5704 nuptias
2580 5640 2919 5692 comitantur.
2972 5640 3122 5694 Tunc
3162 5652 3347 5694 natura
3388 5641 3750 5697 debacchatur
3779 5664 3790 5697 :
3823 5649 3918 5715 qui

2330 5726 2525 5780 adsunt
2557 5744 2617 5779 ex
2692 5732 2953 5785 =~minibus
2989 5731 3141 5785 bruta
3182 5731 3351 5799 ﬁunt,
3397 5734 3484 5787 alii
3529 5745 3586 5787 ut
3622 5735 3744 5803 equi
3790 5735 3917 5792 hin-

2300 5876 2303 5883 η
2338 5818 2505 5886 niunt,
2528 5821 2615 5876 alii
2640 5836 2687 5876 ui
2714 5824 2843 5878 asini
2868 5824 3142 5879 calcitrant
3161 5840 3173 5879 :
3195 5840 3381 5895 magna
3404 5826 3698 5893 dissolutio,
3723 5842 3919 5900 magna
