4094 6336
190 384 291 443 299

207 502 474 570 Ἀχαΐαν,
519 499 890 569 πορεύεσθαι
928 500 1015 565 εἰς
1070 495 1484 565 Ἰεροσόλυμα.
1515 492 1630 545 Οὐκ
1673 489 1756 543 ἔτι
1787 491 1887 544 ἀν-

195 589 487 662 θρωπίνως
518 590 762 645 ἐνταῦθα
785 592 947 652 ποιεῖ,
977 587 1114 642 ἀλλά
1147 586 1429 655 Πνεύματι
1454 624 1472 649 ,
1499 578 1545 653 ᾧ
1569 583 1666 637 xal
1698 580 1887 653 προεί-

195 679 319 731 λετο
344 678 601 732 διελθεῖν.
635 678 807 732 Τοῦτο
840 676 950 748 γάρ
974 679 1089 729 ἐστι
1114 674 1203 738 τὸ,
1239 673 1472 738 Ἐθετο,
1503 672 1601 725 καὶ
1627 669 1885 741 τοιαύτην

193 769 223 820 ό
249 766 409 835 λόγος
439 766 655 821 ἔννοιαν
680 766 814 838 ἔχει.
844 766 1003 828 Τίνος
1043 764 1101 817 δὲ
1137 764 1323 817 ἕνεκεν
1365 759 1690 815 ἀποστέλλει
1718 758 1888 829 Τιμό-

138 890 153 905 .
194 853 316 908 θεον
349 854 452 909 καὶ
476 856 775 925 Ἔραστον,
821 854 883 907 οὐ
930 852 1111 922 λέγει’
1150 852 1274 924 ἐμοὶ
1324 851 1383 905 δὲ
1420 850 1569 903 δοκεῖ
1612 848 1707 902 καὶ
1757 849 1889 917 περὶ

191 942 388 996 τούτου
417 944 596 996 εἰπεῖν
620 943 702 1005 τὸ,
758 942 861 995 Ἐν
898 941 1219 1010 Πνεύματι.
1267 938 1368 993 Διὸ
1390 936 1605 1008 μηκέτι
1633 934 1886 1006 στέγον·

191 1046 313 1097 τες,
346 1029 775 1099 εὐδοκήσαμεν
792 1028 1266 1098 καταλειφθῆναι
1290 1028 1360 1081 ἐν
1390 1025 1668 1092 Ἀθήναις
1686 1026 1883 1095 μόνοι.

194 1118 305 1172 Kal
331 1120 459 1187 ὅρα,
491 1117 587 1171 δύο
610 1118 720 1171 τῶν
747 1116 1144 1171 διακονούντων
1177 1115 1328 1185 αὐτῷ
1354 1112 1667 1177 ἀπέστειλε,
1698 1113 1798 1184 τήν
1825 1128 1888 1164 τε

191 1206 509 1276 παρουσίαν
582 1206 915 1273 ἀπαγγεῖλαι
986 1204 1081 1259 καὶ
1140 1202 1584 1275 προθυμοτέρους
1631 1201 1884 1272 ποιῆσαι.

193 1294 455 1351 Μάλιστα
494 1297 714 1350 πάντων
751 1298 819 1366 τῇ
854 1293 1010 1365 Ἀσία
1036 1292 1397 1365 ἐνδιατρίϐειθ
1452 1292 1717 1355 εἰκότωςο
1770 1292 1890 1345 ἐκεῖ

194 1384 302 1453 γὰρ
350 1380 424 1455 ἦν
471 1386 506 1453 ἡ
549 1381 719 1452 πολλὴ
753 1381 957 1452 φατρία
1000 1381 1113 1435 τῶν
1162 1380 1489 1449 φιλοσόφων.
1543 1380 1655 1433 Kal
1690 1377 1884 1447 ἐλθὼν,

192 1474 355 1527 πάλιν
395 1474 587 1537 αὐτοῖς
624 1472 895 1541 διελέγετο
916 1490 929 1503 ·
974 1472 1069 1527 καὶ
1099 1472 1208 1544 γὰρ
1236 1472 1406 1544 πολλὴ
1428 1468 1496 1544 ἦν
1530 1473 1649 1525 ἐκεῖ
1674 1473 1708 1543 ἡ
1732 1471 1888 1525 δεισι·

191 1561 468 1631 δαιμονία.
527 1561 857 1631 Δημήτριος
916 1561 1027 1631 γάρ
1077 1579 1188 1627 τις,
1218 1562 1407 1631 φησὶν,
1448 1562 1885 1631 ἀργυροκόπος,

192 1651 614 1718 συναθροίσας
642 1649 785 1716 τοὺς
808 1650 944 1718 περὶ
980 1651 1052 1704 τὰ
1082 1650 1332 1705 τοιαῦτα
1375 1651 1653 1721 ἐργάτας,
1680 1650 1883 1704 εἶπενο

197 1736 474 1805 Ἄνδρες,
498 1737 833 1793 ἐπίστασθε
852 1737 953 1791 καί
997 1738 1265 1807 θεωρεῖτε
1304 1740 1403 1793 καί
1426 1739 1679 1793 ἀκούετε
1697 1754 1713 1770 ·
1740 1735 1887 1790 οὕτω

192 1826 499 1896 κατάδηλον
545 1822 614 1897 ἦν
669 1826 733 1879 τὸ
788 1827 1106 1897 γινόμενονο
1160 1828 1295 1883 Ὀτι
1350 1824 1554 1893 οὗτος,
1608 1826 1797 1896 φησὶν,
1848 1828 1883 1880 ό

194 1915 443 1978 Παῦλος
476 1915 699 1981 πείσας
724 1915 1111 1985 μετέστησεν
1131 1916 1345 1969 ίκανὸν
1380 1915 1589 1982 ὄχλον.
1624 1914 1791 1967 Ὥστε
1824 1914 1886 1966 οὐ

196 2002 407 2071 βιαίως,
436 2005 484 2056 εἰ
514 2003 756 2056 ἐπεισεψ
780 2002 923 2057 οὕτω
954 2003 1037 2056 δεῖ
1060 2002 1269 2056 πείθειν
1300 2002 1479 2056 πόλιν.
1510 1996 1646 2056 Εἶτα
1682 2002 1881 2071 ἐπάγει

192 2092 328 2160 ὅπερ
347 2091 536 2144 αὐτῶν
570 2090 905 2162 καθήπτετο,
925 2091 1009 2144 ὅτι
1034 2091 1157 2146 Οὐκ
1181 2089 1302 2144 εἰσί
1325 2088 1448 2143 θεοὶ
1469 2092 1524 2143 οί
1543 2087 1643 2143 διὰ
1669 2086 1888 2159 χειρῶν

193 2180 520 2247 γινόμενοι.
546 2179 613 2231 Τί
638 2180 753 2231 ἐστι
782 2178 973 2243 τοῦτο;
1014 2177 1359 2249 ’Δνατρέπει,
1391 2176 1547 2246 φησι,
1570 2175 1670 2246 τὴν
1689 2175 1887 2246 τέχνην

193 2264 290 2336 τὴν
322 2265 630 2336 ἡμετέραν.
681 2265 793 2317 Καὶ
837 2265 925 2318 ἵνα
956 2266 1033 2336 μὴ
1057 2267 1375 2334 ἐννοήσωσι,
1407 2266 1503 2318 καὶ
1526 2262 1776 2327 εἴπωσιν,
1804 2263 1887 2315 ὃτι

196 2352 355 2420 μόνος
379 2350 673 2422 ἄνθρωπος
698 2351 925 2406 τοιαῦτα
970 2351 1169 2423 ἰσχύει,
1201 2352 1297 2405 καὶ
1328 2353 1377 2405 εἰ
1405 2348 1659 2405 τοσοῦτον
1688 2349 1885 2421 ἰσχύει,

194 2438 341 2509 αὐτῷ
362 2438 453 2493 δεῖ
479 2438 784 2505 πείθεσθαι,
802 2439 1115 2511 ἐπήγαγεν·
1144 2442 1253 2496 Ἠν
1287 2440 1402 2509 ὅλη
1436 2440 1476 2509 ἡ
1505 2440 1681 2494 Ἀσία
1712 2437 1814 2493 καί
1846 2441 1888 2509 ἠ

193 2526 519 2597 οἰκουμένη
569 2527 827 2582 σέϐεται.
863 2526 977 2600 Τὴν
1001 2529 1186 2601 φωνὴν
1213 2528 1395 2582 αὐτῶν
1422 2528 1593 2598 ᾤοντο
1623 2527 1891 2597 ἐπιτειχί-

194 2615 307 2678 ζειν
338 2615 420 2685 τῷ
453 2614 734 2685 Πνεύματι
762 2615 841 2686 τῷ
879 2615 1032 2687 θείῳ,
1067 2616 1221 2679 ὄντες
1253 2616 1443 2679 παῖδες
1461 2615 1747 2687 Ἕλληνες.
1792 2615 1891 2668 Ἐκ

194 2701 396 2772 ταύτης
453 2703 555 2772 τῆς
602 2703 889 2774 ἐργασίας,
943 2704 1132 2775 φησὶν,
1188 2706 1221 2774 ἡ
1260 2704 1489 2773 εὐπορία
1539 2703 1699 2775 ἡμῶν
1750 2704 1889 2756 ἐστι.

197 2789 305 2842 Kal
351 2791 403 2842 εί
454 2789 564 2843 ἀπὸ
590 2790 797 2861 ταύτης
823 2790 927 2860 τῆς
956 2790 1221 2863 ἐργασίας
1244 2791 1479 2863 εὐπορία
1508 2790 1638 2861 ὑμῖν
1673 2789 1894 2860 περιγί-

195 2892 371 2939 νεται,
414 2876 537 2940 πῶς
564 2876 785 2931 ἔπεισεν
818 2876 1107 2947 ἄνθρωπος
1150 2878 1411 2950 εὐτελήςς
1466 2868 1585 2942 πῶς
1621 2879 1892 2949 τοσαύτης

197 2964 475 3035 ἐκράτησε
520 2965 843 3037 συνηθείας;
887 2964 939 3020 τί
983 2966 1155 3020 ποιῶν
1204 2967 1238 3037 ἢ
1266 2968 1319 3020 τί
1356 2968 1568 3035 λέγων;
1624 2967 1738 3020 Οὐκ
1773 2965 1891 3020 ἐστι

199 3052 439 3117 Παύλου,
475 3052 578 3106 οὐκ
610 3053 759 3107 ἐστιν
805 3054 1021 3126 ἀνδρός.
1076 3054 1186 3109 Kal
1228 3054 1388 3109 τοῦτο
1416 3057 1579 3127 ἀρκεῖ
1601 3054 1663 3107 τὸ
1691 3056 1890 3119 εἰπεῖν,

198 3143 278 3195 ὅτι
308 3144 438 3195 Οὐκ
480 3140 603 3195 εἰσί
632 3142 779 3197 θεοί.
805 3143 869 3196 Εἰ
898 3143 999 3213 μιν
1027 3138 1122 3197 οὖν
1151 3142 1327 3207 οὕτως
1358 3142 1678 3216 εὐφώρατον
1698 3144 1762 3197 τὸ
1792 3144 1893 3215 τῆς

198 3225 701 3289 mauu-mam
736 3227 1333 3299 καταγνωσθῆναιωει·
1364 3226 1491 3280 εἰδὲ
1524 3227 1767 3299 ἰσχυρὸν,
1793 3228 1893 3299 οὐχ

199 3314 379 3380 οὕτως
408 3315 773 3387 ἀναιρεθῆναι
800 3317 1034 3388 ταχέως.
1071 3319 1154 3370 Οὐ
1179 3318 1375 3385 μόνον
1404 3315 1494 3379 δὲ,
1532 3318 1687 3385 φησι,
1714 3316 1894 3370 τοῦτο

202 3403 541 3458 κινδυνεύει
575 3404 725 3475 ημῖν
767 3405 837 3459 τὸ
872 3406 1078 3476 μέρος.
1118 3405 1207 3469 Ὠς
1231 3405 1297 3476 δὴ
1340 3404 1393 3457 τί
1433 3422 1563 3459 ποτε
1597 3407 1783 3477 μεῖζον
1807 3405 1892 3458 λέ-

201 3507 331 3559 γων.
364 3491 528 3545 τοῦτο
556 3494 857 3562 ἐπήγαγεν.
890 3493 1296 3559 Ἀκούσαντες
1326 3491 1396 3546 δὲ
1452 3492 1551 3545 καὶ
1582 3495 1892 3563 γενόμενοι

203 3577 456 3645 πλήρεις
476 3581 668 3649 θυμοῦ
697 3580 979 3650 ἔκραζον·
1006 3581 1273 3663 ιΜεγνὶλη
1332 3583 1371 3650 η
1422 3581 1693 3651 Ἄρτεμις
1723 3583 1893 3652 Ἐφε-

204 3668 372 3720 σίων.
411 3668 573 3722 Κατὰ
609 3668 765 3722 πόλιν
815 3669 923 3742 γὰρ
954 3670 1138 3733 αὐτοῖς
1162 3665 1304 3741 ἦσαν
1333 3668 1464 3723 θεοί.
1511 3670 1621 3723 Kal
1640 3669 1784 3723 οὕτω
1814 3670 1894 3723 δι-

207 3753 434 3819 ἔκειντο,
463 3756 539 3821 ὡς
564 3757 653 3810 διὰ
678 3757 778 3828 τῆς
805 3758 991 3829 φωνῆς
1015 3756 1393 3829 ἀνακτώμενοι
1420 3758 1481 3812 τδ
1512 3757 1678 3824 σέϐας
1698 3759 1889 3830 αὐτῆς,

208 3845 296 3898 καὶ
320 3844 389 3897 τά
414 3845 761 3915 γεγενημένα
790 3845 1139 3909 ἀναλύοντες.

272 3932 494 4003 τ’.ὐρα
524 3933 758 3987 ἄτακτον
794 3933 1016 4003 πλῆθος.
1046 3933 1159 3987 Τοῦ
1180 3932 1249 3986 δὲ
1268 3933 1538 4000 Παύλου,
1570 3934 1726 4005 φησὶ,
1747 3934 1893 3999 βου-

207 4019 465 4087 λομένου
488 4019 789 4073 εἰσελθεῖν
816 4023 905 4086 εἰς
936 4021 1044 4073 τὸν
1072 4018 1288 4089 δῆμον,
1314 4022 1427 4075 οὐκ
1447 4022 1589 4075 εῑων
1616 4022 1805 4077 αὐτόν
1834 4026 1890 4078 οι

202 4107 481 4175 μαθηταί.
513 4107 573 4160 Ὀ
597 4108 696 4177 μὲν
721 4103 816 4161 οῦν
843 4107 1060 4172 Παῦλος
1084 4108 1338 4161 ἐϐούλετο
1364 4108 1629 4163 εἰσελθεῖν
1655 4110 1891 4182 δημηγο-

209 4195 368 4264 ρῆσαι
390 4211 404 4223 ’
426 4193 577 4265 [Sil]
601 4196 728 4259 τοὺς
754 4197 864 4265 γὰρ
894 4195 1169 4265 διωγμοὺς
1196 4197 1505 4268 ἐλάμϐανεν
1531 4199 1611 4261 εἰς
1630 4198 1891 4253 διδασκα-

206 4281 321 4336 λίαν
339 4299 353 4312 °
377 4282 498 4335 ἀλλ’
524 4283 573 4335 οἰ
600 4282 843 4354 μαθηταὶ
863 4280 964 4337 οὐκ
988 4286 1115 4337 ετων
1133 4284 1316 4338 αὐτόν.
1344 4285 1567 4349 Σκόπει,
1594 4285 1735 4360 πόσῃ
1762 4289 1891 4358 περὶ

205 4371 363 4425 αὐτὸν
380 4371 608 4443 προνοίᾳ
638 4372 933 4442 κέχρηνται
967 4372 1266 4444 πανταχοῦ.
1290 4374 1401 4427 Kal
1428 4374 1486 4441 ἐξ
1509 4374 1687 4446 ἀρχῆς
1723 4377 1889 4431 αὐτὸν

204 4458 492 4530 ἐξήγαγον,
526 4458 667 4513 ῶστε
700 4462 774 4532 μὴ
800 4463 929 4531 περὶ
958 4463 1026 4514 τὰ
1048 4463 1241 4533 καίρια
1293 4461 1481 4515 λαϐεῖν
1508 4464 1607 4532 τὴν
1635 4464 1850 4535 πληγήν
1870 4478 1883 4492 ⁸

204 4547 377 4601 καίτοι
411 4564 477 4616 γε
529 4548 789 4617 ἡκουσαν,
843 4550 926 4603 ὅτι
978 4550 1058 4603 δεῖ
1114 4552 1211 4604 καὶ
1255 4549 1475 4621 Ῥώμην
1526 4549 1685 4603 ἰδεῖν·
1737 4551 1889 4623 ὅμως

204 4635 523 4689 κωλύουσιν.
587 4637 962 4707 Οἰκονομικῶς
1016 4637 1071 4690 δέ
1117 4638 1503 4708 προαγορεύει,
1564 4638 1651 4691 ἵνα
1684 4638 1758 4709 μὴ
1811 4638 1887 4709 τῷ

204 4724 482 4794 γενομένῳ
511 4723 907 4794 θορυϐηθῶσιν.
937 4724 1125 4789 Οῦτως
1159 4724 1280 4779 οὐδὲ
1326 4725 1558 4795 πάσχειν
1612 4743 1665 4779 τι
1723 4726 1887 4781 αὐτὸν

205 4811 485 4865 ἐϐούλοντο
517 4812 567 4865 ι».
595 4812 705 4865 Καὶ
742 4810 861 4866 τῶν
893 4811 1201 4882 ἀσιαρχῶν
1229 4812 1297 4867 δέ
1318 4830 1481 4879 τινες
1502 4813 1888 4881 παρεκάλουν

202 4902 408 4965 αὑτὸν,
442 4902 598 4969 φησὶ,
645 4900 732 4969 μὴ
787 4901 1087 4955 εἰσελθεῖν
1126 4904 1213 4966 εἰς
1260 4902 1326 4955 τὸ
1358 4902 1625 4971 θέατρον.
1672 4903 1887 4967 Εἰδότες

204 4988 367 5040 αὐτοῦ
398 4989 501 5060 τὴν
532 4988 863 5058 προθυμίαν,
894 4988 1240 5059 παρεκάλουν
1260 5006 1274 5020 ’
1323 4990 1467 5044 οὔτω
1495 4992 1696 5055 πάντες
1722 4991 1885 5045 αὐτὸν

204 5075 418 5140 ἐφίλουν
462 5078 512 5128 οί
555 5075 757 5128 πιστοί.
793 5076 900 5129 Kal
949 5078 1095 5141 τίνος
1124 5078 1331 5143 ἕνεκεν,
1363 5080 1600 5149 φησὶν,ό
1632 5080 1885 5145 Ἀλέξαν-

204 5162 323 5231 δρος
370 5162 625 5216 ἐϐούλετο
656 5165 1041 5233 ἀπολογεῖσθαι
1063 5181 1088 5232 ,'
1123 5167 1196 5238 μὴ
1226 5167 1336 5238 γὰρ
1381 5167 1544 5230 αὐτὸς
1577 5168 1881 5239 ἐνεκλήθη;

207 5251 362 5303 Ὥστε
412 5253 604 5322 καιρὸν
654 5253 850 5324 εὑρεῖν,
883 5254 978 5305 καὶ
1009 5254 1070 5306 τὸ
1104 5256 1211 5308 πᾶν
1242 5255 1617 5326 καταστρέψαι
1666 5257 1761 5309 καὶ
1794 5260 1886 5311 ὲκ-

205 5340 401 5391 καῦσαι
434 5339 529 5391 τοῦ
580 5340 754 5411 δήμου
802 5341 895 5394 τὸν
940 5340 1132 5412 θυμόν.
1193 5339 1345 5405 Εἶδες
1392 5342 1564 5413 θυμὸν
1617 5343 1883 5413 άτακτον;

206 5425 399 5489 Καλῶς
426 5428 522 5479 καὶ
547 5428 943 5497 ἐπιτιμητικῶς
977 5432 1005 5482 ό
1042 5432 1429 5501 γραμματεὺς,
1459 5432 1557 5497 Τίς
1589 5431 1742 5493 ἔστι.
1776 5452 1883 5504 φη-

209 5514 306 5578 σὶν,
358 5514 431 5580 ὃς
485 5516 559 5569 οὐ
616 5514 897 5585 γινώσκει
944 5516 1060 5585 τὴν
1108 5517 1402 5586 Ἐφεσίων
1438 5521 1657 5583 πόλιν;
1697 5520 1887 5586 Οὕτως

210 5601 369 5653 εἰπὼν
419 5604 549 5674 περὶ
586 5594 648 5655 οὗ
679 5602 1000 5672 ἐφοϐοῦντοο
1030 5605 1165 5658 ὡσεὶ
1216 5606 1420 5674 ἔλεγεν⁴
1454 5608 1530 5660 Οὐ
1556 5608 1883 5679 θεραπεύετε

211 5690 403 5753 αὐτήνς
451 5691 563 5744 Kal
598 5692 699 5745 οὐκ
730 5689 871 5759 εἷπε,
914 5694 1012 5757 Τίς
1048 5695 1157 5766 γάρ
1210 5695 1381 5759 ἐστιν,
1416 5694 1475 5758 ὃς
1507 5696 1567 5747 οὐ
1624 5696 1886 5766 γινώσκει

210 5777 301 5843 τὴν
338 5779 637 5848 Ἀρτεμιν;
678 5779 836 5843 ἀλλὰ,
868 5780 987 5850 Τὴν
1010 5782 1192 5835 πόλιν
1237 5781 1337 5853 τὴν
1377 5784 1682 5855 ἡμετέραν·
1726 5784 1886 5857 θερα-

215 5864 383 5918 πεύων
439 5866 661 5930 αὐτούς.
711 5868 1183 5946 Ἀναντιρῤήτων
1220 5866 1335 5925 οὖν
1394 5873 1621 5927 τούτων
1672 5874 1883 5943 ὄντων,

262 5998 294 6071 ⁸·
318 5998 450 6048 Unus
469 5968 918 6071 τό-τῇς
984 6004 1012 6047 b
1042 6003 1177 6056 Idem
1225 6004 1564 6067 θορυϐηθῶσιν·
1590 6004 1693 6055 ω’
1730 6007 1883 6067 οὕτως

218 6064 402 6125 πάσχειν
424 6080 468 6112 τι
490 6064 637 6113 αὐτὸν
659 6064 896 6115 ἐϐούλετο.

1300 378 1370 434 1N
1411 374 1594 432 ACTA
1632 364 2179 429 Αροετοιοιιυυ.
2215 360 2451 419 1105111...
2492 360 2653 417 XLH.

3586 356 3696 413 300

1990 482 2135 539 δέον
2171 481 2345 537 ἐστὶν
2392 478 2551 549 ὑμᾶς
2584 474 3115 547 κατεσταλμένους
3156 476 3473 545 ὑπάρχειν.
3504 472 3693 527 Ταῦτα

1988 572 2150 644 δῆθεν
2170 570 2414 641 ἐγκαλεῖ,
2453 567 2736 641 μονονουχὶ
2773 567 2950 637 λέγων
2970 583 2985 598 ο
3041 565 3107 619 Τί
3134 565 3314 620 τοίνυν
3346 564 3564 634 ζητεῖτε
3616 562 3696 627 ὼς

1992 660 2207 732 ἀδήλων
2238 658 2447 723 δντων;
2501 657 2761 728 φανερδν,
2792 655 2869 719 ὡς
2911 656 2945 727 ἡ
2976 654 3136 728 ὕϐρις
3166 655 3247 717 εἰς
3272 653 3375 726 τὴν
3406 652 3527 706 θεὸν
3572 650 3693 705 δια-

1992 749 2194 804 ϐαίνει.
2251 747 2559 818 Πρόσχημα
2609 747 2709 817 τὴν
2743 743 3027 799 εὐσέϐειαν
3059 743 3344 796 ἐϐούλοντο
3374 742 3552 795 ποιεῖν
3597 738 3693 794 τοῦ

1989 836 2403 909 χρηματισμοῦ,
2435 830 2571 890 Εἶτα
2613 833 2801 905 ἡρέμα
2833 832 3176 887 καθάπτεται
3201 830 3404 897 αὐτῶν,
3452 829 3693 893 δεικνὺς,

1987 928 2071 981 ὅτι
2101 924 2408 994 ἀλογίστως
2454 923 2740 994 συνῆλθον.
2780 922 2893 977 Καὶ
2944 920 3164 991 μηδὲν,
3199 920 3359 991 φησὶ,
3396 916 3695 988 προπετὲς

1986 1012 2294 1083 σφάττειν.
2348 1013 2599 1075 Δεικνὺς,
2630 1014 2713 1065 ὅτι
2748 1010 3041 1085 προπετῶς
3096 1009 3360 1082 ἔπραξαν,
3410 1007 3572 1061 τοῦτο
3607 1003 3693 1061 εἶ-

1989 1118 2114 1156 πεν.
2143 1103 2214 1157 Εἰ
2237 1101 2357 1173 μὲν
2385 1097 2501 1157 οὖν
2536 1099 2867 1171 Δημήτριος
2894 1100 2996 1154 καί
3044 1101 3099 1154 οἰ
3124 1099 3249 1153 σὺν
3274 1095 3438 1177 αὐτῷ
3477 1098 3697 1166 ἔχουσι

1988 1191 2143 1260 ,πρός
2187 1208 2324 1246 τινα
2355 1194 2566 1263 λόγυν,
2621 1190 2961 1246 ἀνθύπατοί
3003 1192 3147 1243 εισι.
3182 1187 3295 1241 Kal
3352 1184 3514 1239 τοῦτο
3545 1184 3695 1251 λέγει

1989 1279 2263 1350 ἐγκαλῶν,
2289 1282 2385 1335 καὶ
2400 1281 2617 1343 δεικνὺς
2636 1281 2722 1333 ὃτι
2748 1282 2849 1332 οὐκ
2872 1280 2979 1332 ἔδει
3006 1276 3295 1332 ἰδιωτικῶν
3321 1273 3695 1345 ἐγκλημάτων

1989 1369 2179 1424 ἐνεκεν
2218 1368 2403 1440 κοινὴν
2437 1368 2738 1439 ἐκκλησίαν
2772 1367 3070 1421 ποιεῖσθαι.
3112 1365 3225 1420 Καὶ
3252 1364 3363 1436 γὰρ
3384 1362 3697 1417 κινδυνεύ-

1987 1475 2156 1528 ομεν,
2198 1457 2385 1527 φησὶν,
2422 1456 2829 1526 ἐγκαλεῖσθαι.
2866 1454 3054 1526 Τούτῳ
3104 1453 3314 1525 σφόδρα
3364 1452 3564 1515 αὐτοὺς
3616 1450 3698 1504 δι-

1986 1547 2293 1617 ηπόρησεν.
2346 1544 2610 1610 Οὐδενὸς
2640 1545 2857 1608 αἰτίου,
2888 1545 3077 1614 φησὶν,
3117 1540 3524 1610 ὑπάρχοντος,
3558 1538 3697 1606 περὶ

1987 1628 2062 1690 οὗ
2097 1633 2485 1703 δυνησόμεθα
2516 1636 2706 1703 λόγον
2758 1632 2973 1687 δοῦναι
3012 1631 3123 1701 τῆς
3163 1628 3527 1699 συστροφῆς
3553 1628 3696 1682 ταύ-

1987 1738 2118 1788 της.
2155 1724 2298 1793 Ὅρα
2349 1722 2468 1786 πῶς
2516 1724 2566 1776 οἰ
2608 1722 2830 1776 ἄπιστοι
2877 1722 3163 1793 φρονίμως
3212 1717 3614 1787 ἀπολογοῦνται
3641 1726 3693 1780 ο,

1989 1812 2107 1875 πῶς
2153 1813 2414 1877 συνετῶς.
2449 1814 2638 1878 Οὐτως
2686 1813 2879 1867 ἔσϐεσε
2924 1812 3019 1866 τὸν
3081 1810 3277 1883 θυμόν.
3331 1811 3548 1882 ’Ὥσπερ
3574 1805 3696 1879 γὰρ·

1989 1900 2192 1973 ῥᾳδίως
2252 1901 2574 1968 ἐξάπτεται,
2630 1900 2775 1955 οὕτω
2826 1902 2921 1955 καὶ
2955 1900 3157 1972 ῥᾳδίως
3202 1898 3512 1952 σϐέννυται.
3579 1895 3695 1951 Kal

1987 1988 2177 2043 ταῦτα
2208 1989 2416 2056 εἰπὼν,
2445 1992 2725 2046 ἀπέλυσε
2750 1990 2867 2061 τὴν
2898 1990 3264 2058 ἐκκλησίαν,
3297 1986 3485 2060 φησίν.
3526 1984 3694 2057 Ὁρᾷς

1984 2077 2080 2131 τὸν
2122 2079 2255 2133 Θεὸν
2312 2078 2706 2152 συγχωροῦντα
2757 2081 2887 2143 τοὺς
2942 2076 3313 2151 πειρασμοῖς,
3350 2074 3446 2129 καὶ
3493 2072 3696 2143 διεγεί-

1989 2182 2156 2237 ροντα
2181 2167 2277 2221 καὶ⁸
2297 2167 2674 2236 ἀφυπνίζοντα
2694 2169 2820 2232 τοὺς
2848 2166 3096 2239 μαθητάς
3117 2165 3329 2229 τούτοις
3349 2164 3445 2218 καὶ
3468 2162 3696 2233 σφοδρο-

1988 2255 2185 2325 τέρους
2212 2254 2618 2328 ἐργαζόμενονς
2679 2256 2772 2328 Μὴ
2801 2256 2867 2327 δὴ
2894 2255 3335 2325 καταπίπτωμεν
3362 2255 3476 2315 τοῖς
3498 2265 3694 2321 πειρω-

1993 2346 2152 2413 σμοῖς
2170 2358 2186 2375 ο
2226 2344 2393 2409 αὐτὸς
2418 2344 2527 2416 γὰρ
2565 2345 2779 2416 ποιήσει
2805 2345 2898 2398 καὶ
2922 2343 3022 2416 τὴν
3048 2341 3273 2397 ἑκϐασιν
3306 2339 3401 2395 τοῦ
3431 2338 3694 2394 δύνασθαι

1990 2431 2340 2501 ὑπενεγκεῖν.

2062 2518 2230 2572 Οὐδὲν
2258 2518 2403 2574 οὕτω
2445 2520 2638 2591 φίλους
2678 2522 2826 2575 ποιεῖ
2858 2521 2955 2575 καὶ
2990 2521 3317 2593 συγκροτεῖ,
3359 2518 3436 2583 ὡς
3460 2516 3640 2586 θλίψις
3675 2531 3690 2546 ·

1991 2605 2144 2659 οὐδὲν
2164 2605 2309 2661 οὕτω
2333 2608 2515 2662 συνδεῖ
2544 2609 2637 2662 καὶ⁵
2659 2608 3104 2679 ἐπισφίγγει·τῶν
3123 2607 3336 2662 πιστῶν
3354 2606 3456 2670 τὰς
3471 2605 3653 2676 ψυχάς
3671 2619 3689 2637 ·

1991 2693 2145 2747 οὐδὲν
2172 2696 2305 2766 ἡμῖν
2323 2698 2437 2761 τοῖς
2467 2695 2811 2762 διδασκάλοις
2835 2697 3009 2761 οὓτως
3041 2696 3350 2769 ἐπιτήδειον
3382 2694 3521 2766 πρὸς
3546 2692 3696 2747 τὸτὰ

1992 2784 2125 2854 παρ’
2146 2785 2303 2855 ἡμῶν
2324 2784 2603 2858 λεγόμενα
2624 2786 2942 2842 ἀκούεσθαι.
2979 2788 3069 2841 Ἐν
3093 2787 3194 2859 μὲν
3214 2786 3325 2857 γὰρ
3347 2785 3535 2840 ἀνέσει
3557 2799 3692 2853 τυγ-

1992 2873 2173 2941 χάνων
2220 2873 2520 2945 ἀκροατὴς,
2586 2874 2787 2946 χαῦνός
2838 2877 2899 2930 τέ
2965 2878 3083 2930 ἐστι
3138 2874 3233 2929 καὶ
3280 2872 3552 2946 ῥάθυμος,
3596 2870 3694 2925 καὶ

1992 2960 2331 3031 ἐνοχλεῖσθαι
2363 2962 2515 3016 δοκεῖ
2552 2965 2710 3037 παρά
2744 2963 2841 3017 τοῦ
2869 2964 3120 3033 λέγοντος
3154 2980 3171 2994 ·
3206 2964 3266 3018 ἐν
3293 2963 3351 3016 δὲ
3384 2960 3566 3031 θλίψει
3598 2958 3695 3014 καὶ

1995 3051 2336 3122 στενοχωρίᾳ
2366 3053 2449 3115 εἰς
2472 3050 2677 3123 πολλὴν
2712 3052 3010 3124 ἐπιθυμίαν
3044 3052 3368 3124 ἀκροάσεως
3401 3049 3691 3121 ἐμπίπτει.

1994 3135 2518 3209 Στενοχωρούμενος
2565 3139 2677 3210 γὰρ
2716 3139 2817 3210 τὴν
2866 3139 3048 3210 ψυχὴν
3072 3178 3087 3203 ,
3136 3136 3482 3209 πανταχόθεν
3539 3135 3696 3208 ζητεῖ

1995 3224 2357 3295 παραμυθίαν
2401 3226 2503 3296 τῆς
2541 3226 2776 3296 θλίψεως
2813 3227 2995 3298 εὑρεῖν
3028 3243 3042 3257 ο
3066 3226 3130 3281 οὐ
3179 3225 3384 3297 μικράν
3433 3223 3491 3277 δέ
3536 3224 3694 3296 φέρει

2004 3309 2165 3378 λόγος
2204 3312 2587 3385 παραμυθίαν.
2646 3314 2712 3368 Τί
2760 3310 2877 3380 οὖν,
2930 3314 3120 3386 φησὶν,
3172 3314 3222 3367 οἰ
3267 3312 3544 3380 ’1ουδαῖοι;
3573 3310 3695 3376 πῶς

1995 3396 2304 3471 θλιϐόμενοι
2342 3401 2452 3454 ἀπὸ
2475 3401 2577 3473 τῆς
2604 3401 2961 3475 όλιγοψυχίας
2986 3402 3090 3457 οὐκ
3120 3402 3359 3474 ἢκουονς
3401 3402 3524 3455 ’Ὁτι
3560 3401 3695 3454 Ἰου-

1993 3485 2133 3539 δαῖοι
2170 3482 2335 3557 ἦσαν,
2366 3489 2417 3541 οἰ
2450 3489 2540 3542 ἀεὶ
2574 3489 2828 3555 ἀσθενεῖς
2866 3490 2962 3544 καὶ
2997 3490 3341 3562 ταλαίπωροι
3370 3507 3387 3523 ο
3419 3489 3600 3554 ἄλλως
3630 3506 3694 3544 τε

1993 3574 2089 3626 καὶ
2106 3574 2190 3628 ὅτι
2210 3574 2305 3627 καὶ
2323 3578 2441 3629 ἐκεῖ
2451 3576 2666 3649 πολλὴὴ
2682 3576 2861 3648 θλῖψις
2886 3566 2978 3650 ἦν,
3001 3579 3134 3650 ἡμῖν
3156 3577 3213 3631 δέ
3232 3576 3385 3652 [522]
3411 3578 3541 3650 περὶ
3562 3594 3693 3651 συμ-

1996 3665 2197 3735 μέτρου
2226 3664 2255 3716 ό
2276 3663 2606 3738 λόγος.”ορα
2642 3666 2771 3738 γάρ·
2804 3666 3217 3739 προσεδόκησαν
3250 3664 3693 3721 ἀπαλλάττεσθαι

1991 3752 2104 3805 τῶν
2127 3756 2472 3827 κατεχόντων
2504 3757 2704 3821 αὐτοὺς
2734 3756 2924 3811 κακῶν
2948 3759 3172 3823 ἐκεῖνοι,
3208 3759 3305 3811 καὶ
3344 3757 3561 3829 μυρίοις
3586 3773 3690 3809 πε-

1996 3843 2246 3914 ριέπεσον
2283 3845 2486 3916 μᾶλλον
2520 3847 2715 3910 δεινοῖς
2744 3862 2759 3877 ο
2793 3844 2954 3901 τοῦτο
2991 3847 3050 3901 δέ
3088 3847 3190 3917 οὐχ
3228 3846 3305 3911 ὡς
3331 3847 3523 3918 ἔτυχεν
3552 3847 3691 3900 ἀπο-

1996 3934 2080 4025 ρεῖ
2099 3930 2300 4025 ψυχὴν.
2327 3934 2399 4025 Δί
2422 3932 2631 4025 θλίψεις
2680 3933 3074 4025 ἀποσχίξουσιν
3126 3936 3304 4025 ἡ
3338 3935 3435 4005 τῆς
3470 3952 3688 4025 συμπα-

1993 4017 2144 4082 θείας
2168 4019 2267 4088 τῆς
2304 4019 2443 4090 πρὸς
2477 4022 2571 4074 τὸν
2613 4022 2863 4091 παρόντα
2890 4022 3099 4093 κόσμον
3129 4038 3142 4052 ο
3181 4017 3384 4086 ε’ὐθέως
3436 4022 3571 4091 γοῦν
3596 4023 3688 4076 τὸν

1990 4104 2223 4160 θάνατον
2264 4108 2565 4178 αἰτοῦμεν,
2601 4111 2698 4163 καὶ
2738 4110 2839 4163 οὐκ
2876 4110 3046 4182 ἐσμὲν
3090 4110 3462 4181 φιλοσώματοι
3500 4127 3514 4142 ο
3547 4111 3687 4181 ὅπερ

1995 4193 2257 4263 μέγιστον
2302 4195 2627 4265 φιλοσοφίας
2693 4199 2863 4269 μέρος
2901 4199 3041 4265 ἐστὶ,
3095 4200 3171 4272 μὴ
3224 4200 3513 4269 κεχηνέναι
3548 4199 3687 4270 μηδὲ

1994 4282 2382 4353 προσδεδέσθαι
2414 4288 2481 4357 τῇ
2524 4285 2777 4358 παρούσῃ
2816 4286 2952 4357 ζωῇ.
2994 4286 3061 4340 Ἡ
3102 4287 3397 4357 θλιϐομένη
3435 4287 3583 4360 ψυχὴ
3622 4289 3685 4341 οὐ

2006 4369 2258 4440 βούλεται
2318 4374 2453 4443 περὶ
2509 4373 2681 4427 πολλὰ
2730 4371 2893 4439 εἶναι,
2959 4375 3073 4427 ἀλλ’
3133 4375 3495 4439 ἀναπαύσεώς
3540 4394 3685 4442 τινος

1995 4460 2157 4528 μόνον
2184 4460 2278 4513 καὶ
2302 4462 2533 4531 ἡσυχίας
2564 4462 2667 4533 ἐρᾷ
2692 4478 2706 4492 ο
2736 4463 3025 4533 ἀγαπητὸν
3060 4463 3199 4534 αὐτῇ
3244 4464 3353 4517 τῶν
3397 4465 3685 4536 παρόντων

1990 4546 2397 4618 ἀπαλλαγῆναι,
2456 4550 2563 4602 κᾶν
2628 4549 2797 4621 μηδὲν
2858 4551 3045 4618 ἕτερον
3204 4551 3685 4635 Καθάπερισῶμα

1991 4637 2302 4707 πεπονηκὸς
2364 4637 2459 4691 καὶ
2512 4638 2934 4709 ταλαιπωρηθὲν
2998 4639 3099 4692 οὐκ
3142 4640 3275 4709 ἐρᾷν
3320 4637 3588 4708 βούλεται,
3619 4642 3680 4694 οὐ

1988 4724 2401 4795 γαστρίζεσθαι,
2434 4725 2552 4778 ἀλλ’
2596 4725 2980 4779 ἀναπαύεσθαι
3038 4728 3135 4781 καὶ
3180 4730 3357 4798 ἡσυχῇ
3406 4728 3625 4782 κεῖσθαι
3662 4746 3678 4760 ⁸

1989 4810 2134 4865 οὕτω
2165 4813 2260 4865 καὶ
2306 4812 2451 4885 ψυχὴ
2502 4814 2719 4885 μυρίοις
2778 4814 3169 4886 ταριχευθεῖσα
3210 4814 3235 4852 ἀ
3270 4818 3483 4881 κακοῖςι
3541 4816 3679 4887 πρὸς

1989 4902 2301 4954 ἀνάπαυσιν
2336 4903 2431 4955 καὶ
2460 4902 2691 4972 ἡσυχίαν
2738 4904 3024 4971 ἐπείγεται
3079 4900 3239 4968 εἶναι.
3276 4905 3338 4957 Ἠ
3398 4906 3456 4957 ἐν
3494 4905 3680 4958 ἀνέσει

1990 4983 2125 5041 οὖσα
2154 4990 2439 5060 ἐπτόηται,
2478 4989 2861 5061 τεθορύϐηται,
2899 4991 3175 5061 μετέωρός
3224 4994 3375 5069 ἐστιν
3400 5009 3412 5021 ⁸
3442 4992 3585 5063 αῦτη
3619 4994 3679 5047 δὲ

1990 5075 2143 5129 οὐδὲν
2166 5078 2396 5147 κεχηνὸς
2418 5078 2618 5147 ἐχουσα
2664 5079 2785 5131 οὐδὲ
2828 5078 3103 5151 διαρρέον,
3160 5080 3256 5151 ὅλη
3282 5082 3678 5152 συνέσφιγκται

1990 5164 2085 5215 καὶ
2112 5164 2266 5233 μένει
2299 5166 2705 5237 ἀμετεώριστος
2752 5183 2765 5197 ·
2805 5170 2893 5221 καί
2928 5171 2961 5239 ἡ
3014 5169 3112 5238 μὲν
3150 5169 3523 5243 ἀνδρειοτέρα,
3554 5175 3588 5244 ἡ
3620 5173 3677 5228 δὲ

1990 5251 2362 5324 παιδικωτέρα
2390 5254 2505 5305 ἐστί
2540 5271 2555 5286 ο
2593 5257 2685 5307 καὶ
2708 5257 2741 5325 ἡ
2768 5256 2865 5325 μὲν
2894 5255 3190 5328 βαρυτέρα,
3214 5261 3247 5329 ἡ
3269 5259 3326 5312 δὲ
3351 5262 3674 5333 κουφοτέρα.

1990 5340 2101 5392 Kal
2131 5341 2386 5412 καθάπερ
2435 5344 2493 5393 ἐν
2532 5342 2713 5413 πολλῷ
2753 5342 2905 5396 ῦδατι
2958 5346 3200 5415 ἐμπεσόν
3244 5365 3297 5401 τι
3342 5348 3543 5417 κοῦφον
3576 5366 3676 5403 σα-

1987 5423 2207 5479 λεύεται
2236 5442 2251 5458 ⁸
2286 5427 2429 5481 οῦτω
2457 5429 2556 5482 καὶ
2595 5430 2676 5493 εἰς
2699 5430 2899 5501 πολλὴν
2940 5434 3116 5503 χαρὰν
3150 5436 3470 5503 ἐμπεσοῦσα
3503 5436 3673 5509 ψυχή.

1988 5515 2100 5567 Καὶ
2120 5516 2188 5569 τὰ
2216 5515 2450 5587 μέγιστα
2487 5518 2543 5571 δὲ
2572 5521 2702 5589 ἡμῖν
2745 5522 3121 5593 ἁμαρτήματα
3170 5526 3279 5578 ἀπὸ
3324 5525 3529 5597 πολλῆς
3553 5528 3676 5597 ἡδο-

1989 5602 2089 5672 νῆς
2121 5605 2466 5675 γεγενημένα
2522 5606 2619 5660 ἱδοι
2652 5625 2737 5671 τις
2783 5609 2869 5663 άν.
2920 5612 3033 5664 Kal
3080 5612 3132 5665 εί
3181 5612 3459 5682 βούλεσθε,
3495 5615 3676 5683 οἰκίας

1990 5691 2406 5764 ὑπογράψωμεν
2425 5694 2539 5762 δύο,
2569 5696 2670 5765 τὴν
2697 5699 2795 5769 μὲν
2827 5699 3172 5771 γαμούντων,
3200 5704 3300 5771 τὴν
3331 5703 3387 5755 δέ
3418 5702 3677 5757 πενθούν⁹

1989 5795 2099 5832 των
2128 5794 2141 5807 ·
2178 5780 2511 5853 εἰσέλθωμεν
2559 5784 2637 5855 τῷ
2672 5785 2817 5858 λόγῳ
2839 5788 2977 5859 πρὸς
3011 5790 3310 5861 ἑκατέρους
3330 5807 3344 5820 ·
3366 5790 3566 5863 ἴδωμεν
3591 5791 3675 5856 τίς

1989 5867 2135 5933 τίνος
2168 5868 2407 5940 βελτίων.
2441 5870 2816 5945 Εὐρεθὴσεται
2850 5878 2957 5949 γὰρ
2985 5880 3018 5949 ἡ
3044 5880 3137 5933 τοῦ
3178 5879 3504 5945 πενθοῦντος
3531 5881 3677 5949 φιλο-

1993 5961 2185 6031 σοφίας
2242 5963 2510 6032 γέμουσα,
2564 5968 2598 6038 ἡ
2655 5969 2713 6021 δε
2768 5969 2863 6022 τοῦ
2912 5971 3216 6042 γαμοῦντος
3261 5970 3671 6045 ἀσχημοσύνης,

2059 6068 2083 6100 ⁸
2121 6068 2488 6132 Ἀπώογοῦνται
2512 6072 2724 6126 dccsliu
2750 6076 3057 6138 quibusdam.
3153 6078 3181 6118 ἀ
3204 6078 3347 6131 Alius
3363 6079 3663 6141 ταραχθεῖσα.
