4120 6334
476 401 573 458 301

473 516 616 588 Ὅρα
671 517 774 585 γάρ
807 530 819 542 ·
853 514 1051 585 αἰσχρά
1115 515 1230 568 ἐκεῖ
1261 527 1288 556 ει
1340 516 1577 585 ῥήματα,
1629 514 1802 582 γέλως
1860 513 2114 578 ἄτακτος,

475 605 691 676 βήματα
713 603 1068 673 ἀτακτότυρα,
1111 603 1274 673 στολὴ
1331 603 1424 656 καὶ
1480 601 1688 672 βάδισις
1734 600 2118 671 ἀσχημοσύνης

471 693 732 763 γέμουσα,
791 693 1043 762 σχήματα
1095 691 1292 762 πολλῆς
1342 689 1526 754 ἀνοίας
1575 692 1669 744 καὶ
1710 689 1917 761 μωρίας
1964 706 1978 720 ·
2022 693 2114 743 καὶ

471 781 606 843 ὅλως
629 779 778 832 οὐδὲν
797 781 984 850 ἕτερον
1029 779 1062 850 ἢ
1115 779 1288 832 πάντα
1342 778 1514 846 γέλως
1555 778 1648 831 καὶ
1701 777 2012 845 κατάγελως
2046 776 2114 828 τά

471 870 604 921 ἐκεῖ.
635 869 745 939 Οὐχ
773 871 802 923 ό
850 869 1048 940 γάμος,
1101 868 1260 937 λέγω,
1306 869 1380 938 μὴ
1427 868 1635 937 γένοιτο
1665 883 1679 898 ·
1713 866 1852 921 ἀλλά
1901 867 1968 919 τά
1991 866 2120 938 περὶ

468 955 557 1008 τὸν
595 955 789 1026 γάμον.
836 953 1255 1024 Ἐκϐακχεύεται
1300 955 1423 1009 τότε
1460 957 1494 1025 ή
1539 955 1729 1023 φύσις,
1781 955 1952 1021 ἄλογα
1998 955 2118 1007 ἀντι

467 1041 772 1112 ἀνθρώπων
800 1043 849 1094 οῖ
873 1042 1137 1112 παρόντες
1167 1041 1424 1110 γίνονται,
1472 1045 1521 1095 οί
1569 1043 1664 1112 μὲν
1699 1041 1773 1103 ὡς
1809 1043 1965 1094 ἵπποι
1989 1057 2117 1112 χρε-

470 1130 794 1200 μετίζουσιν,
813 1131 862 1182 οί
885 1128 941 1182 δὲ
969 1129 1048 1192 ὼς
1074 1130 1184 1183 δνοι
1204 1129 1509 1194 λακτίζουσι
1530 1145 1544 1161 ·
1566 1129 1734 1201 πολλὴ
1754 1131 1786 1200 ὴ
1805 1129 2046 1198 διάχυσις
2064 1128 2112 1192 δ,

469 1218 636 1288 πολλὴ
669 1219 702 1288 ή
737 1217 996 1282 διάλυσις,
1054 1218 1207 1271 οὐδὲν
1270 1216 1575 1282 σπουδαῖον,
1637 1218 1790 1271 οὐδὲν
1819 1219 2062 1286 γενναῖον
2095 1233 2109 1248 ο

465 1305 630 1376 πολλὴ
654 1307 772 1359 ὲκεῖ
796 1305 889 1359 τοῦ
921 1305 1165 1359 διαϐόλου
1192 1307 1225 1376 ἠ
1255 1305 1470 1376 πομπὴ,
1504 1304 1778 1375 κύμϐαλα,
1813 1303 1987 1367 αὐλοὶ,
2019 1305 2110 1358 καὶ

462 1392 679 1464 ᾅσματα
706 1395 963 1464 πορνείας
987 1394 1219 1464 γέμοντα
1243 1396 1336 1446 καὶ
1364 1394 1623 1464 μοιχείας.
1663 1393 1808 1447 Ἀλλ’
1836 1393 1934 1446 οὐκ
1963 1393 2108 1460 ἐκεῖ,

461 1481 590 1534 ἔνθα
609 1481 669 1535 τὸ
687 1481 900 1547 πένθος,
920 1481 1058 1536 ἀλλά
1082 1482 1257 1535 πάντα
1282 1481 1518 1534 εὐτακτα
1537 1497 1551 1511 ·
1583 1479 1748 1550 πολλὴ
1771 1481 1880 1551 γάρ
1903 1481 1935 1552 ἡ
1959 1479 2106 1551 σιγὴ,

458 1569 631 1640 πολλὴ
670 1571 950 1640 ἠὴσυχία,
993 1569 1157 1638 πολλὴ
1205 1570 1238 1640 ἡ
1289 1569 1611 1640 καταστολὴ,
1656 1569 1807 1622 οὐδὲν
1854 1569 2106 1634 ἄτακτον,

460 1656 613 1710 οὐδὲν
640 1656 916 1726 ἄρρυθμον
939 1673 951 1687 ·
977 1656 1029 1707 εἰ
1055 1655 1136 1719 τίς
1157 1672 1209 1708 τι
1253 1656 1345 1708 καὶ
1385 1654 1701 1724 ἐφθέγξατο,
1748 1655 1926 1708 πάντα
1969 1653 2110 1724 φιλο-

463 1742 650 1810 σοφίας
680 1743 915 1812 γέμοντα
955 1743 1172 1813 ῥήματα
1205 1741 1505 1811 ἐφθέγξατο
1536 1757 1550 1771 ⁸
1583 1744 1676 1795 καὶ
1706 1743 1766 1794 τὸ
1791 1742 1856 1813 δὴ
1898 1741 2108 1812 θαυμα-

461 1832 606 1895 στὸν,
633 1831 714 1882 δτι
748 1831 888 1900 παρ’
913 1831 1118 1882 ὶκεῖνον
1162 1831 1254 1883 τὸν
1297 1831 1484 1900 καιρὸν
1533 1830 1632 1883 οὐκ
1683 1829 1874 1900 ἄνδρες
1925 1829 2104 1900 μόνον,

459 1916 592 1972 ἀλλά
617 1917 710 1971 δια)⁵
729 1917 916 1975 οίκεῖοι
941 1918 1032 1978 καὶ
1057 1919 1311 1986 γυναῖκες
1348 1917 1715 1987 φιλοσοφοῦσι.
1745 1918 1978 1985 Τοιαύτη
1998 1919 2106 1987 γὰρ

455 2007 489 2076 ἡ
511 2005 603 2058 τοῦ
631 2005 857 2067 πένθους
890 2004 1068 2073 φύσις.
1103 2005 1213 2058 Καὶ
1253 2005 1466 2058 δοκοῦσι
1514 2007 1613 2074 μὲν
1656 2005 1990 2075 παρακαλεῖν
2013 2005 2103 2057 τὸν

455 2089 772 2154 πενθοῦντα,
811 2093 978 2162 μυρία
1025 2092 1081 2145 δὲ
1137 2089 1462 2159 φθέγγονται
1500 2090 1742 2159 δόγματα
1787 2090 2104 2159 φιλοσοφίας

457 2179 631 2249 μεστά
659 2195 674 2209 ο
704 2179 858 2247 εὐχαί⁵
897 2177 1098 2241 εὐθέως
1137 2177 1279 2231 ὥστε
1319 2177 1478 2247 μέχρι
1511 2176 1700 2230 τούτου
1737 2177 1952 2246 στῆναι,
2009 2179 2104 2231 καὶ

457 2268 631 2322 ικανοὶ
661 2268 710 2321 οί
742 2269 834 2321 τὸν
877 2268 1221 2338 πεπονηκότα
1285 2266 1784 2337 παραμυθούμενοι,
1843 2267 1936 2318 καὶ
1997 2267 2103 2320 ἀπ-

456 2357 580 2426 αριθ
591 2358 783 2426 μησεις
810 2355 915 2409 τῶν
930 2356 1150 2409 τοιαῦτα
1173 2354 1507 2408 πενθούντων
1527 2353 1737 2425 μυρίαι.
1753 2354 1817 2406 Τί
1834 2354 1940 2424 γάρ
1957 2355 2102 2407 ἐστιν

452 2446 769 2516 ἄνθρωπος;
804 2444 915 2514 Τῆς
942 2444 1152 2511 φύσεως
1183 2442 1426 2506 ἐξέτασις
1449 2443 1545 2510 τῆς
1563 2441 1854 2511 ἡμετέρας.

519 2534 580 2587 δ’.
596 2534 659 2585 Τί
674 2533 850 2586 τοίνυν
864 2532 1009 2584 ἐστὶν
1025 2529 1325 2601 ἀνθρωποςς
1343 2529 1447 2582 Τοῦ
1466 2528 1577 2600 βίου
1597 2528 1793 2605 καὶτῆς
1809 2527 2080 2591 εὐτελείας

453 2619 605 2695 [525]
643 2620 805 2674 αὐτοῦ
836 2618 1157 2690 κατηγορία,
1191 2616 1492 2686 ἀνάμνησις
1531 2616 1640 2668 τῶν
1671 2617 1728 2667 ὲν
1749 2615 1826 2684 τῷ
1855 2614 2100 2684 μέλλοντι

455 2708 814 2779 πραγμάτων,
862 2707 960 2775 τῆς
997 2705 1250 2773 κρίσεως.
1275 2704 1542 2765 Ἕκαστος
1595 2701 1776 2755 οἴκαδε
1810 2703 2098 2773 ἀναχωρεῖ,

457 2795 563 2848 ἀπὸ
595 2794 694 2864 μὲν
723 2794 898 2863 γάμου
931 2791 1282 2861 λυπούμενος,
1341 2791 1421 2843 ὅτι
1469 2789 1534 2860 δὴ
1590 2789 1751 2851 αὐτὸς
1805 2789 1878 2858 μὴ
1911 2790 1967 2840 έν
2007 2790 2099 2840 εὐ-

449 2881 662 2956 πραγία
705 2882 849 2933 ἐστίν
887 2896 902 2912 ο
952 2878 1059 2932 ἀπὸ
1093 2878 1149 2931 δὲ
1190 2877 1418 2940 πένθους
1451 2875 1751 2946 ἀνειμένος,
1807 2874 1889 2926 ὅτι
1921 2875 1984 2945 δὴ
2025 2875 2099 2945 μὴ

447 2970 670 3022 τοιαῦτα
726 2969 916 3033 ἔπαθε,
975 2966 1066 3020 καὶ
1106 2964 1205 3034 τὴν
1258 2964 1563 3034 φλεγμονὴν
1615 2961 1814 3024 σϐέσας
1883 2961 2100 3015 ἃπασαν

449 3057 710 3128 ἀπῆλθεν.
758 3055 920 3107 Ἀλλά
974 3052 1063 3118 τί;
1116 3051 1291 3114 θέλεις
1338 3051 1406 3102 τά
1455 3050 1833 3119 δεσμωτήρια,
1885 3053 1979 3103 καὶ
2031 3050 2100 3102 τὰ

451 3143 652 3214 θέατρα
701 3140 1172 3208 ἀντεξετάσωμεν;
1221 3137 1278 3189 ὐ
1331 3138 1429 3207 μὲν
1492 3136 1599 3206 γάρ
1659 3134 1905 3203 θλίψεως,
1971 3138 1998 3188 ό
2044 3137 2102 3189 δὲ

450 3231 640 3300 ἡδονῆς
667 3231 846 3292 τόπος.
880 3227 1012 3298 Φέρε
1069 3221 1193 3291 οὖν,
1245 3225 1440 3293 ἴδωμεν
1471 3222 1537 3275 τά
1577 3222 1633 3287 ἐξ
1658 3222 1930 3292 ἑκατέρων
1966 3239 2101 3291 συμ-

450 3323 721 3377 ϐαίνοντα.
769 3321 917 3374 Ἐκεῖ
962 3316 1243 3387 φιλοσοφία
1292 3314 1457 3384 πολλή
1493 3333 1505 3344 ·
1547 3314 1674 3367 ἔνθα
1720 3314 1828 3384 γὰρ
1871 3315 2096 3383 ἀθυμία,

449 3411 544 3466 καὶ
573 3409 856 3478 φιλοσοφία
881 3407 1115 3466 πάντως.
1133 3404 1191 3456 Ὀ
1218 3403 1323 3471 πρὸ
1344 3401 1531 3453 τούτου
1555 3401 1816 3465 πλουτῶν,
1837 3404 1864 3454 ὁ
1890 3403 2096 3472 μεγάλα

449 3498 653 3570 φυσῶν,
680 3495 775 3551 καὶ⁸
815 3493 907 3545 τοῦ
965 3492 1217 3562 τυχόντος
1265 3489 1512 3552 ἀνέξεται
1556 3483 1937 3558 διαλεγομένου
1965 3490 2097 3560 πρὸς

444 3585 628 3647 αὐτὸν,
655 3583 747 3636 τοῦ
779 3581 942 3650 φόϐου
973 3581 1066 3632 καὶ
1093 3579 1190 3648 τῆς
1221 3576 1456 3646 ἀθυμίας
1481 3576 1726 3646 καθάπερ
1754 3576 1897 3639 τινὸς
1929 3578 2096 3646 πυρός

449 3670 799 3743 σφοδροτέρου
834 3667 1182 3729 ἐπιπεσόντος
1228 3663 1392 3718 αὐτοῦ
1434 3667 1500 3734 τῇ
1543 3663 1723 3733 ψυχῇ,
1765 3665 1859 3719 καὶ
1896 3666 2089 3736 μαλάτ.

446 3777 625 3821 τοντος
657 3759 714 3810 τὸ
745 3756 972 3825 σκληρόν
1001 3770 1016 3785 ο
1049 3755 1169 3806 τότε
1201 3752 1453 3814 ταπεινὸς
1474 3752 1697 3818 γίνεται,
1716 3753 1835 3805 τότε
1862 3753 2100 3824 σκυθρω·

449 3850 548 3908 πὸς
577 3858 624 3910 ο,
648 3846 767 3899 τότε
816 3845 914 3914 τῆς
974 3841 1270 3914 μεταϐολῆς
1338 3840 1649 3894 αἰσθάνεται
1680 3842 1788 3914 ,τῆς
1817 3841 2092 3913 βιωτικῆς,

447 3937 566 3989 τότε
606 3935 864 4005 καρτερεῖ
903 3930 1038 4002 πρὸς
1098 3929 1291 3983 πάντα.
1334 3929 1424 3982 Ἑν
1471 3928 1527 3981 δὲ
1578 3929 1787 3999 θεάτρῳ
1820 3931 1997 3982 πάντα
2029 3933 2096 3986 τά

446 4023 682 4083 ἐναντία,
715 4021 904 4091 γέλως,
934 4018 1245 4087 αἰσχρότης,
1278 4016 1469 4086 πομπὴ
1494 4016 1788 4087 διαϐολικὴ,
1827 4017 2092 4087 διάχυσις,

444 4111 704 4181 ἀνάλωμα
731 4109 945 4178 χρόνου,
987 4107 1079 4159 καὶ
1104 4105 1316 4175 δαπάνη
1353 4106 1574 4176 ἡμερῶν
1608 4105 1856 4176 περιττὴ,
1909 4107 2093 4160 ἐπιθυ-

451 4200 576 4273 μίας
604 4199 801 4252 ἀτόπου
830 4195 1161 4264 κατασκευὴ,
1191 4195 1432 4264 μοιχείας
1457 4193 1676 4264 μελέτη,
1717 4195 1966 4266 πορνείας
1996 4211 2094 4262 γυ-

449 4289 690 4362 μνάσιον,
709 4286 996 4348 ἀκολασίας
1020 4283 1401 4346 διδασκαλεῖον,
1425 4282 1702 4354 προτροπὴ
1720 4285 2090 4354 αίσχρότητος,

446 4377 679 4447 γέλωτος
724 4374 996 4440 ὑπόθεσις,
1045 4373 1424 4443 ἀσχημοσύνης
1477 4372 1914 4442 παραδείγματα.
1955 4373 2092 4424 Ἀλλ’

445 4465 506 4516 οὐ
531 4463 590 4515 τὸ
621 4463 988 4531 δεσμωτήριον
1013 4458 1247 4511 τοιοῦτον
1274 4472 1288 4487 ’
1312 4458 1426 4511 ἀλλ’
1461 4459 1576 4511 ἐκεῖ
1600 4458 2088 4529 ταπεινοφροσύνη,

445 4553 809 4626 παράκλησις,
833 4548 1146 4619 φιλοσοφίας
1185 4546 1486 4619 προτροπὴ,
1531 4546 1800 4615 ὑπεροψία
1824 4546 1933 4601 τῶν
1973 4549 2091 4616 βιω.

445 4642 612 4696 τικῶν
662 4657 675 4671 ·
729 4640 903 4692 πάντα
933 4638 1239 4706 πεπάτηται
1295 4636 1387 4689 καὶ
1446 4635 1943 4706 καταπεφρόνηται,
2000 4639 2092 4690 κοιλ⁵

448 4727 695 4797 καθάπερ
745 4725 938 4794 παιδίῳ
978 4720 1325 4790 παιδαγωγὸς
1367 4723 1394 4774 ό
1430 4721 1595 4788 φόϐος
1633 4722 1918 4792 ἐφέστηκε,
1956 4725 2090 4794 πρὸς

448 4816 623 4868 πάντα
641 4813 707 4867 τά
736 4812 920 4864 δέοντα
948 4810 1224 4880 ῥυθμίζων
1244 4809 1424 4862 αὐτόν.
1467 4809 1603 4861 Ἀλλ’
1626 4811 1673 4862 εί
1701 4809 1900 4879 βούλει,
1929 4813 2089 4865 πάλιν

449 4903 648 4972 ἑτέρως
700 4898 1040 4965 ἐξετάσωμεν
1062 4899 1185 4959 τοὺς
1240 4897 1432 4959 αὐτοὺς
1489 4897 1704 4960 τόπους.
1766 4898 2092 4971 Ἐϐουλόμην

450 4989 723 5056 συντυχεῖν
772 4983 1040 5056 ἀνθρώπῳ
1091 4982 1196 5034 ἀπὺ
1248 4982 1471 5052 θεάτρου
1521 4985 1780 5046 κατιόντι,
1833 4990 1925 5041 καὶ
1951 4989 2093 5059 ἄλλῳ

445 5073 554 5127 ἀπὸ
589 5067 956 5139 δεσμωτηρίου
995 5065 1221 5131 ἐξιόντι,
1267 5067 1362 5117 καὶ
1417 5061 1554 5128 εἶδες
1604 5066 1669 5118 ἀν
1724 5068 1816 5121 τοῦ
1870 5071 1966 5140 μὲν
1988 5073 2086 5143 τὴν

445 5160 623 5232 ψυχὴν
659 5155 1017 5224 ἐπτοημένην,
1071 5152 1530 5224 τεθορυϐημένην,
1580 5154 1872 5227 δεδεμένην
1901 5160 2086 5225 ὅντως,

446 5247 541 5301 τοῦ
568 5247 624 5300 δὲ
646 5243 955 5313 ἀνειμένην,
972 5241 1292 5311 λελυμένην,
1318 5242 1723 5312 ὲπτερωμένην,
1767 5245 1823 5298 '0
1848 5248 1944 5314 μὲν
1985 5252 2092 5320 γὰρ

453 5335 558 5388 ἀπὸ
581 5332 671 5386 τοῦ
703 5329 930 5400 θεάτρου
957 5329 1241 5398 ἀναχωρεῖ,
1276 5332 1396 5392 ταῖς
1423 5329 1577 5399 ὂψεσι
1606 5331 1716 5381 τῶν
1757 5334 1874 5385 ἐκεῖ
1898 5353 2089 5402 γυναι-

452 5422 564 5476 κῶν
613 5419 941 5493 προσδεθεὶς,
992 5419 1188 5480 παντὸς
1243 5420 1461 5488 σιδήρου
1513 5419 1865 5491 χαλεπώτερα
1912 5426 2091 5496 φέρων

450 5508 644 5578 δεσμὰ,
677 5511 798 5571 τοὺς
818 5507 1011 5569 τόπους
1038 5507 1161 5569 τοὺς
1184 5507 1399 5572 έκεῖ,τὰ
1419 5509 1657 5578 ῥήματα,
1690 5509 1759 5562 τὰ
1796 5514 2050 5582 σχήματα
2076 5539 2087 5550 -

452 5601 482 5653 ὁ
518 5599 574 5652 δὲ
599 5596 704 5650 ἀπὸ
730 5595 1118 5665 δεσμωτηρίου,
1150 5595 1362 5648 πάντων
1407 5595 1635 5659 ἀνεθεὶς,
1661 5598 1760 5651 οὐκ
1792 5600 1869 5653 ἔτι
1897 5603 2090 5675 ἡγήσε-

452 5704 541 5740 ται
566 5687 791 5754 πάσχειν
817 5699 866 5734 τι
888 5681 1075 5743 δεινὸν,
1107 5684 1216 5744 τοῖς
1244 5682 1348 5735 τῶν
1387 5682 1589 5752 ἑτέρων
1625 5685 1690 5735 τά
1721 5687 1882 5741 αὐτοῦ
1918 5708 2092 5765 παρα-

455 5773 680 5827 ϐάλλων.
715 5771 834 5823 Ὅτι
862 5771 922 5822 οὐ
946 5770 1174 5834 δέδεται,
1219 5771 1375 5840 χάριν
1432 5770 1637 5823 εἵσεται
1687 5772 1892 5841 λοιπὸν,
1920 5796 2088 5835 κατα-

456 5860 707 5932 φρονήσει
740 5857 845 5911 τῶν
889 5857 1239 5928 ἀνθρωπίνων
1278 5861 1635 5930 πραγμάτων,
1668 5861 1897 5927 πολλοὺς
1933 5869 2093 5923 πλου-

519 5958 544 5985 τι
572 5946 701 6017 ’Ἐκεῖ
731 5946 879 6017 .dgest
920 5949 980 6017 in‘
1025 5962 1136 6017 unq.
1237 5949 1262 5986 δ
1309 5950 1357 6000 In
1387 5951 1557 6001 eodem
1588 5951 1736 6008 mm;
1790 5952 1820 6006 ἡ
1879 5954 2091 6017 διάχυσις

459 6009 616 6063 deest.
681 6013 702 6037 ε
716 6009 852 6061 Alius
871 6011 1264 6074 σκυθρωπότερος.

1235 397 1292 455 S.
1332 395 1611 455 JOANNIS
1645 393 2131 454 CHRYSOSTOMI
2172 395 2490 454 ARCIIIEP.
2530 398 3072 457 CONSTANTINOP.

3775 402 3882 458 502

2221 513 2445 578 τοῦντας
2466 515 2607 586 ὀρῶν
2637 517 2693 569 έν
2727 522 3054 589 συμφοραῖς,
3087 516 3255 571 πολλὰ
3283 518 3375 574 καὶ
3409 518 3619 589 μεγάλα
3645 518 3882 589 δυναμέ-

2221 617 2342 663 νους
2368 603 2459 655 καὶ
2488 603 2800 674 δεδεμένους
2827 607 2943 659 ἐκεῖ
2968 622 2982 636 υ
3010 605 3109 660 κᾶν
3130 606 3326 669 ἀδίκως
3345 623 3396 659 τι
3427 608 3593 678 πάθῃ,
3623 608 3716 660 καὶ
3741 607 3880 676 πρὸς

2221 685 2377 740 τοῦτο
2427 692 2754 760 καρτερήσει
2796 699 2812 720 ³
2854 693 2947 744 καὶ
2984 692 3092 762 γάρ
3133 692 3223 745 καὶ
3256 693 3445 745 τούτου
3478 693 3647 745 πολλά
3669 695 3786 746 ἐκεῖ
3809 693 3880 744 τὰ

2224 774 2586 844 ὑποδείγματα
2617 795 2627 806 ·
2664 781 2743 842 είς
2768 778 2973 832 ἔννοιαν
3006 779 3282 833 ἐλεύσεται
3311 783 3410 851 τῆς
3440 780 3740 850 μελλούσης
3765 780 3880 849 κρί-

2219 877 2376 925 σεως,
2414 864 2506 916 καὶ
2542 865 2720 934 φρίξει
2752 868 2878 930 τοὺς
2900 868 3100 930 τόπους
3134 867 3366 920 ἐνταῦθα
3407 867 3566 938 ὁρῶν.
3603 867 3879 936 Καθάπερ

2216 947 2323 1018 γὰρ
2352 950 2582 1005 ἐνταῦθα
2613 955 2670 1007 έν
2698 952 3055 1024 δεσμωτηρίῳ
3089 955 3595 1025 συγκεκλεισμένος,
3625 954 3876 1024 ἐπιεικὴς

2215 1037 2352 1106 πρὸς
2384 1039 2589 1102 πάντας
2629 1041 2776 1093 ἐστίν
2820 1057 2834 1070 ·
2879 1040 3021 1094 οὕτω
3054 1041 3291 1094 κάκεῖνοι
3321 1043 3427 1112 πρὸ
3468 1042 3569 1111 τῆς
3610 1043 3873 1112 κρίσεως,

2215 1124 2323 1195 πρὸ
2349 1127 2446 1196 τῆς
2482 1126 2777 1198 μελλούσης
2807 1130 3038 1199 ἡμέρας,
3059 1129 3192 1201 πρὸς
3219 1134 3469 1198 γυναῖκα,
3492 1133 3630 1200 πρὸς
3659 1131 3874 1191 παιδία.

2214 1211 2349 1281 πρὸς
2381 1215 2506 1276 τοὺς
2537 1215 2756 1278 οἰκέτας
2780 1215 2990 1269 ἔσονται
3020 1217 3432 1288 ἐπιεικέστεροι.
3467 1217 3620 1270 Ἀλλ’
3644 1218 3755 1270 ἀπὸ
3780 1219 3875 1270 τοῦ

2213 1298 2442 1370 θεάτρου
2463 1301 2559 1370 οὐχ
2580 1299 2774 1364 οὕτως,
2798 1302 2915 1355 ἀλλ’
2937 1304 3262 1374 ἀηδέστερον
3284 1305 3470 1373 δψεται
3492 1308 3588 1374 τὴν
3613 1309 3875 1373 γυναῖκα,

2210 1385 2304 1439 καὶ
2327 1385 2590 1457 δυσχερὴς
2614 1389 2750 1459 πρὸς
2780 1390 2906 1452 τοὺς
2939 1391 3169 1454 οἰκείους
3199 1391 3370 1454 ἔσται,
3398 1375 3875 1462 παροξύνθήσεται

2209 1473 2348 1544 πρὸς
2378 1473 2448 1527 τὰ
2489 1476 2696 1540 παιδία,
2726 1477 3191 1549 έκθηριωθήσεται
3213 1481 3348 1550 πρὸς
3379 1481 3606 1545 πάντας.
3641 1483 3874 1550 Μεγάλα

2208 1562 2352 1616 κακά
2394 1562 2466 1615 τὰ
2531 1563 2734 1634 θέατρα
2781 1567 3189 1636 παρασκευάζει
3225 1571 3344 1630 ταῖς
3386 1567 3594 1631 πόλεσι,
3629 1570 3870 1639 μεγάλα,

2209 1651 2302 1703 καὶ
2329 1650 2448 1702 οὐδὲ
2473 1649 2629 1704 τοῦτο
2658 1652 2813 1722 ῐσμεν
2850 1654 2932 1705 ὃτι
2962 1654 3191 1724 μεγάλα.
3227 1655 3289 1708 Εἰ
3311 1655 3367 1708 δὲ
3399 1656 3498 1708 οὐκ
3526 1657 3869 1726 άπεκάμετε,

2207 1736 2546 1808 ἐξετάσωμεν
2571 1737 2718 1810 [524]
2746 1741 2838 1792 καὶ
2857 1742 2984 1805 τούς
3011 1733 3102 1794 τοῦ
3125 1741 3354 1810 γέλωτος
3383 1745 3597 1806 τόπους,
3626 1744 3697 1796 τά
3735 1762 3871 1814 συμ-

2207 1825 2372 1877 πόσια
2409 1825 2568 1892 λέγω,
2612 1826 2739 1879 ἔνθα
2780 1829 3069 1898 παράσιτοι
3115 1831 3208 1883 καὶ
3237 1830 3464 1892 κόλακες
3493 1833 3586 1884 καὶ
3625 1831 3800 1902 πολλὴ
3835 1835 3870 1903 ὴ

2204 1913 2405 1982 τρυφὴ,
2440 1915 2534 1966 καὶ
2560 1914 2755 1978 τόπους
2785 1916 3018 1988 ἐτέρους,
3051 1917 3179 1970 ἔνθα
3220 1918 3380 1986 χωλοὶ
3426 1920 3521 1972 καὶ
3570 1919 3868 1990 ἀνάπηροι.

2205 1999 2371 2053 Πάλιν
2391 2003 2508 2054 ὲκεῖ
2527 2003 2626 2072 μὲν
2659 2001 2798 2072 μέθη
2820 2005 2915 2056 καὶ
2939 2004 3118 2075 τρυφὴ
3143 2006 3238 2058 καὶ
3261 2005 3525 2076 διάχυσις,
3554 2005 3792 2059 ἐνταῦθα
3808 2007 3869 2059 δὲ

2203 2087 2532 2145 τούναντίον.
2557 2089 2698 2158 Ὅρα
2723 2092 2816 2142 καὶ
2836 2092 2928 2142 ἐπὶ
2956 2090 3051 2143 τοῦ
3081 2091 3352 2161 σώματος,
3375 2093 3502 2146 ὅταν
3533 2091 3866 2164 φλεγμαίνῃ,

2205 2173 2332 2227 ὅταν
2353 2175 2583 2247 εὐπαθῇ,
2614 2179 2872 2249 ταχίστην
2922 2179 3034 2249 ἔχει
3087 2179 3220 2250 πρὸς
3262 2181 3414 2234 νόσον
3468 2181 3819 2251 μετάπτωσιν
3851 2201 3862 2212 ·

2206 2264 2332 2319 ὅταν
2358 2267 2413 2318 δὲ
2441 2269 2871 2337 κατεσταλμένον
2895 2265 2960 2342 ᾗ,
2997 2270 3093 2339 οὐχ
3134 2270 3324 2332 οὕτως.
3353 2271 3466 2322 ἰνα
3503 2271 3558 2323 δὲ
3595 2272 3865 2339 σαφέστε-

2206 2371 2297 2428 ρον
2323 2356 2449 2425 ὑμῖν
2474 2356 2500 2408 ὃ
2521 2357 2663 2423 λέγω
2694 2359 2904 2427 ποιήσω
2931 2357 2956 2396 ά
2984 2396 2998 2420 ,
3028 2359 3166 2409 έστω
3198 2358 3356 2426 σῶμα
3404 2357 3525 2427 έχον
3556 2358 3690 2410 πολύ
3725 2355 3868 2428 αἷμα

2201 2442 2296 2495 καὶ
2322 2442 2532 2512 σάρκας
2580 2443 2779 2507 πολλάς
2819 2445 2913 2497 καὶ
2968 2445 3213 2514 σφριγῶν
3243 2461 3256 2473 ·
3291 2443 3446 2498 τοῦτο
3493 2447 3587 2499 καὶ
3619 2448 3727 2499 ἀπὸ
3761 2448 3865 2516 τῆς

2202 2529 2470 2598 τυχούσης
2513 2529 2722 2600 τροφῆς
2758 2532 2991 2602 πυρετὸν
3035 2532 3323 2600 δυνήσεται
3351 2535 3548 2598 τεκεῖν,
3586 2534 3650 2585 ἀν
3679 2533 3868 2596 ἁπλῶς

2202 2618 2437 2688 ἀργήσῃ.
2485 2619 2666 2673 Ἔστω
2705 2619 2762 2672 δὲ
2810 2620 2994 2690 ἕτερον
3041 2618 3183 2690 λιμῷ
3239 2620 3437 2689 μᾶλλον
3499 2621 3722 2672 παλαῖον
3769 2623 3868 2674 καὶ

2203 2703 2377 2772 θλίψει
2414 2721 2428 2734 ·
2471 2705 2626 2758 τοῦτο
2665 2705 2968 2759 δυσάλωτον
3024 2708 3116 2759 καὶ
3173 2705 3672 2774 δυσκαταγώνιστον
3727 2710 3866 2777 πρὸς

2201 2791 2532 2860 ἀρρωστίαν.
2555 2789 2702 2862 Αἷμα
2731 2794 2834 2846 κᾶν
2869 2794 3022 2862 ὐγιὲς
3124 2795 3181 2845 ὲν
3211 2796 3342 2862 ἡμῖν
3368 2834 3384 2859 ,
3407 2793 3483 2860 τῷ
3511 2793 3704 2862 πλήθει
3731 2795 3866 2847 πολ-

2199 2875 2355 2940 λάκις
2373 2879 2522 2931 νόσον
2579 2879 2764 2932 ἔτεκεν
2803 2897 2816 2908 ·
2855 2882 2921 2933 ἂν
2980 2882 3036 2934 δὲ
3091 2881 3270 2949 ὀλίγον
3319 2877 3389 2954 ᾗ,
3447 2881 3546 2936 κᾶν
3581 2882 3653 2951 μὴ
3685 2882 3864 2949 ὐγιὲς,

2199 2967 2429 3030 εὐκόλως
2456 2968 2890 3038 κατεργασθῆναι
2907 2969 3144 3021 δύναται.
3175 2969 3333 3022 Οὐτω
3349 2971 3410 3039 δὴ
3431 2970 3522 3022 καὶ
3539 2972 3628 3021 ἐπὶ
3654 2969 3861 3039 ψυχῆς,

2199 3061 2233 3128 ὴ
2257 3059 2351 3127 μὲν
2379 3059 2436 3110 έν
2469 3059 2646 3110 ἀνέσει
2672 3060 2764 3110 καὶ
2790 3061 2969 3128 τρυφῇ
2995 3057 3328 3127 ὀξυρρόπους
3359 3058 3472 3128 ἔχει
3497 3058 3630 3128 πρὸς
3681 3060 3867 3130 ἀμαρ-

2199 3146 2316 3197 τίαν
2332 3146 2430 3207 τάς
2457 3147 2629 3215 ὁρμάς
2649 3162 2661 3173 ·
2686 3145 2778 3196 καὶ
2792 3145 2899 3214 γὰρ
2922 3146 3171 3205 ἀπονοίας
3189 3145 3350 3212 ἐγγὺς
3369 3147 3399 3213 ἠ
3421 3146 3637 3215 τοιαύτη
3657 3148 3864 3215 ἕστηκε

2199 3233 2292 3285 καὶ
2340 3232 2532 3301 ἡδονῆς
2572 3232 2663 3284 καὶ
2698 3231 3000 3295 κενοδοξίας
3042 3233 3136 3284 καὶ
3185 3232 3378 3299 φθόνου
3428 3233 3521 3285 καὶ
3557 3232 3864 3288 ἐπιϐουλῶν

2198 3320 2293 3372 καὶ
2325 3318 2693 3386 συκοφαντιῶν
2725 3335 2736 3348 ”
2767 3317 2880 3371 ἀλλ’
2914 3321 3010 3389 οὐχ
3058 3321 3090 3388 ἡ
3127 3321 3182 3369 ἐν
3213 3319 3386 3389 θλίψει
3413 3321 3503 3372 καὶ
3535 3317 3860 3391 αὐταρκείᾳ,

2196 3406 2333 3460 ἀλλά
2381 3409 2596 3458 πάντων
2641 3407 2843 3459 τούτων
2902 3407 3261 3476 ἀπήλλακται.
3310 3408 3437 3460 Ἰδοὺ
3501 3407 3661 3478 ἡλίκη
3704 3409 3862 3471 πόλις

2198 3496 2335 3566 ἡμῖν
2364 3498 2510 3548 ἐστιν
2535 3498 2566 3564 ἡ
2599 3495 2807 3565 μεγάλη
2830 3494 2987 3564 αὐτη.
3013 3496 3180 3547 Πόθεν
3205 3493 3298 3548 οὗν
3320 3496 3560 3549 τίκτεται
3585 3496 3655 3548 τά
3677 3498 3858 3563 κακά;

2195 3584 2296 3636 οὐκ
2344 3583 2451 3636 ἀπὸ
2492 3583 2596 3634 τῶν
2645 3582 3045 3648 πλουτούντων;
3086 3584 3184 3635 οὐκ
3227 3583 3333 3635 ἀπὸ
3364 3583 3473 3636 τῶν
3517 3585 3857 3654 χαιρόντων;

2197 3671 2354 3732 Τίνες
2376 3673 2454 3731 εἰς
2475 3668 2795 3739 δικαστήρια
2849 3669 3099 3735 ἕλκωσις
3149 3669 3292 3733 τίνες
3327 3670 3513 3732 οὐσίας
3548 3671 3870 3727 διασπαθῶ-

2199 3773 2316 3821 σιν;
2350 3759 2398 3808 οί
2458 3755 2787 3825 ταλαίπωροι
2835 3757 2928 3809 καὶ
2979 3757 3402 3828 ἀπερριμμένοι,
3461 3757 3495 3827 ἢ
3549 3759 3599 3810 οἱ
3642 3759 3860 3827 μεγάλα

2199 3844 2476 3914 φυσῶντες
2504 3845 2596 3896 καὶ
2628 3844 2941 3915 χαίροντες;
2970 3845 3084 3898 Οὐκ
3106 3844 3252 3897 ἔστιν
3284 3844 3391 3898 ἀπὸ
3420 3845 3596 3915 ψυχῆς
3628 3846 3859 3917 τεθλιμ-

2201 3933 2367 4002 μένης
2426 3934 2680 3999 γενέσθαι
2740 3948 2792 3984 τι
2844 3933 3033 3986 κακόν.
3101 3929 3252 3986 Οἶδεν
3303 3933 3474 4002 αὐτῆς
3505 3935 3568 3986 τὸ
3609 3935 3862 4004 κέρδοςδ

2197 4018 2405 4080 Παῦλος
2437 4035 2450 4047 ·
2482 4019 2569 4071 διὰ
2597 4019 2754 4070 τοῦτό
2792 4034 2974 4088 φησιν’
3020 4019 3088 4072 ἸΙ
3132 4020 3333 4086 θλῖψις
3361 4021 3671 4090 ὑπομονὴν·
3713 4041 3862 4078 κατ-

2193 4106 2503 4174 ερτάζεται,
2557 4106 2595 4174 ἡ
2635 4107 2702 4158 δὲ
2759 4108 3028 4175 ὑπομονὴ
3084 4107 3362 4175 δοκιμὴν,
3415 4111 3452 4177 ἡ
3503 4107 3570 4162 δὲ
3633 4109 3854 4180 δοκιμὴ

2192 4191 2429 4257 ἐλπίδα,
2451 4195 2488 4260 ή
2512 4192 2578 4245 δὲ
2610 4193 2784 4256 ἐλπὶς
2813 4197 2883 4245 σὺ
2932 4197 3339 4261 καταισχίνει.
3376 4197 3470 4266 Μὴ
3512 4196 3574 4265 δὴ
3614 4200 3855 4250 καταπί-

2195 4298 2415 4351 πτωμεν
2441 4282 2499 4332 ἐν
2527 4285 2644 4342 ταῖς
2673 4280 2930 4347 θλίψεσιν,
2962 4281 3072 4332 αλλ’
3108 4286 3164 4334 ἐν
3190 4284 3390 4335 ἆπασιν
3418 4285 3852 4355 εὐχαριστῶμεν,

2196 4368 2280 4420 ἵνα
2308 4384 2359 4420 τι
2388 4367 2735 4437 κερδάνωμεν
2779 4370 2940 4436 μέγα,
2987 4369 3072 4420 ῖνα
3106 4368 3552 4442 εὐδοκιμήσωμεν
3586 4377 3740 4444 παρά
3771 4377 3855 4446 τῷ

2194 4456 2312 4526 Θεῷ
2339 4454 2416 4525 τῷ
2445 4457 2540 4517 τάς
2565 4456 2766 4524 θλίψεις
2801 4457 3189 4526 συγχωρούντι.
3216 4459 3374 4528 Μέγα
3404 4459 3578 4529 θλίψις
3602 4463 3809 4529 ἀγαθόν
3837 4486 3852 4498 ο

2195 4546 2288 4598 καὶ
2310 4544 2467 4596 τοῦτο
2494 4543 2599 4597 ἀπὸ
2626 4544 2730 4595 τῶν
2771 4544 2970 4598 παιδων
3010 4544 3116 4599 τῶν
3152 4547 3430 4616 ἡμετέρων
3460 4549 3804 4622 μανθάνομεν
3838 4571 3850 4583 .

2195 4632 2360 4702 χωρὶς
2391 4630 2497 4701 γὰρ
2526 4630 2752 4699 θλίψεως
2775 4631 2927 4683 οὐδὲν
2957 4631 3022 4683 ἂν
3049 4631 3206 4701 μάθοι
3241 4636 3526 4706 χρήσιμον.
3581 4639 3768 4709 Ἡμεῖς
3794 4643 3854 4696 δὲ

2199 4721 2395 4789 μᾶλλον
2450 4720 2626 4772 αὐτῶν
2674 4719 2907 4789 δεόμεθα
2959 4720 3207 4789 θλίψεως.
3272 4725 3335 4775 ΕΞ
3390 4726 3496 4796 γάρ
3534 4728 3718 4781 ἐκεῖνα
3740 4731 3856 4783 τῶν

2196 4809 2381 4862 παθῶν
2425 4807 2769 4880 ἠρεμούντων
2835 4808 3020 4872 αὐτοῖς
3055 4808 3234 4862 θάλλει
3288 4821 3346 4876 ο,
3398 4814 3579 4884 πολλῷ
3646 4818 3856 4884 μᾶλλον

2196 4899 2375 4966 ἡμεῖς,
2411 4895 2504 4948 καὶ
2527 4896 2757 4966 μάλιστα
2782 4895 3055 4956 τοσούτοις
3112 4899 3477 4968 συνεχόμενοι.
3524 4902 3661 4955 Ἀλλ’
3700 4907 3857 4974 ἡμεῖς

2199 4987 2393 5057 μᾶλλον
2429 4984 2806 5050 παιδαγωγοὺς
2845 4979 2984 5054 έχείν
3020 4987 3188 5056 ἐχρῆν
3225 5005 3238 5017 '
3281 4990 3432 5059 παρά
3473 4992 3574 5060 μὲν
3599 4992 3706 5065 γὰρ
3736 4998 3859 5051 τῶν

2195 5077 2396 5128 παίδων
2424 5074 2491 5127 τὰ
2518 5074 2885 5142 ἁμαρτήματα
2926 5075 3025 5128 οὐκ
3064 5075 3129 5127 ἂν
3163 5077 3373 5144 μεγάλα
3413 5079 3641 5146 γένοιτο,
3698 5088 3858 5153 παρὰ

2193 5166 2248 5217 δὲ
2272 5163 2427 5235 ὴμῶν
2456 5162 2654 5230 σφόδρα
2685 5161 2908 5229 μεγάλα.
2947 5162 3295 5231 Παιδαγωγὸς
3315 5165 3372 5216 δὲ
3396 5169 3552 5236 ἡμῶν
3585 5173 3618 5239 ἡ
3647 5171 3855 5241 θλῖψις·

2193 5255 2346 5323 Μήτε
2379 5248 2468 5303 οὖν
2499 5249 2852 5313 ἐπισπώμεθα
2889 5249 3076 5321 αὐτὴν,
3119 5253 3212 5303 καὶ
3263 5253 3542 5323 παροῦσαν
3584 5262 3859 5327 γενναίως

2196 5343 2466 5411 φέρωμεν,
2513 5338 2598 5390 ἀεὶ⁸
2637 5339 2842 5407 μυρίων
2893 5335 3057 5389 οὖσαν
3110 5339 3331 5406 ἀγαθῶν
3386 5344 3586 5409 αἰτίαν,
3625 5348 3710 5401 ἵνα
3751 5355 3858 5404 καὶ

2193 5431 2288 5496 τῆς
2315 5426 2464 5497 παρὰ
2490 5423 2582 5477 τοῦ
2621 5423 2754 5476 Θεοῦ
2790 5426 2959 5495 ῥοπῆς
2989 5426 3409 5497 ἀπολαύσωμεν,
3445 5433 3536 5487 καὶ
3575 5434 3682 5486 τῶν
3714 5438 3860 5490 ἀπο-

2195 5517 2457 5586 κειμένων
2509 5513 2722 5580 ἀγαθῶν
2777 5517 2884 5574 τοῖς
2940 5517 3220 5582 ἀγαπῶσιν
3273 5519 3450 5584 αὐτὸν,
3523 5524 3579 5572 ἐν
3627 5522 3860 5597 Χριστῷ

2206 5603 2375 5672 Ἰησοῦ
2394 5602 2468 5671 τῷ
2502 5601 2684 5670 Κυρίῳ
2708 5602 2882 5670 ἡμῶν,
2921 5603 3019 5672 μεθ
3038 5603 3050 5621 ’
3076 5599 3135 5656 οὐ
3157 5605 3235 5674 τῷ
3259 5607 3429 5677 Πατρὶ
3460 5608 3574 5678 ἇμα
3601 5611 3675 5678 τῷ
3706 5612 3859 5684 ἁγίῳ

2195 5693 2465 5762 Πνεύματι
2494 5689 2635 5754 δόξα,
2664 5691 2885 5760 κράτος,
2927 5693 3078 5762 τιμὴ,
3107 5692 3201 5746 νῦν
3243 5697 3334 5747 καὶ
3359 5695 3465 5761 ἀεὶ,
3493 5698 3587 5749 καὶ
3612 5700 3691 5761 είς
3715 5704 3854 5766 τοὺς

2195 5781 2392 5842 αἰῶνας
2420 5777 2526 5853 τιῖψ
2549 5778 2779 5832 αἰώνων.
2824 5779 3014 5850 Ἀμήν.

2255 5963 2464 6035 ξίιίέηυς,
2492 5965 2997 6035 ούτως.ηξαφέστερο·ι
3039 5968 3119 6017 οὖν
3170 5969 3279 6034 ὑμῖν
3321 5969 3510 6018 ποιτίσω
3565 5966 3645 6016 τὸν
3679 5969 3830 6035 λόγον

2202 6041 2222 6066 ε
2254 6027 2383 6077 [dum
2410 6027 2548 6074 αὐτοῦ
2598 6027 2806 6090 σφάλλει.
