4120 6334
266 332 371 391 θοι

261 445 718 503 confusioniihil
763 453 1072 509 strenuum,
1118 442 1252 496 nihil
1299 434 1850 511 generosunnmulta

265 537 431 594 isthic
453 538 651 593 diaboli
678 552 887 607 pompa,
911 535 1172 609 cymbala,
1200 534 1362 598 tibiae,
1386 529 1592 587 cantica
1620 527 1853 585 fornica-

264 630 431 685 tionis
456 642 511 685 et
541 630 786 685 adulterii
809 628 986 698 plena.
1012 630 1077 681 At
1109 628 1192 679 ubi
1224 627 1396 679 luctus
1417 634 1518 683 est,
1554 637 1659 675 non
1692 620 1850 679 item,

258 720 364 776 sed
394 724 572 775 omnia
601 723 737 777 bene
767 720 1007 774 ordinata
1036 734 1320 787 :magnuin
1344 716 1637 779 silentium,
1662 724 1848 780 magna

257 814 454 882 quies,
505 828 692 882 magna
731 811 1020 876 demissio;
1060 810 1189 865 nihil
1232 807 1678 879 incompositum,
1721 800 1850 856 nihil

259 905 630 961 inordinatum
660 922 676 958 :
701 903 748 959 si
791 905 911 975 quis
954 904 1239 973 loquatur,
1286 901 1448 956 verba
1494 895 1849 971 philosOphite

259 998 422 1067 plena
465 996 664 1063 fundit;
695 996 940 1068 quodque
979 996 1169 1050 mirum
1201 1003 1309 1059 est,
1346 993 1436 1047 illo
1467 1002 1707 1059 tempore
1738 1002 1848 1041 non

255 1088 362 1141 viri
398 1089 594 1153 solum,
629 1087 721 1143 sed
750 1088 909 1142 etiam
936 1086 1215 1141 domestici
1245 1094 1299 1141 et
1329 1079 1582 1139 mulieres
1613 1080 1847 1151 philoso-

255 1178 519 1249 phantur.
564 1179 710 1233 Talis
747 1178 889 1233 enim
926 1189 1006 1233 est
1039 1177 1214 1232 luctus
1240 1188 1450 1230 natura.
1496 1172 1846 1259 Et‘videntur

248 1270 477 1339 quidem
508 1272 773 1341 lugentem
809 1271 1070 1325 consolari
1095 1312 1110 1338 ,
1140 1270 1366 1341 plurima
1391 1276 1569 1323 autem
1596 1267 1842 1336 dogmata

250 1360 539 1429 proferunt
578 1361 925 1431 philosOphize
963 1362 1140 1431 plena.
1180 1361 1374 1417 Preces
1414 1360 1626 1422 statim,
1662 1366 1723 1411 ut
1754 1356 1843 1411 hic

246 1455 413 1508 sistat
436 1455 675 1519 afﬂictio,
710 1455 966 1524 multique
991 1463 1116 1509 sunt
1144 1454 1231 1522 qui
1260 1452 1517 1507 afflictum
1551 1449 1840 1505 consolan-

246 1556 364 1613 tur,
395 1556 443 1601 et
474 1538 902 1600 enumerationes
931 1546 1078 1600 mille
1103 1544 1236 1599 fiunt
1254 1559 1462 1610 eorum,
1485 1541 1575 1613 qui
1599 1539 1841 1595 similiter

244 1638 458 1708 lugent.
507 1637 643 1704 Quid
685 1648 766 1693 est
803 1639 947 1693 enim
988 1638 1186 1692 homo?
1230 1636 1443 1692 Natura:
1483 1644 1682 1689 nostrae
1716 1647 1838 1701 per-

241 1729 489 1799 quisitio.

317 1825 373 1879 ὁ.
411 1822 580 1877 Homo
599 1824 720 1894 quid
740 1825 823 1877 sil.
850 1822 1183 1878 Theon-orum
1213 1823 1569 1892 turpitudo.—-—
1584 1819 1721 1888 Quid
1752 1826 1835 1873 est

240 1930 380 1985 ergo
404 1915 605 1969 homo?
631 1914 762 1970 Vitm
788 1927 838 1970 et
866 1916 1088 1970 vilitatis
1116 1916 1231 1984 ejus
1259 1914 1559 1978 accusatio,
1591 1927 1831 1967 comme-

239 2007 477 2061 moratio
526 2007 822 2061 futurarum
870 2023 1046 2061 rerum
1092 2016 1148 2060 et
1199 2005 1407 2075 judieii.
1458 2003 1831 2073 Unusquisque

238 2110 425 2154 autem
451 2099 892 2155 receditdomum
920 2118 935 2155 :
965 2100 1053 2170 qui
1082 2114 1111 2152 a
1145 2100 1343 2167 nuptiis
1366 2141 1381 2164 ,
1412 2106 1657 2163 moestus,
1687 2095 1829 2166 quod

240 2208 357 2249 non
387 2211 476 2250 res
503 2211 757 2265 prospera
785 2196 887 2260 sit;
916 2195 1005 2265 qui
1034 2210 1064 2248 a
1096 2194 1269 2259 luctu,
1298 2193 1555 2247 remissus
1584 2201 1637 2247 et
1674 2190 1828 2260 quie-

238 2296 328 2341 tus
349 2328 365 2351 ,
395 2288 514 2356 quia
548 2303 651 2341 non
686 2288 884 2341 similia
928 2300 1116 2356 passus
1143 2296 1222 2341 est
1244 2327 1258 2352 ,
1302 2294 1358 2340 et
1383 2284 1530 2340 omni
1562 2285 1827 2338 exstincto

232 2378 436 2433 ardore
462 2378 730 2433 discessit.
780 2378 887 2434 Sed
932 2377 1097 2448 quid?
1142 2377 1221 2432 vis
1250 2390 1497 2432 carceres
1534 2385 1589 2431 et
1619 2375 1824 2430 theatra

230 2470 623 2525 conferamus?
669 2470 764 2525 llle
806 2487 1034 2541 namque
1080 2486 1370 2536 aerumnae,
1402 2469 1491 2525 hic
1537 2470 1823 2539 voluptatis

230 2572 317 2617 est
355 2562 522 2617 locus.
558 2566 666 2630 Age
695 2562 1127 2631 ergo,videamus
1185 2578 1302 2632 qua:
1334 2577 1399 2617 ex
1427 2561 1666 2631 utrisque
1692 2575 1823 2615 con-

231 2657 465 2725 tingant.
510 2653 618 2709 Illic
650 2654 985 2723 philosophia
1025 2655 1187 2708 multa
1218 2672 1231 2707 :
1263 2655 1351 2708 ubi
1390 2655 1532 2709 enim
1578 2669 1778 2709 mceror
1801 2695 1816 2721 ,

229 2745 304 2799 ibi
340 2746 562 2800 omnino
594 2746 951 2815 philosophia.
1001 2746 1102 2811 Qui
1148 2755 1305 2800 antea
1350 2744 1501 2800 dives
1530 2756 1681 2811 erat,
1727 2746 1817 2815 qui

225 2836 520 2891 admodum
548 2837 802 2903 inflatus,
839 2837 949 2907 jam
976 2852 1007 2892 e
1047 2837 1205 2907 vulgo
1245 2837 1486 2907 quemvis
1515 2851 1573 2891 se
1622 2837 1817 2906 alloqui

225 2930 544 2998 permittet,
599 2938 743 2984 metu
793 2944 1132 2999 moeroreque
1182 2931 1301 3000 igne
1345 2930 1721 2985 vehementius
1760 2930 1813 2982 in

224 3024 465 3079 animam
492 3025 609 3095 ejus
634 3025 903 3080 incidente
927 3036 979 3079 et
1011 3025 1260 3079 duritiem
1306 3024 1615 3079 emolliente
1644 3044 1658 3079 :
1689 3034 1815 3078 tunc

225 3114 451 3169 humilis
472 3158 487 3182 ,
517 3126 643 3170 tunc
673 3124 894 3171 mmstus
925 3117 1150 3180 evadet,
1185 3126 1309 3171 tunc
1351 3116 1662 3170 srecularem
1692 3130 1814 3169 mu-

225 3206 493 3277 tationem
518 3207 741 3271 sentiet,
780 3217 903 3262 tunc
930 3208 1082 3261 fortis
1108 3208 1209 3261 erit
1235 3206 1300 3261 ad
1328 3207 1527 3260 omnia.
1558 3204 1615 3260 In
1654 3206 1812 3259 tinea-

224 3306 313 3352 tro
364 3309 539 3353 autem
574 3299 749 3352 omnia
782 3300 1047 3354 contraria
1095 3307 1248 3363 sunt,
1294 3299 1460 3363 risus,
1492 3297 1768 3369 turpitudo
1790 3338 1807 3364 ,

224 3404 421 3460 pompa
470 3390 730 3447 diabolica
751 3433 767 3459 ,
802 3391 1026 3458 effusio,
1056 3392 1347 3460 insumptio
1380 3392 1635 3461 temporis
1657 3434 1671 3458 ,
1707 3393 1808 3445 im-

225 3494 394 3550 pensa
464 3481 673 3536 dierum
741 3483 973 3549 inutilis,
1032 3492 1318 3553 apparatus
1385 3482 1451 3537 ad
1519 3483 1805 3538 absurdam

221 3574 715 3641 concupiscentiam
742 3615 758 3640 ,
807 3574 1052 3629 adulterii
1098 3575 1370 3631 meditatio
1398 3619 1413 3641 ,
1467 3578 1808 3632 scortationis

220 3666 592 3735 gymnasium,
643 3666 1069 3737 intemperantia:
1114 3668 1333 3732 schola,
1384 3668 1690 3731 adhortatio
1738 3668 1805 3723 ad

222 3759 645 3829 turpitudinem,
690 3763 829 3816 risus
873 3763 1120 3828 occasio,
1174 3762 1430 3818 foeditatis
1475 3762 1801 3832 exemplum.

221 3852 293 3905 At
320 3866 427 3906 non
461 3853 578 3906 talis
606 3861 691 3908 est
718 3868 936 3920 carcer;
968 3854 1062 3909 sed
1110 3856 1216 3909 illic
1260 3854 1561 3919 humilitas,
1608 3854 1805 3909 exhor-

223 3944 355 3996 tatio
378 3986 395 4009 ,
427 3945 677 4000 stimulus
706 3946 771 4000 ad
821 3947 1210 4016 philosophiam
1233 3989 1247 4013 ,
1284 3948 1618 4003 saecularium
1667 3965 1801 4004 eon-

225 4046 458 4105 teinptus
484 4056 497 4091 :
538 4037 717 4090 omnia
746 4040 1143 4104 conculcantur,
1168 4040 1345 4092 omnia
1380 4048 1726 4109 spernuntur,
1747 4048 1802 4093 et

224 4137 401 4183 metus
452 4130 602 4199 quasi
651 4146 817 4199 puero
869 4134 1187 4203 pzedagogus
1238 4134 1426 4199 adest,
1478 4133 1543 4187 ad
1603 4134 1799 4189 decora

221 4221 398 4275 omnia
425 4222 572 4276 illmn
601 4223 903 4279 instituens.
938 4224 1041 4279 Sed
1071 4226 1115 4279 si
1140 4226 1219 4279 vis
1249 4226 1440 4280 iterum
1467 4225 1654 4280 eadem
1681 4226 1796 4281 loca

221 4314 320 4365 alia
352 4314 560 4369 ratione
590 4315 949 4384 exploremus.
998 4316 1200 4394 Vellem
1229 4333 1543 4373 occurreres
1580 4319 1696 4373 viro
1721 4335 1790 4373 ex

220 4404 429 4460 theatro
466 4408 733 4475 venienti,
762 4418 815 4463 et
837 4410 927 4463 alii
959 4410 1188 4479 cuipiam
1222 4426 1251 4465 e
1288 4425 1505 4466 carcere
1531 4414 1743 4466 exeunti
1778 4430 1790 4465 :

219 4496 538 4567 videresque
585 4499 725 4553 illius
772 4501 1002 4554 animam
1048 4500 1440 4567 fastidientem,
1483 4504 1748 4558 turbatam
1775 4546 1790 4569 ,

217 4603 340 4641 vere
364 4590 629 4655 vinctam;
656 4590 811 4657 hujus
831 4606 957 4646 vero
979 4594 1231 4661 quietam,
1261 4594 1486 4647 solutam
1510 4635 1522 4657 ,
1548 4594 1788 4649 liberam.

216 4679 309 4733 llle
340 4696 568 4749 namque
601 4697 663 4735 ex
710 4682 918 4737 theatro
944 4684 1178 4747 recedit,
1209 4686 1376 4739 oculis
1403 4698 1589 4753 captus
1636 4686 1789 4740 thea-

216 4772 423 4826 tralium
465 4788 649 4828 amore
688 4775 1006 4841 mulierum,
1057 4775 1200 4830 ferro
1230 4776 1532 4831 durioribus
1562 4778 1787 4831 vinculis

213 4864 574 4931 constrictus,
608 4866 658 4921 id
709 4877 823 4932 est,
868 4868 1002 4923 locis
1046 4870 1209 4939 ipsis,
1252 4872 1465 4937 verbis,
1504 4871 1740 4941 gestibus
1772 4888 1785 4924 :

213 4956 296 5023 qui
328 4964 505 5011 autem
534 4970 566 5011 e
586 4970 801 5012 carcere
830 4959 973 5025 exit,
1004 4960 1249 5014 omnibus
1278 4961 1484 5015 solutus
1504 5002 1516 5022 .
1549 4976 1653 5014 non
1677 4962 1786 5030 jam

211 5063 267 5104 se
298 5059 445 5118 putat
473 5049 743 5120 quidpiam
777 5052 916 5122 pati,
947 5068 1042 5108 sua
1079 5069 1197 5108 cum
1225 5055 1415 5108 alienis
1444 5070 1781 5124 comparans.

208 5140 359 5211 Quod
399 5158 504 5197 non
547 5144 755 5199 vinctus
799 5146 900 5213 sit,
948 5147 1000 5201 id
1048 5164 1144 5218 pro
1186 5150 1354 5218 gratia
1404 5150 1653 5215 habebit,
1700 5166 1785 5205 res

212 5231 468 5291 humanas
493 5234 784 5306 despiciet,
817 5238 1012 5293 divites
1039 5241 1233 5295 multos
1264 5242 1451 5296 videns
1478 5244 1531 5297 in
1562 5243 1786 5297 calami-

210 5327 441 5393 tatibus,
473 5331 564 5401 qui
607 5346 727 5385 cum
775 5333 940 5386 multa
988 5350 1281 5405 magnaque
1331 5338 1571 5406 possint,
1627 5337 1782 5393 isthic

206 5419 469 5492 ligantur:
499 5424 707 5480 etiamsi
735 5426 860 5497 quid
890 5426 1083 5497 injuste
1110 5428 1374 5499 patiatur,
1406 5429 1457 5485 id
1487 5432 1733 5487 tolerabit
1764 5450 1777 5488 :

1232 324 1297 380 av
1334 322 1512 379 ACTA
1552 285 2086 375 APOSTOLORUM.
2121 318 2351 379 noun.
2394 323 2554 382 mi.

3462 333 3575 394 ste

1960 432 2182 505 hujusce
2208 452 2437 509 namque
2466 441 2543 495 rei
2575 442 2741 497 multa
2768 443 2931 499 habet
2964 447 3209 516 exempla
3238 466 3250 502 :
3285 455 3546 507 memoria

1963 536 2175 596 repetet
2199 528 2434 586 futurum
2458 529 2721 601 judicium
2743 577 2758 599 ,
2796 546 2851 591 et
2890 536 3240 595 exhorrescet
3261 582 3275 605 ,
3303 543 3429 597 dum
3469 545 3556 596 illa

1962 617 2077 672 loca
2122 621 2393 690 respiciet.
2438 622 2589 677 Sicut
2622 625 2764 679 enim
2799 624 2886 681 hic
2930 629 2982 681 in
3020 644 3238 685 carcere
3281 631 3555 694 inclusus,

1961 708 2107 763 mitis
2134 725 2259 781 erga
2288 726 2479 768 omnes
2503 724 2622 769 est:
2652 716 2733 770 sic
2761 726 2817 771 et
2840 717 2916 772 illi
2948 730 3073 774 ante
3098 720 3357 789 judicium
3383 764 3400 790 ,
3430 735 3555 779 ante

1959 798 2191 855 futuram
2244 804 2391 858 illam
2425 806 2565 860 diem
2589 847 2602 869 ,
2631 822 2757 878 erga
2786 825 3008 865 uxorem
3028 853 3043 875 ,
3072 827 3197 883 erga
3225 812 3393 881 filios,
3425 832 3550 886 erga

1958 890 2283 947 domesticos
2314 905 2473 959 erunt
2518 899 2932 954 mansuetiores.
2963 901 3068 957 Sed
3110 919 3137 957 a
3188 904 3401 960 theatro
3442 922 3549 962 non

1956 983 2033 1038 sic
2062 994 2445 1055 revertuntur;
2474 988 2567 1044 sed
2594 990 2675 1045 vir
2702 991 3045 1062 injucundius
3069 996 3270 1052 videbit
3298 1014 3547 1065 uxorem,

1954 1074 2118 1131 durus
2146 1079 2248 1133 erit
2271 1095 2393 1150 erga
2417 1081 2778 1151 domesticos,
2808 1103 2931 1159 erga
2958 1088 3098 1144 ﬁlios
3128 1106 3289 1160 asper
3308 1132 3325 1159 ,
3357 1092 3549 1149 effera-

1953 1168 2097 1224 bitur
2124 1171 2381 1230 adversus
2422 1191 2631 1234 omnes.
2666 1179 2858 1249 Magna
2890 1183 3027 1238 mala
3054 1185 3361 1242 civitatibus
3390 1187 3545 1243 thea-

1953 1269 2032 1314 tra
2062 1266 2310 1330 pariunt;
2359 1282 2548 1338 magna
2571 1312 2585 1331 ,
2622 1286 2722 1325 nec
2766 1274 2977 1328 scimus
3007 1285 3229 1345 quanta.
3280 1278 3335 1334 Si
3363 1289 3539 1335 autem

1950 1366 2057 1404 non
2092 1352 2387 1424 fatigamini
2410 1398 2426 1424 ,
2454 1360 2826 1417 examinemus
2875 1364 2962 1418 illa
2995 1366 3138 1422 risus
3166 1368 3282 1423 loca
3306 1410 3322 1433 ,
3353 1373 3537 1425 convi-

1947 1445 2031 1499 via
2064 1446 2184 1502 dico
2208 1490 2223 1516 ,
2254 1450 2345 1504 ubi
2372 1454 2589 1519 parasiti
2627 1464 2681 1509 et
2710 1455 3022 1514 adulatores
3052 1468 3108 1515 et
3145 1476 3354 1532 magna:
3400 1463 3544 1520 deli-

1946 1536 2043 1590 cia:
2065 1554 2079 1603 ;
2105 1548 2157 1593 et
2185 1540 2299 1595 loca
2330 1542 2432 1597 alia
2452 1584 2469 1609 ,
2496 1545 2584 1599 ubi
2617 1547 2791 1602 claudi
2820 1558 2875 1603 et
2900 1552 3093 1606 mutili.
3126 1552 3240 1609 Illic
3267 1555 3534 1621 ebrietas,

1944 1628 2151 1683 delicia:
2172 1672 2187 1691 ,
2232 1632 2458 1701 effusio;
2493 1634 2579 1690 hic
2606 1653 2735 1692 vero
2762 1643 3054 1695 contraria.
3090 1642 3226 1700 Vide
3255 1655 3309 1700 et
3338 1647 3389 1701 in
3419 1663 3541 1702 cor-

1944 1733 2073 1788 pore
2094 1761 2109 1787 ,
2140 1724 2356 1792 quando
2404 1727 2600 1797 pingue
2637 1741 2692 1784 et
2721 1742 2968 1803 vegetum
3000 1745 3078 1789 est
3108 1777 3123 1803 ,
3157 1748 3281 1793 tunc
3310 1739 3538 1794 celerius

1941 1811 1995 1865 in
2037 1814 2280 1868 morbum
2324 1817 2498 1885 cadit;
2548 1835 2669 1875 cum
2717 1838 2846 1877 vero
2889 1826 3205 1896 castigatum
3254 1839 3371 1893 est,
3427 1848 3534 1885 non

1941 1902 2088 1956 item.
2118 1903 2188 1961 Ut
2216 1916 2392 1961 autem
2424 1909 2474 1962 id
2502 1912 2651 1966 vobis
2680 1913 2876 1969 clarius
2902 1918 3166 1986 explicem
3195 1960 3213 1985 ,
3244 1921 3313 1974 sit
3338 1938 3537 1994 corpus

1937 1997 2198 2066 sanguine
2249 2008 2303 2053 et
2346 2002 2599 2057 carnibus
2644 2003 2780 2059 bene
2826 2007 3145 2063 instructum
3192 2026 3254 2065 ac
3298 2014 3528 2083 vigens:

1937 2086 2038 2143 hoc
2067 2090 2150 2143 vel
2194 2106 2260 2145 ex
2289 2092 2394 2146 levi
2440 2095 2560 2149 cibo
2594 2097 2791 2164 poterit
2837 2098 2888 2152 in
2933 2099 3124 2155 febrim
3174 2102 3411 2160 incidere
3436 2148 3451 2169 ,
3484 2110 3528 2160 si

1934 2180 2147 2250 quidem
2174 2183 2227 2237 in
2253 2184 2362 2237 otio
2384 2186 2471 2239 sit.
2509 2185 2590 2240 Sit
2611 2194 2665 2241 et
2693 2187 2836 2242 aliud
2860 2232 2874 2255 ,
2904 2191 3045 2261 quod
3074 2208 3195 2246 cum
3226 2192 3368 2249 fame
3396 2210 3525 2251 con-

1932 2282 2102 2327 ccrtet
2147 2282 2201 2327 et
2249 2277 2541 2330 aerumnis:
2592 2278 2721 2333 illud
2772 2279 2842 2333 ab
2884 2282 3205 2351 a-gritudine
3255 2285 3527 2345 difficilius

1930 2366 2141 2435 Capitur
2166 2375 2222 2421 et
2250 2378 2558 2437 superatur.
2585 2368 2813 2441 Sanguis
2839 2372 2964 2428 licet
2988 2389 3154 2430 sanus
3180 2379 3250 2430 sit
3270 2378 3322 2431 in
3347 2379 3522 2442 nobis,

1928 2470 1993 2511 ex
2023 2458 2377 2514 redundantia
2428 2475 2572 2531 Smpe
2614 2464 2835 2520 morbos
2866 2468 3106 2536 peperit;
3148 2468 3193 2523 si
3240 2480 3417 2525 autem
3454 2475 3525 2526 sit

1928 2550 2171 2605 modicus
2193 2594 2207 2618 ,
2239 2568 2341 2607 nec
2370 2562 2549 2609 tamen
2581 2569 2766 2621 sanus,
2800 2556 2955 2612 facile
2984 2559 3163 2613 curari
3195 2570 3393 2629 potest.
3434 2563 3522 2619 Sic

1926 2651 1981 2697 et
2025 2642 2092 2697 de
2138 2644 2313 2698 anima
2345 2644 2669 2700 dicendum:
2704 2663 2824 2717 quze
2870 2649 2922 2703 in
2969 2650 3080 2704 otio
3128 2660 3181 2705 et
3230 2653 3281 2705 in
3313 2651 3521 2709 deliciis

1924 2744 2039 2799 cst,
2086 2735 2153 2789 ad
2200 2745 2418 2805 peccata
2466 2738 2720 2808 proclivis
2769 2739 2982 2806 fertur:
3028 2758 3151 2797 nam
3198 2748 3519 2816 arrogantia:

1923 2828 2097 2883 vicina
2154 2840 2271 2897 est,
2318 2832 2615 2902 voluptati,
2664 2850 2816 2890 vanae
2871 2837 3093 2907 gloriae,
3125 2839 3379 2907 invidiaz,
3432 2842 3516 2895 in-

1921 2920 2073 2976 sidiis
2095 2964 2109 2987 ,
2143 2924 2510 2994 sycophantiis
2542 2944 2555 2979 :
2588 2936 2644 2981 at
2671 2942 2777 2981 non
2805 2943 2902 2992 ea,
2936 2946 3057 2999 quae
3084 2931 3136 2985 in
3180 2934 3438 2989 aerumnis
3462 2946 3519 2990 et

1920 3014 2225 3086 frugalitate
2250 3017 2429 3088 degit;
2454 3019 2569 3075 hate
2595 3021 2738 3075 enim
2768 3020 2835 3075 ab
2861 3022 2924 3077 iis
2954 3024 3203 3079 omnibus
3232 3025 3514 3082 liberatur.

1920 3106 1999 3159 En
2045 3122 2205 3177 quam
2249 3109 2425 3181 ampla
2456 3120 2541 3165 est
2568 3120 2750 3167 nostra
2791 3114 2999 3169 civitas.
3034 3114 3186 3171 Unde
3230 3117 3388 3187 igitur
3416 3133 3514 3172 na-

1918 3209 2143 3254 scuntur
2173 3201 2356 3254 mala?
2406 3218 2585 3258 nonne
2614 3219 2644 3257 a
2672 3204 2966 3259 divitibus?
2993 3222 3182 3262 annon
3205 3222 3235 3262 a
3266 3209 3509 3278 gauden-

1918 3293 2099 3347 tibus?
2130 3294 2359 3361 Quinam
2390 3295 2456 3350 ad
2483 3296 2768 3353 tribunalia
2800 3298 3019 3353 trahunt
3040 3341 3056 3367 ,
3092 3285 3310 3370 quinam
3336 3300 3507 3357 facul-

1918 3395 2053 3440 tates
2097 3385 2441 3456 dilapidant?
2490 3404 2559 3442 an
2600 3389 2784 3444 miseri
2813 3398 2868 3445 et
2913 3390 3144 3461 abjecti,
3195 3408 3263 3447 an
3296 3392 3369 3447 illi
3416 3395 3511 3461 qui

1914 3478 2139 3532 multum
2170 3478 2425 3534 inflantur
2453 3490 2509 3534 et
2533 3481 2803 3551 gaudent?
2844 3482 2927 3537 Ab
2955 3484 3132 3536 anima
3166 3484 3217 3537 in
3250 3488 3505 3540 mrumnis

1914 3580 2164 3624 versante
2190 3586 2296 3625 non
2326 3580 2504 3640 potest
2527 3572 2726 3642 aliquid
2759 3574 2880 3626 mali
2912 3573 3066 3627 oriri.
3119 3574 3267 3629 Illius
3295 3576 3507 3628 lucrum

1912 3662 2063 3715 novit
2116 3661 2348 3728 Paulus;
2396 3661 2626 3734 idecque
2655 3664 2826 3718 dicit:
2869 3662 3153 3719 Tribulatio
3208 3668 3508 3736 patientiam

1910 3765 2181 3825 operatur,
2214 3756 2459 3825 patientia
2492 3757 2841 3827 probationem
2866 3798 2880 3821 ,
2916 3758 3147 3826 probatio
3176 3774 3295 3812 vero
3322 3776 3462 3827 spem
3485 3802 3501 3825 ,

1908 3863 2022 3915 spes
2048 3856 2219 3900 autem
2246 3864 2347 3901 non
2375 3844 2640 3918 confundit
2686 3851 2703 3918 (
2737 3846 2889 3902 Rom.
2922 3849 2973 3903 5.
3004 3850 3080 3903 5-
3100 3850 3133 3904 5
3166 3848 3209 3919 ).
3252 3849 3331 3905 Ne
3376 3865 3504 3921 ergo

1908 3938 2255 3992 Concidamus
2303 3939 2357 3993 in
2405 3942 2690 4007 aerumnis,
2741 3940 2835 3993 sed
2882 3941 2935 3994 in
2966 3940 3232 4000 munibus
3300 3943 3501 4012 gratias

1906 4046 2162 4098 agamus,
2213 4040 2271 4086 ut
2325 4032 2553 4087 multum
2603 4032 2912 4099 lucremur;
2972 4043 3031 4087 ut
3074 4034 3285 4103 probati
3333 4035 3501 4090 simus

1904 4121 2044 4190 apud
2076 4122 2244 4177 Deum
2264 4162 2277 4186 ,
2300 4124 2387 4192 qui
2417 4138 2685 4179 aerumnas
2716 4123 2996 4193 permittit.
3023 4124 3271 4194 Magnum
3310 4133 3392 4180 est
3412 4124 3494 4178 af-

1903 4212 2070 4268 ﬂictio
2094 4214 2293 4269 bonum
2320 4233 2333 4269 :
2362 4224 2418 4269 et
2446 4216 2546 4270 hoc
2570 4230 2599 4269 a
2626 4215 2808 4287 pueris
2830 4216 3029 4271 nostris
3058 4214 3351 4281 discimus;
3378 4232 3498 4270 nam

1904 4305 2023 4358 sine
2059 4306 2407 4376 castigatione
2438 4305 2569 4360 nihil
2596 4307 2727 4362 utile
2755 4322 2889 4376 puer
2910 4305 3180 4362 didicerit.
3226 4306 3337 4362 Nos
3369 4323 3497 4361 vero

1902 4396 2073 4465 magis
2095 4413 2253 4465 quam
2282 4396 2357 4451 illi
2386 4396 2678 4452 afflictione
2699 4413 2836 4467 opus
2858 4397 3137 4454 habemus.
3167 4399 3300 4453 Nam
3323 4400 3368 4453 si
3398 4400 3494 4466 illi,

1901 4501 2021 4541 cum
2054 4487 2217 4541 animi
2258 4496 2435 4542 motus
2463 4487 2633 4542 sedati
2665 4495 2823 4554 sunt,
2854 4488 3049 4543 ﬂorent
3075 4505 3090 4554 ;
3125 4489 3296 4542 multo
3320 4491 3494 4558 magis

1902 4594 2001 4633 nos
2028 4622 2045 4646 ,
2077 4595 2198 4635 cum
2242 4579 2476 4634 maxime
2527 4588 2604 4633 tot
2654 4580 2921 4650 tantisque
2966 4578 3327 4635 detineamur.
3390 4580 3494 4637 Sed

1898 4686 1999 4725 nos
2027 4673 2193 4741 magis
2242 4672 2545 4742 paedagogis
2570 4686 2791 4742 egemus
2818 4690 2831 4725 :
2860 4686 3147 4740 puerorum
3177 4673 3318 4725 enim
3364 4688 3483 4741 pec-

1896 4773 2014 4816 cata
2063 4780 2169 4817 non
2216 4773 2359 4817 tanta
2401 4771 2556 4827 sunt,
2590 4772 2773 4817 nostra
2814 4778 2945 4817 vero
2976 4773 3193 4833 peccata
3232 4765 3487 4817 maxima.

1897 4852 2224 4923 Pmdagogus
2255 4862 2437 4907 noster
2476 4864 2558 4909 est
2606 4852 2842 4908 alﬂiclio.
2880 4852 2959 4908 Ne
2987 4854 3166 4924 itaque
3210 4855 3354 4909 illam
3403 4866 3484 4909 at-

1898 4944 2171 4997 trahamus
2192 4985 2208 5010 ,
2234 4953 2288 4999 et
2317 4954 2636 5014 praesentem
2664 4945 2871 4999 fortiter
2896 4944 3133 5001 feramus
3154 4986 3171 5012 ,
3195 4961 3314 5015 qua:
3340 4962 3484 5000 sern-

1894 5052 1989 5105 per
2032 5046 2115 5091 est
2153 5037 2555 5091 innumerorum
2607 5052 2766 5091 causa
2822 5036 3127 5101 bonorum;
3178 5046 3239 5090 ut
3285 5046 3341 5091 et
3392 5037 3486 5093 Dei

1892 5127 2063 5194 gratia
2096 5126 2371 5195 fruamur,
2398 5138 2454 5181 et
2497 5127 2651 5183 bonis
2682 5143 2801 5197 qua:
2832 5128 3063 5194 reposita
3107 5136 3231 5181 sunt
3262 5128 3359 5194 iis,
3392 5128 3486 5197 qui

1892 5211 2119 5289 diligunt
2149 5220 2299 5273 illum
2323 5261 2337 5285 ,
2368 5220 2418 5274 in
2448 5220 2666 5274 Christo
2692 5220 2820 5274 Jesu
2853 5221 3080 5274 Domino
3108 5229 3293 5274 nostro
3316 5263 3330 5286 ,
3362 5224 3484 5288 qui-

1890 5325 2016 5364 cum
2072 5310 2218 5363 l’atri
2272 5319 2326 5364 et
2373 5310 2596 5381 Spiritui
2650 5322 2873 5377 sancto,
2917 5312 3125 5379 gloria,
3160 5312 3481 5379 imperium,

1894 5400 2066 5455 honor
2093 5445 2108 5462 ,
2143 5420 2283 5458 nunc
2317 5411 2374 5458 et
2411 5419 2657 5475 semper,
2701 5414 2757 5460 et
2802 5404 2853 5458 in
2897 5405 3092 5459 sa'cula
3137 5406 3480 5459 δωρυιυτιιιιι.

1888 5493 2079 5551 Amen.
