4094 6336
652 392 759 457 3615

659 521 1191 541 “an”

1200 520 1469 536 ..ια-ιι.-

1383 386 1440 441 8.
1478 384 1752 441 3035‘le
1788 382 2256 441 εηίιγδοδτοΜι
2297 384 2612 442 ARCIIIEP.
2655 390 3181 450 CONSTANTINOP.

1485 517 3894 552 —-——————————________________

3812 405 3920 464 3M

1984 591 2331 653 HOMILIA
2377 592 2601 656 XLIII.

652 730 776 786 Car.
803 727 893 784 ΞΟ.
923 742 976 783 v.
1008 729 1061 783 ι.
1104 725 1377 794 Postquam
1403 730 1566 774 autent
1597 720 1807 772 cessarit
1835 717 2104 781 tumultus,
2134 730 2222 769 ro-

717 819 844 875 catis
874 818 1071 873 Paulus
1100 816 1365 886 discipulis
1404 814 1564 882 iisque
1588 811 1839 875 salutatis,
1874 809 2129 880 profectus
2154 816 2227 862 est

718 923 774 965 ut
804 913 895 965 iret
914 910 967 963 in
999 909 1373 963 Macedonian.

720 1005 773 1059 t.
815 1002 973 1056 Multa
1014 1015 1148 1070 opus
1186 1006 1298 1053 erat
1333 993 1701 1050 consolatione
1740 1002 1858 1062 post
1895 1001 2097 1045 tantum
2144 998 2227 1045 tu-

653 1097 894 1149 multum.
938 1094 1046 1147 lloc
1078 1091 1163 1144 ille
1191 1098 1373 1152 curat,
1405 1099 1457 1143 et
1490 1096 1545 1141 ut
1573 1086 1865 1155 discipulos
1896 1085 2223 1147 consoletur,

651 1189 840 1256 migmt
868 1186 923 1239 in
949 1182 1307 1257 Macedoniam
1332 1220 1348 1246 ,
1382 1177 1576 1235 deinde
1604 1180 1656 1232 in
1683 1177 1959 1232 Cra-ciam.
1990 1175 2060 1229 Et
2084 1174 2223 1244 quod

649 1279 869 1331 multum
910 1276 1027 1330 illos
1065 1273 1367 1327 consolatus
1392 1271 1481 1337 sit,
1504 1270 1647 1324 audi.
1678 1270 1733 1324 2.
1766 1268 1888 1321 Cum
1914 1277 2079 1320 autem
2106 1284 2223 1335 pcr-

646 1370 949 1422 ambnlasset
976 1376 1143 1437 partes
1170 1366 1306 1430 illas,
1334 1374 1382 1417 et
1412 1364 1704 1417 exhortatus
1734 1362 1907 1429 {uisset
1942 1376 2024 1413 eos
2065 1363 2223 1411 multo

645 1476 891 1522 sermone,
919 1459 1055 1513 venit
1088 1459 1143 1511 in
1170 1456 1440 1510 Cra‘ciam.
1473 1455 1525 1509 ’5.
1555 1454 1620 1507 Et
1644 1470 1757 1505 cum
1785 1454 1851 1505 ibi
1882 1454 2057 1521 fuisset
2086 1468 2224 1503 men-

645 1553 782 1605 sibus
811 1551 999 1613 tribus,
1040 1566 1151 1603 cum
1194 1558 1353 1602 essent
1381 1547 1461 1599 illi
1493 1554 1695 1599 structis
1737 1544 1937 1598 insidia:
1962 1562 1993 1596 a
2027 1542 2223 1596 Juda'is

634 1645 942 1712 -uavigatnro
978 1643 1030 1693 in
1064 1640 1267 1709 Syriam
1288 1679 1303 1701 ,
1334 1636 1605 1690 consilium
1646 1637 1786 1699 iniit,
1818 1646 1870 1687 ut
1900 1645 2224 1688 reverteretur

646 1751 734 1801 per
763 1732 1136 1788 Macedoniam.
1166 1730 1217 1783 4.
1247 1728 1523 1782 Comitatus
1554 1739 1625 1781 est
1655 1736 1821 1781 autem
1854 1742 1968 1779 eum
1992 1742 2143 1793 usque
2172 1726 2222 1777 in

643 1827 813 1878 Asiam
841 1824 1062 1891 Sopater
1088 1822 1384 1883 Berazensis,
1418 1820 1945 1875 Thessalonicensium
1971 1837 2083 1873 vero
2104 1821 2221 1871 Ari-

642 1918 871 1968 διανεί-ηε
911 1926 955 1968 et
995 1914 1262 1968 Secundus
1297 1924 1342 1965 et
1374 1911 1535 1981 Gajus
1566 1913 1802 1965 Derbwus
1829 1922 1876 1965 et
1905 1910 2217 1974 Timotheus,

642 2010 818 2063 Asiani
850 2024 961 2060 vero
996 2006 1245 2076 Tychicns
1271 2014 1315 2058 et
1342 2002 1671 2069 Troiihimus.
1782 2003 1852 2055 lli
1876 2019 1987 2055 cum
2011 2018 2222 2071 pra'ces-

639 2101 839 2163 sissent,
865 2115 953 2150 nos
995 2104 1345 2161 exspectaram
1374 2096 1423 2147 in
1452 2093 1667 2147 Troade.
1700 2095 1901 2149 ltursus
1926 2110 2221 2163 persequu-

640 2192 779 2243 tioue
808 2207 838 2243 ,ι
886 2191 1081 2259 patitur
1124 2206 1151 2241 a
1199 2188 1434 2254 Judzeis,
1466 2197 1516 2241 et
1562 2188 1709 2240 venit
1738 2188 1789 2240 in
1834 2186 2217 2240 Macedoniam.

640 2281 919 2349 Quonmdo
957 2293 1133 2334 autem
1172 2279 1515 2333 Timotheum
1561 2278 2093 2333 Thessalonicensem
2135 2277 2219 2330 di-

640 2375 755 2426 cit?
788 2374 901 2427 Non
936 2372 1039 2425 hoc
1061 2372 1190 2425 dicit
1221 2387 1236 2435 ;
1270 2370 1387 2435 sed,
1415 2371 1499 2435 lli,
1531 2370 1720 2439 inquit,
1752 2378 2141 2439 prwcesserunt
2169 2369 2218 2422 in

644 2463 943 2527 Troadem,
1003 2462 1141 2515 viain
1171 2461 1247 2515 illi
1274 2471 1541 2530 parantes.
1580 2462 1631 2515 6.
1672 2458 1786 2513 Nos
1817 2476 1930 2512 vero
1957 2460 2216 2530 navigavi-

642 2573 753 2608 mus
788 2565 898 2623 post
940 2554 1048 2607 dies
1089 2554 1392 2623 .izymorum
1429 2568 1462 2605 a
1494 2550 1784 2622 Philippis,
1826 2561 1874 2604 et
1900 2552 2123 2605 venimus
2152 2552 2221 2604 ad

640 2664 722 2701 cos
761 2646 1014 2701 Troadem
1057 2648 1111 2699 in
1148 2646 1321 2699 diebus
1353 2647 1605 2715 quinque,
1648 2644 1731 2697 ubi
1764 2645 2013 2698 demorati
2048 2661 2220 2700 sumus

639 2738 812 2791 diebus
855 2748 1064 2804 septem.
1114 2736 1242 2790 Nam
1290 2736 1498 2790 videtur
1538 2735 1666 2790 mihi
1707 2735 1856 2790 illum
1898 2736 2014 2790 dies
2056 2735 2221 2791 festos

641 2826 935 2896 transigere
962 2826 1231 2880 curavisse
1271 2826 1324 2879 in
1357 2826 1563 2894 magnis
1600 2825 1842 2881 urbibus.
1886 2826 1928 2879 A
1960 2824 2219 2896 Philippis

638 2920 869 2988 navigat.
894 2919 981 2973 tibi
1002 2933 1089 2974 res
1113 2918 1199 2973 illa
1228 2919 1370 2973 circa
1390 2933 1662 2973 carcerem
1688 2918 2006 2987 contigerat.
2036 2917 2216 2973 Tertia

638 3020 816 3064 autem
844 3009 963 3063 vice
993 3010 1043 3062 in
1075 3008 1438 3064 Macedoniam
1485 3009 1661 3074 venit,
1692 3018 1745 3063 et
1774 3009 1997 3063 multum
2029 3009 2217 3063 testifi-

636 3110 789 3153 catur
826 3099 896 3155 do
938 3098 1417 3168 Pbilippensibus;
1462 3097 1689 3167 ideoque
1737 3096 1859 3153 illic.
1888 3097 2218 3153 demoratur.

637 3193 692 3247 Ἰ.
726 3190 845 3247 Una
868 3200 1035 3245 autem
1059 3193 1401 3257 sabbatorum,
1424 3208 1541 3245 cunt
1561 3192 1966 3247 convenissemus
1988 3191 2058 3245 ad
2078 3194 2222 3263 {ran—

637 3282 856 3352 gendum
892 3300 1094 3353 panem,
1124 3282 1320 3337 Paulus
1362 3282 1654 3351 disputabat
1710 3300 1826 3337 cum
1859 3285 1929 3338 eis
1957 3289 2218 3357 profectu-

636 3392 725 3430 m
751 3392 772 3440 ς
798 3377 1145 3445 ρνοιταίιὶιᾳκε
1175 3392 1454 3429 sermonem
1478 3392 1636 3446 usque
1670 3376 1723 3429 in
1750 3376 1969 3430 mediam
2000 3390 2217 3432 noctem.

640 3465 773 3518 Vide
813 3466 1083 3535 quomodo
1118 3465 1295 3519 omnia
1341 3465 1791 3535 poslbaberentur
1820 3466 2210 3536 praedicationi.

638 3556 952 3611 Pcntceoue
988 3564 1113 3611 tunc
1160 3567 1308 3623 erat,
1341 3566 1397 3612 et
1443 3556 1558 3611 dies
1610 3557 1928 3623 Dominica;
1973 3559 2064 3614 ille
2090 3574 2219 3615 vero

636 3662 803 3716 usque
829 3647 895 3701 ad
918 3648 1087 3703 noctis
1106 3648 1385 3703 dimidium
1412 3662 1716 3703 sermonem
1746 3652 2008 3719 protraxit
2032 3668 2047 3716 ;
2081 3652 2219 3708 adeo

638 3737 1019 3806 discipulorum
1055 3740 1282 3795 salutem
1312 3740 1586 3809 cupiebat,
1623 3751 1679 3796 ut
1716 3757 1785 3796 ne
1813 3753 1974 3798 noctu
2001 3744 2216 3815 quidem

640 3840 878 3889 taceret;
910 3829 1017 3885 imo
1049 3840 1171 3885 tunc
1207 3832 1373 3900 magis
1401 3834 1713 3899 dissereret,
1746 3836 1887 3903 quod
1912 3838 2064 3906 quies
2094 3848 2219 3893 tunc

636 3932 805 3977 esset.
829 3922 954 3977 Vide
972 3938 1127 3993 quam
1151 3925 1371 3978 multum
1392 3924 1703 3992 dissereret,
1722 3928 1881 3981 etiam
1905 3938 2025 3999 post
2047 3930 2217 4000 ipsum

638 4028 806 4068 emine
835 4025 1059 4083 tempus.
1089 4014 1191 4070 Sed
1224 4015 1416 4070 festum
1458 4017 1692 4073 turbavit
1716 4018 1977 4085 diabolus,
2006 4037 2105 4076 nec
2136 4032 2216 4077 ta-

639 4120 760 4158 men
791 4106 1088 4173 pnevaluit,
1120 4121 1240 4173 cum
1272 4106 1567 4162 auditorem
1602 4108 1657 4163 iu
1683 4123 1931 4165 somnum
1958 4111 2217 4168 demersit

640 4205 694 4251 et
718 4197 910 4264 deiecit
944 4217 955 4250 :
989 4198 1129 4268 quod
1154 4208 1210 4253 ut
1234 4200 1536 4270 contigerit,
1560 4201 1639 4256 sic
1663 4213 1877 4257 enarrat
1903 4206 2175 4276 pergendo
2199 4226 2214 4261 :

640 4288 691 4343 8.
731 4286 892 4340 Erant
915 4300 1078 4342 autent
1096 4291 1355 4359 lampades
1374 4293 1591 4361 captiosa:
1612 4295 1662 4347 in
1686 4296 1961 4362 ctenaculo,
1998 4298 2081 4350 ubi
2106 4316 2218 4351 era-

640 4396 750 4432 mus
775 4383 1084 4450 congregati.
1108 4382 1161 4435 9.
1187 4381 1378 4436 Sedens
1399 4395 1567 4436 autem
1586 4386 1791 4455 quidam
1812 4388 2101 4441 adolescens
2128 4406 2219 4442 no-

639 4473 772 4525 utine
796 4470 1058 4542 Eutychus
1087 4491 1237 4544 super
1262 4475 1553 4543 fenestram,
1575 4493 1686 4529 cum
1716 4490 2021 4548 mergeretur
2042 4496 2217 4535 somno

638 4566 810 4636 gravi,
844 4566 1129 4636 disputante
1164 4569 1252 4620 diu
1284 4567 1483 4633 Paulo,
1524 4569 1702 4622 ductus
1740 4586 1913 4624 somno
1954 4573 2129 4626 cecidit
2157 4577 2219 4626 de

641 4658 783 4712 tertio
814 4659 1069 4711 caenaculo
1098 4658 1329 4711 deorsum
1348 4701 1364 4725 ,
1395 4671 1443 4713 et
1472 4661 1696 4714 sublatus
1741 4672 1813 4715 cst
1848 4674 2090 4717 mortuus.
2127 4665 2212 4719 ω.

638 4748 765 4801 Cum
796 4750 1124 4803 descendisset
1156 4749 1369 4816 Paulus,
1402 4754 1623 4807 incubuit
1652 4772 1803 4823 super
1834 4773 1979 4820 eum,
2008 4768 2054 4810 et
2081 4776 2218 4811 cont-

640 4841 815 4911 plexus
846 4840 971 4893 dixit
1002 4857 1019 4893 :
1060 4839 1229 4893 Nolite
1258 4844 1446 4896 turbari
1468 4862 1484 4907 ;
1514 4849 1683 4898 anima
1713 4848 1841 4898 enim
1876 4850 1987 4916 ejus
2024 4850 2074 4901 in
2105 4850 2221 4917 ipso

636 4940 731 4984 est.
753 4930 774 4984 I
793 4930 837 4984 ι.
863 4931 1145 4985 Ascendens
1166 4942 1349 4997 autem,
1374 4938 1703 5005 [tangensque
1722 4954 1901 5006 pauent
1920 4950 1964 4992 et
1981 4952 2213 5009 gustatis,

636 5024 855 5093 satisque
893 5023 1178 5092 alloquutns
1210 5042 1365 5095 usque
1407 5028 1457 5079 in
1499 5030 1686 5094 lucem,
1731 5033 1802 5084 sic
1839 5036 2090 5101 profectus
2120 5047 2218 5093 est.

638 5115 726 5168 12.
758 5114 1093 5169 Adduxerunt
1126 5128 1291 5171 autent
1325 5138 1535 5189 puerum
1571 5123 1813 5176 viventem
1834 5166 1848 5191 ,
1880 5136 1926 5177 et
1969 5129 2216 5181 consolati

637 5216 751 5259 sunt
777 5224 877 5260 non
901 5211 1123 5263 minime.
1141 5209 1289 5274 Vide,
1306 5228 1508 5281 qmeso,
1532 5214 1819 5280 theatrum,
1849 5225 1905 5270 ut
1931 5228 2081 5272 erant
2111 5235 2217 5273 una

639 5296 1197 5369 eoacti:Congrcgatis
1222 5302 1357 5355 enim
1386 5302 1675 5373 discipulis,
1723 5305 1926 5377 inquit;
1947 5311 2219 5382 etiamque

643 5389 849 5457 signum
898 5393 1050 5460 quale
1091 5392 1245 5445 fuerit
1284 5397 1665 5463 perpendezin
1713 5400 1943 5454 fenestra
1987 5419 2221 5473 namque

640 5480 897 5544 sedebat,
930 5484 1133 5551 inquit,
1163 5493 1217 5537 et
1261 5484 1571 5556 intempesta
1615 5502 1793 5548 nocte.
1826 5493 2057 5550 Tantum
2099 5510 2215 5553 erat

639 5570 939 5625 auditorum
975 5574 1318 5631 desiderium.
1354 5578 1739 5635 Ernbescamus
1770 5599 1899 5650 nos,
1926 5588 2013 5655 qui
2042 5602 2218 5657 noque

642 5660 691 5713 in
721 5660 808 5716 die
836 5661 939 5717 hoc
967 5662 1208 5720 iacimus.
1242 5665 1345 5721 Sed
1378 5668 1589 5733 Paulus,
1623 5673 1848 5741 inquies,
1884 5688 2010 5731 tunc
2038 5678 2212 5735 disse-

637 5755 807 5809 rebat.
834 5753 971 5822 Quid
1000 5756 1331 5813 dicis?Nune
1360 5775 1567 5831 quoque
1597 5763 1789 5819 Paulus
1819 5766 2033 5824 disserit
2057 5812 2069 5833 ,
2104 5772 2213 5825 imo

638 5861 761 5901 vero
786 5864 957 5920 neque
988 5858 1109 5905 tunc
1135 5866 1303 5922 neque
1342 5868 1483 5911 nunc
1512 5855 1722 5925 Paulus,
1752 5859 1844 5915 sed
1867 5860 2126 5929 Christus,
2161 5874 2211 5918 ct

2334 733 2490 773 nemo
2524 718 2688 776 audit.
2724 720 2839 778 Non
2867 725 3106 784 fenestra
3138 747 3279 787 nunc
3305 743 3406 801 est,
3439 750 3544 790 non
3586 738 3773 806 fames,
3810 757 3918 795 nun

2329 824 2547 866 somnus
2587 813 2949 885 interturbat;
2996 832 3046 876 et
3097 831 3275 879 tanton
3316 842 3421 883 non
3468 830 3757 887 audimus:
3807 848 3919 887 non

2328 912 2413 959 est
2438 908 2675 975 angustia
2706 907 2837 975 loci,
2871 926 2975 967 non
3006 913 3149 969 aliud
3180 917 3450 989 quidpiam
3480 923 3674 979 simile.
3718 924 3906 993 Quod-

2328 1010 2432 1064 que
2457 998 2647 1052 mirum
2678 1011 2760 1054 est
2789 1002 3002 1059 etiamsi
3031 1004 3343 1063 adolescens
3369 1023 3533 1079 055M,
3560 1030 3662 1069 non
3690 1026 3812 1071 erat
3842 1019 3920 1086 pi-

2328 1102 2442 1156 ger,
2460 1100 2511 1143 et
2529 1106 2715 1147 somno
2738 1107 2985 1163 gravatus
3012 1112 3115 1152 non
3143 1100 3409 1167 discessit,
3428 1122 3600 1175 neque
3622 1110 3919 1178 periculum

2328 1180 2654 1251 formidavit,
2677 1202 2742 1241 ne
2764 1187 3053 1245 laberetur.
3078 1192 3230 1261 Quod
3247 1197 3292 1249 si
3314 1196 3612 1253 dormitanti
3633 1201 3919 1268 deciderit,

2329 1290 2397 1329 ne
2428 1276 2678 1345 mireris;
2721 1296 2893 1349 neque
2920 1285 3065 1339 enim
3096 1302 3161 1342 ex
3204 1288 3407 1359 ignavia
3438 1291 3791 1363 domitabat,
3824 1297 3920 1352 sed

2327 1383 2391 1421 ex
2418 1381 2619 1423 natura:
2648 1373 2986 1430 necessitate.
3012 1376 3090 1431 Tu
3116 1394 3245 1434 vero
3271 1383 3601 1451 consideres,
3634 1387 3820 1453 velim,
3853 1388 3919 1442 il-

2327 1458 2409 1513 los
2440 1470 2585 1515 tanto
2612 1463 2789 1517 studio
2818 1475 2994 1522 motos
3025 1466 3190 1525 fuisse
3211 1511 3228 1537 ,
3259 1482 3314 1526 ut
3343 1475 3504 1528 etiam
3534 1477 3585 1529 in
3628 1476 3784 1532 tertio
3808 1492 3924 1535 cm-

2326 1554 2520 1608 naculo
2557 1568 2777 1625 essent;
2818 1560 3051 1616 nondum
3103 1564 3246 1619 enim
3287 1576 3403 1622 erat
3442 1570 3586 1625 ecelc
3626 1574 3688 1623 ἰ.
3740 1570 3924 1628 Nolite

2326 1648 2539 1712 turbari,
2565 1650 2734 1719 inquit
2760 1669 2773 1718 ;
2804 1655 2973 1707 anima
2995 1657 3128 1710 enim
3156 1656 3265 1724 eius
3286 1660 3339 1713 in
3362 1661 3475 1731 ipso
3497 1675 3590 1716 est.
3618 1664 3732 1718 Non
3757 1664 3919 1727 dixit,

2323 1736 2617 1809 Resurgct,
2668 1744 2937 1799 suscitabo
2976 1748 3120 1801 enim
3172 1750 3361 1818 illum;
3394 1753 3486 1808 sed
3520 1755 3695 1825 quid?
3738 1755 3922 1811 Nolite

2324 1832 2534 1918 turbari.
2567 1832 2699 1889 Vide
2736 1852 2894 1905 quam
2924 1839 2993 1894 sit
3019 1856 3047 1894 a
3076 1841 3216 1897 fastu
3246 1844 3474 1912 alienus,
3508 1862 3663 1918 quam
3687 1848 3752 1903 ad
3779 1865 3920 1904 con-

2323 1909 2602 1979 solandum
2634 1944 2853 1997 pronus.
2880 1931 3193 2003 Ascendens,
3230 1936 3420 2007 inquit,
3452 1951 3499 1994 et
3540 1945 3781 2014 frangens
3824 1962 3923 2011 pa-

2323 2031 2433 2067 nem
2457 2026 2501 2069 et
2521 2028 2747 2086 gustatis.
2776 2021 2884 2076 [loc
2900 2038 3202 2081 sermonem
3228 2027 3602 2098 interpellavit,
3629 2050 3728 2089 nee
3754 2036 3918 2091 laesit.

2324 2104 2511 2160 Vidcn‘
2535 2125 2702 2165 orente
2734 2111 3092 2184 frugalitatem
3114 2120 3137 2173 ἵ
3162 2119 3231 2173 Et
3250 2132 3461 2193 gustatis
3481 2166 3495 2191 ,
3527 2125 3733 2196 inquit,
3764 2130 3919 2184 satis-

2322 2216 2367 2267 q.
2393 2217 2418 2251 e
2440 2202 2729 2272 alloquutus
2760 2224 2913 2277 usque
2934 2211 3002 2263 ad
3021 2212 3205 2279 lucem,
3230 2216 3303 2270 sic
3329 2218 3583 2288 profectus
3603 2230 3693 2276 est.
3723 2222 3920 2278 Viden'

2322 2293 2595 2359 quomodo
2620 2308 3002 2365 pernoctarcnt
3024 2304 3046 2356 ἲ
3068 2303 3226 2360 Tales
3246 2318 3399 2362 erant
3419 2324 3641 2375 mensae,
3664 2322 3722 2367 ut
3748 2315 3918 2370 sobrii

2321 2382 2564 2453 discipuli
2591 2387 2820 2453 abirent,
2847 2401 2899 2446 et
2925 2394 2990 2447 ad
3008 2395 3331 2453 audiendum
3364 2404 3617 2471 prompti.
3652 2405 3787 2472 Quid
3817 2423 3919 2462 nos

2320 2490 2349 2527 a
2378 2476 2598 2531 canibus
2626 2479 2970 2538 differimus?
2998 2485 3185 2543 Videte
3214 2502 3469 2560 quantum
3497 2495 3568 2549 sit
3597 2496 3916 2557 discrimen.

2321 2565 2658 2623 Adduxerunt
2684 2582 2849 2627 autem
2874 2593 3086 2646 puerum
3112 2581 3354 2637 viventem
3381 2590 3421 2648 ι,
3454 2596 3501 2639 et
3522 2588 3773 2643 consolati
3794 2602 3919 2645 sunt

2322 2674 2422 2711 non
2461 2661 2682 2717 minime.
2726 2666 2968 2736 Magnam
3008 2672 3277 2743 accipiunt
3314 2679 3761 2744 consolationem,
3802 2694 3916 2738 tum

2321 2752 2441 2819 quia
2469 2752 2644 2810 vivum
2675 2769 3016 2830 acceperunt,
3043 2774 3153 2818 tum
3182 2768 3305 2835 quia
3331 2768 3543 2838 signum
3574 2770 3775 2827 factum
3807 2784 3914 2829 est.

2322 2843 2409 2897 15.
2435 2841 2546 2899 Nos
2561 2856 2725 2903 autem
2743 2853 3065 2910 ascendentes
3084 2859 3269 2923 navim,
3292 2863 3636 2934 navigavimus
3652 2867 3703 2920 in
3721 2867 3915 2937 Asson,

2320 2935 2439 2991 inde
2477 2943 2759 3010 suscepturi
2799 2940 3025 3002 Paulum
3066 2964 3086 3003 :
3112 2952 3187 3005 sic
3226 2954 3359 3007 enim
3404 2956 3724 3028 disposuerat
3769 2935 3915 3030 ipse,

2322 3045 2411 3096 per
2436 3039 2621 3086 terram
2648 3033 2741 3088 iter
2767 3039 3014 3107 facturus.
3043 3040 3129 3097 M.
3161 3041 3286 3098 Cum
3315 3054 3483 3101 autem
3508 3050 3918 3108 convenissemus

2320 3122 2375 3174 in
2403 3122 2583 3190 Asson,
2601 3136 2862 3197 assumpto
2886 3146 2945 3185 eo
2966 3133 3187 3189 venimus
3206 3135 3503 3208 Mitylenen.
3528 3140 3684 3213 Sa-pe
3712 3143 3918 3201 Paulus

2320 3227 2350 3307 a
2381 3214 2658 3307 discipulis
2685 3233 3013 3293 segregatnr.
3050 3225 3189 3283 Ecce
3218 3243 3449 3301 namque
3485 3233 3595 3303 jam
3626 3236 3716 3291 ille
3744 3240 3915 3307 pedes

2322 3305 2427 3362 iter
2454 3306 2602 3376 facit,
2635 3310 2712 3366 illi
2742 3328 2872 3368 vero
2907 3316 3068 3373 navi:
3101 3320 3242 3390 quod
3272 3321 3443 3378 levius
3472 3335 3590 3380 erat
3618 3327 3723 3385 illis
3743 3305 3911 3397 cedit,

2320 3398 2462 3467 quod
2494 3401 2769 3460 molestius
2786 3404 2900 3477 ipse
2915 3410 3159 3465 assumit.
3182 3411 3352 3469 Pedes
3373 3414 3505 3482 ibat,
3526 3425 3635 3473 tum
3660 3430 3717 3475 ut
3741 3420 3914 3477 multa

2319 3490 2674 3561 dispensaret,
2700 3503 2809 3550 tum
2839 3507 2896 3553 ut
2914 3498 3137 3561 doceret
3158 3503 3299 3572 illos,
3323 3521 3392 3561 ne
3416 3507 3485 3563 ab
3507 3522 3567 3564 se
3591 3526 3914 3581 separaren-

2321 3588 2424 3635 tur.
2460 3582 2547 3638 15.
2579 3584 2645 3639 Et
2673 3586 2792 3641 inde
2816 3589 3128 3661 navigantes,
3157 3598 3383 3662 sequenti
3417 3600 3503 3655 die
3523 3602 3754 3658 venimus
3780 3621 3911 3659 con-

2319 3680 2398 3725 tra
2423 3674 2603 3729 Chium
2632 3694 2650 3741 ,'
2672 3682 2897 3746 sequenti
2916 3698 3032 3738 vero
3051 3688 3347 3756 appulimus
3366 3690 3604 3758 Samum,
3627 3706 3675 3749 et
3696 3714 3918 3752 araneu-

2321 3776 2392 3821 tes
2418 3767 2678 3839 Trogylii",
2703 3775 2931 3843 sequenti
2956 3775 3040 3829 die
3065 3778 3291 3834 venimus
3322 3781 3575 3839 Miletum.
3608 3785 3745 3844 Vide
3773 3804 3916 3861 quo-

2322 3858 2481 3912 modo
2522 3861 2808 3918 festinante
2837 3864 3006 3920 Paulo
3045 3880 3301 3941 pergunt,
3330 3889 3429 3929 nec
3459 3891 3637 3933 moras
3667 3858 3915 3950 trahunt,

2319 3949 2412 4003 sed
2451 3960 2777 4020 prastereunt
2806 3954 3026 4013 insulas.
3058 3960 3145 4016 16.
3176 3961 3523 4033 Proposuerat
3551 3971 3684 4025 enim
3708 3970 3917 4030 Paulus

2320 4044 2700 4114 transnavigare
2742 4045 3041 4118 Ephesum,
3086 4062 3143 4106 ut
3173 4071 3333 4125 neque
3374 4074 3518 4112 mora
3557 4061 3639 4114 illi
3683 4074 3818 4119 esset
3861 4069 3917 4121 in

2318 4134 2457 4187 Asia.
2490 4134 2783 4193 Festinabat
2823 4152 2992 4196 autem
3030 4144 3077 4199 si
3113 4148 3350 4215 possibile
3378 4150 3474 4205 sibi
3503 4165 3649 4222 esset,
3680 4165 3737 4210 ut
3775 4158 3915 4213 diem

2318 4222 2640 4283 Pentecostes
2662 4241 2831 4300 ageret
2853 4232 3206 4307 Jerosolymis.

2388 4316 2443 4370 2.
2484 4318 2614 4387 Qua:
2644 4321 2758 4376 lucc
2800 4323 3113 4382 festinatio?
3145 4329 3260 4387 Non
3300 4345 3518 4405 propter
3550 4336 3768 4403 festum,
3814 4343 3913 4399 sed

2321 4419 2536 4477 propter
2562 4412 2974 4473 multitudinem.
3004 4420 3171 4476 Simul
3200 4424 3415 4481 Iudaeos
3430 4443 3495 4482 ex
3522 4445 3588 4485 eo
3613 4432 3908 4500 alliciebat,

2319 4502 2456 4569 quod
2506 4502 2817 4563 festivitates
2856 4510 3055 4567 coleret
3082 4529 3096 4578 ;
3128 4515 3287 4572 simul
3327 4530 3384 4573 et
3428 4520 3674 4577 inimicos
3714 4541 3916 4595 rapere

2319 4593 2417 4647 sibi
2441 4596 2683 4665 cupiens,
2709 4598 3226 4663 festinabatverbum
3244 4614 3587 4669 annuntiare.
3611 4615 3748 4672 Vide
3776 4593 3920 4689 ergo

2318 4698 2571 4756 quantum
2616 4690 2814 4746 factum
2853 4696 2923 4749 sit
2964 4697 3206 4764 lucrum,
3252 4704 3503 4759 omnibus
3529 4712 3908 4776 prarsentibus.

2319 4779 2466 4834 Alias
2487 4795 2632 4843 vero,
2656 4799 2722 4838 ne
2749 4784 2963 4853 Ephesii
2998 4791 3410 4860 negligerentnr,
3441 4796 3546 4850 alio
3572 4798 3910 4871 dispensarit

2319 4873 2497 4926 modo.
2528 4874 2631 4930 Sed
2656 4881 2898 4947 superius
2927 4882 3064 4937 dicta
3086 4896 3415 4953 repetamus.
3442 4890 3508 4945 Et
3529 4894 3793 4961 salutatis,
3821 4898 3910 4951 in-

2318 4965 2451 5033 quit,
2476 4967 2736 5039 discipulis
2753 5012 2770 5037 ,
2793 4975 3051 5042 profectus
3078 4986 3185 5045 est,
3214 4991 3268 5031 ut
3292 4981 3387 5034 iret
3414 4983 3469 5036 in
3501 4984 3865 5042 Macedonians
3898 5032 3910 5054 ,

2320 5065 2364 5109 et
2392 5058 2688 5113 exhortatus
2718 5079 2800 5118 eos
2827 5081 3052 5119 sermone
3090 5070 3271 5137 multo,
3295 5074 3428 5127 venit
3452 5075 3505 5129 in
3534 5076 3811 5133 Grtzciam.
3847 5082 3916 5137 Et

2318 5147 2396 5201 sic
2428 5166 2637 5205 rursum
2669 5157 2964 5219 recreavit,
3011 5174 3256 5229 magnam
3287 5163 3423 5219 dans
3450 5168 3909 5227 consolationem.

2320 5238 2452 5295 Vide
2498 5243 2690 5315 ubique
2737 5246 2886 5300 illum
2945 5263 3193 5309 sermone
3250 5258 3429 5311 omnia
3488 5259 3911 5329 perﬁcientem,

2320 5350 2429 5388 non
2476 5352 2599 5390 vero
2639 5340 2825 5407 signis.
2862 5339 3256 5414 Navigaturum,
3287 5350 3384 5414 ait,
3412 5351 3464 5403 in
3499 5352 3729 5421 Syriam.
3760 5356 3910 5411 Coa-

2320 5426 2469 5481 t'tnuo
2497 5430 2647 5483 nobis
2687 5432 2831 5484 illum
2863 5436 3095 5489 ostendit
3118 5438 3459 5497 festinantem
3490 5444 3544 5499 in
3574 5444 3809 5517 Syriam.
3856 5451 3917 5503 In

2319 5536 2471 5575 causa
2501 5534 2612 5576 erat
2637 5522 2871 5577 ECClelu
2899 5536 2952 5579 et
2979 5527 3313 5601 Jerosolyma
3337 5550 3351 5598 ;
3381 5536 3458 5591 sie
3486 5539 3832 5596 desiderabat
3858 5556 3911 5598 et

2318 5627 2432 5680 qua:
2461 5612 2566 5666 illic
2589 5624 2742 5667 erant
2763 5616 3029 5673 ordinare.
3059 5621 3223 5690 Atqui
3250 5640 3359 5679 non
3376 5642 3566 5699 magna
3594 5630 3767 5687 Troas
3792 5650 3872 5688 est
3897 5653 3912 5698 ;

2378 5810 2905 5921 {btlwlmgtdduxcrtau
2929 5827 3089 5873 autem
3120 5837 3334 5889 puerum
3371 5826 3602 5880 virentem
3621 5869 3635 5887 .
3654 5831 3839 5885 desunt.
3867 5840 3911 5886 in

2388 5916 2389 5919 η
2448 5890 2564 5921 trait!
2609 5910 2617 5921 .

2316 5888 2375 5935 qu
2388 5916 2389 5919 η
2401 5888 2617 5923 υυπιιιιειι.
