4094 6336
157 422 245 477 505

153 555 235 591 cur
261 549 378 607 ergo
418 550 513 605 per
553 541 765 604 septem
807 531 923 587 dies
956 530 1063 586 illic
1092 532 1349 585 manent?
1379 530 1562 600 Magna
1590 529 1701 583 for-

158 644 278 681 tasse
299 637 405 680 erat
439 623 733 679 secundum
764 623 997 677 fidelium
1026 638 1324 677 numerum.
1362 622 1569 675 Etcum
1598 621 1713 674 dies

154 731 334 789 septem
359 719 429 772 ibi
452 716 757 781 mansisset,
784 713 1027 784 sequenti
1052 724 1262 768 noctein
1292 713 1342 766 in
1369 712 1612 766 docendo
1636 712 1710 764 in-

156 812 395 878 sumpsit:
426 810 494 862 ita
523 823 665 877 agre
696 808 811 876 ipse
840 806 907 859 ab
950 805 1051 859 illis
1072 845 1087 869 ,
1122 805 1199 859 illi
1236 804 1303 858 ab
1340 803 1456 873 ipso
1491 801 1712 857 divelle-

158 904 341 954 bantur.
372 896 501 953 Cum
542 898 939 952 convenisscmus
962 938 976 962 ,
1024 895 1230 966 inquit,
1277 894 1345 947 ad
1374 892 1711 963 frangendum

156 1010 329 1063 panem.
370 992 455 1045 Ab
482 992 599 1059 ipso
629 1002 869 1059 tempore
889 1032 902 1054 ,
943 1005 1049 1060 quo
1073 990 1279 1043 esurire
1314 995 1714 1042 monstrabatur

158 1086 261 1154 (nec
285 1093 398 1137 erat
432 1084 559 1136 illud
588 1080 1071 1152 intempestivum),
1096 1093 1275 1134 sermo
1294 1091 1503 1147 emptus
1527 1089 1711 1131 exten-

155 1194 229 1229 sus
254 1187 363 1231 est:
399 1179 471 1229 ita
516 1185 571 1229 ttt
611 1191 730 1229 cum
772 1190 874 1229 non
913 1174 1180 1243 prmcipue
1220 1172 1600 1228 convenissent
1638 1171 1708 1224 ad

154 1268 445 1328 doctrinam,
478 1268 571 1322 sed
599 1267 665 1320 ad
697 1264 1044 1336 frangendum
1071 1280 1281 1334 panem,
1312 1264 1400 1317 ubi
1427 1264 1477 1317 in
1505 1278 1710 1317 sermo-

154 1374 255 1412 nem
303 1359 523 1423 incidit,
578 1359 875 1412 doctrinam
931 1358 1190 1411 extendit.
1252 1356 1384 1409 Vide
1440 1354 1710 1424 «ptuinodo

156 1465 324 1503 inuisa:
346 1450 500 1503 Pauli
535 1465 722 1503 tunnes
753 1450 1038 1519 participes
1066 1456 1265 1503 essent.
1300 1446 1521 1501 Videtur
1544 1446 1669 1499 mihi
1692 1487 1707 1512 ,

155 1542 298 1608 ipsum
327 1541 389 1595 ad
425 1556 670 1594 mensam
700 1540 974 1596 sedentem
1002 1540 1335 1605 disseruisse,
1369 1555 1467 1594 nos
1507 1540 1708 1594 docen-

154 1640 239 1684 tem
279 1631 354 1685 his
383 1633 566 1685 omnia
613 1647 733 1686 esse
772 1631 1161 1701 postponentia.
1204 1630 1569 1701 lmaginamini
1607 1633 1708 1687 do-

153 1738 273 1775 mum
303 1723 442 1776 illam
464 1765 480 1788 ,
518 1721 569 1776 in
597 1738 697 1792 qua
745 1722 1019 1791 lampades
1048 1732 1239 1788 erant,
1270 1723 1359 1777 ubi
1402 1723 1587 1787 turba,
1619 1724 1707 1778 ubi

154 1815 315 1869 Paulus
344 1817 557 1871 medius
584 1816 908 1881 disserebat,
942 1817 1029 1870 ubi
1059 1816 1318 1872 fenestras
1354 1818 1506 1871 multi
1544 1833 1707 1872 oceu-

154 1909 349 1975 pabattt,
392 1919 451 1961 nt
478 1908 657 1962 tubam
690 1908 831 1962 illam
864 1908 1144 1974 audirent,
1183 1918 1238 1963 et
1264 1910 1557 1979 gratiosum
1588 1909 1707 1963 vul-

152 2008 242 2050 tum
267 1999 603 2067 inspicerent.
637 2000 832 2068 Quales
860 2000 1023 2055 fuisse
1053 2000 1345 2067 auditores,
1375 2012 1427 2055 et
1455 2011 1707 2071 quantam

154 2088 253 2142 hinc
296 2079 567 2159 accepisse
628 2092 952 2159 voluptatein
1011 2092 1195 2160 putas?
1242 2089 1349 2145 Cur
1379 2103 1559 2146 autent
1612 2108 1708 2147 no.

152 2190 220 2232 ctu
254 2180 584 2235 dis»erebat?
624 2182 753 2246 Quia
796 2184 1116 2250 migraturus
1155 2194 1268 2238 erat
1293 2225 1308 2249 ,
1334 2195 1387 2237 et
1417 2200 1523 2237 non
1572 2185 1706 2237 ultra

154 2270 296 2337 ipsum
324 2273 490 2325 visuri
521 2282 677 2326 erant
705 2292 715 2325 :
754 2289 935 2326 verum
971 2274 1071 2328 huc
1101 2289 1204 2327 non
1239 2275 1341 2328 illis
1362 2316 1377 2338 ,
1412 2285 1599 2344 utpote
1630 2277 1708 2330 in-

154 2363 463 2428 firmioribus,
500 2364 649 2425 dicit.
680 2366 771 2417 sed
799 2366 916 2419 aliis
943 2366 1177 2423 dicebat.
1204 2366 1340 2434 Quin
1361 2378 1414 2421 et
1442 2376 1707 2435 patratum

152 2454 429 2509 miraculum
472 2456 526 2509 id
573 2457 871 2521 efficiebat,
904 2466 959 2509 ut
984 2473 1197 2526 semper
1226 2460 1395 2513 noctis
1425 2459 1565 2513 illius
1592 2475 1706 2513 me-

153 2545 343 2598 moriam
374 2558 677 2601 servarent.
723 2547 909 2619 Magna
937 2549 1238 2603 auditorum
1267 2549 1512 2619 voluptas
1535 2592 1547 2614 ,
1588 2566 1707 2621 qua:

151 2635 284 2690 etiam
322 2621 673 2695 interiurbata
719 2641 885 2709 magis
918 2640 1140 2694 adaucta
1183 2640 1309 2705 fuit;
1341 2652 1500 2713 atque
1532 2644 1603 2696 ita
1654 2644 1704 2697 in

151 2726 353 2781 doctoris
371 2730 605 2799 gratiam
627 2745 781 2785 casus
805 2730 893 2786 ille
912 2732 1111 2786 evenit.
1137 2733 1387 2804 Alioquin
1412 2749 1539 2789 vero
1559 2735 1709 2804 igna-

152 2833 228 2871 vos
250 2836 427 2875 omnes
451 2822 550 2875 ille
576 2820 947 2890 increpaturus
974 2832 1111 2888 erat,
1144 2824 1233 2894 qui
1261 2833 1501 2879 mortuus
1526 2836 1628 2889 est,
1653 2837 1709 2880 ut

154 2909 343 2963 l‘anhnn
372 2912 607 2965 audiret.
638 2913 702 2967 Et
728 2929 843 2971 cur.
869 2913 1077 2984 inquies
1097 2956 1109 2978 ,
1144 2915 1350 2984 singula
1380 2926 1627 2970 recenset
1654 2926 1708 2971 et

151 3001 267 3056 unde
292 3006 553 3067 venerint,
586 3017 640 3059 et
665 3021 773 3075 quo
788 3005 1101 3076 -migrarint,
1134 3016 1189 3062 et
1212 3023 1378 3077 quare
1409 3009 1497 3064 ille
1522 3010 1707 3063 demo-

151 3104 274 3148 nitus
296 3096 390 3160 sit,
434 3112 501 3151 ac
538 3113 670 3165 quas
709 3099 868 3151 etiam
897 3108 1071 3168 partes
1113 3101 1608 3170 praiternavigarit?
1641 3101 1707 3156 Ut

153 3185 333 3237 interim
363 3188 676 3240 ostenderet
701 3228 715 3251 ,
766 3187 912 3241 illum
944 3188 1171 3243 lentiore
1198 3204 1357 3243 cursu
1387 3191 1702 3260 navigasse,

153 3276 284 3346 idque
319 3278 548 3332 humana
578 3280 805 3345 ratione,
837 3289 995 3349 atque
1017 3280 1178 3334 etiam
1210 3282 1701 3352 pnnternavigasse.

153 3365 462 3435 Proposuerat
507 3370 645 3423 enim
696 3373 1122 3439 prtetemaoigare
1176 3370 1468 3441 Ephesum,
1514 3383 1567 3426 ut
1616 3390 1707 3427 nec

152 3475 296 3519 mora,
338 3462 537 3529 inquit,
570 3462 659 3513 illi
679 3470 804 3514 esset
834 3462 885 3514 in
912 3462 1052 3513 Asia.
1085 3460 1267 3519 Bene:
1299 3479 1403 3516 non
1444 3464 1583 3517 enim
1613 3480 1708 3532 po-

155 3550 343 3615 tuisset,
374 3553 415 3605 si
446 3552 538 3605 illo
560 3553 819 3617 venisset,
850 3554 1314 3622 prmtertiavigare,
1346 3556 1469 3623 quia
1500 3556 1705 3611 noluis-

152 3649 219 3691 set
233 3642 539 3695 contristare
572 3643 712 3707 illos,
737 3644 823 3714 qui
851 3644 1021 3713 ipsum
1052 3645 1314 3714 precaturi
1340 3657 1491 3699 erant
1518 3656 1572 3700 ut
1595 3664 1707 3703 ma-

155 3744 293 3786 neret.
328 3733 421 3787 Vel
457 3734 560 3789 hac
605 3734 673 3789 de
712 3750 872 3789 causa
901 3746 1083 3801 certe,
1113 3738 1194 3790 vel
1222 3739 1361 3804 quod
1407 3736 1702 3795 festinaret.

157 3822 411 3878 l"estinabat
437 3828 598 3892 enim,
632 3827 830 3896 inquit,
863 3838 917 3879 at
940 3827 1375 3895 sipossibileesset
1404 3830 1537 3884 diem
1564 3829 1706 3885 Pen-

153 3927 327 3969 tecostes
361 3927 532 3987 ageret
577 3917 931 3989 Jerosolymis.
979 3918 1104 3973 ideo
1146 3920 1303 3990 igitur
1342 3938 1559 3978 manere
1598 3940 1705 3980 non

154 4016 346 4076 poterat.
378 4009 512 4063 Vide
557 4010 705 4063 illum
747 4012 907 4065 etiam
955 4009 1185 4065 humana
1217 4013 1419 4067 ratione
1459 4016 1703 4082 moveri,

152 4112 335 4165 cupere,
366 4100 648 4165 festinare,
673 4110 728 4155 et
750 4116 893 4170 sazpe
919 4114 1157 4170 optatum
1191 4116 1296 4155 non
1322 4104 1555 4173 assequi.
1583 4104 1707 4163 ldeo

152 4200 295 4243 autem
329 4191 439 4245 ll:l'C
472 4192 629 4255 fiunt,
659 4203 715 4244 ut
754 4207 821 4246 ne
850 4201 1096 4261 putemus
1124 4208 1185 4247 ea
1217 4192 1380 4248 fuisse
1408 4211 1567 4264 supra
1604 4196 1705 4250 hn-

155 4295 329 4337 manam
378 4296 651 4337 ttatnram.
699 4283 880 4337 Sancti
929 4286 1125 4353 quippe
1160 4293 1215 4337 et
1260 4286 1437 4354 tnagni
1487 4288 1562 4341 illi
1607 4289 1704 4343 viri

151 4374 356 4443 ejusdem
388 4386 544 4433 erant
564 4419 579 4439 ,
610 4378 764 4444 cujus
794 4391 890 4430 nos
910 4418 923 4441 ,
969 4387 1207 4439 natum;
1241 4378 1479 4449 ejusdem
1510 4381 1706 4435 volun-

152 4468 249 4519 tatis
281 4486 377 4521 non
422 4471 551 4524 item
583 4489 596 4524 :
630 4469 858 4539 ideoque
900 4486 1043 4538 sarpe
1083 4470 1306 4539 gratiam
1339 4473 1699 4529 attrahebant.

151 4556 258 4615 Vide
279 4576 423 4631 ergo,
455 4573 657 4632 quanta
691 4579 785 4631 per
807 4563 1011 4631 seipsos
1035 4566 1367 4632 provideant.
1401 4567 1526 4623 Ideo
1553 4568 1700 4623 dice-

149 4647 251 4701 bat:
283 4650 360 4705 Ne
395 4654 577 4707 demas
608 4652 937 4719 o/I'anionem
965 4655 1241 4710 volentibus
1273 4657 1348 4727 (2.
1374 4657 1490 4713 Cor.
1513 4660 1566 4714 6.
1598 4662 1695 4729 5);

150 4749 431 4808 etrursnnt.
484 4745 555 4800 Ut
603 4762 701 4797 non
746 4746 1050 4815 vituperetur
1079 4748 1406 4803 ministerium
1450 4760 1699 4806 nostrum.

151 4828 261 4885 Ecce
284 4846 327 4887 et
360 4829 626 4905 ittcitlpata
658 4836 786 4899 vita,
816 4848 871 4890 et
897 4840 1059 4891 multa
1092 4837 1435 4907 indulgentia.
1464 4842 1574 4897 Hoc
1602 4858 1698 4912 ap-

151 4923 341 4989 pellatur
377 4928 720 4991 meonomia,
777 4928 827 4981 in
860 4928 1095 4982 culmine
1136 4938 1191 4984 et
1231 4929 1445 5002 fastigio
1487 4934 1701 4990 virtutis

149 5029 268 5079 esse,
297 5028 345 5071 et
371 5019 732 5074 humilitatem
767 5020 1044 5076 exhibere.
1080 5021 1146 5076 Et
1170 5023 1294 5078 audi
1323 5027 1592 5095 quomodo
1621 5027 1696 5095 is,

147 5105 216 5171 qui
242 5121 492 5179 pracepta
532 5110 736 5165 Christi
776 5114 1213 5180 transcenderet,
1247 5121 1486 5171 omnium
1518 5126 1697 5176 tamen

149 5195 441 5255 humillimus
468 5210 638 5257 esset.
673 5203 915 5259 Omnibus
943 5206 1113 5258 omnia
1137 5209 1299 5277 factus
1327 5225 1471 5275 sum,
1504 5211 1694 5280 inquit,

147 5297 187 5337 ut
210 5304 357 5345 omnes
387 5292 713 5364 lacrifaciam
740 5296 818 5364 (I.
847 5295 968 5350 Cor.
1005 5296 1057 5352 9.
1099 5298 1215 5369 2-3).
1252 5298 1394 5354 Idem
1440 5303 1599 5357 etiam
1642 5304 1695 5359 in

148 5380 340 5443 pericula
370 5400 429 5439 se
464 5386 725 5451 immisit,
769 5397 827 5440 ιιι
851 5388 976 5442 alibi
1007 5390 1117 5443 ait:
1146 5389 1214 5444 In
1244 5395 1484 5460 patientia
1505 5397 1661 5448 multa
1680 5439 1692 5459 ,

150 5470 191 5524 in
206 5472 611 5539 tribulationibus,
636 5478 689 5531 in
715 5480 1107 5543 necessitatibus,
1137 5481 1190 5534 in
1211 5484 1480 5551 angustiis,
1509 5486 1561 5538 in
1585 5486 1695 5553 pla-

247 5564 294 5616 in
316 5570 600 5622 carceribus
627 5568 714 5638 (2.
740 5569 857 5624 Cor.
893 5571 945 5625 6.
979 5572 1031 5625 4.
1066 5573 1145 5640 5).
1181 5572 1401 5643 Magnus
1428 5578 1552 5631 item
1579 5588 1695 5633 erat

145 5651 236 5718 ejus
254 5670 392 5711 amor
419 5675 544 5730 erga
568 5660 863 5718 Christum.
890 5662 999 5717 Nisi
1021 5666 1163 5718 enim
1189 5668 1257 5720 ita
1283 5668 1488 5734 fuisset,
1513 5671 1691 5725 omnia

146 5746 373 5811 superflua
396 5749 574 5806 futura
604 5764 776 5817 erant,
799 5762 855 5831 et
876 5753 1321 5824 dispensationes,
1349 5768 1403 5814 et
1428 5759 1690 5831 inculpata

147 5836 257 5894 tua.
287 5853 330 5896 et
364 5845 620 5914 pericula.
658 5846 781 5912 Quis
809 5829 1113 5918 iii/irritatur,
1148 5851 1314 5923 inquit
1337 5893 1352 5920 ,
1386 5863 1429 5907 et
1464 5871 1553 5927 ego
1591 5836 1713 5911 non.

1088 415 1153 471 IN
1192 415 1367 470 ACTA
1411 413 1933 471 APOSTOLORUM.
1979 412 2208 469 liOMlL.
2250 410 2430 467 XLIII.

3308 413 3412 468 506

1818 528 2085 593 infirmor.’
2108 530 2222 599 quis
2249 526 2631 582 scandalizatur
2651 568 2664 592 ,
2707 536 2756 581 et
2795 543 2887 597 ego
2913 544 3012 581 non
3039 545 3160 582 uror
3189 528 3264 597 (‘3.
3291 528 3411 585 Cor.

1824 619 2063 688 11.29)?

1889 714 1940 767 5.
1971 713 2156 767 Omnia
2203 723 2409 783 propter
2458 717 2643 784 fratres
2701 713 2987 767 sesama.
3026 717 3162 767 Dant
3205 715 3414 768 retribu-

1820 805 1890 858 tio
1926 803 2181 870 differtur,
2214 816 2427 876 θυρσίων
2449 806 2736 859 donum.—
2759 805 2883 861 llaec
2910 816 2965 861 et
2985 822 3084 861 nos
3104 847 3118 871 ,
3151 807 3412 869 obsecro.

1819 896 1981 950 verba
2011 912 2282 951 seetemur
2304 940 2318 964 τ
2367 906 2422 954 et
2469 908 2688 967 propter
2718 898 2912 951 fratres
2943 906 3156 953 nostros
3187 898 3239 951 in
3272 898 3414 967 peri-

1811 988 1936 1039 cula
1964 1002 2061 1040 nos
2088 986 2457 1055 eonjiciamus.
2504 987 2629 1042 Sive
2662 987 2797 1057 ignis
2823 1029 2839 1053 ,
2869 988 2983 1041 sive
3010 987 3209 1041 ferrum
3235 987 3412 1065 adsit,

1820 1080 2045 1148 leipsum
2078 1081 2285 1148 conjice
2306 1120 2322 1145 ,
2357 1080 2580 1141 dilecte.
2614 1092 2671 1134 ut
2699 1081 3000 1135 membrum
3034 1090 3181 1134 tuttm
3204 1091 3367 1133 eruas
3397 1094 3414 1133 :

1816 1173 2021 1240 conjice
2068 1184 2159 1239 te,
2208 1189 2275 1227 ne
2322 1174 2528 1227 timeas.
2588 1174 2892 1245 Discipulos
2935 1188 2995 1229 es
3045 1173 3278 1237 Christi,
3320 1173 3411 1241 qui

1819 1273 2036 1331 propter
2082 1263 2279 1318 fratres
2310 1279 2438 1319 suos
2477 1265 2711 1319 animam
2762 1268 2939 1334 posuit
2970 1286 2983 1321 :
3016 1263 3413 1334 condiscipulus

1816 1369 1874 1407 es
1922 1354 2090 1419 Pauli,
2121 1356 2210 1426 qui
2256 1356 2418 1409 millia
2479 1358 2581 1409 nati
2631 1357 2802 1411 voluit
2846 1372 2942 1426 pro
2992 1356 3219 1411 inimicis
3263 1365 3316 1409 et
3354 1370 3413 1410 se

1817 1442 2247 1512 impugnantibus
2268 1466 2280 1499 :
2304 1446 2420 1499 zelo
2444 1446 2699 1516 replearis
2720 1489 2733 1510 ,
2758 1448 2968 1501 imitare
2990 1447 3246 1517 Moysem.
3272 1445 3414 1500 Vidit

1817 1536 1906 1589 ille
1950 1536 2148 1605 injuSIe
2180 1537 2364 1590 laesum
2392 1546 2447 1591 et
2475 1538 2618 1591 ultus
2647 1547 2729 1591 est
2756 1555 2770 1590 :
2804 1538 2977 1609 regias
3010 1538 3233 1592 delicias
3277 1553 3412 1592 con-

1817 1630 2067 1698 tempsit,
2118 1637 2174 1682 et
2220 1640 2441 1699 propter
2487 1629 2718 1684 afﬂictos
2772 1629 3032 1701 profugus
3081 1630 3213 1694 fuit,
3250 1646 3410 1696 erro,

1814 1721 2053 1789 cognatis
2101 1719 2390 1774 destitutus
2420 1730 2475 1775 et
2513 1720 2676 1775 domo
2706 1739 2719 1776 :
2753 1724 2805 1776 in
2852 1722 3025 1776 aliena
3077 1732 3219 1776 terra
3264 1722 3412 1792 degit

1815 1822 1962 1866 tanto
2010 1823 2287 1882 tempore,
2346 1828 2447 1868 nec
2498 1816 2737 1884 seipsum
2796 1814 3177 1884 reprehendit,
3235 1831 3412 1885 neque

1812 1904 1945 1958 dixit
1977 1922 1989 1955 τ
2022 1904 2159 1970 Quid
2189 1906 2289 1960 hoc
2310 1906 2430 1959 est?
2458 1905 2702 1975 Regnum
2730 1906 2982 1976 despexi;
3015 1915 3219 1960 tantum
3244 1906 3413 1962 hono-

1814 2011 1925 2051 retn
1972 2007 2026 2052 et
2071 1997 2291 2068 gloriam
2326 2016 2339 2052 :
2371 1999 2535 2052 malui
2587 1999 2745 2054 Ιωεοε
2790 2000 3012 2065 ulcisci,
3063 2001 3222 2071 idque
3271 2003 3411 2057 Deus

1813 2087 2090 2157 deSpexit,
2142 2105 2313 2159 neque
2364 2090 2523 2144 modo
2574 2107 2661 2146 me
2709 2092 2760 2146 in
2812 2093 3097 2161 pristinum
3149 2094 3409 2149 honorem

1813 2195 1917 2233 non
1962 2181 2212 2246 reduxit,
2243 2181 2337 2235 sed
2368 2182 2531 2238 etiam
2577 2182 2928 2253 quadraginta
2968 2184 3124 2238 annis
3156 2184 3207 2239 in
3238 2186 3412 2241 aliena

1814 2282 1949 2326 terra
1978 2272 2133 2342 dego.
2167 2274 2307 2329 Bene
2335 2274 2541 2330 scilicet
2571 2294 2583 2327 :
2614 2291 2719 2329 non
2748 2278 2891 2332 enim
2923 2279 3227 2333 mercedem
3257 2296 3414 2334 acce-

1812 2365 1884 2435 pi.
1919 2364 2024 2420 Sed
2071 2366 2203 2420 nihil
2253 2366 2441 2421 horum
2494 2368 2577 2423 vel
2605 2369 2771 2433 dixit,
2807 2371 2890 2424 vel
2923 2372 3197 2442 cogitavit.
3243 2374 3333 2427 Sic
3357 2383 3412 2427 et

1813 2466 1868 2510 tu
1906 2458 2063 2511 facito
2097 2474 2110 2511 :
2143 2458 2385 2525 etiamsi,
2414 2457 2541 2513 dum
2594 2460 2852 2515 beneficia
2904 2471 3159 2531 przestas,
3208 2464 3409 2535 aliquid

1812 2549 2031 2618 patiaris
2052 2592 2067 2615 ,
2100 2550 2308 2605 etiamsi
2341 2550 2407 2605 ad
2440 2552 2665 2607 multum
2716 2563 2959 2623 tempus,
3010 2571 3077 2610 ne
3119 2557 3411 2613 offendaris

1813 2654 1986 2709 neque
2016 2640 2249 2695 turberis
2282 2658 2295 2695 :
2329 2644 2552 2696 omnino
2595 2645 2903 2701 mercedem
2947 2647 3039 2701 tibi
3075 2648 3217 2702 Deus
3248 2652 3407 2704 retri-

1813 2731 1960 2787 buet.
1989 2735 2200 2800 Quanto
2230 2735 2397 2804 magis
2438 2736 2721 2791 retributio
2749 2737 2994 2793 diﬂ‘crtur
3014 2781 3029 2803 ,
3062 2750 3211 2796 tanto
3240 2743 3411 2811 magis

1811 2836 2073 2897 augentur
2103 2826 2328 2883 fmnora.
2363 2829 2667 2885 Habeamus
2705 2846 2834 2902 ergo
2860 2834 3093 2888 animam
3124 2837 3408 2890 commise-

1812 2918 2005 2971 rationi
2054 2918 2287 2973 deditam
2316 2961 2332 2987 ,
2379 2921 2670 2977 condolere
2722 2923 2983 2981 scientem
3024 2942 3038 2981 :
3079 2926 3211 2981 nihil
3269 2929 3409 2997 apud

1814 3024 1911 3064 nos
1932 3010 1998 3064 sit
2020 3009 2367 3067 inhumanum
2390 3014 2475 3069 vel
2496 3015 2733 3070 crudele.
2759 3016 2814 3071 Si
2842 3018 2972 3073 nihil
2995 3020 3169 3089 possis
3191 3020 3406 3087 ail‘errc,

1812 3100 2109 3172 lacrymare
2134 3144 2148 3166 ,
2198 3103 2517 3174 ingemisce,
2565 3108 2633 3165 de
2676 3107 2739 3161 iis
2769 3123 2887 3177 qua:
2930 3108 3067 3164 fiunt
3092 3110 3214 3165 dole
3248 3131 3261 3167 :
3293 3111 3412 3168 ha-c

1817 3207 1924 3245 non
1956 3194 2049 3247 tibi
2082 3194 2278 3249 frustra
2308 3195 2521 3250 cedent.
2548 3196 2603 3253 Si
2633 3198 2696 3252 iis
2716 3240 2731 3266 ,
2757 3200 2846 3270 qui
2879 3216 2908 3253 a
2939 3200 3050 3255 Deo
3081 3203 3374 3271 punitttnnr
3394 3245 3409 3267 ,

1812 3285 2102 3342 condolere
2147 3298 2394 3357 Oportet,
2427 3290 2597 3343 multo
2638 3293 2806 3361 magis
2836 3293 2898 3345 iis
2919 3335 2933 3358 ,
2967 3294 3055 3364 qui
3083 3294 3150 3349 ab
3180 3294 3411 3349 homini-

1813 3380 1913 3434 bus
1957 3380 2150 3449 injuste
2208 3383 2500 3449 patiunlur.
2552 3381 2677 3437 Non
2734 3386 3157 3455 egrediebantur,
3208 3389 3407 3459 inquit,

1813 3471 1995 3525 Ᾱέηαη
2021 3474 2089 3525 ad
2132 3469 2438 3543 plorandum
2467 3475 2675 3530 domum
2706 3494 2853 3531 suant
2880 3480 3119 3534 vicinam.
3148 3480 3411 3552 Accipient

1813 3564 2041 3619 dolorem
2082 3584 2174 3632 pro
2218 3584 2308 3634 eo,
2361 3569 2498 3638 quod
2540 3570 2927 3638 tediﬁcaoerant
2968 3573 3037 3625 ad
3084 3554 3408 3631 deriiionem.

1813 3652 1925 3710 llae
1952 3654 2019 3710 de
2048 3672 2107 3711 re
2132 3668 2349 3713 accusat
2379 3658 2629 3715 Ezechiel
2654 3700 2670 3726 ,
2697 3660 2839 3731 quod
2868 3677 2974 3717 non
3006 3664 3409 3721 condoluerint.

1811 3746 1950 3812 Quid
1980 3746 2115 3802 dicis
2135 3788 2148 3813 ,
2196 3749 2504 3820 prepheta?
2555 3750 2695 3805 Deus
2725 3748 2907 3822 pauit.
2948 3764 3001 3808 et
3026 3770 3126 3824 ego
3155 3758 3412 3813 condole-

1813 3854 1927 3893 rem
1974 3837 2072 3903 iis,
2118 3840 2207 3909 qui
2252 3841 2583 3909 puniuntur?
2614 3842 2790 3899 Etiam
2827 3862 2841 3897 :
2878 3845 2981 3901 hoc
3023 3848 3169 3902 enim
3215 3850 3325 3905 vult
3364 3852 3409 3905 is

1814 3931 1927 4000 ipse
1950 3931 2040 4001 qui
2070 3932 2222 4000 punit
2247 3950 2261 3987 :
2287 3948 2462 4003 neque
2486 3936 2629 3989 enim
2655 3936 2746 3991 ille
2773 3938 3046 4007 puniendo
3067 3941 3372 3998 oblectatur
3391 3986 3406 4005 .

1812 4023 1922 4077 imo
1954 4024 2128 4093 potius
2149 4023 2316 4080 dolet.
2351 4025 2483 4092 Quia
2515 4026 2678 4097 igitur
2706 4029 2797 4085 ille
2826 4034 2915 4101 qui
2944 4032 3098 4101 punit
3130 4050 3233 4088 non
3259 4035 3407 4090 lazta.

1814 4122 1932 4179 tur,
1964 4130 2140 4185 neque
2174 4124 2227 4169 tu
2273 4116 2491 4172 lteteris.
2522 4116 2629 4173 Sed
2661 4120 2705 4174 si
2747 4121 2923 4190 juste,
2968 4122 3214 4194 inquies,
3252 4130 3408 4196 puni-

1813 4217 1975 4263 ttntur
1993 4250 2008 4276 ,
2034 4224 2139 4263 non
2165 4209 2349 4265 dolere
2375 4220 2608 4279 oportet.
2642 4212 2815 4269 Etiam
2844 4226 3065 4286 propter
3089 4217 3192 4275 hoc
3220 4220 3410 4277 dolen-

1816 4299 1973 4367 dum,
2025 4300 2167 4371 quod
2218 4300 2364 4371 digni
2411 4303 2676 4373 supplicio
2720 4305 2821 4360 visi
2868 4305 3087 4362 fuerint.
3141 4310 3233 4364 Dic
3279 4328 3409 4367 vero

1812 4390 1939 4444 tnihi
1959 4432 1973 4454 ,
2009 4406 2129 4445 cum
2158 4391 2357 4446 videris
2386 4392 2554 4447 filium
2590 4403 2736 4449 tuum
2767 4398 2847 4450 uri
2877 4398 2961 4453 vel
2990 4402 3161 4455 secari
3188 4444 3201 4465 ,
3228 4418 3407 4461 nenne

1811 4483 2000 4539 doles?
2026 4482 2184 4541 Certe
2210 4485 2394 4550 doles,
2427 4498 2480 4542 et
2506 4503 2612 4542 non
2644 4490 2778 4545 dicis
2804 4491 2899 4546 tibi
2927 4491 3027 4561 ipsi
3056 4509 3070 4545 :
3101 4494 3236 4562 Quid
3266 4496 3409 4553 hoc?

1809 4575 1877 4630 ad
1904 4576 2187 4631 sanitatem
2235 4579 2403 4633 sectio
2451 4591 2695 4649 spectat,
2744 4591 2799 4636 et
2828 4598 2927 4654 pro
2974 4584 3293 4643 liberatione
3323 4603 3408 4645 est

1810 4668 1950 4721 ustio
1980 4685 1992 4721 :
2020 4676 2257 4723 attamen
2306 4685 2427 4724 cum
2458 4672 2614 4726 audis
2655 4673 2949 4729 ululantem
2975 4718 2991 4742 ,
3045 4692 3144 4731 nec
3190 4678 3406 4735 dolores

1809 4757 2108 4826 ferentem,
2151 4759 2346 4825 doles;
2394 4778 2493 4817 nec
2536 4764 2734 4819 sufficit
2762 4765 2850 4819 illa
2880 4769 3125 4823 sanitatis
3172 4785 3295 4840 spes
3336 4774 3403 4828 ad

1809 4848 2099 4905 tollendam
2136 4860 2343 4907 naturae
2393 4854 2876 4922 perturbationem.
2930 4859 3005 4913 lta
3050 4869 3105 4915 et
3152 4862 3203 4915 in
3251 4862 3402 4928 istis,

1808 4941 2018 4995 etiamsi
2058 4941 2124 4996 ad
2162 4943 2447 4999 sanitatem
2494 4948 2814 5015 puniantur,
2845 4958 3079 5005 attamen
3110 4954 3252 5009 circa
3287 4957 3405 5011 illos

1807 5031 2102 5088 fraternum
2125 5033 2372 5090 affectum
2399 5036 2781 5107 exhibeamus,
2809 5044 3199 5115 paternamque’
3215 5048 3406 5103 volun-

1808 5134 1991 5179 tatem.
2016 5125 2296 5182 Sectiones
2323 5138 2377 5183 et
2404 5128 2643 5185 ustiones
2670 5141 2794 5186 sunt
2818 5148 2992 5203 pretim
3013 5150 3042 5188 a
3068 5137 3178 5193 Deo
3202 5140 3362 5195 illata:
3386 5159 3401 5206 ;

1806 5215 1899 5269 sed
1932 5216 2052 5271 ideo
2094 5217 2224 5273 flere
2261 5217 2554 5282 debemus,
2604 5221 2745 5289 quod
2794 5228 3212 5296 a‘grotaverint,
3260 5233 3402 5301 quod

1804 5307 1895 5359 tali
1926 5321 2061 5376 opus
2105 5309 2389 5363 habuerint
2431 5312 2719 5367 medicina.
2766 5314 2822 5369 Si
2870 5318 2989 5385 quis
3042 5335 3141 5388 pro
3184 5326 3401 5378 coronis

1805 5400 1905 5455 hoc
1937 5401 2166 5469 patiatur
2189 5443 2203 5466 ,
2236 5412 2363 5456 tunc
2396 5420 2463 5459 ne
2504 5404 2723 5472 doleas,
2766 5418 2821 5461 nt
2852 5409 3051 5466 Paulus
3082 5422 3136 5467 et
3163 5415 3354 5471 Petrus
3388 5438 3399 5473 :

1802 5492 2014 5559 quando
2044 5501 2221 5548 autem
2248 5494 2371 5563 jure
2398 5495 2487 5548 dat
2518 5511 2727 5565 poenas,
2764 5508 2891 5554 tunc
2919 5501 3237 5573 lacrytnare,
3273 5518 3403 5562 tttnc

1802 5582 2111 5651 ingemisce.
2146 5584 2305 5639 Tales
2348 5597 2501 5640 erant
2548 5591 2843 5657 proplietze.
2888 5592 3229 5664 Quapropter
3261 5615 3398 5654 unus

1805 5676 2015 5729 illorunt
2055 5676 2189 5729 dixit
2218 5695 2230 5729 :
2264 5677 2363 5731 Ιιοί
2394 5679 2517 5733 mihi
2541 5722 2556 5744 ,
2588 5680 2826 5746 Domine,
2866 5685 3052 5740 delebis
3082 5700 3134 5740 tn
3164 5692 3403 5760 reliquias

1803 5765 1968 5821 Israel
2002 5768 2021 5838 (
2054 5767 2242 5825 Ezeclt.
2274 5771 2326 5826 9.
2357 5771 2473 5841 8)?
2516 5773 2821 5832 llomieidas
2860 5788 2915 5832 et
2954 5782 3211 5836 scelestos
3257 5800 3403 5853 saepe

1805 5860 1960 5929 plecti
1992 5860 2232 5919 videmus
2257 5904 2272 5931 ,
2304 5872 2358 5920 et
2400 5866 2703 5923 cruciamur
2741 5868 3113 5945 dolemusque.
3158 5874 3235 5931 Ne
3267 5875 3401 5928 ultra
