4094 6336
688 406 796 465 3'07

690 526 901 579 modum
931 515 1229 588 philosophi
1255 514 1461 569 simus‘
1480 557 1495 582 ,
1521 515 1610 571 sed
1633 509 2038 569 misericordes,
2071 512 2129 557 ut
2155 501 2256 553 mi-

688 611 1033 667 sericordiam
1054 620 1476 675 consequamur:
1503 600 1629 656 nihil
1659 600 1780 652 huic
1806 598 1947 651 bono
1972 610 2064 663 par
2087 610 2100 648 :
2127 593 2257 645 nihil

688 706 758 759 ita
788 702 1074 755 humanum
1102 696 1332 752 Ostendit
1356 696 1751 751 characterem,
1781 698 1837 741 ut
1865 683 2255 740 misericordia.

688 794 813 849 Ideo
860 792 1005 860 leges
1052 787 1387 843 carniﬁcibus
1433 782 1609 836 omnia
1656 779 1999 848 permittunt,
2026 774 2256 842 judicent

686 894 941 955 cogentes
982 891 1184 935 tantum
1230 891 1395 946 usque
1434 873 1499 928 ad
1542 873 1855 927 sententiam
1888 867 2109 928 ulcisci;
2139 864 2259 917 illos

690 989 819 1029 vero
860 972 926 1027 ad
973 986 1106 1040 Opus
1152 968 1402 1022 educunt.
1454 964 1528 1017 lta
1574 963 1673 1017 etsi
1715 963 1857 1027 juste
1889 960 2011 1021 fiat,
2044 970 2147 1008 non
2176 962 2260 1008 est

685 1068 852 1120 animi
901 1060 1200 1133 philosophi
1236 1060 1447 1128 punire,
1494 1057 1587 1111 sed
1639 1056 1747 1109 alio
1792 1068 1928 1121 opus
1975 1058 2059 1104 est
2090 1066 2103 1101 :
2136 1062 2256 1101 nam

690 1170 863 1222 neque
910 1154 1047 1207 Deus
1086 1166 1184 1221 per
1223 1150 1455 1219 seipsum
1502 1146 1687 1215 punit,
1745 1143 1838 1197 sed
1882 1157 1977 1210 per
2016 1139 2254 1208 angelos.

683 1244 973 1300 Carnifices
1016 1255 1144 1311 ergo
1184 1248 1309 1293 sunt
1349 1236 1561 1307 angeli?
1606 1234 1784 1296 Absit,
1825 1246 1929 1285 non
1960 1229 2061 1283 hoc
2096 1228 2254 1291 dico;

684 1334 781 1387 sed
819 1332 1035 1385 ultrices
1073 1337 1365 1401 potestates
1404 1333 1545 1379 sunt.
1576 1322 1708 1378 Cum
1739 1320 1970 1385 Sodoma
2002 1318 2254 1372 subversa

683 1433 801 1484 est,
848 1436 942 1491 per
987 1420 1105 1474 illos
1152 1416 1330 1473 omnia
1374 1414 1511 1468 facta
1556 1422 1716 1475 sunt;
1763 1408 1976 1479 quando
2036 1422 2154 1477 qua:
2201 1405 2253 1459 in

683 1514 916 1584 Egypto
955 1510 1294 1571 acciderunt,
1339 1522 1436 1576 per
1477 1505 1599 1559 illos
1645 1504 1792 1556 item.
1842 1499 2252 1562 Immissionem,

690 1606 895 1674 inquit,
927 1619 1015 1673 per
1040 1602 1243 1671 angelos
1268 1597 1428 1651 malos
1454 1594 1635 1667 (Psal.
1671 1594 1759 1647 77.
1785 1591 1913 1662 49).
1955 1590 2089 1644 Cum
2130 1605 2257 1658 ergo

681 1709 902 1752 scrvare
921 1702 1159 1771 oportet,
1189 1692 1286 1760 per
1306 1690 1538 1757 seipsum
1566 1685 1669 1740 hoc
1697 1685 1819 1738 facit
1842 1702 1855 1737 :
1886 1684 1957 1737 ita
1980 1692 2033 1737 et
2060 1680 2251 1736 Filium

682 1800 841 1840 suum
871 1785 1011 1839 misit
1050 1783 1117 1837 ad
1157 1783 1393 1837 salutem
1426 1777 1637 1851 generis
1669 1777 1857 1831 nostri.
1892 1776 1958 1830 Et
1995 1790 2205 1828 rursum
2237 1789 2254 1825 :

689 1874 863 1941 Tunc,
908 1875 1102 1943 inquit,
1151 1874 1314 1928 dicam
1357 1871 1550 1944 angelis
1577 1888 1595 1924 :
1622 1870 1931 1941 Congregate
1970 1867 2095 1920 mihi
2133 1883 2252 1930 eos,

680 1967 773 2036 qui
802 1966 993 2037 faciunt
1014 1965 1351 2034 iniquitatem,
1380 1974 1425 2017 et
1448 1962 1628 2016 mittite
1657 1962 1708 2014 in
1737 1959 1989 2013 caminum
2024 1959 2041 2027 (
2066 1957 2252 2011 Matth.

690 2058 780 2113 13.
808 2059 896 2111 tl.
925 2057 992 2111 42
1012 2059 1051 2127 ).
1088 2057 1161 2111 De
1184 2056 1342 2125 justis
1369 2070 1493 2109 vero
1525 2070 1630 2108 non
1657 2053 1768 2118 sic,
1800 2051 1895 2105 sed
1915 2093 1931 2117 ,
1963 2050 2063 2115 Qui
2080 2050 2255 2119 recipit

685 2164 809 2214 eos,
855 2165 931 2201 me
964 2148 1138 2219 recipit
1178 2134 1309 2217 (Id.
1362 2147 1449 2203 10.
1489 2147 1557 2202 40
1582 2148 1640 2217 );
1690 2157 1744 2201 et
1780 2163 2022 2211 rursum,
2078 2144 2257 2215 Ligate

744 2281 759 2311 ¹
789 2280 860 2329 lla
874 2281 1013 2388 iuxta
1035 2279 1175 2329 Savil.
1194 2279 1458 2343 legendum
1482 2284 1577 2339 est,
1599 2286 1755 2328 recte.
1773 2279 1829 2328 In
1842 2277 2035 2328 Montef.
2049 2284 2111 2347 .et
2126 2277 2259 2328 Com-

744 2340 855 2388 elut.
900 2343 1159 2388 euitur.....
1205 2340 1481 2388 cruciamur
1525 2340 1847 2388 dolenuuaue.
1871 2354 1958 2388 nec
2001 2340 2209 2388 dicimus
2235 2352 2255 2388 .'

682 2340 855 2404 meiut.
875 2340 1159 2402 legitur.....
1205 2340 1481 2391 cruciamur
1525 2340 1847 2404 dolenulsque,
1871 2354 1958 2390 nec
2001 2340 2209 2392 dicimus
2235 2352 2255 2390 .'

688 2409 755 2452 tt'e
780 2401 904 2451 ultra
925 2401 1136 2451 modum.
1157 2438 1170 2452 .
1192 2432 1204 2446 .
1224 2434 1241 2450 .
1264 2437 1313 2452 ..

1424 400 1483 455 S.
1512 394 1788 454 JOANNIS
1824 385 2296 447 CllBVSOSTOMl
2336 382 2648 440 ARClllEP.
2689 380 3217 437 CONSTANTINOP.

2358 514 2539 552 manus
2577 499 2687 564 ejus
2724 504 2770 549 et
2812 497 2990 564 pedes,
3031 505 3079 551 et
3115 495 3291 549 mittite
3327 494 3378 547 in
3414 495 3640 550 tenebras
3667 497 3944 551 exteriores

2362 590 2587 663 (Matth.
2626 587 2715 642 22.
2752 589 2871 657 ιδ).
2900 588 3035 642 Vide
3075 587 3181 641 illic
3220 602 3436 649 servos,
3479 588 3569 656 qui
3611 570 3943 642 ministrant.

2360 682 2493 734 Cum
2518 690 2697 732 autem
2733 677 2992 733 beneficia
3025 678 3321 747 praestanda
3346 720 3361 744 ,
3394 677 3507 746 ipse
3537 688 3784 747 przestat,
3822 678 3945 746 ipse

2361 782 2514 823 vocat
2543 791 2553 824 :
2601 770 3041 835 Venite,beaedicti
3067 768 3242 823 Patris
3270 770 3365 822 mei
3384 812 3398 832 ,
3430 771 3672 850 percipite‘
3698 782 3946 841 paratum

2362 864 2498 917 vobis
2544 878 2754 932 regnum
2798 859 2939 931 (Id.
2984 859 3075 914 25.
3117 860 3248 930 51).
3319 861 3544 927 Quando
3610 861 3939 930 loquendum

2361 962 2445 1008 est
2487 969 2609 1008 cum
2657 953 2961 1017 Abraham,
3011 951 3123 1020 ipse
3167 951 3355 1005 venit:
3395 951 3609 1020 quando
3652 953 3948 1006 Sodomam

2361 1046 2507 1099 abire
2552 1054 2794 1113 oportet,
2844 1057 3032 1098 servos
3082 1042 3246 1097 mittit
3286 1040 3446 1113 (Gen.
3502 1042 3586 1095 19.
3639 1044 3708 1111 1)
3742 1083 3755 1107 ,
3801 1044 3951 1097 sicut

2356 1136 2515 1205 judex
2558 1128 2646 1204 qui
2690 1134 2979 1189 exsuscitat
3022 1136 3318 1204 puuituros.
3351 1134 3420 1188 Et
3462 1148 3673 1189 rursum
3708 1153 3722 1189 :
3757 1134 3946 1207 Euge,

2361 1241 2497 1280 serve
2521 1227 2647 1278 bone
2683 1236 2728 1278 et
2760 1225 2958 1293 ﬁdelis,
2985 1226 3104 1293 quia
3141 1241 3295 1292 super
3337 1241 3503 1295 pauca
3550 1225 3689 1295 fuisti
3737 1226 3947 1293 ﬁdelis,

2361 1334 2511 1387 super
2543 1315 2705 1369 multa
2733 1325 2779 1369 te
2803 1318 3103 1370 constituam
3128 1315 3341 1388 (Matth.
3370 1318 3467 1372 25.
3494 1316 3559 1371 21
3591 1318 3628 1382 ).
3657 1317 3793 1371 lluic
3824 1319 3953 1387 qui.

2359 1410 2480 1465 dem
2512 1411 2626 1479 ipse
2654 1409 2957 1471 benedicit;
2990 1410 3136 1462 illum
3166 1423 3291 1464 vero
3327 1409 3622 1477 improbum
3655 1425 3762 1463 non
3794 1410 3913 1478 ipse
3933 1452 3951 1473 ,

2361 1500 2452 1555 sed
2484 1500 2623 1553 servi
2668 1500 2850 1569 ligant.
2880 1498 3006 1553 Hmc
3049 1512 3168 1553 cum
3200 1498 3467 1565 sciamus,
3502 1515 3570 1554 ne
3615 1501 3953 1566 gaudeamus

2360 1591 2429 1646 de
2452 1592 2515 1645 iis
2538 1632 2551 1655 ,
2576 1590 2665 1660 qui
2697 1590 2985 1660 puniuntur
3002 1631 3016 1654 ,
3042 1590 3137 1644 sed
3163 1590 3438 1645 doleamus
3463 1609 3477 1644 :
3509 1591 3605 1644 hos
3628 1591 3912 1660 lugeamus
3933 1633 3950 1655 ,

3833 380 3943 434 503

2364 1684 2463 1739 hos
2490 1682 2713 1740 ﬂeamus
2736 1723 2751 1748 ,
2785 1693 2843 1736 ut
2866 1693 2921 1736 et
2948 1682 3070 1738 ideo
3101 1683 3402 1737 mercedem
3451 1682 3762 1737 habeamus.
3794 1683 3953 1739 Nunc

2361 1792 2491 1833 vero
2519 1777 2668 1832 multi
2710 1776 2871 1830 etiam
2899 1775 2965 1830 de
3006 1776 3109 1842 iis,
3140 1776 3230 1844 qui
3259 1775 3457 1844 injuste
3496 1777 3632 1844 mala
3672 1776 3953 1844 patiuntur

2358 1871 2609 1942 gaudent.
2654 1871 2757 1927 Sed
2787 1884 2892 1923 nou
2925 1870 2994 1922 ita
3018 1882 3115 1922 uos
3137 1866 3411 1933 faciamus,
3442 1840 3766 1937 omnemque
3792 1883 3951 1922 eom-

2360 1964 2755 2020 miserationem
2778 1961 3151 2024 exhibeamus,
3182 1970 3240 2014 ut
3263 1969 3316 2013 et
3333 1960 3429 2029 ipsi
3461 1974 3490 2012 a
3509 1960 3618 2014 Deo
3636 1960 3950 2015 misericor-

2362 2057 2502 2111 diam
2535 2068 2961 2125 conscquamur,
3009 2053 3175 2122 gratia
3214 2060 3270 2106 et
3310 2051 3636 2120 benignitate
3676 2050 3955 2118 Uuigeniti

2360 2149 2497 2219 ejus,
2527 2146 2739 2215 quicum
2780 2146 2926 2201 Patri
2962 2153 3015 2199 et
3048 2144 3267 2213 Spiritui
3308 2151 3493 2197 sancto
3525 2142 3692 2213 gloria
3714 2183 3732 2207 ,
3774 2144 3957 2211 impe-

2362 2241 2517 2304 rium,
2550 2239 2725 2293 honor
2749 2276 2762 2303 ,
2795 2253 2934 2292 nunc
2959 2247 3013 2291 et
3050 2250 3263 2305 semper
3281 2275 3298 2302 ,
3325 2244 3381 2291 et
3416 2234 3471 2289 in
3498 2234 3694 2290 saecula
3717 2235 3958 2290 saeculo-

2360 2346 2501 2386 rum.
2532 2332 2723 2385 Amen.

2048 2595 2391 2657 HOMILIA
2435 2596 2658 2657 XLIV.

684 2740 800 2796 Car
848 2741 936 2795 ξι).
964 2756 1015 2795 v.
1056 2742 1142 2795 17.
1167 2742 1207 2793 Α
1253 2740 1427 2795 Mileto
1454 2751 1620 2795 autent
1651 2742 1849 2797 mittens
1872 2742 2149 2813 Ephesum,
2179 2757 2266 2795 vo-

764 2835 895 2887 cavit
922 2834 1233 2905 presbyteros
1261 2833 1517 2889 Ecclesiw.
1545 2836 1629 2889 18.
1667 2836 1767 2898 Qui
1795 2852 1905 2888 cum
1929 2837 2175 2888 venissent
2199 2832 2267 2886 ad

762 2941 896 2989 eum,
927 2926 1053 2979 dixit
1078 2926 1148 2978 eis
1173 2941 1192 2979 :
1227 2924 1325 2979 Vos
1351 2926 1487 2979 scitis
1510 2944 1541 2978 a
1572 2927 1736 2995 prima
1761 2927 1861 2987 die,
1886 2943 1984 2996 qua
2011 2926 2265 2996 ingressus

760 3033 874 3071 sum
916 3017 969 3069 in
1014 3016 1206 3078 Asiam,
1235 3017 1451 3085 qrmliter
1498 3019 1752 3070 vobiscum
1782 3034 1870 3086 per
1897 3034 2044 3071 omne
2072 3028 2264 3087 tempus

764 3110 966 3177 fuerim,
990 3106 1078 3162 19.
1099 3108 1315 3161 serviens
1344 3106 1562 3161 Domino
1587 3108 1837 3161 nobiscum
1866 3124 1979 3160 cum
2004 3108 2141 3161 omni
2171 3108 2267 3159 hu-

759 3198 976 3251 militate
1002 3206 1049 3251 et
1078 3198 1249 3263 multis
1276 3198 1512 3267 lacrumis
1540 3207 1585 3252 et
1612 3196 1984 3262 tentationibus,
2007 3214 2122 3268 quin
2143 3198 2266 3251 mihi

759 3286 1055 3341 «uiderunt
1078 3303 1140 3342 ea
1173 3288 1368 3344 insidiis
1395 3288 1715 3356 Judworum,
1743 3288 1833 3344 20.
1861 3291 2108 3361 quomodo
2138 3290 2264 3343 nihil

764 3378 1095 3432 subtraxerit»
1120 3379 1338 3442 utilium,
1365 3381 1486 3447 quin
1524 3380 1873 3433 annuntiarem
1899 3382 2056 3447 vobis,
2093 3390 2140 3435 et
2166 3381 2261 3435 do-

766 3484 927 3521 cerem
953 3483 1039 3520 eos
1066 3468 1263 3536 publice
1300 3477 1349 3521 et
1380 3485 1469 3537 per
1507 3470 1718 3533 domos;
1745 3471 1835 3525 21.
1866 3473 2137 3539 testificaris
2165 3470 2262 3525 Ju-

763 3558 893 3613 dteis
924 3568 1071 3627 atque
1097 3557 1362 3630 gentilibus
1386 3557 1439 3611 in
1465 3556 1631 3613 Deum
1669 3560 2089 3629 pm»itentiam,et
2112 3563 2264 3633 ﬁdem

762 3651 821 3704 in
844 3649 1113 3704 Dominum
1139 3660 1364 3704 nostrum
1387 3650 1423 3703 Ι
1427 3667 1565 3705 esum
1589 3650 1861 3707 Christum.

768 3744 819 3798 1.
856 3742 1008 3797 Pauli
1034 3745 1294 3798 modestia.
1325 3774 1397 3784 —
1428 3744 1554 3799 Vide
1580 3760 1735 3816 quam
1775 3754 1964 3814 urgeat
2005 3746 2072 3802 ad
2123 3763 2263 3816 pra:-

691 3834 1166 3903 lernavigandum,
1220 3849 1317 3887 nec
1361 3836 1613 3905 negligat,
1654 3836 1760 3888 imo
1788 3836 2036 3892 omnibus
2085 3840 2261 3909 provi-

689 3924 839 3988 deat,
872 3938 1150 3978 accersens
1180 3923 1459 3994 principes,
1486 3937 1538 3980 et
1560 3941 1678 3980 cum
1709 3927 1813 3983 illis
1840 3944 2141 3984 sermonem
2171 3930 2263 3983 ha-

692 4017 848 4070 Iieus.
878 4016 938 4070 Et
966 4016 1312 4070 admiratione
1336 4016 1550 4084 dignum
1580 4026 1679 4082 est,
1704 4019 1971 4086 quomodo
1997 4020 2046 4073 in
2076 4036 2261 4075 neces-

692 4110 851 4163 sitate
882 4105 1079 4177 positus
1110 4122 1293 4177 magna
1323 4109 1563 4178 quardam
1590 4109 1654 4163 de
1684 4125 1742 4163 se
1771 4110 2001 4175 dicendi,
2042 4123 2261 4167 conetur

695 4200 954 4253 modestia
981 4199 1072 4251 uti.
1096 4198 1237 4253 Sicut
1269 4202 1408 4254 enim
1428 4200 1639 4255 Samuel
1665 4202 1953 4257 traditurus
1981 4204 2257 4273 imperium

693 4290 865 4353 Saitli,
891 4289 1088 4344 Judaiis
1105 4290 1233 4344 dicit
1258 4310 1269 4343 :
1306 4290 1443 4345 Num
1463 4294 1721 4361 quidpiam
1742 4312 1774 4346 a
1800 4294 1933 4348 vobis
1957 4297 2146 4365 accepi,
2176 4311 2259 4349 vos

693 4394 843 4436 testes
867 4386 983 4435 estis
1010 4392 1056 4435 et
1083 4383 1217 4437 Dem
1245 4385 1319 4454 (1.
1346 4384 1473 4454 Reg.
1495 4384 1580 4438 12.
1605 4385 1689 4453 .5);
1713 4396 1765 4438 et
1792 4385 1954 4439 David
1981 4401 2099 4439 cum
2129 4386 2259 4441 fides

694 4492 802 4529 non
828 4476 1110 4530 habt-retur
1130 4477 1200 4541 ei,
1230 4476 1331 4531 ait:
1356 4476 1420 4529 In
1441 4478 1558 4530 ovili
1580 4494 1719 4531 eram
1744 4492 1950 4547 pascens
1975 4496 2084 4533 oues
2106 4481 2260 4549 patris

690 4572 828 4634 mei;
867 4581 913 4623 et
945 4587 1055 4622 eum
1105 4571 1235 4623 uenit
1284 4587 1466 4637 ursus,
1536 4572 1765 4625 inanibus
1808 4573 1971 4640 ipsum
2020 4576 2261 4645 discerpsi

688 4662 779 4723 ll.
810 4660 933 4731 lleg.
965 4663 1049 4715 17.
1080 4662 1165 4717 54.
1204 4662 1331 4730 35):
1363 4671 1415 4716 et
1459 4662 1573 4729 ipse
1619 4664 1811 4717 Paulus
1837 4665 2126 4719 Corinthiis
2152 4668 2255 4719 ait:

698 4750 954 4820 [nsipiens
977 4754 1049 4823 fui
1070 4771 1088 4805 :
1115 4769 1200 4806 vos
1236 4770 1313 4807 me
1348 4755 1575 4824 coegistis
1601 4754 1676 4825 (ἓ.
1708 4754 1826 4808 Cor.
1862 4756 1946 4810 l2.
1981 4756 2090 4825 10).
2122 4758 2259 4811 Deus

693 4858 907 4911 quoque
950 4843 1170 4911 idipsum
1198 4843 1341 4899 facit.
1383 4862 1489 4897 non
1531 4846 1846 4913 simpliciter
1884 4847 1949 4901 de
1978 4846 2154 4916 seipso
2181 4849 2262 4903 di-

692 4951 826 4988 a-cns
856 4952 867 4986 :
902 4935 991 4988 sed
1020 4935 1228 5003 quando
1256 4936 1301 4990 ei
1334 4952 1439 4989 non
1472 4937 1721 5001 creditur,
1752 4940 2006 4994 beneficia
2038 4940 2257 5009 profert.

691 5024 831 5079 Vide
857 5041 982 5092 ergo
1022 5025 1143 5093 quid
1173 5024 1260 5079 hic
1292 5028 1447 5081 faciat
1476 5044 1488 5079 :
1544 5029 1714 5094 primo
1761 5030 1971 5082 illorum
2018 5032 2257 5085 testimo-

686 5119 838 5170 nium
866 5115 1040 5181 affert,
1066 5132 1130 5171 ne
1157 5128 1307 5184 putes
1339 5119 1449 5172 lucc
1498 5120 1563 5173 ad
1592 5118 1780 5173 fastum
1812 5120 1936 5187 dici,
1964 5130 2017 5175 et
2045 5122 2257 5177 audito-

696 5225 779 5261 res
804 5209 1068 5263 dictorum
1095 5219 1257 5263 testes
1280 5211 1520 5277 advocat,
1542 5212 1681 5281 quod
1708 5213 1925 5266 minime
1956 5213 2083 5281 ipsis
2112 5230 2258 5269 men-

686 5303 870 5354 tiatur.
922 5299 1045 5354 llzec
1095 5301 1328 5354 doctoris
1382 5303 1550 5355 virtus
1590 5312 1696 5367 est,
1741 5303 1952 5372 quando
1997 5304 2255 5360 bonorum

686 5404 909 5458 operum
938 5400 1101 5446 testes
1128 5392 1282 5446 habet
1310 5392 1616 5461 discipulos.
1646 5395 1900 5464 Quodque
1930 5396 2123 5449 mirum
2153 5408 2253 5461 est,

686 5497 795 5535 lion
816 5498 969 5535 unam
988 5493 1041 5537 et
1061 5484 1281 5538 alteram
1301 5484 1437 5539 diem
1462 5486 1511 5537 in
1535 5484 1636 5539 hoc
1654 5487 1954 5555 insumpsit,
1971 5490 2065 5541 sed
2088 5504 2257 5543 annos

688 5575 970 5642 plurtmos.
1006 5573 1104 5629 Vos
1130 5578 1258 5629 enim
1306 5579 1462 5637 scitis,
1494 5578 1684 5647 inquit,
1714 5580 1959 5647 quomodo
2004 5581 2259 5634 vobisrum

694 5681 781 5729 per
810 5680 955 5717 omne
986 5677 1179 5735 tempus
1209 5667 1405 5735 fuerim.
1439 5668 1566 5721 Vult
1610 5669 1765 5737 igitur
1796 5669 1937 5737 ipsos
1970 5670 2168 5724 hortari
2204 5681 2259 5725 ut

690 5756 899 5812 fortiter
920 5758 1089 5812 ferant
1122 5760 1318 5819 omnia.
1337 5774 1387 5813 et
1405 5762 1791 5829 separationem
1814 5777 1959 5814 suam
1980 5775 2030 5816 et
2054 5764 2255 5817 futuras

696 5852 1050 5920 mutationes;
1076 5859 1138 5905 ut
1158 5850 1222 5906 de
1246 5848 1421 5923 Moyse
1442 5861 1491 5908 ct
1513 5853 1578 5910 de
1603 5852 1726 5911 Jcsu
1753 5854 1995 5924 legimus.
2020 5854 2083 5909 Et
2108 5855 2251 5925 vide,

2369 2742 2494 2812 qttid
2544 2741 2703 2796 addat
2755 2758 2769 2794 :
2820 2741 3081 2808 Quomodo
3140 2740 3391 2796 vobiscum
3444 2759 3531 2810 per
3572 2758 3718 2795 omne
3759 2753 3961 2806 tempus

2374 2833 2577 2902 fuerim,
2606 2833 2824 2886 serviens
2868 2833 3084 2885 Domino
3132 2849 3244 2884 cum
3291 2832 3430 2885 omni
3460 2834 3762 2886 humilitate.
3795 2832 3957 2898 Vide,

2370 2922 2496 2992 quid
2528 2924 2758 2977 maxime
2804 2924 3070 2992 principes
3100 2922 3287 2976 doceat
3313 2940 3326 2975 :
3360 2921 3616 2988 0dientes,
3646 2924 3839 2993 inquit,
3870 2942 3960 2977 su-

2372 3014 2616 3083 perbiam.
2650 3012 2703 3068 Id
2748 3012 2889 3083 quod
2932 3014 3162 3069 maxime
3205 3013 3530 3083 principibus
3572 3014 3851 3083 competit,
3889 3032 3958 3070 eo

2370 3104 2515 3175 quod
2561 3104 2812 3159 facillime
2840 3105 2892 3159 in
2939 3106 3298 3176 arrogantiam
3326 3106 3599 3161 tollantur.
3629 3105 3753 3161 Hatc
3782 3108 3958 3161 virtus

2369 3204 2455 3251 est
2484 3195 2745 3251 bonorum
2772 3194 3102 3268 hypothesis,
3123 3208 3179 3251 ut
3200 3207 3255 3250 et
3276 3196 3518 3251 Christus
3537 3197 3745 3252 dicebat
3766 3214 3782 3251 :
3804 3197 3959 3253 Beati

2368 3304 2616 3359 pauperes
2659 3288 2845 3359 spiritu
2877 3286 3087 3359 (Matth.
3130 3288 3185 3343 5.
3218 3286 3295 3359 3).
3326 3287 3432 3342 Nec
3460 3288 3653 3351 solum,
3681 3287 3814 3343 Cum
3845 3289 3951 3343 hu-

2369 3380 2615 3447 militate,
2633 3380 2803 3445 dixit;
2833 3382 2950 3448 sed,
2970 3382 3096 3437 Cum
3116 3383 3252 3435 omni
3277 3380 3577 3436 humilitate.
3603 3381 3783 3437 Multa:
3805 3383 3953 3438 enim

2366 3480 2492 3525 sunt
2515 3473 2721 3540 species
2762 3472 3072 3525 humilitatis
3098 3489 3112 3526 :
3143 3482 3227 3526 est
3254 3471 3528 3526 humilitas
3574 3473 3625 3525 in
3662 3473 3851 3537 verbo,
3899 3474 3953 3527 in

2368 3576 2551 3631 Opere,
2581 3578 2706 3631 erga
2754 3562 3039 3631 principes,
3085 3575 3210 3630 erga
3257 3561 3518 3615 subditos.
3551 3561 3723 3617 Vultis
3772 3563 3952 3617 dicam

2366 3654 2520 3708 vobis
2548 3653 2863 3708 humilitatis
2890 3652 3115 3707 modos?
3144 3653 3280 3706 Sunt
3302 3654 3389 3721 qui
3417 3668 3541 3723 erga
3570 3654 3799 3707 humiles
3821 3664 3956 3709 sunt

2369 3745 2618 3810 humiles,
2650 3760 2773 3814 erga
2806 3745 3059 3799 sublimes
3108 3759 3237 3799 vero
3285 3744 3540 3800 sublimes
3569 3761 3583 3799 :
3616 3744 3718 3798 hoc
3765 3759 3952 3800 autem

2370 3850 2473 3889 non
2498 3845 2581 3890 est
2611 3836 2900 3889 humilitas.
2926 3834 3060 3890 Sunt
3085 3836 3247 3889 etiam
3271 3836 3358 3889 alii
3386 3852 3490 3891 non
3521 3837 3673 3901 uiles,
3697 3837 3793 3891 sed
3822 3854 3950 3907 erga

2370 3937 2621 3997 utrosque
2645 3926 2994 3981 humilitatem
3024 3936 3076 3981 et
3101 3928 3482 3983 sublimitatem
3513 3938 3727 3984 servant
3758 3946 3771 3981 :
3800 3930 3951 4001 quod

2370 4019 2525 4072 etiam
2575 4021 2803 4074 maxime
2848 4019 3160 4074 humilitatis
3189 4031 3294 4075 est.
3348 4020 3606 4075 Doctttrus
3644 4036 3773 4090 ergo
3822 4022 3952 4077 illos

2370 4112 2516 4177 talia,
2554 4120 2707 4167 utne
2753 4112 3025 4166 videretur
3063 4124 3373 4181 arroganter
3398 4111 3597 4176 efferri,
3636 4114 3785 4183 prius
3825 4113 3951 4169 fun-

2366 4204 2671 4259 damentum
2704 4205 2872 4272 ponit,
2905 4205 3266 4273 suspicionem
3308 4204 3523 4257 tollens.
3554 4202 3687 4257 Nam
3730 4206 3775 4258 si
3822 4222 3949 4260 cum

2364 4294 2510 4348 Omni
2540 4294 2839 4348 humilitate
2881 4296 2972 4359 fui,
3002 4295 3193 4362 inquit,
3233 4311 3337 4347 non
3366 4310 3427 4349 ex
3477 4297 3777 4364 arrogantia
3829 4297 3953 4352 lucc

2368 4385 2507 4439 dico.
2536 4385 2739 4439 Deinde
2771 4384 3229 4439 mansuetudinem
3261 4385 3515 4439 declarat.
3544 4385 3833 4452 Vobiscum,
3866 4389 3949 4442 iu-

2367 4482 2501 4550 quit,
2534 4482 2958 4549 fuerinnserviens
2988 4479 3222 4542 Domino,
3254 4480 3374 4534 illos
3405 4480 3527 4534 boni
3556 4482 3735 4548 operis
3765 4483 3949 4536 socios

2367 4570 2678 4625 ostendens.
2710 4570 2798 4623 Sic
2844 4570 3037 4635 ubique
3065 4570 3296 4625 societas
3322 4571 3457 4624 bona
3496 4579 3598 4624 est.
3624 4571 3948 4627 Communia

2368 4677 2495 4732 ergo
2531 4661 2655 4714 facit
2684 4662 2819 4714 bona
2850 4675 3031 4729 opera,
3064 4670 3117 4715 et
3148 4661 3278 4714 nihil
3314 4661 3414 4714 sibi
3446 4662 3627 4715 tribuit
3656 4662 3944 4716 eximium.

2367 4754 2505 4819 Quid
2534 4755 2698 4818 enim,
2726 4752 2975 4822 inquies?
3018 4768 3083 4805 an
3114 4764 3300 4807 contra
3332 4753 3496 4807 Deum
3525 4769 3783 4824 arrogans
3822 4771 3949 4812 esse

2367 4847 2572 4915 potuit?
2604 4846 2758 4912 Atqui
2785 4845 2936 4899 multi
2986 4854 3131 4909 sunt,
3160 4845 3246 4913 qui
3276 4854 3457 4897 contra
3500 4845 3643 4898 illum
3687 4862 3949 4917 arrogan-

2369 4948 2448 4991 tes
2476 4948 2597 4992 suut
2622 4956 2632 4989 :
2680 4936 2765 4991 hic
2796 4952 2923 4989 vero
2952 4951 3017 4989 ne
3044 4917 3227 4990 contra
3254 4936 3538 5005 discipulos
3566 4952 3691 4992 suos
3722 4940 3945 5005 quidem

2366 5044 2443 5081 litt
2459 5045 2620 5097 ogans
2640 5039 2775 5082 erat.
2800 5028 2911 5081 lloc
2939 5028 3133 5080 bonum
3156 5029 3389 5081 doctoris
3412 5038 3494 5081 est
3519 5043 3673 5096 opus,
3695 5044 3759 5082 ex
3787 5031 3949 5084 bonis

2365 5121 2615 5188 Operihus
2641 5121 2750 5173 suis
2776 5120 3066 5187 discipulos
3106 5119 3389 5173 moderari.
3424 5121 3623 5175 Deinde
3666 5120 3945 5177 fortitudi-

2365 5227 2486 5265 nem
2536 5228 2685 5265 suam
2734 5210 2983 5271 ostendit,
3027 5226 3182 5278 quam
3225 5212 3450 5279 carptim
3507 5213 3763 5279 pra'tcrit.
3815 5213 3947 5267 Cum

2364 5303 2535 5356 multis
2578 5304 2813 5373 lacrymis
2858 5313 2901 5355 et
2936 5303 3303 5367 tentationibus,
3340 5319 3454 5372 quae
3494 5304 3617 5356 mihi
3646 5306 3948 5361 acciderunt

2366 5411 2429 5449 ea:
2456 5395 2653 5447 insidiis
2682 5394 2998 5447 Judworum.
3032 5393 3218 5447 Viden’
3245 5394 3514 5464 quomodo
3540 5396 3605 5448 de
3644 5397 3811 5465 gestis
3841 5398 3947 5452 do-

2363 5486 2507 5541 leat?
2558 5486 2652 5540 llic
2682 5501 2807 5540 \cro
2835 5486 3351 5540 commiscrationem
3379 5502 3527 5539 suam
3556 5487 3768 5543 videtur
3798 5490 3945 5543 indi-

2360 5594 2483 5631 care
2516 5594 2527 5628 :
2560 5578 2820 5631 maerebat
2848 5578 2987 5629 enim
3020 5593 3115 5647 pro
3146 5579 3510 5647 pereuntibus,
3544 5595 3640 5648 pro
3671 5580 3947 5636 facinoro-

2362 5669 2433 5720 sis
2468 5685 2480 5720 :
2530 5684 2648 5721 nam
2688 5668 2755 5722 de
2801 5669 2899 5721 sibi
2946 5669 3102 5722 illatis
3134 5669 3286 5723 malis
3320 5671 3765 5740 gaudebat.Erat
3792 5675 3942 5727 enim

2360 5777 2422 5815 ex
2470 5761 2675 5815 illorum
2712 5762 2896 5827 choro,
2924 5762 3012 5832 qui
3058 5762 3377 5833 gaudebant,
3409 5781 3527 5834 quia
3572 5764 3716 5834 digni
3769 5766 3941 5822 habiti

2358 5863 2510 5909 erant
2534 5868 2629 5923 pro
2652 5854 2865 5909 nomine
2881 5853 3004 5909 Jcsu
3031 5855 3404 5911 contumeliam
3433 5859 3542 5927 pati
3568 5858 3703 5929 (Act.
3731 5857 3787 5915 5.
3816 5859 3937 5930 ﬂ).
