4094 6336
539 420 644 476 509

537 532 776 591 αίώνιον
796 525 987 594 βάρος
1006 523 1192 592 δόξης
1213 519 1618 592 κατεργύζεται
1639 519 1802 589 ἡμῖν.
1844 517 2004 571 Ἃ).λά
2020 515 2190 570 ταῦτα

536 617 684 685 λέγει
739 613 1061 686 μετριάζων.
1134 609 1395 677 Ἐνταῦθα
1437 609 1495 662 δὲ
1553 606 1825 662 δείκνυσιν
1875 597 2039 659 αὐτοῦ
2065 603 2192 673 τὴν

536 703 807 775 ἀνδρείαν,
863 703 958 755 καὶ
1007 701 1068 754 οὐ
1130 697 1379 753 τοσοῦτον
1429 696 1528 768 τὴν
1584 693 1863 767 ἀνδρείαν,
1923 693 2046 746 ὅσον
2091 691 2192 762 τὴν

537 790 815 861 ὑπομονήν
839 807 854 822 ·
909 789 1040 842 ὡσεὶ
1091 786 1308 856 ιλεγεν·
1344 785 1622 853 Ἔπασχον
1667 783 1776 852 ἔγω
1818 779 2022 845 κακῶς,
2057 779 2195 834 ἀλλά

539 878 657 950 μεθ’
687 877 842 948 ὑμῶν
867 893 880 908 ·
923 876 1016 930 καὶ⁸
1043 875 1102 928 τὸ
1137 873 1328 936 δεινὸν,
1366 873 1447 925 ὅτι
1479 869 1585 926 ὑπὸ
1623 869 1908 924 Ἰουδαίων.
1947 867 2057 921 Θέα
2101 882 2192 937 μοι

535 965 770 1025 ινταῦθα
821 963 1145 1036 χαρακτῆρα
1201 959 1583 1023 διδασκαλίας·
1645 958 1742 1013 καὶ
1813 955 1912 1028 τὴν
1969 955 2192 1024 ἀγάπην

532 1053 717 1127 τίθησι
758 1054 854 1106 καὶ
895 1054 993 1122 τὴν
1049 1050 1318 1122 ἀνδρείαν.
1364 1048 1462 1114 Ὠς
1498 1047 1681 1102 οὐδὲν
1721 1042 2190 1112 ὑπεστειλάμην,

534 1141 690 1212 φησί.
722 1140 794 1192 Τὸ
849 1139 1079 1209 ἄφθονον
1132 1138 1373 1191 δείκνυσι
1423 1136 1513 1190 διά
1571 1133 1775 1189 τούτων
1811 1130 1966 1204 ὁμοῦ,
2001 1130 2096 1184 καὶ
2130 1129 2191 1183 τὸ

534 1228 746 1282 ἄοκνον.
776 1227 882 1282 Καὶ
904 1224 1022 1278 τῶν
1051 1225 1498 1294 συμφερόντων.
1529 1222 1723 1285 Καλῶς
1760 1220 1931 1283 οὕτως
1961 1214 2114 1272 εἷπεν
2138 1229 2187 1259 ι·

531 1305 601 1380 ἦν
623 1309 730 1382 γάρ
758 1309 794 1364 ἀ
820 1310 918 1363 ούκ
962 1308 1069 1363 εδει
1121 1308 1331 1379 μαθεῖν.
1369 1306 1577 1378 Ὠσπερ
1613 1305 1670 1359 δὲ
1707 1304 1769 1357 τὸ
1803 1301 1925 1356 τινά
1947 1300 2191 1382 ἀποκρύέ

535 1397 780 1462 πτεσθαι,
821 1396 1048 1466 φθόνου·
1090 1394 1231 1450 οὕτω
1276 1394 1340 1448 τὸ
1374 1393 1553 1447 πάντα
1596 1391 1794 1460 λέγειν,
1848 1390 2052 1451 ἀνοίας.
2089 1387 2192 1442 Διά

530 1484 688 1539 τοῦτο
719 1484 1049 1557 προσέθηκε,
1085 1483 1207 1538 Τῶν
1231 1483 1676 1552 συμφερόντων,
1716 1478 1912 1551 δηλῶν,
1953 1478 2035 1531 ὅτι
2074 1476 2189 1531 Οὐκ

531 1566 686 1625 εἶπον
734 1571 913 1643 μόνον,
973 1571 1108 1625 ἀλλά
1149 1571 1244 1624 καὶ
1281 1569 1524 1636 ἐδίδαξα·
1574 1568 1671 1636 οὐχ
1715 1566 1791 1630 ὡς
1839 1564 1972 1621 αὐτὸ
2030 1564 2189 1633 τοῦτο

529 1660 947 1731 ἀφοσιούμενος,
985 1661 1168 1730 φησίν.
1206 1659 1329 1712 Ὅτι
1373 1658 1430 1712 δὲ
1467 1655 1622 1710 τοῦτο
1672 1654 1843 1726 δηλοῖ,
1907 1654 2071 1708 ἄκουε
2125 1652 2187 1706 τὸ

531 1748 698 1818 ἑξῆς·
739 1749 983 1819 ἐπήγαγε
1015 1746 1122 1816 γάρ
1143 1761 1158 1776 ·
1191 1744 1462 1813 Δημοσίᾳ
1507 1741 1608 1796 καὶ
1654 1744 1781 1796 κατ’
1818 1742 2026 1804 obeam:
2048 1755 2062 1770 ·
2089 1738 2188 1810 τὴν

532 1834 750 1906 μακρὰν
792 1833 1204 1904 ταλαιπωρίαν,
1263 1831 1357 1885 καὶ
1415 1832 1512 1903 τὴν
1564 1830 1763 1902 πολλὴν
1806 1829 2042 1897 σπουδὴν
2096 1828 2188 1882 καὶ

530 1921 626 1993 τὴν
662 1917 955 1993 καρτερίαν
985 1919 1446 1990 ἐπιδεικνύμενος.
1473 1916 2014 1988 Διαμαρτυρόμενος
2052 1915 2188 1967 ἰουο

529 2007 720 2075 δαίοις
765 2025 829 2063 τε
876 2009 974 2062 καί
1006 2008 1316 2074 Ἕλλησιν.
1349 2007 1481 2077 Οὐχὶ
1529 2006 1666 2077 πρὸς
1698 2005 1862 2076 ὑμᾶς,
1891 2005 2046 2074 φησὶ,
2087 2003 2184 2074 μό-

528 2113 640 2157 νον,
675 2096 810 2149 ἀλλά
861 2095 954 2148 καὶ
993 2095 1136 2165 πρὸς
1163 2093 1449 2164 Ἕλληνας.
1491 2091 1753 2146 Ἐνταῦθα
1795 2093 1829 2162 ή
1861 2091 2144 2162 παρρησία
2166 2107 2180 2122 ·

528 2181 680 2256 [332]
705 2184 799 2237 καὶ
827 2185 930 2245 ὅτι,
953 2181 1072 2235 Κᾶν
1097 2181 1262 2253 μηδὲν
1293 2180 1613 2251 ὠφελῶμεν,
1648 2180 1828 2248 λέγειν
1853 2179 1962 2232 δεῖ·
1989 2178 2051 2232 τὸ
2078 2179 2186 2249 γάρ

526 2269 996 2341 διαμαρτύρασθαι
1023 2268 1179 2322 τοῦτό
1211 2270 1378 2334 ἐστιν,
1411 2269 1541 2321 ὅταν
1573 2265 1711 2338 πρὸς
1758 2265 1882 2330 τοὺς
1911 2266 1987 2337 μὴ
2020 2281 2182 2335 προσ·

527 2357 745 2426 έχοντας
779 2357 1044 2425 λέγωμεν·
1091 2355 1153 2408 τὸ
1193 2354 1300 2426 γὰρ
1336 2351 1829 2424 διαμαρτύρασθαι,
1878 2352 1954 2416 ὡς
1993 2352 2086 2404 ἐπὶ
2125 2350 2187 2404 τὸ

527 2443 663 2496 πολὺ
704 2431 862 2496 τοῦτό
921 2445 1058 2496 ἐστι.
1126 2440 1611 2510 Διαμαρτύρομαι,
1670 2440 1834 2510 φησὶν
1858 2441 1887 2492 ό
1921 2439 2181 2506 Μωῡσῆς,

525 2529 636 2584 τὸν
659 2529 918 2596 οὐρανὸν
943 2527 1041 2581 καί
1067 2527 1179 2595 τὴν
1213 2526 1362 2595 γῆν·
1396 2526 1491 2580 καὶ
1521 2524 1615 2580 νῦν
1651 2525 1833 2589 αὐτὸς,
1864 2527 2184 2594 Διαμαρτυ-

515 2615 772 2685 ρόμενος
802 2613 1104 2678 Ἰουδαίοις
1130 2629 1194 2666 τε
1224 2612 1322 2666 καί
1343 2612 1598 2679 Ἕλλησι
1626 2611 1743 2680 τὴν
1769 2612 1858 2678 εις
1894 2610 2002 2665 τὸν
2035 2611 2186 2666 Θεὸν

517 2701 863 2771 μετάνοιαν.

595 2788 663 2859 β’.
679 2788 744 2841 Τί
767 2787 1130 2859 διαμαρτύρῃς
1154 2787 1314 2841 Ὥστε
1345 2785 1460 2856 βίου
1475 2785 1866 2857 ἐπιμεληθῆναι
1882 2801 1898 2818 ·
1919 2783 2059 2838 ὥστε
2085 2801 2184 2855 με-

521 2876 780 2946 τανοῆσαι
827 2879 921 2929 καὶ
971 2874 1287 2946 προσελθεῖν
1329 2874 1409 2944 τῷ
1445 2873 1584 2945 Θεῷ.
1619 2874 1752 2928 οὐδὲ
1800 2873 1908 2945 γὰρ
1943 2873 2184 2926 Ἰουδαῖοι

521 2963 719 3035 ᾔδεσαν
748 2961 929 3026 αὐτὸν,
967 2961 1056 3014 διά
1081 2977 1140 3014 τε
1185 2962 1279 3015 τὸν
1321 2961 1450 3014 Υἰδν
1480 2962 1712 3029 ἀγνοεῖν,
1745 2960 1834 3016 διά
1857 2977 1918 3013 τε
1947 2960 2018 3014 τά
2046 2959 2183 3031 ἔργα

521 3053 616 3106 καὶ
635 3051 815 3106 πίστιν
839 3050 914 3122 μὴ
939 3050 1082 3121 ἔχειν
1103 3051 1202 3122 τὴν
1223 3053 1303 3115 είς
1330 3051 1420 3103 τὸν
1441 3049 1645 3120 Κύριον
1659 3048 1886 3119 Ἰησοῦν.
1912 3049 2068 3112 Τίνος
2091 3044 2184 3102 οῦν

521 3139 707 3192 ινεκεν
726 3137 897 3193 ταῦτα
911 3137 1123 3206 λέγεις;
1151 3138 1292 3202 τίνος
1318 3138 1503 3192 ινεκεν
1521 3137 1691 3190 ταῦτα
1715 3137 2183 3208 ύπομιμνήσκεις;

521 3227 576 3279 τί
608 3225 830 3295 γέγονς;
874 3226 946 3296 μή
979 3242 1028 3278 τι
1055 3224 1199 3296 ἔχεις
1234 3224 1516 3294 ἑγκαλείνς
1551 3223 1822 3296 Πρότερον
1855 3222 2185 3286 κατασείσας

521 3311 699 3364 αὐτῶν
726 3313 824 3382 τὴν
851 3312 1106 3374 διάνοιαν,
1141 3311 1262 3366 τότε
1309 3310 1536 3379 ἀπάγει·
1589 3310 1698 3365 Καί
1738 3310 1856 3364 νῦν
1898 3309 2027 3364 ίδοὺ
2070 3309 2186 3379 ἐγὼ

520 3397 834 3466 δεδεμένος
860 3395 943 3464 τῷ
975 3399 1270 3466 Πνεύματι
1297 3399 1618 3467 πορεύομαι
1643 3400 1731 3464 εις
1763 3397 2181 3469 Ἰερουσαλὴμ,

523 3483 597 3537 τὰ
627 3486 695 3537 ἐν
720 3482 872 3553 αὐτῇ
898 3484 1366 3552 συναντήσοντά
1390 3502 1494 3553 μοι
1535 3484 1621 3554 μὴ
1663 3485 1866 3555 είδώς·
1897 3484 2066 3554 πλὴν
2092 3486 2184 3542 ὅτι

521 3570 588 3624 τὸ
618 3570 857 3640 Πνεῦμὰ
892 3589 995 3641 μοι
1022 3571 1090 3625 τὸ
1111 3571 1282 3642 ἅγιον
1313 3571 1464 3626 κατά
1501 3573 1682 3627 πόλιν
1708 3571 2180 3641 διαμαρτύρεται,

519 3658 721 3728 λέγον,
747 3661 832 3714 ὅτι
858 3659 1051 3730 δεσμά
1071 3677 1148 3730 με
1168 3661 1267 3714 καί
1287 3662 1525 3729 θλίψεις
1537 3659 1853 3730 μένουσιν.
1873 3662 2025 3716 Ἀλλ’
2044 3663 2183 3717 οὐδ-

523 3747 660 3814 ενὸς
694 3749 879 3816 λόγον
917 3748 1228 3818 ποιοῦμαι·
1286 3746 1427 3802 οὐδέ
1461 3747 1582 3817 ἔχω
1611 3748 1726 3816 thr
1741 3749 1960 3825 ψυχὴν
1984 3749 2184 3818 τιμίαν

521 3833 775 3903 ἐμαυτῷ,
804 3834 884 3900 ὠς
919 3834 1232 3890 τελειῶσαι
1264 3834 1372 3889 τὸν
1399 3834 1623 3905 δρόμον
1645 3853 1764 3907 μου
1786 3837 1936 3906 μετὰ
1971 3837 2180 3907 χαρᾶς,

523 3921 621 3974 καὶ
647 3919 761 3988 τὴν
787 3920 1118 3984 διακονίαν,
1146 3920 1228 3989 ἢν
1249 3922 1468 3976 ἔλαϐον
1486 3923 1647 3991 παρὰ
1677 3923 1785 3983 τοῦ
1821 3924 2041 3992 Κυρίου
2068 3926 2184 3993 Ἰη-

522 4007 660 4073 σοῦ,
685 4007 1186 4078 διαμαρτύρασθαι
1213 4009 1281 4063 τό
1298 4009 1666 4080 Εὐαγτέλιον
1687 4010 1797 4080 τῆς
1823 4009 2061 4081 χάριτος
2075 4011 2182 4066 τοῦ

523 4096 693 4152 Θεοῦ.
726 4097 825 4150 Διά
852 4097 902 4149 τί
921 4096 1092 4152 ταῦτα
1113 4097 1293 4166 λέγεις
1347 4097 1827 4169 Παρασκευάζωνδ
1859 4099 2055 4163 αὐτοὺς
2096 4099 2183 4154 ἀεὶ

523 4183 770 4254 ἑτοίμους
795 4179 931 4238 εἷναι
965 4185 1099 4257 πρὸς
1136 4185 1412 4249 κινδύνους
1445 4186 1538 4240 καὶ
1567 4185 1758 4258 δήλους
1809 4187 1904 4241 καὶ
1927 4185 2180 4258 ἀδήλους,

524 4271 622 4324 καὶ
654 4271 832 4324 πάντα
860 4271 936 4342 τῷ
962 4273 1237 4344 Πνεύματι
1267 4273 1568 4328 πείθεσθαι.
1593 4275 1843 4330 Δείκνυσι
1871 4276 1951 4341 δὲ,
1978 4278 2060 4331 ὅτι
2087 4279 2182 4332 ἐπὶ

528 4356 783 4429 μεγάλοις
807 4359 1094 4428 ἀπάγεται.
1145 4360 1322 4429 Πλὴν
1368 4361 1458 4415 ότι
1501 4362 1569 4415 τὸ
1607 4362 1848 4432 Πνεῦμα
1865 4383 1986 4433 μοι,
2027 4367 2181 4436 φησὶ,

524 4445 592 4499 τό
650 4444 820 4515 ἅγιον
864 4449 1013 4500 κατὰ
1059 4448 1242 4501 πόλιν
1283 4448 1752 4518 διαμαρτύρεται.
1799 4452 2000 4521 λέγον.
2063 4455 2184 4510 Ἵνα

522 4531 694 4603 δείξῃ,
721 4533 801 4586 ὅτι
831 4531 973 4586 ἑκὼν
992 4534 1308 4605 ἀπέρχεται,
1340 4536 1433 4589 καὶ
1458 4536 1542 4590 ῐνα
1568 4537 1645 4608 μὴ
1663 4537 1860 4609 δεσμὸν
1883 4539 2182 4612 ἢάνάγκην

523 4620 774 4690 νομίσῃς,
805 4620 867 4673 τὸ
899 4622 1060 4674 Κατὰ
1085 4621 1268 4675 πόλιν
1294 4616 1468 4676 εἶπεν.
1503 4621 1637 4678 Εἶτα
1686 4625 1901 4695 ἐπάγει,
1945 4627 2027 4682 δτι
2058 4631 2182 4685 οὐκ

523 4707 642 4776 ἔχω
670 4708 866 4776 τιμίαν
894 4706 1010 4775 τὴν
1057 4707 1318 4777 ἐμαυτοῦ
1354 4710 1587 4780 ψυχὴν,
1621 4711 1703 4779 ὡς
1730 4713 2037 4769 τελειῶσαι
2075 4719 2183 4772 τὸν

523 4794 743 4863 δρόμον
767 4811 884 4863 μου
904 4800 1054 4863 μετὰ
1073 4795 1280 4865 χαρᾶςι
1308 4796 1407 4852 καὶ
1442 4797 1558 4867 thr
1578 4799 1908 4870 διακονίαν,
1941 4801 2023 4870 ἣν
2045 4805 2182 4860 ἔλα-

525 4885 633 4937 σον
661 4882 823 4966 παρὰ
851 4881 957 4937 τοῦ
996 4885 1213 4953 Κυρίου
1229 4887 1452 4953 Ἰησοῦ.
1471 4888 1634 4960 Ὁρᾷς
1663 4890 1746 4944 δτι
1775 4892 1876 4946 οὐκ
1908 4893 2181 4966 ἀποδυρο-

524 4969 688 5040 μένου
721 4965 789 5041 ἦν
813 4970 884 5024 τὰ
927 4971 1169 5043 ῥήματα,
1204 4973 1340 5028 ἀλλά
1373 4975 1750 5046 μετριάζοντος
1775 4979 1872 5033 καὶ
1898 4965 2181 5037 παιδεύω-

519 5075 612 5122 τος
658 5058 897 5124 ὲκείνους
934 5063 1030 5113 καὶ
1068 5061 1480 5134 συμπάσχοντος
1520 5066 1634 5127 τοῖς
1674 5068 2017 5139 γινομένοιςς
2061 5069 2179 5127 Οὐκ

521 5141 695 5210 εἶπεν,
742 5146 825 5200 δτι
871 5146 1182 5219 ’Δλγῶμεν,
1220 5150 1433 5220 ἀνάγκη
1481 5150 1538 5206 δὲ
1594 5153 1810 5224 φέρειν·
1874 5155 1991 5211 ἀλλ’
2032 5159 2175 5222 οὔδε,

533 5231 697 5300 Ἦγοῦ
706 5249 824 5301 μαι.
845 5233 1015 5288 Τοῦτο
1031 5236 1192 5291 πάλιν
1207 5235 1377 5306 λέγει,
1397 5239 1496 5293 οὐκ
1520 5249 1543 5279 ο
1567 5239 1811 5316 ἐπαίρων
1831 5242 2043 5311 ἑαυτὸν,
2064 5247 2181 5301 ἀλλ’

521 5319 762 5382 ἐκείνους
791 5320 1078 5383 διδάσκων.
1117 5321 1204 5377 διά
1232 5325 1329 5394 μὲν
1356 5324 1465 5380 τῶν
1493 5327 1774 5400 προτέρων
1801 5329 1900 5401 τὴν
1937 5349 2180 5388 ταπεινο-

523 5404 815 5478 φροσύνην,
845 5406 933 5461 διά
972 5408 1026 5462 δὲ
1052 5408 1257 5464 τούτων
1276 5410 1373 5483 τὴν
1394 5413 1663 5484 ἀνδρείαν,
1701 5417 1797 5489 τὴν
1830 5420 2142 5493 παρρησίαν
2161 5439 2175 5453 ·

521 5494 654 5547 ὡσεὶ
675 5495 857 5562 ἔλεγεν
877 5512 888 5524 ·
922 5496 995 5550 Ού
1023 5497 1162 5565 φιλῶ
1193 5497 1362 5571 αὐτὴν
1397 5501 1503 5571 πρὸ
1525 5501 1728 5572 ταύτης
1748 5523 1760 5535 ·
1786 5509 2178 5580 προτιμότερον

524 5580 654 5649 ἡγοῦ
664 5599 761 5664 μαι
779 5581 839 5635 τὺ
864 5582 1080 5638 τελέσαι
1106 5585 1196 5639 τὸν
1221 5586 1438 5657 δρόμον,
1461 5588 1522 5642 τὸ
1546 5589 2038 5664 διαμαρτύρασθαι.
2069 5599 2178 5651 Καὶ

521 5669 620 5722 οὐκ
649 5663 791 5733 εἷπε,
826 5669 1092 5742 Κηρῦξαι,
1123 5673 1366 5740 Διδάξαι·
1395 5675 1532 5731 ἀλλά
1555 5678 1637 5742 τίς
1670 5663 2178 5752 Διαμαρτύρασθαι

524 5757 590 5809 τὸ
611 5758 973 5827 Euhan-utor
997 5758 1105 5830 τῆς
1126 5760 1364 5832 χάριτος
1394 5765 1501 5820 τοῦ
1533 5767 1702 5821 Θεοῦ.
1736 5769 1932 5824 Μέλλει
1972 5790 2025 5827 τι
2054 5791 2178 5845 φορ-

587 5881 614 5909 ⁸
639 5880 770 5957 Ηειξς,
795 5886 951 5942 καλῶς
971 5888 1121 5957 οὕτως
1149 5888 1495 5957 εἶπεγᾼθβμηι
1513 5895 1562 5943 in
1584 5907 1680 5944 uno
1702 5893 1818 5957 Cod,
1884 5897 1912 5938 δ
1937 5897 2054 5957 Alii,
2099 5902 2178 5949 διὰ

524 5942 765 6021 ξίλφησὶι,
786 5942 1172 6021 ποεραφιωάζὼν.
1243 5955 1265 5984 ε
1283 5942 1497 6016 Ὠυἱᾶαιῑι
1517 5942 1670 6018 ωειλ,
1697 5942 2175 6021 ’τοῦτο

527 6005 669 6054 πάλιν
718 6006 803 6057 οὐκ
838 6005 1054 6076 ἐπαίρων.

1270 410 1327 466 S.
1369 400 1652 467 JOANNIS
1687 399 2172 463 CIIRYSOSTOMI
2212 399 2532 460 ARCHIEI’.
2572 395 3119 457 CONSTANTINOP.

3851 391 3963 446 310

2295 513 2590 586 τικώτερον
2617 514 2817 582 λέγειν,
2867 513 2950 567 ὅτι
2983 508 3249 578 KaOapdc
3277 507 3392 579 ἐγὼ
3430 506 3549 562 ἀπὸ
3576 505 3684 561 τοῦ
3711 507 3966 574 αἵματος

2295 603 2566 658 πάντων·
2623 601 2711 655 διὰ
2766 601 2924 658 τοῦτο
2964 597 3490 670 προκατασκευάζει,
3522 593 3619 649 καὶ
3665 593 3963 656 δείκνυσιν,

2294 692 2376 745 ὅτι
2405 689 2556 744 οὐδὲν
2582 687 2911 743 ὲλλείπεται.
2940 686 3094 740 Ἐπεὶ
3131 681 3226 739 οῦν
3247 685 3468 756 ἔμελλεν
3500 683 3683 745 αὐτοῖς
3713 681 3965 735 ἐπιτιθέ-

2290 795 2380 832 ναι
2406 777 2470 830 τδ
2494 775 2660 848 βάρος
2676 776 2821 830 ἅπαν
2842 774 3016 828 καὶτὸ
3035 772 3273 845 φορτίον,
3299 770 3558 841 πρότερον
3584 767 3966 839 κατεμάλαξεν

2289 865 2469 922 αὐτῶν
2493 866 2592 936 τὴν
2623 863 2885 926 διάνοιαν,
2914 861 3114 930 λέγων·
3168 859 3279 916 Καὶ
3327 858 3442 928 νῦν
3473 855 3602 911 ιδοὺ
3639 854 3755 926 ἐγὼ
3797 851 3966 915 οῖδα.

2289 955 2376 1008 ὅτι
2395 955 2507 1008 οὐκ
2526 953 2612 1006 ἔτι
2640 951 2869 1020 ὄψεσθε
2897 949 2966 1002 τὸ
2997 949 3326 1017 πρόσωπόν
3357 964 3497 1015 μου.
3537 939 3671 998 Εἶτα
3701 943 3826 996 τότε
3857 944 3965 996 έπ-

2288 1043 2467 1113 ήγαγε
2501 1040 2584 1103 τὸ,
2625 1037 2897 1106 Καθαρὸς
2939 1035 3054 1106 έτὼ
3077 1033 3211 1089 ἀπό
3248 1033 3355 1087 τοῦ
3404 1033 3653 1113 αἵματος
3691 1030 3960 1085 πάντων.

2288 1110 2458 1200 Ᾰιπλῆ
2489 1130 2523 1198 ἡ
2553 1125 2698 1197 λύπη
2719 1139 2734 1154 ·
2787 1123 2848 1177 τό
2872 1140 2952 1186 τε,
2990 1122 3064 1175 Τὸ
3089 1120 3379 1192 πρόσωπον
3405 1118 3570 1172 αὐτοῦ
3589 1110 3689 1170 ούκ
3719 1115 3966 1185 ἐτι-ὕψε-

2288 1215 2434 1282 σθαι,
2486 1215 2580 1268 καὶ
2636 1213 2718 1278 τὸ,
2778 1211 2987 1274 Αὐτοὺς
3032 1209 3266 1272 πάντας.
3298 1208 3422 1261 Οὐκ
3468 1206 3558 1260 ἐτι
3606 1204 3735 1274 γὰρ,
3765 1204 3964 1274 φησὶν,

2286 1301 2514 1370 ὄψεσθε
2548 1298 2615 1353 τὸ
2643 1299 2970 1366 πρόσωπόν
3001 1313 3120 1364 μου
3152 1294 3321 1363 ὑμεῖς
3365 1291 3607 1357 πάντες,
3639 1290 3708 1343 ἐν
3735 1285 3831 1356 οἷς
3871 1288 3966 1342 δι-

2284 1385 2478 1456 ῆλθον
2503 1388 2829 1456 κηρύσσων
2865 1384 2981 1450 τὴν
3013 1381 3362 1448 βασιλείαν.
3395 1379 3557 1433 Ὥστε
3577 1377 3800 1442 εἰκότως
3839 1376 3965 1430 δια-

2289 1462 2636 1549 μαρτύρομαι
2692 1473 2842 1544 ὑμῖν,
2899 1472 2994 1526 ἆτε
3053 1469 3250 1540 μηκέτι
3314 1466 3774 1536 παραγινόμενος,
3832 1463 3966 1517 Ὀτι

2285 1563 2544 1631 καθαρὸς
2585 1561 2700 1630 ἐγὼ
2757 1558 2908 1632 1555]
2953 1559 3074 1614 ἀπὸ
3121 1556 3229 1610 τοῦ
3267 1556 3514 1623 αἳματος
3561 1552 3827 1605 πάντων.
3877 1553 3966 1604 θύ

2284 1651 2396 1722 γὰρ
2426 1648 2874 1716 ὑπεστειλάμην
2919 1646 3025 1700 τοῦ
3066 1646 3152 1714 μὴ
3186 1642 3534 1712 ἀναγγεῖλαι
3566 1638 3708 1710 ὑμῖν
3749 1637 3966 1712 πᾶσαν

2283 1739 2399 1808 τὴν
2419 1739 2665 1804 βουλὴν
2688 1736 2794 1790 τοῦ
2841 1735 3009 1789 Θεοῦ.
3048 1735 3211 1804 Ὁρᾷς
3234 1731 3350 1793 πῶς
3377 1729 3556 1800 φοϐεῖ,
3592 1729 3684 1781 καὶ
3711 1743 3964 1796 πεπονη-

2286 1827 2453 1897 μένας
2499 1824 2678 1878 αύτῶν
2729 1822 2826 1886 τὰς
2865 1821 3041 1892 ψυχὰς
3085 1822 3180 1874 καὶ
3239 1817 3602 1888 τεθλιμμένας
3650 1812 3965 1885 ὲπιτρίϐεις

2282 1913 2500 1978 Καλῶς,
2527 1913 2607 1965 ὅτι
2644 1911 2940 1980 ἀναγκαῖον
2977 1904 3064 1978 ἦν.
3102 1910 3183 1961 Ob
3229 1906 3339 1976 γὰρ
3365 1901 3821 1970 ὑπεστειλάμην
3850 1899 3967 1955 τοῦ

2277 2000 2363 2071 μὴ
2390 1998 2736 2069 ἀναγγεῖλαι
2780 1997 2944 2067 ὑμῖν,
2973 1995 3128 2065 φησὶ,
3161 1993 3369 2049 πᾶσαν
3411 1991 3528 2060 τὴν
3562 1990 3812 2058 βουλὴν
3857 1989 3968 2044 τοῦ

2286 2088 2454 2143 Θεοῦ.
2493 2089 2635 2160 ’Δρα
2669 2087 2698 2138 δ
2743 2085 2818 2156 μὴ
2843 2085 3040 2152 λέγων,
3085 2080 3387 2144 ὑπεύθυνός
3413 2080 3532 2132 ἐστι
3563 2079 3659 2133 τοῦ
3688 2078 3929 2149 αἵματος
3949 2094 3965 2107 ·

2282 2176 2548 2241 τουτέστι,
2577 2173 2677 2244 τῆς
2702 2171 2934 2243 σφαγῆς.
2975 2169 3142 2223 Οὐδὲν
3173 2167 3364 2222 τούτου
3405 2165 3806 2237 φοὸερώτερον.
3837 2164 3967 2218 Δεί-

2284 2279 2489 2328 κνυσιν,
2517 2263 2606 2316 ὅτι
2631 2262 2893 2322 κάκεῖνοι,
2913 2258 2979 2313 ἀν
3012 2257 3088 2328 μὴ
3119 2254 3369 2321 ποιῶσιν,
3411 2253 3706 2308 ὑπεύθυνοί
3728 2256 3837 2306 εἰσι
3864 2252 3967 2306 τοῦ

2283 2351 2531 2421 αἵματος.
2563 2349 2674 2402 Καὶ
2700 2348 2848 2401 δοκεῖ
2878 2347 2978 2416 μὲν
3000 2343 3406 2414 ἀπολογεῖσθαι,
3437 2343 3676 2405 ἐκείνους
3697 2342 3754 2395 δὲ
3781 2341 3964 2410 φοϐεῖ.

2279 2436 2612 2505 Προσέχετε
2621 2430 2734 2490 οὖν
2747 2433 2980 2497 ἑαυτοῖς
2995 2432 3090 2486 καὶ
3105 2431 3282 2486 παντί
3292 2429 3374 2498 τῷ
3385 2432 3654 2500 ποιμνίῳ,
3664 2430 3732 2484 ἐν
3741 2421 3790 2496 ᾧ
3804 2428 3971 2498 ὑμᾶς

2279 2526 2345 2578 τὸ
2366 2524 2608 2593 Πνεῦμα
2632 2521 2696 2576 τὸ
2715 2521 2886 2591 ἅγιον
2905 2519 3075 2574 ἔθετο
3093 2520 3470 2586 ἐπισκόπους
3491 2520 3832 2588 ποιμαίνειν
3845 2516 3968 2584 τὴν

2281 2611 2645 2680 Ἐκκλησίαν
2691 2610 2800 2665 τοῦ
2864 2608 3034 2672 Θεοῦ,
3071 2607 3152 2675 ἢν
3185 2606 3645 2676 περιεποιήσατο
3699 2606 3801 2659 διὰ
3849 2605 3968 2659 τοῦ

2284 2699 2436 2754 ίδίου
2463 2699 2730 2767 αἵματος.
2781 2696 2979 2768 Ὀρᾷςς
3034 2694 3128 2748 δύο
3168 2693 3521 2765 προσέταξεν.
3577 2692 3715 2747 Οὔτε
3754 2689 3851 2746 οῦν
3899 2692 3968 2746 τὸ

2283 2786 2502 2857 ἑτέρους
2531 2784 2831 2859 κατορθοῦν
2863 2784 3023 2855 μόνον
3048 2783 3160 2854 ἔχει
3186 2799 3240 2835 τι
3272 2783 3462 2855 κέρδος
3480 2782 3798 2854 (Φοϐοῦμαι
3823 2781 3964 2852 γὰρ,

2283 2872 2438 2942 φησὶ,
2457 2870 2544 2942 μή
2593 2887 2718 2937 πως
2742 2870 2955 2936 ἄλλοις
2982 2870 3250 2936 κηρύξας
3287 2871 3469 2937 αὐτὸς
3521 2869 3804 2938 ἀδόκιμος
3865 2867 3968 2939 τέ-

2278 2957 2510 3028 νωμαι),
2553 2957 2677 3011 οὕτε
2719 2957 2782 3012 τδ
2812 2955 3005 3010 ἑαυτοῦ
3055 2956 3218 3026 μόνον
3269 2955 3668 3027 ἐπιμελεῖσθαι.
3729 2955 3791 3008 '0
3848 2956 3968 3026 γάρ

2280 3045 2518 3109 τοιοῦτος
2546 3045 2799 3115 φίλαυτος
2843 3044 2939 3098 καὶ
2988 3042 3050 3097 τὸ
3083 3043 3277 3097 ἑαυτοῦ
3317 3043 3470 3115 ζητεῖ
3500 3044 3686 3114 μόνον,
3715 3043 3812 3096 καὶ
3860 3042 3963 3096 τοῦ

2281 3133 2342 3186 τὸ
2368 3132 2629 3188 τάλαντον
2655 3130 3073 3202 καταχώσαντος
3109 3131 3221 3195 ίσος
3253 3131 3389 3184 ἐστί.
3431 3130 3616 3184 Ταῦτα
3641 3130 3811 3198 λέγει,
3859 3130 3968 3184 οὐκ

2283 3220 2471 3292 ἐπειδὴ
2503 3219 2871 3291 προτιμοτέρα
2907 3221 2942 3288 ή
2970 3218 3215 3289 ἡμετέρα
3270 3219 3512 3290 σωτηρία
3539 3216 3632 3272 τοῦ
3678 3217 3964 3288 ποιμνίου,

2282 3309 2397 3362 ἀλλ’
2441 3307 2649 3379 ἐπειδὴ,
2696 3307 2826 3362 ὅταν
2877 3307 3086 3371 ἑαυτοῖς
3137 3307 3513 3379 προσέχωμεν,
3571 3307 3694 3359 τότε
3747 3306 3844 3358 καὶ
3901 3306 3968 3360 τὸ

2281 3395 2529 3467 ποίμνιον
2568 3396 2859 3467 κερδαίνει.
2903 3388 3077 3463 Ἐ’νῷ
3107 3394 3263 3466 ὑμᾶς
3301 3395 3370 3449 τὸ
3409 3395 3650 3463 Πνεῦμα
3677 3395 3743 3447 τὸ
3786 3394 3967 3464 ἅγιον

2278 3484 2447 3538 ἔθετο
2489 3483 2867 3549 ἐπισκόπους
2903 3484 3241 3553 ποιμαίνειν
3280 3482 3398 3551 thr
3438 3483 3814 3548 Ἐκκλησίαν
3851 3482 3966 3537 τοῦ

2283 3572 2450 3627 Θεοῦ.
2478 3572 2619 3644 Ὅρα
2651 3571 2812 3626 πόσαι
2839 3570 3078 3640 ἀνάγκαι
3099 3570 3152 3626 ἀ.
3196 3570 3354 3643 Παρὰ
3389 3569 3482 3624 τοῦ
3519 3569 3837 3641 Πνεύματος
3858 3570 3966 3642 τὴν

2280 3661 2610 3731 χειροτονίαν
2646 3660 2822 3732 ἔχετε,
2857 3658 3023 3732 φησί·
3061 3658 3221 3712 τοῦτο
3265 3660 3375 3728 γάρ
3421 3660 3538 3711 ἑστι
3590 3658 3672 3724 τὸ,
3715 3658 3960 3713 Ἕθετο.

2280 3749 2394 3802 Μία
2422 3748 2561 3821 αῦτη
2589 3749 2804 3820 ἀνάγκη
2823 3763 2839 3779 ·
2896 3743 3035 3808 εἶτα.
3066 3748 3412 3816 Ποιμαίνειν
3441 3746 3558 3814 thr
3583 3747 3967 3812 Ἐκκλησίαν

2279 3834 2388 3890 τοῦ
2415 3835 2585 3890 Θεοῦ.
2631 3835 2760 3889 Ἰδοὺ
2795 3834 2890 3888 καὶ
2912 3833 3174 3904 δευτέρα·
3210 3835 3304 3887 καὶ
3331 3833 3511 3904 τρίτη,
3535 3833 3644 3887 Ἠν
3677 3849 3845 3902 φησιν
3875 3833 3966 3887 δτι

2283 3921 2746 3990 περιεποιήσατο
2775 3921 2876 3976 διὰ
2905 3922 3013 3976 τοῦ
3044 3921 3200 3976 ιδίου
3214 3922 3484 3990 αἳματος.
3536 3921 3676 3976 Πολὺ
3715 3921 3965 3975 δείκνυσι

2281 4007 2352 4062 δι’
2377 4003 2452 4062 ὧν
2479 4005 2599 4064 εἷπε
2627 4008 2805 4081 τίμιον
2843 4007 2906 4062 τὺ
2934 4009 3187 4079 πρᾶγμα,
3218 4009 3313 4062 καὶ
3335 4010 3417 4062 ὅτι
3441 4009 3539 4078 οὐχ
3567 4009 3709 4079 ὑπὲρ
3739 4009 3966 4080 μικρῶν

2279 4095 2310 4148 ό
2332 4095 2594 4160 κίνδυνος,
2619 4097 2676 4150 εῐ
2695 4113 2758 4165 γε
2776 4095 3096 4166 δΔεσπότης
3115 4096 3258 4167 ὑπὲρ
3283 4096 3382 4167 τῆς
3396 4095 3723 4164 Ἐκκλησίας
3749 4107 3798 4159 ο,
3831 4096 3963 4150 οὐδὲ

2276 4183 2373 4237 τοῦ
2401 4185 2631 4256 αἵματος
2657 4185 2910 4253 ἐφείσατο
2928 4183 3023 4238 τοῦ
3053 4183 3269 4249 ἑαυτοῦ,
3299 4184 3530 4254 ήμεῑςδὲ
3547 4183 3648 4254 τῆς
3672 4185 3785 4237 τῶν
3800 4184 3965 4238 ἁδελ-

2280 4271 2396 4340 φῶν
2456 4272 2728 4344 σωτηρίας
2779 4271 3250 4343 καταφρονοῦμεν.
3307 4272 3418 4325 Καὶ
3448 4273 3656 4335 ἐκεῖνος
3709 4271 3812 4342 μὲν
3871 4273 3965 4326 ἵνα

2282 4358 2510 4430 ἐχθροὺς
2537 4358 2869 4431 καταλλάξῃ,
2913 4360 3007 4412 καὶ
3033 4358 3094 4412 τὸ
3126 4354 3266 4429 αἷμα
3289 4358 3499 4430 ἐξέχεε·
3533 4360 3597 4412 σὺ
3627 4359 3683 4412 δὲ
3709 4359 3834 4412 οὐδὲ
3873 4362 3964 4429 φί-

2282 4444 2407 4510 λους
2467 4446 2794 4516 γενομένους
2857 4446 3059 4517 ίσχύεις
3118 4448 3430 4517 κατασχεῖν.
3477 4447 3629 4516 Ἐγὼ
3674 4448 3785 4518 γὰρ
3822 4445 3965 4503 οἶδα

2282 4533 2479 4598 τοῦτο,
2504 4533 2593 4586 ὅτι
2614 4535 3065 4588 εἰσελεύσονται
3088 4533 3240 4604 μετὰ
3262 4533 3376 4602 τὴν
3396 4535 3606 4604 ἄφιξίν
3625 4553 3746 4606 μου
3775 4538 3963 4591 λύκοι

2275 4620 2486 4688 βαρεῖς
2510 4623 2598 4687 είς
2632 4620 2804 4690 ὑμᾶς,
2824 4621 2911 4691 μὴ
2937 4621 3272 4690 φειδόμενοι
3296 4620 3400 4675 τοῦ
3423 4623 3724 4692 ποιμνίου.
3780 4623 3961 4678 Πάλιν

2281 4709 2500 4764 ἀλλοθεν
2535 4711 2733 4774 αὐτοὺς
2759 4711 3076 4783 ἐπιστρέφει
3115 4713 3223 4765 ἀπὸ
3265 4712 3374 4765 τῶν
3402 4712 3711 4781 ἐσομένων·
3759 4711 3961 4784 ὥσπερ

2281 4799 2411 4854 ὅταν
2452 4797 2688 4869 ἀλλαχοῦ
2740 4798 2875 4871 λέγῃ
2897 4814 2913 4831 ·
2974 4800 3094 4853 οὐκ
3127 4799 3298 4854 ἔστιν
3339 4794 3484 4868 ἡμῖν
3512 4802 3551 4867 ἠ
3604 4798 3768 4868 πάλη
3801 4801 3961 4870 πρὸς

2281 4881 2422 4956 αἷμα
2446 4886 2546 4940 καί
2572 4885 2788 4956 σάρκα.
2813 4888 2941 4941 Ὀτι
2966 4880 3436 4952 εἷσελεύσονται,
3471 4889 3628 4960 φησι,
3653 4889 3806 4958 μετὰ
3838 4888 3961 4958 thr

2281 4973 2489 5042 ἄφιξίν
2511 4992 2631 5043 μου
2658 4977 2832 5029 λύκοι
2851 4973 3064 5044 βαρεῖς
3089 4978 3174 5041 εις
3205 4973 3378 5045 ὑμᾶς.
3407 4975 3640 5030 Διπλοῦν
3666 4976 3727 5030 τὺ
3753 4961 3956 5044 κακον,

2279 5063 2362 5117 ὅτι
2411 5080 2472 5116 τε
2510 5063 2673 5128 αὐτὸς
2723 5064 2784 5117 ού
2816 5063 3072 5134 πάρεστι,
3105 5063 3200 5116 καὶ⁸
3230 5065 3314 5118 ὅτι
3342 5064 3520 5131 ἕτεροι
3573 5064 3955 5135 ὲπιθήσονται.

2279 5149 2346 5204 Τί
2377 5145 2469 5205 οῦν
2496 5150 2732 5224 ἀπέρχῃ,
2762 5151 2812 5205 εί
2840 5149 2996 5204 τοῦτο
3023 5152 3309 5223 προοῖδας;
3353 5152 3426 5206 Τδ
3473 5151 3703 5223 Πνεῦμά
3751 5171 3823 5226 με
3862 5155 3960 5210 ιλ-

2279 5257 2388 5302 κει,
2419 5238 2572 5309 φησί.

2351 5333 2421 5395 γ’.
2443 5327 2550 5380 Καὶ
2578 5327 2680 5399 δρα
2701 5343 2715 5357 ·
2739 5326 2834 5398 οὐχ
2851 5326 3034 5391 ἀπλῶς
3069 5323 3209 5394 εἷπε,
3233 5329 3440 5394 Λύκοι,
3457 5328 3593 5383 ἀλλά
3616 5329 3956 5404 προσέθηκε,

2281 5415 2511 5483 Βιιρεῒς,
2540 5415 2601 5468 τὸ
2625 5415 2852 5486 σφοδρὸν
2880 5416 3057 5469 αὐτῶν
3074 5415 3177 5470 ’καὶ
3208 5416 3404 5487 ίταμδν
3427 5418 3816 5489 αἰνιττόμενος·
3856 5423 3958 5476 καὶ

2280 5505 2339 5561 τδ
2371 5507 2766 5578 χαλεπώτερον,
2805 5507 2885 5561 ὅτι
2925 5507 3121 5571 αὐτοὺς
3154 5507 3377 5573 τούτους
3407 5507 3467 5573 ἐξ
3492 5509 3671 5563 αὐτῶν
3707 5511 3959 5583 ἀναστή-

2281 5597 2468 5651 σεσθαι
2503 5597 2682 5667 λέγει·
2719 5597 2746 5650 ὃ
2772 5598 2863 5650 καὶ
2893 5596 3097 5668 σφόδρα
3134 5598 3250 5650 ἐστὶ
3292 5597 3451 5668 βαρὺ,
3479 5599 3608 5653 ὅταν
3641 5601 3734 5654 καὶ
3771 5603 3959 5673 ἐμφύ-

2279 5685 2389 5750 λιος
2420 5687 2448 5739 ό
2471 5685 2704 5755 πόλεμος
2827 5686 2934 5739 Καὶ
2965 5685 3143 5750 καλῶς
3175 5681 3318 5753 εἷπε,
3349 5687 3703 5754 Προσέχετε,
3728 5688 3955 5754 δεικνὺς

2278 5775 2742 5846 περισπούδαστον
2792 5776 2995 5848 σφόδρα
3041 5777 3100 5828 τὸ
3155 5779 3384 5848 πρᾶγμα
3435 5777 3766 5850 (Ἐκκλησία
3838 5782 3955 5852 γάρ

2358 5963 2568 6033 δ-[Ῑόοςαι
2591 5964 2790 6033 ἀνάγκαι
2825 5965 2968 6015 deost
3013 5967 3062 6014 in
3091 5979 3212 6033 ullo:
3276 5970 3300 6002 θ
3325 5964 3506 6028 Verba,
3532 5967 3780 6025 Δεσπότης
3825 5970 3949 6033 ὑπὲρ

2278 6031 2360 6084 τῆς
2390 6027 2692 6083 Ἐκκλησίας.
2718 6029 2893 6077 desunt
2920 6032 2965 6078 in
2991 6041 3088 6078 uno
3115 6027 3230 6077 Cod.
