4094 6336
202 497 276 552 Et
325 510 510 550 rursus
552 494 680 549 alibi
726 494 900 549 dicit:
935 492 1089 546 Nunc
1140 493 1336 561 gaudeo
1378 491 1432 542 in
1478 487 1795 556 passiouibus

204 590 333 643 meis
361 605 453 657 pro
481 589 618 641 vobis
642 586 779 651 (Col.
808 588 859 641 1.
881 584 1003 655 21);
1029 593 1083 637 et
1108 599 1318 637 rursum
1346 598 1358 635 :
1395 579 1548 635 Nunc
1571 596 1799 632 momen-

201 691 358 734 ttsttea
378 679 561 733 levitas
587 677 926 732 tribulationis
947 693 1101 737 supra
1132 676 1337 727 modum
1357 684 1597 727 (sternunt
1619 672 1797 740 gloriae

196 774 406 838 pondus
434 782 675 844 aperatur
714 770 857 825 nobis
885 769 961 836 (2.
991 769 1108 824 Cor.
1134 769 1188 824 4.
1221 769 1330 836 17).
1360 765 1554 821 Verum
1584 766 1697 819 lucc
1728 778 1792 818 ex

202 865 469 919 modestia
492 864 642 918 dicit.
661 863 757 918 Hic
778 872 953 915 autem
977 860 1208 916 ostendit
1232 858 1591 914 fortitudinem
1614 872 1789 921 suam,

201 976 303 1013 nec
330 970 438 1012 tam
465 958 849 1020 fortitudinem,
875 971 1033 1025 quam
1058 954 1384 1025 patientiam,
1403 967 1464 1007 ac
1490 952 1532 1006 si
1556 952 1788 1005 diceret'

201 1052 340 1105 Male
372 1050 632 1119 patiebar,
663 1048 755 1103 sed
799 1048 1067 1101 vobiscum
1102 1064 1115 1099 :
1148 1047 1395 1115 quodque
1442 1043 1656 1113 gravius
1686 1052 1787 1107 est,

197 1159 228 1195 a
260 1142 485 1197 .lttdzeis.
516 1141 609 1194 llic
640 1139 761 1194 vide
780 1139 1143 1193 characterem
1173 1136 1435 1190 doctrina:
1470 1153 1482 1188 :
1512 1144 1565 1189 et
1591 1134 1787 1188 carita-

199 1246 308 1287 tem
342 1236 496 1303 ponit
520 1242 577 1287 et
604 1234 987 1287 fortitudinem.
1026 1231 1176 1297 Quod
1212 1229 1339 1282 nihil
1376 1227 1786 1297 subterfugerim,

200 1326 371 1395 inquit
396 1342 412 1386 ;
444 1325 655 1393 copiam
680 1324 834 1377 simul
862 1332 915 1376 et
942 1321 1278 1376 sedulitatem
1307 1318 1561 1375 ostendit.
1596 1317 1789 1371 Eorum

197 1433 313 1486 qua:
341 1416 493 1469 utilia
514 1424 695 1468 essent.
727 1414 871 1468 Bene
898 1423 1046 1468 certe
1084 1413 1220 1467 dixit
1250 1433 1262 1467 :
1306 1421 1459 1465 erant
1498 1410 1640 1464 enim
1670 1425 1788 1479 qua:

199 1508 562 1561 discereenon
594 1506 891 1577 oportebat.
928 1504 995 1560 Ut
1035 1520 1163 1559 vero
1208 1502 1451 1573 quatdam
1495 1502 1785 1586 occultare,

197 1600 421 1654 invidia:
454 1602 659 1659 fuisset.
688 1599 765 1652 sic
809 1598 983 1651 omnia
1012 1597 1191 1651 dicere
1229 1596 1469 1650 stultitia:
1498 1612 1510 1646 :
1545 1592 1666 1648 ideo
1696 1592 1788 1645 ad-

197 1692 352 1755 didit,
408 1691 604 1745 Eorum
647 1706 760 1759 qua:
808 1688 955 1742 utilia
1006 1687 1527 1742 essent:ostendens
1575 1700 1633 1739 se
1679 1699 1785 1738 non

197 1784 359 1837 ntodo
390 1782 612 1845 dixisse,
644 1781 739 1835 sed
762 1782 919 1835 etiam
951 1780 1227 1843 docuisse;
1258 1794 1357 1837 nec
1384 1777 1536 1848 quasi
1571 1776 1786 1845 perfun-

193 1877 385 1929 ctorie.
421 1873 574 1941 Quod
625 1880 801 1927 autem
849 1870 949 1926 hoc
993 1870 1275 1940 signiﬁcet,
1312 1869 1437 1924 audi
1480 1868 1780 1937 sequentia,

194 1965 411 2019 Publice
441 1976 486 2017 et
517 1982 606 2035 per
636 1964 853 2027 domos;
893 1974 947 2017 et
990 1978 1237 2032 magnum
1294 1962 1530 2015 laborem
1579 1970 1633 2014 et
1672 1971 1785 2013 stu-

190 2060 338 2112 dium
366 2058 931 2128 perseverantiatnque
948 2055 1245 2111 declarans.
1266 2054 1563 2122 Testiﬁcans
1584 2052 1612 2104 J
1624 2053 1781 2105 udteis

190 2164 343 2221 atque
353 2151 644 2221 gentilibus.
662 2149 775 2204 Non
789 2148 939 2202 vobis
955 2148 1151 2214 solum,
1170 2148 1361 2216 inquit,
1377 2146 1470 2200 sed
1485 2146 1644 2200 etiam
1662 2160 1785 2214 gen-

191 2246 395 2298 tilibus.
413 2244 510 2299 llic
529 2242 776 2312 loquendi
796 2243 1008 2297 libertas
1023 2241 1203 2295 adest:
1225 2238 1443 2293 Etiamsi
1462 2239 1593 2292 nihil
1616 2239 1776 2306 proli-

192 2342 421 2398 ciamus,
440 2338 532 2394 ait.
550 2336 730 2389 dicere
750 2344 922 2389 tamen
939 2342 1186 2402 oportet:
1211 2332 1341 2386 illttd
1360 2333 1502 2387 enim
1522 2342 1604 2385 est
1628 2332 1776 2385 testi-

192 2429 363 2491 ﬁcari,
380 2428 596 2497 quando
616 2444 719 2481 non
740 2427 1134 2487 attendentibus
1156 2424 1450 2496 loquimur:
1473 2438 1593 2477 nam
1620 2425 1774 2477 testi-

187 2523 337 2577 ﬁcari
358 2523 461 2576 hoc
477 2531 533 2575 ut
553 2521 835 2589 plurimum
852 2516 1337 2588 signiﬁcat.Testor,
1360 2515 1774 2587 inquitMoyses,

184 2616 371 2669 celum
394 2624 443 2667 et
461 2625 649 2667 terram
676 2612 836 2684 (Dan.
855 2610 1051 2684 4.26);
1080 2622 1128 2664 ct
1157 2624 1299 2664 nunc
1320 2609 1547 2664 Paulus:
1578 2606 1780 2675 Testiﬁ-

185 2727 313 2764 cans
340 2709 544 2763 ludatis
574 2720 721 2776 atque
746 2706 1014 2778 gentilibus
1040 2706 1092 2758 in
1120 2704 1285 2758 Deum
1334 2704 1700 2775 paenitentiam.

254 2800 313 2854 2.
353 2799 489 2865 Quid
538 2797 867 2853 testiﬁcaris?
898 2796 966 2853 Ut
991 2797 1110 2851 vitm
1135 2796 1369 2849 studium
1402 2795 1689 2857 habeatur,
1716 2802 1776 2849 ut

181 2890 555 2963 pteniteutiam
580 2899 808 2959 agautet
830 2888 895 2943 ad
927 2889 1090 2943 Deum
1119 2887 1394 2942 accedant.
1414 2887 1599 2957 Neque
1629 2888 1773 2943 enim

180 2986 352 3041 Judaei
400 2995 662 3041 noverant
705 2985 873 3048 illum,
924 2985 1065 3055 quod
1098 2972 1289 3038 Filium
1338 2984 1663 3055 ignorarent,
1722 2992 1776 3039 et

181 3077 327 3145 quod
357 3092 457 3129 nec
482 3091 645 3145 opera
677 3076 935 3130 haberent
961 3091 1061 3130 nec
1102 3075 1259 3129 ﬁdem
1293 3077 1343 3130 in
1374 3076 1654 3131 Dominum
1681 3077 1773 3132 Je-

179 3185 326 3223 sum.
372 3167 483 3222 Cur
526 3184 651 3238 ergo
684 3167 799 3222 hate
823 3167 996 3222 dicis?
1039 3184 1135 3222 cur
1180 3169 1296 3223 h.t:c
1344 3169 1773 3224 commemoras?

178 3260 308 3329 quid
362 3259 559 3313 factum
612 3260 733 3313 est?
784 3274 851 3312 an
903 3259 1027 3327 quid
1084 3260 1446 3315 accusandum
1498 3262 1772 3329 suppetit?

179 3352 470 3421 Postquam
500 3352 715 3405 illorum
743 3361 979 3405 mentem
1008 3352 1330 3421 exagitavit,
1375 3362 1501 3411 tunc
1540 3352 1721 3419 adjicit
1753 3370 1768 3407 :

183 3462 203 3493 ι
240 3444 335 3497 22.
369 3444 438 3498 Et
462 3459 599 3498 nunc
622 3459 748 3499 ecce
775 3445 1016 3514 alligatus
1039 3461 1137 3513 ego
1164 3445 1388 3513 Spiritu,
1422 3444 1557 3499 vatio
1599 3447 1649 3501 in
1676 3445 1761 3501 Je-

177 3539 442 3599 rusalem,
474 3553 593 3605 qua:
626 3537 676 3590 in
706 3553 767 3591 ea
794 3547 1016 3591 ventura
1043 3548 1168 3591 sunt
1194 3538 1323 3592 mihi
1349 3539 1599 3609 ignorans
1633 3557 1646 3593 :
1675 3540 1768 3596 25.

176 3628 279 3684 nisi
310 3628 453 3699 quod
478 3628 709 3699 Spiritus
733 3639 948 3683 sanctus
972 3643 1068 3698 per
1095 3631 1341 3686 civitates
1370 3630 1496 3686 mihi
1528 3634 1770 3688 testiﬁca-

179 3731 286 3787 tur,
336 3721 546 3787 dicens,
594 3718 847 3790 quoniam
904 3720 1114 3774 vincula
1156 3730 1210 3775 et
1257 3723 1631 3779 tt-ibttlationes
1682 3741 1769 3780 me

177 3821 417 3865 manent.
441 3810 534 3865 24.
560 3811 630 3865 At
654 3811 781 3865 nihil
816 3810 1002 3865 horum
1019 3826 1228 3878 vereor,
1253 3827 1428 3884 neque
1453 3815 1523 3869 ita
1536 3816 1768 3869 animam

178 3918 349 3958 meam
380 3904 671 3972 pretiosam
699 3902 855 3971 facio,
882 3915 940 3958 ut
960 3918 1331 3962 consmnmare
1347 3923 1558 3962 cursum
1588 3925 1762 3964 meum

176 4012 297 4049 eum
320 3995 539 4065 gaudio.
571 4004 624 4048 et
669 3996 1044 4062 ministerium,
1089 3998 1228 4065 quod
1269 4001 1451 4069 accepi
1480 4016 1509 4055 a
1539 4002 1764 4057 Domino

177 4086 325 4147 Iesu,
360 4095 417 4139 ut
442 4085 695 4141 testiﬁcor
719 4088 1053 4156 evangelium
1082 4088 1267 4159 gratia:
1301 4091 1416 4147 Dei.
1458 4110 1479 4146 ι
1512 4094 1768 4150 Curduec

176 4180 344 4232 dicit?
379 4178 447 4232 Ut
476 4178 595 4233 illos
625 4193 840 4248 semper
884 4191 1098 4250 paratos
1132 4182 1318 4237 reddat
1342 4184 1409 4238 ad
1452 4186 1682 4256 pericula
1714 4196 1769 4242 et

176 4270 380 4324 occulta
436 4279 492 4324 et
538 4268 850 4332 manifesta;
913 4272 981 4326 ita
1042 4284 1098 4326 ut
1144 4274 1197 4328 in
1244 4277 1494 4332 omnibus
1547 4278 1767 4347 Spiritui

178 4360 573 4430 obtemperent.
600 4362 848 4417 Ostendit
894 4375 1073 4420 autem
1114 4383 1173 4422 se
1220 4369 1284 4422 ad
1333 4386 1521 4441 magna
1550 4372 1763 4427 adduci.

182 4450 296 4507 Nisi
331 4453 469 4521 quod
508 4453 738 4523 Spiritus
776 4466 995 4517 sanctus,
1029 4458 1218 4527 inquit,
1250 4478 1340 4529 per
1382 4463 1601 4516 civitates
1645 4466 1769 4518 uti/ti

177 4547 497 4611 testiﬁcatur,
531 4548 721 4599 dicens.
762 4547 826 4602 Ut
847 4548 1093 4604 oSlelldal
1128 4566 1185 4604 se
1212 4551 1483 4607 lubentem
1513 4555 1681 4621 abire,
1714 4566 1769 4611 et

178 4653 241 4691 ne
259 4636 531 4691 vinculum
554 4650 647 4690 aut
668 4641 1038 4694 necessitatem
1063 4657 1182 4697 esse
1206 4655 1377 4711 putes,
1402 4645 1505 4698 Per
1521 4648 1763 4715 civitates,

178 4730 325 4784 dicit.
358 4730 560 4786 Deinde
598 4732 809 4802 subjicit
844 4753 855 4787 :
892 4733 1012 4787 Non
1054 4738 1123 4788 ita
1167 4740 1437 4806 pretiosam
1487 4741 1617 4805 facio
1649 4743 1765 4794 ani-

178 4839 315 4875 mam
340 4840 505 4875 nteant
543 4833 596 4876 ut
628 4840 977 4880 consummare
997 4844 1199 4881 cursum
1227 4847 1388 4882 meum
1412 4849 1523 4883 cum
1555 4836 1759 4901 gaudio,

177 4924 219 4966 et
245 4914 582 4967 ministerium
599 4916 753 4979 verbi,
773 4918 910 4986 quod
929 4921 1100 4987 accepi
1119 4938 1149 4971 a
1179 4920 1396 4975 Domino
1416 4923 1556 4976 Jcsu.
1590 4926 1767 4980 \‘iden’

181 5021 285 5059 non
318 5005 658 5060 latnentantis
689 5022 809 5062 esse
838 5011 1020 5071 verba,
1056 5011 1147 5064 sed
1184 5013 1426 5068 modeste
1448 5017 1674 5084 agentis,
1706 5034 1767 5072 ac

178 5097 422 5151 docentis
444 5097 587 5164 illos,
617 5108 669 5153 et
693 5102 1131 5169 compatieutisitt
1162 5104 1223 5159 iis
1251 5122 1369 5171 qua:
1396 5105 1627 5160 ﬁebant?
1655 5110 1765 5162 Non

176 5192 334 5252 dixit,
365 5193 643 5259 Angimur,
696 5193 787 5247 sed
834 5196 971 5248 ferre
1014 5212 1236 5252 necesse
1256 5207 1375 5263 est;
1429 5200 1521 5253 sed
1572 5216 1763 5269 neque,

178 5285 407 5338 Censeo.
438 5284 548 5338 Hoc
576 5286 701 5339 item
728 5287 876 5353 dicit,
917 5304 1022 5343 non
1051 5305 1170 5345 sese
1193 5293 1459 5346 extollens
1485 5337 1497 5358 ,
1532 5295 1623 5347 sed
1649 5296 1767 5349 illos

180 5376 402 5438 docens,
455 5392 548 5445 per
594 5379 771 5446 priora
826 5380 1040 5449 quidem
1088 5381 1461 5450 humilitatem,
1515 5400 1609 5454 per
1652 5384 1767 5441 haec

181 5481 311 5521 vero
335 5465 700 5523 fortitudinem
724 5480 777 5525 et
805 5470 1054 5541 loquendi
1084 5473 1382 5529 libertatem
1417 5492 1430 5528 :
1459 5491 1521 5530 ac
1547 5492 1590 5530 st
1618 5476 1766 5532 dice-

183 5570 262 5615 ret
298 5579 311 5613 :
339 5560 455 5614 Non
500 5577 624 5617 amo
652 5563 795 5616 illam
827 5580 933 5632 pra:
954 5563 1055 5618 hac
1090 5583 1103 5619 :
1128 5568 1413 5635 pretiosius
1442 5568 1611 5622 habeo
1638 5585 1770 5624 con-

183 5668 456 5709 summare
474 5671 691 5710 cursum
725 5666 777 5711 et
805 5658 1097 5711 testiﬁcari.
1126 5659 1233 5715 Nec
1258 5660 1410 5726 dixit,
1440 5662 1763 5731 Prtedicare,

185 5745 421 5810 Docere;
450 5748 543 5801 sed
572 5748 698 5818 quid
722 5749 744 5802 ?
770 5747 1054 5818 Testiﬁcari
1095 5754 1405 5820 evangelium
1430 5759 1609 5823 gratice
1646 5757 1762 5811 Dei.

183 5840 320 5908 Quid
346 5843 893 5900 molestiusdicturus
916 5854 998 5899 est
1031 5863 1044 5899 :
1078 5843 1306 5900 Mundus
1332 5863 1421 5920 ego
1452 5866 1563 5903 sunt
1581 5868 1612 5905 a
1640 5870 1765 5908 san-

1168 376 1233 431 ΙΝ
1270 373 1447 431 ACTA
1491 369 2015 429 APOSTOLORUM.
2058 370 2292 428 llOSllL.
2335 370 2522 430 XLIV.

3401 382 3508 436 510

1907 485 2061 555 guine
2087 486 2315 540 omnium
2341 503 2356 541 :
2390 488 2510 543 ideo
2540 500 2810 561 pra-parat
2850 500 2902 546 et
2931 492 3166 547 ostendit
3208 478 3502 554 nihll'reli-

1908 592 2070 645 quum
2100 594 2238 634 esse.
2273 579 2406 647 Quia
2439 582 2598 653 igitur
2620 585 2724 640 illis
2758 598 2923 639 totum
2954 603 3088 643 onus
3136 600 3188 644 et
3233 596 3499 651 sarcinam

1909 669 2257 740 impositurus
2297 684 2433 740 erat,
2481 677 2627 745 prius
2673 679 2885 736 illorum
2929 684 3167 741 animum
3212 690 3496 762 emolbvit,

1909 760 2094 817 dicens
2124 780 2137 815 :
2165 763 2254 819 25.
2288 766 2443 821 Nunc
2467 786 2578 823 ecce
2603 788 2693 842 ego
2714 775 2819 827 scio
2837 816 2851 839 ,
2880 777 3015 844 quod
3044 795 3147 832 non
3175 784 3394 852 amplius
3425 760 3500 840 tti-

1915 851 2092 907 debitis
2114 855 2295 922 facient
2319 875 2502 913 meam.
2534 862 2736 918 Deinde
2758 867 2993 922 subdidit
3026 888 3038 922 :
3070 851 3296 928 Mundus
3320 894 3433 930 sum
3458 896 3492 933 a

1904 945 2152 1013 sanguine
2198 948 2441 1005 omnium.
2476 950 2677 1021 Duplex
2723 965 2805 1009 est
2832 956 3007 1023 dolor,
3036 964 3257 1031 etquod
3301 964 3492 1021 faciem

1904 1034 2019 1102 ejus
2046 1051 2149 1090 non
2179 1050 2364 1094 essent
2388 1040 2575 1109 visuri,
2607 1057 2660 1099 et
2690 1049 2831 1116 quod
2865 1052 2939 1105 illi
2967 1067 3176 1109 omnes.
3225 1056 3344 1111 Non
3374 1077 3493 1113 am-

1904 1128 2057 1196 plius,
2119 1133 2307 1201 inquit,
2358 1137 2584 1193 videbitis
2627 1143 2808 1211 faciem
2857 1162 3019 1198 meam
3066 1164 3152 1202 vos
3182 1166 3371 1212 omnes.
3401 1171 3494 1224 per

1900 1235 2026 1289 quos
2050 1224 2255 1277 transivi
2284 1229 2569 1293 praedicans
2596 1249 2826 1302 regnum.
2858 1236 2946 1291 26.
2979 1239 3158 1310 Itaque
3178 1243 3301 1311 jure
3342 1248 3493 1300 testi-

1904 1313 2036 1367 ﬁcor
2064 1309 2233 1383 vobis,
2268 1329 2451 1390 utpote
2478 1339 2581 1378 non
2618 1325 2753 1381 ultra
2785 1309 3085 1395 adfuturus,
3112 1309 3243 1401 Quia
3270 1341 3491 1393 mundus

1902 1420 2015 1458 sunt
2068 1424 2099 1460 α
2141 1415 2385 1481 sanguine
2430 1417 2674 1470 omnium.
2704 1418 2794 1475 27.
2835 1420 2954 1477 Non
2994 1426 3126 1479 enim
3180 1429 3483 1500 subterfugi,

1899 1500 2166 1565 quominus
2212 1508 2565 1561 annuutiarent
2609 1511 2746 1564 vobis
2794 1531 2991 1569 onmem
3021 1521 3324 1575 voluntatem
3370 1523 3484 1579 Dei.

1903 1591 2082 1660 Vides,
2104 1599 2374 1665 quomodo
2406 1609 2589 1665 terret,
2618 1616 2667 1658 et
2702 1606 3007 1670 laborantes
3038 1612 3248 1669 illorum
3279 1618 3489 1671 animas

1899 1684 2233 1758 afﬂictasque
2283 1693 2505 1747 atterit?
2554 1695 2718 1761 Bene,
2768 1701 2889 1769 quia
2946 1708 3303 1761 necessarium
3346 1720 3482 1763 erat.

1900 1774 2021 1830 Non
2048 1781 2179 1832 enim
2206 1782 2515 1856 subterfugi,
2568 1788 2767 1858 inquit,
2819 1797 3085 1857 quominus
3128 1804 3486 1855 annuntiat-em

1895 1871 2030 1923 vobis
2059 1888 2255 1926 omnem
2283 1876 2590 1931 voluntatem
2618 1880 2730 1934 Dei.
2767 1882 2908 1953 Ergo
2930 1888 3018 1955 qui
3050 1904 3153 1943 non
3178 1890 3328 1956 dicit,
3361 1896 3487 1948 risus

1894 1973 1977 2016 est
2006 1968 2316 2035 sanguinis;
2373 1970 2423 2025 id
2454 1982 2556 2034 est,
2589 1975 2769 2029 caidis.
2814 1978 2954 2033 Nihil
3009 1980 3111 2037 hoc
3166 1987 3477 2042 terribilius.

1894 2054 2271 2127 Ostendtteos,
2306 2063 2348 2115 si
2383 2079 2490 2117 non
2523 2066 2571 2119 id
2605 2066 2850 2131 fecerint,
2880 2088 3003 2125 reos
3032 2089 3153 2131 esse
3184 2081 3478 2147 sanguinis.

1896 2145 1962 2201 Et
1992 2147 2198 2204 videtur
2243 2154 2461 2223 quidem
2508 2158 2767 2218 rationem
2815 2164 3077 2231 reddere,
3128 2169 3245 2223 illos
3287 2145 3481 2227 autem

1895 2247 2076 2295 terret.
2112 2242 2201 2298 28.
2234 2247 2493 2302 Attendite
2527 2251 2683 2320 igitur
2704 2255 2842 2309 vobis
2876 2267 2921 2309 ct
2961 2260 3188 2314 universo
3225 2266 3395 2332 gregi,
3426 2267 3479 2319 in

1891 2350 1989 2403 quo
2020 2351 2105 2388 vos
2127 2336 2352 2406 Spiritus
2372 2352 2575 2398 sanctus
2604 2350 2771 2414 posuit
2798 2350 3079 2422 episcopos,
3117 2365 3171 2407 ut
3209 2362 3481 2425 pasceretis

1886 2420 2167 2478 Ecclesium
2188 2426 2303 2491 Dei,
2324 2448 2476 2500 quam
2496 2438 2753 2505 acquisivit
2774 2455 2864 2507 per
2885 2445 3144 2510 proprium
3158 2449 3474 2516 sanguinem.

1889 2512 2095 2569 Vides?
2144 2519 2256 2573 Duo
2305 2525 2579 2593 prmcepit.
2630 2528 2795 2597 lgitur
2838 2548 3010 2600 neque
3039 2538 3173 2591 alios
3205 2512 3478 2611 corrigere

1886 2605 2058 2661 solum
2092 2608 2251 2665 habet
2278 2615 2550 2683 quidpiam
2583 2618 2714 2673 lucri
2751 2621 2947 2691 (Timeo
2982 2628 3123 2682 enim
3146 2670 3163 2694 ,
3192 2605 3380 2701 inquit:
3413 2652 3480 2690 ne

1886 2697 2001 2752 aliis
2029 2702 2333 2769 prtcdicans,
2367 2707 2475 2775 ipse
2499 2711 2741 2776 reprobus
2761 2714 2945 2783 e/ﬁciar
2972 2714 3047 2787 [1.
3074 2718 3190 2773 Cor.
3223 2697 3277 2775 9.
3309 2723 3475 2796 27D;

1885 2805 2058 2861 neque
2098 2795 2177 2848 sui
2206 2796 2371 2851 solius
2415 2814 2595 2856 curam
2640 2803 2857 2861 habere.
2912 2807 3045 2863 Nam
3099 2812 3189 2881 qui
3237 2795 3475 2883 seipsinn

1884 2896 2047 2949 amat,
2077 2902 2196 2955 qua:
2225 2904 2319 2943 sua
2338 2902 2462 2945 sunt
2494 2904 2696 2950 tantum
2736 2900 2948 2968 quaerit,
2982 2912 3036 2957 et
3069 2904 3259 2961 similis
3288 2917 3368 2963 est
3396 2911 3473 2976 ei,

1883 2976 1972 3044 qui
2002 2978 2257 3035 talentum
2286 2982 2509 3038 defodit.
2542 2985 2669 3042 Hice
2698 2988 2844 3050 dicit,
2878 3007 2981 3046 non
3010 2996 3153 3064 quod
3183 3000 3476 3067 pretiosior

1882 3070 1950 3124 sit
1976 3082 2156 3126 nostra
2181 3074 2326 3129 salus
2356 3093 2514 3147 qttam
2544 3083 2722 3151 gregis
2748 3100 2760 3146 ;
2794 3084 2887 3138 sed
2916 3087 3061 3153 quia,
3085 3092 3128 3141 si
3159 3090 3310 3145 nobis
3342 3092 3471 3162 ipsis

1880 3162 2244 3229 attendamus,
2278 3176 2406 3223 tunc
2435 3179 2489 3222 et
2518 3186 2649 3240 grex
2686 3172 2893 3228 lucrum
2928 3178 3106 3232 habet.
3149 3178 3215 3233 In
3242 3199 3341 3253 quo
3384 3200 3471 3239 vos

1882 3251 2107 3321 Spiritus
2129 3268 2334 3313 sanctus
2370 3264 2539 3330 posuit
2579 3264 2862 3333 episcopos,
2900 3279 2953 3321 ut
2986 3251 3261 3337 pasceretisi
3292 3274 3471 3331 Eccle-

1876 3345 2007 3399 sium
2026 3346 2141 3401 Dei.
2168 3348 2302 3405 Vide
2327 3363 2535 3420 quanta:
2569 3357 2931 3414 necessitates.
2958 3364 3002 3415 A
3029 3362 3228 3433 Spiritu
3256 3368 3478 3423 ordina-

1880 3437 2082 3494 tionem
2114 3439 2341 3509 habetis,
2376 3446 2546 3515 inquit
2576 3466 2588 3501 :
2622 3449 2671 3502 id
2701 3452 2845 3505 enim
2876 3454 2976 3507 sibi
3023 3457 3133 3510 vult
3174 3459 3323 3523 illud,
3359 3460 3467 3516 Po-

1878 3532 1999 3583 suit.
2055 3530 2166 3587 Una
2208 3533 2323 3588 ha-c
2367 3547 2449 3591 est
2505 3541 2839 3595 necessitas:
2874 3543 3087 3609 deinde,
3140 3548 3207 3602 Ut
3246 3554 3472 3619 pascatis

1879 3622 2162 3680 Ecclesium
2210 3626 2321 3681 Dei.
2363 3629 2502 3685 Ecce
2550 3642 2605 3687 et
2652 3636 2887 3690 secunda
2920 3649 3011 3691 :et
3063 3643 3245 3705 tertia,
3300 3645 3465 3709 Quam

1876 3718 2139 3785 acquisivit
2160 3722 2409 3791 sanguine
2433 3740 2548 3788 suo,
2577 3726 2769 3795 inquit.
2802 3726 3024 3784 Multum
3046 3734 3302 3797 Ostendit,
3335 3737 3464 3791 dum

1877 3810 2007 3864 dicit
2038 3814 2323 3878 pretiosam
2358 3829 2508 3880 rem;
2544 3833 2641 3872 nec
2672 3819 2738 3873 de
2765 3823 2941 3890 parvis
2972 3824 3131 3879 rebus
3159 3841 3282 3882 esse
3314 3831 3458 3898 peri-

1876 3901 2079 3964 culum,
2114 3903 2377 3973 siquidem
2427 3907 2680 3963 Dominus
2724 3926 2820 3979 pro
2851 3912 3089 3969 Ecclesia
3122 3934 3294 3988 neque
3341 3935 3466 3975 san-

1876 3996 2020 4064 guini
2054 4011 2153 4049 suo
2180 4000 2441 4066 pepercit,
2474 4016 2571 4055 nos
2611 4012 2789 4059 autem
2810 4004 3039 4063 fratrum
3079 4013 3303 4067 salutem
3336 4031 3468 4069 cott-

1876 4087 2187 4142 temnimus.
2212 4088 2279 4142 Et
2307 4090 2397 4143 ille
2422 4092 2658 4162 quidem,
2690 4106 2745 4150 ut
2774 4098 3020 4155 inimicos
3050 4107 3457 4174 reconciliaret,

1875 4182 2188 4253 sanguinem
2234 4183 2454 4252 elfttdit;
2501 4196 2555 4241 tu
2612 4204 2739 4243 vero
2778 4206 2952 4261 neque
2996 4196 3200 4251 amicos
3230 4201 3463 4257 retinere

1875 4286 2048 4342 potes.
2075 4275 2167 4332 29.
2199 4276 2307 4348 Ego
2353 4280 2484 4333 enim
2512 4283 2616 4335 scio
2646 4283 2772 4349 hoc,
2803 4288 2937 4353 quod
2972 4289 3317 4359 ingrediantur
3353 4307 3467 4363 post

1875 4368 2230 4422 discessionem
2261 4386 2422 4423 nteant
2462 4373 2571 4441 lupi
2609 4390 2785 4443 graves
2830 4378 2880 4429 in
2911 4394 3017 4442 vos,
3068 4397 3168 4435 non
3203 4396 3467 4451 parcentes

1875 4462 2032 4529 gregi.
2080 4459 2281 4515 Rursus
2314 4462 2421 4514 alio
2472 4466 2631 4516 modo
2685 4467 2804 4521 illos
2849 4481 3060 4538 versat,
3090 4488 3118 4523 a
3155 4472 3374 4531 futuris:
3408 4490 3465 4534 ttt

1875 4551 2088 4620 quando
2118 4552 2239 4605 alibi
2278 4553 2409 4607 dicit
2439 4572 2451 4605 :
2486 4553 2607 4607 Non
2636 4566 2707 4609 est
2734 4557 2875 4612 nobis
2912 4560 3048 4614 lucta
3073 4565 3313 4619 adversus
3343 4586 3465 4622 san-

1876 4645 2075 4713 guinem
2105 4654 2153 4696 et
2180 4660 2380 4697 carnem
2408 4646 2425 4716 (
2462 4645 2648 4717 Ephrs.
2679 4648 2730 4703 6.
2767 4648 2832 4703 l2
2934 4651 3065 4717 Quia
3094 4655 3461 4726 ingrcdicntur,

1877 4737 2067 4806 inquit,
2093 4748 2203 4808 post
2222 4739 2575 4793 discessionem
2602 4759 2763 4795 meam
2798 4743 2904 4815 lupi
2929 4763 3103 4815 graves
3124 4750 3174 4801 in
3214 4768 3316 4805 vos.
3351 4753 3460 4807 Du~

1876 4830 1993 4899 plex
2024 4830 2219 4883 tnalum
2252 4847 2265 4883 :
2297 4830 2436 4899 quod
2469 4834 2583 4901 ipse
2624 4849 2727 4887 non
2757 4836 2915 4901 adsit,
2947 4848 3001 4891 et
3047 4841 3185 4909 quod
3229 4843 3462 4900 futurum

1875 4922 1945 4973 sit
1969 4933 2021 4973 ιιι
2047 4922 2133 4975 alii
2170 4922 2388 4975 instent.
2422 4923 2531 4976 Cur
2555 4940 2684 4993 ergo
2719 4927 2854 4993 abis,
2906 4929 2948 4982 si
2998 4931 3099 4985 hoc
3131 4936 3463 5001 pnevidisti!

1876 5014 2107 5081 Spiritus
2129 5029 2213 5066 me
2247 5014 2427 5081 trahit,
2453 5015 2641 5086 inquit.

1947 5108 1996 5160 5.
2048 5107 2111 5159 Et
2149 5107 2287 5170 vide,
2327 5124 2428 5160 non
2476 5110 2791 5179 simpliciter
2822 5113 2975 5179 dixit,
3003 5115 3159 5187 Lupi,
3192 5120 3285 5175 sed
3317 5123 3468 5177 addi-

1875 5199 1971 5259 dit,
2000 5197 2206 5262 Graves,
2242 5201 2451 5253 illorum
2476 5201 2867 5257 vehementiam
2896 5216 2949 5259 et
2972 5209 3318 5275 petulantiam
3343 5216 3471 5268 sub-

1877 5292 2147 5356 indicans;
2177 5293 2423 5362 quodque
2461 5296 2676 5364 gravius
2700 5306 2803 5359 est,
2836 5297 2933 5351 hos
2961 5314 3027 5353 ex
3056 5300 3159 5355 illis
3187 5303 3314 5373 ipsis
3347 5320 3469 5360 sur-

1877 5394 2118 5440 recturos
2145 5401 2264 5440 esse
2284 5387 2411 5441 dicit
2438 5406 2449 5439 :
2482 5388 2621 5456 quod
2647 5400 2794 5443 certe
2821 5393 3195 5458 gravissimum
3227 5408 3327 5463 est,
3348 5415 3471 5455 cmn

1876 5478 2034 5532 civile
2080 5480 2345 5532 excitatur
2395 5479 2617 5535 bellum.
2669 5482 2733 5536 Et
2776 5494 2923 5538 recte
2975 5485 3131 5549 dicit,
3184 5489 3469 5559 Attcnditc,

1876 5572 2165 5627 ostendens
2188 5590 2297 5627 rem
2327 5574 2556 5629 maxime
2572 5577 2861 5629 curandam
2891 5595 3012 5634 esse
3034 5580 3296 5651 (Ecclesia
3323 5602 3470 5637 nant-

1875 5680 1979 5736 que
2010 5663 2140 5731 est),
2169 5674 2220 5717 et
2242 5680 2491 5734 magnum
2523 5668 2817 5735 periculum
2847 5670 3125 5738 (sanguine
3150 5675 3292 5726 enim
3322 5675 3467 5729 illam

1877 5757 2146 5829 redemit).
2188 5774 2251 5814 ac
2295 5759 2519 5813 multum
2560 5760 2863 5831 duplexque
2911 5765 3129 5820 bellum.
3175 5767 3298 5821 [hec
3338 5784 3468 5841 ergo

1877 5851 2215 5923 signiﬁcavit,
2258 5849 2444 5909 dicens
2466 5870 2476 5905 :
2498 5851 2592 5910 30.
2626 5853 2687 5909 Et
2713 5872 2775 5910 es:
2804 5856 2940 5910 vobis
2975 5858 3099 5928 ipsis
3141 5871 3346 5930 surgent
3378 5860 3472 5917 viri
