4094 6336
672 414 770 469 δη

676 540 925 603 loquentes
971 541 1228 596 pert-ma.
1273 534 1328 577 ut
1375 520 1624 573 abducant
1672 510 1954 603 discipulos
1998 515 2109 576 post
2157 519 2230 557 se.

681 600 897 687 Iteinile,
923 621 1045 690 quia
1073 615 1355 671 admodum
1389 614 1504 667 illos
1536 608 1745 671 terruit,
1773 620 1893 658 cum
1906 600 2094 704 .thtpos
2120 613 2242 704 gra—

674 732 755 769 ves
784 712 937 777 dixit,
966 719 1021 766 et
1062 725 1129 763 ex
1161 707 1286 776 ipsis
1314 713 1650 760 surrecturos
1685 710 1806 752 esse
1833 691 1921 791 qui
1953 691 2240 791 loqueren-

678 822 761 861 tur
794 818 1039 875 perversa
1064 820 1077 856 :
1101 803 1248 871 quasi
1276 798 1498 867 quodam
1526 797 1815 885 currente,
1837 782 2231 885 Quomodo-ligi-

678 873 805 951 tur'l
850 906 904 950 et
951 912 1068 965 qum
1111 890 1347 947 custodia
1399 886 1535 941 erit?
1579 882 1759 950 adjicit
1800 898 1814 933 :
1858 876 1945 981 ξε.
2003 873 2238 981 Vigila-te,

676 1006 916 1044 memores
943 987 1074 1055 quod
1104 1003 1190 1054 per
1220 980 1486 1037 triennium
1521 994 1620 1029 non
1646 971 1935 1028 cessaverim
1967 970 2242 1069 nocte-tlte-

675 1100 771 1151 que
789 1098 902 1135 cum
920 1078 1180 1150 lacrymis'
1212 1089 1411 1130 monere
1436 1079 1831 1166 unumquemque
1853 1074 2087 1166 vestrum.
2113 1062 2243 1118 Vide

677 1188 833 1242 quam
880 1171 1084 1224 insolita
1121 1168 1298 1221 dicat:
1329 1180 1448 1219 cum
1488 1160 1762 1244 lacrymis,
1810 1156 2239 1257 noctedieque,

678 1274 1122 1333 unumquemque.
1152 1258 1266 1313 Non
1300 1259 1441 1312 enim
1467 1255 1511 1308 si
1549 1254 1743 1307 multos
1776 1249 2018 1351 vidisset,
2046 1249 2125 1300 eis

680 1357 957 1425 percissct,
998 1352 1093 1407 sed
1132 1350 1332 1405 sciebat
1367 1348 1525 1402 etiam
1563 1359 1659 1414 pro
1703 1357 1806 1397 una
1850 1348 2239 1443 animaanima

675 1464 793 1504 esse
837 1445 1097 1500 facienda.
1137 1442 1225 1497 Sic
1263 1455 1389 1510 ergo
1437 1440 1555 1494 illos
1594 1437 1753 1491 etiam
1797 1431 2089 1534 conjunxit.
2125 1428 2241 1534 lloc

673 1554 801 1595 vero
826 1537 1123 1607 significat:
1154 1533 1294 1588 Satis
1331 1541 1456 1584 sunt
1483 1545 1543 1584 ea
1565 1570 1579 1592 ,
1623 1524 1919 1625 quaz‘feci;
1954 1538 2045 1591 per
2073 1524 2241 1625 trien-

675 1634 821 1689 nium
865 1629 1072 1692 uansi;
1123 1623 1421 1682 conﬁrmati
1466 1631 1608 1684 sunt,
1652 1616 1984 1716 sufﬁcienter
2034 1613 2242 1716 radices

677 1728 924 1781 llserunt.
954 1718 1079 1773 Cant
1115 1717 1374 1786 lacrymis,
1408 1713 1592 1783 inquit.
1625 1710 1808 1764 Viden’
1831 1704 2243 1809 lacrymasideo

675 1814 971 1870 fundendus
998 1811 1153 1865 esse?
1182 1810 1307 1862 ΙΙωο
1332 1814 1385 1861 et
1410 1820 1505 1859 nos
1528 1805 1801 1857 faciamus.
1832 1799 1947 1900 Non
1972 1798 2115 1854 dolet
2134 1798 2242 1900 im:-

674 1906 869 1977 probus
893 1921 906 1957 :
930 1903 1051 1956 dole
1076 1911 1165 1963 tu;
1201 1898 1337 1953 forte
1376 1907 1430 1953 et
1455 1896 1569 1966 ipse
1592 1894 1815 1949 dolebit.
1842 1891 1914 1948 Ut
1938 1905 2059 1946 cum
2098 1886 2242 1943 videt

674 2012 812 2066 a-ger
845 1994 1107 2048 medicum
1142 1991 1319 2045 cibum
1348 1998 1669 2050 sumentem,
1712 1986 1872 2039 etiam
1912 1982 2024 2051 ipse
2054 1979 2243 2081 incita-

676 2098 759 2142 tur
786 2103 800 2139 :
830 2086 899 2138 ita
936 2095 989 2138 et
1022 2082 1107 2136 hic
1142 2081 1276 2146 erit;
1309 2081 1351 2134 si
1383 2089 1432 2133 te
1466 2077 1657 2133 viderit
1684 2077 1968 2144 lugentem,
1999 2070 2239 2127 emollie-

675 2188 795 2242 tur;
836 2176 1005 2230 bonus
1040 2172 1122 2228 vir
1166 2182 1223 2228 et
1262 2171 1406 2225 tnitis
1442 2170 1565 2224 erit.
1600 2165 1864 2232 Ναί-ἕρπε,
1908 2164 2098 2233 inquit,
2129 2175 2243 2228 qua
2346 2164 2365 2219 ἶ

676 2271 795 2323 mihi
820 2278 1054 2323 eventura
1078 2266 1196 2320 sint.
1233 2264 1369 2331 Quid
1394 2261 1564 2333 ergo?
1600 2261 1788 2316 ideone
1816 2260 1965 2315 abis?
1990 2257 2241 2321 Minime;

675 2364 768 2419 sed
817 2362 982 2433 probe
1019 2359 1165 2422 scio,
1215 2356 1357 2428 quod
1394 2353 1603 2410 vincula
1651 2364 1706 2409 et
1749 2352 2115 2408 tribulationes
2153 2364 2241 2405 me

674 2462 939 2509 maneant.
970 2450 1120 2521 Quod
1142 2450 1461 2505 tentationes
1479 2462 1567 2504 suo
1591 2446 2049 2519 exspectent,novi
2069 2462 2084 2512 ;
2103 2461 2239 2516 qua-

672 2544 751 2599 les
790 2557 935 2608 vero,
976 2542 1177 2607 nescio,
1217 2539 1267 2595 id
1312 2538 1454 2610 quod
1492 2539 1706 2607 gravius
1743 2548 1880 2593 erat.
1924 2536 2003 2595 Nc
2042 2538 2239 2608 putetis

671 2651 799 2706 ergo
820 2649 905 2689 me
926 2634 1287 2704 deplorantem
1312 2632 1425 2686 haec
1446 2632 1660 2696 dicere;
1683 2646 1790 2685 non
1818 2640 1924 2685 tam
1949 2630 2238 2701 pretiosam

675 2727 846 2782 habeo
885 2727 1115 2780 animam
1153 2739 1347 2779 meam.
1384 2722 1452 2779 Ut
1486 2722 1692 2778 illorum
1731 2724 1967 2778 animum
2006 2723 2237 2791 excitet,

675 2820 775 2875 hoc
806 2819 964 2881 dicit;
1005 2826 1164 2887 utque
1190 2816 1408 2871 suadeat
1445 2816 1548 2870 illis
1578 2831 1682 2870 non
1712 2816 1871 2871 modo
1899 2831 2004 2871 non
2030 2815 2234 2887 fugere,

674 2911 765 2965 sed
796 2910 954 2964 etiam
994 2908 1204 2962 fortiter
1243 2908 1403 2964 ferre.
1435 2908 1559 2963 Ideo
1596 2923 1708 2962 rem
1750 2908 1889 2961 illam
1919 2916 2073 2962 vocat
2115 2923 2237 2963 cur-

672 3017 785 3056 sum
826 3012 880 3055 et
919 3000 1289 3064 ministerium,
1336 3011 1445 3055 tum
1497 3008 1555 3055 ut
1591 3016 1657 3055 ex
1694 3014 1852 3054 cursu
1897 3000 2235 3069 splendorem

670 3094 943 3163 ostendat,
985 3104 1095 3146 tum
1146 3101 1204 3145 ut
1243 3108 1306 3146 ex
1354 3092 1647 3147 ministerio
1697 3092 1953 3147 oflicium.
2002 3093 2239 3150 Minister

673 3201 810 3246 sum,
846 3185 1041 3253 inquit;
1075 3182 1204 3237 nihil
1233 3185 1348 3252 plus
1371 3183 1560 3239 habeo.
1594 3184 1715 3239 Illos
1732 3192 1908 3239 autem
1931 3186 2236 3253 consolans,

674 3292 740 3330 ne
769 3275 1002 3340 doleant,
1028 3276 1167 3345 quod
1186 3276 1299 3345 ipse
1324 3278 1461 3330 male
1488 3278 1735 3345 patiatur,
1766 3276 1853 3331 ubi
1882 3276 2014 3332 dixit
2040 3293 2098 3333 se
2123 3280 2237 3333 bzec

672 3381 790 3419 cum
816 3366 1005 3435 gaudio
1031 3368 1313 3431 sustinere,
1342 3377 1396 3421 et
1422 3366 1645 3423 fructum
1670 3369 1921 3435 ostendit,
1953 3379 2077 3423 tunc
2096 3370 2236 3440 quod

673 3458 951 3509 molestum
980 3465 1115 3521 erat,
1148 3457 1369 3511 inducit.
1402 3457 1513 3513 lloc
1538 3468 1714 3513 autem
1742 3459 1891 3526 facit,
1935 3470 1989 3514 ut
2021 3477 2087 3516 ne
2117 3463 2235 3515 ani-

672 3561 808 3600 mam
840 3546 1049 3600 illorum
1080 3546 1288 3602 obruat.
1323 3548 1599 3613 Quodnam
1626 3560 1804 3605 autem
1852 3552 1980 3606 illud
2010 3556 2131 3607 est?
2174 3554 2236 3607 Et

669 3653 731 3689 ac
763 3635 897 3689 vobis
934 3637 1057 3705 ipsis
1093 3648 1357 3707 murgent
1398 3640 1493 3693 uiri
1525 3641 1779 3710 loquentes
1809 3659 2058 3712 perversa.
2098 3644 2234 3711 Quid

671 3744 817 3797 ergo,
841 3728 1034 3783 dixerit
1060 3731 1342 3799 quispiam,
1376 3740 1647 3788 tantumne
1672 3743 1724 3790 te
1754 3735 1925 3805 ipsum
1966 3751 2138 3807 putas,
2180 3749 2238 3795 ut

671 3819 715 3871 si
745 3820 924 3881 abeas,
956 3835 1052 3874 nos
1081 3822 1403 3876 moriamur?
1428 3823 1541 3879 Non
1566 3824 1665 3880 hoc
1690 3827 1831 3894 dico,
1874 3829 2064 3898 inquit,
2094 3832 2236 3903 quod

672 3910 908 3965 absentia
940 3927 1052 3965 mea
1085 3912 1136 3967 id
1170 3913 1395 3981 efficiat;
1428 3917 1521 3972 sed
1550 3918 2010 3993 quid?Insurgunt
2033 3926 2238 3993 quidam

672 4017 734 4054 ea:
767 4002 919 4055 vobis.
971 4003 1082 4057 Non
1132 4004 1293 4069 dixit,
1339 4007 1561 4078 Propter
1605 4010 1983 4069 discessionem
2024 4032 2233 4084 meam;

672 4093 787 4157 sed,
820 4094 941 4147 l’ost
977 4095 1329 4151 discessionem
1365 4116 1565 4165 meam;
1590 4102 1641 4156 id
1682 4113 1782 4169 est,
1825 4105 2231 4174 profectionem.

670 4183 998 4253 Quamquam
1033 4187 1141 4255 jam
1170 4188 1296 4243 illud
1344 4202 1626 4257 evenerat;
1669 4209 1711 4248 su
1744 4206 1919 4251 autem
1962 4210 2233 4268 evenerat,

674 4274 840 4327 multo
870 4276 1035 4345 magis
1069 4287 1251 4346 postea
1293 4293 1605 4339 eventurum
1647 4296 1781 4341 erat.
1810 4287 1935 4344 llrec
1963 4306 2122 4345 causa
2152 4307 2239 4348 se-

673 4367 869 4434 quitur,
926 4367 993 4421 Ut
1018 4369 1267 4424 abducant
1285 4373 1558 4443 discipulos
1576 4387 1688 4448 post
1715 4395 1788 4433 se.
1818 4378 1998 4451 Itaque
2024 4392 2239 4451 propter

675 4456 803 4510 nihil
847 4457 989 4512 aliud
1035 4459 1266 4517 haereses
1312 4474 1453 4531 sunt,
1483 4482 1640 4536 quam
1688 4479 1906 4540 propter
1944 4470 2066 4528 hoc.
2115 4475 2241 4531 Post

674 4549 916 4616 sequitur
944 4553 1237 4607 coosnlatio
1262 4572 1276 4609 :
1305 4555 1468 4620 Quam
1488 4561 1770 4628 acquisivit,
1803 4562 1990 4634 inquit,
2014 4583 2102 4635 per
2127 4584 2239 4636 pro-

676 4640 838 4706 prium
866 4645 1177 4711 sanguinem.
1200 4644 1253 4700 Si
1278 4648 1492 4716 proprio
1514 4651 1771 4720 sanguine
1792 4656 2086 4725 acquisivit,
2116 4674 2242 4727 prte-

674 4730 870 4782 valebit
892 4739 1058 4788 certe.
1091 4732 1253 4788 Nocte
1273 4746 1318 4789 et
1348 4739 1429 4790 die
1448 4756 1549 4793 non
1573 4744 1779 4808 cessavi,
1812 4744 2001 4814 inquit,
2033 4764 2144 4802 cum
2172 4749 2242 4803 la-

677 4826 860 4890 crymis
897 4840 1118 4878 monens.
1148 4826 1270 4881 Ηωο
1300 4831 1451 4885 nobis
1476 4833 1597 4900 jure
1625 4834 1900 4903 dicantur;
1928 4840 2242 4911 videturque

678 4916 889 4983 pi-Oprie
913 4931 1089 4971 sermo
1118 4918 1362 4975 doctores
1391 4935 1650 4991 spectare,
1683 4939 1765 4983 est
1792 4939 1967 4985 autem
2004 4945 2056 4986 et
2084 4934 2243 4989 disci-

678 5006 815 5074 pulis
841 5010 1156 5062 communis.
1201 5012 1279 5065 Ad
1307 5013 1429 5081 quid
1470 5016 1610 5069 enim
1656 5034 1751 5087 ego
1781 5020 1990 5089 loquor,
2023 5041 2239 5088 moneo,

677 5096 941 5167 lacryinor
967 5098 1052 5153 die
1081 5115 1141 5153 ac
1169 5112 1342 5166 nocte,
1367 5106 1409 5157 si
1430 5106 1719 5175 discipulus
1745 5126 1848 5164 non
1874 5113 2244 5184 obtemperat?

676 5186 751 5240 Ne
774 5197 918 5255 putet
947 5194 1087 5245 enim
1110 5194 1224 5261 quis
1246 5195 1293 5248 id
1316 5198 1443 5250 satis
1464 5214 1581 5253 esse
1608 5202 1673 5255 ad
1696 5203 2077 5273 defensionem,
2102 5211 2244 5279 quod

682 5279 748 5328 sit
770 5278 1081 5347 discipulus,
1117 5284 1237 5338 licet
1265 5302 1370 5339 non
1410 5291 1593 5355 cedat;
1629 5292 1749 5348 ideo
1780 5308 2055 5365 pos:quam
2087 5278 2243 5369 dixit,

682 5363 962 5434 Testi/icor,
996 5373 1186 5441 pergit,
1218 5374 1337 5428 Non
1376 5379 1506 5431 enim
1551 5383 1825 5455 subterfugi
1852 5391 2116 5449 quominus
2151 5408 2245 5444 an-

684 5459 962 5512 nnntiarem
998 5465 1150 5520 robis.
1188 5465 1347 5536 Igitur
1379 5470 1477 5523 hoc
1521 5472 1691 5527 solum
1738 5477 1972 5533 doctoris
2011 5492 2112 5548 est,
2153 5499 2248 5537 an-

682 5553 945 5619 nuntiare,
979 5559 1283 5623 pra-dicare,
1306 5561 1516 5626 docere.
1550 5581 1652 5620 non
1676 5570 2061 5641 subterfugere,
2092 5588 2245 5633 nocte

680 5653 732 5697 ct
761 5644 845 5699 dic
875 5651 1186 5706 annuntiare
1214 5669 1361 5707 :cum
1383 5666 1557 5711 autem
1591 5659 1671 5715 bis
1700 5666 1949 5735 peractis,
1979 5670 2104 5723 nihil
2130 5672 2246 5740 plus

752 5778 765 5808 ³
804 5777 943 5842 lllud,
968 5794 1075 5832 cum
1100 5782 1341 5849 lacrynu's,
1370 5790 1415 5838 in
1442 5804 1535 5841 uno
1552 5792 1712 5845 deest.

1396 401 1448 457 S.
1482 393 1753 454 JOANNIS
1788 378 2258 447 CllRYSOSTONl
2294 378 2613 436 ABCHIEP.
2649 379 3182 442 CONSTANTINOP.

3839 395 3939 454 31‘)

2343 502 2536 567 agitur,
2564 508 2713 563 scitis
2740 510 2866 578 quid
2897 512 3158 583 reliquum
3201 516 3291 570 sit.
3321 515 3522 574 Deinde
3549 520 3651 576 alia
3690 525 3933 590 sequitur

2341 594 2584 651 defensio
2609 615 2624 651 :
2653 598 2827 655 Purus
2854 619 2966 657 suns
3004 622 3036 658 a
3063 610 3311 677 sanguine
3348 611 3590 665 omnium.
3626 614 3705 669 Ne
3734 620 3935 686 putetis

2346 703 2471 741 vero
2491 688 2606 744 hac
2622 691 2777 745 nobis
2800 702 3006 751 tantum
3033 697 3137 753 dici
3159 718 3174 767 ;
3202 716 3324 756 nam
3348 718 3441 760 vos
3459 707 3620 760 etiam
3645 708 3731 763 hic
3751 726 3933 764 sermo

2342 790 2565 848 spectat,
2587 784 3136 856 utdictisattendatis,
3151 801 3210 847 ut
3232 810 3297 850 ne
3315 810 3343 850 a
3362 801 3619 855 concione
3636 804 3929 858 recedatis.

2415 872 2602 928 Contra
2621 876 2892 933 theatrales
2917 882 3067 937 ludos
3090 894 3139 938 et
3165 896 3345 942 contra
3355 892 3665 959 juramenta.
3695 925 3771 936 —
3791 896 3931 964 Quid

2347 964 2573 1019 faciam?
2613 967 2751 1025 Ecce
2777 972 3019 1040 quotidie
3058 975 3342 1034 clamando
3378 982 3657 1057 dirumpor
3686 990 3930 1046 :Absce-

2344 1054 2456 1111 dite
2480 1072 2510 1112 a
2544 1057 2802 1129 theatris;
2832 1074 2887 1120 et
2910 1066 3060 1122 multi
3087 1083 3186 1125 nos
3216 1071 3441 1129 irrident
3466 1054 3769 1138 {abstinete
3794 1099 3825 1137 a
3845 1085 3931 1153 ju-

2346 1153 2624 1221 ramentis,
2664 1155 2735 1211 ab
2761 1159 2983 1215 avaritia
3007 1179 3021 1215 :
3045 1161 3321 1221 innumera
3354 1183 3655 1238 monemus,
3686 1185 3742 1231 et
3768 1193 3933 1233 neruo

2344 1241 2513 1297 audit.
2547 1246 2616 1299 At
2657 1257 2818 1303 noctu
2850 1250 2951 1307 hoc
2990 1268 3097 1309 non
3135 1258 3280 1327 ago-i
3310 1258 3512 1315 Vellem
3557 1265 3719 1320 etiam
3763 1278 3930 1323 noctu

2348 1332 2449 1388 hoc
2471 1334 2665 1403 facere,
2706 1347 2765 1394 et
2785 1340 2855 1396 ad
2884 1357 3107 1400 mensas
3132 1358 3361 1417 vestras,
3398 1353 3442 1406 si
3468 1354 3681 1423 quidem
3711 1358 3926 1427 liceret.

2345 1433 2398 1479 et
2414 1425 2540 1481 dum
2564 1443 2593 1482 a
2624 1430 2868 1500 plurimis
2895 1433 3108 1493 divisim
3139 1439 3384 1499 detinear
3408 1445 3623 1512 adesse,
3648 1459 3704 1505 et
3726 1466 3825 1506 vos
3853 1425 3935 1508 al-

2347 1513 2524 1587 loqui;
2560 1519 2659 1575 sed
2688 1522 2756 1589 si,
2787 1537 2908 1579 cum
2935 1527 3020 1583 vel
3045 1529 3215 1587 semel
3242 1532 3296 1588 in
3330 1532 3665 1593 bebdomada
3701 1556 3801 1596 vos
3830 1558 3933 1594 vo-

2344 1622 2549 1675 camus,
2580 1627 2775 1681 segnes
2813 1618 2965 1687 estis,
3009 1630 3064 1677 et
3088 1622 3183 1678 alii
3206 1624 3422 1694 quidem
3454 1643 3559 1685 non
3587 1635 3804 1701 venitis,
3838 1638 3929 1692 alii

2346 2358 2494 2406 recte
2517 2365 2699 2421 agere.
2731 2356 2974 2413 molestia
3000 2376 3062 2417 se
3089 2361 3270 2433 impeti
3291 2376 3444 2438 putat
3459 2410 3475 2432 .
3502 2380 3559 2427 et
3582 2374 3627 2427 si
3650 2372 3730 2429 bis
3749 2375 3934 2432 solum

2343 2438 2543 2506 audiat,
2574 2443 2771 2514 sepius
2794 2447 3010 2506 audisse
3036 2452 3141 2509 sibi
3164 2454 3394 2513 videtur.
3422 2457 3651 2518 lendas
3680 2481 3819 2535 sum,
3850 2469 3937 2523 in-

2343 2530 2479 2603 quit,
2503 2549 2537 2587 a
2564 2537 2809 2607 sanguine
2830 2542 3077 2601 omnium.

2414 2623 2470 2680 ι.
2513 2626 2625 2683 lloc
2671 2628 2851 2689 dicere
2893 2634 3060 2693 Paulo
3096 2643 3465 2713 conpetebat;
3513 2662 3612 2706 nos
3650 2661 3834 2710 autem
3879 2655 3934 2711 id

2343 2713 2589 2784 proferre
2609 2734 2713 2775 non
2743 2723 3024 2795 audemus,
3050 2732 3193 2801 quod
3228 2735 3516 2794 multorum
3541 2741 3696 2798 nobis
3722 2750 3934 2804 conscii

2344 2805 2531 2904 simus.
2580 2810 2673 2904 llle
2696 2816 2893 2886 quippe
2930 2820 3022 2889 qui
3050 2835 3264 2894 semper
3290 2828 3539 2898 vigilabat
3566 2842 3624 2889 et
3654 2834 3932 2904 adstabat,

2343 2896 2433 2968 qui
2475 2902 2654 2957 omnia
2703 2918 2801 2974 pro
2853 2908 3025 2966 salute
3069 2896 3456 2985 discipulorum
3502 2925 3822 2991 sustinebat,
3878 2896 3930 2984 id

2342 3001 2701 3091 congruenter
2727 2994 2908 3055 dicere
2934 3011 3172 3071 poterat;
3202 3022 3301 3063 nos
3340 3020 3520 3069 autem
3551 3014 3678 3071 illud
3726 3017 3933 3091 Moysis

2344 3079 2581 3139 dicemus
2606 3103 2619 3140 :
2646 3085 2821 3146 Iratus
2848 3102 2921 3147 est
2940 3096 3067 3149 milii
3092 3096 3346 3159 Dominus
3368 3118 3574 3175 propter
3598 3125 3706 3178 vos,
3730 3079 3854 3183 quia
3878 3112 3932 3170 i‘u

2344 3174 2505 3232 multa
2526 3192 2732 3249 peccata
2758 3186 3011 3243 adducitis
3050 3192 3200 3246 etiam
3230 3212 3320 3250 nos
3348 3174 3525 3266 (Deut.
3565 3202 3618 3257 5.
3644 3174 3761 3274 26).
3788 3206 3929 3263 Cum

2344 3279 2521 3324 autem
2548 3273 2729 3328 animo
2764 3274 3045 3336 deficimus
3073 3283 3316 3342 videntes
3352 3304 3449 3345 vos
3475 3294 3605 3347 nihil
3637 3298 3926 3365 proﬁcere.

2340 3560 2552 3617 quoque
2590 3550 2874 3610 triennium
2922 3557 3031 3628 jam
3076 3561 3332 3623 habemus
3360 3568 3501 3642 (a),
3544 3589 3651 3630 non
3707 3580 3930 3648 quidem

2343 3654 2499 3697 nocte
2526 3654 2580 3699 et
2606 3647 2695 3702 die
2738 3648 3035 3722 hortantes,
3065 3657 3157 3711 sed
3184 3670 3305 3730 post
3334 3671 3442 3719 tres
3470 3672 3615 3738 siepe
3648 3647 3787 3737 dies.
3831 3677 3928 3732 ali-

2341 3738 2554 3804 quando
2581 3751 2701 3811 post
2746 3757 2951 3816 septem
2981 3750 3082 3807 hoc
3107 3753 3383 3814 facientes.
3416 3761 3556 3828 Quid
3584 3768 3815 3838 amplius
3850 3772 3933 3826 fa-

2341 3838 2484 3883 ctum
2529 3835 2647 3887 est?
2675 3834 3065 3910 Obiurgamus,
3116 3846 3493 3923 increpamus,
3541 3858 3929 3931 lacrymamur,

2343 3921 2605 3993 dolemus,
2637 3928 2736 3984 etsi
2766 3946 2870 3987 non
2898 3935 3092 4004 palam,
3119 3948 3177 3995 at
3207 3942 3258 3996 in
3284 3921 3486 4002 cordea
3505 3947 3612 4004 llla:
3634 3921 3815 4008 autem
3848 3921 3933 4011 la;

2344 4026 2539 4084 crymaa
2560 4016 2643 4072 bis
2669 4021 2837 4077 multo
2864 4023 3096 4083 leviores
3124 4041 3282 4090 sunt:
3304 4034 3407 4090 illa:
3440 4053 3667 4108 namque
3690 4045 3933 4112 aliquam

2343 4102 2644 4164 dolentibus
2666 4110 2896 4170 afferunt
2925 4122 3380 4192 consolationem;
3416 4128 3497 4181 ba:
3525 4146 3653 4186 vero
3678 4134 3933 4193 dolorum

2342 4210 2538 4270 augent
2579 4212 2633 4259 et
2664 4209 3056 4279 constringunt.
3084 4214 3173 4270 Sic
3201 4219 3414 4285 quando
3439 4223 3558 4289 quis
3597 4224 3649 4278 in
3691 4241 3935 4285 man-ore

2343 4288 2508 4361 degit,
2541 4310 2639 4350 nec
2669 4309 2844 4365 potest
2864 4302 3107 4359 dolorem
3134 4307 3345 4373 efferre,
3374 4328 3441 4368 ne
3460 4288 3705 4371 videatur
3736 4336 3934 4376 vanam

2345 4381 2567 4447 gloriam
2594 4398 2866 4457 appetere,
2908 4397 3109 4462 majora
3144 4402 3364 4469 patitur,
3396 4420 3554 4475 quam
3585 4409 3629 4462 si
3661 4409 3812 4466 illum
3856 4416 3937 4469 ef-

2348 4470 2529 4528 ferret.
2561 4477 2670 4533 Nisi
2701 4482 2819 4550 quis
2862 4501 2949 4541 me
2976 4499 3181 4557 putaret
3224 4470 3425 4550 auram
3462 4500 3784 4569 superfluam
3839 4523 3933 4559 ca-

2345 4574 2515 4633 ptare,
2549 4574 2784 4637 quotidie
2814 4592 2898 4632 me
2927 4579 3137 4637 videres
3179 4584 3355 4642 fontes
3383 4588 3740 4661 lacrymarum
3771 4600 3937 4651 emit.

2348 4664 2496 4716 tcre:
2525 4664 2709 4720 harum
2744 4682 2871 4724 vero
2914 4675 3143 4730 conscia:
3185 4690 3309 4733 sunt
3339 4679 3660 4739 domuncula
3704 4695 3761 4741 et
3799 4692 3936 4744 soli-

2350 4750 2495 4808 tudo.
2518 4753 2729 4812 Credite
2751 4774 2979 4831 namque
3006 4765 3155 4833 mihi,
3187 4768 3253 4823 de
3280 4771 3451 4827 salute
3480 4789 3597 4828 mea
3618 4775 3935 4848 desperavi.

2349 4854 2402 4897 et
2430 4844 2555 4899 dum
2586 4858 2761 4904 vestra
2788 4852 2965 4923 lugeo,
3000 4871 3104 4911 non
3138 4869 3291 4915 vacat
3318 4864 3456 4918 mala
3488 4881 3604 4921 mea
3631 4869 3932 4941 plangere:

2348 4934 2426 4987 sic
2452 4950 2544 4990 vos
2573 4938 2700 4993 mihi
2732 4944 2909 4997 omnia
2955 4946 3105 5001 estis.
3156 4950 3210 5003 Si
3250 4954 3476 5010 sentiam
3509 4972 3603 5013 vos
3649 4960 3700 5012 in
3733 4963 3939 5019 virtute

2352 5312 2607 5370 onustus;
2641 5320 2864 5365 mmstus
2907 5312 2972 5368 de
3015 5317 3278 5387 tristibus,
3323 5339 3441 5392 qua:
3468 5326 3618 5382 vobis
3660 5333 3941 5398 accidunt,

2354 5395 2449 5447 etsi
2478 5395 2753 5453 innumera
2786 5413 2964 5458 essent
2990 5411 3244 5475 praeclare
3272 5425 3418 5483 gesta
3463 5418 3611 5471 mihi.
3644 5421 3776 5487 Quae
3815 5440 3943 5494 Spes

2354 5487 2492 5540 enim
2521 5488 2747 5555 doctori,
2772 5508 2934 5565 grege
2962 5506 3253 5569 corrupto?
3278 5509 3449 5576 qualis
3484 5512 3607 5578 vita,
3639 5516 3817 5584 qualis
3848 5535 3945 5573 es-

2355 5582 2650 5645 spectatio?
2679 5600 2798 5639 cum
2828 5603 2928 5657 qua
2962 5591 3152 5648 fiducia
3198 5599 3358 5654 stabit
3404 5612 3527 5657 ante
3556 5582 3762 5661 Deum?
3813 5614 3943 5681 quid

2355 5670 2528 5727 dicet?
2559 5675 2821 5735 Ponamus
2850 5685 2992 5741 enim
3020 5687 3189 5755 ipsum
3235 5706 3340 5748 non
3384 5696 3727 5769 reprehendi,
3764 5719 3946 5777 neque

2421 5810 2494 5874 (a)
2521 5821 2609 5864 Per
2634 5817 2890 5873 triennium
2917 5826 3191 5886 pradicavit
3214 5830 3596 5897 Chrysostomus.
