4120 6334
522 339 626 395 515

593 454 701 509 Καὶ
733 453 881 508 οὐδὲν
910 454 1103 517 αὐτοὺς
1128 454 1302 520 τοῦτο,
1329 458 1513 525 φησὶν,
1548 455 1751 524 ὠφελεῖ
1776 453 1894 508 οὐδὶ
1927 456 2182 525 προΐστα-

525 559 626 603 ται,
660 542 741 594 ὅτι
797 542 947 594 αὐτοὶ
1007 542 1375 612 ἀγρυπνοῦσιν
1407 546 1542 613 ὑπὲρ
1603 545 1712 595 τῶν
1764 543 1951 612 ψυχῶν
1992 543 2180 613 ήμῶνς

519 628 657 680 Ἀλλ’
692 626 1059 695 ἀγρυπνοῦσιν
1080 629 1154 692 ώς
1176 630 1332 699 λόγον
1353 629 1747 694 ἀποδώσοντες·
1786 633 1877 683 καὶ
1908 630 2055 681 δοκεῖ
2086 629 2185 697 μέν

518 730 626 766 τισι
666 715 821 767 τοῦτο
864 710 1001 769 εἶναι
1037 716 1285 788 φοϐερὸν,
1342 717 1463 785 ἐμοὶ
1514 715 1569 769 δὲ
1614 715 1789 778 οὐδεὶς
1810 715 2001 767 τούτου
2027 714 2184 782 λόγος

520 802 658 871 μετά
706 802 802 871 τὴν
830 803 1096 875 ὑμετέραν
1130 805 1422 859 ἀπώλειαν.
1469 805 1569 855 Ἂν
1602 815 1661 855 τε
1684 802 1788 874 γάρ
1816 802 1889 855 δῶ
1914 796 2089 869 λόγον,
2116 801 2183 856 ἀν

516 906 573 942 τε
609 892 682 961 μὴ
708 891 802 957 δῶ,
842 892 993 946 οὐδέν
1025 910 1114 963 μοι
1147 893 1206 946 τὸ
1243 892 1453 961 ὄφελος.
1498 891 1711 944 Γένοιτο
1742 881 1977 960 σωθῆναι
2012 890 2179 958 ὑμᾶς,

517 980 609 1032 καὶ
639 979 820 1034 δοῦναι
850 981 1002 1049 λόγον
1031 980 1128 1049 ἐμὲ
1160 979 1225 1033 δι’
1256 980 1401 1049 ὑμᾶς
1420 996 1435 1011 ⁸
1470 979 1615 1049 ὑμᾶς
1668 976 1924 1047 σωθῆναι,
1953 976 2047 1028 καὶ
2081 976 2181 1045 ἐμὲ

517 1066 860 1133 ἐγκαλεῖσθαι
892 1067 966 1129 ὡς
1013 1066 1086 1137 μὴ
1133 1065 1496 1137 πληρώσαντα
1534 1066 1600 1119 τὰ
1657 1064 1785 1134 παρ’
1811 1061 2069 1132 ἐμαυτοῦ.
2106 1063 2179 1115 Οὐ

515 1154 623 1224 γὰρ
652 1152 743 1206 τοῦ
762 1154 826 1206 δι’
861 1152 992 1221 ἐμοῦ
1030 1152 1266 1223 σωθῆναι
1299 1153 1444 1223 ὑμᾶς
1472 1151 1759 1222 φροντίζω,
1791 1149 1921 1203 ἀλλά
1950 1149 2043 1202 τοῦ
2076 1165 2181 1201 σω-

517 1240 673 1308 θῆναι
704 1241 861 1311 μόνον
889 1241 953 1293 δι’
982 1241 1329 1310 ὁτουδήποτε.
1362 1241 1475 1293 υὺκ
1498 1238 1611 1292 ίστε
1643 1238 1738 1309 τὴν
1757 1236 2045 1308 τυραννίδα
2072 1236 2181 1288 τῶν

516 1328 718 1381 ὼδινῶν
734 1328 839 1380 τῶν
867 1330 1270 1399 πνευματικῶν,
1293 1328 1411 1392 πῶς
1434 1327 1688 1399 μυριάκις
1717 1326 1889 1379 ἕλοιτο
1919 1324 1985 1379 ἂν
2016 1341 2180 1378 κατα-

516 1417 747 1483 κοπῆναι
775 1416 802 1468 ὀ
828 1415 1013 1469 τοῦτον
1030 1416 1122 1470 τὸν
1148 1416 1304 1470 τόκον
1324 1414 1598 1485 ὠδίνων,ἢ
1626 1413 1733 1466 τῶν
1758 1412 2057 1482 τεχθέντων
2081 1412 2178 1465 ἕνα

514 1503 883 1573 ἀπολλύμενον
920 1503 1046 1557 ίδεῖν
1080 1503 1173 1556 καὶ
1201 1504 1625 1574 διεφθαρμένον;
1673 1499 1841 1555 Πόθεν
1873 1501 2018 1570 ὑμᾶς
2062 1500 2181 1552 πεί·

517 1607 712 1659 σομενς
744 1591 1006 1660 ἑτέρωθεν
1031 1590 1130 1660 μὲν
1172 1591 1486 1660 οὐδαμόθεν,
1518 1589 1624 1642 ἀπὸ
1661 1588 1717 1643 δὲ
1744 1588 1851 1641 τῶν
1878 1588 2177 1659 γινομένων

513 1693 579 1727 τα
613 1677 731 1729 καθ’
754 1678 901 1745 ὑμᾶς
922 1676 1095 1729 πάντα
1122 1674 1524 1745 ἀπολυσόμεθα.
1556 1674 1845 1743 Δυνάμεθα
1898 1674 1990 1727 καὶ
2020 1676 2177 1745 ἡμεῖς

512 1762 816 1829 λέγειν,ηότι
864 1763 1015 1815 οὐδὲν
1045 1762 1480 1832 ὑπεστειλάμεθα
1502 1779 1513 1791 '
1551 1763 1664 1816 ἀλλ’
1687 1763 1836 1830 ὅμως
1872 1759 2143 1832 ἀλγοῦμεν
2162 1778 2175 1792 ·

511 1852 604 1902 καὶ
634 1852 711 1903 ὅτι
745 1850 1037 1921 ἀλγοῦμεν,
1070 1851 1224 1920 δῆλον
1257 1849 1317 1914 ἐξ
1361 1843 1435 1903 ὦν
1474 1850 1640 1920 μυρία
1678 1849 2179 1918 κατασκευάζομεν,

512 1939 604 1989 καὶ
637 1937 1022 2007 μηχανώμεθα.
1059 1937 1250 1991 Καίτοι
1289 1953 1353 2005 γε
1376 1936 1505 2006 ὲνῆν
1540 1938 1677 2007 πρὸς
1708 1936 1852 2006 ὑμᾶς
1883 1936 2079 1998 αὐτοὺς
2100 1936 2177 1987 εί-

511 2028 661 2076 πῖῖνο
702 2025 767 2075 Τί
805 2043 892 2094 μιιι
952 2024 1139 2094 μέλει;
1193 2022 1300 2091 ἐγὼ
1339 2023 1399 2075 τὸ
1453 2022 1689 2092 ἐμαυτοῦ
1725 2023 2029 2093 πεποίηκα,
2069 2020 2177 2089 ἐγὼ

510 2112 749 2181 καθαρός
779 2114 890 2181 εἰμι
919 2112 1025 2164 ἀπὸ
1051 2110 1143 2164 τοῦ
1168 2112 1426 2181 αἵματοςο
1458 2110 1573 2163 ἀλλ’
1592 2109 1692 2162 οὐκ
1724 2110 1885 2181 ἀρκεῖ
1905 2108 2063 2162 τοῦτο
2095 2110 2173 2171 είς

510 2200 879 2270 παραμυθίαν.
932 2200 1004 2252 El’
1054 2215 1119 2267 γε
1153 2200 1277 2268 ἐνῆν
1307 2199 1404 2269 τὴν
1433 2197 1659 2267 καρδίαν
1688 2194 1843 2266 ἡμῶν
1868 2195 2171 2268 ἀναρρῆξαι

512 2289 602 2337 νηὶ
650 2286 912 2351 ἐπιδεῖξαι
939 2299 989 2352 α,
1033 2285 1201 2338 είδετε
1228 2286 1293 2337 ἂν
1329 2284 1467 2355 μετά
1495 2282 1695 2355 πολλῆς
1717 2282 1864 2337 ἔνδον
1890 2282 2048 2346 δντας
2074 2283 2173 2353 τῆς

511 2391 535 2424 ε
582 2373 847 2443 ρυχωρίας
887 2374 1090 2436 πάντας
1116 2374 1280 2440 ὑμᾶς,
1326 2372 1417 2424 καὶ
1449 2373 1710 2439 γυναῖκας
1733 2369 1825 2423 καὶ
1857 2370 2052 2432 παῖδας
2080 2370 2173 2422 καὶ

510 2462 539 2513 ί¹
578 2461 726 2531 δρας
754 2461 971 2530 τοιαύτη
997 2459 1103 2529 γάρ
1132 2460 1279 2529 ἠτῆς
1301 2458 1522 2528 ἀγάπης
1550 2457 1796 2526 δύναμις,
1822 2455 1917 2508 τοῦ
1942 2456 2170 2526 ούρανοῦ

510 2565 530 2597 ε
550 2549 887 2619 λρυχωτέραν
921 2549 1066 2601 ποιεῖ
1093 2546 1189 2617 τὴν
1216 2546 1409 2617 ψυχήν.
1435 2545 1750 2614 Χωρήσατε
1780 2544 1955 2614 ἡμᾶς,
1987 2546 2170 2612 ἔλεγεν

510 2637 537 2687 ὁ
562 2635 766 2699 Παῦλος
786 2650 801 2667 ·
834 2635 1053 2688 οὐδένα
1077 2634 1470 2702 ἠδικήσαμεν,
1504 2634 1575 2687 οὑ
1601 2632 2064 2702 στενοχωρεῖσθε
2101 2632 2171 2685 έν

573 2724 600 2749 ⁸
626 2721 779 2780 Unus,
821 2722 1071 2785 ἀναρρῆξαι
1103 2720 1280 2775 πάντας
1313 2723 1438 2782 ἡμᾶς
1456 2720 1537 2767 καὶ
1557 2719 1797 2775 ἐπιδεῖξαι.

1325 341 1383 394 S.
1426 335 1709 397 JOANNIS
1745 330 2234 395 CHRYSOSTOMI
2276 334 2595 395 AR’CmEP.
2636 337 3178 397 CONSTANTINOP.

3850 339 3955 395 3N

2286 451 2448 523 ἡμῖν.
2493 454 2665 511 Τοῦτο
2692 456 2923 527 λέγομεν
2948 456 3043 509 νῦν
3081 456 3175 509 καὶ
3221 455 3378 524 ἡμεῖς
3402 474 3414 488 ι
3452 453 3749 525 Χωρήσατε
3784 454 3961 525 ἠμαςξ

2286 543 2471 595 nam
2503 542 2600 612 τὴν
2620 543 2883 611 Κόρινθον
2910 540 3055 614 εἶχεν
3084 544 3286 604 ἐκεῖνος
3321 543 3378 594 ἑν
3402 543 3469 611 τῇ
3498 541 3697 611 καρδίᾳ
3723 541 3950 605 ἑαυτοῦ,

2284 632 2379 683 καὶ
2429 630 2615 697 ἐλεγεσ
2674 633 3059 697 Πλατύνθητε
3108 631 3204 684 καὶ
3257 630 3455 698 ὑμεῖς·
3513 632 3585 683 οὐ
3654 634 3958 699 στενοχω-

2275 717 2498 785 ρεῖσθε.
2541 717 2680 770 Ἀλλ’
2700 719 2861 782 αὐτὸς
2882 719 2979 772 οὐκ
3005 720 3071 772 ἀν
3090 720 3265 789 ἔχοιμι
3296 712 3452 771 τοῦτο
3486 718 3664 785 λέγειν
3684 734 3699 747 ·
3754 712 3814 771 εὖ
3848 721 3959 787 γὰρ

2282 801 2419 871 οἶδα,
2442 807 2524 879 ὅτι
2557 806 2651 860 καὶ
2678 806 2833 876 ὑμεῖς
2862 808 3011 876 ἡμᾶς
3030 808 3281 875 ἀγαπᾶτε
3316 806 3409 859 καὶ
3437 807 3682 876 χωρεῖτε.
3717 804 3879 857 Ἀλλά
3904 806 3955 857 τί

2280 895 2343 946 τὸ
2367 894 2558 964 κέρδος
2586 895 2619 965 ἢ
2648 894 2749 963 τῆς
2778 894 2918 963 ἐμῆς
2949 894 3170 963 ἀγάπης
3194 893 3226 962 ἢ
3254 894 3351 963 τῆς
3382 892 3554 963 ὑμῶν,
3582 893 3709 945 ὅταν
3732 891 3793 944 τὺ
3815 890 3957 944 κατά

2281 978 2416 1033 Θεὸν
2462 982 2593 1050 ἡμῖν
2640 979 2715 1051 μὴ
2762 981 3063 1051 προχωρῇ;
3114 979 3373 1042 Μείζονος
3404 979 3641 1047 ἀθυμίας
3677 977 3955 1038 ὑπόθεσις.

2282 1067 2527 1131 πλείονος
2580 1066 2759 1137 λύμης
2812 1067 3055 1137 ἀφορμή.
3121 1066 3285 1119 Οὐδὲν
3347 1066 3452 1135 ἔχω
3501 1065 3751 1132 ἐγκαλεῖν
3795 1066 3954 1133 ὑμῖν·

2280 1153 2569 1223 Μαρτυρῶ
2596 1154 2705 1225 τὰρ
2737 1153 2897 1223 ὑμῖν,
2928 1151 3037 1219 ὅτι,
3059 1155 3110 1207 εί
3130 1151 3409 1213 δυνατὸν,
3438 1150 3579 1217 τοὺς
3610 1150 3959 1218 ὀφθαλμοὺς

2280 1241 2447 1311 ὑμῶν
2474 1241 2869 1309 ἐξορύξαντες
2899 1240 2977 1293 ἂν
3023 1239 3277 1293 ἐδώκατέ
3318 1256 3439 1308 μοι.
3490 1235 3842 1307 Ἰμειρόμεθα
3893 1236 3955 1288 οὐ

2284 1332 2442 1399 μόνον
2469 1328 2529 1382 τὸ
2546 1327 2897 1397 Εὐαγγέλιον,
2930 1328 3063 1380 ἀλλά
3093 1330 3185 1381 καὶ
3212 1325 3309 1389 τὰς
3341 1325 3546 1379 ἑαυτῶν
3575 1326 3751 1394 ψυχάς
3771 1323 3958 1377 δοῦναι

2281 1418 2427 1485 ὑμῖν.
2459 1414 2762 1485 Φιλούμεθα
2812 1415 2905 1467 καὶ
2957 1414 3247 1483 φιλοῦμεν·
3300 1413 3414 1466 ἀλλ’
3453 1412 3513 1464 οὐ
3552 1410 3712 1464 τοῦτό
3739 1412 3862 1463 ἐστι
3894 1411 3956 1463 τὸ

2279 1501 2625 1573 ζητούμενον.
2694 1502 3009 1575 Φιλήσωμεν
3054 1497 3146 1553 οὖν
3184 1500 3276 1553 τὸν
3328 1498 3561 1568 Χριστὸν
3612 1498 3639 1536 δ
3698 1498 3952 1569 πρῶτον·

2279 1591 2468 1663 πρώτη
2516 1592 2624 1664 γὰρ
2682 1592 2891 1663 ἐντολὴ,
2941 1591 3301 1661 Ἀγαπήσεις
3361 1590 3579 1657 Κύριον
3641 1607 3750 1641 τιν
3809 1591 3960 1642 Θεόν

2280 1692 2397 1733 σου
2418 1695 2431 1709 ο
2462 1678 2708 1747 δευτέρα
2740 1679 2808 1732 δὲ
2840 1680 3013 1747 ὁμοία
3039 1676 3246 1745 αὐτῆς,
3273 1677 3380 1731 Καὶ
3410 1677 3516 1730 τὸν
3538 1676 3809 1743 πλησίον
3840 1693 3959 1729 σου

2283 1767 2363 1830 ὡς
2407 1769 2684 1821 σεαυτόν.
2713 1766 2822 1837 Τὴν
2874 1767 3131 1836 δευτέραν
3166 1766 3383 1835 ἔχομεν,
3430 1765 3530 1835 τῆς
3557 1762 3779 1835 πρώτης
3824 1766 3960 1831 ἡμῖν

2281 1856 2389 1908 δεῖ”
2441 1855 2539 1925 τῆς
2587 1854 2810 1925 πρώτης
2845 1854 2923 1906 δεῖ
2967 1854 3104 1924 μετά
3150 1853 3347 1922 πολλῆς
3388 1852 3488 1923 τῆς
3528 1852 3831 1921 ὑπερϐολῆς
3867 1852 3962 1903 καὶ

2282 1943 2405 2012 ἐμοὶ
2434 1942 2526 1996 καὶ
2560 1942 2706 2012 ὑμῖν.
2742 1939 2975 2011 Ἐχομεν
3001 1940 3194 2010 αὐτὴν,
3246 1940 3361 1993 ἀλλ’
3393 1940 3490 2011 οὐχ
3530 1938 3605 2002 ώς
3630 1941 3763 2009 χρή.
3790 1939 3958 2008 Φιλή-

2285 2045 2467 2098 σωμεν
2493 2027 2653 2081 αὐτόν
2682 2042 2695 2057 ·
2747 2028 2859 2081 ίστε
2892 2027 3053 2091 πόσος
3104 2028 3391 2080 ἀπόκειται
3435 2026 3623 2095 μισθὸς
3653 2029 3768 2089 τοῖς
3793 2026 3959 2095 φιλήο

2283 2130 2405 2167 σασι
2420 2116 2508 2167 τὸν
2526 2114 2777 2183 Χριστόν·
2794 2114 3105 2185 φιλήσωμεν
3127 2114 3290 2168 αὑτὸν
3306 2113 3600 2184 θερμότητι
3620 2112 3822 2182 ψυχῆς,
3845 2114 3955 2177 ῖνα,

2279 2201 2379 2269 τῆς
2410 2202 2534 2271 παρ’
2568 2200 2729 2253 αὐτοῦ
2757 2201 2967 2264 εὐνοίας
2995 2199 3376 2264 ἀπολαύοντες,
3417 2198 3768 2267 διαφύγωμεν
3806 2197 3956 2270 [557]

2279 2289 2371 2340 τὸν
2402 2288 2642 2341 κλύδωνα
2675 2288 2766 2341 τοῦ
2799 2288 3061 2358 παρόντος
3093 2288 3229 2356 βίου,
3252 2289 3345 2340 καὶ
3386 2286 3494 2339 τῶν
3524 2286 3960 2356 ἐπηγγελμένων

2277 2375 2498 2443 ἀγαθῶν
2535 2377 2645 2436 τοῖς
2670 2375 2955 2442 ἀγαπῶσιν
3003 2374 3165 2428 αὑτὸν
3199 2376 3472 2444 ἐπιτυχεῖν
3504 2373 3959 2441 καταξιωθῶμεν,

2276 2462 2458 2531 χάριτι
2487 2462 2581 2514 καὶ
2618 2460 2995 2532 φιλανθρωπίᾳ
3024 2461 3115 2514 τοῦ
3150 2460 3464 2530 μονογενοῦς
3509 2461 3673 2513 αὑτοῦ
3734 2461 3960 2521 Παιδὸς,

2279 2546 2398 2615 μεθ’
2423 2540 2483 2601 οὗ
2513 2546 2591 2616 τῷ
2618 2548 2791 2617 Πατρὶ
2817 2547 2933 2615 ἅμα
2960 2547 3034 2617 τῷ
3068 2548 3206 2618 ἀγίῳ
3237 2546 3513 2618 Πνεύματι
3548 2547 3694 2611 δόξα,
3727 2549 3958 2618 κράτος,

2274 2632 2430 2703 τιμὴ,
2450 2632 2541 2685 νῦν
2568 2634 2659 2685 καὶ
2673 2634 2779 2697 ἀεὶ,
2812 2636 2905 2687 καὶ
2918 2636 2994 2696 είς
3011 2636 3134 2695 τοὺς
3164 2634 3365 2697 αἰῶνας
3382 2635 3490 2688 τῶν
3506 2634 3731 2691 αἰώνων.
3754 2636 3957 2706 Ἀμήν.

2339 2719 2366 2759 δ
2392 2717 2512 2781 Alii,
2536 2720 2838 2782 ζητούμενον.
2877 2720 3026 2770 Ἀλλὰ
3059 2722 3140 2769 τὸν
3185 2721 3389 2785 Χριστὸν
3411 2723 3703 2784 φιλήσωμεν.

2013 2923 2258 2977 ΟΜΙΛΙΑ
2298 2924 2431 2977 ME’.

515 3022 621 3076 Καὶ
648 3020 836 3076 τανῦν
860 3018 1243 3099 παρατίθεμαι
1270 3030 1295 3057 ι
1326 3017 1503 3099 ὑμᾶς,
1527 3017 1799 3139 attingat,
1825 3016 1905 3081 τῷ
1934 3016 2055 3080 Θεῷ
2078 3016 2175 3069 καὶ

583 3092 662 3139 τῶ
688 3092 847 3139 λόγω
874 3108 984 3139 τηρ
1031 3088 1264 3139 γάοιτοι-
1303 3090 1508 3139 αὐτου.
1542 3105 1621 3139 τω
1708 3088 1979 3139 υναιιένω
2016 3088 2175 3139 ἐποι-

583 3092 847 3163 τῷίλόῖῳ
874 3087 984 3157 τῆς
1029 3088 1264 3163 χάριτος
1303 3088 1508 3163 αὐτοῦ,
1542 3087 1979 3163 τᾶν-δυναμένῳ
2016 3088 2177 3163 ἐπρι-

586 3156 943 3231 κοδομῆσαι,
960 3159 1057 3231 καὶ
1088 3158 1297 3212 δοῦναι
1320 3159 1727 3226 κληρονομίαν
1754 3156 1898 3226 ὑμῖν
1928 3158 1998 3210 έν
2026 3156 2178 3212 πᾶσι

580 3232 707 3297 τοῖς
723 3227 1147 3300 ἢγιασμένοις.

576 3328 652 3375 α’.
680 3321 855 3388 Ὅπερ
895 3315 1222 3369 ἐπιστέλλων
1240 3316 1406 3373 ποιεῖ,
1439 3312 1705 3367 τοῦτοκαὶ
1744 3313 2123 3384 συμϐουλεύων
2160 3329 2173 3341 ’

514 3408 620 3464 ἀπὺ
641 3407 1009 3478 παραινέσεως
1036 3405 1115 3465 είς
1141 3402 1303 3471 εὐχὴν
1329 3403 1574 3471 τελευτᾷ.
1608 3402 1826 3473 Ἐπειδὴ
1848 3401 1956 3473 γάρ
1980 3402 2176 3464 αὐτοὺς

518 3496 719 3565 σφόδρα
776 3492 1028 3561 ἐφόϐησε,
1079 3490 1271 3556 λέγων,
1319 3488 1399 3540 ὅτι
1450 3489 1633 3541 Λύκοι
1666 3487 1877 3555 ,ϐαρεῖς
1903 3490 1990 3553 εὶς
2023 3486 2177 3555 ὑμᾶς

516 3582 963 3638 εἰσελεύσονται
996 3594 1010 3608 '
1048 3578 1135 3629 ἶνα
1171 3576 1243 3646 μὴ
1272 3574 1592 3646 καταπλήξῃ
1619 3578 1682 3645 τῇ
1710 3575 1918 3648 διανοίᾳ
1937 3577 2029 3629 καὶ
2050 3576 2177 3629 ἀπο-

514 3670 666 3740 λέσῃ,
706 3670 808 3738 ὅρα
840 3666 941 3735 τὴν
970 3662 1339 3733 παραμυθίαν.
1366 3661 1475 3715 Καὶ
1511 3662 1719 3724 τανῦν,
1752 3663 1935 3731 φησίν.
1990 3662 2177 3726 Οὕτως

516 3753 659 3814 εἷπε.
694 3755 867 3823 δηλῶν
897 3753 983 3806 διὰ
1029 3752 1240 3813 τούτου,
1288 3750 1368 3802 ὅτι
1410 3747 1596 3817 ὥσπερ
1646 3747 1748 3801 ἀεὶ.
1783 3751 2175 3818 Παρατίθεμαι

518 3843 690 3913 ὑμᾶς,
718 3839 989 3908 ἀδελφοὶ,
1034 3836 1114 3903 τῷ
1170 3836 1289 3901 Θεῷ
1337 3837 1436 3890 καὶ
1472 3835 1555 3899 τῷ
1592 3838 1749 3904 λόγῳ
1786 3835 1897 3903 τῆς
1942 3836 2178 3905 χάριτος

518 3930 706 3985 αὑτοῦ
737 3945 746 3956 ·
783 3927 1052 3990 τουτέστι,
1088 3928 1159 3995 τῇ
1204 3924 1387 3995 χάριτι
1426 3922 1611 3977 αὑτοῦ.
1662 3924 1772 3976 Καὶ
1800 3922 1980 3986 καλῶς
2005 3923 2177 3987 οὕτως

519 4015 706 4071 εἶπεν
742 4011 848 4068 οἶδε
871 4012 999 4083 γάρ,
1035 4011 1115 4065 ὅτι
1170 4012 1204 4079 ἡ
1256 4010 1414 4080 χάρις
1470 4008 1650 4072 σώζει.
1689 4008 1931 4078 Συνεχῶς
1980 4010 2179 4072 αὐτοὺς

518 4102 921 4173 ἀναμιμνήσκει
980 4099 1079 4167 τῆς
1145 4097 1385 4167 χάριτος,
1438 4095 1885 4165 σπουδαιοτέρους
1910 4095 2077 4149 ποιῶν
2096 4097 2178 4160 ιὼς

517 4191 815 4259 ὀφειλέτας,
874 4187 970 4239 καλ⁸
1033 4183 1235 4237 πείθων
1292 4181 1529 4253 θαρρεῖν.
1574 4180 1655 4245 Τῷ
1684 4181 1997 4249 δυναμένῳ
2021 4183 2176 4250 ὑμᾶς

518 4274 1002 4342 ἐποικοδομῆσαι.
1040 4273 1151 4323 Οὐκ
1189 4264 1772 4338 εἷπεν,γυίκοδομῆσαι,
1804 4268 1905 4320 ἀλλ
1919 4269 1953 4330 ‘,
1983 4270 2175 4321 Ἐποι-

522 4360 874 4429 κοδομῆσαι,
899 4357 1113 4417 δεικνὺς
1158 4355 1239 4406 ὅτι
1284 4354 1386 4423 ἥδη
1418 4352 1864 4422 ᾠκοδομήθησαν,
1915 4347 2046 4405 Εἶτα
2082 4354 2179 4424 τῆς

521 4452 733 4514 ἐλπίδος
761 4447 1035 4517 ἀνέμνησε
1074 4443 1173 4512 τῆς
1214 4441 1509 4512 μελλούσης
1530 4480 1544 4501 ,
1588 4437 1755 4491 εἰπών
1786 4455 1799 4469 ⁸
1831 4439 1938 4493 Καὶ
1970 4440 2180 4494 δοῦναι

519 4538 660 4607 ὑμῖν
690 4533 1094 4603 κληρονομίαν
1130 4531 1200 4583 έν
1236 4526 1387 4583 πᾶσι
1427 4526 1547 4592 τοῖς
1594 4525 1998 4594 ἡγιασμένοις.
2048 4527 2179 4581 Εἶτα

521 4626 680 4681 πάλιν
722 4621 1036 4693 παραίνεσις
1087 4635 1101 4649 ·
1164 4616 1482 4684 Ἀργυρίου,
1546 4614 1729 4683 φησὶν,
1782 4614 1819 4680 ἢ
1851 4616 2108 4683 χρυσίου
2139 4616 2177 4684 ἢ

521 4710 837 4781 ίματισμοῦ
896 4705 1146 4769 οὐδενὸς
1192 4703 1561 4771 ἐπεθύμησα.
1599 4701 1708 4772 Τὴν
1770 4702 1922 4771 ῥίζαν
1966 4703 2180 4774 ἀναιρεῖ

522 4819 627 4853 των
677 4797 879 4857 κακῶν,
922 4796 1020 4864 τὴν
1059 4790 1439 4863 φιλαργυρίαν.
1500 4789 1832 4857 Ἀργυρίου,
1885 4790 2068 4858 φησὶν,
2138 4792 2177 4860 ἢ

521 4887 796 4956 χρυσίου.
830 4882 942 4933 Οὐκ
975 4874 1145 4942 ετττεν,
1182 4879 1292 4930 Οὐκ
1334 4876 1523 4929 ἔλαϐον
1559 4892 1581 4947 ’ἱ
1611 4875 1752 4938 ἀλλ’,
1788 4875 1941 4928 Οὐδὲ
1970 4878 2178 4931 ἐπεθύ-

515 4989 703 5043 μησα.
758 4968 923 5022 Οὔπω
982 4966 1122 5037 μέγα
1175 4963 1349 5025 τοῦτο,
1402 4963 1463 5015 τὸ
1512 4962 1567 5015 δὲ
1619 4962 1754 5031 μετὰ
1807 4963 1963 5015 τοῦτο
2014 4964 2175 5033 μέγα.

531 5059 727 5129 Ὑμεῖς
748 5056 1109 5116 ἐπίστασθε,
1163 5052 1253 5105 ὅτι
1294 5051 1426 5116 ταῖς
1477 5050 1705 5118 χρείαις
1742 5068 1859 5119 μου
1903 5052 2001 5104 καί
2054 5052 2178 5119 τοῖς

518 5148 657 5205 οὖσι
685 5146 812 5215 μετ’
841 5143 987 5213 ἐμοῦ
1014 5141 1401 5211 ὑπηρέτησαν
1441 5142 1499 5194 al
1532 5138 1725 5206 χεῖρες
1754 5136 1947 5195 αὗται.
1977 5142 2179 5197 Πάντα

524 5233 804 5297 ὑπέδειξα
837 5230 999 5299 ὑμῖν,
1032 5229 1119 5282 ὅτι
1147 5228 1298 5282 οὕτω
1334 5226 1667 5291 κοπιῶντας
1694 5225 1785 5278 δεῖ
1816 5226 2179 5297 ἁντιλαμϐά-

519 5326 727 5375 γεσθαι
770 5318 889 5372 τῶν
921 5316 1356 5371 ἀσθενούντων.
1392 5314 1533 5383 Ὅρα
1577 5312 1738 5366 αὑτὸν
1784 5311 1861 5381 τῷ
1917 5312 2062 5383 ἔργῳ
2090 5333 2178 5369 κε-

521 5428 624 5480 χρη
634 5410 812 5478 μένον,
833 5407 928 5460 καὶ
949 5406 1048 5474 οὐχ
1072 5402 1252 5465 ἀπλῶς
1272 5442 1286 5465 ,
1308 5401 1443 5455 ἀλλά
1468 5401 1760 5454 κοπιῶντα.
1789 5400 1924 5466 Ταῖς
1950 5400 2180 5471 χρείαις

518 5514 633 5566 μου
666 5493 763 5547 καῖ
790 5493 917 5557 τοίς
955 5486 1095 5546 οὖσι
1115 5490 1253 5560 μετ’
1294 5488 1436 5557 ἐμοῦ
1469 5486 1859 5555 ὑπηρέτησαν
1890 5491 1949 5541 al
1984 5488 2177 5557 χεῖρες

518 5579 715 5637 αὗται.
750 5578 921 5632 Τοῦτο
976 5575 1356 5647 ὲντρεπτικῶς.
1400 5574 1508 5628 Καὶ
1540 5575 1663 5643 ὅρα,
1718 5572 1834 5636 πῶς
1874 5572 2061 5639 ἀξίως.
2098 5578 2172 5626 Οὐ

520 5672 626 5738 γάρ
653 5662 773 5721 εἷπε
812 5666 1118 5735 Χρημάτων
1166 5665 1194 5704 b
1249 5661 1501 5731 γενέσθαι
1545 5661 1825 5732 κρείττους
1876 5677 1887 5693 ⁸
1920 5660 2055 5714 αλλά
2084 5663 2171 5729 τί;

531 5753 1100 5825 Ἀντιλαμϐάνεσθαι
1156 5752 1273 5804 τῶν
1329 5751 1766 5805 ἀσθενούντων.
1824 5749 1936 5819 Οὐχ
1986 5752 2174 5815 ἁπλῶς

583 5920 612 5948 ⁸
635 5919 786 5979 Unus,
806 5918 1107 5983 παρατίθημι.
1132 5917 1161 5957 ι)
1186 5918 1301 5977 Alii,
1327 5918 1464 5973 ἀξίως
1486 5915 1643 5965 αὐτῶν
1665 5916 1752 5965 οὐκ
1774 5914 1875 5965 εἷπε
1895 5916 2170 5978 χρημάτων.

2279 3017 2517 3081 πάντων,
2540 3016 2677 3071 ἀλλά
2696 3017 2801 3072 τῶν
2822 3017 3086 3072 ἀσθενῶν.
3110 3020 3530 3087 Μνημονεύειν
3550 3036 3613 3074 τε
3637 3022 3746 3076 τὸν
3764 3025 3962 3093 λόγον

2276 3103 2386 3156 τοῦ
2412 3108 2650 3172 Κυρίου,
2687 3106 2759 3159 δν
2788 3103 2916 3161 εἷπε
2936 3146 2950 3169 ,
2985 3107 3073 3161 ὅτι
3103 3106 3411 3175 Μακάριόν
3436 3108 3567 3163 ἐστι
3593 3109 3839 3178 μᾶλλον
3869 3112 3959 3165 δι-

2278 3190 2448 3245 δόναι
2472 3190 2510 3260 ἢ
2537 3194 2884 3261 λαμϐάνειν.
2919 3194 3035 3246 Ἴνα
3074 3195 3146 3263 μή
3181 3211 3264 3258 τις
3302 3196 3499 3268 νομίσῃ
3538 3196 3675 3269 πρὸς
3708 3199 3961 3260 ἱκείνους

2277 3279 2549 3351 εἰρῆσθαι,
2581 3281 2675 3333 καὶ
2704 3282 2872 3334 τύπον
2896 3280 3094 3333 διδόναι
3129 3281 3289 3335 αὐτὸν
3308 3320 3323 3343 ,
3359 3282 3494 3353 ὅπερ
3524 3283 3759 3353 ἀλλαχοῦ
3792 3302 3956 3354 φησι,

2278 3366 2461 3420 Τύπον
2492 3367 2725 3430 διδόντες
2753 3368 2901 3437 ὑμῖν,
2951 3368 3197 3438 ἐπήγαγε
3227 3367 3323 3439 τὴν
3371 3369 3645 3439 ἀπόφασιν
3693 3371 3790 3425 τοῦ
3818 3374 3961 3437 Xm-

2280 3453 2427 3518 στοῦ,
2480 3455 2728 3523 λέγοντος
2758 3471 2772 3486 ’
2819 3456 3125 3525 Μακάριόν
3178 3458 3313 3511 ἐστι
3368 3458 3597 3512 διδόναι
3634 3458 3889 3528 μᾶλλον
3922 3464 3971 3528 ﬂ

2276 3542 2622 3611 λαμϐάνειν.
2677 3541 2979 3612 Ἐπηύξατο
3040 3543 3220 3607 αὐτοῖς
3279 3545 3559 3616 παραινῶν
3605 3562 3619 3579 ·
3678 3548 3962 3602 δείκνυσιν

2276 3630 2409 3683 αὐτὸ
2437 3632 2532 3683 καὶ
2560 3630 2726 3701 ἔργῳ.
2776 3630 2885 3685 Καὶ
2931 3630 3119 3685 ταῦτα
3176 3633 3379 3695 εἰπὼν,
3423 3634 3548 3699 θεὶς
3602 3634 3677 3687 τὰ
3725 3637 3962 3703 γόνατα

2275 3717 2461 3772 αὐτοῦ
2488 3717 2612 3771 σὺν
2641 3716 2831 3772 πᾶσιν
2881 3719 3105 3784 αὐτοῖς,
3153 3719 3538 3787 προσηύξατο
3564 3737 3577 3750 ’
3610 3722 3711 3791 οὐχ
3741 3722 3960 3787 ἁπλῶς,

2277 3803 2412 3859 ἀλλά
2448 3806 2585 3875 μετά
2607 3804 2808 3875 πολλῆς
2834 3805 2933 3876 τῆς
2970 3805 3335 3869 κατανύξεως.
3373 3805 3547 3876 Πολλὴ
3585 3808 3619 3878 ἠ
3661 3810 3964 3881 παράκλη-

2280 3909 2363 3955 σις
2387 3910 2402 3926 ο
2433 3892 2529 3945 καὶ
2551 3892 2628 3962 τῷ
2655 3893 2829 3945 εἰπεῖν
2878 3892 2956 3957 δὲ,
3002 3895 3397 3963 Παρατίθεμαι
3436 3894 3591 3965 ὑμᾶς
3620 3896 3703 3962 τῷ
3728 3902 3959 3966 Κυρίῳ,

2278 3979 2603 4050 παρακαλεῖ.
2645 3978 2918 4049 Ἐγένετο
2956 3979 3024 4033 δὲ
3076 3983 3382 4049 κλαυθμὸς
3428 3984 3633 4043 ἱκανὸς
3681 3986 3962 4049 πάντων,

2277 4068 2375 4122 καὶ
2400 4068 2792 4133 ἐπιπεσόντες
2853 4068 2952 4121 ἐπὶ
2998 4067 3107 4121 τὸν
3158 4068 3463 4137 τράχηλον
3514 4069 3621 4124 τοῦ
3674 4075 3960 4138 Παύλου,

2279 4155 2433 4229 [5'58]
2452 4158 2818 4226 κατεφίλουν
2836 4156 3042 4219 αὐτὸν,
3065 4155 3444 4224 ὀδυνώμενοι,
3454 4157 3724 4226 μάλιστα
3749 4161 3850 4215 ἐπὶ
3878 4163 3964 4228 τῷ

2277 4246 2436 4314 λόγῳ
2459 4237 2507 4311 ᾧ
2541 4244 2762 4312 είρήκει
2788 4282 2803 4307 ,
2838 4243 2926 4297 ὅτι
2964 4242 3165 4296 οὐκέτι
3195 4243 3495 4311 μέλλουσι
3524 4246 3593 4297 τὸ
3623 4248 3965 4313 πρόσωπον

2279 4337 2464 4390 αὑτοῦ
2495 4336 2752 4403 θεωρεῖν.
2777 4334 3169 4402 Προέπεμςτον
3193 4334 3261 4386 δὲ
3279 4334 3466 4388 αὐτὸν
3491 4338 3579 4399 είς
3610 4336 3678 4389 τὸ
3703 4339 3956 4395 πλοῖον.

2281 4418 2466 4486 Εἶπεν,
2507 4423 2588 4474 ὅτι
2631 4412 3093 4475 Είσελεύσονται
3141 4422 3316 4474 λύκοι
3348 4422 3560 4489 ,βαρεῖς
3588 4439 3603 4453 ο
3645 4418 3828 4489 εἶπεν,
3876 4428 3963 4479 ὅτι

2280 4509 2547 4577 Καθαρὸς
2579 4508 2693 4579 ἐγὼ
2718 4509 2838 4563 άπὸ
2882 4509 2988 4562 τοῦ
3022 4510 3269 4577 αἵματος
3301 4508 3543 4561 πάντων
3566 4527 3579 4539 ·
3609 4510 3788 4564 ταῦτα
3820 4514 3961 4566 ἑκά-

2278 4616 2412 4669 τερα
2456 4597 2658 4668 φοϐερὰ
2706 4598 2799 4651 καὶ
2853 4598 3011 4651 ίκανά
3065 4598 3302 4668 λυπῆσαι
3349 4613 3362 4626 °
3427 4597 3661 4667 μάλιστα
3694 4599 3754 4652 δὲ
3791 4601 3961 4653 πλέον

2280 4687 2497 4739 πάντων
2518 4684 2670 4738 τοῦτο
2707 4686 2906 4748 αὐτοὺς
2949 4685 3197 4754 ώδίνησε,
3230 4685 3290 4737 τὸ
3328 4685 3524 4753 μηκέτι
3551 4686 3685 4753 όρᾷν
3712 4686 3959 4742 ἀκοῦσαι

2280 4773 2442 4826 αὐτόν
2474 4789 2487 4801 ·
2523 4773 2615 4825 καὶ
2657 4772 2816 4825 τοῦτο
2852 4771 3021 4823 ἐποίει
3075 4770 3165 4823 τὸν
3216 4770 3451 4839 πόλεμον
3476 4769 3733 4839 χαλεπόν,
3769 4776 3963 4841 Προέ-

2280 4874 2516 4928 πεμπον
2545 4860 2632 4926 δὲ,
2659 4861 2842 4929 φησιν,
2879 4859 3065 4912 αὑτὸν
3107 4860 3194 4924 είς
3226 4858 3293 4911 τὸ
3343 4857 3576 4912 πλοῖον.
3605 4858 3799 4923 Οὕτως
3834 4863 3961 4931 ὲφί-

2280 4946 2402 5000 λουν
2429 4948 2611 5012 αὑτὸν,
2637 4947 2779 4999 οὓτω
2811 4946 3070 4999 διέκειντο
3091 4946 3219 5015 περὶ
3258 4945 3439 4999 αὐτόν.
3487 4947 3584 5012 Ὠς
3610 4946 3679 4999 δὲ
3707 4948 3962 5016 ἐγένετο

2279 5033 2612 5101 ἀναχθῆναι
2640 5031 2795 5101 ἡμᾶς
2826 5031 3332 5098 ἀποσπασθέντας
3368 5034 3468 5086 ἀπ’
3508 5030 3731 5095 αὐτῶν,
3764 5038 3959 5089 εὐθυ-

2278 5121 2689 5190 δρομήσαντες
2723 5119 2987 5187 ἤλθομεν
3023 5123 3110 5185 εἰς
3134 5118 3249 5187 τὴν
3275 5120 3427 5180 Κῶν,
3464 5118 3539 5185 τῇ
3570 5118 3637 5171 δὲ
3669 5118 3825 5188 ἑξῆς
3865 5125 3960 5189 εις

2290 5208 2511 5271 Ῥόδον,
2544 5207 2820 5261 κάκεῖθεν
2855 5209 2941 5271 είς
2986 5207 3240 5275 Πάταρα.
3274 5207 3382 5260 Καὶ
3418 5206 3699 5273 εὑρόντες
3727 5210 3957 5263 πλοῖον

2277 5291 2571 5361 διαπερῶν
2595 5295 2681 5356 είς
2702 5292 3003 5359 Φοινίκην,
3034 5292 3347 5357 ἐπιϐάντες
3367 5291 3736 5362 ἀνήχθημεν.
3774 5295 3961 5351 Ἀνα-

2274 5380 2567 5449 φανέντες
2602 5378 2669 5431 δὲ
2693 5379 2806 5443 τὴν
2834 5381 3097 5447 Κύπρον,
3145 5380 3242 5432 καὶ
3287 5382 3719 5447 καταλιπόντες
3747 5384 3964 5451 αὐτὴν

2274 5468 2604 5536 εὐώνυμον,
2658 5466 2949 5534 ἐπλέομεν
2984 5470 3069 5532 είς
3107 5466 3359 5534 Συρίαν,
3408 5466 3505 5520 καὶ
3556 5468 3963 5539 κατήχθημεν

2277 5554 2362 5616 είς
2402 5554 2605 5620 Τύρον.
2638 5554 2801 5621 Ὅρα,
2851 5550 3013 5623 ἦλθεν
3048 5555 3127 5616 είς
3174 5553 3401 5615 Λυκίαν,
3432 5554 3527 5606 καὶ
3552 5554 3842 5625 διαπερῶν
3876 5563 3964 5623 είς

2278 5640 2549 5707 Φοινίκην,
2585 5640 2681 5709 τὴν
2714 5641 2933 5711 Κύπρον
2969 5642 3150 5709 ἀφεὶς,
3193 5642 3273 5702 είς
3308 5640 3483 5711 Τύρον
3517 5642 3907 5699 κατέπλευσεν
3946 5665 3961 5681 ο

2277 5728 2452 5779 ἐκεῖσε
2475 5728 2583 5798 γὰρ
2611 5723 2678 5797 ἦν
2722 5728 2783 5781 τὸ
2837 5730 3016 5781 πλοῖον
3068 5728 3563 5797 ἀποφορτιζόμενον
3626 5728 3717 5781 τὸν
3753 5731 3959 5800 γόμον.

2278 5814 2448 5868 Τοῦτο
2479 5818 2624 5867 αἰτία
2643 5816 2735 5869 τοῦ
2771 5817 3022 5871 ἀπελθεῖν
3062 5818 3140 5877 εἰς
3174 5816 3366 5884 Τύρον.
3402 5816 3509 5870 Καὶ
3536 5818 3828 5884 εὑρόντες
3845 5838 3965 5888 μα’

2252 5904 2462 5977 ⁹θητίἰς
2507 5906 2900 5975 ἐπεμείναμεν
2952 5904 3100 5973 πρὸς
3126 5906 3349 5970 αὐτούς
3381 5904 3604 5974 ἡμέρας
3629 5905 3790 5961 ἑπτά
3814 5924 3828 5938 ·
3870 5912 3963 5965 οῖ-
