4094 6336
181 352 288 410 513

180 480 371 537 pinnas
395 463 549 531 dare,
579 463 678 520 sed
706 480 833 521 esse
860 464 1117 521 mundum
1144 482 1175 522 a
1203 472 1463 541 sanguine
1496 471 1737 528 omnium
1769 494 1782 530 :

178 558 249 611 ita
275 570 494 626 quoque
519 555 837 612 incurabilia
866 558 1096 626 patietur
1127 576 1141 617 :
1173 562 1299 629 quia
1330 561 1456 618 licet
1481 574 1664 634 patres
1690 582 1787 636 pro

177 644 307 698 ﬁliis
335 660 443 699 non
474 644 756 701 incusandi
786 647 915 712 sint,
946 658 1125 702 tamen
1152 648 1341 706 dolent
1366 662 1420 707 et
1453 655 1782 712 cruciantur.

247 735 420 803 Quam
473 747 612 792 curet
660 736 1052 809 Clirysostomus
1104 742 1272 813 gregis
1319 744 1557 800 salutem.
1586 776 1659 786 —
1685 747 1783 803 Ni-

173 827 343 889 hilne,
391 828 625 899 inquies,
674 830 807 898 ipsis
841 832 1063 900 prodest
1095 834 1180 887 vel
1214 837 1604 906 patrocinatur,
1636 842 1780 911 quod

172 916 271 984 ipsi
314 918 542 987 vigilem
572 934 669 988 pro
712 921 996 976 animabus
1043 926 1286 981 nostris?
1322 926 1431 983 Sed
1471 930 1692 999 vigilant
1721 942 1779 988 ut

169 1007 439 1063 rationem
485 1009 744 1064 reddituri
777 1011 959 1080 (Hebr.
991 1014 1078 1067 15.
1114 1016 1204 1084 17)
1231 1034 1244 1069 :
1269 1019 1411 1087 quod
1455 1021 1775 1087 quibusdam

169 1096 383 1152 videtur
408 1113 530 1153 esse
558 1101 829 1166 terribile;
861 1102 989 1157 mihi
1022 1115 1199 1160 autem
1229 1105 1332 1163 hoc
1357 1123 1504 1164 cura:
1533 1127 1639 1166 non
1667 1124 1770 1180 est,

167 1191 208 1241 si
249 1204 347 1243 vos
387 1191 642 1257 pereatis.
671 1192 823 1258 Dem,
874 1208 979 1249 non
1010 1195 1134 1250 dem
1185 1199 1447 1254 rationem
1484 1201 1553 1258 de
1597 1204 1769 1271 vobis,

168 1280 295 1333 nihil
331 1281 465 1335 mibi
497 1282 627 1337 utile
669 1294 774 1338 est.
822 1284 1033 1341 Utinam
1079 1290 1232 1345 vobis
1286 1293 1516 1348 salutem
1572 1298 1766 1362 uactis,

166 1371 285 1427 dem
340 1388 445 1443 ego
499 1373 567 1428 de
616 1374 771 1430 vobis
827 1379 1131 1447 rationein,
1188 1392 1244 1437 et
1296 1399 1570 1454 accuser,
1627 1388 1767 1458 quod

164 1463 400 1520 ofﬁcium
456 1483 636 1525 meum
701 1487 808 1525 non
873 1472 1227 1543 impleverim.
1296 1478 1412 1533 Non
1482 1484 1625 1536 enim
1694 1484 1767 1539 ita

161 1569 312 1621 curo,
349 1568 411 1612 ut
456 1575 553 1629 per
586 1576 674 1617 me
701 1577 797 1618 vos
825 1566 1136 1631 servemini,
1189 1578 1246 1621 ut
1278 1585 1409 1624 curo
1436 1613 1449 1634 ,
1482 1581 1597 1627 uta
1630 1590 1762 1644 quo-

162 1648 246 1702 vis
294 1653 609 1707 servemini.
667 1653 787 1710 Non
852 1658 1024 1713 nostis
1092 1660 1448 1730 spiritualium
1516 1678 1761 1734 pzirtuuiu

160 1741 524 1810 tyrannidem,
555 1746 826 1814 quomodo
866 1748 931 1813 is,
966 1752 1056 1819 qui
1090 1752 1159 1805 ita
1193 1758 1441 1822 parturit,
1473 1758 1667 1813 millies
1709 1760 1759 1815 in

157 1827 324 1885 frusta
350 1834 569 1889 concidi
592 1846 859 1908 peroptat,
892 1843 1070 1910 potius
1094 1859 1255 1914 quam
1285 1862 1448 1901 unum
1476 1864 1543 1903 ex
1566 1851 1760 1919 genitis

158 1923 331 1988 perire
355 1926 446 1981 vel
474 1930 747 1999 corrumpi
788 1930 1000 1988 videat?
1042 1933 1325 1993 Undenam
1375 1940 1427 1995 id
1454 1941 1606 1998 vobis
1635 1959 1760 2014 per-

154 2014 547 2072 suadebimus?
570 2018 686 2074 Non
711 2022 820 2077 alio
846 2023 1028 2090 modo,
1061 2042 1219 2095 quam
1244 2043 1309 2084 ex
1339 2030 1423 2097 iis,
1454 2047 1574 2103 qua:
1605 2034 1756 2090 vobis

153 2107 495 2179 Contingunt,
523 2110 882 2169 absolvemur.
910 2115 1204 2173 Possumus
1223 2130 1277 2176 et
1307 2136 1406 2177 nos
1427 2124 1628 2191 dicere,
1657 2140 1757 2181 nos

153 2196 281 2252 nihil
313 2199 734 2272 subterfugisse;
761 2214 1000 2263 attamen
1029 2209 1310 2267 dolemus:
1331 2224 1387 2269 et
1412 2216 1553 2286 quod
1580 2218 1756 2273 dolea-

152 2307 268 2348 mus
300 2294 430 2349 liinc
456 2296 630 2365 palam
648 2307 749 2364 est,
778 2300 925 2371 quod
957 2310 1099 2357 tanta
1130 2320 1382 2374 paremus
1406 2318 1462 2364 et
1482 2314 1754 2382 excogite-

151 2399 287 2438 mus.
312 2385 648 2457 Quamquam
671 2392 1030 2459 potuissemus
1050 2397 1201 2453 vobis
1223 2398 1405 2456 dicere
1426 2419 1441 2457 :
1459 2402 1597 2472 Quid
1620 2407 1751 2462 mihi

150 2492 290 2533 cum
335 2480 456 2534 est?
491 2495 593 2552 ego
634 2485 777 2554 quod
817 2502 998 2543 meum
1041 2501 1157 2546 erat
1203 2492 1336 2559 ieci;
1380 2510 1481 2567 ego
1517 2500 1752 2556 mundus

148 2582 260 2623 sum
306 2585 336 2623 a
378 2574 756 2644 sanguine:at
787 2579 890 2635 hoc
932 2596 1039 2636 non
1085 2583 1285 2640 sufﬁcit
1326 2587 1393 2642 ad
1422 2591 1748 2647 consolatio-

148 2675 289 2717 nem.
318 2662 373 2719 Si
406 2676 588 2735 posset
612 2683 707 2724 eor
732 2681 976 2728 nostrum
1005 2676 1236 2734 discindi
1273 2688 1327 2734 et
1356 2689 1562 2752 patere,
1594 2684 1746 2739 vide—

147 2755 273 2811 retis
303 2772 398 2812 vos
429 2774 618 2816 omnes
661 2762 769 2818 illic
811 2781 933 2823 esse
972 2769 1025 2824 in
1058 2785 1250 2843 magna
1278 2773 1581 2845 latitudine,
1630 2794 1747 2835 mu-

145 2844 323 2914 lieres,
365 2849 525 2916 ﬁlios,
557 2854 737 2910 viros:
763 2865 908 2915 tanta
938 2862 1138 2933 quippe
1175 2876 1259 2921 est
1283 2868 1520 2925 caritatis
1551 2844 1742 2939 virtus,

144 2940 374 2997 animam
398 2945 533 3000 cmlo
554 2946 802 3005 latiorem
830 2951 1024 3009 reddit.
1056 2954 1236 3027 Capite
1262 2976 1375 3024 nos,
1410 2960 1580 3033 inquit
1603 2964 1742 3019 Pau-

1121 350 1187 410 ΙΝ
1227 355 1411 414 ACTA
1450 358 1975 421 APOSTOLORUM.
1999 366 2229 424 HOMIL.
2274 369 2434 429 XLV.

3405 389 3511 447 3H

1896 485 2013 545 lus;
2043 484 2294 538 neminem
2336 488 2561 542 tissimus
2607 487 2684 561 (2.
2717 490 2839 547 Cor.
2869 495 2921 549 7.
2943 493 3025 564 2),
3060 514 3161 552 non
3200 515 3413 573 anguste
3455 508 3508 561 in

1893 572 2035 625 nobis
2064 576 2182 627 estis
2215 574 2235 644 (
2267 574 2403 631 Ibid.
2430 578 2484 634 6.
2519 580 2587 635 12
2623 582 2662 649 ).
2694 582 2806 638 Hoc
2840 594 2896 640 et
2937 601 3037 643 nos
3062 606 3205 647 nunc
3232 572 3463 654 dicimus
3494 618 3507 631 ·

1889 663 2078 734 Capite
2108 684 2229 724 nos.
2270 671 2461 729 Totam
2493 675 2547 731 in
2578 692 2639 733 se
2677 674 3002 738 Corinthum
3034 685 3125 740 ille
3158 686 3415 758 habebat,
3452 704 3507 748 et

1888 755 2103 813 dicebat
2142 777 2156 813 :
2197 761 2502 820 Dilatamini
2546 777 2593 822 et
2645 786 2732 824 vos
2773 786 2793 825 :
2836 789 2937 827 non
2988 776 3043 831 in
3093 782 3334 848 angustia
3383 785 3506 840 estis

1887 847 1905 915 (
1935 846 2074 902 Ibid.
2095 866 2139 904 v.
2186 854 2275 909 15.
2306 856 2375 911 12
2404 858 2447 924 ).
2487 858 2598 915 Sed
2628 860 2731 917 hoc
2764 880 2869 919 non
2900 882 3002 936 ego
3033 846 3218 925 dicere
3247 888 3503 941 possem:

1886 952 2009 993 nam
2033 940 2170 997 bene
2196 947 2342 1013 novi,
2376 949 2519 1018 quod
2545 966 2640 1005 vos
2663 969 2750 1009 me
2770 954 3006 1027 diligatis
3033 968 3088 1015 et
3112 940 3361 1031 Capiatis.
3390 965 3500 1021 Sed

1885 1032 2015 1100 quid
2043 1034 2175 1090 lucri
2209 1040 2293 1092 vel
2319 1054 2388 1095 ex
2415 1057 2533 1097 mea
2563 1046 2648 1100 vel
2676 1061 2741 1101 ex
2777 1058 2956 1105 vestra
2983 1053 3232 1120 caritate,
3276 1058 3499 1126 quando

1880 1138 1965 1190 ea,
1999 1141 2120 1197 quae
2143 1130 2235 1185 Dei
2258 1144 2406 1199 sunt,
2438 1137 2492 1190 in
2517 1138 2671 1193 vobis
2694 1155 2799 1196 non
2828 1154 2977 1199 recte
3001 1149 3336 1213 procedunt?
3360 1152 3497 1221 llinc

1879 1218 2100 1286 majoris
2142 1237 2302 1278 causa
2330 1225 2554 1293 doloris,
2607 1232 2829 1301 majoris
2860 1239 3118 1304 perniciei
3155 1243 3390 1298 occasio.
3437 1244 3494 1300 In

1879 1311 2027 1366 nullo
2058 1328 2278 1382 possum
2304 1332 2401 1374 vos
2425 1319 2677 1377 incusare
2709 1344 2722 1378 :
2747 1325 2930 1381 Testor
2950 1331 3084 1384 enim
3109 1334 3271 1401 vobis,
3299 1337 3494 1406 quia,si

1875 1403 1989 1469 fieri
2030 1408 2314 1474 potuisset,
2365 1413 2541 1468 oculos
2582 1426 2775 1471 vestros
2826 1422 3084 1477 eruissetis
3132 1435 3179 1479 et
3226 1403 3492 1485 dedissetis

1873 1498 2001 1550 milii
2028 1498 2171 1571 (Gal.
2207 1502 2260 1558 4.
2295 1504 2405 1577 15).
2439 1506 2688 1565 Vicissim
2715 1511 2969 1570 daremus
3000 1532 3106 1572 non
3136 1521 3299 1575 modo
3322 1539 3488 1579 cvan-

1870 1592 2088 1661 gelium,
2118 1596 2212 1651 sed
2245 1599 2405 1653 etiam
2436 1602 2646 1660 animas
2684 1618 2915 1662 nostras.
2952 1612 3212 1668 Amanmr
3260 1629 3310 1670 et
3360 1620 3485 1673 pcd-

1870 1696 2153 1740 amamus:
2181 1696 2237 1741 at
2258 1705 2363 1744 non
2392 1690 2497 1747 hoc
2524 1696 2805 1763 qumritur.
2856 1702 3117 1758 Amemus
3144 1721 3275 1777 eigo
3316 1711 3482 1765 Clu-i-

1869 1786 2010 1833 stum
2045 1782 2220 1851 primo
2248 1800 2261 1838 :
2290 1782 2524 1840 Primum
2567 1790 2766 1860 quippe
2805 1798 3107 1851 mandatum
3148 1812 3261 1855 est:
3288 1803 3483 1877 Diliges

1867 1868 2147 1927 Dominum
2181 1874 2343 1930 Deum
2380 1889 2547 1935 tuum.
2580 1881 2879 1938 Secundum
2917 1898 3086 1943 autem
3117 1892 3236 1946 huic
3271 1897 3439 1950 simile
3462 1915 3481 1953 :

1867 1963 1935 2019 Et
1967 1968 2259 2036 proximum
2294 1982 2439 2027 tuum
2482 1974 2615 2028 sicut
2641 1977 2857 2046 teipsum
2898 1980 2917 2050 (
2946 1980 3136 2037 Matth.
3170 1984 3258 2042 22.
3287 1988 3475 2046 57-59.

1865 2058 2033 2114 Marc.
2067 2062 2154 2117 l2.
2188 2063 2301 2135 50).
2344 2066 2650 2123 Secundum
2683 2080 2951 2139 tenemus,
2983 2076 3160 2145 primo
3208 2081 3363 2135 nobis
3390 2095 3474 2137 est

1862 2166 2028 2221 opus;
2078 2154 2251 2223 primo
2286 2156 2577 2213 admodum
2626 2177 2764 2231 opus
2805 2174 2908 2228 est,
2953 2176 3009 2221 et
3048 2168 3179 2224 mibi
3212 2161 3475 2228 et'vobis.

1863 2242 2132 2299 Habemus
2174 2246 2325 2312 illud,
2355 2249 2447 2303 sed
2497 2267 2601 2304 non
2651 2262 2708 2307 ut
2752 2264 3048 2324 oporteret.
3082 2260 3375 2333 Diligamns
3414 2267 3475 2321 il-

1861 2335 1969 2389 lum
2003 2355 2015 2391 :
2046 2339 2196 2393 scitis
2222 2350 2420 2410 quanta
2451 2345 2684 2413 reposita
2731 2348 2803 2402 sit
2830 2364 3039 2407 merces
3071 2354 3154 2418 iis,
3200 2358 3288 2426 qui
3318 2356 3473 2412 Citrio

1858 2437 2001 2481 stum
2032 2428 2264 2499 diligunt
2292 2450 2305 2485 :
2334 2447 2581 2491 amemus
2609 2437 2765 2493 illum
2791 2456 2915 2495 cum
2944 2441 3158 2502 fervore
3190 2449 3376 2517 animi,
3413 2462 3473 2506 ut

1856 2512 1974 2581 ejus
2003 2512 2376 2571 benevolentia
2406 2517 2675 2589 fruentes,
2704 2528 2988 2592 praesentis
3017 2529 3143 2585 vitae
3174 2512 3470 2601 tempesta-

1857 2612 1963 2658 tem
2006 2604 2294 2677 fugiamus,
2345 2618 2401 2665 et
2452 2614 2718 2681 promissa
2759 2615 3112 2689 diligentibus
3155 2639 3278 2679 eum
3328 2627 3467 2683 bona

1853 2698 2113 2765 consequi
2143 2697 2454 2770 dignemur,
2484 2706 2656 2775 gratia
2701 2718 2758 2762 et
2801 2711 3176 2769 misericordia
3209 2718 3469 2789 unigeniti

1853 2787 1973 2857 ejus
1999 2788 2142 2855 Filii,
2174 2794 2391 2862 quicum
2423 2796 2570 2854 Patri
2610 2807 2667 2856 et
2699 2800 2921 2872 Spiritui
2950 2818 3137 2863 sancto
3162 2787 3468 2881 gloria.im-

1852 2882 2085 2950 perium,
2132 2882 2331 2953 honor,
2359 2903 2503 2946 nunc
2542 2900 2598 2947 et
2636 2907 2874 2966 semper,
2904 2906 2960 2953 et
2991 2900 3043 2956 in
3073 2904 3272 2959 sa'cula
3301 2919 3464 2963 saxu-

1853 2969 2050 3027 lorum.
2084 2974 2281 3032 Amen.

1472 3175 1818 3241 HOMILIA
1862 3182 2059 3246 XLV.

143 3300 263 3357 Car.
295 3302 385 3359 20.
415 3319 469 3359 ν.
498 3303 589 3360 52.
617 3304 686 3360 Et
710 3324 845 3363 nunc
864 3350 879 3376 ,
912 3278 1098 3381 fratres
1118 3354 1132 3379 ,
1170 3316 1467 3370 commendo
1497 3333 1584 3373 vos
1633 3319 1742 3375 Deo

208 3405 253 3453 et
283 3397 431 3453 verba
456 3398 636 3481 gratia
672 3402 855 3473 ipsius,
893 3404 981 3477 qui
1015 3414 1177 3476 potest
1215 3408 1474 3481 ludiﬁcare
1494 3451 1521 3499 ,ι
1546 3420 1590 3467 et
1616 3414 1739 3471 dare
1770 3456 1775 3457 κ

209 3492 537 3546 hereditatem
564 3494 702 3548 vobis
726 3495 779 3550 in
806 3498 1143 3565 sanctiﬁcatis
1184 3503 1439 3558 omnibus.

208 3582 258 3635 1.
290 3582 396 3637 Per
437 3587 659 3655 gratiam
704 3588 922 3643 salutem
979 3595 1355 3663 consequimur.
1388 3627 1458 3637 —-
1487 3597 1641 3666 Quod
1689 3603 1739 3655 in

142 3675 411 3743 epistolis,
442 3676 544 3732 hoc
575 3689 630 3733 et
655 3679 707 3732 in
743 3683 987 3737 consiliis
1012 3686 1121 3755 agit
1156 3705 1168 3739 :
1196 3688 1263 3742 ab
1291 3689 1659 3750 admonitione
1688 3698 1739 3750 in

141 3768 435 3822 orationem
468 3768 688 3824 desinit.
728 3770 863 3838 Quia
892 3774 1034 3829 enim
1068 3777 1190 3832 illos
1218 3780 1372 3835 valde
1400 3786 1623 3851 terruit,
1659 3786 1741 3841 di-

141 3870 261 3913 cens
296 3878 310 3910 .-
339 3858 483 3930 Lupi
504 3877 681 3931 graves
702 3863 754 3916 in
782 3879 869 3918 vos
895 3866 1280 3937 ingredientur;
1325 3889 1393 3929 ne
1422 3884 1739 3933 consterna-

141 3958 216 4003 ret
264 3960 319 4005 et
367 3952 623 4020 perderet
677 3954 925 4022 animos,
982 3958 1106 4015 vide
1161 3965 1612 4024 consolationem.
1672 3971 1739 4025 Et

138 4055 300 4108 nunc,
357 4042 551 4113 inquit.
604 4043 680 4100 ita
722 4046 893 4114 dixit,
941 4049 1069 4106 hinc
1126 4054 1423 4112 ostendens
1469 4074 1529 4114 se
1581 4064 1734 4131 quasi

139 4145 345 4203 semper
400 4134 503 4189 hoc
531 4150 712 4206 agere.
742 4136 1052 4196 Canunendo
1097 4158 1219 4213 vos,
1266 4147 1485 4216 fratres,
1526 4149 1637 4207 Deo
1690 4165 1739 4207 et

139 4225 274 4278 verba
317 4227 505 4297 gratiae
552 4228 748 4298 ipsius,
778 4231 830 4285 id
878 4242 1000 4300 est,
1031 4237 1219 4305 gratiae
1268 4240 1406 4309 ejus.
1445 4245 1621 4314 Atque
1666 4248 1735 4302 ita

140 4314 265 4370 bene
293 4317 432 4372 dixit
462 4338 475 4372 :
509 4329 731 4374 noverat
759 4323 904 4377 enim
928 4364 944 4388 ,
971 4326 1114 4395 quod
1146 4332 1322 4399 gratia
1353 4334 1529 4389 salvos
1557 4338 1733 4392 faciat.

139 4405 465 4479 Frequenter
494 4413 624 4482 ipsis
653 4416 878 4484 gratiam
908 4432 1337 4491 commemorat,
1383 4434 1441 4481 ut
1464 4428 1736 4488 debitores

136 4504 483 4559 studiosiores
509 4506 743 4563 reddens
768 4519 823 4564 et
854 4512 1130 4571 conﬁdere
1162 4517 1414 4575 suadens.
1447 4521 1549 4589 Qui
1574 4536 1736 4594 potest

136 4606 214 4647 vos
235 4598 674 4664 supersedi/icore.
695 4598 811 4654 Non
841 4600 1010 4671 dixit,
1032 4603 1359 4676 Ediﬁcare;
1388 4614 1506 4682 sed,
1536 4615 1735 4686 Super-

136 4687 427 4756 trdiﬁcare,
486 4691 780 4746 ostendens
837 4695 986 4765 ipsos
1044 4699 1156 4767 jam
1206 4703 1499 4763 aediﬁcatus
1546 4709 1728 4767 fuisse.

138 4778 330 4834 Deinde
364 4779 562 4836 futuris
611 4785 724 4853 Spei
771 4790 1017 4844 meminit
1060 4790 1290 4849 dicens:
1328 4794 1391 4850 Et
1432 4800 1555 4854 dare
1596 4802 1733 4859 vobis

136 4874 453 4927 hereditatem
498 4877 549 4929 in
601 4881 930 4948 sanctiﬁcatis
974 4886 1229 4942 omnibus.
1277 4890 1469 4947 Postea
1516 4911 1728 4953 rursum

135 4965 423 5022 admonitio
471 4986 484 5020 :
539 4969 629 5024 55.
673 4973 989 5044 Argentum,
1033 4978 1232 5051 inquit,
1275 4985 1354 5038 vel
1397 5003 1622 5052 aurum,
1657 4995 1733 5049 vel

136 5069 305 5113 vestem
350 5059 549 5113 nullius
595 5066 875 5134 concupiui.
924 5066 1180 5126 Radicem
1232 5076 1494 5131 malarum
1551 5082 1726 5150 tollit,

135 5149 425 5203 avaritiam.
462 5150 745 5222 Argentum
770 5195 786 5220 ,
821 5156 1021 5227 inquit,
1052 5163 1128 5215 vel
1176 5180 1379 5219 aurum.
1415 5169 1528 5224 Non
1561 5149 1727 5238 dixit,

141 5236 246 5291 Non
308 5243 528 5309 accepi,
581 5244 715 5310 sed,
768 5245 950 5318 Neque
993 5258 1281 5325 concupivi.
1327 5259 1576 5317 Nondum
1628 5236 1731 5322 hoc

136 5344 377 5400 maguum
409 5344 522 5401 est,
569 5337 663 5389 sed
712 5340 856 5408 quod
907 5346 1149 5413 sequitur
1189 5366 1464 5422 magnum.
1506 5357 1595 5412 54.
1631 5357 1731 5414 Vos

136 5428 291 5488 satis,
320 5426 444 5491 quia
470 5430 849 5486 necessitatibus
878 5437 1003 5490 meis
1029 5449 1075 5492 et
1100 5441 1193 5508 iis,
1222 5447 1307 5514 qui
1350 5464 1546 5504 mecum
1570 5465 1727 5521 sunt,

136 5512 538 5571 ministraverunt
586 5538 767 5577 manus
806 5525 936 5581 ista.
981 5530 1070 5585 55.
1106 5532 1292 5589 Omnia
1321 5542 1519 5594 ostendi
1554 5546 1691 5598 vobis
1712 5586 1727 5609 ,

136 5606 363 5667 quoniam
383 5609 457 5659 sic
483 5608 770 5666 laborantes
794 5628 991 5684 oportet
1016 5624 1269 5694 suscipere
1316 5629 1569 5694 inﬁrmos.
1600 5635 1730 5691 Vide

138 5691 274 5749 illum
299 5710 468 5767 opere
506 5716 764 5760 manuum
797 5716 1057 5779 utentem,
1088 5732 1187 5773 nec
1217 5718 1428 5790 leviter,
1462 5725 1556 5781 sed
1587 5727 1731 5784 labo-

143 5793 363 5844 rantem.
393 5788 797 5853 Necessitatibus
839 5802 962 5857 meis
990 5816 1038 5860 et
1066 5807 1128 5861 iis
1154 5851 1169 5877 ,
1215 5813 1303 5881 qui
1352 5788 1543 5873 mecum
1574 5832 1726 5891 sunt,

1853 3325 2273 3385 ministraverunt
2316 3350 2500 3392 manus
2534 3340 2665 3397 istm.
2706 3343 2819 3400 lloc
2862 3347 3207 3407 admonendo
3248 3356 3463 3416 dicitur.

1851 3416 1920 3475 Et
1950 3419 2072 3478 vide
2098 3436 2459 3502 cumquanta
2482 3430 2812 3515 :‘dignitate;
2866 3455 2971 3497 non
3014 3446 3160 3505 enim
3192 3448 3360 3515 dixit,
3397 3454 3467 3509 Ut

1851 3517 2093 3583 pecuniis
2122 3522 2431 3588 superiores
2463 3512 2606 3595 sint;
2636 3530 2733 3584 sed
2781 3533 2954 3603 quid?
2990 3538 3268 3613 Suscipere
3318 3512 3466 3615 inﬁr-

1848 3622 1976 3661 mos.
2006 3608 2122 3664 Non
2149 3611 2318 3682 dixit,
2351 3614 2555 3674 Omnes
2586 3662 2601 3687 ,
2635 3623 2729 3679 sed
2749 3666 2764 3691 ,
2794 3624 3064 3695 Inﬁrmos.
3109 3608 3176 3687 Et
3206 3640 3467 3695 recordari
3546 3683 3568 3704 ,.

1850 3700 1983 3752 verbi
2036 3700 2283 3773 Domini,
2314 3710 2453 3775 quod
2489 3710 2623 3766 dixit
2669 3730 2690 3767 :
2729 3714 2941 3772 Beatius
2988 3732 3063 3777 est
3104 3725 3261 3791 dare,
3310 3747 3467 3798 quam

1849 3791 2097 3859 accipere.
2145 3794 2223 3850 Ne
2251 3798 2371 3869 quis
2403 3810 2617 3871 putaret
2642 3806 2708 3860 ad
2743 3807 2865 3865 illos
2893 3811 3095 3869 dictum
3126 3832 3248 3873 esse
3272 3862 3286 3886 ,
3323 3833 3376 3875 et
3405 3840 3466 3879 se

1846 3885 2124 3955 exemplar
2168 3888 2274 3945 illis
2313 3890 2474 3958 dare,
2518 3906 2577 3950 ut
2618 3898 2744 3953 alibi
2786 3901 2860 3956 ait
2904 3919 2918 3956 ε
2955 3904 3237 3978 Exemplar
3275 3885 3465 3971 dantes

1845 3975 1985 4029 vobis
2018 3975 2296 4052 (Philipp.
2333 3983 2385 4037 δ.
2420 3986 2547 4056 l7);
2580 3989 2762 4045 subdit
2786 3975 3343 4058 sententiau'rCliristi
3374 4006 3463 4060 lli-

1845 4066 2016 4122 centis
2043 4086 2057 4123 :
2080 4068 2292 4127 Beatius
2312 4085 2385 4129 est
2411 4077 2553 4143 dare,
2580 4096 2735 4147 quam
2764 4088 3013 4157 accipere.
3040 4092 3225 4147 Oravit
3244 4112 3465 4169 quoque

1845 4174 2009 4229 super
2052 4163 2158 4218 illis
2189 4182 2451 4236 monens,
2495 4172 2739 4246 illudque
2764 4193 2933 4250 opere
2963 4186 3221 4241 ostendit.
3262 4163 3463 4248 56δΕι

1842 4267 1958 4305 cum
1998 4254 2109 4310 lucc
2153 4258 2399 4327 dixisset,
2446 4266 2624 4333 positis
2654 4270 2869 4338 genibus
2913 4290 3030 4329 cum
3074 4280 3308 4335 omnibus
3356 4285 3461 4341 illis

1843 4349 2023 4400 oravit.
2049 4349 2233 4406 Oravit
2259 4396 2274 4420 ,
2303 4372 2411 4411 non
2445 4369 2736 4432 utcumque
2757 4407 2772 4429 ,
2802 4369 2896 4422 sed
2928 4384 3048 4424 cum
3089 4376 3256 4432 multa
3298 4394 3455 4435 com—

1843 4441 2155 4507 punctione.
2188 4444 2377 4517 Magna
2406 4453 2740 4521 consolatio;
2773 4469 2827 4513 et
2869 4476 2991 4515 cum
3022 4464 3260 4534 diceret,
3296 4472 3454 4525 Com-

1840 4533 2024 4587 mendo
2055 4551 2140 4589 vos
2171 4536 2428 4609 Domino,
2461 4546 2866 4607 consolabatur.
2910 4555 3000 4609 57.
3036 4557 3259 4629 Magnus
3285 4575 3457 4620 autem

1839 4626 1991 4693 ﬂetus
2022 4630 2188 4699 factus
2214 4642 2286 4686 est
2315 4638 2618 4699 omnium,et
2646 4646 3032 4709 procumbentes
3068 4626 3225 4720 super
3266 4657 3458 4711 collum

1846 4715 2017 4783 Pauli,
2040 4722 2405 4780 osculabantur
2426 4744 2563 4795 cum,
2591 4730 2681 4786 58.
2699 4734 2942 4805 dolentes,
2971 4744 3193 4798 maxime
3212 4747 3262 4798 in
3288 4752 3456 4810 verbo.

1837 4814 1974 4879 quod
2014 4813 2256 4881 dixerat,
2302 4821 2443 4890 quod
2490 4825 2718 4895 amplius
2761 4831 2943 4898 faciem
2982 4837 3093 4905 ejus
3139 4854 3242 4892 non
3292 4855 3460 4897 essent
3534 4872 3542 4879 -

1837 4904 2013 4957 visuri.
2050 4905 2118 4961 Et
2163 4910 2482 4970 deducebant
2522 4934 2636 4971 eum
2676 4920 2745 4973 ad
2781 4939 2979 4984 navem.
3008 4904 3200 4995 Dixit,
3248 4932 3459 4989 Veniant

1838 4996 1950 5064 lupi
1995 5015 2211 5068 graves;
2258 5003 2430 5073 dixit,
2468 5007 2696 5067 Mundus
2725 5030 2818 5085 ego
2862 5033 2973 5071 sum
3002 5039 3034 5073 a
3064 5027 3314 5093 sanguine
3344 5045 3457 5081 om-

1838 5087 1979 5141 nium
2005 5107 2024 5143 .'
2054 5091 2167 5148 haec
2194 5102 2423 5167 utraque
2454 5103 2733 5168 terribilia,
2767 5124 2886 5175 quin
2915 5126 3137 5179 possmt
3160 5133 3456 5176 mterorem

1838 5181 2066 5250 afferre;
2116 5190 2350 5245 maxime
2380 5204 2561 5249 autem
2602 5196 2705 5252 hoc
2732 5204 2972 5258 omnium
3007 5223 3101 5262 eos
3141 5214 3449 5278 cruciabat,

1836 5274 1977 5340 quod
2010 5277 2322 5346 audissent,
2351 5298 2411 5339 se
2451 5301 2555 5339 non
2600 5289 2740 5344 ultra
2766 5294 2978 5351 visuros
3004 5299 3177 5368 ipsum
3209 5320 3330 5359 esse
3362 5324 3373 5358 :
3401 5319 3456 5362 et

1837 5361 1962 5418 binc
1988 5382 2123 5436 agon
2153 5372 2524 5441 gravissimus.
2557 5377 2889 5440 Deducebant
2909 5429 2923 5452 ,
2960 5361 3172 5461 inquit,
3208 5396 3355 5451 illuni
3382 5402 3452 5452 ad

1836 5470 2036 5511 navem.
2067 5460 2156 5515 Sic
2177 5466 2431 5521 amabant
2458 5469 2629 5538 illum,
2653 5475 2732 5529 sic
2752 5476 2929 5533 allecti
2953 5460 3076 5553 erga
3098 5485 3248 5541 illum
3272 5502 3453 5545 erunt.

1837 5545 1990 5617 (Cap.
2025 5549 2134 5617 2|.)
2174 5555 2223 5608 l.
2258 5556 2385 5611 Cum
2414 5571 2583 5615 autem
2610 5565 2805 5633 factum
2834 5582 2984 5638 esset,
3011 5586 3066 5627 ut
3095 5582 3451 5649 navigaremus

1837 5644 2084 5698 abstracti
2110 5647 2169 5699 ab
2209 5652 2302 5718 eis,
2332 5665 2467 5708 recto
2494 5674 2646 5713 cursu
2676 5664 2899 5719 venimus
2926 5669 3111 5735 Coum,
3146 5685 3191 5726 et
3224 5682 3452 5735 sequenti

1836 5735 1920 5789 die
1962 5734 2237 5809 Rhodum,
2293 5758 2340 5799 et
2394 5750 2514 5803 inde
2560 5751 2829 5809 Pataram.
2873 5759 2926 5813 2.
2962 5760 3031 5815 Et
3082 5766 3284 5823 inventa
3336 5779 3451 5826 naui

1838 5832 2121 5898 trajicicnte
2145 5837 2195 5889 in
2227 5836 2539 5919 Phanicen,
2569 5863 2627 5900 ea
2652 5866 2926 5907 conscensa
2966 5860 3208 5914 solt-imus
3258 5863 3311 5918 3.
3343 5866 3442 5920 Ubi
