4094 6336
650 371 751 427 315

648 494 813 535 autent
842 479 1079 552 apparuit
1106 475 1325 546 Cyprus,
1359 476 1531 528 relicta
1558 471 1648 527 illa
1674 468 1739 521 ad
1766 468 2044 531 sinistram,
2077 464 2221 517 navi-

649 592 825 646 gamus
851 574 901 627 in
930 572 1136 642 Syriam
1155 610 1170 636 ,
1203 581 1249 622 et
1276 569 1499 622 venimus
1536 562 1748 635 Tyrum.
1784 559 1913 613 Vide
1942 576 1955 611 :
1985 556 2131 611 venit
2174 555 2225 609 in

650 667 890 735 Lyciam,
923 671 977 717 et
1024 660 1295 730 trajiciens
1326 659 1376 711 in
1410 656 1695 712 Phoenicen
1718 693 1734 718 ,
1782 650 1968 706 relicui
2016 649 2222 717 Cypro,

650 758 847 827 Tyrum
907 753 1207 822 navigavit;
1252 763 1376 803 nam
1406 747 1513 802 illic
1542 745 1690 799 navis
1720 738 2059 798 exoneranda
2087 746 2223 793 erat.

651 849 774 902 llwc
816 861 975 900 causa
1018 844 1118 897 fuit
1146 858 1240 897 cur
1270 840 1469 911 Tyrum
1509 838 1664 893 irent.
1698 835 1749 889 4.
1794 831 2018 886 Inventis
2060 839 2227 881 autem

648 936 931 1005 discipulis,
957 935 1232 988 mansimus
1258 931 1325 985 ibi
1353 929 1523 983 diebus
1548 935 1736 998 septem
1766 941 1781 978 :
1804 924 1887 993 qui
1907 922 2069 975 Paulo
2090 918 2230 971 dice-

654 1029 775 1081 bant
802 1044 891 1097 per
918 1026 1195 1096 Spiritum,
1227 1037 1288 1075 ne
1312 1019 1600 1075 ascenderet
1634 1014 2029 1084 Jerosolymam.
2060 1009 2226 1071 Vide,

654 1118 976 1187 prophetam
1003 1116 1074 1170 illi
1101 1112 1438 1168 alflictioues.
1470 1106 1750 1163 Provisum
1793 1113 1970 1158 autem
2002 1100 2130 1166 fuit,
2176 1107 2231 1151 ut

651 1221 706 1266 et
737 1210 807 1264 illi
836 1209 1075 1263 dicerent
1101 1247 1116 1270 ,
1162 1219 1229 1259 ne
1269 1203 1389 1273 quis
1432 1207 1641 1271 putaret
1685 1197 1800 1252 haec
1835 1194 2029 1250 frustra
2056 1200 2111 1246 et
2143 1192 2228 1261 ja-

659 1301 831 1355 ctandi
856 1314 1012 1354 causa
1031 1297 1250 1353 Paulum
1274 1295 1492 1349 dixisse.
1515 1292 1709 1345 lterum
1738 1296 1914 1343 autem
1942 1286 2047 1339 illic
2073 1298 2234 1337 oran-

656 1406 753 1456 tes,
783 1406 840 1445 se
866 1401 1049 1444 inutuo
1079 1388 1433 1457 reliquerunt.
1463 1383 1515 1437 5.
1549 1381 1611 1434 Et
1651 1380 1858 1450 expletis
1891 1377 2066 1429 diebus
2109 1387 2231 1441 pro-

656 1485 771 1552 fecti
808 1483 1004 1536 ibamus
1029 1523 1043 1546 ,
1075 1478 1435 1532 deducentibus
1462 1491 1552 1529 nos
1576 1472 1805 1526 omnibus
1841 1485 1954 1522 cum
1992 1467 2233 1520 uxoribus

651 1592 699 1627 et
720 1574 840 1642 filiis
868 1588 1022 1642 usque
1047 1574 1185 1643 foras
1215 1570 1461 1622 civitatem
1487 1581 1505 1619 :
1536 1573 1583 1618 et
1613 1561 1787 1631 positis
1818 1561 1869 1613 in
1902 1560 2068 1611 littore
2093 1555 2234 1628 geni-

651 1666 743 1716 bus
792 1664 1060 1716 oravimus.
1106 1661 1157 1715 6.
1213 1658 1281 1712 Et
1339 1672 1455 1709 cum
1520 1652 1923 1723 valefecissemus
1990 1648 2232 1711 invicem,

659 1756 971 1807 ascendimus
1002 1752 1052 1804 in
1093 1750 1258 1803 navim
1297 1766 1315 1801 .'
1348 1746 1427 1801 illi
1455 1761 1569 1799 vero
1610 1744 1868 1797 redierunt
1911 1742 1978 1794 ad
2005 1738 2230 1809 propria.

656 1848 707 1899 7.
743 1846 852 1899 Nos
880 1857 1049 1899 autem
1088 1842 1407 1914 navigatione
1438 1840 1639 1907 expleta
1668 1855 1697 1888 a
1726 1834 1859 1905 Tyro
1887 1834 2235 1886 descendimus

659 1938 1063 2002 Ptolemaidem;
1090 1946 1137 1990 et
1160 1934 1391 1991 salutatis
1417 1931 1681 2003 fratribus,
1710 1930 1985 1981 mansimus
2011 1926 2092 1978 die
2134 1940 2235 1978 uno

660 2030 797 2097 apud
819 2029 952 2082 illos.
987 2028 1041 2083 8.
1071 2025 1311 2099 Sequenti
1342 2039 1454 2077 vero
1481 2022 1563 2075 die
1585 2021 1797 2090 profecti
1825 2018 2047 2071 venimus
2071 2014 2237 2070 Causa-

660 2136 819 2186 ream,
864 2129 909 2172 et
938 2117 1151 2187 ingressi
1183 2118 1235 2169 in
1263 2115 1466 2167 domum
1507 2109 1739 2180 Philippi
1764 2109 2083 2177 evangelista:
2103 2148 2118 2173 ,
2152 2106 2236 2174 qui

660 2221 765 2263 erat
786 2227 915 2266 unus
942 2225 1002 2263 ea:
1029 2217 1237 2280 septem,
1256 2206 1534 2259 mansimus
1556 2206 1696 2271 apud
1716 2202 1879 2255 illum.
1913 2200 2234 2264 Caesaream,

666 2301 853 2369 inquit,
886 2299 1181 2361 venientes,
1214 2296 1350 2366 apud
1381 2294 1706 2363 Philippum,
1741 2290 1827 2361 qui
1859 2299 1976 2345 erat
1999 2304 2133 2344 unus
2173 2304 2238 2344 ex

659 2400 890 2459 septem,
915 2389 1228 2445 mansimus.
1254 2386 1305 2441 9.
1342 2384 1476 2439 Huic
1502 2394 1670 2437 autem
1696 2392 1835 2435 erant
1873 2390 2087 2451 quatuor
2116 2380 2240 2448 ﬁlice

662 2481 1043 2549 prophetantes.
1084 2478 1184 2534 Sed
1232 2492 1337 2531 non
1380 2475 1497 2530 ista:
1542 2473 1838 2543 praedicunt
1878 2472 2079 2536 Paulo,
2116 2470 2240 2523 licet

664 2573 1064 2642 prophetarent,
1096 2572 1191 2625 sed
1217 2570 1427 2639 Agabus
1458 2585 1471 2620 :
1502 2574 1558 2623 et
1584 2565 1851 2637 quomodo
1883 2563 2027 2619 audi.
2057 2562 2143 2618 10.
2174 2561 2238 2614 Et

662 2681 775 2715 cum
807 2678 1117 2717 maneremus
1142 2678 1231 2731 per
1264 2661 1370 2713 dies
1409 2660 1632 2727 aliquot,
1661 2657 1790 2711 venit
1820 2672 1849 2707 a
1886 2654 2071 2709 Judata
2114 2669 2237 2722 pro-

663 2760 811 2826 pheta
833 2799 847 2823 ,
892 2757 1093 2809 nomine
1141 2753 1339 2823 Agabus
1370 2768 1386 2805 :
1420 2752 1505 2805 11.
1537 2762 1583 2804 et
1615 2766 1726 2803 cum
1769 2751 1979 2802 venisset
2006 2748 2072 2798 ad
2117 2763 2237 2812 nos,

663 2852 773 2901 tulit
800 2864 979 2901 zonam
1002 2846 1188 2899 Pauli:
1207 2854 1252 2899 et
1272 2844 1491 2914 alligans
1509 2842 1602 2896 sibi
1626 2842 1777 2910 pedes
1794 2851 1840 2894 et
1857 2857 2051 2905 manus,
2078 2840 2203 2892 dixit
2223 2856 2241 2892 :

585 2973 605 2985 ς
666 2942 789 2995 lltec
817 2941 936 2994 dicit
967 2939 1185 3008 Spiritus
1209 2946 1411 2991 sanctus
1436 2952 1451 2989 :
1484 2934 1677 3001 Virum,
1700 2936 1841 3005 cujus
1862 2944 1935 2987 est
1957 2950 2086 2985 zona
2112 2933 2237 2999 haec,

669 3036 739 3084 sic
765 3030 1047 3101 alligabunt
1076 3030 1126 3083 in
1151 3026 1434 3082 Jerusalem
1461 3024 1653 3089 Judtei,
1686 3035 1732 3078 et
1762 3024 1959 3077 tradent
1979 3025 2029 3077 in
2062 3040 2240 3078 manus

661 3126 901 3190 gentium.
920 3121 1017 3188 Qui
1040 3119 1167 3173 olim
1189 3117 1380 3172 famem
1410 3116 1750 3187 praedixerat,
1767 3116 1853 3169 hic
1877 3117 1954 3169 ait
1980 3132 1994 3167 :
2036 3114 2237 3179 Virum,

665 3214 809 3281 cujus
851 3221 921 3265 est
966 3227 1095 3265 sana
1139 3209 1275 3275 hac,
1314 3210 1385 3263 sic
1427 3207 1725 3277 alligabunt.
1772 3206 1922 3275 Quod
1969 3209 2242 3278 propheta:

666 3302 959 3365 faciebant,
991 3301 1160 3356 oculis
1200 3300 1374 3355 futura
1405 3300 1766 3355 describentes
1795 3342 1808 3367 ,
1832 3315 1953 3355 cum
1983 3300 2050 3355 de
2076 3302 2243 3370 capti-

666 3395 824 3446 vitate
848 3393 1094 3447 dicebant
1121 3404 1176 3446 ut
1202 3390 1445 3446 Ezechiel
1475 3409 1487 3445 :
1520 3393 1619 3446 hoc
1640 3400 1694 3446 et
1720 3392 1819 3446 iste
1841 3391 1983 3447 fecit.
2014 3393 2075 3447 Et
2100 3391 2241 3461 quod

664 3501 823 3551 grave
853 3495 1004 3539 erat:
1036 3483 1101 3539 In
1135 3501 1314 3539 manus
1338 3485 1560 3556 gentium
1591 3486 1809 3537 tradent.
1845 3484 1929 3537 12.
1959 3484 2107 3551 Quod
2129 3502 2243 3537 cum

672 3579 1015 3639 audissemus,
1048 3576 1352 3647 rogabamus
1381 3590 1471 3628 nos
1498 3583 1545 3628 et
1573 3576 1657 3645 qui
1687 3574 1784 3627 loci
1814 3575 1951 3628 illius
1980 3584 2149 3637 erant,
2184 3592 2245 3628 ne

666 3669 950 3720 ascenderet
981 3667 1369 3737 Jerasolymam.
1407 3666 1468 3720 Et
1500 3667 1646 3719 multi
1680 3665 1919 3728 orabant,
1954 3681 2020 3721 ne
2047 3666 2238 3730 abiret,

668 3774 835 3826 neque
862 3759 937 3811 sic
964 3757 1182 3811 audivit.
1230 3758 1314 3812 15.
1349 3756 1630 3825 Respondit
1658 3773 1771 3811 vero
1797 3756 1995 3811 Paulus
2038 3775 2055 3811 :
2108 3758 2244 3824 Quid

673 3850 840 3917 facins
867 3848 1041 3912 [lentes
1070 3856 1115 3899 et
1154 3846 1423 3915 aﬂiigentes
1448 3863 1536 3899 cor
1565 3846 1769 3899 meum?
1810 3846 1919 3916 Ego
1961 3847 2092 3899 enim
2144 3864 2243 3899 non

667 3942 829 3991 solum
860 3938 1095 4007 alligari,
1148 3937 1235 3991 sed
1275 3938 1425 3990 etiam
1466 3941 1592 3992 mori
1623 3940 1673 3991 in
1701 3937 1987 3993 Jerusalem
2037 3951 2244 4009 paratus

665 4048 772 4082 sum
802 4046 893 4097 pro
922 4032 1122 4083 nomine
1148 4029 1357 4084 Domini
1384 4029 1529 4085 Jesu.
1564 4032 1651 4085 M.
1685 4030 1748 4083 Et
1790 4048 1904 4085 cum
1943 4032 1987 4085 ei
2032 4031 2244 4085 suadere

668 4138 767 4174 non
810 4137 1065 4189 possemus
1089 4162 1104 4185 ,
1148 4121 1424 4191 quievimus
1450 4122 1713 4177 dicentes:
1748 4120 1991 4178 Voluntas
2036 4121 2243 4176 Domini

664 4215 775 4280 fiat.

734 4306 788 4358 2.
836 4304 1032 4359 Vides?
1071 4306 1139 4362 Ut
1165 4322 1230 4360 ne
1253 4307 1474 4363 audiens
1492 4318 1642 4378 putes
1670 4325 1731 4364 ex
1765 4313 2085 4367 necessitate
2113 4312 2242 4367 illud

666 4411 806 4459 esse,
839 4396 1092 4464 Alligatus
1119 4397 1318 4466 Spiritu
1345 4400 1511 4464 vado,-
1542 4416 1679 4471 neye
1710 4402 1880 4471 ipsum
1914 4404 2241 4473 ignorantem

668 4485 916 4540 incidisse
945 4486 1165 4551 credas;
1200 4487 1317 4542 ideo
1346 4489 1459 4543 haec
1499 4491 1877 4559 prmdicuntur.
1914 4495 1983 4547 At
2029 4494 2099 4549 illi
2128 4498 2241 4565 qui-

664 4574 786 4629 dem
818 4575 1009 4630 ﬂebant
1039 4592 1051 4640 ;
1086 4575 1176 4629 hic
1207 4592 1331 4632 vero
1362 4578 1736 4634 consolabatur
1759 4581 1946 4637 dolens
1974 4585 2038 4638 de
2068 4586 2242 4655 lacry-

667 4668 766 4719 mis
804 4683 1012 4721 eorum.
1060 4666 1198 4732 Quid
1234 4669 1423 4738 facitis,
1458 4670 1649 4739 inquit,
1680 4672 1857 4739 ﬂentes
1888 4682 1930 4725 et
1975 4674 2244 4745 aﬂligentes

668 4776 752 4810 cor
782 4776 945 4813 uicum
975 4761 999 4813 ?
1024 4758 1166 4813 Nihil
1209 4760 1373 4815 Paulo
1398 4763 1661 4815 amantius
1694 4780 1707 4815 :
1739 4766 1859 4832 quia
1892 4762 2246 4835 lacrymantes

667 4852 879 4906 \idcbut
901 4895 914 4917 ,
945 4853 1191 4920 dolebat,
1223 4854 1309 4925 qui
1342 4856 1391 4909 in
1435 4856 1663 4925 propriis
1693 4858 2070 4913 tentationibus
2115 4858 2244 4912 nihil

670 4942 983 5011 patiebatur.
1007 4944 1087 4998 Me
1130 4946 1181 4999 in
1222 4946 1322 5001 hoc
1349 4946 1538 5001 heditis
1564 4988 1579 5013 ,
1610 4948 1812 5017 inquit:
1850 4949 2104 5018 numquid
2147 4964 2246 5019 ego

667 5031 872 5083 doleo?
902 5031 1049 5087 Tunc
1080 5034 1433 5102 quieverunt,
1464 5036 1674 5103 quando
1709 5038 1876 5091 dixit:
1916 5039 2051 5105 Quid
2080 5042 2246 5109 facitis

667 5122 936 5191 a/ﬂigentes
965 5140 1052 5175 car
1082 5126 1290 5178 meum?
1318 5126 1489 5197 Super
1520 5128 1666 5181 vobis
1698 5130 1879 5198 ploro,
1910 5132 2099 5200 inquit,
2136 5149 2239 5185 non

669 5228 827 5281 super
860 5215 1191 5282 passionibus
1239 5218 1371 5270 meis
1407 5236 1417 5269 :
1454 5234 1545 5286 pro
1578 5219 1681 5273 illis
1711 5222 1870 5273 etiam
1919 5221 2051 5274 mori
2099 5224 2240 5275 volo.

668 5308 772 5360 Sed
800 5322 955 5376 εαξη-λ
997 5309 1135 5363 dicta
1170 5320 1487 5379 repetamus.
1521 5312 1791 5381 Argentum
1833 5314 1907 5365 vel
1948 5330 2127 5366 aurum
2169 5316 2245 5367 vel

668 5410 848 5451 vestem
879 5402 1068 5455 nullius
1094 5403 1356 5471 concupiui
1382 5444 1397 5468 ,
1431 5404 1597 5471 inquit
1626 5420 1639 5457 :
1670 5419 1753 5457 vos
1792 5405 1963 5468 scitis,
1996 5405 2113 5473 quia
2153 5422 2243 5458 ne-

666 5490 978 5543 cessitatibus
1007 5499 1127 5545 mets
1153 5502 1200 5545 et
1226 5493 1308 5560 iis,
1341 5494 1426 5562 qui
1450 5510 1642 5545 mecum
1668 5503 1803 5558 sunt,
1837 5496 2244 5549 ministraverunt

672 5595 849 5632 manus
872 5580 997 5635 ista.
1028 5582 1140 5635 Non
1172 5599 1297 5652 ergo
1317 5582 1556 5637 Corinthi
1587 5594 1787 5638 tantum
1830 5585 1927 5640 hoc
1956 5586 2194 5641 fecerunt
2224 5628 2239 5651 ,

667 5671 753 5739 qui
786 5675 1198 5741 corrumpebant
1225 5674 1531 5743 discipulos,
1554 5675 1645 5731 sed
1677 5679 1832 5731 etiam
1858 5677 1907 5731 in
1940 5679 2085 5732 Asia.
2109 5678 2245 5732 Nus-

667 5778 823 5831 quam
872 5766 970 5820 hoc
1020 5766 1262 5835 Ephesiis
1310 5769 1647 5839 improperat.
1695 5770 1915 5837 Quare?
1958 5771 2093 5840 Quia
2137 5787 2241 5826 non

1285 363 1342 418 S.
1382 357 1659 417 JOANNIS
1692 308 2171 413 CHRYSOSTOMI
2210 348 2527 405 ARCIIIEP.
2572 343 3106 401 CUNS'I'ANTINOP.

3819 342 3925 396 316

2339 460 2521 513 incidit
2554 458 2605 511 in
2644 456 3039 512 necessitatem.
3080 453 3183 509 Sed
3213 462 3266 508 et
3289 452 3577 507 Corinthiis
3604 453 3768 508 dicit:
3798 452 3926 507 Non

2333 551 2550 620 infracta
2578 556 2650 602 est
2675 547 2911 618 gloriatio
2940 560 3048 599 mea
3075 547 3126 598 in
3149 544 3435 614 regionibus
3466 543 3674 596 Achaia:
3696 545 3771 611 (2.
3799 546 3926 598 Cor.

2338 643 2422 695 11.
2456 641 2521 693 10
2545 637 2584 710 ).
2617 637 2724 693 Nec
2749 636 3037 701 dixit,Non
3067 635 3291 690 dedistis
3315 634 3474 699 mihi;
3506 634 3619 693 sed.
3645 636 3932 705 Argentum

2334 734 2410 786 vel
2434 748 2615 785 aurum
2644 730 2721 784 vel
2760 738 2942 783 vestem
2982 744 3083 781 non
3127 727 3427 795 concupiui;
3471 741 3537 780 ne
3567 724 3846 778 videretur
3878 727 3930 779 id

2334 838 2453 878 esse
2482 838 2567 888 eo,
2592 821 2735 890 quod
2766 822 2840 874 illi
2871 835 2975 873 non
3000 819 3298 873 dedissent.
3323 818 3505 887 Neque
3532 816 3685 879 dixit,
3717 815 3933 869 Nullius

2335 914 2611 983 concupiti
2642 912 2982 975 necessaria;
3015 918 3073 963 ut
3100 926 3166 964 ne
3196 909 3469 963 videretur
3500 908 3767 962 accusatio
3802 907 3930 959 illo-

2336 1021 2452 1059 rum
2475 1020 2593 1059 esse
2616 1022 2631 1062 ;
2663 1002 2757 1058 sed
2787 1002 2914 1057 illud
2941 1000 3265 1065 subindicat,
3298 1016 3357 1054 se
3377 1001 3497 1069 jure
3520 1016 3624 1056 non
3647 999 3932 1068 accepisse

2336 1096 2424 1165 qui
2461 1105 2513 1149 et
2543 1095 2676 1148 alios
2706 1094 2953 1146 nutriret.
2985 1090 3119 1145 Vide
3147 1106 3305 1160 quam
3345 1091 3584 1145 studiose
3611 1099 3937 1159 aperaretur

2336 1199 2492 1243 nocte
2518 1196 2571 1241 et
2600 1186 2687 1240 die
2713 1186 3025 1256 colloquens
3050 1199 3171 1237 cum
3218 1183 3469 1252 lacrymis
3501 1224 3515 1247 ,
3548 1184 3788 1253 singulos
3832 1184 3933 1235 ad-

2339 1295 2579 1334 monens.
2604 1279 2787 1332 Omnia
2810 1278 3004 1332 ostendi
3027 1278 3182 1342 vobis,
3208 1276 3401 1344 inquit,
3432 1276 3670 1343 quoniam
3690 1277 3763 1328 sic
3788 1276 3936 1329 labo-

2337 1384 2505 1427 rantes
2533 1382 2728 1441 oportet
2766 1371 3024 1437 suscipere
3066 1370 3316 1437 in/irmos.
3363 1369 3473 1421 Hoc
3500 1382 3621 1421 cum
3652 1368 3882 1422 dixisset
3918 1409 3935 1433 ,

2339 1466 2528 1520 iterum
2559 1466 2801 1517 timorem
2828 1461 3065 1515 incussit.
3093 1459 3205 1515 Hoc
3223 1469 3400 1513 autem
3427 1458 3622 1513 indicat
3644 1478 3659 1512 -.
3683 1457 3800 1513 Non
3832 1474 3936 1527 pa—

2340 1559 2489 1612 testis
2507 1557 2572 1610 ad
2595 1556 2947 1626 ignorantiam
2976 1552 3266 1621 confugere
3295 1569 3307 1603 :
3336 1552 3587 1621 Operibus
3614 1550 3830 1605 ostendi
3856 1551 3936 1604 sic

2342 1662 2589 1720 oportere
2607 1649 2867 1702 laborare.
2890 1648 2997 1701 Nec
3016 1646 3153 1699 dixit
3170 1645 3366 1699 malum
3378 1636 3498 1697 esse
3514 1644 3791 1713 accipere;
3811 1644 3937 1706 sed,

2342 1742 2531 1796 melius
2562 1756 2681 1795 esse
2712 1757 2818 1793 non
2851 1740 3115 1807 accipere.
3147 1736 3399 1790 Memores
3430 1752 3553 1799 esse,
3591 1736 3786 1805 inquit,
3820 1753 3939 1789 ser—

2342 1834 2501 1887 monis
2522 1831 2729 1886 Domini
2751 1874 2764 1896 ,
2792 1847 2938 1899 quem
2962 1830 3089 1883 dixit
3112 1845 3131 1882 :
3164 1828 3365 1882 Beatius
3393 1837 3462 1881 est
3488 1828 3631 1893 dare,
3663 1845 3819 1897 quam
3846 1845 3940 1881 ac-

2340 1925 2521 1994 cipere.
2557 1924 2621 1978 Et
2656 1922 2869 1977 ubinam
2897 1920 3072 1976 dixit?
3102 1920 3261 1975 Forte
3297 1920 3423 1974 illud
3453 1921 3567 1974 sine
3597 1921 3802 1990 scripto
3827 1931 3943 1975 tra-

2340 2017 2590 2071 diderunt
2634 2014 2903 2087 apostoli;
2938 2014 3018 2067 vel
3063 2028 3127 2067 ex
3157 2012 3276 2067 aliis
3302 2013 3422 2081 quis
3448 2013 3703 2083 colligere
3740 2015 3937 2083 possit.

2343 2109 2551 2164 Etenim
2582 2107 2813 2163 ostendit
2871 2106 3116 2161 liduciam
3151 2106 3201 2159 in
3248 2105 3500 2175 periculis
3525 2145 3540 2171 ,
3584 2108 3945 2160 commisera-

2344 2203 2540 2257 tionetn
2568 2217 2693 2271 erga
2725 2200 2987 2264 subditos,
3018 2198 3315 2253 doctrinam
3341 2212 3465 2253 cum
3489 2197 3740 2268 loquendi
3774 2194 3945 2253 liber-

2345 2302 2472 2356 tate,
2509 2292 2885 2357 humilitatem,
2918 2300 3283 2360 paupertatem
3314 2306 3326 2341 :
3360 2288 3461 2343 hoc
3490 2298 3666 2343 autem
3693 2298 3779 2343 est
3809 2304 3949 2357 pan-

2344 2396 2548 2455 pertate
2585 2387 2776 2454 majus.
2810 2384 2938 2439 Nam
2968 2385 3008 2436 si
3041 2383 3149 2437 illic
3180 2382 3285 2448 ait,
3328 2380 3498 2435 Vende
3536 2398 3649 2451 qua:
3675 2382 3855 2445 habes,
3901 2382 3949 2433 si

2342 2479 2413 2531 vis
2454 2483 2702 2549 perfectus
2750 2494 2855 2532 esse
2895 2476 3107 2547 (Matth.
3150 2475 3235 2529 19.
3264 2474 3359 2543 21)
3398 2490 3410 2527 :
3453 2490 3574 2529 cum
3621 2490 3727 2527 non
3777 2473 3949 2527 modo

2345 2570 2475 2623 nihil
2518 2570 2764 2637 accipiat,
2794 2567 2886 2623 sed
2923 2567 3083 2621 etiam
3114 2566 3247 2619 alios
3279 2565 3517 2631 nutriat,
3548 2564 3672 2634 quid
3702 2564 3827 2617 huic
3864 2566 3945 2618 rci

2344 2660 2767 2715 conferendum?
2788 2659 2999 2713 Primus
3019 2658 3214 2727 gradus
3236 2658 3395 2726 igitur
3416 2665 3518 2719 est,
3543 2671 3634 2709 sua
3663 2656 3909 2724 abjiccre
3931 2674 3946 2718 ;

2344 2752 2609 2807 secundus
2632 2794 2645 2816 ,
2674 2750 2777 2806 sibi
2802 2748 3050 2805 sufﬁcere
3076 2768 3090 2814 ;
3121 2750 3329 2813 tertius,
3350 2749 3468 2801 aliis
3494 2763 3704 2817 quoque
3729 2765 3744 2811 ;
3774 2764 3950 2817 quar-

2346 2856 2449 2909 tus,
2485 2846 2861 2914 prmdicantem
2894 2854 2946 2897 et
2979 2852 3295 2913 potestatem
3318 2842 3615 2911 accipiendi
3648 2842 3946 2898 habentem

2346 2939 2475 2991 nihil
2506 2938 2769 3006 accipere.
2808 2936 2989 3005 Itaque
3044 2935 3107 2989 iis
3134 2976 3147 2999 ,
3193 2936 3281 3004 qui
3327 2935 3456 2988 nihil
3499 2934 3797 3000 haberent,
3856 2937 3950 2992 hic

2346 3031 2513 3084 multo
2544 3030 2733 3083 melior
2760 3038 2894 3084 erat.
2933 3030 3010 3082 Ac
3040 3036 3186 3082 recte
3212 3027 3386 3093 dixit,
3423 3026 3512 3082 Sic
3548 3037 3743 3097 Oportet
3776 3032 3923 3082 susci

2347 3138 2462 3191 pere
2499 3122 2752 3190 inﬁrmos.
2806 3122 2917 3176 Hoc
2958 3122 3101 3175 enim
3150 3128 3233 3175 est
3281 3120 3763 3175 commiserationis
3812 3136 3948 3192 erga

2348 3214 2608 3279 infirmos,
2638 3231 2705 3270 ex
2737 3216 2966 3284 propriis
2994 3215 3121 3269 dare
3147 3214 3452 3279 laboribus;
3483 3229 3547 3269 ex
3575 3214 3764 3268 alienis
3787 3231 3947 3278 vero.

2347 3320 2453 3361 non
2487 3306 2647 3360 modo
2688 3321 2792 3359 non
2836 3304 3031 3360 bonum
3057 3347 3071 3371 ,
3106 3304 3199 3359 sed
3247 3304 3407 3359 etiam
3454 3304 3840 3376 periculosum.
3878 3306 3952 3359 Et

2347 3396 2726 3466 procumbentes
2762 3413 2917 3465 super
2963 3397 3148 3449 collum
3189 3396 3319 3466 ejus,
3362 3396 3549 3465 inquit,
3582 3396 3791 3465 ﬂebant.
3830 3397 3951 3453 Hoc

2350 3488 2560 3542 illorum
2592 3503 2715 3557 erga
2749 3487 2923 3556 ipsum
2955 3486 3201 3541 affectum
3236 3485 3573 3541 ostendebat.
3604 3486 3950 3541 Procumbe-

2350 3582 2474 3634 haut
2496 3589 2671 3635 autem
2702 3580 2752 3633 in
2771 3579 2990 3645 collum,
3018 3587 3197 3646 utpote
3223 3577 3312 3646 qui
3337 3587 3634 3645 postremos
3656 3578 3953 3645 amplexus

2348 3669 2537 3725 darent
2560 3709 2573 3731 ,
2604 3680 2655 3723 et
2696 3670 2915 3723 multam
2948 3684 3012 3721 ex
3054 3668 3314 3721 concione
3338 3666 3682 3722 dilectionem
3730 3667 3957 3722 hausis-

2349 3770 2465 3815 sent
2483 3760 2858 3815 etamicitiam.
2890 3759 3020 3812 Nam
3048 3760 3093 3812 si
3117 3773 3235 3821 nos,
3261 3773 3382 3812 cum
3410 3759 3568 3829 vulgo
3588 3758 3953 3827 discedimus,

2350 3854 2767 3922 ingemiscimus,
2797 3851 2896 3905 etsi
2924 3854 3158 3904 sciamus
3202 3865 3300 3904 nos
3332 3851 3523 3905 iterum
3551 3860 3950 3915 conventuros,

2349 3944 2616 4013 quomodo
2648 3944 2717 3999 illi
2756 3959 2858 3998 non
2904 3942 3022 3997 sine
3050 3942 3250 3997 doloris
3276 3943 3465 3998 affectu
3506 3958 3536 3997 a
3569 3942 3735 3998 Paulo
3771 3947 3956 4000 avulsi

2353 4038 2590 4091 fuissent.
2620 4037 2729 4105 Ego
2753 4035 2970 4090 Paulum
3002 4049 3213 4104 quoque
3246 4034 3457 4090 ﬂevisse
3486 4045 3631 4104 puto.
3662 4036 3955 4105 Abstracti,

2353 4132 2537 4199 inquit.
2572 4130 2892 4185 Violentiam
2924 4139 3207 4193 monstrat,
3242 4145 3362 4185 cum
3400 4130 3567 4193 dicit,
3600 4130 3864 4186 Abstracti
3890 4136 3958 4189 ab

2349 4218 2438 4268 eis.
2478 4215 2542 4269 Et
2568 4215 2759 4269 merito
2788 4230 2802 4277 ;
2834 4215 2884 4267 in
2932 4215 3108 4267 navim
3141 4214 3282 4267 enim
3313 4214 3388 4268 illi
3416 4214 3785 4269 conscendere
3838 4234 3955 4272 non

2350 4315 2613 4375 poterant.
2643 4304 2779 4373 Quid
2806 4314 2907 4371 est,
2944 4304 3098 4358 Recto
3125 4320 3274 4357 cursu
3304 4306 3526 4360 venimus
3555 4306 3606 4358 in
3632 4304 3796 4359 Coum
3827 4309 3854 4360 ?
3878 4313 3957 4365 Ac

2348 4401 2393 4454 si
2420 4399 2638 4462 diceret,
2663 4399 2775 4451 Non
2798 4398 3160 4461 circuivimns,
3183 4412 3354 4465 neque
3382 4398 3499 4452 aliis
3530 4398 3579 4451 in
3603 4398 3739 4452 locis
3763 4416 3957 4455 moras

2352 4494 2627 4548 traximus.
2660 4491 2902 4560 Sequenti
2930 4506 3044 4544 vero
3079 4492 3159 4543 die
3186 4490 3445 4546 Rhodum.

2428 4584 2895 4655 Peregrinationum
2946 4583 3096 4636 Pauli
3136 4584 3382 4637 recensio.
3409 4614 3476 4623 ——
3504 4582 3637 4639 Vide
3682 4583 3959 4641 leSIinun-

2353 4686 2477 4727 tem.
2524 4674 2589 4727 Et
2634 4677 2830 4727 inventa
2871 4675 2985 4726 navi
3014 4674 3292 4742 trajiciente
3336 4674 3388 4726 in
3441 4672 3734 4728 Phwnicen.
3784 4677 3959 4733 Forte

2353 4770 2501 4821 navis
2531 4767 2635 4821 illic
2664 4779 2786 4821 tunc
2817 4777 2930 4821 erat
2959 4807 2974 4831 ,
3008 4774 3061 4820 et
3090 4767 3140 4819 in
3169 4780 3289 4819 eam
3330 4766 3765 4821 conscenderunt
3793 4810 3809 4832 ,
3844 4787 3958 4824 non

2354 4863 2564 4915 inventa
2595 4860 2716 4923 alia,
2746 4875 2863 4928 qua:
2891 4860 2993 4912 iret
3012 4858 3336 4913 Cmsaream.
3372 4858 3470 4913 Ubi
3496 4868 3664 4912 autem
3693 4867 3956 4931 apparuit

2354 4952 2551 5021 Cyprus
2572 4992 2586 5015 ,
2634 4952 2807 5003 relicta
2833 4950 2927 5002 illa
2952 4949 3017 5001 ad
3042 4950 3325 5002 sinistram.
3357 4949 3465 5004 Hoc
3502 4967 3606 5004 non
3633 4952 3749 5005 sine
3781 4968 3958 5009 causa

2352 5044 2547 5096 dictum
2575 5053 2675 5108 est,
2710 5042 2802 5097 sed
2835 5052 2888 5095 ut
2912 5042 3239 5105 ostenderet,
3266 5058 3331 5096 ne
3362 5058 3523 5113 prope
3549 5045 3769 5113 quidem
3803 5048 3958 5102 illaut

2353 5136 2605 5189 accedere
2628 5136 2859 5187 voluisse
2879 5175 2893 5198 ,
2927 5148 3046 5186 cmn
3080 5143 3223 5188 recto
3248 5148 3404 5187 cursu
3434 5135 3483 5187 in
3515 5134 3724 5205 Syriam
3758 5152 3964 5209 perge.

2355 5235 2471 5277 rent
2502 5243 2513 5277 :
2549 5226 2616 5278 ita
2646 5239 2838 5292 nempe
2874 5223 3177 5277 festinabat.
3210 5224 3413 5278 Deinde
3453 5223 3692 5278 Venimus
3723 5225 3961 5297 Tyrum,

2356 5315 2545 5385 inquit;
2574 5318 2881 5384 inventisque
2906 5316 3187 5385 discipulis,
3221 5318 3498 5369 mansimus
3520 5332 3633 5369 cum
3659 5317 3791 5371 illis.
3819 5320 3961 5375 Cum

2354 5418 2530 5461 essent
2580 5424 2741 5476 prepe
2786 5407 3169 5477 Jerosolymam
3198 5450 3212 5475 ,
3259 5424 3365 5462 non
3402 5411 3511 5476 jam
3545 5422 3772 5464 currunt
3801 5454 3817 5475 ,
3862 5414 3962 5467 sed

2354 5500 2511 5552 etiam
2545 5509 2761 5552 .nanent
2791 5498 2929 5568 apud
2970 5501 3159 5553 fratres
3189 5510 3398 5569 septem
3428 5498 3637 5554 diebus.
3673 5500 3819 5558 Vide
3844 5504 3961 5572 jam

2354 5589 2467 5643 dies
2508 5598 2805 5643 enumerat.
2856 5589 2983 5643 Post
3028 5593 3228 5661 Azyma
3280 5591 3332 5644 in
3373 5590 3635 5646 Troadem
3677 5607 3963 5650 venerunt

2355 5681 2542 5736 diebus
2584 5684 2819 5752 quinque
2850 5698 2864 5747 ;
2895 5682 3089 5736 deinde
3134 5684 3203 5737 ibi
3242 5682 3358 5738 dies
3401 5694 3650 5753 septem;
3711 5698 3963 5757 suntque

2358 5770 2469 5827 dies
2502 5772 2785 5828 duodecim
2820 5790 2830 5825 :
2866 5771 3055 5829 deinde
3084 5772 3137 5829 in
3164 5774 3380 5841 Assum,
3407 5773 3715 5846 Mitylenen,
3753 5790 3959 5835 contra
