4120 6334
243 404 342 463 315

244 537 392 588 τινες
421 520 501 586 τῷ
534 523 753 590 Παύλῳ
776 522 991 591 ἔλεγον
1018 521 1115 575 διὰ
1141 521 1246 574 τοῦ
1279 521 1625 589 Πνεύματος
1663 518 1743 587 μὴ
1777 518 1921 571 ἀνα-

245 608 470 663 σαίνειν
489 609 679 664 αὑτὸν
723 613 812 677 εἰς
851 610 1269 679 Ἰερουσαλήμ.
1307 610 1472 680 Ὅρα,
1512 605 1919 679 προφητεύουσι

244 699 484 751 κάκεῖνοι
535 697 634 763 τὰς
701 697 927 766 θλίψεις.
993 700 1370 767 Οἰκονομεῖται
1421 697 1513 749 καὶ
1564 697 1629 748 δι’
1689 694 1915 748 ἐκείνων

244 784 517 856 λεχθῆναι,
555 787 640 839 ἴνα
688 787 761 856 μή
795 803 878 849 τις
926 786 1125 857 νομίσῃ
1171 785 1359 849 ἁπλῶς
1401 784 1572 838 ταῦτα
1613 783 1792 852 λέγειν
1824 782 1917 834 τὸν

246 872 454 928 Παῦλον
476 875 569 929 καὶ
626 874 953 944 κομπάζειν,
1000 874 1170 927 Πάλιν
1222 874 1279 927 δὲ
1329 876 1447 927 ἐκεῖ
1491 870 1918 942 προσευχόμενοι

243 960 549 1014 διαλύονται
587 962 692 1014 ἀπ’
720 961 989 1031 ἀλλήλων.
1009 963 1165 1019 ,Ὅτε
1196 961 1265 1014 δέ
1293 961 1528 1031 ἐγένετο
1570 957 1730 1028 ἡμᾶς
1748 956 1921 1027 ἐξαρ-

244 1048 405 1102 τίσαι
427 1050 532 1114 τὰς
556 1048 779 1117 ἡμέρας
796 1091 809 1113 ,
842 1050 1197 1115 ἐξελθόντες
1226 1049 1631 1117 ἐπορευόμεθα
1659 1057 1918 1116 προπεμο

244 1136 481 1188 πόντων
508 1135 667 1205 ἡμᾶς
692 1138 936 1191 πάντων
970 1137 1092 1191 σὺν
1130 1136 1370 1206 γυναιξὶ
1404 1136 1502 1189 καὶ
1533 1134 1773 1199 τέκνοις
1810 1134 1921 1199 ἕως

243 1222 357 1287 ἔξω
386 1221 499 1291 τῆς
553 1226 804 1291 πόλεως,
860 1225 960 1278 καί
1017 1224 1224 1291 θέντες
1264 1223 1336 1277 τὰ
1391 1224 1616 1292 γόνατα
1665 1221 1765 1275 ἐπὶ
1812 1220 1921 1273 τὸν

243 1311 545 1378 αἰγιαλὸν,
577 1311 1069 1381 προσηυξάμεθα.
1114 1313 1225 1365 Καὶ
1278 1308 1703 1378 ἀσπασάμενοι
1736 1306 1921 1372 ἀλλή-

242 1402 413 1463 λους,
450 1399 741 1467 ἐνέϐημεν
768 1402 854 1465 εἰς
875 1399 941 1453 τὸ
982 1399 1200 1453 πλοῖον
1222 1417 1238 1433 ο
1262 1399 1485 1453 ἐκεῖνοι
1521 1397 1589 1450 δὲ
1624 1396 1917 1463 ὑπέστρε-

240 1488 366 1559 ψαν
394 1488 485 1552 εἰς
522 1488 591 1541 τὰ
620 1486 759 1543 ιδια.
795 1487 997 1557 Ἡμεῖς
1032 1488 1099 1541 δὲ
1146 1488 1255 1541 τὸν
1290 1486 1491 1541 πλοῦν
1518 1485 1920 1549 διανύσαντες

240 1572 355 1626 ἀπὸ
423 1576 629 1643 Τύρου,
685 1576 1153 1645 κατηντήσαμεν
1200 1577 1287 1642 εἰς
1334 1573 1710 1644 Πτολεμαΐδα
1754 1589 1767 1601 ·
1819 1570 1919 1625 καὶ

239 1661 661 1730 ἀσπασάμενοι
721 1664 864 1730 τοὺς
925 1664 1231 1733 ἀδελφοὺς
1256 1706 1271 1729 ,
1323 1663 1645 1733 ἐμείναμεν
1688 1659 1921 1729 ἡμέραν

235 1750 383 1817 μίαν
435 1754 583 1819 παρ’
646 1752 872 1818 αὐτοῖς.
944 1751 1022 1822 Τῇ
1070 1751 1137 1805 δὲ
1188 1753 1479 1820 ἐπαύριον
1534 1750 1915 1816 ἐξελθόντες,

242 1837 509 1907 ἤλθομεν
552 1842 640 1905 εἰς
677 1839 1044 1908 Καισάρειαν
1068 1856 1084 1869 ·
1112 1840 1213 1893 καί
1262 1841 1647 1905 εἰσελθόντες
1700 1841 1788 1905 εἰς
1816 1837 1922 1892 τὸν

239 1925 409 1982 οἷκον
456 1931 758 1984 φιλίππου
813 1930 918 1984 τοῦ
973 1929 1407 2000 εὐαγγελιστοῦ
1464 1929 1639 1995 ὄντος
1683 1929 1752 1982 ἐκ
1804 1927 1922 1981 τῶν

238 2015 407 2077 ἑπτὰ,
443 2016 763 2087 ἐμείναμεν
796 2020 945 2087 παρ’
970 2018 1153 2082 αύτῷ.
1199 2019 1295 2080 Εἰς
1332 2017 1692 2087 Καισάρειαν,
1726 2018 1917 2087 φησὶν,

237 2102 507 2168 ἐλθόντες,
536 2106 684 2176 παρά
718 2106 975 2176 Φιλίππῳ
1026 2106 1104 2176 τῷ
1146 2108 1209 2159 ἐκ
1255 2106 1361 2159 τῶν
1402 2106 1543 2158 ἐπτά
1594 2105 1911 2175 ἐμείναμεν.

243 2194 439 2258 Τούτῳ
462 2192 531 2245 δὲ
556 2189 719 2262 ἦσαν
740 2195 1062 2263 θυγατέρες
1084 2196 1380 2264 τέσσαρες
1407 2194 1916 2264 προφητεύουσαι.
1940 2178 1958 2190 ⁸

249 2279 387 2332 Ἀλλ’
419 2280 518 2351 οὐχ
545 2274 704 2333 αὗται
736 2281 1064 2352 προλέγουσι
1116 2283 1193 2353 τῷ
1238 2282 1457 2353 Παύλῳ,
1494 2282 1670 2335 καίτοι
1706 2298 1918 2351 προφη-

233 2365 512 2430 τεύουσαι,
540 2366 667 2419 ἀλλ’
695 2367 935 2435 Ἄγαϐος
979 2385 992 2398 ’
1033 2370 1127 2423 καὶ
1157 2370 1324 2434 ὅπως,
1357 2368 1546 2422 ἄκουε.
1586 2368 1923 2436 Ἐπιμενόν-

234 2465 351 2502 των
376 2448 447 2501 δὲ
470 2448 641 2518 ἡμῶν
668 2449 892 2518 ἡμέρας
934 2452 1187 2517 πλείους
1205 2494 1218 2518 ,
1262 2447 1454 2522 ἦλθεν
1482 2451 1600 2505 ἀπὸ
1628 2448 1737 2517 τῆς
1776 2450 1923 2505 Ἰου-

230 2531 410 2600 δαίας
450 2531 773 2603 προφήτης
803 2536 1050 2604 ὀνόματι
1091 2537 1342 2605 Ἄγαϐος
1377 2551 1390 2566 '
1421 2535 1518 2588 καὶ
1551 2532 1745 2588 ἐλθὼν
1772 2533 1924 2603 πρὸς

232 2624 413 2693 ἡμᾶς,
441 2626 539 2679 καὶ
568 2624 717 2694 ἄρας
754 2624 872 2693 τὴν
922 2624 1113 2693 ζώνην
1167 2625 1272 2679 τοῦ
1309 2624 1554 2679 Παύλου
1577 2665 1592 2689 ,
1625 2621 1823 2690 δήσας
1861 2639 1924 2678 τε

228 2712 421 2765 αὑτοῦ
488 2711 691 2781 χεῖρας
748 2711 847 2766 καὶ
917 2714 1130 2780 πόδας,
1187 2709 1320 2767 εἷπε
1375 2729 1387 2742 ·
1458 2711 1603 2766 Τάδε
1649 2710 1813 2782 λέγει
1857 2710 1919 2765 τὸ

232 2799 479 2868 Πνεῦμα
534 2800 600 2853 τὸ
646 2799 818 2867 ἄτιον
849 2817 863 2831 ·
903 2801 1014 2855 Τὸν
1071 2800 1281 2870 ἄνδρα,
1335 2797 1407 2857 οὗ
1462 2803 1639 2855 ἐστιν
1689 2801 1727 2869 ἡ
1773 2798 1922 2868 ζώνη

229 2886 408 2953 αὕτη,
461 2888 612 2941 οὔτω
659 2887 965 2954 δήσουσιν
1013 2890 1101 2955 εις
1159 2889 1563 2958 Ἰερουσαλὴμ
1630 2886 1922 2951 Ἰουδαῖοι,

230 2974 335 3029 καὶ
375 2974 848 3043 παραδώσουσιν
894 2978 982 3043 εἰς
1034 2977 1237 3046 χεῖρας
1268 2978 1478 3033 ἐθνῶν.
1533 2978 1592 3031 '0
1632 2978 1804 3031 πάλαι
1832 2977 1925 3030 τὸν

228 3061 390 3133 λιμὸν
429 3064 692 3133 μηνύσας,
724 3060 899 3129 οὗτος,
939 3068 1050 3119 Τόν
1088 3064 1300 3135 ἄνδρα,
1359 3067 1515 3136 φησὶ,
1558 3066 1796 3131 τοῦτον,
1850 3060 1924 3121 οὗ

225 3151 407 3205 ἐστιν
433 3153 469 3220 ὴ
494 3150 642 3219 ζώνη
675 3153 849 3221 αὕτη,
886 3154 1039 3207 οὔτω
1065 3154 1389 3221 δήσουσιν.
1423 3156 1602 3226 Ὅπερ
1635 3156 1683 3209 οἱ
1721 3154 1924 3225 προφῆ-

227 3259 321 3295 ται
356 3242 595 3303 ἐποίουν,
626 3242 748 3313 ὄψει
772 3244 839 3297 τὰ
865 3244 1134 3313 γενόμενα
1167 3245 1602 3315 ὑπογράφοντες,
1636 3245 1765 3298 ὅταν
1796 3244 1924 3314 περὶ

226 3329 616 3401 αἰχμαλωσίας
667 3332 873 3399 ἔλεγον,
933 3332 1007 3395 ὼς
1059 3335 1085 3384 ό
1119 3332 1399 3403 Ἰεζεκιὴλ,
1461 3332 1737 3385 τοῦτοκαὶ
1771 3327 1926 3398 οὗτος

228 3422 484 3489 ἐποίησε.
519 3421 627 3474 Καὶ
652 3420 713 3472 τὸ
770 3420 833 3491 δὴ
890 3419 1151 3489 χαλεπὸν,
1205 3421 1289 3472 ὅτι
1338 3423 1445 3484 Εἰς
1495 3420 1699 3490 χεῖρας
1733 3419 1927 3475 ἐθνῶν

228 3508 731 3575 παραδώσουσιν.
787 3507 885 3574 Ὠς
931 3506 999 3560 δὲ
1038 3508 1391 3576 ἠκούσαμεν
1424 3507 1631 3571 ταῦτα,
1668 3521 1925 3576 παρεκα-

224 3596 463 3664 λοῦμεν
488 3594 659 3664 ἡμεῖς
692 3612 756 3648 τε
787 3596 883 3648 καὶ
926 3597 983 3648 οἱ
1005 3596 1291 3657 ἐντόπιοι,
1315 3596 1421 3649 τοῦ
1450 3597 1537 3665 μὴ
1573 3597 1926 3651 ἀναϐαίνειν

224 3685 423 3738 αὐτὸν
454 3686 542 3749 εἰς
583 3684 1006 3753 Ἰερουσαλήμ.
1057 3685 1165 3737 Καὶ
1218 3685 1407 3738 πολλοί
1455 3685 1806 3756 παρεκάλουν
1849 3687 1925 3757 μὴ

228 3771 517 3835 ἀπελθεῖν,
554 3773 646 3825 καὶ
687 3771 810 3825 οὐδὲ
850 3772 1027 3833 οὕτως
1065 3774 1400 3842 ὑπήκουσεν.
1451 3773 1773 3841 Ἀπεκρίθη
1801 3773 1869 3826 δὲ
1895 3778 1926 3828 d

227 3860 479 3924 Παῦλος
509 3876 522 3890 ι
567 3859 633 3913 Τί
661 3860 885 3915 ποιεῖτε
922 3863 1241 3926 κλαίοντες
1288 3861 1385 3914 καί
1434 3863 1927 3930 συνθρύπτοντές

228 3946 391 4018 [339]
416 3966 536 4014 μου
561 3948 675 4015 τὴν
707 3950 960 4016 καρδίαν
972 3965 991 4010 ;
1023 3949 1172 4018 Ἐγὼ
1196 3949 1307 4017 ⁴γὰρ
1339 3951 1410 4003 ού
1436 3951 1630 4018 μόνον
1659 3948 1923 4018 δεθῆναι,

226 4034 397 4089 ἀλλὰ
416 4034 514 4087 καὶ
532 4036 952 4102 ἀποθανεῖνείς
968 4036 1363 4106 Ἰερουσαλὴμ
1380 4037 1624 4105 ἐτοιμως
1643 4037 1761 4106 ἕχω
1776 4038 1929 4106 ὑπὲρ

227 4124 342 4179 τοῦ
383 4125 680 4194 ὀνόματος
729 4126 837 4180 τοῦ
878 4128 1102 4195 Κυρίου
1144 4128 1370 4195 Ἰησοῦ.
1422 4126 1521 4197 Μὴ
1567 4129 1925 4199 πειθομένου

228 4214 308 4268 δέ
338 4215 553 4281 αὑτοῦ,
614 4215 1021 4289 ἡσυχάσαμεν
1057 4218 1332 4284 εἰπόντες
1367 4233 1380 4246 ’
1429 4218 1497 4271 Τὸ
1540 4216 1773 4288 θέλημα
1817 4219 1927 4274 τοῦ

227 4305 460 4372 Κυρίου
502 4303 788 4374 γενέσθω.

308 4391 376 4460 β’.
422 4393 620 4463 Ὀρᾷς;
664 4394 751 4447 ἵνα
773 4394 845 4465 μὴ
867 4393 1104 4457 ἀκούσας
1122 4394 1349 4466 νομίσῃς
1385 4396 1634 4467 ἀνάγκης
1663 4392 1803 4451 εἶναι
1845 4398 1924 4465 τὺ,

226 4481 563 4550 Δεδεμένος
596 4481 676 4546 τῷ
710 4484 1006 4553 Πνεύματι
1062 4486 1385 4554 πορεύομαι
1405 4526 1419 4547 ,
1460 4486 1595 4556 μηδὲ
1628 4486 1928 4556 ἀγνοοῦντα

226 4567 398 4620 αὐτὸν
426 4569 716 4637 ἐμπεσεῖν,
744 4568 832 4622 διὰ
881 4568 1041 4622 τοῦτο
1080 4569 1252 4624 ταῦτα
1298 4571 1645 4641 προλέγεται.
1700 4572 1855 4625 Ἀλλ’
1879 4577 1929 4628 οἱ

229 4656 338 4727 μὲν
366 4656 606 4719 ἔκλαιον,
638 4656 800 4721 αὐτὸς
820 4655 875 4710 δὲ
902 4658 1227 4728 παρεκάλει,
1248 4658 1433 4726 ἀλγῶν
1456 4661 1546 4713 ἐπὶ
1566 4662 1678 4724 τοῖς
1696 4660 1927 4733 δάκρυσι

225 4747 347 4808 τοῖς
387 4743 635 4797 ἐκείνων.
693 4745 754 4798 Τί
802 4744 1023 4800 ποιεῖτε
1065 4745 1195 4817 γὰρ,
1239 4748 1404 4816 φησὶ,
1459 4750 1779 4816 κλαίοντες
1829 4751 1928 4805 καί

226 4832 733 4900 συνθρύπτοντές
759 4850 879 4901 μου
917 4832 1034 4901 τὴν
1062 4834 1358 4902 καρδίαν;
1389 4836 1557 4888 Οὐδὲν
1592 4836 1808 4889 Παύλου
1841 4856 1929 4908 φι-

226 4919 663 4993 λοστοργότερον
702 4936 715 4951 ⁸
754 4920 837 4975 ὅτι
887 4920 1034 4992 ἑώρα
1079 4922 1439 4995 δακρύοντας,
1463 4924 1624 4995 ἤλγει
1652 4928 1678 4979 ό
1713 4925 1789 4997 μὴ
1822 4927 1927 4980 πά-

230 5024 387 5077 σχων
413 5008 507 5061 ἐπὶ
528 5010 641 5072 τοῖς
665 5007 888 5072 οἰκείοις
921 5012 1268 5081 πειρασμοῖς.
1314 5011 1446 5083 Ἐμὲ
1487 5014 1723 5067 ἀδικεῖτε
1747 5014 1925 5081 τοῦτο,

230 5094 403 5168 φησὶ,
428 5095 708 5160 ποιοῦντες
740 5112 753 5125 ο
794 5096 869 5168 μὴ
907 5096 1017 5169 γὰρ
1048 5098 1158 5165 ἐγὼ
1193 5099 1380 5167 ἁλγῶ;
1414 5101 1548 5154 Τότε
1593 5102 1924 5171 ἐπαύσαντο,

224 5184 326 5237 ὅτε
369 5176 493 5235 εἷπε
523 5199 537 5213 ·
575 5182 634 5237 Τί
668 5183 887 5237 ποιεῖτε
930 5186 1425 5254 συνθρύπτοντές
1466 5205 1587 5257 μου
1630 5188 1745 5258 τὴν
1785 5207 1925 5259 καρ-

224 5271 417 5335 διάν;
456 5272 571 5341 Ἐφ’
612 5272 743 5343 ὑμῖν
766 5273 956 5338 κλαίω,
996 5276 1182 5345 φησὶν,
1219 5274 1319 5328 οὐκ
1360 5276 1453 5329 ἐπὶ
1500 5278 1613 5341 τοῖς
1658 5277 1924 5349 παθήμα-

227 5379 325 5414 σιν
355 5377 367 5390 ·
404 5360 547 5431 ὑπὲρ
573 5360 681 5432 γάρ
703 5361 927 5415 ἐκείνων
958 5362 1052 5415 καὶ
1084 5363 1377 5417 ἀποθανεῖν
1402 5364 1927 5438 βούλομαι.”ιδωμεν

223 5449 291 5503 δὲ
326 5448 537 5503 ἀνωθεν
557 5449 625 5503 τά
664 5450 951 5521 εἰρημένα.
995 5452 1306 5522 Ἀργυρίου
1351 5453 1389 5523 ἢ
1438 5456 1698 5522 χρυσίου
1730 5455 1767 5524 ἢ
1801 5460 1931 5526 ἱμα-

225 5535 482 5604 τισμοῦ,
530 5536 719 5607 φησὶν,
769 5537 1019 5606 οὐδενὸς
1075 5540 1428 5610 ἐπεθύμησα
1470 5558 1482 5573 ·
1517 5541 1689 5596 αὐτοὶ
1749 5544 1922 5612 γινώ-

222 5638 441 5686 ams,
474 5624 565 5679 ὅτι
586 5625 714 5691 ταῖς
742 5626 970 5695 χρείαις
995 5646 1115 5697 μου
1158 5628 1256 5682 καὶ
1288 5629 1413 5697 τοῖς
1453 5630 1594 5684 οὖσι
1622 5632 1751 5699 μετ’
1778 5631 1927 5700 ἐμοῦ

222 5712 636 5780 ὑπηρέτησαν
672 5718 732 5769 al
786 5733 981 5787 χειρες
1031 5713 1228 5773 αὗται.
1278 5718 1390 5773 Οὐκ
1449 5720 1556 5791 ἀρα
1587 5722 1643 5773 ἐν
1675 5720 1924 5792 Κορίνθῳ

221 5802 402 5855 τοῦτο
428 5803 754 5871 εἰργάσαντο
792 5806 953 5874 μόνον
983 5807 1030 5859 οἱ
1053 5806 1457 5879 διαφθείροντες
1492 5812 1617 5873 τοὺς
1650 5810 1922 5881 μαθητὰς,

220 5890 381 5943 ἀλλά
436 5889 531 5943 καὶ
578 5892 635 5943 ἐν
680 5891 854 5963 Ἀσίᾳ.
906 5895 1159 5966 Οὑδαμοῦ
1215 5897 1374 5949 τοῦτο
1423 5898 1674 5962 ὀνειδίζει
1731 5913 1753 5939 ει
1810 5903 1922 5964 τοῖς

246 5980 526 6048 Ἐφεσίοις
550 5982 794 6053 γράφων.
846 5983 909 6036 Τί
942 5986 1173 6055 δήποτε;
1224 5986 1347 6039 Ὂτι
1395 5986 1495 6041 ουκ
1538 5990 1791 6045 ἐνέπεσεν
1843 5994 1920 6055 εἰς

310 6071 335 6100 ⁸
367 6068 523 6132 L'nus,
542 6070 697 6123 'Aaia'
724 6074 825 6123 ἀλλ²
853 6073 1063 6137 οόξαμοῦ
1084 6075 1224 6127 τοῦτο
1255 6078 1507 6131 ὡνείόιζαπι.

1308 403 1374 458 ΙΝ
1409 402 1591 458 ACTA
1633 399 2177 457 APOSTOLOBUM.
2215 396 2451 455 llOM‘IL.
2488 393 2645 453 XLV.

3602 383 3715 439 5'6

2029 515 2299 586 ἀνάγκην.
2346 513 2508 567 ama
2532 513 2627 567 καὶ
2659 506 2971 582 Κορινθίοις
2998 504 3149 574 λέγει
3182 519 3197 537 ·
3231 503 3354 559 Οὐκ
3380 499 3609 571 ἐρράγη
3641 499 3708 551 τὸ

2026 605 2304 673 καύχημά
2333 621 2449 674 μου
2485 602 2555 655 ἐν
2598 599 2723 666 τοῖς
2759 602 3013 667 κλίμασι
3041 592 3149 662 τῆς
3190 592 3445 662 Ἀχαΐας.
3471 588 3583 643 Καὶ
3611 586 3711 639 οὐκ

2027 689 2205 759 εἶπεν,
2238 692 2353 745 Οὐκ
2383 688 2620 745 ἐδώκατέ
2669 706 2758 759 μοι
2788 702 2803 715 °
2834 685 2933 740 ἀλλ
2950 684 2985 750 ⁵,
3031 682 3336 753 Ἀργυρίου
3366 678 3403 747 ἢ
3445 674 3711 747 χρυσίου

2028 781 2067 849 ἢ
2102 779 2427 852 ἱματισμοῦ
2463 781 2576 834 οὐκ
2610 777 2985 846 ἐπεθύμησα,
3045 773 3134 825 ἵνα
3192 770 3270 841 μὴ
3331 768 3457 837 δόξῃ
3486 764 3713 852 ἐκείνων

2026 848 2166 920 εἶναι
2201 866 2263 920 τὸ
2389 864 2590 919 δοῦναι.
2624 864 2733 916 Καὶ
2776 862 2877 914 οὐκ
2910 856 3093 920 εἶπεν,
3125 851 3354 915 Οὐδενὸς
3386 848 3712 938 ἐπεθύμησα

2025 954 2133 1009 τῶν
2173 931 2521 1023 ἀναγκαίων,
2557 953 2645 1004 ἵνα
2688 949 2762 1021 μὴ
2814 949 2942 1019 δόξῃ
2990 945 3153 1001 πάλιν
3212 937 3523 1011 κατηγορία
3574 931 3713 989 εἶναι

2025 1043 2255 1097 ἐκείνων
2290 1060 2302 1075 ο
2343 1042 2479 1096 ἀλλά
2522 1038 2684 1093 τοῦτο
2717 1038 3041 1105 αἰνίττεται,
3088 1035 3172 1089 ὅτι
3206 1027 3562 1091 εἰκότωςούκ
3593 1024 3715 1078 ἕλα-

2025 1129 2119 1184 ϐεν
2143 1131 2310 1184 ὁπότε
2368 1128 2459 1183 καὶ
2523 1128 2743 1195 ἑτέρους
2779 1124 3033 1197 ἔτρεφεν.
3072 1123 3250 1193 Ὅρα,
3285 1116 3402 1179 πῶς
3428 1111 3717 1186 εἰργάζετο

2028 1217 2165 1288 μετά
2189 1216 2428 1287 σπουδῆς
2466 1215 2753 1288 ἄνθρωπος
2794 1213 2967 1268 νύκτα
3014 1212 3111 1265 καὶ
3151 1207 3364 1281 ἡμέραν
3395 1201 3717 1271 διαλεγόμε-

2023 1324 2112 1370 νος
2151 1306 2289 1377 μετά
2311 1305 2583 1377 δακρύων,
2614 1305 2711 1358 ἕνα
2750 1304 2982 1357 ἕκαστον
3024 1297 3313 1355 νουθετῶν.
3359 1293 3562 1351 Πάντα
3604 1294 3719 1344 ὑπ-

2023 1392 2227 1458 έδειξα
2246 1392 2406 1462 ὑμῖν,
2426 1393 2514 1447 δτι
2537 1393 2690 1447 οὓτω
2709 1389 3046 1455 κοπιῶντας
3062 1387 3156 1443 δεῖ
3168 1382 3718 1456 ἀντιλαμϐάνεσθαι

2023 1480 2145 1535 τῶν
2166 1481 2611 1536 ἀσθενούντων.
2664 1478 2835 1532 Τοῦτο
2880 1476 3072 1542 εἰπὼν,
3112 1475 3279 1529 πάλιν
3323 1472 3611 1543 ἐφόϐησεν.
3653 1469 3719 1521 Ὃ

2022 1572 2079 1626 δὲ
2112 1571 2279 1639 λέγει,
2313 1570 2472 1624 τοῦτό
2495 1573 2641 1624 ἐστιν
2671 1587 2685 1601 ’
2722 1571 2835 1623 Οὐκ
2887 1568 3041 1638 ἔχετε
3084 1569 3164 1629 εἰς
3220 1565 3443 1635 ἄγνοιαν
3472 1576 3721 1627 καταφυ-

2023 1662 2141 1729 γεῖν
2168 1677 2181 1691 ⁸
2218 1659 2472 1724 ὑπέδειξα
2498 1659 2590 1712 διὰ
2616 1659 2725 1712 τῶν
2764 1657 2965 1729 ἔργων,
3000 1658 3082 1711 ὅτι
3108 1655 3253 1710 οὕτω
3297 1651 3607 1713 κοπιῶντας
3641 1649 3722 1701 δεῖ

2024 1749 2373 1819 ἐργάζεσθαι.
2404 1750 2514 1801 Καὶ
2534 1749 2633 1801 οὐκ
2674 1744 2847 1811 εἶπεν,
2884 1747 2965 1799 ὃτι
3001 1745 3177 1799 κακὸν
3213 1744 3275 1797 τὸ
3308 1742 3525 1795 λαϐεῖν·
3560 1738 3716 1799 ἀλλὰ,

2027 1838 2236 1908 βέλτιον
2263 1839 2323 1890 τὸ
2385 1839 2459 1908 μὴ
2508 1836 2715 1891 λαϐεῖν.
2765 1838 3181 1905 Μνημονεύειν
3246 1849 3311 1886 τε
3359 1830 3469 1884 τὸν
3502 1830 3715 1896 λόγον,

2026 1928 2182 1997 φησι,
2207 1926 2313 1981 τοῦ
2357 1926 2600 1994 Κιρίου,
2635 1925 2707 1978 δν
2737 1920 2868 1978 εἷπε
2896 1942 2911 1956 ο
2944 1921 3259 1991 Μακάριόν
3304 1921 3435 1975 ἐστι
3474 1916 3720 1988 μᾶλλον

2025 2017 2263 2072 διδόναι
2297 2016 2335 2085 ἣ
2368 2015 2724 2085 λαμϐάνειν.
2752 2014 2859 2067 Καὶ
2885 2012 2990 2067 ποῦ
3019 2007 3206 2079 εἷπεν;
3245 2009 3409 2072 Ἰσως
3452 2008 3721 2077 ἀγράφως

2027 2104 2356 2177 παρέδωκαν
2388 2105 2435 2156 οἰ
2463 2102 2752 2157 ἀπόστολοι
2782 2118 2794 2130 '
2839 2102 2871 2173 ἢ
2908 2101 2970 2167 ἐξ
3014 2096 3088 2158 ὧν
3135 2101 3199 2156 ἄν
3225 2117 3306 2163 τις
3340 2095 3721 2165 συλλογίσαιτο

2025 2195 2202 2266 δῆλον.
2238 2194 2349 2248 Καὶ
2400 2193 2509 2265 γὰρ
2560 2190 2727 2255 ἔδειξε
2778 2190 2879 2261 τὴν
2933 2188 3250 2262 παρρησίαν
3280 2185 3379 2257 τὴν
3423 2184 3561 2256 πρὸς
3592 2186 3719 2247 τοὺς

2026 2282 2330 2345 κινδύνους,
2371 2282 2471 2352 τὴν
2505 2280 2853 2352 συμπάθειαν
2876 2278 2976 2349 τὴν
3011 2276 3149 2348 πρὸς
3181 2276 3310 2338 τοὺς
3354 2273 3720 2349 ἀρχομένους,

2024 2371 2126 2441 τὴν
2157 2368 2511 2425 διδασκαλίαν
2542 2368 2640 2438 τὴν
2671 2366 2812 2438 μετά
2844 2365 3195 2438 παρρησίας,
3233 2364 3333 2434 τὴν
3363 2377 3724 2429 ταπεινοφρο-

2029 2459 2213 2529 σύνην,
2262 2459 2360 2528 τὴν
2393 2456 2784 2528 ἀκτημοσύνην
2821 2469 2835 2484 ’
2871 2452 3033 2508 τοῦτο
3078 2453 3135 2507 δὲ
3182 2451 3275 2506 καὶ
3334 2446 3724 2520 ἀκτημοσύνης

2030 2546 2236 2617 μεῖζον.
2269 2546 2332 2598 Εἰ
2369 2544 2477 2615 γὰρ
2513 2546 2649 2607 ἐκεῖ,
2685 2541 2986 2609 Πώλησόν
3034 2555 3173 2606 σου,
3224 2539 3380 2611 φησί,
3427 2538 3499 2590 τὰ
3532 2535 3725 2601 ὑπάρ-

2026 2650 2235 2703 χοντα,
2273 2635 2324 2687 εἰ
2348 2632 2543 2697 θέλεις
2586 2631 2814 2697 τέλειος
2862 2625 3021 2683 εἶναι
3054 2645 3066 2658 ·
3102 2628 3231 2682 ὅταν
3264 2626 3403 2699 πρὸς
3435 2626 3513 2696 τῷ
3553 2624 3723 2696 μηδὲν

2025 2720 2092 2773 λα
2102 2720 2325 2791 μϐάνειν
2342 2719 2439 2773 καὶ
2463 2719 2683 2789 ἐτέρους
2700 2714 2963 2787 τρέφῃ,τί
2989 2714 3183 2769 τούτου
3211 2714 3324 2768 ίσον
3349 2730 3364 2780 ;
3391 2708 3486 2776 Εἷς
3518 2711 3726 2781 βαθμὸς

2024 2810 2204 2862 τοίνυν
2230 2809 2381 2879 ῥῖψαι
2398 2806 2464 2861 τὰ
2482 2806 2667 2869 αὑτοῦ,
2686 2804 2964 2876 δεύτερος,
2983 2802 3167 2875 ἑαυτῷ
3189 2804 3477 2874 ἐπαρκεῖν,
3518 2801 3723 2872 τρίτος,

2029 2898 2123 2951 καὶ
2162 2897 2392 2968 ἑτέροις,
2458 2895 2742 2966 τέταρτος,
2798 2892 2859 2947 τὸ
2913 2892 3258 2964 κηρύττοντά
3319 2891 3417 2944 καὶ
3469 2888 3727 2953 ἐξουσίαν

2027 2983 2220 3055 ἔχοντα
2252 2984 2281 3024 1)
2311 2982 2614 3054 λαμϐάνειν
2670 2980 2746 3052 μὴ
2804 2978 3108 3050 λαμϐάνειν
3158 2994 3173 3009 ο
3232 2977 3375 3031 ὥστε
3430 2974 3564 3029 πολὺ
3615 2974 3727 3027 τῶν

2025 3074 2354 3145 ἀκτημόνων
2401 3066 2558 3136 οὗτος
2599 3070 2825 3143 βελτίων
2868 3065 2959 3143 ἦν.
3003 3069 3113 3123 Καὶ
3139 3067 3325 3131 καλῶς
3361 3064 3534 3127 εἶπεν,
3563 3064 3729 3117 Οῦτω

2027 3162 2123 3217 δεῖ
2152 3160 2704 3231 ἀντιλαμϐάνεσθαι
2750 3158 2870 3213 τῶν
2915 3157 3360 3213 ἀσθενούντων.
3411 3153 3585 3207 Τοῦτο
3628 3152 3729 3223 μὲν

2027 3249 2139 3321 γὰρ
2160 3248 2504 3319 συμπαθείας
2526 3247 2627 3317 τῆς
2651 3248 2789 3319 πρὸς
2819 3247 2946 3308 τοὺς
2977 3243 3247 3309 ἀσθενεῖς,
3269 3239 3421 3314 [540]
3453 3240 3513 3293 τὸ
3538 3240 3602 3293 ἐκ
3618 3238 3729 3291 τῶν

2031 3336 2178 3391 ἰδίων
2206 3335 2390 3389 κόπων
2426 3334 2627 3387 διδόναι
2656 3350 2668 3364 ·
2705 3334 2766 3387 τὸ
2793 3334 2849 3387 δὲ
2878 3336 2943 3387 ἐκ
2968 3332 3076 3387 τῶν
3108 3328 3437 3401 ἀλλοτρίων,
3464 3328 3523 3382 οὐ
3564 3327 3725 3397 μόνον

2027 3424 2087 3477 οὐ
2133 3422 2319 3488 καλὸν,
2376 3420 2515 3474 ἀλλά
2558 3421 2653 3474 καὶ
2698 3419 3023 3489 ἐπισφαλές.
3057 3417 3170 3477 Καὶ
3217 3415 3617 3480 ἐπιπεσόντες
3646 3412 3730 3479 τῷ

2028 3512 2333 3581 τραχήλῳ,
2372 3511 2559 3581 φησὶν,
2601 3508 2791 3564 αὐτοῦ
2835 3509 3107 3563 ἔκλαιον.
3141 3505 3314 3559 Τοῦτο
3362 3503 3459 3575 τὴν
3484 3503 3728 3557 διάθεσιν

2027 3602 2127 3671 τὴν
2163 3600 2301 3669 πρὸς
2331 3599 2494 3652 αὐτὸν
2520 3598 2817 3652 δείκνυσιν.
2862 3596 3167 3651 Ἐπέπεσον
3196 3593 3253 3648 δὲ
3280 3593 3375 3647 ἐπὶ
3408 3593 3499 3647 τὸν
3523 3593 3729 3663 τράχη-

2029 3689 2143 3752 λον,
2166 3687 2261 3742 ἆτε
2294 3687 2531 3758 ὑστέρας
2555 3685 2899 3758 περιπλοκὰς
2933 3682 3423 3755 περιπλεκόμενοι,
3468 3683 3564 3735 καί
3596 3680 3727 3733 πολ-

2030 3775 2129 3847 λὴν
2162 3775 2271 3830 ἀπὸ
2297 3776 2399 3845 τῆς
2440 3774 2788 3846 δημηγορίας
2834 3772 3095 3836 λαϐόντες
3134 3770 3233 3843 τὴν
3270 3770 3496 3841 ἀγάπην
3528 3770 3623 3824 καὶ
3668 3768 3729 3821 τὸ

2031 3864 2274 3937 φίλτρον.
2304 3864 2368 3917 El
2398 3861 2507 3932 γὰρ
2533 3862 2724 3925 ἁπλῶς
2749 3863 2913 3934 ἡμεῖς
2937 3862 3017 3916 ἀπ
3037 3862 3050 3883 ’
3095 3859 3341 3932 ἀλλήλων
3386 3859 3730 3929 διαλυόμενοι

2033 3953 2312 4025 στένομεν,
2352 3952 2530 4008 καίτοι
2568 3952 2806 4016 εἰδότες,
2853 3952 2936 4004 ὅτι
2987 3949 3387 4020 ἀποληψόμεθα
3437 3948 3726 4019 ἀλλήλους,

2032 4041 2151 4108 πῶς
2184 4042 2251 4097 ἂν
2290 4044 2495 4096 ἐκεῖνοι
2544 4040 2665 4095 τότε
2716 4040 2932 4094 Παύλου
2986 4037 3218 4102 ἀπαθῶς
3252 4037 3729 4108 ἀπεσπάσθησαν;

2045 4132 2189 4201 Ἐγὼ
2212 4132 2423 4186 καὶτὸν
2450 4130 2664 4185 Παῦλον
2699 4126 2859 4200 οἶμαι
2892 4130 3123 4186 κλαίειν.
3172 4127 3727 4193 Ἀποσπασθέντες,

2032 4220 2184 4293 φησί,
2213 4223 2467 4275 Δείκνυσι
2496 4221 2589 4274 καὶ
2628 4219 2725 4292 τὴν
2754 4219 2875 4290 βίαν
2917 4218 2995 4290 τῷ
3034 4219 3234 4283 εἰπεῖν,
3279 4216 3733 4273 Ἀποσπασθέν-

2033 4332 2122 4378 τες
2161 4313 2277 4368 ἀπ’
2306 4311 2528 4367 αὐτῶν.
2571 4312 2683 4367 Καὶ
2733 4312 2961 4375 εἰκότως
2994 4328 3008 4341 ’
3047 4312 3127 4375 είς
3171 4309 3283 4381 γάρ
3311 4309 3411 4380 τὴν
3446 4308 3731 4361 θάλασσαν

2032 4402 2217 4456 λοιπὸν
2266 4402 2506 4473 ἐμϐῆναι
2542 4401 2742 4464 αὐτοὺς
2784 4402 2885 4454 οὐκ
2936 4401 3079 4470 ἐνῆν.
3111 4400 3175 4452 Τί
3221 4401 3390 4461 ἐστιν,
3431 4397 3731 4466 Εὺθυδρο-

2026 4493 2341 4561 μήσαντες
2380 4493 2650 4563 ἤλθομεν
2688 4494 2776 4557 εἰς
2808 4491 2926 4559 τὴν
2970 4489 3138 4556 Κῶν;
3182 4490 3331 4544 ῖΛντὶ
3364 4488 3483 4551 τοῦ,
3524 4488 3598 4541 Οὐ
3636 4504 3733 4539 πε⁴

2033 4580 2328 4651 ριήλθομεν
2364 4580 2486 4633 οὐδὲ
2528 4579 2888 4650 διετρίψαμεν
2938 4581 2996 4631 ἐν
3050 4577 3263 4650 ἑτέροις
3286 4577 3497 4639 τόποις,
3538 4575 3616 4644 Τῇ
3661 4575 3731 4628 δὲ

2031 4666 2200 4735 ἑξῆς,
2235 4668 2421 4739 φησιν,
2473 4668 2561 4733 εἰς
2612 4666 2827 4721 Ῥόδον
2858 4677 2907 4721 ο.
2936 4667 3087 4738 ’Ὅρα
3147 4665 3312 4720 αὑτὸν
3348 4664 3731 4735 ἐπειγόμενον.

2032 4756 2141 4809 Καὶ
2184 4757 2466 4825 εὑρόντες
2505 4755 2723 4809 πλοῖον
2765 4753 3062 4825 διαπερῶν
3101 4757 3188 4821 εἰς
3229 4755 3538 4823 Φοινίκην.
3574 4755 3733 4817 Ἱσως

2032 4847 2210 4898 ἐκεῖνο
2243 4845 2432 4899 αὐτόθι
2480 4844 2718 4915 διέτριϐε
2747 4863 2758 4873 ·
2794 4844 2874 4898 διὸ
2901 4847 2957 4897 ὲν
2993 4843 3145 4915 αὐτῷ
3199 4844 3597 4909 ἐπιϐαίνουσιν,
3636 4844 3733 4913 οὐχ

2030 4933 2285 5003 εὑρόντες
2340 4933 2467 4987 ἄλλο
2518 4933 2597 4995 εἰς
2644 4934 2990 5004 Καισάρειαν
3021 4932 3424 5004 ἀπερχόμενον.
3483 4933 3733 5002 Ἀναφά-

2032 5035 2251 5087 ναντες
2298 5019 2367 5074 δὲ
2420 5019 2537 5089 τὴν
2577 5021 2842 5089 Κύπρον,
2902 5021 3003 5074 καί
3050 5020 3487 5087 καταλιπόντες
3536 5020 3733 5090 αὐτὴν

2032 5112 2368 5183 εὐώνυμον.
2398 5111 2569 5166 Τοῦτο
2629 5114 2728 5184 οὐχ
2774 5112 2962 5178 ἁπλῶς
3019 5112 3259 5184 εἴρηται,
3296 5114 3412 5167 ἀλλ’
3443 5117 3529 5169 ’ίνα
3556 5116 3732 5187 δείξῃ,

2032 5204 2116 5256 ὃτι
2148 5201 2267 5255 οὐδὲ
2301 5202 2470 5271 ἐγγὺς
2509 5202 2683 5273 αὐτῆς
2722 5203 2973 5271 γενέσθαι
3002 5202 3227 5273 ἠξίωσε,
3264 5203 3503 5259 κατευθὺ
3536 5204 3732 5259 πλέον·

2032 5310 2123 5357 τες
2151 5295 2253 5364 τῆς
2286 5293 2489 5363 Συρίας
2527 5311 2540 5324 ’
2577 5292 2752 5357 οὓτως
2793 5293 3077 5349 ἔσπευδεν.
3111 5290 3260 5349 Εἶτα
3300 5296 3399 5349 καί
3430 5295 3731 5363 κατήχθη-

2029 5400 2142 5453 μεν
2167 5384 2253 5448 εὶς
2284 5384 2493 5451 Τύρον,
2518 5384 2674 5452 φησὶ,
2709 5382 2809 5436 καί
2847 5384 3129 5453 εὑρόντες
3170 5378 3467 5453 μαθητὰς,
3497 5384 3731 5454 ἐμείνα-

2026 5488 2143 5540 μεν
2182 5470 2334 5540 πρὸς
2385 5472 2628 5537 αὐτούς.
2666 5471 2799 5524 Ὅτε
2822 5472 3050 5541 πλησίον
3114 5467 3257 5543 ἦσαν
3310 5471 3727 5543 Ἱεροσολύμων,

2032 5561 2130 5611 οὐκ
2152 5558 2231 5612 ἔτι
2261 5560 2568 5631 τρέχουσιν.
2606 5559 2743 5613 ἀλλά
2772 5563 2867 5614 καὶ
2893 5561 3112 5631 μένουσι
3148 5562 3301 5633 παρά
3341 5565 3450 5622 τοῖς
3477 5562 3727 5631 ἀδελφοῖς

2032 5646 2175 5699 ἐπτά
2206 5648 2440 5718 ἡμέρας.
2482 5648 2587 5700 Ἴδε
2626 5666 2714 5718 μοι
2771 5649 2958 5703 λοιπὸν
3016 5649 3110 5702 καὶ
3166 5649 3264 5714 τὰς
3297 5650 3534 5721 ἡμέρας.
3571 5651 3728 5703 Μετὰ

2032 5738 2099 5791 τὰ
2136 5739 2359 5806 ’Ἂζυμα
2382 5738 2460 5798 εἰς
2496 5737 2731 5808 Τρωάδα
2765 5732 2931 5808 ἦλθον
2963 5737 3046 5791 δι’
3098 5737 3320 5810 ἡμερῶν
3360 5738 3527 5791 πέντε
3554 5754 3565 5765 ⁸
3607 5732 3729 5793 εἶτα

2033 5831 2149 5882 ἐκεῖ
2204 5828 2342 5881 ἑπτά
2372 5842 2383 5854 '
2417 5828 2516 5891 τὰς
2564 5828 2745 5892 πάσας
2789 5829 2996 5883 δώδεκα
3024 5833 3040 5851 ⁸
3080 5824 3198 5883 εἶτα
3244 5830 3323 5893 εἰς
3371 5829 3467 5901 τὴν
3500 5830 3726 5897 Ἄσσον,

2065 6018 2118 6095 ~b
2150 6016 2410 6128 ld‘CIIlifév
2452 6034 2770 6078 κηρύττοντά,
2795 6020 2875 6067 καὶ
2898 6018 3112 6074 ἐξουσία-ι
3135 6020 3274 6083 ἔχειν.
3347 6022 3368 6050 ⁸
3398 6018 3515 6079 Alii,
3539 6016 3718 6072 τόποις

2071 6098 2144 6128 na
2172 6098 2231 6128 ιιι
2330 6094 2453 6127 οοον.

2044 6094 2144 6129 ιιτα
2172 6098 2231 6135 La;
2276 6094 2453 6128 ‘1'000v.
