4094 6336
485 384 589 441 317

487 507 568 569 είς
588 500 919 574 Μυτιλήνην,
945 499 1173 571 ἀντικρὺ
1204 499 1358 561 Χίου,
1384 498 1465 559 είς
1493 495 1826 567 Τρωγύλιον,
1859 495 1937 557 είς
1958 495 2139 563 Σάμον

488 598 579 650 καὶ
604 596 683 659 είς
714 594 956 665 Μίλητον
980 607 997 625 ⁸
1025 593 1305 646 δεκαοκτὼ
1340 588 1547 659 ἡμέραι
1581 589 1637 641 αί
1680 588 1867 641 πᾶσαι.
1903 582 2033 639 Είτα
2060 587 2140 648 είς

486 687 634 751 Κῶν,
681 685 760 750 είς
794 685 993 749 Ῥόδον,
1036 685 1117 747 είς
1168 682 1411 752 Πάταρα,
1470 677 1643 733 εἴκοσι
1694 679 1790 732 καὶ⁷
1841 678 1937 747 μία
1976 693 1991 708 ο
2020 672 2141 731 εἶτα

489 776 695 831 ἐκεῖθεν
725 777 806 830 δι’
852 772 1073 846 ήμερῶν
1116 773 1272 827 πέντε
1316 771 1396 834 είς
1444 770 1639 840 Τύρον,
1694 767 1752 833 ἐξ
1798 769 1893 822 καὶ
1928 770 2140 822 εἴκοσι·

488 868 669 921 λοιπὸν
702 868 819 920 ἐκεῖ
855 866 993 919 ἑπτά
1017 865 1307 936 τριάκοντα
1331 862 1425 918 καὶ
1464 863 1613 935 τρεῖς
1640 877 1654 892 ·
1696 857 1815 913 εἷτα
1844 861 1925 923 είς
1948 859 2146 913 Πτολε-

493 959 653 1029 μαΐδα
694 958 823 1029 μίαν
841 997 857 1022 ,
881 958 1172 1028 τριάκοντα
1201 955 1471 1026 τέσσαρες
1490 971 1505 985 ·
1537 950 1653 1007 εἶτα
1697 954 1777 1016 είς
1806 952 2144 1022 Καισάρειαν

489 1050 706 1112 πλείους
732 1049 878 1118 μένει
917 1048 1024 1101 τῶν
1054 1047 1228 1101 ἄλλων
1262 1064 1278 1078 ·
1311 1047 1403 1101 καὶ
1430 1046 1551 1099 τότε
1592 1044 1776 1097 λοιπὸν
1815 1043 2025 1097 ἐκεῖθεν
2054 1042 2145 1095 αὐ-

489 1144 614 1203 τοὺς
641 1140 829 1207 ἀνάγει
850 1140 878 1192 0
910 1139 1217 1209 προφήτης.
1254 1136 1440 1201 Οὕτως
1471 1138 1504 1208 ή
1538 1134 1890 1207 Πεντηκοστὴ
1914 1131 2145 1205 πληροῦν

488 1251 596 1299 ται,
632 1235 722 1286 καὶ
766 1233 881 1285 ἐκεῖ
908 1230 1077 1301 αὐτὴν
1109 1232 1267 1285 ποιεῖ.
1307 1232 1450 1300 Ὅρα
1490 1229 1653 1285 αὐτὸν
1696 1231 1784 1283 ὅτε
1831 1216 1895 1282 τδ
1922 1226 2145 1297 Πνεῦμα

487 1326 587 1377 οὐκ
611 1324 815 1377 ἐκωλυε
858 1321 1196 1393 πειθόμενον.
1230 1317 1415 1375 Εἶπον·
1444 1322 1544 1391 Μὴ
1575 1321 1692 1387 δῷς
1712 1320 1943 1375 σαυτὸν
1969 1320 2057 1385 είς
2076 1318 2145 1372 τὸ

488 1416 753 1484 θέατρον,
782 1416 875 1468 καὶ
902 1415 1003 1467 οὐκ
1030 1413 1197 1467 ἔδωκε
1230 1430 1243 1444 ·
1278 1413 1534 1477 πολλάκις
1554 1412 1715 1465 αὑτὸν
1743 1412 2028 1481 ἐξήγαγον,
2051 1410 2145 1464 καὶ

489 1506 712 1579 ἐπείσθη
750 1523 765 1538 ο
795 1505 882 1559 διὰ
921 1504 1131 1576 θυρίδος
1166 1504 1326 1558 πάλιν
1355 1504 1523 1573 ἔφυγε
1550 1520 1565 1535 ·
1602 1504 1695 1557 καὶ
1733 1502 1828 1556 νῦν
1874 1502 1949 1560 ὡς
1971 1502 2145 1554 είπεῖν

493 1598 703 1670 μυρίων
730 1596 1211 1668 παρακαλούντων,
1253 1613 1344 1650 και
1396 1596 1506 1649 τῶν
1536 1598 1595 1649 ἐν
1634 1596 1796 1667 Τύρῳ
1835 1593 2061 1648 καὶτῶν
2088 1594 2145 1645 ἐν

489 1688 813 1759 Καισαρείᾳ,
834 1688 929 1741 καὶ
949 1686 1248 1741 κλαιόντων
1270 1687 1363 1740 καὶ
1389 1687 1557 1757 μυρία
1581 1686 1955 1757 προλεγόντων
1975 1685 2143 1752 δεινὰ,

486 1778 586 1831 οὐκ
611 1779 881 1848 ἀνέχεται.
908 1779 1016 1832 Καὶ
1050 1778 1157 1851 μὴν
1180 1779 1276 1847 οὐχ
1309 1777 1495 1841 ἁπλῶς
1530 1777 1599 1831 τὰ
1640 1776 1788 1830 δεινὰ
1831 1776 2143 1847 προέλεγον,

488 1870 623 1923 ἀλλὰ
642 1869 729 1924 διὰ
752 1868 847 1923 τοῦ
873 1870 1187 1941 Πνεύματος
1209 1868 1519 1940 προέλεγον.
1549 1868 1611 1921 Et
1640 1868 1821 1921 τοίνυν
1844 1868 1904 1921 τὸ
1924 1866 2149 1937 Πνεῦμα

488 1961 759 2024 ἐκέλευσε,
780 1962 867 2015 διὰ
893 1961 947 2014 τί
974 1961 1396 2027 άντεῐπονςὊτι
1423 1962 1524 2013 οὑκ
1562 1959 1761 2030 ᾔδεσαν
1791 1960 1935 2029 άπερ
1974 1958 2149 2011 ἐδόκει

488 2052 565 2122 τῷ
594 2052 893 2122 Πνεύματι.
929 2053 1039 2106 Καὶ
1088 2052 1263 2116 ἄλλως
1313 2052 1369 2105 δὲ
1418 2051 1536 2106 οὐδὲ
1559 2050 1659 2122 τὴν
1706 2050 2031 2121 παραίνεσιν
2059 2048 2149 2102 διὰ

487 2146 579 2198 τοῦ
612 2145 924 2216 Πνεύματος
953 2144 1252 2199 ἐποιοῦντο.
1284 2146 1356 2199 O0
1378 2144 1487 2216 γὰρ
1518 2143 1703 2207 ἁπλῶς
1733 2142 1881 2213 αὐτῷ
1910 2142 1976 2195 τὰ
2001 2141 2149 2195 δεινὰ

490 2235 809 2310 προύλεγον,
835 2239 963 2292 ἀλλ’
990 2239 1072 2293 δτι
1101 2238 1365 2309 ἀναϐῆναι
1393 2238 1456 2291 οὐ
1477 2238 1605 2309 χρὴ,
1632 2236 1934 2305 φειδόμενοι
1958 2234 2145 2288 αὐτοῦ.

488 2332 650 2384 Μετὰ
680 2330 748 2384 δὲ
779 2330 843 2383 τὸ
881 2330 1184 2400 ἐξαρτίσαι
1222 2330 1329 2393 τὰς
1370 2329 1613 2397 ἡμέρας.
1662 2328 1794 2397 φησί
1830 2344 1843 2357 ·
1883 2327 2145 2390 τουτέστι,

490 2419 817 2491 πληρῶσαι·
856 2420 1071 2492 ἡμέρας
1124 2419 1182 2473 δὲ
1237 2419 1383 2488 λέγει
1429 2420 1529 2482 τὰς
1556 2416 1897 2487 τεταγμένας
1938 2434 1953 2448 υ
2006 2434 2149 2486 προ-

488 2514 841 2582 πεμπόντων
868 2511 1027 2582 ὴμᾶς
1050 2511 1291 2565 πάντων
1323 2512 1445 2565 σὺν
1484 2510 1725 2580 γυναιξί
1756 2510 1855 2563 καί
1889 2510 2145 2575 τέκνοις.

556 2602 783 2675 γ’ίδιι]
817 2603 951 2673 Ὅρα
974 2602 1113 2673 πόση
1145 2604 1179 2673 ἡ
1209 2601 1550 2672 παράκλησις
1580 2597 1666 2672 ἦν’
1695 2601 1785 2653 καὶ
1811 2598 1970 2653 πάλιν
1992 2601 2148 2669 εὐχό-

492 2708 642 2764 μενοι
671 2694 994 2746 διαλύονται.
1032 2693 1141 2745 Καὶ
1164 2695 1221 2745 ἐν
1244 2692 1562 2761 Πτολεμαΐδι
1591 2692 1720 2760 μίαν
1747 2691 1997 2761 μένουσιν
2018 2688 2156 2761 ήμέ-

491 2802 610 2855 ραν,
657 2786 713 2837 ἐν
748 2784 805 2836 δὲ
844 2784 1148 2854 Καισαρείᾳ
1180 2782 1440 2846 -πλείους,
1492 2782 1602 2835 Καὶ
1652 2783 1741 2836 ὅτε
1791 2782 2020 2851 ήκουσεν
2066 2782 2147 2834 ὅτι

491 2874 658 2946 μυρία
703 2874 850 2928 δεινὰ
900 2873 1013 2944 ἔχει
1066 2872 1279 2939 ³ιιιαθείν,
1340 2874 1463 2927 τότε
1524 2871 1828 2941 ἐπείγεται,
1894 2872 1994 2926 οὐκ
2055 2872 2148 2925 ἐπὶ

484 2968 610 3031 τοὺς
633 2966 908 3029 κινδύνους
968 2967 1177 3035 ῥίπτων
1244 2966 1467 3031 ἐαυτὸν,
1528 2964 1644 3018 ἀλλ’
1698 2963 1997 3034 ἡγούμενος
2052 2964 2146 3017 τοῦ

485 3058 801 3127 Πνεύματος
839 3052 976 3109 εἶναι
1014 3056 1077 3109 τὸ
1118 3056 1467 3129 πρόσταγμα.
1503 3055 1663 3111 hab
1703 3056 1774 3109 δὲ
1793 3058 1900 3121 τὰς
1926 3055 2149 3125 ἡμέρας

486 3151 706 3214 ταύτας
760 3146 1319 3217 ἐπισκευασάμενοι,
1384 3156 1568 3219 φησιν,
1612 3149 2010 3217 ἀναϐαίνομεν
2060 3150 2147 3213 είς

496 3240 873 3308 Ἰεροσόλυμα
894 3256 907 3269 '
936 3238 1199 3302 τουτέστι,
1227 3240 1296 3292 τὰ
1323 3238 1454 3309 πρὸς
1479 3240 1577 3310 τὴν
1614 3238 1921 3311 ὁδοιπορίαν
1952 3239 2145 3294 λαϐόν-

483 3349 596 3396 τες.
640 3328 950 3397 Συνῆλθον
974 3330 1041 3383 δὲ
1078 3330 1177 3384 καί
1206 3329 1324 3384 τῶν
1341 3331 1623 3399 μαθητῶν
1643 3332 1762 3385 ἀπὸ
1789 3333 2148 3400 Καισαρείας

483 3422 605 3477 σὺν
631 3422 793 3491 ἡμῖν,
819 3423 1065 3491 ἄγοντες
1089 3424 1224 3491 παρ’
1249 3415 1297 3489 ᾧ
1318 3421 1702 3491 ξενισθῶμεν,
1724 3422 2011 3477 Μνάσωνί
2032 3441 2149 3478 τινι

483 3515 743 3583 Κυπρίῳ,
798 3515 1023 3583 ἀρχαίῳ
1068 3513 1340 3583 μαθητῇ-
1373 3515 1712 3584 γενομένων
1756 3513 1825 3567 δὲ
1870 3513 2039 3583 ἡμῶν
2062 3516 2150 3582 είς

494 3606 893 3673 Ἰεροσόλυμα,
926 3606 1200 3674 ἀσμένως
1249 3604 1533 3669 ἐδέξαντο
1587 3603 1744 3674 ἡμᾶς
1788 3607 1842 3658 ot
1872 3605 2145 3674 ἀδελφοί.

485 3696 598 3747 Καὶ
627 3695 746 3765 ὅρα,
770 3696 871 3747 οὐκ
908 3691 1063 3748 εἶπεν
1097 3696 1354 3764 Ἄγαϐος,
1386 3697 1467 3750 ὅτι
1511 3696 1723 3750 Παῦλον
1760 3678 2036 3766 δήσουσιν,
2065 3698 2150 3750 ῐνα

490 3783 567 3855 μὴ
615 3782 740 3855 δόξῃ
785 3784 847 3837 ἐκ
894 3785 1168 3855 συνθήκης
1206 3786 1423 3854 λέγειν·
1470 3786 1626 3852 ἀλλὰ,
1679 3786 1789 3840 Τὸν
1826 3786 2033 3853 ἄνδρα,
2075 3783 2148 3843 οὗ

485 3873 657 3926 ἐστιν
695 3874 733 3939 ἡ
782 3872 929 3942 ζώνη
974 3875 1145 3941 αὕτη.
1176 3876 1319 3946 Ἄρα
1356 3877 1451 3928 καὶ
1503 3875 1677 3945 ζώνην
1720 3871 1883 3946 εἶχεν.
1931 3870 2150 3952 Ἐπειδὴ

487 3961 545 4014 δὲ
571 3960 669 4014 οὐκ
702 3963 885 4033 ίσχυον
916 3965 1123 4027 πεῖσαι,
1175 3964 1265 4017 διά
1317 3964 1479 4017 τοῦτο
1514 3960 1896 4031 ἔκλαιον,ςείτα
1945 3969 2147 4040 ἡσύχα-

490 4068 608 4105 σαν.
665 4053 826 4123 Ὁρᾷς
865 4054 1215 4122 φιλοσοφίαν;
1274 4055 1407 4125 δρᾷς
1440 4056 1851 4126 φιλοστοργίανς
1901 4059 2150 4129 Ἡσυχά-

490 4159 703 4211 σαμεν,
757 4144 938 4213 φησὶν,
1000 4145 1297 4211 εἰπόντεςο
1353 4145 1420 4199 Τὸ
1478 4146 1713 4215 θέλημα
1762 4148 1869 4204 τοῦ
1920 4152 2143 4218 Κυρίου

489 4237 763 4305 γενέσθω.
806 4237 1099 4304 ’Δγοντες,
1134 4238 1287 4309 φησὶ,
1326 4240 1460 4307 παρ’
1490 4231 1539 4305 ᾧ
1586 4239 1969 4310 ξενισθῶμεν.
2008 4242 2150 4314 Ἀρα

488 4329 586 4379 οὐκ
638 4328 718 4389 είς
774 4325 873 4397 τὴν
916 4326 1225 4395 ἐκκλησίαν.
1258 4328 1390 4380 Τότε
1437 4329 1534 4397 μὲν
1563 4328 1692 4399 γὰρ,
1735 4331 1823 4384 ὅτε
1879 4332 2019 4401 ὑπὲρ
2064 4332 2153 4384 δο-

488 4419 713 4488 γμάτων
757 4418 1012 4489 ἀνῄεσαν,
1053 4417 1111 4469 ἐν
1160 4420 1227 4489 τῇ
1275 4418 1542 4489 ἐκκλησία
1584 4419 1912 4483 ξενίζονταιο
1971 4421 2065 4474 νῦν
2096 4422 2152 4475 δὲ

489 4515 639 4583 παρὰ
674 4513 887 4585 μαθητῇ
944 4532 1051 4567 τινι
1096 4514 1330 4591 ἀρχαίῳ.
1386 4515 1637 4570 Δείκνυσι
1691 4514 1857 4569 πολὺν
1904 4516 1997 4570 τοῦ
2049 4535 2149 4590 κη-

494 4604 767 4675 ρύγματος
817 4604 910 4658 τὸν
966 4604 1155 4674 χρόνον
1208 4603 1422 4656 λοιπόν·
1481 4605 1605 4657 ὅθεν
1660 4622 1751 4675 μοι
1801 4606 1947 4660 δοκεῖ
1986 4608 2153 4662 πολλὰ

494 4698 586 4767 ἔτη
625 4694 932 4763 ἐπιτάμνειν
988 4696 1045 4745 ἐν
1095 4700 1212 4758 ταῖς
1236 4695 1501 4764 Πράξεσιν
1537 4688 1710 4760 οὗτος,
1768 4696 1836 4749 τὰ
1896 4703 2150 4752 κατεπεί·

492 4805 659 4855 γοντα
695 4788 853 4857 μόνον
890 4786 1083 4853 λέγων.
1118 4787 1183 4838 Τί
1229 4790 1364 4850 ἐστι,
1413 4790 1481 4844 Τὸ
1521 4790 1749 4859 θέλημα
1790 4792 1895 4845 τοῦ
1931 4792 2151 4859 Κυρίου

490 4877 785 4949 τενέσθω;
820 4874 1044 4945 Κύριος,
1108 4878 1290 4945 φησὶν,
1344 4880 1504 4941 αὐτὸς
1550 4880 1611 4931 τὸ
1664 4882 1892 4951 ἀρεστὸν
1922 4881 2151 4934 ἐνώπιον

492 4970 657 5025 αὑτοῦ
699 4972 934 5037 ποιήσει.
972 4966 1334 5037 Ἠσυχάζουσι
1381 4969 1436 5022 δέ
1465 4973 1681 5032 ἐκεῖνοι,
1721 4972 1815 5023 καὶ
1856 4971 1956 5024 οὑκ
1984 4973 2149 5040 ἀναγ-

492 5064 766 5128 κάζουσιν.
820 5062 979 5125 Ἴσως
1031 5062 1301 5125 συνεῖδον,
1354 5062 1436 5114 ὅτι
1489 5063 1549 5115 τὸ
1596 5062 1806 5134 θέλημα
1858 5058 1925 5133 ἦν
1973 5064 2147 5126 Θεοῦ,

492 5155 601 5208 ἀπὸ
637 5154 735 5224 τῆς
792 5153 1005 5207 Παύλου
1056 5152 1362 5224 προθυμίας
1409 5153 1566 5208 τοῦτο
1620 5154 2055 5224 στοχασάμενοι·
2092 5156 2151 5207 οὐ

494 5246 602 5317 γὰρ
636 5245 701 5298 ἂν
742 5244 883 5299 οὕτω
916 5241 1129 5305 Παῦλος
1178 5243 1555 5315 προεθυμήθη,
1599 5244 1722 5299 οὔτε
1771 5245 1902 5308 Θεὸς
1945 5244 2010 5297 ἃν
2041 5247 2152 5299 εἷα-

498 5356 591 5392 σεν
642 5338 669 5388 ὸ
726 5337 810 5388 ἀεὶ
875 5334 1135 5389 κινδύνων
1194 5334 1515 5405 ἐξαρπάζων
1564 5336 1745 5389 αὐτόν.
1812 5336 1998 5398 Οὕτως
2054 5337 2154 5389 οὐκ

493 5430 774 5485 ἐϐούλοντο
840 5426 1021 5498 βαρεῖν
1084 5427 1182 5497 τὴν
1237 5426 1551 5494 ἐκκλησίαν,
1601 5429 1750 5491 δντος
1810 5430 1995 5500 ἐτέρου
2061 5431 2153 5483 τοῦ

497 5518 792 5586 ξενίζοντος
854 5522 1067 5586 αὐτοὺς,
1107 5520 1227 5575 οὐδὲ
1272 5520 1488 5589 ἀξίωμα
1538 5519 1798 5590 ἀπῄτουν.
1870 5521 2155 5591 Ἀσμένως

502 5610 672 5679 ἡμᾶς,
705 5614 890 5681 φησὶν,
932 5612 1295 5677 ἀπεδέξαντο
1324 5617 1377 5667 οί
1406 5613 1677 5682 ἀδελφοί.
1712 5614 1906 5667 Λοιπὸν
1934 5617 2153 5686 είρήνης

496 5697 564 5769 ἦν
602 5703 769 5769 μεστὰ
807 5704 875 5757 τὰ
910 5703 1210 5773 πράγματα
1236 5706 1301 5758 τὰ
1335 5707 1391 5757 ἐν
1432 5704 1699 5767 Ἰουδαίοις
1727 5718 1774 5769 ε,
1812 5708 1901 5759 καὶ
1940 5708 2035 5776 οὐχ
2082 5709 2154 5769 ἀς

501 5793 759 5861 πρότερον
789 5794 1021 5862 πόλεμος
1054 5791 1137 5862 ἦν.
1192 5797 1463 5863 Ἀγοντες
1510 5794 1686 5864 ἡμᾶς.
1736 5799 1889 5867 φησὶ,
1945 5801 2079 5866 παρ’
2109 5793 2155 5865 ᾧ

504 5886 883 5951 ξεν-ισθῶμειθ.
920 5886 1125 5941 Παῦλον
1149 5886 1379 5950 ἐξένισεν
1410 5890 1631 5951 ἐκεῖνος.

571 5999 586 6016 ‘
617 5992 767 6049 ηυξ,
789 5992 842 6037 τὰ
872 5993 1117 6050 πράγματα
1146 5994 1198 6039 τὰ
1228 5994 1289 6044 εἰς
1336 5993 1604 6047 Ἰουδαίους.

1319 379 1376 435 S.
1412 374 1697 434 JOANNLS
1731 363 2216 432 ειιῐιγεοετοιιι
2254 368 2566 426 ARCHIEP.
2610 362 3158 425 CONSTANTINOP-

3800 351 3909 412 518

2320 489 2475 558 Τάχα
2529 504 2612 550 τις
2658 486 2811 557 ὑμῶν
2869 489 3013 559 ἐρεῖ·
3050 486 3117 539 Et
3155 500 3237 547 τις
3278 480 3446 551 κάμοὶ
3493 478 3706 534 Παῦλον
3742 477 3910 531 ἔδωκε

2247 580 2467 646 ξενίσαι,
2517 578 2749 647 ἑτοίμως
2787 577 2853 631 ἂν
2895 580 2990 632 καὶ
3042 576 3180 648 μετὰ
3213 574 3410 646 πολλῆς
3454 572 3554 644 τῆς
3601 570 3916 641 προθυμίας

2245 671 2403 725 τοῦτο
2444 671 2695 738 ἐποίησα.
2735 670 2865 725 Ἰδοὺ
2915 671 3007 724 τὸν
3048 668 3262 723 Παύλου
3304 667 3577 736 Δεσπότην
3623 663 3803 732 ἔξεστί
3826 681 3915 718 σοι

2246 765 2468 832 ξενίσαι,
2507 763 2602 817 καὶ
2631 762 2691 816 06
2728 762 2909 833 βούλει
2929 778 2943 794 ο
2986 762 3040 814 Ὁ
3067 761 3177 830 γάρ
3217 760 3559 831 δεχόμενος,
3585 757 3771 828 φησὶν,
3801 754 3917 811 ἕνα

2244 855 2365 910 τῶν
2406 854 2764 924 ἐλαχίστων,
2804 852 2910 923 ἐμὲ
2944 852 3201 921 δέχεται.
3228 851 3379 921 Ὀσῳ
3411 848 3478 904 ἂν
3515 841 3858 919 ἐλάχιστοςῇ
3886 847 3916 900 0

2244 948 2491 1017 ἁδελφὸς,
2520 944 2758 1016 τοσούτῳ
2785 944 2984 1016 μᾶλλον
3009 946 3038 998 0
3077 942 3313 1014 Χριστὸς
3333 942 3397 995 δι’
3430 940 3595 997 αὐτοῦ
3617 938 3918 1011 παραγίνο-

2244 1058 2350 1094 ται.
2394 1041 2451 1093 Ὀ
2489 1040 2591 1112 μὲν
2614 1040 2721 1110 γὰρ
2750 1039 2839 1093 τὸν
2869 1038 3046 1110 μέγαν
3075 1035 3385 1107 δεχόμενος,
3418 1033 3676 1095 πολλάκις
3699 1030 3797 1085 καὶ
3828 1030 3918 1085 διὰ

2245 1130 2552 1197 κενοδοξίαν
2582 1132 2763 1186 ποιεῖ·
2812 1132 2841 1183 0
2894 1130 2953 1183 δέ
2993 1128 3086 1182 τὸν
3116 1126 3332 1198 μικρὸν,
3376 1122 3634 1195 καθαρῶς
3684 1122 3773 1176 διὰ
3822 1121 3919 1176 τὸν

2245 1223 2499 1296 Χριστόν.
2534 1222 2755 1287 Ἔξεστί
2788 1238 2871 1275 σοι
2908 1222 3001 1275 καὶ
3044 1221 3134 1273 τὸν
3159 1218 3381 1289 Πατέρα
3419 1216 3624 1284 ξενίσαι
3659 1213 3755 1268 τοῦ
3786 1215 3921 1286 Χρι-

2249 1317 2395 1380 στοῦ,
2430 1317 2524 1369 καὶ
2555 1315 2617 1368 οὐ
2658 1314 2858 1385 βούλει·
2885 1312 3071 1378 Ξένος
3102 1313 3211 1381 γὰρ
3238 1311 3426 1381 ἤμην,
3454 1311 3608 1380 φησὶ,
3638 1309 3735 1362 καί
3761 1322 3919 1361 συν-

2245 1406 2495 1475 ηγάγετέ
2543 1421 2619 1474 με
2642 1420 2657 1436 ο
2708 1405 2802 1457 καὶ
2841 1403 3023 1469 πάλιν,
3072 1403 3189 1472 Ἐφ’
3229 1400 3382 1455 ὅσον
3414 1399 3506 1453 ἐνί
3538 1400 3767 1453 τούτων
3796 1393 3923 1448 τῶν

2244 1497 2585 1565 ἐλαχίστων
2612 1495 2959 1564 ἐποιήσατε,
2985 1495 3113 1566 ἐμοὶ
3142 1492 3487 1562 ἐποιήσατε.
3519 1492 3641 1545 Κᾶν
3669 1490 3743 1560 μὴ
3764 1487 3921 1544 I106-

2246 1589 2337 1653 λος
2365 1585 2422 1662 ᾗ,
2463 1589 2655 1652 πιστὸς
2686 1589 2743 1643 δέ
2864 1588 2959 1642 καὶ
3004 1588 3251 1657 ἁδελφὸς,
3306 1586 3408 1639 κᾶν
3463 1585 3742 1653 ἐλάχιστος
3788 1577 3852 1654 ᾗ,
3894 1583 3925 1635 0

2247 1683 2482 1753 Χριστὸς
2523 1683 2591 1735 δι’
2638 1680 2806 1735 αὐτοῦ
2858 1681 3244 1753 παραγίνεται.
3296 1678 3543 1743 ’Δνοιξον
3580 1676 3678 1744 τὴν
3714 1674 3923 1738 ὃίκίαν,

2248 1773 2520 1841 ὑπόδεξαι.
2564 1774 2617 1826 '0
2637 1774 2962 1844 δεχόμενος
2989 1771 3323 1843 προφήτην,
3349 1770 3503 1840 φησὶ,
3533 1765 3755 1838 μισθὸν
3777 1781 3928 1837 προ-

2248 1869 2443 1937 φήτου
2469 1868 2748 1937 λήψεται.
2780 1866 2989 1922 Οὐκοῦν
3022 1867 3116 1920 καὶ
3138 1868 3168 1920 0
3209 1865 3443 1935 Χριστὸν
3477 1861 3793 1932 δεχόμενος,
3824 1860 3930 1933 λήο

2246 1960 2407 2028 ψεται
2438 1958 2626 2029 μισθὸν
2656 1958 2750 2013 τοῦ
2788 1958 2880 2013 τὸν
2920 1956 3156 2029 Χριστὸν
3186 1956 3504 2021 ξενίζοντος.
3550 1954 3640 2024 Μή
3698 1952 3930 2008 ἀπίστει

2248 2054 2359 2116 τοῖς
2401 2049 2549 2123 [διε]
2588 2051 2827 2122 ῥήμασιν
2871 2050 3058 2112 αὐτοῦ,
3099 2048 3238 2102 ἀλλὰ
3283 2047 3442 2115 γενοῦ
3492 2045 3713 2108 πιστός·
3757 2043 3932 2109 αὐτὸς

2250 2140 2421 2205 εἶπεν,
2456 2144 2537 2196 ὅτι
2559 2144 2636 2195 Δι’
2658 2142 2837 2198 αὐτῶν
2861 2141 2971 2211 ἐγὼ
3000 2140 3372 2213 παραγίνομαι
3392 2156 3406 2170 ⁸
3442 2138 3535 2191 καὶ
3567 2138 3656 2190 ίνα
3688 2134 3763 2206 μὴ
3795 2136 3936 2189 ἁπι-

2252 2237 2402 2305 στῇς,
2451 2236 2544 2289 καὶ
2600 2235 2867 2305 τιμωρίας
2921 2232 3095 2304 ὁρίζει
3140 2234 3253 2295 τοῖς
3310 2230 3385 2301 μὴ
3438 2228 3768 2299 δεχομένοις,
3828 2226 3934 2279 καὶ

2247 2324 2410 2393 τιμὰς
2435 2326 2547 2385 τοῖς
2571 2323 2901 2394 δεχομένοις,
2933 2324 3033 2375 οὐκ
3064 2322 3130 2375 ἂν
3169 2321 3327 2375 τοῦτο
3349 2320 3603 2389 ποιήσας,
3636 2321 3685 2373 εί
3720 2318 3795 2391 μὴ
3828 2321 3936 2375 καὶ

2248 2417 2277 2468 0
2297 2414 2547 2484 τιμηθεὶς
2574 2416 2671 2468 καὶ
2690 2417 2718 2467 0
2756 2414 3037 2484 ὑϐρισθεὶς
3061 2412 3223 2475 αὐτὸς
3247 2407 3335 2483 ἦν.
3382 2409 3577 2474 Ἐδέξω
3612 2428 3703 2480 με,
3730 2410 3932 2481 φησὶν,

2250 2508 2331 2568 είς
2357 2505 2419 2557 τὸ
2477 2506 2566 2558 σὺν
2605 2505 2967 2573 καταγώγιον,
3002 2504 3223 2575 δέξομαί
3273 2520 3332 2555 σε
3384 2505 3462 2566 είς
3514 2503 3616 2573 τὴν
3644 2501 3936 2571 βασιλείαν

2250 2598 2345 2651 τοῦ
2380 2599 2593 2670 Πατρός
2625 2614 2727 2667 μου
2753 2615 2767 2627 ·
2802 2596 3000 2661 ἐλυσάς
3034 2614 3124 2668 μοι
3170 2596 3262 2650 τὸν
3312 2596 3492 2667 λιμὸν,
3533 2598 3679 2648 λύσω
3726 2612 3811 2648 σοι
3856 2592 3936 2647 τὰ

2251 2694 2655 2764 ἁμαρτήματα·
2712 2686 2851 2755 εἶδές
2912 2710 2979 2764 με
3025 2692 3327 2764 δεδεμένον,
3389 2695 3619 2768 ὁρᾶσθαί
3674 2714 3734 2750 σε
3787 2699 3938 2753 τωιῶ

2247 2786 2585 2856 λελυμένονδ
2606 2802 2618 2815 ·
2652 2784 2794 2849 εἶδές
2829 2804 2898 2856 με
2936 2786 3111 2854 ξένον,
3145 2788 3286 2843 ποιῶ
3338 2807 3399 2843 σε
3439 2790 3663 2858 πολίτην
3691 2792 3803 2844 τῶν
3830 2793 3936 2846 οὐ·

2250 2878 2457 2949 ρανῶν·
2501 2878 2707 2943 ἔδωκάς
2739 2897 2831 2949 μοι
2877 2880 3063 2952 ἄρτον,
3106 2880 3299 2950 δίδωμί
3351 2898 3433 2934 σοι
3478 2880 3755 2951 βασιλείαν
3808 2882 3937 2936 ὁλό-

2248 2969 2471 3039 κληρον,
2504 2969 2642 3022 ὥστε
2671 2971 3080 3041 κληρονομῆσαι
3110 2972 3205 3025 καὶ
3233 2975 3544 3041 κατασχεῖν.
3583 2971 3763 3024 Δεῦτε
3789 2972 3933 3044 γὰρ,

2249 3063 2406 3132 φησι,
2454 3060 2950 3130 κληρονομήσατε
2987 3064 3104 3130 τὴν
3138 3065 3591 3133 ἡτοιμασμένην
3627 3064 3771 3133 ὑμῖν
3813 3067 3936 3131 ,βα-

2248 3154 2510 3207 σιλείαν.
2558 3155 2672 3207 Οὐκ
2710 3150 2852 3217 εἷπε,
2906 3155 3138 3220 Λάϐετε,
3186 3156 3342 3221 ἀλλὰ,
3396 3158 3935 3225 κληρονομήσατε,

2246 3242 2385 3316 ὅπερ
2442 3246 2533 3299 ἐπὶ
2583 3246 2693 3299 τῶν
2746 3246 2952 3317 κυρίως
3001 3247 3299 3316 κτωμένων
3372 3247 3613 3315 λέγεται,
3656 3249 3733 3312 ὡς
3799 3249 3938 3304 ἄταν

2246 3334 2527 3408 λέγωμεν·
2577 3338 2707 3391 Τόδε
2760 3338 3199 3411 ἐκληρονόμησα.
3241 3338 3529 3410 Ἑποίησας
3580 3340 3661 3403 είς
3711 3340 3819 3410 ἐμὲ
3875 3343 3937 3397 ἐν

2249 3428 2498 3499 κρυπτῷ,
2532 3429 2643 3497 ἐγὼ
2674 3429 2895 3501 κηρύξω
2919 3432 2979 3483 ἐν
3004 3430 3222 3502 φανερῷ
3242 3445 3255 3459 ·
3287 3431 3383 3485 καὶ
3407 3431 3472 3485 τά
3506 3431 3607 3501 μέν
3640 3430 3710 3485 σὰ
3756 3432 3936 3501 λέγω,

2248 3522 2329 3575 011
2362 3521 2583 3591 χάριτος
2627 3517 2714 3592 ἦν,
2745 3522 2813 3575 τὰ
2861 3522 2918 3575 δέ
2971 3523 3100 3593 ἐμά,
3140 3522 3381 3593 όφειλῆς.
3430 3523 3649 3593 Ἐπειδὴ
3692 3525 3808 3595 γὰρ
3844 3526 3934 3590 σὺ,

2250 3611 2432 3681 φησιν,
2462 3611 2633 3682 ἤρξω.
2688 3613 2801 3681 ἐγὼ
2848 3613 3053 3684 ἕπομαι
3103 3616 3199 3669 καὶ
3252 3613 3532 3669 ἀκολουθῶ
3557 3634 3571 3649 ο
3603 3615 3703 3669 οὐκ
3738 3618 3939 3687 αίσχύ⁴

2250 3720 2411 3773 νομαι
2434 3704 2765 3775 ὁμολογῆσαι
2819 3703 2920 3768 τὰς
2953 3707 3036 3769 είς
3088 3706 3190 3776 ἐμὲ
3226 3690 3523 3777 γενομένᾶς
3580 3706 3938 3777 εὐεργεσίας,

2249 3796 2368 3850 οὐδὲ
2406 3796 2566 3849 τίνων
2596 3812 2662 3866 με
2701 3796 3041 3867 άπήλλαξας,
3088 3796 3249 3867 λιμοῦ
3303 3798 3398 3852 καὶ
3450 3799 3795 3869 γυμνότητος
3837 3800 3942 3854 καὶ

2253 3888 2482 3957 πλάνης.
2531 3884 2682 3952 Εἶδες
2716 3905 2783 3959 με
2818 3887 3122 3959 δεδεμένον,
3177 3889 3276 3943 οὐκ
3331 3890 3451 3959 ὕψει
3488 3890 3549 3943 τὸ
3580 3891 3677 3961 τῆς
3700 3891 3942 3963 γεέννης

2251 3978 2361 4050 πῦρ
2382 3995 2396 4009 ·
2430 3975 2567 4042 εἶδές
2622 3996 2689 4049 με
2742 3979 3153 4051 ἀρρωστοῦντα,
3185 3980 3286 4033 οὐκ
3333 3980 3454 4049 ὕψει
3488 3979 3557 4033 τὰ
3589 3980 3939 4052 βασανιστή-

2255 4089 2343 4141 ρια
2373 4072 2495 4125 οὐδέ
2538 4072 2637 4135 τὰς
2679 4074 2973 4144 τιμωρίας.
3008 4074 3073 4125 Ὠ
3109 4076 3291 4144 χεῖρες
3330 4072 3496 4137 ὅντως
3536 4073 3938 4145 εὐλογημέναι,

2250 4166 2306 4217 αἱ
2341 4162 2619 4225 τοιαύταις
2668 4165 3004 4233 οἰκονομίαις
3056 4163 3485 4233 διακονούμεναι,
3522 4166 3577 4217 αί
3631 4166 3941 4231 καταξιού-

2254 4264 2460 4325 μεναια
2513 4254 2806 4323 ὑπηρετεῖν
2851 4254 2929 4325 τῷ
2985 4256 3227 4327 Χριστῷ.
3284 4256 3452 4320 Πόδες
3512 4259 3592 4319 είς
3640 4257 3939 4327 δεσμωτή-

2254 4361 2347 4415 ρια
2400 4343 2705 4413 βαδίζοντες
2759 4344 2845 4397 διὰ
2897 4348 2991 4399 τὸν
3050 4347 3309 4416 Χριστὸν,
3366 4348 3603 4411 εὐκόλως
3655 4352 3938 4405 κατατολ-

2256 4436 2397 4504 μῶσι
2430 4436 2522 4489 τοῦ
2550 4437 2757 4508 πυρός’
2802 4438 2861 4489 ού
2914 4436 3251 4509 λαμϐάνουσι
3302 4444 3496 4512 πεῖραν
3544 4440 3656 4495 τῶν
3705 4441 3939 4512 δεσμῶν

2252 4528 2431 4597 χεῖρες
2482 4544 2539 4581 αι
2592 4528 2878 4600 δεδεμένον
2932 4531 3097 4584 αὐτὸν
3166 4530 3391 4587 ίδοῦσαι.
3448 4531 3736 4595 Ἐνέδυσας
3795 4534 3939 4604 ίμὰ-

2252 4633 2387 4679 τιον,
2436 4620 2529 4673 καὶ
2576 4620 2737 4692 ἐνδύῃ
2774 4623 2988 4693 ἱμάτιον
3034 4623 3338 4692 σωτηρίου·
3385 4623 3571 4691 ἐγένου
3608 4626 3663 4675 ἐν
3708 4623 3939 4696 δεσμω-

2253 4711 2426 4781 τηρίῳ
2457 4714 2576 4781 μετ’
2616 4714 2803 4780 αὐτοῦ,
2846 4715 2941 4767 καὶ
2990 4715 3113 4785 γίνῃ
3164 4716 3221 4767 ἐν
3270 4714 3518 4786 βασιλεία
3570 4717 3685 4787 μετ’
3730 4717 3936 4774 αὐτοῦ.

2255 4803 2441 4858 Ταῦτα
2499 4807 2752 4877 ὁμολογεῖ
2808 4809 2909 4861 οὐκ
2965 4808 3386 4877 αἰσχυνόμενος,
3442 4808 3558 4861 ἀλλ’
3628 4808 3787 4873 εἰδὼς
3849 4800 3960 4867 ὅτι

2255 4896 2416 4949 αὐτὸν
2441 4899 2749 4968 ἐπεσκέψω.
2783 4899 2899 4952 Οὐκ
2937 4899 3051 4970 ⁴ᾔδει
3098 4900 3364 4969 ἀγγέλους
3421 4900 3692 4965 ξενίζωνό
3727 4919 3944 4978 πατρι-

2256 4988 2465 5061 άρχης,
2528 4993 2620 5045 καὶ
2686 4990 2942 5056 ἐξένιζεν.
2990 4992 3414 5064 Αίσχυνθῶμεν,
3470 4994 3776 5067 παρακαλῶ
3804 5014 3821 5029 ο
3879 5001 3944 5053 ἐν

2259 5082 2493 5153 μεσημϐι
2529 5101 2575 5154 ᾳ
2603 5083 2836 5152 ἐκάθητο
2888 5084 2973 5138 ἐπ’
3004 5084 3291 5156 ἀλλοτρίας
3312 5080 3578 5149 ὢν,“ὄπου
3613 5087 3733 5140 οὐδὲ
3772 5088 3941 5163 βῆμα

2257 5173 2415 5238 ποδὸς
2446 5173 2557 5245 εἶχε
2589 5174 2738 5241 ξένος
2772 5170 2862 5246 ἦν,
2894 5178 2988 5233 καὶ
3018 5177 3204 5243 ξένους
3227 5177 3464 5244 ἐξένιζεν
3515 5181 3544 5233 0
3594 5178 3743 5245 ξένος
3765 5197 3779 5211 ·
3831 5203 3941 5239 πο,

2255 5266 2405 5338 λίτης
2436 5269 2542 5336 γὰρ
2570 5263 2637 5337 ἦν
2658 5267 2767 5319 τῶν
2798 5268 3060 5337 οὐρανῶν.
3087 5269 3184 5323 Διὰ
3214 5269 3369 5323 τοῦτο
3398 5270 3519 5324 οὐδὲ
3561 5272 3654 5325 ἐπὶ
3686 5275 3792 5344 γῆς
3831 5276 3940 5345 ὢν,

2258 5358 2403 5425 ξένος
2446 5356 2533 5432 ἦν.
2582 5360 2774 5430 Ἡμεῖς
2812 5363 3022 5416 ἐκείνου
3056 5363 3149 5416 τοῦ
3200 5363 3349 5428 ξένου
3391 5365 3591 5434 μᾶλλον
3638 5365 3801 5431 ξένοις
3864 5372 3942 5441 μὴ

2257 5454 2533 5523 δεχόμενοι
2567 5452 2767 5518 ξένους.
2800 5456 2913 5510 Οὐκ
2946 5452 3093 5527 εἶχεν
3124 5457 3324 5523 οίκίαν,
3353 5460 3448 5512 καὶ
3481 5459 3843 5529 καταγώγιον
3871 5462 3943 5537 ἦν

2257 5549 2404 5618 αὐτῷ
2449 5551 2481 5619 ή
2516 5552 2709 5620 σκηνή.
2739 5550 2845 5603 Καὶ
2886 5552 2987 5621 ὅρα
3019 5551 3080 5605 τὸ
3112 5550 3363 5619 δαψιλέςο
3407 5552 3605 5621 μόσχον
3646 5552 3790 5614 ἔθυε.
3845 5562 3943 5613 καὶ

2258 5646 2459 5717 ἄλευρα
2482 5646 2698 5715 ἔφυρεν.
2736 5647 2933 5698 ’Ἄκουε
2973 5646 3064 5698 καὶ
3095 5644 3155 5698 τὺ
3188 5644 3467 5715 πρόθυμον
3488 5663 3500 5675 ·
3526 5645 3591 5697 δι’
3614 5648 3816 5701 ἐαυτοῦ
3846 5656 3945 5708 καὶ

2256 5738 2354 5805 τῆς
2376 5738 2626 5805 γυναικὸς
2660 5735 2816 5789 τοῦτο
2849 5739 3007 5789 ποιεῖ.
3052 5736 3249 5789 Σκόπει
3270 5737 3363 5789 καὶ
3395 5737 3455 5788 τὸ
3481 5738 3686 5806 ἄτυφον
3710 5755 3725 5768 ·
3755 5758 3945 5813 προσ-

2260 5821 2409 5869 κυνεῐ
2432 5819 2521 5868 καὶ
2554 5816 2881 5885 παρακαλεῖ.

2345 5932 2367 5969 ι)
2400 5932 2548 5987 (Inus,
2595 5934 2857 5991 δεδεμένον,
2905 5932 3003 5994 ὁρῶ
3048 5949 3103 5979 σε
3144 5934 3409 5991 λελυμένον.

2260 5998 2305 6042 αἱ
2334 5995 2542 6041 τοιαῦται
2569 5996 2627 6041 οἱ)
2656 5995 2830 6055 nopiam
2857 5994 3243 6055 οἱκονομούμεναι
3266 5998 3308 6042 αἱ

3531 5936 3547 5962 τ
3599 5933 3734 5984 Hem
3788 5942 3912 5989 cod.
