4120 6334
196 356 303 413 διν

188 473 407 535 Chium,
438 470 490 526 in
512 468 841 545 Trogyiium,
868 469 923 526 in
952 470 1197 536 Samum,
1227 470 1502 539 Miletum;
1530 471 1649 528 dies
1670 488 1786 528 om-

188 580 289 619 nes
300 573 427 619 sunt
444 563 741 619 octodecim
761 581 776 618 :
794 570 975 632 postea
996 561 1049 616 in
1065 560 1253 629 Coum,
1275 563 1326 617 in
1345 562 1616 628 Rhodum,
1637 565 1791 619 Pata-

186 671 308 711 ram
336 672 351 720 ;
376 664 501 710 sunt
531 654 715 726 viginti
740 662 794 707 et
814 668 918 708 una
936 652 1052 708 dies
1078 654 1302 709 :deinde
1326 654 1521 710 istbinc
1550 672 1644 726 per
1670 657 1788 712 dies

187 748 430 817 quinque
455 744 691 817 Tyrum;
720 752 777 799 ut
816 744 923 811 sint
952 744 1069 801 dies
1109 744 1293 815 viginti
1330 761 1423 801 sex
1457 746 1567 800 :ibi
1607 756 1785 816 postea

186 847 399 908 septem
438 836 555 892 dies
587 854 601 891 :
628 845 750 891 sunt
777 835 894 891 dies
922 835 1136 907 triginta
1167 846 1315 891 tres:
1348 835 1475 892 hinc
1496 836 1787 893 Ptolemai-

186 930 316 985 dem
339 944 442 984 una
470 929 594 993 die;
625 936 750 984 sunt
770 928 980 999 triginta
1012 937 1239 998 quatuor
1263 949 1276 983 :
1305 926 1503 985 deinde
1527 930 1789 985 Ciesar'eie

187 1032 374 1079 tuanet
396 1021 635 1095 pluribus
653 1060 671 1087 ,
699 1036 857 1092 quam
897 1020 1023 1075 alibi
1050 1061 1066 1086 ,
1092 1020 1282 1075 diebus
1306 1038 1321 1085 ;
1344 1029 1395 1076 et
1424 1032 1549 1075 tunc
1573 1022 1787 1076 demum

188 1112 319 1170 inde
344 1113 469 1168 illos
493 1113 713 1168 abducit
747 1114 1029 1183 propheta.
1060 1111 1150 1167 Sic
1179 1113 1479 1182 completur
1503 1112 1618 1168 dies
1648 1113 1790 1168 Pen-

188 1214 449 1272 tecostes,
480 1215 536 1261 et
563 1205 634 1260 ibi
658 1204 799 1258 illam
824 1204 1050 1274 peragit.
1078 1202 1209 1257 Vide
1236 1203 1409 1271 illum,
1431 1205 1646 1275 quando
1665 1204 1787 1275 Spi-

185 1296 328 1352 ritus
354 1312 461 1352 non
491 1295 827 1366 prohibebat,
855 1294 1266 1365 obsequentem.
1292 1296 1563 1363 Dicebant,
1598 1298 1682 1351 Ne
1703 1299 1790 1353 des

185 1398 235 1443 te
266 1391 320 1442 in
346 1390 597 1442 theatrum
616 1429 632 1455 ,
661 1395 717 1443 et
745 1401 850 1442 non
880 1385 1030 1441 dedit
1060 1403 1073 1439 :
1104 1400 1250 1457 satpe
1278 1385 1426 1440 illum
1454 1386 1784 1453 educebant.

185 1492 241 1538 et
275 1495 482 1536 morem
510 1479 692 1551 gessit
720 1494 734 1535 :
764 1493 861 1551 per
905 1477 1197 1532 fenestram
1250 1478 1441 1532 iterum
1484 1480 1703 1549 etlugit:
1735 1490 1789 1536 et

189 1588 333 1628 nunc
356 1613 373 1638 ,
408 1582 463 1626 ut
494 1573 562 1626 ita
590 1570 764 1626 dicam
785 1613 798 1637 ,
828 1569 1127 1625 innumeris
1151 1570 1466 1639 rogantibus
1496 1581 1545 1626 et
1572 1572 1696 1643 Tyri
1734 1583 1789 1628 et

187 1663 474 1729 Caesareis,
508 1662 759 1717 ﬂentibus
792 1672 847 1717 et
894 1662 1171 1716 innumera
1216 1661 1399 1731 gravia
1441 1662 1788 1732 pricdicenti-

186 1758 322 1820 bus,
375 1770 481 1811 non
516 1755 696 1823 cedit,
725 1755 968 1824 quamvis
994 1768 1100 1810 non
1141 1754 1303 1810 modo
1350 1757 1533 1825 gravia
1590 1756 1785 1827 praedi-

184 1857 369 1904 oerent
404 1888 421 1913 ,
468 1847 562 1902 sed
614 1848 773 1903 etiam
829 1862 925 1918 per
986 1846 1246 1917 Spiritum
1294 1847 1670 1917 prmdicerent.
1731 1849 1784 1907 Si

183 1955 314 2013 ergo
356 1940 767 2011 Spiritusjussit
795 1981 817 2009 ι
851 1955 949 1995 cur
998 1938 1474 1997 contradicebant?
1500 1942 1634 2009 Quia
1688 1956 1785 1998 ne-

183 2034 427 2089 sciebant
478 2032 709 2104 Spiritus
760 2048 1005 2104 scopum.
1052 2033 1303 2104 Alioquin
1345 2049 1477 2090 vero
1528 2036 1784 2092 adhorta-

186 2126 388 2182 tionem
424 2126 568 2180 illam
602 2140 696 2196 per
723 2123 983 2195 Spiritum
1016 2140 1121 2180 non
1155 2125 1441 2180 faciebant.
1473 2127 1591 2182 Non
1622 2129 1785 2183 modo

183 2218 324 2273 enim
351 2218 534 2288 gravia
563 2216 929 2289 prindicebant
947 2258 963 2283 ,
992 2217 1088 2273 sed
1116 2216 1421 2287 addebant,
1456 2235 1562 2276 non
1591 2236 1785 2278 ascen-

181 2310 419 2369 dendom
448 2328 591 2380 esse,
624 2322 908 2383 parcentes
944 2313 1043 2369 illi.
1076 2313 1143 2369 Et
1173 2316 1411 2386 perfectis
1438 2317 1617 2374 diebus
1641 2359 1657 2385 ,
1699 2320 1785 2375 in-

180 2405 336 2474 quit,
368 2403 419 2460 id
466 2404 808 2475 cst,expletis
842 2423 855 2458 :
889 2405 1004 2462 dies
1032 2415 1210 2463 autem
1251 2407 1384 2463 dicit
1413 2411 1781 2479 praeStitutos:

180 2495 545 2551 deducentibus
584 2512 677 2551 nos
700 2496 931 2551 omnibus
958 2513 1071 2552 cum
1101 2498 1343 2554 uxoribus
1366 2510 1417 2554 et
1447 2500 1637 2557 liberis.

250 2588 307 2642 5.
352 2586 488 2643 Vide
515 2598 713 2658 quanta
743 2590 1043 2645 consolatio
1062 2600 1243 2647 esset:
1268 2602 1323 2647 et
1352 2609 1540 2650 rursus
1566 2605 1787 2653 orantes

176 2678 526 2733 divelluntur.
552 2679 725 2735 Etiam
748 2680 1081 2738 Ptolemaida
1107 2699 1213 2738 uno
1232 2682 1321 2740 die
1347 2696 1588 2752 manent,
1607 2686 1786 2743 Caesa--

176 2783 286 2823 rea:
315 2782 445 2825 vero
476 2770 721 2839 plurimis
741 2769 949 2827 diebus.
974 2770 1044 2827 Et
1068 2774 1283 2843 quando
1309 2774 1513 2830 audivit
1540 2791 1601 2832 se
1629 2778 1785 2833 innu-

177 2875 327 2916 mera
355 2862 540 2931 gravia
566 2877 846 2933 passurum
873 2880 996 2921 esse
1019 2906 1035 2931 ,
1067 2874 1192 2922 tunc
1234 2866 1484 2936 festinat,
1529 2886 1637 2925 non
1663 2886 1784 2928 sese

177 2954 231 3007 in
262 2953 501 3022 pericula
527 2956 821 3026 conjiciens
845 3000 860 3024 ,
888 2957 983 3012 sed
1016 2967 1211 3029 putans
1241 2961 1470 3030 Spiritus
1494 2976 1617 3018 esse
1644 2979 1783 3033 prai-

173 3055 417 3114 ceptum.
447 3047 536 3103 15.
585 3045 711 3102 Post
755 3048 863 3104 dies
892 3059 1064 3105 autem
1094 3050 1223 3118 hos,
1260 3054 1468 3123 inquit,
1506 3058 1786 3126 praeparati

174 3140 574 3195 escendebamus
606 3143 661 3195 in
687 3142 1014 3209 Jerusalem;
1042 3146 1095 3199 id
1126 3156 1205 3200 est
1224 3188 1237 3211 ,
1273 3150 1508 3217 acceptis
1537 3150 1601 3205 iis
1620 3192 1634 3213 ,
1662 3167 1784 3221 qum

174 3235 243 3287 ad
276 3234 381 3288 iter
404 3235 705 3289 necessaria
732 3246 907 3291 erant.
930 3236 1015 3293 16.
1054 3235 1304 3292 Venerunt
1332 3251 1500 3294 autent
1523 3242 1785 3297 nobiscum

174 3337 220 3380 et
268 3343 333 3381 ea;
380 3326 646 3397 discipulis
684 3346 719 3382 a
763 3330 1032 3396 Ctesarea,
1067 3331 1377 3386 adducentes
1422 3349 1595 3387 secum
1640 3336 1783 3404 apud

173 3434 321 3485 quem
364 3419 774 3488 hospitaremur,
830 3420 1133 3476 Mnasonem
1179 3425 1449 3495 quemdam
1494 3424 1738 3496 Cyprium
1761 3469 1777 3493 ,

176 3511 446 3579 antiquum
475 3510 805 3583 discipulum.
853 3514 939 3569 17.
973 3511 1042 3568 Et
1080 3530 1199 3568 cum
1224 3518 1531 3572 uenissemus
1566 3518 1780 3574 Jeroso-

175 3600 371 3670 lgmam
393 3640 407 3663 ,
437 3601 646 3656 libenter
672 3614 972 3672 exceperunt
1000 3622 1091 3659 nos
1116 3609 1320 3675 fratres.
1373 3608 1438 3663 Et
1479 3611 1602 3666 vide
1627 3654 1641 3677 ,
1674 3630 1779 3668 non

174 3692 319 3745 dixit
344 3692 562 3762 Agabus
587 3711 599 3745 :
625 3692 846 3748 Paulum
871 3695 1131 3766 ligabunt,
1152 3711 1219 3752 ne
1241 3698 1517 3755 videretur
1538 3717 1604 3756 cx
1627 3712 1781 3772 pacto

174 3783 359 3837 dicere
386 3799 400 3848 ;
433 3784 549 3848 sed,
590 3784 785 3852 Virum,
810 3786 959 3857 cujus
989 3797 1061 3841 est
1092 3804 1223 3842 zona
1254 3789 1380 3845 haec.
1416 3792 1556 3863 Ergo
1588 3809 1779 3851 zonam

177 3872 431 3929 habebat.
465 3873 599 3941 Quia
628 3890 759 3933 vero
786 3877 1016 3933 suadere
1050 3894 1155 3934 non
1200 3889 1484 3951 poterant,
1519 3884 1639 3939 ideo
1684 3886 1780 3942 ile-

176 3966 327 4033 bant,
360 3967 557 4023 delnde
586 3969 929 4039 quieverunt.
962 3970 1124 4027 Vides
1152 3972 1548 4045 philosophiam
1577 3978 1599 4031 ?
1630 3978 1781 4035 vides

175 4062 381 4115 amoris
405 4059 701 4116 aﬂectum?
729 4061 1041 4133 Quieoimus,
1066 4065 1258 4137 inquit,
1291 4068 1536 4139 dicentes,
1581 4071 1779 4127 Volun-

176 4160 255 4207 tas
276 4151 490 4207 Domini
517 4154 631 4222 fiat.
664 4154 1006 4219 Adducentes.
1038 4159 1230 4228 inquit,
1258 4163 1401 4231 apud
1428 4180 1573 4232 quem
1600 4167 1779 4238 hospi-

174 4257 420 4300 taremur.
450 4245 618 4318 Igitur
649 4263 752 4303 non
786 4249 840 4305 in
863 4252 1114 4307 ecclesia.
1149 4252 1300 4309 Tunc
1325 4256 1467 4310 enim
1493 4301 1507 4322 ,
1537 4274 1656 4313 cutn
1682 4276 1781 4331 pro

172 4334 518 4406 dogmatibus
544 4338 945 4408 ascendebant,
982 4342 1033 4396 in
1064 4344 1293 4400 ecclesia
1328 4346 1775 4420 bospitabantur,

173 4442 315 4483 nunc
342 4444 475 4484 vero
503 4429 644 4501 apud
669 4430 990 4502 discipulum
1019 4435 1304 4505 quemdam
1332 4440 1633 4511 antiquum.
1662 4444 1771 4499 Os-

175 4520 475 4591 trnditjam
498 4520 664 4577 fuisse
691 4525 909 4595 longum
940 4527 1339 4597 praedicationis
1364 4541 1574 4603 tempus
1599 4554 1612 4591 :
1638 4538 1779 4594 unde

173 4612 303 4667 mihi
334 4612 548 4669 videtur
569 4614 621 4668 in
649 4615 799 4671 Actis
826 4617 1027 4673 multos
1050 4634 1222 4675 annos
1252 4623 1551 4695 succidere,
1583 4638 1638 4682 et
1658 4644 1778 4699 quas

174 4705 440 4775 urgebant
462 4713 666 4761 tantum
688 4706 887 4762 dicere.
917 4709 1054 4776 Quid
1082 4711 1182 4767 sibi
1207 4714 1317 4768 vult
1346 4715 1496 4782 illud,
1536 4716 1778 4776 Voluntas

173 4795 385 4851 Domini
413 4799 505 4867 ﬁat
525 4800 552 4855 ξ’
577 4801 837 4859 Dominus
862 4844 878 4870 ,
910 4804 1118 4875 inquit,
1162 4808 1302 4876 quod
1337 4810 1587 4879 placitum
1614 4824 1695 4868 est
1724 4815 1776 4870 in

172 4889 346 4944 oculis
367 4890 501 4954 suis,
526 4890 707 4947 faciet.
732 4895 1028 4961 Quiescunt
1056 4908 1237 4953 autem
1258 4900 1357 4968 illi,
1383 4919 1559 4974 neque
1581 4917 1779 4977 cogunt

172 4978 321 5033 illum
349 4997 365 5033 :
391 4979 532 5037 forte
575 4985 765 5053 gnari,
810 5002 931 5043 esse
976 4990 1307 5047 voluntatem
1354 4995 1489 5064 Dei,
1520 4999 1663 5068 quod
1708 5016 1777 5056 ex

172 5071 324 5127 Pauli
364 5071 579 5129 fervore
607 5076 982 5145 conjectabant
1012 5099 1023 5132 :
1059 5096 1181 5136 nam
1223 5084 1423 5156 alioqui
1462 5104 1567 5142 non
1599 5099 1776 5149 tantus

173 5164 322 5219 Pauli
372 5166 552 5223 fervor
592 5166 829 5235 fuisset,
872 5188 1045 5243 neque
1093 5176 1232 5231 Deus
1278 5181 1650 5249 permisisset,
1684 5186 1775 5255 qui

171 5271 389 5324 semper
420 5250 570 5313 iilum
601 5274 629 5312 a
659 5262 911 5329 periculis
939 5276 1172 5321 eruerat.
1202 5268 1291 5324 Sic
1320 5271 1573 5328 nolebant
1592 5250 1773 5333 Eccle-

169 5351 268 5400 sia:
296 5354 447 5403 oneri
479 5366 622 5418 esse,
646 5367 767 5408 cum
789 5355 925 5411 alius
948 5369 1113 5424 esset,
1144 5362 1231 5430 qui
1257 5362 1377 5417 illos
1401 5365 1632 5435 hospitio
1654 5384 1773 5425 sus-

169 5442 399 5508 ciperet,
435 5458 611 5514 neque
639 5445 897 5502 honorem
929 5452 1235 5520 exigebant.
1266 5454 1502 5512 Libenter
1530 5501 1545 5525 ,
1579 5461 1768 5533 inquit,

166 5545 477 5604 exceperunt
520 5553 612 5590 nos
641 5539 844 5607 fratres.
890 5541 999 5597 Res
1032 5554 1157 5600 tunc
1202 5547 1251 5599 in
1294 5564 1423 5618 pace
1449 5563 1601 5608 erant
1630 5557 1770 5625 apud

170 5622 389 5682 inda-os
416 5669 429 5689 ,
466 5643 567 5683 nec
604 5629 801 5685 bellum
828 5642 888 5687 ut
922 5636 1069 5703 prius
1097 5646 1232 5692 erat.
1261 5638 1515 5697 Ducentes
1542 5622 1768 5711 nos,-iu-

166 5727 320 5785 quit,
349 5720 491 5787 apud
515 5736 666 5790 quem
709 5723 1099 5793 hospitaremur.
1135 5730 1354 5787 Paulum
1404 5735 1492 5790 ille
1542 5739 1769 5809 hospitio

162 5810 493 5881 excipiebat.

1163 354 1229 410 ΙΝ
1265 352 1448 411 ACTA
1493 353 2017 413 APOSTOLOllUM.
2061 356 2290 417 HOMIL.
2336 342 2498 417 XLV.

3400 374 3503 431 3H

1986 471 2326 546 Hospitalitas
2344 479 2827 535 commendatur.-—
2847 482 2997 559 Dicet
3020 484 3244 543 fortasse
3269 501 3400 546 vesti
3417 510 3505 546 um

1899 566 2164 634 quispiam
2193 583 2206 619 :
2228 564 2287 623 Si
2311 568 2430 638 quis
2450 569 2579 625 milii
2610 570 2834 627 Paulqu
2865 574 3100 644 hospitio
3124 580 3504 648 excipiendum

1897 655 2116 712 olferret
2135 699 2150 722 ,
2183 658 2236 713 id
2263 670 2508 731 prompte
2529 671 2585 718 et
2623 663 2879 720 alacriter
2909 668 3165 726 facerem.
3186 670 3328 727 Ecce
3359 675 3502 729 Pauli

1900 747 2182 806 Dominum
2208 752 2302 807 tibi
2329 751 2565 824 bospitio
2586 758 2836 827 excipere
2859 759 3003 827 licet,
3026 772 3082 818 et
3105 780 3212 821 non
3242 766 3318 821 vis
3341 786 3358 824 :
3382 785 3503 823 nam

1897 837 2011 893 ait:
2050 840 2149 907 Qui
2179 843 2390 915 suscipit
2433 862 2593 901 unum
2639 865 2704 903 ea:
2747 849 2826 905 his
2868 853 3094 911 minimi:
3119 898 3134 920 ,
3181 875 3265 913 me
3292 862 3506 931 suscipit

1898 928 2113 997 (nauli.
2145 934 2233 990 ιε.
2267 935 2322 991 5.
2354 934 2483 991 Luc.
2508 938 2562 995 9.
2593 940 2709 1011 48).
2744 942 2958 1011 Quanto
2999 949 3179 1005 minor
3204 961 3286 1006 est
3317 928 3503 1020 frater,

1900 1028 2048 1077 tanto
2091 1025 2264 1097 magis
2309 1023 2561 1087 Christus
2610 1049 2706 1101 per
2756 1037 2933 1106 ipsum
2975 1040 3214 1099 advenit.
3246 1044 3379 1102 Nam
3412 1050 3503 1120 qui

1898 1129 2149 1185 magnum
2176 1120 2485 1191 quempiam
2513 1125 2734 1196 excipit,
2764 1143 2864 1198 per
2888 1146 3078 1187 vanam
3105 1149 3253 1207 secpe
3272 1138 3501 1209 gloriam

1898 1205 1949 1298 id
1975 1209 2128 1279 agit;
2160 1211 2252 1282 qui
2285 1228 2415 1269 vero
2462 1230 2687 1287 parvum
2707 1260 2725 1288 ,
2771 1236 2907 1291 pure
2955 1239 3174 1298 propter
3189 1205 3499 1288 Christum.

1897 1296 2047 1354 Licet
2070 1299 2160 1355 tibi
2191 1303 2354 1358 etiam
2378 1305 2593 1364 Patrem
2619 1308 2821 1367 Christi
2851 1296 3128 1386 excipere.
3162 1330 3216 1375 et
3248 1338 3353 1379 non
3380 1327 3460 1383 vis
3485 1346 3498 1382 :

1897 1406 2019 1444 nam
2050 1394 2155 1459 ait,
2190 1394 2391 1466 Hospes
2414 1414 2554 1455 erant
2595 1414 2641 1456 et
2667 1403 2945 1477 collegistis
2972 1426 3070 1476 me,
3101 1421 3157 1467 et
3186 1414 3403 1485 iterum,
3432 1418 3501 1474 1η

1895 1496 2138 1555 quantum
2157 1490 2347 1561 fecistis
2364 1493 2454 1546 uni
2472 1510 2538 1549 ea:
2551 1496 2632 1550 his
2650 1498 2895 1565 minimis,
2920 1503 3047 1558 mihi
3066 1507 3258 1576 fecistis
3282 1510 3498 1580 (Hatth.

1894 1575 1985 1632 25.
2016 1578 2107 1634 55.
2138 1580 2254 1650 to).
2288 1582 2403 1639 Etsi
2435 1585 2636 1643 Paulus
2663 1603 2772 1646 non
2804 1592 2895 1655 sit,
2927 1594 2973 1649 si
3006 1594 3180 1654 fidelis
3209 1575 3363 1659 sit-et
3390 1603 3501 1659 fra-

1896 1676 1982 1724 ter
2005 1671 2254 1737 ,etiamsi
2292 1675 2587 1745 minimus,
2620 1677 2869 1737 Christus
2901 1691 3082 1741 tamen
3110 1703 3209 1760 per
3236 1692 3387 1748 illum
3409 1695 3502 1750 ad-

1896 1762 2061 1815 venit.
2091 1764 2253 1831 Aperi
2293 1764 2537 1836 domum,
2560 1770 2779 1844 excipe.
2807 1775 2912 1843 Qui
2947 1779 3129 1850 recipit
3158 1785 3458 1856 prophetam
3484 1830 3499 1856 ,

1895 1852 2069 1923 inquit
2092 1896 2106 1921 ,
2155 1859 2436 1913 mercedem
2482 1864 2748 1933 prophetae
2786 1869 2997 1940 recipiet
3025 1870 3046 1945 (
3074 1852 3167 1927 Id.
3214 1852 3304 1933 1D.
3336 1880 3418 1936 41
3454 1852 3498 1950 ).

1895 1941 2037 2014 Ergo
2058 1947 2147 2015 qui
2172 1949 2365 2020 recipit
2389 1951 2688 2021 Christum,
2714 1959 2942 2030 recipiet
2970 1941 3277 2024 mercedem
3298 1941 3499 2029 Christi

1893 2039 2310 2109 peregrinantis.
2340 2043 2419 2099 Ne
2463 2045 2638 2103 [idem
2666 2065 2831 2122 neges
2868 2054 3049 2113 verbis
3077 2058 3195 2127 ejus
3217 2102 3231 2127 ,
3263 2062 3358 2119 scd
3382 2073 3501 2121 csto

1894 2129 2178 2188 conlidens
2210 2151 2224 2187 :
2255 2133 2371 2204 ipse
2415 2136 2584 2204 dixit,
2636 2140 2741 2196 Per
2787 2144 2907 2200 illos
2935 2162 3036 2219 ego
3063 2149 3331 2208 advenio:
3365 2166 3419 2211 ct
3443 2167 3501 2214 ut

1895 2235 1963 2275 ne
1984 2221 2061 2277 sis
2089 2223 2400 2281 incredulus
2426 2267 2442 2293 .
2473 2231 2795 2302 supplicium
2825 2235 3071 2294 decernit
3097 2257 3202 2297 non
3233 2247 3499 2316 reeipien-

1895 2311 2058 2383 tibus,
2092 2314 2327 2375 honores
2361 2322 2751 2393 recipientibus
2782 2346 2795 2382 :
2831 2344 2940 2386 non
2970 2331 3073 2389 hoc
3102 2333 3362 2404 facturus,
3397 2344 3499 2397 nisi

1894 2400 1985 2458 ille
2016 2404 2424 2466 velltonoratus
2464 2413 2547 2468 vel
2572 2419 2905 2475 contumelia
2934 2421 3160 2481 affectus
3191 2427 3304 2498 ipse
3330 2444 3489 2487 esset.

1890 2491 2184 2565 Suscepisti
2213 2514 2300 2555 mc
2326 2544 2339 2567 ,
2371 2501 2582 2574 inquit,
2628 2507 2682 2563 in
2709 2509 2794 2563 div
2821 2514 3012 2568 :rsorio
3043 2524 3135 2573 tuo
3160 2536 3175 2584 ;
3207 2524 3497 2594 suscipiam

1894 2592 1948 2638 te
1974 2585 2027 2640 in
2054 2601 2279 2657 regnum
2298 2590 2481 2648 Patris
2506 2596 2613 2651 mei
2644 2614 2657 2651 :
2688 2600 2895 2658 solvisti
2940 2604 3070 2661 mihi
3102 2606 3299 2666 famem
3329 2585 3497 2678 ;'sol-

1891 2688 2013 2729 vam
2073 2678 2167 2733 tibi
2217 2693 2433 2750 peccata
2467 2701 2481 2738 :
2515 2686 2694 2745 vidisti
2744 2707 2833 2747 me
2894 2696 3182 2767 vinctum;
3237 2704 3403 2761 videri
3448 2717 3499 2764 te

1892 2765 2083 2824 faciam
2112 2771 2346 2829 solutum
2374 2776 2387 2807 '
2416 2794 2430 2831 :
2460 2778 2638 2836 vidisti
2666 2798 2754 2838 me
2784 2788 3124 2858 peregrinum
3221 2794 3413 2854 faciam
3448 2810 3498 2856 te

1888 2861 2063 2918 civem
2088 2866 2343 2922 caelorum
2371 2869 2607 2929 :dedisti
2628 2875 2761 2931 mihi
2793 2892 2986 2949 panem
3012 2899 3026 2949 ;
3056 2883 3127 2940 do
3152 2886 3245 2942 tibi
3273 2905 3497 2962 regnum

1891 2963 2067 3011 totum
2088 3000 2102 3023 ,
2132 2969 2188 3014 ut
2215 2962 2342 3017 illud
2367 2964 2526 3022 heres
2550 2970 2786 3040 accipias
2810 2976 3189 3045 et'possideas.
3216 2984 3303 3038 Ait
3329 2987 3497 3055 etiim,

1905 3043 2078 3101 Venite
2100 3089 2115 3110 ,
2169 3054 2421 3121 possidete
2468 3067 2705 3125 paratum
2748 3043 2905 3119 vobis
2930 3083 3146 3138 regnum
3203 3072 3223 3143 ζ
3256 3072 3345 3128 Id.

1890 3136 2155 3235 5&)._Non
2185 3143 2339 3213 dicit,
2372 3148 2658 3221 Accipite;
2691 3153 2822 3220 sed,
2856 3136 3124 3217 Possidete
3158 3182 3177 3218 .-
3201 3136 3343 3235 quod
3369 3136 3498 3226 uici.

1892 3240 1978 3327 tur
2001 3230 2070 3288 de
2096 3234 2183 3301 iis,
2213 3251 2304 3306 qui
2332 3252 2461 3295 vere
2490 3243 2809 3312 possident,
2845 3258 2903 3303 ut
2926 3266 3049 3306 cum
3081 3230 3314 3313 dicimus
3338 3303 3352 3327 ,
3387 3263 3499 3319 Hoc

1889 3319 2193 3379 hereditate
2218 3327 2453 3395 possedi.
2482 3329 2683 3388 Fecisti
2714 3336 2842 3391 mihi
2876 3339 2930 3394 in
2953 3345 3165 3399 occulto
3189 3364 3203 3412 ;
3234 3319 3500 3423 cgo'prat-

1886 3411 2079 3470 dicabo
2108 3417 2160 3471 in
2186 3416 2474 3476 manifesto
2497 3439 2511 3475 :
2540 3434 2594 3479 et
2623 3433 2710 3481 tua
2738 3429 2955 3498 quidem
2988 3433 3132 3505 dico,
3160 3411 3295 3510 qui;
3309 3411 3497 3515 gratia:

1890 3517 2048 3564 erant
2077 3527 2092 3576 ;
2125 3526 2244 3567 mea
2275 3528 2405 3569 vero
2431 3515 2597 3572 debiti
2630 3531 2774 3575 sunt.
2802 3522 2936 3592 Quia
2966 3529 3109 3583 cnim
3151 3541 3205 3587 tu
3238 3538 3449 3607 ccepisti
3482 3582 3495 3604 .

1890 3599 2095 3669 inquit,
2119 3617 2220 3673 ego
2247 3619 2478 3675 sequar:
2509 3624 2615 3664 non
2649 3611 2814 3680 pudet
2840 3631 2928 3673 me
2958 3616 3115 3677 fateri
3144 3599 3340 3683 collata
3366 3599 3495 3688 mihi

1888 3690 2169 3759 beneﬁcia,
2203 3711 2302 3751 nec
2328 3711 2356 3750 a
2384 3699 2584 3770 quibus
2610 3718 2697 3758 me
2725 3704 3062 3778 liberaveris,
3093 3730 3123 3769 a
3154 3715 3313 3785 fame,
3342 3726 3497 3779 nudi-

1889 3791 2017 3851 tate,
2044 3801 2250 3842 errore.
2278 3788 2467 3845 Vidisti
2496 3808 2584 3848 me
2613 3794 2832 3867 ligatum
2860 3818 2874 3865 ;
2908 3818 3014 3857 non
3044 3806 3255 3863 videbis
3285 3814 3493 3882 gelicn-

1889 3891 1972 3930 nte
1994 3876 2205 3946 ignem:
2233 3879 2412 3936 vidisti
2441 3897 2529 3939 me
2557 3885 2862 3957 infirmum;
2891 3908 2999 3950 non
3027 3896 3235 3955 videbis
3259 3876 3497 3962 tormen-

1890 3975 1942 4020 ta
1968 3982 2067 4023 nec
2094 3971 2378 4040 supplicia.
2409 3972 2455 4029 0
2484 3991 2680 4033 manus
2710 3996 2836 4037 vere
2867 3983 3189 4058 benedictae,
3218 4011 3338 4063 qua:
3367 4000 3492 4054 tali-

1887 4058 1988 4112 bus
2016 4061 2329 4118 ministeriis
2368 4066 2651 4137 serviunt,
2701 4088 2822 4143 quae
2862 4076 3156 4148 dignantur
3187 4088 3497 4147 ministrare

1888 4148 2105 4205 Christo
2133 4151 2147 4205 !
2179 4152 2351 4210 Pedes
2373 4156 2424 4210 in
2452 4172 2700 4217 carceres
2729 4176 2926 4224 euntes
2954 4182 3175 4243 preptcr
3198 4177 3491 4250 Christum,

1888 4241 2043 4298 facile
2068 4255 2423 4304 contemnunt
2465 4251 2687 4322 ignem;
2729 4258 2937 4315 vincula
2985 4280 3092 4321 non
3142 4274 3496 4341 experiuntur

1886 4437 1942 4483 et
1970 4428 2209 4487 indueris
2232 4443 2379 4488 veste
2408 4435 2630 4492 salutari
2658 4458 2672 4494 :
2708 4440 2852 4498 fuisti
2877 4461 3000 4502 cum
3032 4450 3126 4505 illo
3156 4453 3208 4509 in
3240 4471 3495 4529 carcere;

1885 4520 2013 4575 etin
2042 4537 2208 4592 regno
2233 4537 2354 4580 cum
2391 4525 2485 4583 illo
2508 4530 2639 4585 eris.
2670 4531 2798 4590 Haec
2842 4542 3135 4598 confitetur
3161 4563 3267 4601 non
3302 4520 3495 4609 erube:

1884 4627 2063 4681 scens,
2082 4615 2176 4669 sed
2195 4617 2372 4673 sciens
2400 4627 2452 4675 te
2478 4619 2629 4677 illum
2658 4623 2927 4685 invisisse.
2951 4631 3241 4693 Nesciebat
3264 4647 3493 4711 patriar-

1884 4705 1984 4759 cha
2015 4720 2074 4761 se
2099 4708 2319 4778 angelos
2343 4711 2596 4782 excipere
2627 4715 2784 4784 (Gen.
2822 4722 2907 4776 18.
2936 4724 3011 4793 5).
3047 4736 3103 4783 et
3134 4705 3313 4789 tamen
3344 4741 3493 4793 excio

1886 4797 2086 4867 piebat.
2130 4799 2531 4861 Erubescamus
2557 4849 2573 4874 ,
2609 4809 2840 4868 obsecro
2871 4833 2886 4869 :
2918 4817 2970 4872 in
3002 4823 3229 4881 meridie
3271 4830 3495 4889 sedebat
3572 4827 3581 4833 ’

1886 4890 1937 4944 in
1966 4900 2106 4945 terra
2136 4894 2334 4962 aliena,
2360 4896 2597 4953 nondum
2626 4901 2780 4971 pedis
2808 4910 3093 4980 vestigium
3116 4913 3349 4976 habebat
3371 4940 3493 4981 cum

1884 4988 2200 5057 peregrinus
2220 4999 2386 5057 esset,
2403 5001 2457 5048 et
2478 4996 2793 5065 peregrinos
2811 5001 3113 5073 excipiebat
3134 5015 3456 5084 peregrinus
3478 5038 3490 5074 ι

1884 5083 2017 5138 civis
2045 5085 2189 5141 enim
2215 5088 2471 5145 caelorum
2502 5101 2639 5147 erat.
2688 5093 2814 5151 ideo
2854 5114 2955 5154 nec
2984 5083 3303 5176 peregrinus
3333 5123 3449 5168 crat
3474 5156 3489 5180 ,

1882 5192 2003 5231 cum
2050 5178 2104 5233 in
2137 5189 2277 5236 terra
2312 5192 2475 5239 esset.
2524 5184 2635 5241 Nos
2681 5189 2853 5259 magis
2881 5207 3039 5260 quam
3092 5197 3183 5253 ille
3224 5178 3489 5275 peregrini

1881 5282 2067 5325 sumus
2090 5312 2105 5336 ,
2138 5272 2229 5343 qui
2268 5275 2582 5346 peregrinos
2622 5294 2729 5333 non
2758 5284 3077 5353 excipimus.
3115 5288 3343 5348 Domum
3359 5272 3489 5355 ⁷ιιοιι

1884 5359 2112 5416 habebat
2136 5403 2151 5430 ,
2184 5373 2240 5419 et
2281 5365 2686 5423 tabernaculum
2732 5371 2833 5441 ipsi
2862 5374 3221 5436 diversorium
3254 5397 3389 5442 crat.
3424 5390 3489 5448 Et

1882 5453 2025 5520 vide,
2055 5470 2214 5525 quam
2244 5456 2422 5513 lautus
2452 5460 2521 5514 sit
2554 5479 2567 5514 :
2602 5463 2831 5519 vitulum
2864 5472 3142 5540 mactavit,
3172 5486 3229 5531 et
3260 5477 3485 5536 farinam

1882 5545 2118 5601 miscuit.
2168 5550 2306 5603 Audi
2351 5551 2616 5608 fervorem
2652 5573 2666 5609 :
2698 5572 2795 5625 per
2823 5574 2883 5613 se
2913 5570 2965 5616 ct
2992 5577 3091 5634 per
3118 5581 3343 5625 uxorem
3390 5574 3489 5629 hoc

1881 5635 2024 5691 facit.
2059 5638 2339 5710 Perpende
2382 5659 2542 5714 quam
2584 5647 2654 5701 sit
2698 5662 2727 5701 a
2773 5649 2911 5707 fastu
2942 5652 3189 5715 alienus:
3215 5661 3408 5721 adorat
3436 5677 3487 5721 iet

1881 5732 2149 5789 obsecrat.

1951 5848 1963 5875 ι
2003 5854 2133 5898 L‘nus
2150 5850 2293 5913 legit,
2314 5850 2480 5903 ridebo
2496 5860 2539 5904 te
2565 5841 2791 5907 solutum.
