4094 6336
608 321 715 381 519

680 437 734 492 4.
784 432 1167 503 Hospitalitatis
1194 430 1525 485 conditiones.
1550 455 1621 467 -—
1639 424 1763 479 litae
1788 424 1985 492 quippe
2009 419 2187 475 omnia

610 535 823 597 oportet
852 524 1051 578 habere
1080 522 1205 577 eum
1226 564 1239 585 ,
1269 522 1359 590 qui
1391 517 1701 588 peregrinos
1735 513 1935 582 excipit
1964 530 1977 566 :
2012 511 2189 567 fervo-

611 632 724 673 rem
750 657 766 682 ,
799 616 1121 670 hilaritatem
1146 654 1162 680 ,
1194 610 1586 669 liberalitatem.
1631 605 1866 676 ilospitis
1894 607 2039 659 enim
2068 605 2189 657 ani-

613 724 731 763 mus
756 708 1025 764 erubescit
1053 717 1108 763 et
1133 703 1471 777 pudibundus
1496 709 1579 757 est
1606 743 1622 767 ,
1658 710 1711 755 et
1738 700 1782 754 si
1808 713 1910 752 non
1938 695 2191 768 gaudium

613 806 879 853 monstret
908 806 1182 867 exceptor,
1215 794 1363 865 quasi
1389 793 1677 862 despectus
1702 789 1977 855 abscedit,
2026 802 2090 842 ac
2118 789 2196 841 sic

613 891 891 960 excepisse
911 889 1150 945 deterius
1174 897 1255 942 est
1276 928 1291 952 ,
1319 900 1479 957 quam
1504 886 1549 940 si
1582 899 1689 940 non
1716 884 2039 952 excepisset.
2072 880 2197 935 Ideo

592 985 836 1046 adorat,
886 981 1006 1035 ideo
1034 994 1095 1035 se
1121 980 1372 1047 excipere
1417 976 1589 1042 dicit,
1630 974 1753 1030 ideo
1794 973 1981 1029 sellam
2012 970 2190 1026 oll‘ert.

616 1076 748 1143 Quis
779 1074 919 1129 enim
946 1072 1281 1136 dubitasset,
1318 1070 1506 1124 videns
1536 1068 1637 1123 hoc
1664 1068 1738 1122 illi
1765 1080 1900 1137 opus
1918 1064 2066 1121 esse?
2092 1062 2196 1119 Sed

617 1180 717 1221 nos
748 1180 850 1218 non
879 1165 930 1217 in
958 1162 1130 1217 aliena
1160 1171 1302 1217 terra
1325 1159 1551 1215 sumus?
1574 1159 1679 1215 Sed
1705 1160 1747 1213 si
1772 1158 2019 1214 velimus.
2050 1166 2201 1225 pote-

618 1256 786 1310 rimus
807 1253 955 1310 illum
985 1252 1203 1309 imitari.
1233 1252 1374 1320 Quot
1399 1250 1639 1320 hospites
1668 1258 1794 1305 sunt
1816 1264 1882 1303 ex
1910 1246 2200 1302 fratribus?

617 1346 713 1401 Est
738 1344 1039 1400 communis
1067 1343 1261 1398 domus
1289 1340 1532 1397 ecclesiae
1558 1381 1573 1407 ,
1604 1354 1764 1410 quam
1794 1353 2004 1394 xenona
2040 1352 2201 1392 voca-

617 1450 737 1490 mus
763 1452 781 1489 :
814 1434 1026 1490 curiose
1055 1433 1307 1505 inquirite
1335 1432 1495 1486 etiam
1523 1444 1618 1486 vos
1642 1470 1658 1494 ,
1704 1428 1891 1485 sedete
1920 1430 1985 1483 ad
2020 1430 2159 1483 fores
2183 1468 2199 1492 ,

622 1526 895 1580 venientes
921 1522 1175 1594 suscipite
1207 1540 1221 1577 :
1251 1523 1296 1575 si
1327 1537 1433 1575 non
1462 1521 1512 1573 in
1543 1520 1735 1575 domos
1766 1530 1974 1575 vestras
1999 1560 2014 1584 ,
2044 1520 2202 1573 aliter

623 1616 731 1671 illis
759 1616 1056 1670 neccsssaria
1084 1614 1439 1683 suppeditate.
1493 1612 1629 1680 Quid
1662 1611 1834 1682 ergo?
1864 1612 2098 1681 inquies;
2134 1626 2200 1665 au

621 1707 847 1762 ecclesia
884 1722 990 1761 non
1033 1706 1235 1761 habet?
1267 1705 1478 1769 Habet;
1524 1705 1617 1760 sed
1649 1704 1774 1774 quid
1820 1704 1921 1759 hoc
1961 1704 2026 1757 ad
2070 1705 2205 1758 vos?

621 1814 687 1853 an
706 1800 749 1852 si
772 1813 802 1852 a
828 1798 1200 1853 communibus
1226 1797 1470 1852 ecclesiae
1500 1797 1740 1866 pecuniis
1767 1795 1998 1862 alantur,
2035 1796 2083 1849 id
2117 1812 2202 1847 vo-

624 1891 708 1946 bis
742 1890 998 1959 prodesse
1043 1889 1284 1959 poterit?
1327 1905 1393 1944 an
1443 1890 1487 1941 si
1518 1888 1655 1942 alius
1696 1898 1961 1956 precetur,
2014 1898 2065 1940 tu
2099 1902 2205 1940 non

624 1983 789 2038 debes
819 1982 1069 2053 precari?
1117 1996 1214 2036 cur
1256 1996 1361 2036 non
1405 1982 1541 2035 dicis
1577 2002 1589 2037 :
1622 1979 1762 2045 Quid
1793 1981 1981 2035 enim?
2027 1994 2204 2033 annon

613 2075 929 2134 sacerdotes
960 2072 1288 2143 precantur?
1315 2087 1409 2126 cur
1453 2087 1554 2141 ego
1584 2071 1793 2125 orabo?
1840 2074 1908 2124 At
1934 2085 2034 2140 ego
2057 2111 2072 2135 ,
2125 2070 2206 2122 in-

623 2168 773 2237 quies
794 2205 813 2231 ,
843 2166 914 2222 do
936 2166 1024 2222 ἱειί
1049 2208 1065 2231 ,
1092 2166 1183 2236 qui
1216 2180 1322 2219 non
1354 2174 1529 2233 potest
1556 2165 1645 2217 illo
1672 2164 1877 2217 venire.
1914 2163 1989 2215 Da
2017 2161 2207 2215 saltem

626 2260 699 2314 illi
732 2279 745 2314 :
776 2260 916 2329 quod
946 2259 1088 2312 enim
1116 2257 1407 2327 quaerimus
1437 2257 1537 2311 hoc
1563 2264 1643 2309 est
1662 2295 1677 2320 ,
1708 2263 1761 2309 ut
1789 2255 2012 2309 omnino
2036 2254 2207 2308 detur.

626 2348 765 2403 Audi
786 2348 911 2419 quid
937 2348 1078 2402 dicat
1104 2347 1293 2401 Paulus
1323 2365 1335 2399 :
1367 2344 1432 2399 Ut
1454 2355 1497 2398 et
1520 2345 1601 2410 iis,
1625 2360 1737 2414 qua
1757 2360 1867 2397 vere
1887 2345 2053 2396 vidum
2071 2352 2209 2407 sunt,

627 2442 877 2513 suﬁciant
902 2481 919 2507 ,
946 2451 993 2496 et
1019 2456 1081 2494 ne
1108 2448 1341 2510 gravetur
1364 2439 1571 2493 ecclesia
1613 2438 1632 2506 (
1659 2439 1710 2490 1.
1736 2435 1870 2491 Tim.
1899 2438 1951 2491 5.
1983 2436 2051 2490 16
2077 2439 2116 2505 ).
2147 2434 2215 2491 Ut

631 2538 759 2601 vis,
812 2533 935 2598 fac;
985 2533 1163 2589 solum
1231 2532 1333 2588 fac.
1398 2531 1513 2601 Ego
1564 2546 1691 2584 vero
1767 2545 1871 2583 non
1926 2529 2088 2594 dico,
2148 2527 2218 2583 Ut

633 2641 741 2681 non
788 2633 1043 2697 gravetur
1081 2623 1353 2688 ecclesia;
1408 2622 1544 2688 sed,
1589 2620 1655 2677 Ut
1689 2631 1743 2675 tu
1786 2636 1889 2674 non
1938 2619 2214 2690 graveris:

637 2721 735 2774 hac
758 2718 901 2775 etiim
927 2716 1334 2773 ratiocinatione
1362 2714 1493 2769 nihil
1520 2714 1715 2780 facies,
1744 2714 1921 2769 omnia
1949 2715 1997 2768 ei
2028 2714 2218 2768 remit-

638 2823 776 2867 tens.
809 2808 934 2866 ldeo
952 2825 1238 2873 commune
1261 2796 1593 2863 domiciiium
1616 2816 1699 2863 est
1723 2809 1790 2862 ab
1812 2806 2051 2862 Ecclesia
2078 2808 2217 2861 assi-

635 2912 853 2973 gnatum
876 2942 890 2965 ,
922 2910 978 2955 ut
1006 2900 1124 2956 haec
1164 2914 1269 2955 non
1299 2898 1469 2953 dicas.
1508 2898 1613 2954 Sed
1646 2906 1889 2967 sumptus
1920 2897 2081 2952 habet
2126 2912 2219 2951 ec-

642 2994 808 3050 clesia
830 3033 847 3059 ,
874 2992 1083 3064 inquies
1108 3010 1123 3047 :
1145 2992 1400 3062 pecunias
1424 2990 1586 3045 habet
1610 3000 1664 3044 et
1689 2990 1912 3044 reditus.
1945 2990 2039 3044 Dic
2066 2989 2219 3054 mihi,

643 3103 712 3141 an
755 3096 998 3154 sumptus
1027 3100 1129 3139 non
1163 3084 1356 3139 habet?
1385 3083 1748 3154 quotidianam
1796 3096 2087 3152 expensam
2119 3096 2224 3135 non

644 3176 844 3239 habet?
875 3175 1070 3242 Etiam,
1102 3176 1328 3245 inquies.
1360 3175 1471 3230 Cur
1495 3189 1624 3244 ergo
1646 3188 1751 3228 non
1781 3172 2002 3243 adjuvas
2024 3172 2228 3227 medio-

642 3271 886 3325 critatem
917 3270 1076 3339 ejus?
1120 3268 1203 3323 le
1236 3268 1396 3337 pudet
1426 3266 1542 3320 haec
1568 3264 1750 3319 dicere
1780 3281 1793 3317 :
1824 3274 2080 3319 caeterum
2121 3278 2226 3319 non

644 3376 799 3433 cogo.
826 3360 884 3416 Si
909 3362 1027 3430 quis
1054 3369 1202 3430 putat
1229 3360 1437 3414 lucrum
1466 3371 1589 3413 esse
1616 3372 1738 3427 qua:
1764 3354 2031 3419 dicuntur,
2071 3355 2230 3410 faciat

648 3456 747 3509 sibi
790 3452 1179 3508 xenodochium
1218 3452 1275 3505 in
1320 3452 1481 3505 domo
1517 3466 1534 3516 ;
1586 3449 1743 3502 isthic
1788 3448 1981 3503 lectum
2018 3456 2190 3503 statue
2214 3490 2229 3516 ,

650 3545 808 3601 isthic
847 3553 1093 3599 mensam
1124 3549 1179 3593 et
1229 3542 1523 3595 lucernam.
1566 3538 1848 3607 Quomodo
1888 3554 1993 3592 non
2037 3537 2231 3614 absur;

650 3636 774 3691 dum
803 3634 999 3699 fuerit,
1027 3634 1071 3688 si
1100 3634 1315 3688 veniant
1344 3633 1539 3687 milites
1562 3673 1577 3698 ,
1610 3630 1810 3686 habere
1838 3645 1933 3685 vos
1962 3632 2231 3700 assignata

655 3727 950 3793 domicilia,
979 3740 1223 3796 magnam
1268 3739 1457 3795 gerere
1504 3738 1723 3787 curam.
1773 3723 2060 3793 omniaque
2109 3722 2236 3791 ipsis

655 3818 1058 3873 subministrare
1079 3858 1093 3881 ,
1143 3816 1266 3887 quia
1297 3816 1371 3871 illi
1399 3816 1599 3870 bellum
1631 3816 1733 3871 hoc
1758 3816 2013 3871 sensibile
2048 3814 2237 3885 depel-

663 3913 776 3969 lunt
810 3927 823 3963 :
858 3910 1095 3978 hospites
1127 3923 1253 3964 vero
1278 3949 1294 3974 ,
1334 3908 1420 3961 ubi
1461 3907 1824 3970 diversentur,
1860 3921 1966 3961 non
1998 3906 2240 3961 habere?

661 4003 819 4057 Vince
846 4000 1149 4057 ecclesiam.
1196 3997 1285 4053 Vis
1330 4012 1431 4053 nos
1478 3997 1674 4052 rubore
1720 3995 2084 4066 perfundere?
2128 3995 2241 4050 Hoc

660 4097 777 4150 l'ac:
811 4093 1131 4149 liberalitate
1157 4105 1351 4160 supera
1384 4107 1399 4145 :
1434 4088 1570 4145 habe
1602 4088 1929 4144 domicilium
1956 4102 2061 4158 quo
2092 4086 2245 4141 Chri-

657 4198 774 4240 stus
806 4184 1105 4239 diversetur
1133 4201 1148 4239 :
1174 4182 1296 4248 dic,
1323 4180 1447 4236 Haec
1492 4190 1578 4235 est
1616 4180 1805 4235 cellula
1843 4180 2083 4244 Christi;
2130 4178 2246 4233 hare

661 4278 852 4331 domus
879 4274 956 4328 illi
985 4274 1217 4343 seposita
1246 4282 1329 4329 est
1355 4290 1368 4324 :
1397 4273 1614 4328 etiamsi
1646 4273 1750 4328 vile
1776 4271 2105 4326 domicilium
2135 4271 2203 4324 sit
2227 4310 2243 4337 ,

665 4382 772 4424 non
816 4364 1155 4435 dedignatur.
1197 4364 1383 4420 Nudus
1413 4372 1469 4419 et
1512 4366 1706 4435 hospes
1743 4362 1988 4418 Christus
2014 4362 2245 4427 circuit,

668 4470 808 4515 tecto
834 4459 1007 4513 solum
1044 4473 1210 4528 egens
1241 4475 1253 4511 :
1286 4459 1476 4513 saltem
1506 4458 1629 4512 huic
1658 4468 1848 4527 praesta
1884 4476 1897 4513 :
1930 4472 1998 4511 ne
2024 4458 2099 4511 sis
2123 4471 2246 4512 eru-

662 4550 797 4604 delis
824 4564 923 4604 nec
949 4548 1271 4603 inhumanus
1292 4588 1307 4612 ,
1336 4560 1512 4618 neque
1539 4549 1591 4603 in
1620 4548 1781 4603 rebus
1807 4547 2155 4602 saecularibus
2179 4549 2249 4602 ita

666 4640 953 4697 vehemens
973 4682 989 4708 ,
1022 4642 1076 4697 in
1112 4641 1480 4710 spiritualibus
1508 4656 1639 4697 vero
1676 4639 1920 4710 frigidus.
1964 4641 2077 4694 Hoc
2100 4656 2248 4694 com-

668 4735 904 4788 mittatur
930 4734 1128 4788 famulo
1169 4733 1407 4787 omnium
1439 4732 1757 4787 fidelissimo
1777 4774 1790 4795 ,
1839 4742 1893 4786 et
1921 4733 1966 4785 is
1992 4733 2210 4787 mutilos
2234 4775 2248 4800 ,

672 4822 984 4891 mendicos,
1014 4832 1069 4877 et
1093 4837 1188 4877 eos
1214 4862 1229 4885 ,
1259 4824 1347 4892 qui
1388 4824 1504 4878 sine
1532 4833 1672 4878 tecto
1721 4833 1881 4887 sunt,
1928 4822 2251 4879 introducat.

669 4916 795 4971 linat:
820 4915 941 4970 dico
961 4954 977 4979 ,
1010 4926 1067 4968 ut
1099 4916 1165 4968 ad
1196 4916 1455 4988 pudorem
1486 4933 1748 4971 moveam.
1792 4917 2082 4988 Oporteret
2107 4920 2252 4974 enim

670 5024 885 5067 sursum
911 5008 1053 5063 domi
1086 5008 1204 5063 illos
1233 5010 1473 5079 recipere
1498 5025 1514 5073 ;
1552 5012 1637 5064 sin
1668 5010 1806 5064 nolis
1828 5051 1842 5077 ,
1871 5011 2059 5067 saltem
2091 5011 2252 5079 infra,

671 5103 760 5158 ubi
796 5100 947 5166 muli,
989 5100 1077 5155 ubi
1114 5098 1318 5168 famuli,
1343 5100 1612 5156 Christum
1638 5103 1837 5173 recipe.
1878 5103 2037 5160 Forte
2063 5106 2257 5161 exhor-

674 5195 881 5250 rescitis
906 5192 1209 5249 audientes.
1250 5194 1389 5260 Quid
1418 5211 1544 5265 ergo
1574 5238 1590 5263 ,
1620 5197 1665 5250 si
1696 5212 1764 5251 ne
1791 5196 1906 5253 haec
1932 5198 2145 5269 quidem
2176 5200 2255 5255 fe-

674 5288 899 5342 ceritis?
926 5288 1063 5343 Ecce
1088 5286 1293 5352 hortor,
1326 5303 1450 5344 ecce
1478 5290 1599 5346 dico
1632 5309 1647 5345 :
1678 5293 1791 5349 Hoc
1816 5295 1967 5351 vobis
1992 5310 2136 5350 curre
2166 5296 2255 5350 sit.

680 5383 749 5437 At
772 5383 849 5438 sic
881 5398 985 5438 non
1010 5382 1212 5439 vultis?
1239 5383 1379 5454 Ergo
1406 5384 1511 5439 alio
1540 5387 1696 5443 modo
1728 5386 1922 5445 facite:
1948 5398 2073 5445 sunt
2103 5390 2254 5444 multi

1376 316 1435 372 S.
1473 312 1745 370 JOANNIS
1782 306 2250 366 CIIRYSOSTOMI
2289 305 2601 361 ARClilEP.
2643 306 3167 369 CONSTANTINOP.

3782 310 3901 367 δελ)

2302 434 2562 488 pauperes
2594 420 2870 494 utriusque
2896 440 3057 481 sexus
3091 444 3103 479 :
3134 434 3410 495 segregate
3436 423 3660 478 omnino
3680 467 3696 487 ,
3730 435 3784 478 ut
3817 426 3898 478 ιιιι

2300 510 2491 579 aliquis
2518 521 2732 566 maneat
2758 530 2769 565 :
2798 514 2866 566 sit
2897 514 3085 570 saltem
3116 515 3307 569 domus
3330 523 3513 570 custos
3540 529 3747 585 pauper
3776 557 3790 569 .
3822 516 3905 570 sit

2302 603 2392 656 tibi
2422 617 2604 657 murus
2630 613 2685 659 et
2711 620 2866 675 sepes
2890 648 2905 671 ,
2940 618 3146 662 scutum
3177 616 3232 663 et
3259 606 3433 663 hasta.
3477 607 3577 663 Ubi
3604 617 3690 662 est
3750 606 3905 661 eice-

2302 711 2519 767 mosyna
2542 737 2557 761 ,
2586 712 2651 752 eo
2678 714 2782 752 non
2810 700 2970 754 audet
2993 700 3254 756 accedere
3278 700 3543 765 diabolus,
3572 715 3747 771 neque
3778 714 3903 754 ma-

2301 788 2409 845 lum
2442 789 2745 859 quodpiam.
2780 789 2890 851 Ne,
2924 807 3107 860 quasso
3128 834 3141 855 ,
3172 792 3533 861 despiciamus
3564 802 3770 847 tantum
3804 793 3899 847 iu-

2302 894 2470 935 crum.
2502 879 2651 935 Nunc
2678 895 2805 934 vero
2828 882 3005 935 currui
3027 882 3241 951 quidem
3269 883 3571 954 assignatus
3600 884 3750 939 locus
3779 894 3893 951 est,

2302 979 2357 1025 et
2376 970 2641 1026 basternis
2661 972 2815 1037 alius;
2837 972 3051 1027 Christo
3070 982 3245 1030 autem
3269 975 3467 1029 erranti
3494 976 3693 1030 nullus.
3720 976 3902 1031 Abra-
3946 1036 3951 1041 _

2303 1061 2426 1115 ham
2478 1062 2563 1115 ubi
2599 1064 2710 1132 ipse
2755 1063 3039 1131 manebat,
3081 1064 3153 1119 ibi
3200 1064 3437 1135 hospites
3478 1065 3811 1136 recipiebat;
3844 1077 3907 1122 et

2304 1166 2435 1207 uxor
2461 1153 2612 1221 quasi
2642 1154 2833 1208 ancilla
2860 1155 3072 1221 stabat,
3102 1155 3177 1210 illi
3203 1171 3332 1210 vero
3359 1157 3509 1226 quasi
3539 1156 3762 1212 domini.
3791 1154 3908 1213 Ne-

2304 1242 2507 1297 sciebat
2527 1257 2585 1301 se
2606 1243 2897 1308 Christum,
2916 1260 2976 1299 se
3002 1246 3223 1315 angelos
3245 1246 3525 1316 recipere;
3551 1247 3595 1301 si
3621 1248 3905 1313 scivisset,

2304 1336 2484 1388 omnia
2509 1345 2797 1405 erogaSSet.
2818 1330 2926 1390 Nos
2949 1352 3077 1391 vero
3101 1337 3223 1391 licet
3256 1339 3489 1392 sciamus
3508 1354 3538 1393 a
3559 1338 3713 1393 nobis
3741 1337 3911 1395 Chri—

2306 1436 2446 1480 stum
2475 1428 2667 1495 excipi,
2696 1444 2801 1482 non
2828 1437 3025 1483 tantam
3050 1428 3372 1486 exhibemus
3393 1445 3573 1486 curam
3594 1472 3609 1498 ,
3638 1441 3907 1502 quantam

2309 1518 2415 1583 ille,
2449 1520 2537 1588 qui
2569 1519 2787 1589 putabat
2808 1536 2868 1576 se
2898 1521 3142 1576 homines
3172 1522 3434 1593 recipere.
3468 1526 3537 1578 At
3566 1524 3719 1578 multi
3744 1534 3905 1591 sunt,

2310 1611 2556 1681 inquies,
2606 1612 2926 1683 deceptores
2968 1622 3023 1669 et
3068 1616 3279 1685 ingrati.
3326 1616 3392 1670 Et
3434 1617 3555 1671 hinc
3588 1616 3681 1672 tibi
3723 1617 3910 1687 major

2310 1715 2536 1767 merces,
2563 1702 2777 1771 quando
2799 1705 3010 1758 nomine
3034 1704 3233 1759 Christi
3259 1706 3477 1776 accipis.
3509 1706 3564 1761 Si
3600 1707 3744 1762 nosti
3780 1722 3914 1763 esse

2310 1792 2625 1862 deceptores
2646 1834 2659 1856 ,
2695 1808 2761 1846 ne
2792 1795 2968 1862 recipe
2998 1793 3140 1848 domi
3167 1812 3181 1861 ;
3224 1798 3306 1850 sin
3337 1812 3441 1852 non
3474 1798 3651 1865 nosti,
3684 1813 3783 1853 cur
3821 1810 3910 1855 te-

2312 1900 2459 1939 mere
2496 1885 2758 1939 accusas?
2809 1885 2931 1940 ldeo
2975 1886 3134 1951 dico,
3167 1886 3307 1942 Eant
3380 1891 3432 1944 in
3481 1890 3909 1946 xenodochium.

2313 1977 2439 2043 Qu;e
2472 1994 2599 2032 vero
2625 1978 2891 2047 defensio,
2925 1980 3138 2050 quando
3161 1996 3227 2035 ne
3254 1995 3347 2036 eos
3377 1982 3615 2053 quidem,
3643 1998 3782 2053 quos
3809 1998 3913 2038 no-

2313 2071 2523 2133 vimus,
2574 2072 2896 2141 recipimus,
2941 2071 3037 2126 sed
3082 2073 3329 2127 omnibus
3376 2076 3516 2131 iores
3563 2075 3913 2131 claudimus?

2316 2158 2395 2213 Sit
2414 2160 2609 2214 Christi
2636 2162 3004 2231 pandocheum
3035 2173 3217 2218 nostra
3243 2164 3433 2220 domus
3458 2184 3470 2220 :
3499 2175 3815 2235 repetamus
3844 2167 3915 2221 ab

2318 2250 2422 2327 illis
2444 2253 2759 2316 mercedem,
2794 2269 2899 2306 non
2929 2267 3232 2324 argentum,
3260 2257 3353 2311 sed
3378 2266 3432 2311 ut
3458 2255 3653 2312 faciant
3679 2257 3913 2312 domum

2319 2352 2553 2395 nostram
2582 2342 2781 2397 Christi
2814 2346 3257 2413 receptaculum:
3285 2348 3776 2403 circumcursemus
3803 2366 3914 2404 uu-

2320 2436 2502 2509 dique,
2538 2436 2831 2504 trahamus,
2860 2448 3108 2491 venatum
3136 2439 3462 2508 abripiamus
3490 2457 3502 2491 τ
3532 2440 3705 2509 majus
3737 2441 3918 2495 bene-

2323 2532 2497 2587 ﬁcium
2527 2532 2814 2600 accipimus
2835 2571 2851 2596 ,
2892 2545 3051 2601 quam
3079 2531 3286 2606 damus.
3335 2531 3448 2584 Non
3474 2532 3635 2601 iubeo
3665 2542 3913 2587 mactare

2324 2626 2545 2679 vitulum
2580 2643 2593 2677 :
2627 2624 2693 2678 da
2726 2639 2915 2693 panem
2960 2628 3173 2694 egenti,
3229 2636 3431 2680 veSIem
3473 2625 3652 2690 nudo,
3707 2635 3917 2681 tectum

2329 2718 2546 2787 hospiti.
2570 2716 2648 2771 Ne
2675 2724 2850 2771 autem
2882 2718 2995 2771 hmo
3028 2728 3309 2787 praetextis,
3338 2716 3436 2772 Est
3462 2716 3791 2772 domicilium
3836 2731 3924 2773 ec-

2323 2810 2501 2865 clesia:
2546 2825 2868 2876 commune;
2914 2811 3039 2864 illuc
3098 2811 3328 2876 mittito,
3392 2820 3448 2866 et
3517 2821 3573 2864 tu
3624 2810 3921 2880 susciples.

2325 2901 2456 2955 Nam
2516 2902 2605 2957 ille
2658 2904 2817 2957 etiam
2869 2916 3094 2967 eorum,
3142 2918 3260 2971 qua:
3298 2918 3327 2954 a
3380 2902 3589 2958 famulis
3634 2913 3750 2956 acta
3805 2902 3923 2956 fue-

2333 3008 2495 3062 rant,
2547 2995 2847 3049 mercedem
2894 2996 3095 3048 habuit.
3155 2995 3227 3048 ita
3278 3004 3433 3049 erant
3488 2994 3716 3049 instituti
3780 2994 3924 3049 illius

2331 3089 2483 3159 pueri
2525 3106 2536 3140 :
2569 3086 2898 3152 currebant,
2947 3101 3046 3139 nec
3092 3088 3499 3141 murmurabant
3539 3087 3678 3141 sicut
3706 3086 3923 3151 nostri;

2332 3183 2454 3237 illos
2473 3183 2613 3237 enim
2644 3184 2759 3252 pios
2780 3180 3084 3238 reddiderat
3106 3200 3119 3235 :
3141 3183 3192 3236 in
3221 3182 3417 3237 bellum
3443 3182 3622 3247 traxit,
3650 3196 3749 3237 nec
3777 3196 3926 3236 mur-

2334 3274 2637 3340 murahant;
2668 3275 2737 3327 ita
2763 3274 3066 3345 philosophi
3088 3285 3261 3329 erant.
3290 3273 3539 3329 Omnium
3564 3274 3708 3329 enim
3740 3287 3927 3328 curam

2339 3366 2562 3435 gerebat
2607 3375 2663 3419 ut
2692 3368 2772 3419 sui
2803 3365 2967 3435 ipsius
2997 3382 3011 3419 :
3041 3380 3105 3420 ac
3141 3365 3250 3420 fere
3273 3407 3288 3432 ,
3324 3374 3381 3420 ut
3409 3365 3510 3421 Job
3540 3366 3758 3421 dicebat
3790 3382 3804 3418 :
3837 3364 3927 3419 Si-

2338 3457 2521 3509 militer
2552 3454 2756 3526 formati
2786 3472 2959 3509 sumus
2987 3457 3037 3508 in
3063 3456 3237 3510 eodem
3265 3467 3431 3510 ventre
3460 3456 3582 3527 (Job
3623 3458 3715 3514 35.
3748 3458 3827 3531 6).

2412 3550 2811 3603 Domesticorum
2834 3565 2955 3603 cura
2982 3549 3231 3603 habenda.
3261 3578 3331 3589 -—-
3356 3550 3539 3619 itaque
3565 3559 3619 3605 et
3649 3566 3751 3605 nos
3778 3566 3931 3609 cure-

2340 3660 2461 3698 mus
2486 3643 2713 3697 saiutem
2740 3650 2975 3697 nostram
2994 3684 3008 3708 ,
3036 3652 3088 3696 et
3135 3656 3381 3711 magnam
3409 3641 3702 3697 habeamus
3747 3644 3932 3700 dome-

2342 3742 2602 3790 sticorum
2635 3734 3071 3801 sollicitudinem,
3112 3742 3169 3789 ut
3194 3736 3303 3789 sint
3334 3733 3486 3803 probi
3516 3742 3571 3789 et
3599 3733 3793 3805 vigiles
3822 3754 3840 3789 ι
3868 3738 3933 3791 sit

2346 3829 2506 3881 etiam
2537 3826 2865 3881 domesticus
2901 3836 3085 3880 noster
3126 3826 3177 3879 in
3209 3826 3273 3880 iis
3296 3867 3311 3890 ,
3342 3842 3461 3895 qua:
3489 3825 3555 3881 ad
3588 3826 3759 3882 Deum
3810 3842 3933 3897 spec

2347 3930 2515 3985 etant,
2545 3920 2838 3975 institutus.
2880 3918 2995 3973 Non
3013 3919 3114 3973 erit
3145 3928 3329 3988 postea
3358 3919 3527 3975 virtus
3557 3920 3713 3975 nobis
3744 3920 3933 3977 difﬁci-

2348 4014 2412 4067 lis
2436 4055 2451 4075 .
2485 4011 2528 4067 si
2560 4013 2682 4065 illos
2708 4010 2874 4081 probe
2904 4012 3265 4065 instituamus.
3302 4009 3457 4064 Sicut
3494 4011 3640 4065 enim
3668 4011 3723 4064 in
3753 4011 3893 4066 bello
3917 4053 3931 4078 ,

2350 4122 2471 4160 cum
2504 4107 2701 4161 milites
2726 4115 2851 4161 sunt
2876 4104 3015 4159 bene
3053 4103 3284 4157 ordinati
3312 4146 3327 4169 ,
3374 4103 3480 4157 dux
3511 4103 3666 4159 facile
3695 4114 3934 4175 pugnat;

2351 4208 2538 4252 contra
2568 4214 2694 4251 vero
2720 4238 2734 4260 ,
2767 4196 2811 4251 si
2840 4210 2945 4249 non
2978 4196 3048 4248 ita
3076 4194 3146 4249 sit
3178 4211 3191 4247 :
3225 4195 3400 4249 nautis
3432 4196 3558 4249 item
3585 4195 3935 4251 consentien-

2357 4290 2497 4342 tibus
2523 4330 2536 4354 ,
2568 4287 2891 4357 gubernator
2934 4286 3085 4340 nullo
3127 4287 3339 4356 negetio
3374 4286 3733 4358 gubernacula
3763 4287 3931 4358 regit:

2358 4381 2428 4434 ita
2459 4381 2503 4434 si
2530 4380 2635 4434 sint
2665 4378 2846 4432 famuli
2871 4388 3013 4433 recte
3044 4378 3291 4443 instituti,
3326 4393 3433 4434 non
3464 4378 3621 4435 facile
3647 4379 3933 4436 exacerba-

2358 4472 2501 4526 beris
2524 4513 2541 4538 ,
2575 4488 2679 4525 non
2707 4470 3009 4541 objurgabis
3030 4512 3045 4539 ,
3079 4487 3182 4526 non
3216 4472 3465 4527 irasceris
3490 4514 3504 4535 ,
3534 4486 3641 4527 non
3670 4474 3932 4527 convicia-

2363 4566 2525 4619 bcris.
2566 4562 2707 4618 Fieri
2735 4579 2945 4634 quoque
2979 4573 3190 4633 potest,
3244 4574 3302 4618 ut
3332 4565 3559 4621 famulos
3604 4566 3905 4621 reverearis
3928 4604 3941 4626 .

2358 4658 2401 4710 si
2430 4658 2539 4711 sint
2568 4655 2908 4711 admirabiles
2942 4674 2955 4710 :
2986 4657 3191 4725 ipsique
3220 4664 3272 4710 te
3298 4655 3561 4724 juvabunt
3581 4697 3597 4724 ,
3626 4664 3683 4711 et
3711 4657 3781 4712 ad
3809 4656 3939 4711 bona

2361 4747 2734 4802 hortabuntur.
2777 4748 2858 4801 Ab
2884 4746 2968 4801 his
2994 4754 3170 4801 autem
3201 4747 3448 4802 omnibus
3475 4749 3653 4804 omnia
3690 4748 3808 4806 Deo
3840 4748 3941 4818 pla-

2363 4840 2465 4894 cita
2488 4847 2663 4906 erunt,
2688 4848 2743 4894 et
2768 4840 2845 4894 sic
2876 4847 2985 4893 tota
3008 4838 3199 4892 domus
3222 4838 3530 4909 implebitur
3549 4840 3939 4902 benedictione,

2364 4943 2418 4989 et
2445 4935 2522 4989 sic
2544 4949 2606 4987 ea
2630 4975 2645 4999 ,
2674 4948 2792 5003 quae
2824 4934 2932 4986 Deo
2961 4931 3205 5000 placent,
3240 4930 3495 4988 facientes
3519 4970 3538 4999 ,
3568 4948 3768 5003 magno
3801 4932 3937 4987 frue-

2365 5041 2483 5080 mur
2503 5040 2735 5096 superno
2758 5023 3008 5097 prmsidio
3037 5042 3050 5077 :
3076 5024 3216 5094 quod
3238 5041 3343 5079 non
3366 5040 3557 5081 omnes
3579 5027 3797 5099 assequi
3820 5040 3936 5080 con-

2366 5118 2567 5189 tingat,
2617 5119 2785 5189 gratia
2835 5127 2891 5171 et
2968 5116 3294 5187 benignitate
3344 5120 3556 5174 Domini
3604 5121 3778 5175 nostri
3824 5118 3941 5174 Jesu

2366 5210 2561 5265 Christi
2587 5252 2602 5277 ,
2632 5212 2847 5280 quicum
2881 5210 3022 5265 Patri
3053 5221 3107 5265 et
3133 5209 3353 5281 Spi‘ritui
3385 5220 3577 5266 sancto
3600 5211 3771 5283 gloria
3799 5254 3812 5272 .
3847 5212 3937 5265 im-

2368 5305 2569 5373 perium
2597 5345 2611 5370 ,
2651 5304 2844 5369 honor,
2879 5318 3016 5357 nunc
3042 5312 3096 5358 et
3124 5317 3357 5375 semper,
3388 5311 3445 5358 et
3472 5302 3525 5358 in
3552 5304 3751 5361 saecula
3775 5317 3934 5360 Saccu-

2367 5397 2560 5450 lorum.
2602 5399 2795 5451 Amen.
