4094 6336
214 421 325 478 819

284 536 350 591 δ’.
369 534 559 589 Πάντα
604 536 706 607 γὰρ
722 533 895 589 ταῦτα
910 534 992 589 δεῖ
1009 532 1100 587 τὸν
1119 528 1397 600 ξενίζοντα
1414 530 1558 601 ῐχειν
1580 545 1592 558 ·
1621 528 1683 582 τὸ
1705 527 1907 599 πρόθυ-

214 642 345 695 μον,
394 623 456 677 τὸ
501 623 755 695 φαιδρὸν,
805 622 867 675 τὸ
897 620 1147 690 άφθονον.
1196 618 1258 672 Ἤ
1297 619 1406 691 γάρ
1447 617 1543 670 τοῦ
1580 617 1731 684 ξένου
1758 614 1908 685 ψυχὴ

210 711 450 783 ἐρυθριᾷ
470 712 565 765 καὶ
586 710 929 782 αἰσχύνεται·
955 707 1056 762 κᾶν
1081 707 1155 779 μὴ
1183 705 1303 777 μεθ’
1326 704 1633 776 ὑπερϐολῆς
1659 702 1906 774 ἐπιδείξῃ

210 802 418 871 χαρὰν,
456 800 535 863 ὡς
572 798 865 869 ἀλογηθε“ις
897 795 1329 862 ἀπαλλάσσεται,
1370 794 1468 849 καὶ
1503 792 1691 847 λοιπὸν
1722 794 1907 863 χεῖρον

209 890 411 957 γέγονε
429 900 457 929 ι
478 887 573 941 τοῦ
606 887 683 959 μὴ
708 884 1069 951 ὑποδέξασθαι
1098 882 1162 936 τὸ
1185 880 1363 947 οὕτως
1392 879 1775 951 ύποδεχθῆναι.
1806 878 1907 933 Διά

206 980 377 1034 τοῦτο
419 982 739 1050 προσκυνεῖ,
780 976 869 1031 διὰ
894 974 1053 1029 τοῦτο
1087 974 1170 1045 τῷ
1190 974 1335 1045 λόγῳ
1360 974 1595 1044 δέχεται,
1634 969 1723 1025 διά
1748 968 1908 1025 τοῦτο

203 1068 276 1137 τῇ
311 1065 575 1137 καθέδρᾳ.
603 1065 699 1128 Τίς
723 1063 831 1134 γάρ
860 1062 928 1117 ἀν
949 1060 1232 1135 ἠπορήθη,
1254 1060 1411 1123 εἰδὼς
1431 1062 1515 1113 δτι
1554 1057 1716 1112 τοῦτο
1744 1056 1906 1129 ἔργον

202 1152 364 1224 αὐτῷ
394 1147 502 1224 ἦν;
562 1151 701 1206 Ἀλλ’
731 1152 834 1204 οὐκ
866 1150 960 1203 ἐπὶ
993 1149 1152 1221 ξένης
1180 1148 1350 1218 ἐσμὲν
1384 1149 1574 1218 ήμεῖς;
1631 1144 1773 1199 Ἀλλ’
1810 1146 1906 1200 ἐὰν

204 1238 480 1309 θέλωμεν,
525 1237 870 1309 δυνησόμεθα
909 1237 1077 1291 αὐτὸν
1127 1233 1496 1307 μιμήσασθαι.
1544 1234 1710 1289 Πόσοι
1762 1233 1905 1299 ξένοι

202 1329 318 1380 εἰσὶ
348 1328 463 1382 τῶν
490 1326 771 1395 ἀδελφῶνς
810 1326 997 1380 Ἔστιν
1023 1324 1231 1395 οτκημα
1261 1324 1440 1378 κοινὸν
1464 1324 1499 1395 ή
1533 1320 1816 1393 ἐκκλησία.
1846 1320 1905 1374 δν

202 1413 420 1480 ξενῶνα
452 1412 760 1484 καλοῦμεν·
801 1410 1231 1485 περιεργάζεσθε
1261 1412 1356 1465 καὶ
1391 1412 1571 1481 ὑμεῖς,
1602 1408 1903 1474 καθέζεσθε

202 1503 361 1572 παρά
407 1502 508 1567 τὰς
547 1501 740 1574 θύρας,
772 1502 900 1574 τοὺς
928 1500 1261 1572 ἐρχομένους
1293 1497 1622 1569 ὑποδέχεσθε
1641 1514 1655 1527 ·
1686 1497 1788 1553 κᾶν
1828 1497 1903 1569 μὴ

200 1592 288 1655 εἰς
309 1590 412 1655 τάς
440 1573 627 1654 οἰκίας
646 1588 800 1661 ὑμῶν
829 1573 1119 1661 βούλησθε,
1152 1588 1269 1641 ἀλλ’
1300 1587 1505 1658 ἑτέρως
1528 1586 1595 1639 τά
1626 1585 1765 1656 πρὸς
1803 1585 1904 1649 τάς

201 1678 397 1748 χρείας
438 1679 625 1740 αὐτοῖς
840 1675 1227 1748 χορηγοῦντες.
1259 1675 1323 1727 Τί
1354 1673 1492 1746 γάρ;
1528 1675 1562 1742 ή
1605 1672 1903 1744 Ἐκκλησία

198 1767 307 1820 οιέηι
335 1765 483 1837 εχεις
526 1765 712 1837 φησίν.
750 1765 939 1835 Ἔχει·
981 1763 1117 1817 ἀλλά
1156 1762 1211 1816 τί
1251 1761 1411 1816 τοῦτο
1448 1762 1585 1832 πρὸς
1615 1761 1790 1831 ὑμᾶςς
1826 1760 1902 1831 μὴ

198 1854 263 1909 τὸ
288 1854 401 1909 ἀπὸ
426 1852 536 1909 τῶν
566 1853 761 1915 κοινῶν
786 1852 890 1923 τῆς
932 1850 1263 1921 Ἐκκλησίας
1286 1849 1578 1921 τρέφεσθαι
1602 1847 1901 1920 χρημάτων

198 1943 431 2007 αὐτοὺς,
482 1940 642 1996 τοῦτο
687 1941 830 2013 ὑμᾶς
879 1939 1163 2011 ὠφελῆσαι
1212 1938 1468 2002 δύναται;
1523 1937 1599 2009 μή
1647 1938 1779 2008 γὰρ,
1834 1935 1902 1990 ἂν

198 2029 394 2100 ἐτερος
422 2027 671 2101 εῦχηται,
702 2029 767 2082 σὺ
793 2028 894 2081 οὐκ
919 2026 1154 2096 ὀφείλεις
1187 2023 1448 2096 εὔχεσθαι
1470 2040 1485 2089 ;
1510 2022 1598 2075 διὰ
1626 2022 1680 2076 τί
1709 2023 1785 2095 μὴ
1814 2022 1902 2076 λέ-

198 2134 356 2187 γεις·
398 2118 451 2172 τί
491 2117 638 2189 γάρ;
674 2118 774 2171 οὐκ
805 2115 1058 2186 εὔχονται
1094 2116 1142 2168 οἰ
1180 2115 1378 2184 ἰερεῖς;
1411 2110 1523 2181 ἐγὼ
1545 2111 1597 2164 τί
1631 2110 1897 2182 εὖχομαι;

210 2205 359 2259 Ἀλλ’
406 2205 539 2274 ἐγὼ,
583 2206 737 2275 φησί,
782 2203 977 2273 δίδωμι
1010 2201 1087 2272 τῷ
1121 2202 1196 2273 μὴ
1238 2200 1522 2270 δυναμένῳ
1558 2198 1900 2269 καταχθῆναι

196 2294 339 2350 ἐκεῖ.
365 2293 466 2357 Δὸς
500 2293 603 2348 κᾶν
634 2292 849 2361 ἐκείνῳ·
882 2291 944 2344 τδ
970 2291 1079 2361 γὰρ
1115 2288 1553 2357 σπουδαζόμενον
1582 2288 1715 2358 ἡμῖν
1743 2286 1901 2339 τοῦτό

198 2382 345 2443 ἐστι,
379 2378 445 2433 τὸ
478 2380 620 2444 ὅλως
664 2379 871 2433 δοῦναι.
911 2378 1199 2441 Ἄκουσον,
1250 2375 1303 2428 τί
1355 2391 1522 2445 φησιν
1572 2375 1600 2426 6
1651 2372 1896 2437 Παῦλος·

200 2469 335 2522 Ἵνα
362 2467 496 2535 ταῖς
519 2467 705 2533 ὄντως
728 2466 944 2536 χήραις
964 2464 1296 2533 ἐπαρκέσῃ,
1334 2462 1433 2517 καί
1451 2461 1540 2531 μὴ
1565 2460 1831 2529 βαρῆται
1860 2462 1897 2531 ἠ

210 2556 576 2623 Ἐκκλησία.
625 2555 818 2619 Ὅπως
872 2553 1050 2624 βούλει
1110 2553 1362 2622 ποίησον,
1426 2551 1588 2622 μόνον
1649 2549 1895 2619 ποίησον.

211 2643 361 2712 Ἐγὼ
399 2644 456 2697 δέ
490 2644 552 2698 οὐ
591 2644 755 2709 λέγω,
787 2642 902 2695 Ἵνα
936 2641 1011 2712 μὴ
1044 2641 1284 2711 βαρῆται
1324 2642 1357 2711 ή
1403 2637 1723 2709 Ἐκκλησία,
1759 2636 1895 2702 ἀλλ’,

198 2732 329 2786 Ἵνα
356 2730 433 2801 μὴ
461 2733 527 2785 σὺ
557 2730 699 2803 βαρῇ
717 2747 733 2761 ·
762 2730 839 2801 τῷ
862 2729 972 2800 γὰρ
995 2728 1243 2799 λογισμῷ
1271 2726 1447 2799 τούτῳ
1476 2726 1632 2779 οὐδὲν
1660 2725 1895 2798 ἐργάσῃ,

198 2821 385 2875 πάντα
421 2820 737 2890 ἐπιτρέπων
768 2820 928 2889 αὐτῇ.
972 2818 1070 2872 Διά
1097 2816 1257 2870 τοῦτο
1293 2814 1473 2869 κοινὸν
1508 2812 1719 2884 οἴκημά
1747 2815 1897 2867 ἐστιν

199 2907 312 2961 ὑπὸ
340 2906 444 2977 τῆς
482 2907 807 2977 Ἐκκλησίας
842 2906 1251 2977 ἀφωρισμένον,
1285 2904 1372 2957 ἵνα
1411 2904 1485 2975 μὴ
1510 2902 1685 2956 ταῦτα
1707 2903 1894 2974 λέγῃς.

211 2994 354 3048 Ἀλλ’
400 2994 515 3065 ἔχει
552 2995 922 3065 δαπανήματα
963 2995 996 3064 ή
1053 2990 1373 3063 Ἐκκλησία,
1423 2990 1579 3059 φησί,
1636 2990 1901 3060 χρήματα

198 3083 317 3153 εχει
342 3085 441 3136 καὶ
484 3082 799 3152 προσόδους.
850 3079 985 3134 Εἰπέ
1013 3098 1123 3151 μοι,
1148 3077 1485 3145 ἀναλώματα
1522 3075 1579 3128 δέ
1619 3077 1719 3128 οὐκ
1752 3076 1894 3145 ἐχει;

196 3168 451 3238 δαπάνην
486 3168 545 3221 δέ
589 3167 690 3221 οὐκ
725 3167 839 3237 ἔχει
873 3166 1287 3238 καθημερινήν;
1331 3165 1457 3229 Ναὶ,
1495 3162 1649 3233 φησί.
1693 3161 1757 3214 Τί
1803 3158 1899 3215 οῦν

198 3260 260 3312 ο)
312 3255 531 3327 βοηθεῖς
566 3257 635 3326 τῇ
690 3254 925 3327 μετρίας
970 3252 1308 3325 Αἰσχύνομαι
1353 3254 1452 3324 μὲν
1485 3251 1660 3306 ταῦτα
1683 3250 1895 3319 λέγων·

201 3343 345 3417 πλὴν
381 3343 499 3397 ἀλλ’
521 3342 676 3398 οὐδὲν
701 3342 1017 3412 ἀναγκάζω.
1050 3343 1119 3395 Et
1142 3359 1227 3405 τις
1260 3340 1475 3411 νομίζει
1507 3339 1896 3412 χρηματισμὸν

199 3426 343 3487 εἶναι
388 3431 459 3485 τά
504 3432 805 3501 λεγόμενα,
839 3432 1055 3501 ποιήσει
1088 3429 1268 3500 ἐαυτῷ
1303 3429 1629 3499 ξενώοχεῖον
1663 3428 1757 3481 ἐπὶ
1796 3427 1898 3497 τῆς

198 3520 414 3584 οἰκίας·
452 3520 654 3591 στῆσον
686 3521 805 3572 ἐκεῖ
834 3518 1047 3589 κλίνην,
1091 3519 1289 3589 στῆσον
1331 3518 1447 3570 ἐκεῖ
1486 3515 1767 3587 τράπεζαν
1801 3515 1899 3569 κα)⁸

196 3608 450 3679 λυχνίαν.
496 3607 618 3671 Πῶς
665 3607 774 3679 γάρ
820 3608 921 3661 οὐκ
960 3606 1182 3669 ἀτοπον,
1214 3607 1263 3659 εἰ
1310 3605 1409 3676 μέν
1449 3603 1777 3676 στρατιῶται
1807 3603 1895 3655 έλ-

198 3696 369 3761 θοιεν,
406 3695 552 3765 ἐχειν
583 3695 728 3766 ὑμᾶς
761 3693 1185 3765 ἀποτεταγμένα
1222 3694 1518 3763 οἰκήματα,
1560 3692 1657 3745 καὶ
1693 3691 1897 3763 πολλὴν

199 3781 476 3836 ποιεῖσθαι
519 3782 618 3850 τὴν
654 3781 995 3851 ἐπιμέλειαν,
1040 3780 1136 3834 καὶ
1171 3780 1349 3835 πάντα
1384 3780 1649 3851 παρέχειν
1688 3780 1893 3847 αὐτοῖς,

197 3868 395 3939 ἐπειδὴ
420 3868 514 3921 τὸν
538 3869 777 3940 πόλεμον
804 3870 935 3940 ὑμῖν
966 3868 1237 3939 ἀμύνουσι
1269 3871 1460 3922 τοῦτον
1482 3868 1575 3920 τὸν
1600 3866 1859 3937 αἰσθητόν
1876 3881 1891 3895 °

198 3959 329 4021 τοὺς
372 3957 432 4011 δέ
479 3957 665 4021 ξένους
722 3958 796 4029 μὴ
832 3957 977 4027 ἔχειν
1017 3958 1153 4010 ὅπου
1205 3956 1615 4027 καταμείνοιεν;
1654 3955 1895 4027 Νίκησον

197 4049 303 4117 τὴν
356 4045 711 4117 Ἐκκλησίαν,
744 4047 931 4100 Βούλει
961 4046 1220 4117 ἐντρέψαι
1243 4047 1425 4117 ήμᾶς;
1453 4044 1624 4100 Τοῦτο
1644 4045 1892 4115 ποίησον·

201 4133 522 4207 ὑπερϐαλοῦ
570 4136 637 4204 τῇ
697 4134 1013 4205 φιλοτιμίᾳ·
1064 4132 1154 4203 έχε
1206 4134 1435 4203 οἴκημα,
1487 4132 1613 4185 ἔνθα
1662 4132 1896 4203 Χριστὸς

203 4221 605 4293 παραγίνεται·
658 4222 801 4274 εἰπέ·
852 4220 1028 4275 Τοῦτο
1075 4220 1136 4273 τὸ
1177 4220 1387 4273 κελλίον
1428 4219 1520 4272 τοῦ
1550 4218 1823 4290 Χριστοῦ·
1859 4222 1892 4290 ή

200 4311 349 4363 οίκία
377 4308 521 4379 αὕτη
552 4308 703 4378 αὐτῷ
730 4308 1063 4381 ἀφώρισται.
1091 4306 1213 4362 Κάν
1242 4307 1585 4376 καταγώγιον
1685 4307 1779 4361 καὶ
1808 4308 1897 4360 εύ-

200 4397 378 4461 τελές,
407 4397 510 4450 οὐκ
538 4396 761 4461 ἀπαξιοῖ
792 4396 1001 4467 Γυμνὸς
1029 4395 1121 4448 καὶ
1145 4393 1294 4460 ξένος
1312 4395 1341 4447 6
1365 4394 1602 4465 Χριστὸς
1635 4394 1895 4465 περίεισι,

206 4487 371 4555 μόνον
403 4484 612 4553 σκέπης
636 4484 889 4553 δεόμενος
911 4499 925 4514 ·
968 4482 1073 4537 κᾶν
1104 4482 1279 4553 τούτῳ
1318 4484 1526 4553 πάρεχε
1552 4486 1578 4525 b
1600 4500 1611 4512 ·
1650 4482 1724 4553 μὴ
1748 4481 1898 4552 ὠμὸς

202 4571 299 4626 leo
328 4570 467 4642 μηδὲ
502 4569 890 4641 ἀπάνθρωπος,
929 4570 1063 4641 μηδὲ
1087 4570 1147 4623 ἐν
1183 4569 1280 4640 μὲν
1307 4572 1419 4632 τοῖς
1451 4570 1727 4639 βιωτικοῖς
1753 4569 1898 4624 οὓτω

202 4659 438 4731 σφοδρὸς
467 4658 583 4722 ἔσο,
610 4661 669 4711 ἐν
696 4659 752 4713 δέ
777 4662 890 4723 τοῖς
919 4660 1312 4728 πνευματικοῖς
1332 4659 1559 4729 ψυχρός.
1593 4659 1771 4711 Ἔστω
1801 4658 1896 4711 καὶ

202 4749 316 4804 τῶν
354 4746 587 4801 οἰκετῶν
641 4749 670 4800 6
705 4747 1025 4817 πιστότερος
1066 4746 1224 4799 τοῦτο
1259 4744 1761 4815 ἐγκεχειρισμένος,
1803 4746 1897 4798 καὶ

203 4836 333 4899 τοὺς
352 4833 696 4905 ἀναπήρους,
720 4833 849 4896 τοὺς
876 4834 1145 4904 πτωχοὺς,
1167 4833 1292 4895 τοὺς
1316 4832 1578 4898 ἁστέγους
1603 4832 1892 4898 εἰσαγέτω.

203 4923 396 4980 Ταῦτα
417 4922 566 4991 λέγω
591 4922 727 4992 πρὸς
754 4923 1045 4993 ἐντροπὴν.
1081 4921 1227 4975 Ἔδει
1262 4922 1362 4989 μὲν
1392 4919 1501 4989 γὰρ
1525 4920 1639 4973 ἀνω
1669 4921 1763 4972 ἐπὶ
1792 4919 1895 4989 τῆς

201 5016 383 5079 οἰκίας
406 5013 603 5076 αὐτοὺς
624 5012 904 5083 δέχεσθαι·
934 5015 981 5064 εἰ
1012 5012 1067 5065 δέ
1111 5012 1185 5082 μὴ
1221 5003 1421 5081 βούλει,
1454 5012 1558 5063 κᾶν
1582 5011 1755 5075 κάτω,
1789 5012 1893 5064 κᾶν

201 5103 333 5158 ῑνθα
356 5102 414 5156 αἱ
444 5100 684 5171 ήμίονοι,
715 5098 817 5152 κᾶν
843 5099 972 5153 ἔνθα
999 5101 1046 5153 οἰ
1074 5099 1302 5159 οἰκέται,
1336 5099 1483 5162 δέξαι
1514 5098 1605 5150 τὸν
1636 5099 1890 5168 Χριστόν.

201 5192 361 5262 Τάχα
404 5188 658 5260 φρίττετε
712 5189 1022 5250 ἀκούοντες.
1082 5187 1147 5240 Τί
1198 5183 1314 5251 οὖν,
1353 5188 1480 5239 ὅταν
1531 5185 1665 5255 μηδέ
1717 5186 1893 5239 ταῦτα

203 5278 434 5347 Ruﬁn;
493 5276 625 5330 Ἰδοὺ
656 5274 932 5345 παραινῶ,
976 5274 1085 5327 ἰδοῦ
1132 5274 1308 5342 λέγω·
1343 5274 1524 5326 Ἔστω
1568 5274 1698 5343 ὑμῖν
1734 5272 1894 5325 τοῦτο

204 5366 696 5439 περισπούδαστον.
770 5364 913 5418 Ἀλλ’
964 5365 1025 5418 ού
1092 5362 1348 5434 βούλεσθε
1414 5363 1621 5428 οὖτως;
1681 5362 1893 5418 Οὐκοῦν

264 5503 541 5579 ίουίᾴεῐι),
577 5501 732 5578 χαρὰν
752 5502 991 5579 ἀλργεῖται
1015 5502 1392 5579 καῖ’ἀπέρχετοιι,
1417 5502 1497 5549 καὶ
1522 5501 1681 5579 χεῖρον
1702 5502 1864 5562 γέγονε

202 5562 233 5604 δ
260 5562 398 5616 Unhs
420 5566 553 5616 ϐοά..
579 5562 767 5621 σκέπης
814 5562 960 5613 δεῖται
994 5564 1149 5620 αὐτός’
1175 5562 1269 5613 κᾶν
1285 5566 1427 5614 τοῦτο
1474 5562 1669 5625 πάρεχε.

1375 413 1444 469 IN
1483 410 1666 469 ACTA
1706 408 2256 467 APOSTOLOBUM.
2288 408 2526 469 HOMIL.
2567 411 2730 468 XLV.

3596 414 3705 471 39.0

2012 528 2216 600 ἐτέρως
2260 530 2545 599 ποιήσατε.
2601 529 2725 583 Εἰσὶ
2772 527 2958 582 πολλοὶ
3008 528 3243 601 πένητες
3290 529 3386 584 καὶ
3415 532 3696 603 πενιχροί·

2010 615 2312 686 ἀφορίσατε
2357 616 2424 670 δι’
2471 617 2595 671 δλου
2633 616 2816 687 μένειν
2859 618 2978 670 ἐκεῖ
3014 633 3155 671 τινα·
3213 616 3357 672 εστω
3390 617 3493 673 κᾶν
3530 617 3710 689 φύλαξ

2010 702 2111 773 τῆς
2140 704 2319 768 οἰκίας
2343 704 2372 757 6
2402 704 2575 774 πένης
2594 720 2606 735 ·
2649 704 2792 758 ἔστω
2823 720 2907 757 σοι
2945 704 3145 776 τειχίον
3182 706 3278 759 καί
3317 707 3705 779 περίφραγμα,

2010 790 2177 853 ἀσπὶς
2198 790 2291 843 καὶ
2316 791 2467 862 δόρυ.
2504 790 2677 845 Ἔνθα
2705 790 3069 863 ἐλεημοσύνη,
3095 792 3157 846 οὐ
3181 792 3359 865 τολμᾷ
3383 793 3707 865 προσελθεῖν

2007 878 2038 931 6
2067 878 2334 945 διάϐολος,
2368 880 2491 934 οὑδέ
2520 880 2651 936 ἀλλο
2684 898 2738 935 τι
2768 880 2875 935 τῶν
2908 880 3113 936 δεινῶν.
3148 882 3239 953 Μὴ
3272 882 3337 955 δὴ
3368 882 3706 955 περιίδωμεν

2008 967 2260 1023 τοσοῦτον
2293 970 2505 1041 κέρδος.
2551 969 2666 1023 Νῦν
2696 970 2753 1024 δὲ
2792 970 3073 1041 ὀχήματος
3106 972 3206 1041 μὲν
3234 971 3400 1035 τόπος
3424 972 3575 1026 ἐστὶν
3598 975 3705 1042 ἀφ-

2007 1055 2333 1127 ωρισμένος,
2361 1057 2457 1110 καὶ
2489 1056 2829 1128 βαστερνίοις
2862 1058 3081 1129 ἔτερος·
3123 1057 3201 1129 τῷ
3233 1058 3290 1112 δὲ
3317 1059 3540 1131 Χριστῷ
3569 1059 3707 1113 πλα-

2009 1144 2237 1216 νωμένῳ
2277 1145 2399 1200 οὐδὲ
2433 1140 2532 1209 εἰς.
2593 1147 2653 1199 Ὀ
2714 1145 2969 1219 Ἀϐραάμ
3001 1146 3133 1202 ἔνθα
3184 1147 3349 1212 αὐτὸς
3369 1147 3538 1219 ἔμενε
3576 1150 3705 1214 τοὺς

2010 1230 2197 1297 ξένους
2223 1234 2520 1305 ὑπεδέχετο
2539 1252 2552 1265 ·
2583 1234 2736 1305 καὶὴ
2763 1235 2864 1305 μέν
2889 1234 3031 1305 γυνη
3052 1236 3109 1288 ἐν
3135 1234 3286 1300 τάξει
3318 1235 3706 1307 θεραπαινίδος

2007 1321 2274 1392 εἰοτήκει,
2325 1322 2527 1376 ἐκεῖνοι
2571 1322 2630 1375 δὲ
2680 1324 2739 1376 ἐν
2776 1322 2927 1388 τάξει
2952 1323 3253 1377 δεσποτῶν.
3307 1324 3423 1378 Οὐκ
3447 1324 3583 1396 ⁴ἤδει,
3620 1326 3706 1379 ὅτι

2005 1408 2098 1462 τὸν
2126 1410 2362 1481 Χριστὸν
2397 1410 2614 1482 ἐδέχετο
2638 1428 2650 1440 ·
2687 1410 2789 1465 ούκ
2820 1411 2960 1483 ⁴ᾔδει,
2993 1412 3075 1466 ὅτι
3107 1412 3376 1480 ἀγγέλους
3397 1429 3411 1444 ·
3451 1413 3529 1477 ώς
3563 1414 3618 1467 εἰ
3640 1430 3705 1483 γε

2006 1497 2143 1568 ᾔδει,
2169 1498 2346 1553 πάντα
2371 1498 2437 1551 ἂν
2463 1500 2754 1553 ἐκένωσεν.
2786 1501 2976 1570 Ἡμεῖς
2998 1499 3054 1553 δέ
3076 1498 3229 1571 [544]
3252 1500 3457 1563 καίπερ
3476 1500 3703 1565 εἰδότες,

2003 1586 2101 1639 ὅτι
2124 1585 2217 1639 τὸν
2246 1587 2487 1659 Χριστὸν
2510 1588 2798 1659 δεχόμεθα,
2826 1587 2949 1641 ούδέ
2973 1588 3246 1660 τοσαύτην
3272 1588 3704 1660 ἐπιδεικνύμεθα

2005 1674 2103 1745 τὴν
2139 1674 2398 1747 σπουδὴν,
2442 1677 2576 1747 ὅσην
2601 1678 2809 1741 ἐκεῖνος
2843 1677 2872 1730 6
2911 1676 3150 1747 νομίζων
3190 1675 3518 1747 ἀνθρώπους
3553 1678 3705 1748 δέχε-

2007 1763 2153 1817 σθαι.
2208 1763 2348 1816 Ἀλλ’
2383 1764 2632 1819 ἐπιθέται
2667 1765 2796 1829 εἰσὶ,
2833 1765 2989 1835 φησὶ,
3021 1764 3211 1818 πολλοὶ
3238 1766 3333 1819 καὶ
3358 1764 3701 1836 ἀγνώμονες.

2005 1850 2117 1902 Καὶ
2153 1851 2345 1904 τούτου
2375 1869 2457 1905 σοι
2494 1852 2697 1923 μείζων
2730 1855 2758 1907 6
2783 1851 2994 1923 μισθὸς,
3030 1853 3161 1907 ὅταν
3194 1851 3283 1907 διὰ
3314 1854 3375 1906 τὸ
3405 1853 3577 1924 ὄνομα
3605 1852 3703 1907 τοῦ

2002 1937 2242 2008 Χριστοῦ
2274 1939 2425 2011 δέχῃ.
2476 1941 2539 1992 Εἰ
2585 1941 2684 2011 μὲν
2731 1941 2841 2012 γὰρ
2890 1938 3039 2001 οἶδας
3086 1940 3249 2005 ὄντας
3295 1940 3577 2005 ἐπιθέτας.
3623 1943 3699 2015 μή

2001 2025 2157 2096 δέχου
2196 2027 2278 2090 εἰς
2307 2026 2405 2097 τὴν
2440 2026 2650 2079 οἰκίαν·
2681 2029 2727 2079 εἰ
2756 2027 2812 2079 δὲ
2844 2028 2944 2081 οὐκ
2968 2023 3138 2093 οἶδας,
3162 2028 3431 2092 τί¹ἀπλῶς
3460 2047 3697 2101 κατηγο-

2004 2116 2155 2182 ρεῖς;
2199 2114 2299 2166 Διά
2330 2112 2490 2166 τοῦτο
2527 2114 2673 2183 λέγω
2711 2116 2791 2177 εἰς
2822 2115 2883 2168 τὸ
2909 2115 3234 2186 ξενοδοχεῖον
3267 2117 3513 2171 ἀπιέναι.
3564 2118 3700 2172 Ποία

2001 2199 2057 2251 δὲ
2090 2200 2381 2267 ἀπολογία,
2428 2200 2558 2255 ὅταν
2594 2201 2728 2271 μηδέ
2760 2200 2854 2265 οὓς
2886 2202 3065 2273 ίσμεν,
3104 2205 3241 2275 μηδέ
3274 2204 3499 2269 τούτους
3533 2205 3700 2274 δεχώ-

2005 2288 2169 2358 μεθα,
2203 2288 2319 2342 ἀλλ’
2348 2289 2736 2360 ἀποκλείωμεν
2766 2292 2901 2344 πᾶσι
2928 2291 3026 2354 τάς
3057 2289 3262 2362 θύρας;
3305 2293 3487 2345 Ἔστω
3512 2293 3573 2346 τὸ
3602 2292 3698 2347 τοῦ

2001 2376 2249 2447 Χριστοῦ
2286 2378 2603 2447 πανδοχεῖον
2634 2378 2793 2449 ἡμῶν
2832 2380 2866 2449 ἡ
2903 2378 3081 2431 οἰκία·
3126 2380 3452 2451 ἀπαιτῶμεν
3499 2382 3699 2446 αὐτοὺς

2000 2463 2092 2517 τὸν
2126 2464 2339 2534 μισθὸν,
2376 2464 2452 2536 μὴ
2490 2464 2777 2537 ἀργύριον,
2808 2464 2948 2520 ἀλλά
2976 2466 3037 2519 τὸ
3071 2466 3297 2537 ποιῆσαι
3325 2469 3459 2537 ἡμῖν
3490 2466 3699 2538 δοχεῖον

2000 2551 2095 2605 τοῦ
2131 2552 2371 2623 Χριστοῦ
2418 2554 2519 2623 τὴν
2570 2553 2784 2607 οἰκίαν·
2817 2554 3235 2627 περιτρέχωμεν
3274 2555 3580 2625 πανταχοῦ,
3614 2556 3699 2609 ἐλ-

2001 2655 2210 2715 ξωμεν,
2244 2638 2585 2710 ἀρπάζωμεν
2614 2640 2715 2709 τὴν
2757 2640 2933 2711 θήραν
2954 2657 2966 2670 ·
2998 2640 3224 2712 μείζονα
3251 2642 3698 2715 εύεργετούμεθα

2000 2701 2047 2794 ἢ
2083 2701 2502 2796 εὐεργετοῦμεν.
2540 2728 2616 2779 Ού
2653 2701 2864 2780 κελεύω
2899 2701 3211 2782 καταθῦσαι
3251 2701 3486 2803 μόσχον·
3533 2701 3700 2801 ἀρτον

1999 2812 2087 2877 δὸς
2128 2812 2405 2877 πεινῶντι,
2439 2814 2655 2883 ἱμάτιον
2688 2814 2903 2885 γυμνῷ,
2941 2815 3155 2887 σκέπην
3190 2815 3269 2887 τῷ
3304 2816 3461 2887 ξένῳ.
3500 2817 3697 2871 ’Ἱναδέ

2002 2904 2079 2974 μὴ
2129 2902 2305 2957 ταῦτα
2363 2904 2719 2977 προφασίζῃ,
2774 2904 2964 2957 Ἔστιν
3009 2906 3218 2977 οἴκημα
3268 2906 3448 2960 κοινὸν
3488 2906 3553 2959 τὸ
3599 2907 3701 2977 τῆς

2013 2992 2345 3061 Ἐκκλησίας
2366 3010 2380 3024 ·
2423 2993 2543 3046 ἐκεῖ
2575 2992 2877 3058 κατάϐαλε,
2913 2992 3009 3047 καὶ
3042 2994 3107 3047 σὺ
3138 2993 3417 3059 ύπεδέξω·
3447 2996 3571 3048 ἐπεὶ
3604 2997 3700 3049 καὶ

1999 3080 2108 3134 τῶν
2138 3080 2225 3133 διά
2258 3079 2369 3134 τῶν
2393 3081 2624 3135 οἰκετῶν
2653 3082 2959 3153 γινομένων
2986 3083 3190 3145 ἐκεῖνος
3217 3078 3330 3152 εῐχε
3355 3081 3448 3135 τὸν
3483 3083 3697 3153 μισθόν.

1999 3166 2187 3231 Οὕτως
2214 3165 2355 3239 ἦσαν
2379 3168 2810 3239 πεπαιδευμένοι
2829 3170 2924 3224 καὶ
2939 3165 2995 3225 δί
3024 3170 3217 3234 παῖδες
3244 3170 3411 3223 αὐτοῦ
3434 3189 3447 3202 ·
3474 3171 3703 3243 ἔτρεχον

1998 3255 2094 3309 καὶ
2119 3256 2219 3307 οὐκ
2253 3255 2551 3325 ἐγόγγυζον
2580 3256 2836 3327 καθάπερ
2867 3257 2915 3310 οἰ
2954 3255 3220 3327 ἡμέτεροι
3251 3273 3266 3288 ·
3299 3258 3556 3323 εὐλαϐεῖς
3588 3260 3701 3332 γάρ

1998 3343 2197 3407 αὐτοὺς
2219 3339 2285 3415 ἦν
2316 3344 2659 3415 πεποιηκώς.
2686 3344 2785 3409 Εἰς
2814 3344 3053 3418 πόλεμον
3080 3339 3257 3415 εἷλκε,
3292 3349 3389 3402 καὶ
3415 3350 3517 3403 οὐκ
3545 3350 3701 3419 ἐγόγ-

1998 3430 2193 3499 γυζον·
2244 3432 2422 3496 οὓτως
2478 3429 2621 3504 ἦσαν
2672 3434 2980 3505 φιλόσοφοι.
3038 3434 3269 3489 Πάντων
3322 3436 3434 3508 γὰρ
3497 3440 3700 3508 ὁμοίως

2000 3518 2319 3588 ἐπεμελεῖτο
2336 3518 2526 3592 ὥσπερ
2551 3520 2749 3573 ἐαυτοῦ
2768 3536 2780 3550 ⁸
2819 3522 3108 3592 μονονουχὶ
3131 3521 3243 3593 γὰρ
3270 3522 3418 3577 κατά
3448 3523 3542 3578 τὸν
3577 3524 3701 3579 Ἰὼϐ

1998 3602 2207 3672 ἔλεγεν,
2242 3605 2323 3657 ὅτι
2362 3605 2612 3674 Ὁμοίως
2640 3605 3037 3677 ὲπλάσθημεν
3067 3608 3139 3661 έν
3166 3608 3242 3678 τῇ
3266 3608 3425 3677 αὐτῇ
3459 3613 3697 3680 γαστρί.

2070 3692 2263 3745 Τοίνυν
2303 3694 2396 3745 καὶ
2423 3697 2589 3764 ἡμεῖς
2612 3696 2994 3767 φροντίζωμεν
3020 3696 3232 3765 ἐαυτῶν
3262 3698 3362 3768 τῆς
3392 3699 3697 3771 σωτηρίας,

1998 3781 2093 3834 καὶ
2121 3780 2323 3852 πολλὴν
2352 3781 2640 3852 ποιώμεθα
2665 3783 2775 3837 τῶν
2799 3783 3030 3840 οἰκετῶν
3055 3783 3153 3856 τήν
3178 3785 3523 3855 ἐπιμέλειαν,
3549 3789 3700 3854 ὅπως

1998 3866 2211 3923 ἔσονται
2236 3870 2466 3939 χρηστοί
2492 3872 2587 3923 καὶ
2607 3872 2889 3942 ἐπιμελεῖς
2917 3882 2939 3911 ο
2966 3888 2981 3903 ·
3015 3872 3110 3926 καὶ
3136 3872 3278 3927 ἔστω
3305 3874 3399 3927 καὶ
3421 3876 3449 3927 ὁ
3477 3876 3699 3947 οἰκέτης

1998 3957 2156 4027 ἡμῶν
2186 3957 2627 4029 πεπαιδευμένος
2670 3960 2738 4013 τά
2768 3959 2863 4012 τοῦ
2900 3959 3057 4014 Θεοῦ.
3106 3962 3222 4015 Οὐκ
3259 3961 3414 4015 ἐσται
3438 3963 3699 4028 δύσκολος

1996 4045 2129 4114 ἡμῖν
2168 4045 2200 4114 ἡ
2245 4044 2415 4116 ἀρετὴ
2457 4044 2665 4109 λοιπὸν,
2696 4045 2793 4101 ἐάν
2838 4047 3084 4111 ἐκείνους
3116 4048 3503 4120 ρυθμίσωμεν.
3541 4051 3699 4105 Καθ-

1998 4132 2142 4203 άπερ
2166 4133 2223 4184 ἐν
2258 4132 2481 4204 πολέμῳ
2518 4134 2873 4204 στρατιωτῶν
2899 4134 3073 4189 δντων
3099 4135 3407 4201 εὐτάκτων,
3437 4139 3466 4189 ό
3498 4155 3700 4209 στρατο

1998 4219 2129 4289 ηγὸς
2162 4220 2362 4291 ῥᾳδίως
2413 4220 2662 4290 πολεμεῖ,
2707 4222 3022 4276 τούναντίον
3068 4222 3126 4276 δέ
3171 4224 3409 4293 γίνεται,
3445 4226 3579 4279 ὅταν
3622 4227 3698 4298 μὴ

2001 4306 2162 4360 τοῦτο
2243 4325 2255 4337 ·
2296 4308 2391 4361 καὶ
2422 4309 2639 4362 ναυτῶν
2665 4310 2724 4364 δὲ
2762 4310 3157 4381 ὁμονοούντων,
3181 4312 3211 4365 6
3235 4312 3580 4386 κυϐερνήτης
3604 4316 3696 4368 66-

2002 4394 2174 4458 κόλως
2204 4396 2332 4459 τοὺς
2365 4396 2559 4460 οἴακας
2610 4399 3080 4470 μεταχειρίζεται·
3116 4398 3263 4453 οὕτω
3293 4401 3387 4455 καὶ
3427 4402 3691 4469 ἐνταῦθα,

2000 4482 2095 4535 ἐάν
2126 4482 2300 4545 οὕτως
2326 4476 2429 4537 ὦσι
2463 4486 2891 4556 πεπαιδευμένοι
2938 4488 2988 4540 οί
3020 4487 3255 4551 οἰκέται,
3307 4490 3368 4543 ού
3419 4489 3697 4562 παροξυν-

2000 4569 2141 4643 θήσῃ
2192 4571 2411 4642 ῥᾳδίως,
2466 4574 2568 4626 ούκ
2629 4574 2979 4643 ἐγκαλέσεις,
3057 4576 3159 4629 οὐκ
3226 4577 3557 4651 ὀργισθήσῃ,
3633 4582 3695 4636 ού

1999 4658 2355 4731 λοιδορήσεις.
2402 4661 2593 4714 Ἔστιν
2632 4662 2767 4715 ὅπου
2802 4664 2899 4716 καὶ
2929 4665 3248 4738 ἐντραπήσῃ
3282 4667 3408 4729 τοὺς
3450 4669 3694 4735 οἰκέτας,

1999 4747 2094 4798 ἐάν
2119 4739 2221 4799 ὦσι
2244 4747 2569 4819 θαυμαστοὶ,
2602 4750 2697 4803 καὶ
2730 4752 3215 4822 συναντιλήψονταί
3243 4771 3346 4817 σοι,
3376 4755 3471 4807 καὶ
3500 4773 3697 4826 παραι-

1998 4834 2213 4887 νέσουσι
2240 4834 2311 4888 τά
2338 4837 2571 4905 χρηστά.
2611 4838 2745 4892 Ἀπὸ
2764 4838 2821 4891 δὲ
2846 4839 3055 4895 τούτων
3082 4841 3301 4896 πάντων
3335 4842 3515 4897 πάντα
3538 4844 3694 4900 ἔσται

1997 4923 2065 4977 τά
2093 4922 2174 4993 τῷ
2206 4923 2327 4994 Θεῷ
2366 4924 2650 4992 δοκοῦντα,
2693 4928 2784 4980 καὶ
2823 4928 2969 4982 οὕτω
3009 4932 3161 4983 πᾶσα
3196 4933 3229 5000 ἡ
3267 4931 3416 4985 οἰκία
3443 4932 3694 5001 εὐλογίας

2000 5010 2443 5083 πληρωθήσεται,
2482 5016 2576 5067 καὶ
2615 5015 2685 5067 τά
2737 5015 2815 5086 τῷ
2846 5016 2967 5088 Θεῷ
3010 5018 3316 5091 ἀρέσκοντα
3359 5020 3694 5092 διαπραττό-

2001 5116 2174 5169 μενοι,
2210 5100 2413 5171 πολλῆς
2453 5104 2843 5175 ἀπολαύσομεν
2873 5108 2976 5177 τῆς
3016 5106 3224 5160 ἄνωθεν
3255 5108 3601 5177 συμμαχίας,
3626 5105 3694 5181 ἦς
3758 5106 3762 5113 ’

1996 5188 2206 5256 γένοιτο
2266 5190 2477 5255 πάντας
2530 5194 2678 5263 ἡμᾶς
2726 5196 3037 5265 ἐπιτυχεῖν,
3102 5196 3289 5268 χάριτι
3346 5198 3444 5249 καὶ
3502 5198 3694 5268 φιλαν-

1997 5275 2215 5346 θρωπίᾳ
2246 5276 2340 5330 τοῦ
2373 5278 2582 5349 Κυρίου
2618 5280 2775 5350 ἡμῶν
2816 5280 2993 5351 Ἰησοῦ
3041 5282 3306 5353 Χριστοῦ,
3357 5284 3477 5355 μεθ’
3520 5280 3581 5339 οὗ
3612 5286 3693 5357 τῷ

1995 5363 2175 5433 Πατρὶ
2205 5362 2323 5434 ἅμα
2354 5365 2433 5436 τῷ
2468 5367 2610 5437 ἁγίῳ
2648 5368 2923 5438 Πνεύματι
2966 5368 3117 5437 δόξα,
3149 5372 3372 5440 κράτος,
3404 5372 3560 5444 τιμὴ,
3594 5373 3688 5428 νῦν

1993 5451 2091 5506 καὶ
2118 5454 2227 5517 ἀεὶ,
2262 5456 2356 5509 καὶ
2382 5458 2460 5519 εἰς
2484 5459 2611 5522 τοὺς
2644 5460 2849 5523 αἰῶνας
2880 5461 2990 5513 τῶν
3015 5462 3247 5518 αἰώνων.
3286 5463 3483 5535 Ἀμήν.

2060 5561 2083 5588 ε
2115 5560 2212 5609 Καὶ
2238 5560 2473 5623 ἐπιμελεῖς
2496 5563 2644 5615 deest
2670 5567 2720 5614 in
2754 5565 3068 5628 quibusdam.
