4094 6336
213 428 314 484 521

219 538 784 569 δυσ-ρ...

206 734 337 792 ευ.
401 733 497 788 Si.
537 747 594 785 ν.
638 728 730 784 18.
777 722 1018 792 Sequenti
1045 722 1215 775 autem
1257 718 1342 773 dis
1392 716 1635 770 introibat
1665 712 1807 766 Pau-

279 829 360 881 lus
390 824 681 879 -Iobiscum
710 819 778 871 ad
802 816 1081 880 .lacobum,
1111 826 1379 880 omnesque
1408 806 1686 878 presbyteri
1713 803 1808 857 ad-

275 926 447 971 erant.
475 913 562 969 l9.
586 910 726 979 Quos
752 924 864 961 cum
886 907 1173 969 salutasset,
1200 900 1439 956 narrabat
1466 914 1555 968 per
1578 893 1804 965 singula,

276 1022 393 1074 quis
423 1004 567 1059 Deus
589 1005 784 1074 fecisset
806 999 858 1053 in
878 995 1109 1069 gentibus
1137 1009 1227 1064 per
1251 990 1591 1046 ministerium
1620 986 1805 1056 ipsius.

281 1100 329 1154 l.
376 1096 479 1151 Hic
519 1094 684 1149 frater
720 1099 837 1147 erat
878 1085 1085 1143 Domini
1114 1094 1169 1139 et
1195 1083 1480 1153 episcopus
1520 1076 1799 1148 lernsoiy-

209 1202 455 1253 morum,
485 1184 570 1239 vir
598 1194 820 1252 magnus
841 1188 895 1233 et
914 1174 1197 1232 mirabilis.
1228 1170 1311 1227 Ad
1339 1169 1484 1226 hunc
1510 1167 1808 1239 ingreditur

210 1279 427 1342 Paulus,
457 1279 595 1330 sicut
621 1283 672 1328 et
699 1283 823 1326 ante
843 1268 1005 1325 etiam
1034 1265 1099 1321 ad
1122 1266 1276 1319 illum
1300 1262 1530 1317 mittitur
1555 1278 1569 1313 :
1594 1270 1647 1314 et
1673 1272 1808 1328 quo-

209 1371 407 1433 modo,
452 1366 599 1422 audi.
642 1362 884 1431 Sequenti
927 1369 1095 1413 autem
1138 1357 1260 1420 die,
1311 1354 1523 1425 inquit,
1568 1348 1807 1405 introibat

218 1464 419 1517 Paulus
452 1460 713 1513 nobiscum
741 1455 809 1508 ad
831 1453 1102 1508 Iacobum.
1147 1448 1277 1504 Vide
1306 1461 1465 1518 quam
1500 1444 1570 1497 sit
1598 1458 1626 1496 a
1670 1443 1804 1495 fastu

207 1554 439 1609 alienus.
484 1550 770 1617 Omnesque
800 1543 1075 1614 presbyteri
1105 1541 1341 1594 aderant.
1391 1537 1531 1605 Quos
1576 1551 1688 1588 cum
1717 1549 1803 1587 sa-

208 1644 442 1707 lutassct,
490 1640 730 1694 narrabat
786 1652 877 1707 per
916 1633 1153 1704 singula,
1183 1645 1296 1701 qua
1341 1632 1526 1700 fecerat
1568 1624 1706 1679 Deus
1753 1624 1807 1677 in

206 1733 445 1806 gentibus
486 1746 579 1799 per
617 1726 952 1782 ministerium
994 1724 1176 1793 ipsius.
1220 1722 1416 1775 lterqu
1460 1718 1565 1772 illis
1592 1730 1713 1785 quae
1739 1712 1805 1768 ad

205 1834 398 1895 gentes
425 1820 740 1893 spectabant
764 1824 1018 1883 enarrat,
1052 1829 1161 1869 non
1188 1828 1340 1867 vanu:
1370 1810 1555 1879 gloria!
1583 1806 1762 1862 studio
1786 1847 1804 1872 ,

206 1916 384 1979 absit;
419 1912 515 1968 sed
560 1921 620 1966 ut
661 1909 754 1967 Dei
782 1907 1123 1965 clementiam
1152 1902 1503 1968 ostenderet,
1545 1908 1603 1955 et
1639 1898 1805 1953 multa

204 2005 356 2075 ipsos
384 2003 638 2074 impleret
669 1998 872 2056 laetitia.
915 1996 1050 2052 Vide
1075 2008 1205 2066 ergo
1228 1991 1505 2064 quomodo
1521 1989 1808 2045 audientes

206 2102 379 2157 Deum
411 2098 795 2170 gloriﬁcarent.
835 2092 949 2148 Non
978 2090 1130 2145 illum
1156 2094 1469 2143 extulerunt
1509 2085 1595 2139 vel
1623 2082 1806 2138 mirati

202 2201 331 2247 sunt
354 2234 370 2258 ,
404 2190 500 2247 sed
533 2188 693 2242 Deum
719 2183 1071 2257 glorificabant
1098 2197 1116 2235 :
1149 2180 1219 2233 ita
1249 2192 1392 2233 enim
1426 2176 1720 2238 narrabat,
1750 2182 1807 2226 ut

204 2286 280 2339 illi
313 2300 431 2339 rem
454 2282 805 2336 adscriberet.
836 2277 925 2332 ΞΟ.
960 2276 1025 2329 At
1053 2274 1132 2328 illi
1153 2290 1267 2326 cum
1294 2271 1575 2333 audissent,
1605 2267 1806 2338 magni-

205 2376 437 2440 ﬁcabant
455 2372 640 2436 Deum,
664 2371 1001 2436 dixeruntque
1023 2365 1067 2420 ei
1092 2381 1109 2418 :
1140 2363 1315 2427 Vides,
1341 2363 1523 2430 frater,
1550 2368 1671 2428 quot
1691 2365 1807 2410 sunt

202 2466 371 2518 millia
403 2466 456 2517 in
484 2462 702 2523 Iudicis.
733 2461 821 2530 qui
848 2458 1210 2519 crediderunt;
1254 2464 1301 2509 et
1331 2470 1503 2507 omnes
1532 2450 1804 2505 tentulato-

202 2575 284 2610 res
298 2566 421 2609 sunt
446 2555 587 2625 legis.
620 2552 901 2607 Audierant
928 2558 1093 2603 autem
1118 2546 1181 2600 de
1205 2556 1271 2610 te,
1302 2545 1423 2615 quia
1447 2543 1803 2597 discessionem

200 2650 391 2701 doceas
418 2664 450 2700 a
481 2645 661 2715 Moyse
688 2661 794 2709 eos,
825 2645 909 2709 qui
937 2645 1069 2694 inter
1097 2648 1269 2710 gentes
1294 2648 1412 2691 sunt
1437 2677 1452 2699 ,
1494 2651 1668 2688 omnes
1706 2632 1738 2686 .1
1746 2650 1809 2686 u-

197 2741 345 2794 dtzos
365 2779 379 2799 .
425 2736 597 2791 dicens
623 2752 709 2790 eos
738 2752 837 2789 non
870 2734 1046 2787 debere
1072 2730 1433 2785 circumcidere
1464 2729 1601 2797 ﬁlios
1644 2744 1763 2782 suos
1788 2765 1804 2791 ,

199 2846 365 2902 neque
396 2829 477 2882 his
502 2824 948 2881 consuetudinibus
979 2822 1235 2877 incedere.
1278 2820 1414 2875 Vide
1454 2834 1576 2874 cum
1607 2827 1805 2888 quanta

201 2932 255 2977 et
292 2920 355 2974 iii
385 2918 651 2973 modestia
681 2918 988 2987 loquantur.
1030 2913 1147 2968 Non
1181 2913 1333 2985 quasi
1363 2914 1650 2981 episcopus
1679 2926 1803 2965 cum

198 3013 532 3069 auctoritate
566 3010 826 3079 IOquitur,
855 3008 950 3062 sed
980 3006 1128 3061 illum
1160 3007 1212 3059 in
1240 3005 1451 3109 cvsilii
1481 3005 1687 3058 socium
1715 3018 1806 3056 as-

199 3113 446 3166 sumunt;
472 3117 536 3157 ac
561 3102 605 3157 si
632 3101 811 3155 statim
839 3108 891 3154 et
916 3099 985 3153 ab
1015 3099 1168 3152 initio
1198 3095 1462 3152 rationem
1493 3095 1803 3157 redderent.

199 3197 555 3264 dicerentque
584 3210 598 3247 :
630 3191 747 3247 Non
776 3191 1051 3245 vellemus.
1086 3190 1248 3244 Vides
1282 3190 1357 3244 rei
1388 3186 1806 3243 necessitatem?

213 3285 393 3349 Vides,
413 3285 682 3354 inquiunt,
700 3290 821 3353 quot
847 3283 949 3335 sint
976 3281 1139 3335 millia
1168 3281 1220 3333 in
1244 3279 1443 3333 Judwis
1467 3280 1553 3349 qui
1580 3279 1807 3332 credide-

201 3378 358 3431 runt?
377 3375 493 3431 Nec
509 3375 716 3430 dicunt.
738 3373 878 3441 Quot
899 3372 1064 3427 millia
1088 3372 1496 3435 instituerimus,
1522 3370 1617 3425 seti
1646 3371 1800 3425 Sunt.

203 3467 273 3522 Et
302 3468 357 3521 lu'
382 3506 403 3532 ,
455 3466 701 3535 inquiunt
723 3505 739 3531 ,
767 3480 942 3519 omnes
969 3464 1287 3518 wmulatores
1317 3471 1434 3515 sunt
1482 3461 1629 3533 legis.
1678 3462 1805 3517 Duae

201 3573 387 3614 causa:
408 3565 555 3622 sunt,
584 3565 640 3611 et
661 3554 942 3609 multitudo
966 3564 1021 3608 et
1047 3554 1400 3622 propositum.
1432 3551 1615 3622 Neque
1636 3552 1805 3618 enim,

204 3650 250 3703 si
281 3649 439 3718 pauci
466 3647 715 3711 fuissent,
745 3643 1123 3701 contemnendi
1153 3653 1328 3703 erant;
1358 3658 1530 3713 neque
1559 3643 1602 3697 si
1628 3643 1804 3710 multi,

208 3749 264 3795 et
284 3754 394 3794 non
424 3751 614 3792 omnes
649 3737 821 3807 legem
847 3734 1199 3791 retinuissent
1219 3776 1234 3800 ,
1265 3749 1587 3803 magnopere
1614 3749 1812 3788 curan-

210 3830 337 3885 dum
365 3837 505 3885 erat.
548 3827 768 3883 Accedit
794 3834 850 3882 et
879 3826 1034 3881 tertia
1064 3840 1224 3881 causa
1274 3843 1288 3879 :
1345 3843 1364 3877 t
1416 3826 1479 3879 Et
1522 3825 1574 3878 1ιί
1619 3839 1810 3880 omnes

209 3921 390 3977 edocti
417 3928 549 3975 sunt
572 3919 641 3974 de
671 3928 725 3973 te
750 3959 764 3984 ,
793 3917 1003 3987 inquit,
1030 3914 1172 3985 quod
1190 3914 1584 3970 discessionem
1614 3916 1811 3971 doceas

211 4030 241 4070 s
273 4015 460 4087 Moyse
488 4026 584 4067 eos
610 4024 833 4076 omnes,
861 4008 953 4080 qui
982 4009 1121 4063 inter
1148 4017 1337 4079 gentes
1364 4018 1520 4070 sunt.
1549 4007 1767 4064 Judzeos
1792 4049 1808 4076 ,

213 4106 403 4162 dicens
432 4118 541 4157 non
568 4102 763 4157 debere
788 4114 883 4155 eos
907 4098 1295 4155 circumcidere
1323 4100 1457 4154 filios
1482 4115 1610 4156 suos
1636 4116 1812 4170 neque

215 4199 267 4253 in
301 4191 784 4251 consuetudinibus
806 4191 913 4246 illis
939 4189 1208 4245 incedere.
1250 4208 1268 4241 ι
1301 4189 1415 4245 Νοιι
1442 4191 1625 4245 dicunt
1652 4231 1667 4255 ,
1702 4194 1811 4246 Au-

213 4292 455 4353 dierant;
481 4286 600 4352 sed,
624 4284 809 4339 Edocti
832 4293 971 4350 sunt,
1000 4282 1050 4337 id
1075 4290 1187 4347 est,
1218 4282 1445 4336 instituti
1468 4292 1594 4338 sunt
1617 4295 1668 4337 et
1696 4298 1815 4339 cre-

214 4383 471 4438 diderunt
496 4421 512 4445 ,
556 4378 694 4450 quod
719 4376 1076 4431 discessionem
1100 4390 1132 4427 a
1158 4374 1338 4446 Moyse
1380 4375 1583 4441 doceas,
1640 4377 1813 4431 dicens

214 4492 317 4529 non
343 4473 527 4527 debere
567 4486 653 4525 eos
676 4467 1040 4523 circumcidere
1080 4467 1216 4537 filios
1237 4484 1376 4531 suos,
1422 4485 1580 4539 neque
1608 4472 1662 4523 in
1690 4487 1814 4524 con-

214 4564 571 4622 suetudinibus
589 4561 691 4616 illis
708 4546 960 4623 incedere.
984 4559 1112 4615 Post
1135 4560 1250 4615 haec
1275 4560 1542 4615 subdidit:
1562 4560 1650 4615 22.
1676 4561 1813 4627 Quid

213 4674 338 4730 ergo
357 4656 484 4711 est.’
536 4653 720 4722 Utique
746 4662 944 4721 oportet
969 4653 1234 4706 convenire
1272 4652 1694 4708 multitudinem:
1720 4672 1817 4709 au-

217 4754 358 4806 dient
386 4750 519 4802 enim
549 4757 596 4800 te
620 4746 828 4800 venisse.
863 4743 958 4798 25.
989 4742 1101 4797 Ηοε
1127 4761 1245 4815 ergo
1275 4749 1379 4815 fac,
1411 4747 1547 4815 quod
1572 4748 1660 4800 tibi
1685 4747 1815 4801 dici-

219 4860 354 4898 mus.
398 4840 565 4909 Quasi
593 4838 876 4892 consilium
903 4836 1093 4891 dantes
1133 4844 1236 4891 hoc
1271 4836 1488 4904 dicunt,
1524 4854 1632 4893 non
1662 4841 1812 4910 quasi

220 4939 573 5006 imperantes.
622 4949 641 4983 t
674 4930 810 4986 Sunt
833 4929 989 4985 nobis
1014 4930 1114 4984 viri
1140 4938 1373 4999 quatuor
1397 4941 1579 4985 votum
1611 4932 1815 4987 baben-

221 5037 305 5083 tes
329 5039 496 5095 super
516 5038 595 5079 se.
617 5022 709 5077 ει.
737 5021 828 5076 His
847 5023 1138 5091 assumptis
1159 5021 1431 5077 sanctifica
1461 5031 1513 5078 te
1535 5039 1656 5077 cum
1684 5024 1811 5092 illis,

218 5126 275 5173 et
306 5112 561 5183 impende
590 5113 642 5167 in
670 5111 775 5165 illis
800 5152 815 5175 ,
848 5121 906 5165 ut
934 5112 1124 5165 radant
1149 5114 1323 5181 capita
1350 5155 1366 5181 ,
1408 5123 1462 5167 et
1498 5113 1812 5169 sciantoin-

221 5224 319 5264 nes
342 5248 359 5273 ,
405 5207 529 5278 quia
562 5220 679 5276 quae
706 5203 774 5258 de
804 5214 855 5258 te
882 5203 1170 5259 audierunt
1200 5192 1332 5259 falsa
1372 5217 1495 5261 sunt
1520 5248 1535 5272 ,
1582 5208 1673 5261 sed
1703 5223 1830 5277 am-_

220 5301 381 5357 bulas
410 5310 465 5353 et
490 5300 604 5367 ipse
631 5295 939 5352 custodiens
967 5297 1162 5367 legem.
1196 5316 1215 5349 ι
1260 5296 1565 5353 Consulunt
1589 5309 1645 5353 ut
1673 5315 1731 5355 re
1763 5311 1818 5355 et

220 5405 414 5463 opere,
445 5404 550 5443 non
580 5402 831 5443 sermone
857 5386 1232 5443 defensionem
1264 5397 1435 5459 paret.
1482 5388 1551 5445 Ut
1602 5392 1811 5457 rodant,

220 5480 400 5551 inquit
419 5520 435 5545 ,
465 5487 511 5532 et
540 5479 702 5532 sciant
732 5494 904 5532 omnes
928 5518 944 5543 ,
975 5478 1094 5547 quia
1122 5494 1237 5544 qua:
1265 5479 1427 5533 edocti
1458 5491 1575 5533 sunt
1632 5481 1694 5534 de
1723 5491 1771 5535 te
1795 5522 1811 5546 ,

221 5573 359 5645 falsa
389 5580 530 5626 sunt.
568 5568 687 5625 Non
715 5570 998 5637 dixerunt,
1032 5570 1113 5625 Tu
1143 5570 1306 5626 doces
1331 5613 1345 5635 ,
1376 5573 1474 5627 sed
1506 5574 1812 5639 Audierant,

216 5680 440 5724 mnum
470 5663 575 5719 hoc
603 5663 770 5718 verbo
801 5662 1109 5732 significans
1132 5704 1145 5727 ,
1177 5663 1353 5719 edocti
1398 5675 1525 5719 sunt
1550 5708 1564 5731 ,
1593 5676 1646 5721 et
1672 5669 1814 5737 quod

215 5758 487 5823 Arno-las,
516 5755 567 5811 id
594 5764 709 5817 est,
743 5771 808 5810 ex
836 5755 1123 5809 abundanti
1153 5757 1265 5826 ipse
1292 5772 1499 5813 serves.
1529 5758 1644 5813 Non
1670 5761 1815 5817 enim

220 5852 327 5909 hoc
358 5849 534 5906 solum
565 5849 909 5919 quzerebatar
934 5892 947 5913 ,
978 5865 1043 5903 an
1073 5850 1207 5907 alios
1237 5850 1460 5905 doceret
1488 5895 1505 5918 ,
1535 5852 1627 5906 sed
1654 5853 1813 5908 etiam

1168 410 1237 468 IN
1277 407 1454 465 ACTA
1496 398 2021 461 APOSTOLORUM.
2065 399 2294 456 "OMIL.
2336 398 2522 457 XLVI.

1372 530 1897 628 M—HOMILIA
1940 561 2165 622 XLVI.

3412 402 3519 460 323

3241 520 3501 537 ——_

1912 725 1983 765 an
2014 710 2129 779 ipse
2171 717 2433 765 servaret.
2474 705 2615 774 Quid
2663 721 2828 777 ergo,
2873 706 2918 761 si
2959 714 3149 777 gentes
3178 707 3460 764 didicerint
3490 749 3506 771 ,

1917 800 2122 870 inquit,
2157 814 2336 853 annon
2368 797 2749 853 olIendcntur?
2778 796 2958 865 Quare
2982 838 2998 862 ,
3030 812 3153 852 cum
3211 812 3310 852 nos
3338 797 3515 852 Judaei

1915 892 2165 945 doctores
2193 888 2341 945 illum
2364 889 2430 942 ad
2458 898 2648 959 gentes
2666 887 3026 943 miserimus?
3054 888 3144 944 25.
3176 906 3195 939 t
3230 889 3304 943 De
3331 889 3396 944 iis
3422 903 3520 942 au-

1916 989 2023 1036 tem
2044 1020 2060 1047 ,
2092 981 2180 1051 qui
2208 978 2555 1035 crediderunt
2581 994 2647 1033 ex
2678 978 2927 1048 gentibus
2949 1019 2963 1042 ,
3004 993 3102 1033 nos
3144 980 3467 1047 scripsimus
3489 1020 3505 1046 ,

1914 1074 2268 1132 decernentes
2297 1092 2365 1131 ne
2391 1076 2519 1146 quid
2541 1075 2849 1145 bnjusmodi
2876 1076 3201 1143 observent,
3230 1077 3326 1133 sed
3348 1077 3517 1133 absti-

1915 1177 2077 1223 neant
2105 1169 2172 1222 ab
2202 1168 2268 1223 iis
2291 1209 2307 1233 ,
2340 1184 2459 1238 qua:
2493 1168 2769 1223 immolata
2800 1177 2928 1223 sunt
2961 1168 3119 1225 idolis
3145 1210 3161 1237 ,
3194 1184 3224 1223 a
3254 1167 3518 1240 sanguine

1915 1268 1968 1314 et
1993 1258 2257 1315 sull'ocato
2279 1269 2334 1313 et
2364 1258 2744 1314 fornicatione.
2782 1278 2800 1312 ι
2832 1258 2931 1315 Hic
2954 1262 3227 1317 monendo
3255 1262 3513 1333 loquitur:

1914 1351 2030 1407 vult
2068 1364 2247 1407 autem
2290 1352 2474 1407 dicere
2498 1392 2513 1416 ,
2546 1350 2615 1407 Ut
2660 1363 2758 1406 nos
2804 1352 2935 1422 ipsis
2978 1354 3338 1423 praecepimus
3363 1396 3378 1421 ,
3410 1357 3515 1412 etsi

1912 1446 2111 1500 imbuis
2138 1447 2491 1517 praedicantes
2524 1465 2536 1498 :
2565 1446 2645 1500 sic
2674 1455 2729 1501 et
2756 1453 2811 1499 tu
2834 1486 2849 1509 ,
2883 1446 2983 1500 etsi
3011 1446 3265 1516 gentibus
3313 1448 3511 1517 ρεπιιΙί-

1922 1554 2053 1605 ccs,
2103 1554 2398 1608 cooperare
2444 1538 2745 1592 nobiscum.
2789 1537 3025 1593 Observa
3076 1538 3297 1593 Paulum
3343 1558 3355 1593 :
3410 1556 3515 1594 non

1914 1630 2079 1695 dicit,
2121 1630 2344 1684 Possum
2386 1629 2568 1699 utique
2610 1628 2955 1684 Timotheum
3002 1629 3315 1698 adducere,
3348 1645 3512 1700 quem

1913 1720 2222 1775 circumcidi
2248 1762 2263 1785 ,
2294 1736 2349 1775 et
2376 1734 2591 1789 possum
2620 1720 2722 1775 hoc
2746 1734 3001 1775 sermone
3024 1721 3388 1790 persuadere;
3416 1722 3511 1781 sed

1913 1812 2305 1881 obtemperavit
2332 1813 2441 1875 eis,
2475 1821 2531 1867 et
2567 1812 2745 1867 omnia
2794 1811 2917 1867 fecit
2950 1831 2964 1867 :
2992 1815 3192 1867 etenim
3222 1815 3303 1871 sic
3342 1830 3510 1885 expe-

1914 1902 2115 1958 diebat.
2141 1902 2254 1957 Non
2275 1904 2419 1959 enim
2450 1904 2591 1959 idem
2620 1912 2738 1959 erat
2760 1905 3022 1959 rationem
3046 1905 3228 1960 verbis
3255 1905 3505 1975 reddere,

1912 2002 1968 2050 et
1997 1995 2210 2050 nemine
2248 1995 2466 2050 conscio
2499 1996 2601 2051 hoc
2645 1995 2840 2051 facere.
2882 1994 3207 2065 Suspicione
3248 1998 3513 2066 carebat,

1913 2085 2054 2157 quod
2085 2087 2243 2140 etiam
2275 2086 2629 2156 impenderet.
2677 2087 2769 2143 26.
2825 2086 2968 2141 Tunc
2994 2086 3197 2143 Paulus
3238 2093 3516 2159 assumptis

1914 2177 2054 2241 siris,
2090 2188 2291 2245 postera
2318 2178 2399 2231 die
2429 2178 2729 2247 puri/iratus
2758 2193 2872 2231 cunt
2903 2177 3007 2232 illis
3027 2220 3043 2245 ,
3072 2180 3278 2233 intravit
3304 2182 3356 2234 in
3385 2192 3514 2235 tem-

1915 2271 2095 2344 plum,
2126 2272 2435 2324 annuntians
2475 2269 2813 2338 expletionem
2849 2270 3045 2323 dierum
3096 2273 3473 2341 puriﬁcationis
3495 2314 3512 2339 ,

1914 2364 2073 2416 donec
2098 2360 2367 2428 o/ferretur
2386 2378 2479 2431 pro
2504 2377 2603 2413 uno
2630 2376 2828 2430 quoque
2853 2377 3028 2414 eorum
3052 2364 3264 2416 oblatio.
3296 2365 3515 2419 Annttn-

1913 2457 2074 2521 tians,
2120 2454 2221 2508 hoc
2248 2462 2363 2516 est,
2413 2452 2691 2508 declarans
2722 2472 2734 2510 :
2769 2454 2949 2524 itaque
2978 2456 3091 2524 ipse
3121 2468 3235 2511 erat
3268 2458 3356 2528 qui
3389 2472 3512 2514 sese

1914 2542 2257 2602 manifestum
2290 2546 2532 2601 faciebat.
2572 2546 2663 2600 27.
2702 2544 2831 2602 Cum
2857 2558 3023 2603 autem
3052 2559 3245 2620 septem
3276 2552 3382 2607 dies
3398 2554 3513 2623 jam

1912 2640 2160 2710 implendi
2187 2649 2374 2695 essent.

1983 2731 2039 2785 2.
2082 2731 2215 2786 Vide
2231 2728 2505 2800 quomodo
2537 2729 2877 2807 potissimum
2912 2732 2964 2784 in
3014 2731 3121 2787 illis
3152 2741 3414 2789 moratur.
3464 2734 3515 2791 Ii

1913 2825 1999 2894 qui
2023 2832 2167 2877 erant
2198 2840 2261 2876 ex
2290 2823 2415 2876 Asia
2443 2820 2637 2886 Iudici,
2683 2838 2798 2875 cum
2822 2822 3063 2876 vidissent
3089 2842 3203 2879 eum
3227 2826 3280 2880 in
3301 2829 3510 2897 templo,

1914 2915 2288 2969 concitaverunt
2315 2922 2470 2966 totam
2502 2913 2722 2977 turbam,
2756 2923 2805 2967 et
2833 2914 3124 2983 injecerunt
3143 2916 3195 2970 in
3220 2918 3367 2972 illum
3398 2937 3514 2974 ma-

1913 3023 2029 3070 nus,
2062 3005 2342 3059 clamantes
2370 3004 2496 3061 :28.
2537 3003 2648 3058 Viri
2691 3003 2944 3060 Israelita:
2962 3048 2977 3071 ,
3019 3008 3259 3079 adjuvate
3285 3028 3306 3067 :
3334 3013 3417 3066 hic
3442 3023 3517 3069 est

1915 3100 2096 3161 homo,
2128 3098 2215 3167 qui
2252 3098 2497 3152 adversus
2538 3099 2785 3169 populum
2826 3109 2873 3152 et
2918 3100 3080 3170 legem
3107 3110 3153 3155 et
3181 3102 3349 3156 locum
3381 3105 3518 3160 hunc

1915 3205 2086 3242 omnes
2134 3188 2325 3259 ubique
2362 3188 2579 3251 docens,
2623 3188 2835 3256 insuper
2876 3198 2921 3242 et
2965 3191 3179 3259 gentiles
3225 3193 3429 3247 induxit
3461 3197 3515 3249 in

1916 3278 2159 3347 templum
2179 3320 2193 3340 .
2219 3288 2266 3332 et
2293 3277 2498 3349 violavit
2526 3287 2758 3331 sanctum
2786 3279 2949 3331 lorum
2974 3281 3148 3334 istum.
3182 3282 3315 3338 Vide
3336 3300 3518 3341 mores

1914 3385 2101 3425 eorum
2129 3367 2325 3439 ubique
2354 3368 2717 3431 turbulentos,
2744 3368 2998 3439 ipsosque
3022 3372 3073 3424 in
3102 3372 3283 3426 medio
3310 3382 3518 3431 temere

1915 3459 2228 3515 clamantes.
2262 3459 2352 3514 29.
2392 3457 2636 3510 Viderunt
2686 3458 2820 3510 enim
2850 3457 3187 3530 Trophimum
3238 3451 3519 3535 Ephesium

1916 3551 1967 3605 in
1992 3551 2188 3604 civitate
2214 3567 2327 3604 cum
2372 3552 2514 3621 ipso,
2547 3569 2696 3621 quem
2739 3552 3116 3607 aestimaverunt
3154 3556 3294 3624 quod
3317 3556 3369 3610 in
3402 3569 3520 3611 tent-

1918 3646 2058 3714 plum
2088 3645 2449 3701 introduxisset
2478 3647 2698 3705 Paulus.
2732 3649 2821 3706 50.
2855 3649 3220 3720 Commotaque
3247 3662 3319 3707 est
3346 3654 3521 3707 civitas

1918 3744 2025 3788 tota
2045 3775 2060 3800 ,
2086 3744 2132 3788 et
2157 3739 2295 3805 facta
2334 3747 2407 3790 est
2433 3740 2701 3794 concursio
2732 3741 2913 3812 populi
2945 3758 2962 3796 :
2990 3752 3037 3796 et
3079 3744 3523 3813 apprehendentes

1920 3825 2168 3891 Paulum,
2193 3828 2461 3883 trahebant
2490 3847 2607 3883 eum
2636 3841 2780 3885 extra
2806 3832 3051 3903 templum
3076 3849 3094 3887 :
3124 3844 3169 3887 et
3193 3835 3365 3888 statim
3386 3835 3524 3889 (lau-

1918 3934 1990 3973 ιω
2016 3930 2135 3973 sunt
2172 3921 2371 3989 ianua.
2426 3920 2536 3974 Viri
2578 3920 2835 3977 Israelita
2855 3965 2868 3989 ,
2912 3923 3155 3994 adjuvate
3178 3966 3193 3991 ,
3225 3910 3227 3912 ’
3254 3926 3520 3994 inquiunt.

1922 4011 2024 4066 llic
2059 4022 2128 4065 est
2152 4011 2302 4066 homo
2328 4012 2415 4079 qui
2442 4012 2683 4066 adversus
2719 4015 2967 4084 populum
3000 4024 3045 4069 et
3069 4016 3229 4086 legem
3263 4021 3315 4071 et
3356 4018 3524 4072 locum

1919 4103 2092 4157 istum.
2125 4101 2256 4169 Qua:
2286 4102 2407 4158 illos
2440 4102 2675 4159 maxime
2696 4104 3016 4170 turbabant,
3054 4096 3314 4175 lemplum
3345 4116 3400 4162 et
3441 4109 3523 4164 le-

1920 4211 2039 4265 gem
2061 4238 2075 4260 ,
2111 4195 2227 4250 hmo
2254 4196 2545 4265 proferunt
2585 4196 2681 4250 illi.
2713 4196 2900 4265 Neque
2944 4197 3144 4253 Paulus
3168 4198 3285 4254 bare
3315 4202 3525 4269 patiens

1921 4289 1989 4343 de
2019 4289 2104 4345 bis
2133 4289 2232 4342 etsi
2283 4289 2446 4342 tantis
2490 4289 2766 4358 apostolos
2793 4289 3101 4355 accusavit,
3135 4291 3275 4359 quod
3335 4292 3433 4360 ipsi
3469 4292 3523 4347 in

1922 4396 2080 4437 causa
2134 4381 2323 4435 borum
2368 4389 2595 4435 essent:
2646 4380 2783 4435 adeo
2827 4390 2944 4436 erat
3008 4383 3403 4451 magnanimus.
3459 4384 3525 4437 Et

1923 4475 2188 4528 trahebant
2214 4490 2355 4537 eum,
2389 4473 2562 4542 inquit
2586 4512 2602 4537 ,
2634 4483 2777 4525 extra
2804 4472 3049 4540 templum
3076 4470 3169 4527 :et
3200 4474 3388 4528 clauste
3407 4487 3526 4530 sunt

1922 4568 2115 4633 ianuae.
2145 4564 2411 4619 Volebant
2455 4563 2597 4619 enim
2631 4564 2779 4618 illum
2826 4562 3167 4629 interficere;
3218 4565 3338 4620 ideo
3382 4566 3526 4621 foras

1924 4658 2073 4712 illum
2101 4655 2405 4719 trahebant,
2435 4663 2494 4709 ut
2520 4670 2640 4708 cum
2668 4656 2869 4723 majore
2897 4655 3108 4709 licentia
3138 4657 3239 4709 hoc
3267 4656 3524 4712 facerent.

1924 4751 2012 4805 51.
2045 4748 2395 4816 Quaerentibus
2442 4757 2610 4800 autem
2658 4747 2763 4800 illis
2795 4764 2908 4800 eum
2940 4747 3171 4802 occidere
3191 4791 3206 4815 ,
3238 4752 3527 4805 nmttiatum

1924 4851 1995 4895 est
2014 4841 2214 4894 tribuno
2232 4839 2475 4903 cohortis,
2498 4838 2633 4909 quod
2655 4848 2761 4892 tota
2782 4839 3181 4908 confunderetur
3195 4839 3485 4895 Jerusalem
3504 4858 3524 4898 .'

1925 4934 2014 4990 52.
2049 4933 2150 5000 Qui
2177 4932 2346 4986 statim
2380 4931 2657 5001 assumptis
2685 4930 2929 4985 militibus
2959 4939 3004 4983 et
3030 4932 3409 4986 centurionibus
3434 4934 3523 4987 tle-

1925 5027 2081 5079 currit
2106 5025 2174 5078 ad
2198 5024 2335 5078 illos.
2379 5022 2481 5087 Qui
2508 5038 2621 5075 cum
2654 5022 2892 5076 vidissent
2938 5020 3197 5076 tribunum
3228 5033 3275 5077 et
3302 5026 3488 5080 milites
3509 5067 3524 5091 ,

1925 5126 2240 5173 cessaverunt
2266 5126 2523 5186 percutere
2561 5113 2807 5168 Paulum.
2842 5116 2932 5170 33.
2968 5112 3115 5168 Tunc
3160 5118 3404 5171 accedens
3430 5121 3526 5171 tri-

1927 5212 2090 5265 bunus
2118 5208 2455 5280 apprehendit
2497 5225 2643 5271 eum,
2688 5217 2735 5261 et
2764 5208 2913 5273 iussit
2942 5224 3057 5261 eum
3096 5206 3306 5278 alligari
3338 5211 3538 5262 catenis

1926 5301 2124 5355 duabus
2154 5315 2173 5354 :
2199 5310 2247 5353 et
2276 5298 2619 5368 interrogabat
2663 5298 2775 5368 quis
2812 5308 2941 5351 esset
2972 5306 3017 5350 et
3041 5298 3165 5367 quid
3198 5299 3413 5368 fecisset.
3436 5300 3516 5354 δι.

1927 5393 2030 5446 Alii
2056 5402 2226 5445 autem
2249 5390 2392 5443 aliud
2432 5388 2717 5442 clamabant
2755 5389 2807 5441 in
2838 5387 3003 5441 turba.
3035 5387 3105 5442 Et
3133 5404 3229 5443 cur
3254 5389 3537 5445 examina-

1931 5494 2082 5537 turus
2133 5497 2255 5535 eum
2299 5479 2454 5549 jussit
2490 5480 2642 5548 ligari
2689 5481 2895 5532 catenis
2939 5478 3185 5535 duabus?
3233 5477 3299 5535 Ut
3348 5480 3527 5548 poliuli

1929 5572 2165 5628 furorem
2197 5572 2486 5641 mitigaret.
2525 5569 2586 5622 Et
2623 5586 2736 5621 cum
2768 5586 2870 5623 non
2915 5580 3082 5639 pauet
3110 5579 3300 5625 certum
3342 5587 3530 5639 coyno-

1930 5685 2066 5722 scere
2092 5682 2196 5737 pra:
2226 5664 2445 5718 tumultu
2465 5703 2481 5731 ,
2512 5662 2660 5729 iussit
2692 5662 2809 5715 duci
2838 5680 2953 5716 eum
2998 5662 3052 5717 in
3102 5673 3287 5717 castra.
3330 5664 3417 5717 35.
3467 5663 3531 5718 Et

1930 5778 2043 5814 cum
2074 5760 2283 5813 venisset
2309 5758 2375 5810 ad
2400 5756 2590 5827 gradus
2612 5798 2626 5819 ,
2656 5757 2905 5826 contingit
2934 5766 2993 5808 ut
3024 5766 3313 5825 portaretur
3337 5773 3368 5809 a
3391 5758 3529 5811 mili-

1930 5856 2059 5909 tibus
2085 5862 2287 5921 propter
2318 5850 2414 5902 vim
2442 5850 2617 5919 populi
2644 5866 2659 5902 :
2696 5850 2785 5905 56.
2836 5850 3133 5920 sequebatur
3179 5853 3310 5905 enim
3354 5854 3503 5907 multi
3516 5886 3531 5894 -
