4094 6336
614 408 729 462 525

621 525 743 577 tudo
789 520 999 592 papuli,
1056 517 1328 571 clamans:
1360 511 1496 565 Tolle
1534 522 1667 558 eunt.
1711 502 1845 570 Quid
1894 510 2011 560 est,
2060 496 2200 550 Tolle

624 615 775 667 eum?
800 612 911 666 Mos
940 619 1053 665 erat
1083 606 1283 662 Jndnns
1306 646 1319 668 ,
1349 611 1529 657 eontra
1563 613 1677 662 eos,
1705 608 1837 665 quos
1863 594 2199 650 damnarent,

620 704 695 759 ita
725 704 908 773 loqui,
941 710 997 754 ut
1023 707 1077 755 et
1103 706 1291 753 contra
1317 694 1588 748 Christum
1617 690 1888 752 fecerunt,
1921 683 2164 737 dicentes
2184 722 2199 747 ,

620 794 769 848 Tolle
806 795 987 857 illum;
1040 793 1140 845 hoc
1184 798 1262 843 est
1289 828 1302 849 ,
1349 786 1416 839 de
1456 798 1679 837 numero
1720 778 2010 832 viventium
2058 773 2197 829 dele.

620 884 850 952 Quidam
877 898 1007 936 vero
1035 880 1217 935 dicunt
1243 920 1255 942 ,
1292 877 1341 930 id
1373 890 1491 930 esse
1520 872 1662 943 quod
1689 869 1825 940 apud
1856 882 1953 923 nos
1975 882 2041 921 ex
2088 864 2201 918 Ro-

624 992 778 1032 mana
806 972 1187 1031 consuetudine
1225 970 1421 1024 dicitur
1455 985 1467 1020 :
1500 966 1727 1018 lmmitte
1756 963 1901 1015 illum
1930 961 1980 1013 in
2030 958 2199 1028 signa.

623 1071 713 1124 57.
749 1067 816 1121 Et
842 1083 955 1120 cum
980 1065 1205 1133 coepisset
1241 1062 1293 1114 in
1315 1071 1482 1113 castra
1502 1058 1675 1111 induci
1713 1053 1929 1119 Paulus,
1970 1051 2091 1103 dicit
2115 1048 2205 1101 tri-

623 1160 755 1214 buno
783 1173 803 1211 :
832 1157 893 1211 Si
917 1156 1028 1209 licet
1055 1153 1181 1207 mihi
1228 1152 1361 1222 loqui
1406 1150 1472 1202 ad
1510 1159 1576 1203 te.
1620 1146 1753 1202 Cum
1808 1152 2107 1213 gestaretur
2151 1140 2203 1193 in

625 1247 898 1319 gradibus,
920 1244 1315 1315 petitquiddam
1342 1242 1556 1296 tribuno
1582 1240 1779 1294 dicere.
1817 1236 1880 1290 Et
1908 1234 2024 1288 vide
2046 1246 2205 1300 quam

636 1348 912 1392 Inansnetc
942 1355 954 1389 :
988 1335 1048 1390 Si
1070 1336 1193 1388 mihi
1219 1335 1333 1388 licet
1361 1333 1497 1400 loqui
1525 1333 1592 1383 ad
1619 1341 1683 1391 te,
1714 1328 1899 1395 inquit.
1933 1324 2031 1390 Qui
2056 1323 2202 1385 dixit,

627 1429 800 1484 Gram
829 1428 1006 1481 nosti?
1032 1427 1119 1482 58.
1157 1425 1341 1478 Nonne
1368 1434 1420 1476 tu
1448 1439 1498 1475 es
1522 1420 1801 1491 AEgyptius
1826 1460 1841 1486 ,
1872 1418 1957 1487 qui
1987 1426 2103 1469 ante
2118 1417 2207 1468 hos

626 1524 733 1575 dies
772 1521 1036 1573 tumultum
1066 1517 1362 1579 concitasti,
1392 1525 1436 1569 et
1469 1514 1685 1567 eduxisti
1712 1513 1765 1565 in
1795 1511 2047 1565 desertum
2078 1524 2205 1577 quu-

631 1625 744 1667 tuor
775 1614 934 1665 millia
961 1612 1181 1664 virorum
1208 1608 1548 1663 sicariorum?
1578 1606 1673 1659 Hic
1714 1604 2001 1673 Egyptius
2051 1602 2207 1655 homo

627 1714 762 1759 erat.
792 1701 1033 1769 qumdam
1064 1700 1324 1753 innovans
1354 1708 1407 1752 et
1437 1698 1743 1751 seditiosus.
1774 1695 1884 1749 Hac
1912 1693 1978 1747 de
2008 1708 2065 1745 re
2090 1704 2209 1745 sese

626 1804 816 1865 purgat
841 1795 1058 1859 Paulus,
1082 1801 1137 1845 et
1160 1786 1315 1845 dictis
1343 1792 1451 1843 suis
1476 1789 1613 1844 tollit
1630 1784 2207 1856 suspicionem.Verum

631 1888 875 1955 superius
904 1885 1040 1938 lecta
1074 1893 1395 1951 repetamus.
1444 1880 1578 1934 Sunt
1624 1880 1764 1933 nobis
1791 1920 1804 1941 ,
1857 1878 2067 1945 inquit,
2114 1874 2208 1927 viri

626 1990 840 2049 quatuor
860 1989 1026 2030 votum
1052 1975 1284 2028 [iubentes
1309 1990 1461 2041 super
1491 1990 1542 2025 se
1565 1988 1581 2024 :
1608 1973 1683 2024 his
1705 1969 1978 2037 assumptis
1996 1968 2210 2036 puri/ica

628 2081 675 2125 te
699 2088 812 2124 cum
838 2071 959 2122 illis.
991 2068 1069 2122 Ad
1101 2067 1213 2121 hrec
1240 2081 1342 2120 non
1373 2065 1629 2118 obnititur
1676 2063 1869 2116 Paulus
1894 2103 1909 2127 ,
1955 2060 2047 2114 sed
2098 2074 2211 2112 mo-

627 2176 741 2214 rem
768 2162 921 2229 gerit.
954 2158 1105 2214 Unde
1132 2158 1308 2228 palam
1357 2166 1438 2209 est
1479 2156 1583 2208 hoc
1625 2172 1728 2208 non
1778 2152 2082 2207 necessario
2132 2147 2209 2202 fa-

629 2252 877 2305 ciendum
913 2252 1077 2303 fuisse
1106 2251 1122 2317 (
1147 2248 1372 2316 ide0que
1411 2245 1727 2316 persuadent
1773 2245 1926 2312 illi),
1969 2242 2061 2295 sed
2112 2240 2213 2292 hoc

636 2358 728 2412 per
754 2342 1106 2397 meonomiam
1138 2350 1193 2394 et
1238 2339 1619 2406 indulgentiam
1667 2337 1862 2389 factum
1906 2348 2050 2387 esse.
2097 2330 2209 2385 Non

627 2443 744 2487 erat
776 2448 903 2500 ergo
930 2433 1029 2485 hoc
1060 2430 1452 2500 pnedicationis
1473 2428 1930 2496 impedimentum,
1950 2422 2210 2493 siquidem

628 2533 681 2576 et
709 2523 930 2591 apostoli
960 2522 1074 2575 haec
1106 2522 1208 2574 illis
1238 2522 1563 2574 statuebant.
1608 2517 1721 2571 Hoc
1771 2518 1948 2585 itaque
1986 2516 2208 2582 dispen-

628 2631 752 2670 sans
773 2656 788 2681 ,
823 2616 933 2683 ipse
962 2624 1138 2667 tamen
1170 2614 1383 2667 Petrum
1412 2611 1665 2677 deinceps
1692 2610 1898 2661 incusat
1924 2624 1935 2671 ;
1971 2621 2070 2660 nec
2100 2606 2216 2658 sine

633 2720 791 2759 causa
824 2704 923 2757 hoc
957 2704 1079 2758 fecit
1114 2721 1126 2755 :
1159 2717 1277 2755 nam
1306 2700 1444 2768 quod
1475 2700 1560 2753 hie
1589 2699 1785 2753 fecerat
1816 2700 1960 2767 ipse,
2005 2696 2105 2750 hoc
2145 2696 2215 2750 ibi

637 2795 825 2849 Petrus
853 2804 1032 2847 tacens
1060 2802 1111 2846 et
1138 2792 1415 2845 stabiliens
1446 2790 1637 2857 dogma
1686 2803 1861 2841 suum.
1904 2786 2021 2840 Non
2074 2786 2215 2840 dice-

636 2888 762 2941 bant
793 2904 806 2938 :
837 2886 952 2940 Non
980 2894 1190 2954 oportet
1218 2882 1444 2953 gentiles
1472 2882 1700 2947 docere;
1731 2894 1903 2949 neque
1925 2921 1941 2941 .
1970 2877 2215 2934 Sufliciat

630 2977 787 3048 quod.
803 2994 905 3033 non
936 2976 1256 3046 praedicetur
1279 2974 1385 3029 illic
1414 2991 1427 3026 :
1457 2973 1551 3027 sed
1584 2981 1797 3041 oportet
1826 2971 1951 3040 quid
1984 2971 2213 3038 amplius

636 3069 811 3124 facere
832 3110 847 3132 ,
876 3080 933 3121 ut
962 3066 1385 3135 persuadeantur
1416 3064 1490 3117 illi
1523 3072 1571 3117 te
1607 3065 1776 3132 legem
1801 3061 2095 3116 custodire.
2125 3064 2216 3114 At-

636 3160 951 3230 temperatio
998 3168 1081 3211 est
1121 3171 1207 3211 res
1258 3155 1380 3221 illa,
1433 3170 1498 3208 ne
1548 3154 1755 3207 timeas.
1805 3153 1871 3207 Et
1908 3152 2027 3206 ride
2067 3167 2078 3199 ε
2114 3166 2217 3205 non

636 3252 781 3321 prius
816 3250 1141 3321 persuadent
1171 3248 1245 3302 illi
1273 3290 1286 3315 ,
1318 3264 1474 3316 quam
1504 3254 1894 3317 repraesentem
1920 3255 1973 3300 et
2001 3260 2217 3301 (nconc—

637 3344 794 3398 miam
825 3353 878 3398 et
906 3343 1132 3396 lucrum.
1166 3341 1235 3395 Et
1261 3341 1399 3410 quod
1432 3339 1779 3410 Jerosolymre
1811 3341 1991 3404 fieret,
2024 3339 2219 3392 tolera-

636 3435 741 3488 bile
770 3444 906 3488 erat.
941 3434 1051 3487 Hoc
1073 3433 1232 3501 igitur
1264 3431 1349 3486 hic
1382 3430 1542 3485 facito
1564 3472 1579 3494 ,
1614 3439 1670 3484 ut
1703 3430 1828 3484 illud
1860 3440 2010 3485 extra
2042 3430 2219 3484 civita-

636 3533 739 3580 tem
772 3526 906 3578 hanc
943 3524 1036 3577 tibi
1078 3521 1253 3577 facere
1299 3522 1474 3576 liceat.
1525 3520 1665 3573 Tunc
1715 3518 1914 3573 Paulus
1941 3562 1955 3586 ,
2007 3520 2215 3589 inquit,

633 3617 907 3687 assumptis
939 3615 1057 3669 uiris
1082 3615 1307 3685 sequenti
1352 3615 1453 3667 die.
1499 3612 1611 3668 Non
1662 3611 1901 3677 distulit,
1935 3610 2027 3665 sed
2058 3626 2220 3680 opere

636 3717 939 3763 monstrans
967 3722 1025 3761 se
1058 3721 1366 3776 persuasum
1395 3720 1514 3760 esse
1540 3745 1554 3768 ,
1601 3706 1826 3758 assumit
1860 3719 1955 3758 eos
1999 3705 2219 3772 quibus-

635 3813 757 3851 cum
784 3812 843 3851 se
875 3797 1248 3864 purilicaturus
1272 3806 1387 3849 erat
1418 3812 1431 3847 :
1464 3796 1592 3848 tanti
1626 3794 1851 3848 fervoris
1881 3803 1962 3847 est
1999 3807 2217 3848 ωυυιιο-

638 3890 741 3942 niia
776 3888 1101 3956 hujusmodi.
1131 3888 1194 3940 Et
1221 3886 1508 3956 quomodo,
1546 3886 1771 3954 inquies,
1805 3885 1973 3939 Judaei
1999 3885 2218 3939 Asiatici

638 3979 887 4034 viderunt
911 3980 1058 4033 illum
1090 3980 1142 4033 in
1173 3979 1407 4047 templo?
1434 3978 1735 4032 Verisimile
1760 3988 1843 4033 est
1878 3993 1970 4033 eos
2014 3977 2219 4047 aliquot

638 4069 824 4123 diebus
852 4070 1009 4124 isthic
1038 4078 1280 4123 versatos
1306 4084 1446 4123 esse.
1488 4068 1617 4122 Vide
1644 4079 1820 4123 autem
1850 4084 1961 4123 rem
1991 4084 2057 4124 es
2111 4069 2221 4123 dis-

638 4166 946 4232 pensatione
969 4162 1195 4235 quadam
1226 4161 1416 4217 factam
1450 4177 1591 4216 esse.
1619 4161 1903 4231 Postquam
1932 4164 2073 4217 enim
2099 4176 2219 4231 per-

636 4256 779 4311 suasi
808 4255 1013 4308 fueranl
1037 4254 1224 4317 Judaei,
1259 4264 1383 4307 tunc
1409 4255 1691 4323 insurgunt
1719 4255 1770 4307 in
1801 4256 1949 4307 illum
1987 4272 1998 4307 :
2027 4264 2081 4307 et
2110 4269 2140 4309 e
2161 4270 2219 4310 re

637 4345 847 4415 quidem
873 4385 888 4408 ,
918 4353 972 4397 ut
998 4358 1064 4397 ne
1092 4344 1165 4397 illi
1192 4344 1352 4397 etiam
1382 4346 1431 4396 in
1460 4342 1633 4411 ipsum
1660 4343 2015 4412 insurgerent.
2052 4343 2216 4413 Adju-

638 4446 781 4501 vate,
814 4434 1079 4503 inquiunt,
1108 4434 1203 4487 viri
1226 4433 1493 4486 Israelita.
1528 4438 1601 4487 Ac
1629 4434 1672 4487 si
1702 4434 1821 4504 quis
1866 4443 2025 4502 captu
2075 4433 2216 4488 dim-

635 4526 752 4580 cilis
780 4525 832 4579 in
855 4540 1041 4579 eorum
1079 4538 1267 4577 manus
1295 4522 1568 4577 incidisset
1592 4565 1606 4590 ,
1636 4524 1887 4593 Adjuvate
1909 4567 1923 4587 ,
1955 4525 2216 4595 inquiunt.

636 4617 737 4671 llic
758 4628 826 4671 est
852 4658 866 4681 ,
906 4618 992 4687 qui
1018 4617 1199 4683 ubique
1226 4633 1398 4670 omnes
1420 4618 1582 4670 docet.
1609 4617 1725 4671 Non
1762 4617 1861 4671 llic
1882 4620 2059 4673 solum
2086 4661 2101 4687 ,
2142 4622 2219 4674 in-

637 4709 855 4779 quiunt,
884 4708 977 4762 sed
1019 4707 1233 4779 Ubique.
1264 4708 1399 4762 Tum
1450 4711 1607 4764 etiam
1656 4714 1926 4765 accusatio
1978 4714 2149 4783 major
2189 4728 2218 4768 a

641 4801 1010 4869 praesentibus.
1034 4802 1114 4855 Ad
1137 4802 1267 4867 haec,
1292 4802 1556 4872 inquiunt,
1601 4803 1903 4873 Profanavit
1933 4807 2176 4876 templum
2201 4850 2215 4874 ,

638 4892 771 4945 uiros
792 4893 999 4961 gentiles
1022 4892 1283 4946 inducens.
1327 4894 1485 4962 Atqui
1530 4900 1690 4950 etiam
1740 4898 1935 4953 Christi
1979 4910 2220 4970 tempore

641 4982 1001 5038 ascenderunt
1032 4982 1339 5049 adoraturi;
1373 4984 1466 5038 sed
1492 4985 1542 5038 hi
1573 4987 1859 5055 loquuntur
1887 4990 1954 5044 dc
1986 4991 2047 5044 iis
2073 5033 2086 5057 ,
2127 4994 2216 5061 qui

637 5092 743 5130 non
772 5075 1029 5129 adorandi
1061 5090 1220 5129 causa
1242 5076 1545 5131 veniebant.
1576 5076 1643 5130 Et
1670 5091 1999 5147 assumentes,
2027 5083 2209 5152 inquit,

638 5167 900 5232 Paulum,
932 5166 1193 5220 trahebant
1224 5166 1368 5221 illum
1394 5173 1550 5238 raras.
1576 5169 1852 5239 Perpende
1878 5214 1892 5237 ,
1942 5189 1971 5226 a
2022 5177 2220 5244 templo

637 5258 853 5326 ejiciunt
886 5258 1030 5312 illum
1067 5275 1080 5310 :
1114 5273 1285 5327 neque
1311 5260 1454 5313 enim
1488 5261 1624 5315 ultra
1669 5261 1875 5331 legibus
1922 5265 2002 5319 vel
2054 5266 2221 5321 tribu-

640 5348 849 5402 nalibus
875 5363 1005 5416 opus
1037 5349 1344 5415 habebant;
1380 5350 1603 5419 ideoque
1638 5353 1783 5406 illum
1816 5357 2215 5422 percutiebant:

638 5440 714 5492 sic
745 5454 836 5508 per
868 5441 1043 5493 omnia
1078 5442 1286 5496 feroces
1324 5452 1380 5496 et
1419 5446 1717 5511 petulantes
1763 5458 1905 5500 sunt.
1953 5449 2045 5503 llle
2092 5466 2220 5506 vero

643 5538 764 5582 tunc
792 5529 1004 5598 quidem
1038 5546 1142 5584 non
1170 5546 1287 5587 sese
1317 5536 1586 5604 purgavit,
1618 5536 1709 5589 Sed
1741 5548 1958 5605 postea;
2008 5552 2061 5596 et
2099 5542 2221 5610 jure

641 5620 852 5689 quidem
887 5638 898 5672 :
932 5637 1055 5675 tunc
1085 5623 1223 5676 enim
1248 5640 1314 5678 ne
1345 5627 1867 5697 audissentquidem.
1899 5633 1961 5685 Et
1988 5648 2085 5687 cur
2113 5634 2221 5688 cla-

643 5712 857 5765 mabant
882 5755 895 5777 ,
932 5710 1074 5766 Tolle
1101 5715 1261 5767 eum?
1297 5715 1612 5785 Timebant,
1669 5736 1733 5773 ne
1781 5722 2055 5787 effugeret.
2114 5724 2219 5780 Sed

646 5803 794 5869 vide,
825 5821 942 5859 cum
974 5817 1167 5875 quanta
1209 5808 1463 5863 modestia
1513 5812 1704 5867 Paulus
1733 5830 1851 5868 cum
1902 5817 2115 5872 tribuno
2139 5819 2217 5873 lo—

1339 398 1397 454 S.
1437 388 1704 448 JUMV‘NIS
1744 380 2212 443 CllliYSOSTOMI
2254 375 2565 434 ARCIIIEP.
2607 373 3138 429 CONSTANTINOP.

3802 367 3905 423 εει.

2310 500 2523 561 quatur.
2567 487 2701 555 Quid
2751 488 2892 542 enim
2942 487 3105 541 dicit?
3160 484 3219 541 Si
3267 484 3389 536 mihi
3439 484 3551 537 licet
3584 480 3787 552 aliquid
3812 481 3906 533 tibi

2308 581 2517 635 dicere?
2547 580 2619 633 Ita
2649 591 2765 633 erat
2796 579 3013 633 humilis
3037 619 3052 645 ,
3102 588 3159 631 ut
3202 576 3406 645 'uhique
3455 575 3699 629 modeste
3744 588 3909 642 agere

2308 676 2492 732 sciret.
2526 672 2712 726 Nonne
2742 682 2793 724 tu
2821 688 2892 733 es,
2924 671 3123 741 inquit,
3154 669 3431 741 .Egyptius
3461 666 3566 721 ille.

2380 770 2433 823 5.
2485 766 2618 821 Vide
2667 764 3052 834 malignitatem
3099 764 3319 818 diaboli.
3366 763 3626 831 Deceplor
3679 769 3800 814 erat
3854 767 3908 811 et

2310 852 2665 923 praestigiator
2690 849 2973 921 Egyptius
3004 850 3124 914 ille,
3156 859 3209 903 et
3234 849 3483 918 Sperabat
3520 862 3578 901 se
3625 861 3718 915 per
3752 844 3904 897 illum

2311 960 2423 998 rem
2456 942 2862 997 obseuraturum
2892 954 3012 994 esse
3032 980 3047 1004 ,
3076 948 3130 994 et
3156 938 3256 993 hos
3285 938 3431 994 illius
3460 938 3723 992 scelerum
3775 948 3903 987 con-

2310 1045 2483 1089 sortes
2532 1032 2798 1098 reddere,
2842 1044 2895 1088 et
2931 1030 3203 1087 Christum
3252 1047 3446 1101 nempe
3504 1039 3560 1085 et
3604 1029 3905 1097 apostolos.

2310 1124 2414 1180 Sed
2447 1124 2575 1179 nihil
2603 1123 2806 1194 potuit,
2839 1123 2946 1178 imo
2972 1123 3097 1178 hinc
3142 1122 3476 1192 splendidior
3526 1123 3721 1175 veritas
3770 1119 3909 1174 facta

2311 1228 2396 1271 est
2419 1256 2434 1281 ,
2469 1214 2598 1269 nihil
2630 1229 2695 1270 ex
2722 1214 2919 1270 diaboli
2951 1213 3212 1269 machinis
3240 1213 3388 1279 laesa,
3424 1216 3530 1267 imo
3576 1212 3745 1283 magis
3792 1213 3910 1267 illu-

2310 1318 2496 1365 strata.
2526 1308 2656 1363 Nam
2682 1308 2726 1363 si
2758 1307 3171 1378 praestigiatores
3202 1322 3307 1360 non
3339 1306 3598 1371 fuissent,
3620 1321 3683 1359 ac
3712 1306 3911 1360 deinde

2312 1400 2365 1454 hi
2396 1401 2678 1465 vicissent,
2713 1402 2849 1454 forte
2894 1397 3129 1467 suSpieio
3174 1395 3364 1449 fuisset
3402 1411 3560 1451 :cnm
3608 1407 3789 1450 autem
3833 1396 3911 1449 illi

2313 1492 2721 1563 apparuissent,
2773 1490 2825 1543 hi
2875 1489 3134 1543 vicerunt.
3185 1487 3296 1541 Hoc
3347 1496 3527 1541 autem
3557 1486 3753 1541 mirum
3805 1496 3909 1540 est.

2314 1584 2438 1639 Ideo
2500 1598 2759 1653 apparere
2817 1597 2922 1637 non
2967 1580 3358 1650 prohibentur,
3407 1589 3461 1632 ut
3504 1589 3559 1633 et
3607 1580 3686 1633 sic
3741 1578 3915 1649 magis

2316 1675 2549 1745 fulgeant
2581 1693 2593 1727 :
2625 1684 2679 1727 ut
2706 1673 2865 1726 ctiam
2896 1671 3021 1725 alibi
3071 1670 3234 1735 dicit,
3273 1669 3340 1724 Ut
3380 1671 3466 1739 qui
3514 1669 3713 1738 probati
3769 1676 3911 1735 sunt,

2316 1767 2571 1836 manifesti
2600 1767 2725 1834 ﬁant
2758 1768 2775 1835 (
2808 1769 2859 1819 1.
2893 1763 3011 1818 Cor.
3064 1764 3153 1817 11.
3205 1763 3269 1817 19
3301 1764 3339 1833 ).
3373 1762 3503 1817 Tale
3553 1762 3828 1831 quidpiam
3862 1770 3918 1815 et

2316 1857 2570 1912 Gamaliel
2624 1856 2833 1911 dicebat
2892 1874 2905 1909 :
2952 1855 3083 1908 Ante
3129 1855 3219 1908 llos
3254 1856 3359 1907 dies
3398 1856 3616 1908 surrexit
3669 1852 3917 1907 Thcudas

2316 1949 2467 2020 (Act.
2493 1948 2545 2003 5.
2575 1946 2700 2017 56).
2725 1947 2959 2001 Sicarios
2982 1962 3109 2001 vero
3138 1948 3351 2016 quidam
3378 1946 3563 2000 dicunt
3593 1962 3713 2000 esse
3740 1962 3917 2015 genus

2318 2041 2581 2095 latronum
2605 2083 2619 2105 ,
2649 2041 2727 2095 sic
2758 2040 3056 2110 appellatos
3090 2055 3119 2093 a
3146 2040 3335 2109 gladiis
3361 2082 3374 2105 ,
3406 2055 3540 2109 quos
3586 2038 3874 2109 gestabant
3899 2080 3914 2101 ,

2319 2131 2456 2185 sicas
2487 2131 2659 2185 dictos
2686 2130 2940 2185 Romanis
2965 2146 2977 2182 :
3004 2130 3093 2184 alii
3125 2145 3251 2184 vero
3280 2139 3504 2199 putant,
3550 2146 3615 2185 ex
3669 2147 3770 2184 una
3818 2130 3914 2185 Ju—

2318 2221 2554 2274 dmorum
2578 2230 2722 2274 secta
2752 2222 2934 2277 fuisse.

2392 2310 2662 2380 Magorum
2706 2312 2961 2381 prtestigia
2991 2313 3340 2380 apostolorum
3377 2312 3637 2367 miraculis
3667 2314 3921 2383 majorem

2316 2404 2416 2454 vim
2444 2402 2721 2457 contulere.
2759 2403 2924 2457 Secta:
2948 2400 3493 2458 Iudaeorum—Tres
3520 2418 3755 2474 namque
3793 2417 3924 2459 sunt

2319 2492 2457 2561 apud
2502 2493 2647 2559 ipsos
2676 2502 2836 2547 sectae
2859 2536 2871 2557 ,
2905 2493 3330 2556 Pharisaeorum,
3364 2492 3789 2549 Sadducazorum
3813 2538 3827 2560 ,
3864 2506 3921 2550 et

2322 2584 2648 2638 Essenorum
2680 2584 2768 2653 qui
2812 2593 2866 2638 et
2904 2583 3087 2639 Sancti
3130 2594 3385 2639 vocantur
3424 2585 3570 2656 (hoc
3618 2587 3763 2640 enim
3818 2587 3924 2641 sibi

2320 2675 2431 2727 vult
2456 2673 2557 2731 hoc
2580 2691 2777 2730 nomen
2811 2674 3038 2748 Esseni)
3066 2717 3080 2743 ,
3111 2667 3270 2746 idque
3296 2676 3365 2731 ob
3392 2677 3513 2731 vine
3551 2679 3920 2733 sanctitatem.

2324 2766 2484 2819 Iidem
2517 2783 2646 2820 vero
2671 2778 2721 2821 et
2752 2766 2943 2822 Sicarii
2970 2768 3133 2835 dicti,
3164 2769 3307 2838 quod
3355 2777 3539 2824 essent
3583 2770 3797 2825 zelotae.
3843 2771 3925 2827 Ne

2322 2873 2450 2928 ergo
2481 2858 2759 2914 doleamus
2788 2862 2928 2929 quod
2961 2870 3121 2915 secue
3147 2863 3275 2928 sint,
3311 2872 3503 2917 cumet
3526 2862 3925 2932 pseudoehristi

2323 2948 2556 3016 fuerint,
2588 2951 2674 3020 qui
2708 2948 2922 3029 Christo
2952 2952 3190 3006 insidiari
3225 2952 3548 3019 voluerunt,
3591 2962 3646 3008 et
3688 2954 3927 3009 antehac

2324 3050 2377 3093 et
2409 3050 2622 3109 postea,
2660 3050 2715 3094 ut
2746 3022 3093 3096 uiiscurarent
3136 3042 3307 3097 illum.
3343 3042 3449 3098 Sed
3500 3044 3697 3099 veritas
3753 3046 3927 3116 fulget

2324 3142 2377 3185 et
2404 3131 2650 3201 splendet
2679 3132 2891 3202 ubique.
2926 3134 3037 3188 Hoc
3064 3142 3117 3189 et
3148 3135 3534 3204 prophetarum
3561 3150 3677 3192 mvo
3723 3136 3926 3193 factum

2324 3235 2407 3278 est
2440 3239 2455 3277 :
2485 3224 2699 3278 fuerunt
2754 3226 3267 3295 pseudopmphetus,
3299 3237 3352 3281 et
3380 3230 3493 3283 veri
3525 3245 3590 3284 ex
3639 3226 3928 3301 compara-

2328 3315 2469 3370 tione
2498 3318 2665 3385 magis
2713 3316 3057 3387 cﬂ‘ulgehant.
3113 3318 3323 3373 Etenim
3367 3322 3586 3375 morbus
3636 3324 3927 3379 sanitatem

2325 3408 2669 3474 conSpicuam
2700 3407 2859 3468 facit,
2910 3419 2964 3462 et
3017 3411 3250 3463 tenebra:
3294 3410 3504 3479 lucem,
3556 3416 3927 3484 tranquillita-

2326 3506 2539 3566 temque
2569 3508 2874 3568 tempestas.
2903 3500 3017 3556 Non
3050 3511 3270 3571 possunt
3294 3504 3518 3572 gentiles
3553 3505 3757 3573 dicere,
3777 3508 3927 3577 quod

2326 3588 2401 3641 illi
2450 3589 2771 3658 deceptorcs
2815 3600 2869 3645 et
2915 3594 3334 3663 praestigiatores
3376 3594 3615 3651 fuerint:
3653 3597 3726 3651 illi
3777 3601 3927 3653 enim

2325 3679 2554 3733 convicti
2603 3690 2748 3735 sunt.
2796 3681 2908 3737 Hoc
2958 3685 3119 3737 etiam
3160 3684 3327 3756 Moysi
3377 3686 3617 3741 accidit:
3649 3691 3933 3745 concessit

2330 3770 2469 3825 Deus
2499 3782 2557 3826 ut
2586 3775 2724 3844 magi
2756 3784 2959 3840 essent,
2995 3792 3060 3830 ne
3089 3793 3276 3847 magus
3309 3789 3588 3848 putaretur
3614 3796 3737 3837 esse
3776 3784 3931 3854 Moy-

2325 3880 2412 3919 ses
2447 3882 2459 3917 :
2494 3866 2739 3934 permisit
2782 3876 2838 3920 ut
2880 3866 3137 3922 docerent
3179 3884 3366 3924 omnes
3392 3913 3407 3938 ,
3443 3884 3698 3941 quantum
3743 3878 3930 3945 magia

2327 3968 2537 4029 poterat
2562 3960 2931 4026 comminisci;
2982 3962 3114 4016 ultra
3163 3971 3341 4018 autem
3394 3980 3499 4020 non
3550 3966 3927 4037 deceperunt,

2325 4054 2419 4108 sed
2448 4054 2548 4124 ipsi
2581 4069 2700 4109 sese
2732 4055 2900 4109 victos
2926 4056 3156 4110 confessi
3188 4065 3332 4111 sunt.
3364 4057 3505 4112 Nihil
3534 4060 3688 4114 nobis
3719 4071 3930 4116 nocent

2324 4145 2672 4215 deceptores;
2700 4146 2809 4201 imo
2847 4163 2944 4201 nos
2973 4146 3219 4203 meliores
3246 4148 3495 4215 reddunt,
3529 4152 3570 4203 si
3599 4153 3719 4220 quis
3744 4163 3928 4208 atten-

2326 4238 2455 4291 dere
2483 4239 2627 4293 velit.
2674 4239 2811 4304 Quid
2853 4239 3051 4307 igitur,
3102 4241 3342 4310 inquies,
3386 4242 3430 4296 si
3481 4242 3691 4297 illorum
3732 4245 3929 4314 gloria:

2327 4341 2605 4385 consortes
2630 4331 2842 4385 simus?
2871 4330 2985 4385 Non
3010 4332 3150 4401 apud
3183 4348 3279 4388 nos
3308 4334 3531 4403 gloriam
3561 4335 3794 4403 habent,
3826 4339 3929 4395 sed

2325 4421 2464 4489 apud
2498 4436 2625 4488 eos,
2654 4423 2742 4490 qui
2765 4420 2967 4491 judicio
2996 4439 3102 4477 non
3132 4425 3334 4481 valent.
3365 4422 3443 4481 Ne
3489 4428 3709 4482 multum
3760 4445 3931 4488 cure-

2326 4528 2445 4568 mus
2476 4514 2651 4583 p0puli
2678 4529 2885 4581 auram,
2916 4530 2985 4571 ne
3028 4516 3163 4572 ultra
3193 4533 3353 4587 quam
3382 4530 3590 4589 oportet
3640 4522 3786 4578 illam
3839 4542 3931 4581 se-

2327 4613 2553 4658 ctemur.
2590 4604 2698 4658 Deo
2723 4605 2969 4673 vivimus,
3002 4622 3107 4661 non
3148 4606 3484 4676 hominibus;
3518 4611 3567 4665 in
3608 4613 3741 4666 caelo
3792 4630 3930 4671 eon-

2326 4712 2636 4764 vcrsamur,
2668 4716 2769 4752 non
2801 4701 2851 4751 in
2884 4708 3020 4753 terra
3053 4718 3064 4752 :
3096 4701 3203 4757 illic
3233 4704 3414 4759 bravia
3444 4715 3498 4759 et
3521 4707 3742 4776 praemia
3771 4706 3929 4768 Iaho-

2326 4807 2443 4843 rum
2487 4801 2793 4846 nostrorum
2844 4791 3054 4859 jacent,
3102 4794 3225 4849 inde
3272 4794 3458 4851 laudes
3502 4809 3925 4869 exspectamus,

2328 4884 2447 4937 inde
2478 4898 2726 4937 coronas.
2764 4884 2998 4938 Eatenus
3038 4901 3287 4941 curemus
3326 4886 3607 4956 homines,
3650 4901 3930 4960 quatenus

2329 4992 2394 5030 ne
2420 4991 2601 5029 ansam
2631 4976 2735 5029 illis
2766 4976 3119 5045 praebeamus.
3147 4978 3302 5045 Quod
3332 4980 3377 5035 si
3425 4981 3581 5036 nobis
3625 4998 3729 5036 non
3773 4999 3924 5054 pra:-

2326 5071 2573 5126 bcntibus
2594 5112 2609 5137 ,
2640 5070 2715 5124 illi
2746 5070 3015 5125 voluerint
3048 5080 3248 5127 temere
3277 5083 3333 5129 et
3377 5074 3572 5129 frustra
3618 5090 3882 5136 accusare
3907 5122 3924 5147 ,

2327 5165 2625 5234 rideamus,
2662 5180 2768 5221 non
2800 5164 3088 5234 ploremus.
3138 5166 3217 5221 Tu
3271 5169 3491 5236 provide
3545 5170 3681 5224 bona
3730 5186 3924 5229 coram

2329 5258 2437 5313 Deo
2468 5266 2521 5312 et
2552 5257 2857 5312 hominibus
2892 5274 2904 5310 :
2935 5258 2979 5312 si
3010 5268 3061 5313 te
3089 5258 3224 5313 bona
3257 5260 3593 5329 providente,
3623 5263 3709 5318 ille
3739 5265 3928 5322 inces-

2327 5359 2407 5403 sat
2428 5391 2445 5417 ,
2491 5365 2557 5405 ne
2587 5364 2763 5404 cures.
2795 5348 2969 5405 Habes
2996 5352 3241 5420 exempla
3271 5352 3322 5406 in
3371 5351 3681 5422 Scripturis.
3738 5356 3925 5411 Num-

2325 5442 2446 5508 quid
2500 5441 2633 5494 enim
2687 5441 2971 5495 hominibus
3018 5443 3208 5496 suadeo
3244 5459 3311 5496 an
3341 5441 3449 5497 Deo
3478 5444 3640 5517 (Gal.
3678 5448 3732 5501 1.
3763 5449 3929 5521 10)?

2328 5536 2525 5607 inquit;
2554 5550 2616 5589 ac
2644 5551 2852 5589 rursum
2885 5553 2898 5588 :
2932 5534 3240 5589 Hominibus
3275 5540 3576 5605 suademus,
3609 5540 3715 5593 Deo
3740 5553 3925 5599 autem

2328 5628 2583 5697 manifesti
2607 5643 2779 5681 sumus
2808 5624 2827 5698 (
2858 5626 2911 5679 2.
2938 5628 3055 5680 (.‘or.
3086 5628 3137 5682 5.
3172 5629 3228 5682 11
3261 5629 3300 5699 ).
3336 5628 3404 5683 Et
3441 5630 3686 5686 Christus
3734 5631 3805 5687 de
3861 5637 3929 5690 iis

2328 5726 2413 5794 qui
2442 5723 2814 5778 offendebatur
2839 5721 3047 5778 dicebat
3073 5737 3084 5773 :
3119 5721 3242 5777 Sine
3264 5724 3407 5789 illos,
3434 5728 3587 5780 «luces
3632 5735 3750 5779 sunt
3798 5733 3931 5782 crs-ci

2332 5833 2574 5871 cwcorum
2605 5818 2622 5885 (
2650 5814 2831 5868 Matth.
2867 5812 2953 5871 15.
3005 5815 3103 5885 Η)
3131 5832 3144 5883 ;
3197 5831 3260 5872 ac
3303 5832 3515 5873 rursum
3548 5837 3558 5873 :
3604 5816 3692 5873 Va:
3740 5821 3888 5875 vobis
3913 5865 3924 5877 .
