4094 6336
472 346 578 403 325

466 459 666 527 καλῶς
688 458 841 529 ὑμᾶς
861 460 1113 515 εἴπωσιν
1137 459 1357 527 πάντες
1386 466 1438 515 οὶ
1470 461 1763 530 ἄνθρωποι
1796 476 1820 503 α
1847 480 1860 493 ⁸
1897 465 1993 517 καὶ
2024 465 2126 517 πά-

465 545 566 598 λιν·
609 546 907 616 Λαμψάτω
929 548 1000 601 τὰ
1023 546 1167 616 ἔργα
1192 548 1381 617 ὑμῶν,
1413 548 1572 615 ὅπως
1597 550 1805 603 ἴδωσιν
1830 554 1885 605 οἱ
1911 552 2131 619 ἀνθρω-

464 649 585 697 ποι,
638 633 735 687 καί
774 632 1083 697 δοξάσωσι
1124 635 1232 689 τὸν
1279 637 1510 704 Πατέρα
1552 639 1719 707 ὑμῶν
1767 639 1873 691 τὸν
1906 640 1977 692 ἐν
2008 640 2131 705 τοῖς

463 721 754 789 οὐρανοῖς.
799 723 862 776 Εἰ
891 724 946 777 δέ
975 724 1206 794 ἀλλαχοῦ
1240 726 1383 793 λέγει
1405 742 1419 756 ο
1481 730 1584 793 ’ος
1610 729 1717 782 ἐὰν
1740 729 2127 799 σκανδαλίσῃ

461 807 569 860 ἕνα
597 806 713 860 τῶν
726 808 955 877 μικρῶν
983 812 1225 877 τούτων,
1259 812 1549 881 συμφέρει
1576 814 1735 881 αὐτῷ
1776 817 1876 868 ἵνα
1925 833 2129 886 κρεμα-

460 893 581 961 σθῇ
626 897 820 961 μύλος
869 898 1071 963 ὀνικὸς
1113 899 1244 967 περὶ
1291 901 1399 953 τὸν
1448 901 1752 971 τράχηλον
1786 904 1991 968 αὑτοῦ,
2027 906 2125 958 καί

459 985 907 1053 καταποντισθῇ
943 986 1012 1038 ἐν
1059 984 1136 1051 τῷ
1182 988 1425 1057 πελάγει
1482 990 1593 1057 τῆς
1647 989 1993 1057 θαλάσσης’
2050 992 2125 1061 μὴ

461 1068 747 1142 θαυμάσῃς
766 1088 777 1099 ·
814 1072 873 1124 ού
907 1074 1012 1142 γάρ
1037 1073 1153 1126 ἐστι
1184 1074 1357 1128 ταῦτα
1386 1076 1601 1129 ἐναντία
1628 1077 1682 1138 b,
1706 1077 1841 1130 ἀλλά
1871 1079 1964 1129 καὶ
1994 1079 2125 1147 σφό-

458 1154 563 1225 δρα
586 1158 893 1226 συνᾴδοντα.
928 1158 1098 1211 Ὅταν
1128 1160 1227 1230 μὲν
1266 1160 1375 1232 γὰρ
1405 1164 1535 1231 παρ’
1562 1164 1707 1234 ἡμᾶς
1730 1164 1973 1233 γένηται,
2004 1164 2125 1217 οὐαὶ

460 1244 616 1311 ἡμῖν·
656 1245 783 1296 ὅταν
807 1244 864 1297 δέ
890 1245 967 1316 μὴ
1000 1249 1129 1319 παρ’
1156 1250 1324 1319 ἡμᾶς,
1350 1249 1553 1303 οὐκέτι.
1604 1252 1711 1303 Kal
1745 1251 1901 1305 πάλιν
1922 1266 1936 1283 °
1981 1253 2124 1306 Οὐαί

456 1327 618 1395 ὑμῖν,
667 1329 740 1381 δι’
769 1330 876 1396 οὓς
923 1332 990 1384 τὸ
1045 1332 1233 1402 ὄνομα
1296 1335 1404 1389 τοῦ
1454 1336 1602 1390 Θεοῦ
1658 1337 2120 1406 βλασφημεῖται.

456 1414 521 1465 Τί
550 1410 661 1479 οὖν,
685 1416 749 1469 ἂν
777 1418 887 1484 ἐγὼ
913 1419 1012 1488 μὲν
1036 1421 1173 1473 ποιῶ
1189 1438 1242 1473 τι
1270 1421 1378 1474 τῶν
1396 1422 1643 1486 δεόντων,
1677 1423 1863 1494 ἕτερος
1881 1424 1936 1475 δέ
1958 1424 2127 1493 βλασ-

458 1504 655 1571 φημῇ;
710 1503 873 1558 Ούδέν
907 1506 1039 1575 πρὸς
1074 1508 1171 1572 σὲ,
1206 1508 1343 1561 ἀλλά
1378 1509 1513 1580 πρὸς
1555 1511 1788 1562 ἐκεῖνον·
1823 1511 1890 1563 δι’
1913 1512 2123 1565 ἐκείνου

454 1587 564 1658 γάρ
592 1589 1005 1663 ἐϐλασφημήθη.
1037 1595 1144 1647 Kal
1170 1594 1286 1658 πῶς
1318 1596 1395 1649 ἐνι
1426 1597 1628 1666 πρᾶξαί
1650 1615 1701 1649 τι
1738 1597 1847 1651 τῶν
1871 1599 2117 1663 δεόντων,

456 1676 549 1728 καὶ
576 1676 757 1729 δοῦναι
786 1681 895 1740 τοῖς
916 1680 1097 1743 ἄλλοις
1120 1680 1324 1749 λαϐήν;
1366 1682 1537 1735 Πόθεν
1562 1684 1839 1753 βούλεσθε,
1877 1685 1983 1737 ἀπὸ
2014 1685 2121 1738 τῶν

454 1759 549 1813 νῦν
581 1762 768 1824 ὄντων,
807 1765 839 1835 ἢ
873 1766 981 1818 ἀπὸ
1024 1766 1133 1819 τῶν
1168 1768 1415 1821 παλαιῶν
1444 1768 1513 1822 τὰ
1547 1770 1966 1841 παραδείγματα
1995 1772 2124 1841 ὑμῖν

451 1846 671 1915 ἀγάγως
706 1850 822 1902 Ἵνα
848 1850 920 1921 μὴ
942 1850 1220 1921 ψοφοδεεῖς
1246 1849 1413 1925 ὦμεν,
1442 1856 1695 1926 βούλεσθε
1719 1858 1849 1910 αὐτὸ
1878 1858 1941 1927 δὴ
1966 1858 2124 1911 τοῦτο

449 1935 510 1986 τὸ
546 1934 640 1988 νῦν
695 1938 829 2005 μετά
862 1941 1048 2009 χεῖρας
1087 1939 1361 2012 εῖπωμενς
1397 1943 1685 2008 Ἰουδάῖζεν
1739 1947 1767 1997 ό
1802 1944 2011 2008 Παῦλος
2064 1946 2122 1999 ἐν

465 2015 873 2093 Ἰεροσολύμοις,
920 2025 1034 2079 ἀλλ’
1062 2028 1119 2079 ἐν
1146 2030 1445 2099 Ἀντιοχείᾳ.
1476 2032 1577 2082 οὐκ
1606 2030 1686 2083 ἐτι
1704 2046 1716 2058 ’
1758 2032 1988 2096 ἰουδάῖζε
2028 2034 2122 2086 καί⁵

449 2110 908 2175 ἐσκανδαλίζοντο,
942 2113 1056 2165 ἀλλ’
1089 2114 1147 2166 ού
1182 2114 1405 2177 δικαίως
1431 2116 1877 2181 ἐσκανδαλίζοντο
1899 2119 2116 2173 ἐκεῖνοι.

448 2194 681 2263 Λέγεται
705 2197 956 2268 Νέρωνος
986 2200 1079 2252 καὶ
1108 2201 1345 2271 οἰνοχόον
1371 2202 1465 2255 καὶ
1498 2203 1804 2257 παλλακίδα
1832 2205 2081 2261 ἀσπάσαι
2105 2223 2119 2238 ·

450 2281 590 2335 πόσα
621 2284 797 2337 οἴεσθε
831 2288 954 2339 κατ’
998 2287 1163 2340 αὐτοῦ
1216 2290 1495 2359 εἰρηκέναι
1532 2291 1731 2354 αὐτοὺς
1782 2291 1872 2345 διὰ
1928 2293 2118 2362 τοῦτο;

448 2368 591 2420 Ἀλλ’
621 2371 680 2423 ού
716 2372 957 2436 δικαίως.
992 2374 1053 2426 Εἰ
1088 2375 1186 2444 μὲν
1213 2375 1319 2445 γὰρ
1348 2376 1441 2429 ἐπὶ
1464 2376 1720 2448 ἀσελγείᾳ
1756 2379 2119 2452 ὴσπάσατο,ἢ

448 2453 539 2505 ἐπὶ
567 2460 826 2527 πονηροῖς
854 2459 1198 2529 πράγμασιν,
1233 2461 1487 2523 εἰκότως·
1522 2464 1571 2513 εί
1607 2463 1663 2515 δέ
1700 2463 1793 2515 ἐπὶ
1832 2463 1932 2533 βίῳ
1952 2465 2116 2536 όρθῷ,

444 2539 584 2603 τίνος
614 2541 824 2607 ἐνεκεν;
886 2545 1035 2597 Είπω
1060 2562 1111 2598 τι
1144 2546 1237 2598 καί
1271 2564 1377 2600 τινι
1406 2548 1515 2601 τῶν
1542 2550 1665 2618 ἐμοὶ
1704 2551 1951 2621 συνήθων
1983 2569 2119 2625 συμ-

446 2630 568 2683 ϐάν.
600 2630 900 2686 Ἐπέπεσεν
954 2634 1090 2704 ὀργή
1128 2651 1258 2687 ποτε
1296 2636 1389 2689 τοῦ
1424 2636 1584 2703 Θεοῦ,
1630 2640 1723 2691 καὶ
1760 2639 1965 2711 σφόδρα
2000 2641 2119 2706 νέος

446 2716 520 2772 ὢν
566 2720 791 2785 ἐκεῖνος,
833 2721 926 2773 καὶ
982 2722 1039 2774 ἐν
1076 2725 1141 2792 τῇ
1184 2722 1277 2774 τοῦ
1329 2723 1575 2778 διακόνου
1623 2725 1772 2791 τάξει
1813 2728 2116 2797 τυγχάνων,

446 2805 569 2857 ἐπεὶ
602 2804 723 2857 τότε
744 2808 772 2859 ό
795 2806 1090 2871 ἐπίσκοπος
1121 2808 1307 2879 ἔτυχεν
1330 2811 1484 2862 ἀπὼν
1514 2814 1633 2866 κατ’
1659 2815 1863 2867 ἐκεῖνον
1885 2815 1975 2868 τὸν
1999 2832 2120 2869 και-

449 2890 559 2961 ρὸν,
587 2893 680 2945 καὶ
705 2892 809 2945 τῶν
834 2893 1216 2967 πρεσϐυτέρων
1239 2897 1413 2960 οὐδεὶς
1435 2899 1770 2970 ἐφρόντιζεν,
1792 2901 1906 2954 ἀλλ’
1931 2903 2117 2968 ἁπλῶς

444 2977 706 3048 ἐποίησαν
759 2980 1093 3051 φωτισθῆναι
1151 2982 1347 3053 ἀθρόον
1399 2986 1457 3037 ἐν
1492 2986 1589 3055 μιᾷ
1639 2988 1793 3040 νυκτὶ
1850 2989 2116 3060 μυριάδας

445 3063 666 3128 πολλὰς,
711 3066 805 3119 καὶ
860 3066 1047 3129 ἀπλῶς
1082 3068 1436 3133 ἐϐαπτίζοντο
1467 3072 1669 3135 πάντες
1697 3072 1847 3126 οὐδὲν
1886 3077 2111 3140 εἰδότεςο

444 3149 664 3214 τούτους
696 3152 902 3214 ἐκεῖνος
918 3152 1098 3206 λαϐὼν
1129 3156 1245 3207 κατ’
1279 3157 1413 3210 ἰδίαν
1436 3158 1570 3227 ὁμοῦ
1591 3159 1783 3214 ἐκατὸν
1821 3163 1915 3215 καὶ
1939 3163 2119 3217 διακο-

447 3238 615 3302 σίους,
642 3237 929 3305 διελέγετο,
956 3239 1083 3293 ἄλλο
1114 3242 1211 3309 μὲν
1230 3240 1381 3313 [350]
1408 3244 1580 3311 οὐδὲν,
1609 3245 1677 3299 τὰ
1694 3246 1752 3299 δέ
1770 3247 1877 3299 τῶν
1905 3266 2115 3319 μυστη-

446 3322 577 3391 ρίων
607 3323 765 3392 μόνον
793 3324 868 3386 ὡς
894 3326 1028 3394 μηδέ
1055 3328 1164 3390 τοῖς
1187 3328 1487 3398 ἀμυνήτοις
1513 3336 1817 3404 συγχωρεῖν
1842 3338 2113 3406 παρεῖναι.

442 3408 613 3479 Τοῦτο
673 3409 837 3463 αὑτὸν
876 3411 1131 3465 ποιοῦντα
1185 3415 1443 3484 ἐνόμισαν
1488 3418 1674 3472 πολλοὶ
1723 3421 1822 3491 τῆς
1858 3432 1880 3460 ο
1940 3424 2115 3494 ἀρχῆς

444 3493 653 3563 ἐρῶντα
699 3494 855 3548 τοῦτο
886 3500 1077 3549 ποιεῖν.
1121 3499 1262 3551 Ἀλλ’
1297 3502 1397 3553 ούκ
1433 3504 1749 3572 ἐφρόντισεν
1780 3493 1989 3570 ἐκεῖνος
2007 3493 2115 3563 τῶν

443 3582 786 3649 νομιζόντωψ
818 3583 917 3635 οὑκ
943 3583 1171 3647 ἐξέτεινε
1198 3587 1381 3655 μέντοι
1411 3590 1504 3642 ἐπὶ
1534 3592 1724 3661 χρόνον
1757 3593 1817 3645 τὸ
1852 3596 2107 3665 πρᾶγμα,

445 3667 559 3718 ἀλλ’
590 3668 789 3732 εὐθέως
828 3670 1124 3725 ἐπαύσατο.
1166 3674 1230 3725 Τί
1280 3669 1407 3741 οῦν;
1461 3676 1668 3742 ἐκεῖνος
1695 3679 1787 3732 τοῦ
1815 3682 2112 3736 σκανδάλου

442 3756 649 3821 αῖτιοςς
694 3757 807 3809 Οὐκ
834 3757 1008 3827 ἔγωγε
1040 3755 1211 3830 οἶμαι.
1246 3760 1309 3815 Εἰ
1342 3762 1439 3833 μὲν
1470 3765 1576 3837 γὰρ
1598 3766 1698 3819 οὐκ
1743 3767 1909 3837 οὔσης
1934 3770 2113 3832 αἰτίας

440 3840 601 3892 τοῦτο
628 3841 821 3906 ἐποίει,
853 3845 1074 3908 εἰκότως
1102 3846 1295 3917 ἐκείνῳ
1326 3848 1427 3918 τὴν
1458 3850 1637 3906 αἰτίαν
1661 3853 1995 3923 ἐπέγραφον,
2018 3857 2112 3909 καὶ

443 3928 493 3978 εί
524 3925 688 3978 πάλιν
711 3927 1064 3994 ἐπεξέτεινεν.
1102 3930 1269 3985 Ὅταν
1292 3934 1401 4004 γὰρ
1430 3934 1538 3987 τῶν
1553 3936 1630 4005 τῷ
1669 3938 1788 4008 θεῷ
1815 3939 2113 3994 δοκούντων

444 4010 723 4082 κωλύηται
755 4013 844 4066 διὰ
898 4014 960 4067 τὸ
1009 4016 1197 4086 ἐτέρου
1237 4019 1558 4088 σκάνδαλον,
1591 4027 1952 4095 καταφρονεῖν
1998 4026 2109 4079 δεῖ·

441 4098 560 4150 τότε
587 4098 641 4150 δὲ
672 4100 993 4170 φροντίζειν,
1022 4104 1150 4156 ὅταν
1175 4104 1339 4174 μηδὲν
1360 4108 1791 4179 ἀναγκαζώμεθα
1811 4110 1877 4162 δι’
1906 4112 2111 4165 ἐκεῖνον

504 4233 529 4261 ⁸
555 4233 737 4304 Ver_b_a,
762 4241 841 4287 καὶ
865 4240 1062 4288 πάλιν...
1091 4242 1345 4304 ἄνθρωποι,
1366 4240 1544 4303 quibus
1569 4250 1737 4293 carent
1761 4245 1899 4303 editi,
1921 4258 1982 4294 ex
2017 4248 2105 4294 tri--

441 4291 533 4363 pus
572 4297 707 4363 cngd.
726 4291 934 4363 'Ijecepla
956 4309 1087 4349 sunt.
1118 4291 1251 4351 E611.
1322 4291 1346 4347 6
1374 4291 1506 4351 Unus
1530 4291 1671 4363 θοὰ-,⁷
1706 4291 1982 4363 σαλᾶἆὸὴξῗ
1997 4291 2101 4355 (36x

444 4354 544 4403 ἐστι
565 4356 715 4406 ταῦτα
734 4354 934 4408 ἐναντία.
966 4365 988 4391 ε
1011 4365 1363 4424 Λιὶὶ,παρεῖναι.
1382 4365 1632 4425 Ἐνόμισαν
1650 4354 1793 4413 αὐτὸν
1815 4354 1981 4415 πολλοί

1316 344 1373 399 S.
1405 342 1685 400 JOANNIS
1714 339 2201 400 CHRYSOSTOMI
2232 337 2551 395 ARCHIEP.
2594 336 3139 394 CONSTANTINOP.

3809 338 3917 392 526

2235 456 2594 529 προσκρούειν
2620 457 2741 528 Θεῷ
2760 474 2773 489 ⁸
2799 459 2944 522 ἐπεὶ,
2978 457 3102 511 είπέ
3137 472 3250 527 μοι,
3285 455 3351 509 ἂν
3377 455 3581 526 μεταξὺ
3606 455 3923 534 διαλεγομέο

2234 565 2341 599 νων
2365 542 2518 616 ἡμῶν
2553 546 2642 597 καὶ
2672 546 2798 607 τοὺς
2833 544 3132 615 μεθύοντας
3161 544 3523 597 σκωπτόντων
3552 544 3921 615 σκανδαλίζῃ-

2232 632 2323 685 ταί
2350 648 2455 693 τις,
2483 629 2595 699 ἐγὼ
2628 631 2927 701 παύσωμαι
2955 631 3170 700 λέγων;
3223 634 3489 685 Ἄκουσον
3527 631 3622 684 τοῦ
3675 632 3919 703 Χριστοῦ

2230 719 2513 787 λέγοντος·
2568 718 2664 787 Μὴ
2710 720 2809 772 καί
2858 720 3030 789 ὑμεῖς
3081 720 3389 784 ,βούλεσθε
3440 718 3740 788 ὑπάγειν;
3809 720 3919 773 Οὔ-

2228 822 2335 867 τως
2393 804 2516 856 οὔτε
2547 809 2912 874 καταφρονεῖν
2946 807 3070 860 οὕτε
3106 807 3312 874 σφόδρα
3369 806 3768 860 ἀντιποιεῖσθαι
3815 807 3920 870 τῆς

2228 893 2335 946 τῶν
2378 892 2585 945 πολλῶν
2613 893 2899 956 ἀσθενείας
2931 896 3058 965 χρή.
3112 896 3181 947 Ἦ
3215 896 3313 965 οὐχ
3362 895 3579 967 ὁρῶμεν
3636 895 3730 947 καὶ
3785 896 3919 957 τοὺς

2229 981 2447 1052 ἰατροὺς
2482 981 2641 1033 τοῦτο
2691 980 3001 1045 ποιοῦντας,
3042 984 3159 1045 καὶ,
3204 984 3331 1037 ὅταν
3373 982 3471 1053 μὲν
3516 984 3761 1053 ἐγχωρῇ,
3818 1000 3920 1053 χα-

2231 1069 2543 1139 ριζομένους
2580 1071 2693 1131 τοῖς
2731 1068 3056 1139 κάμνουσιν.
3095 1070 3223 1121 ὅταν
3255 1069 3311 1121 δέ
3348 1070 3381 1138 ἡ
3408 1070 3568 1139 χάρις
3606 1071 3639 1139 ἠ
3688 1071 3921 1123 ἐκείνων

2228 1154 2432 1226 βλάϐην
2462 1154 2783 1225 ἐργάζηται,
2819 1156 2920 1208 οὐκ
2943 1155 3022 1209 ἐτι
3074 1154 3461 1225 φειδομένουςς
3520 1156 3808 1224 Πανταχοῦ
3858 1156 3920 1208 τὸ

2230 1241 2427 1311 μέτρον
2464 1243 2631 1312 τιμᾷν
2672 1241 2836 1295 καλόν
2865 1242 2912 1296 ά.

2310 1329 2774 1399 Ἐϐλασφήμησαν
2831 1329 3021 1383 πολλοὶ
3080 1330 3441 1400 κατηχήσεως
3495 1329 3682 1381 ἐνεκεν
3742 1328 3918 1400 κόρης

2224 1415 2366 1478 τινὸς
2392 1416 2671 1486 εὐμόρφου
2696 1417 2967 1488 παρθένου
2999 1418 3283 1487 μεινάσης,
3309 1416 3622 1485 παρέϐαλον
3642 1415 3784 1485 πρὸς
3804 1416 3909 1468 αύ-

2222 1502 2343 1573 τὴν,
2363 1504 2458 1555 καὶ
2479 1505 2605 1565 τοὺς
2628 1502 3007 1574 κατηχοῦντας
3036 1504 3407 1574 ἐλοιδόρησαν.
3438 1504 3502 1555 Τί
3523 1498 3649 1567 06v;
3672 1502 3917 1572 ἀποστῆο

2223 1606 2311 1642 ναι
2341 1590 2581 1652 ἐκείνους
2612 1590 2717 1642 ἐδει
2740 1590 2827 1643 διὰ
2854 1590 3011 1642 τοῦτο
3030 1608 3045 1657 ;
3067 1589 3335 1658 Οὐδαμῶς
3355 1605 3369 1618 ν
3401 1590 3553 1642 οὐδὲν
3580 1589 3691 1659 γὰρ
3717 1590 3915 1657 εἰργά·

2225 1674 2379 1737 ζοντο
2414 1677 2676 1735 ἐναντίον.
2708 1677 2845 1730 ἀλλὰ
2884 1678 2979 1729 καὶ
3019 1676 3224 1747 σφόδρα
3258 1675 3449 1728 δοκοῦν
3497 1678 3733 1745 πρᾶγμα
3766 1676 3911 1745 Θεῷ.

2224 1762 2317 1831 Μὴ
2345 1762 2546 1825 τοίνυν,
2581 1765 2628 1814 εἰ
2668 1762 3112 1826 σκανδαλίζονταί
3134 1778 3300 1825 τινες,
3336 1761 3559 1831 ίδωμεν,
3600 1762 3716 1814 ἀλλ’
3749 1764 3801 1814 εἰ
3834 1762 3914 1815 δτ-

2224 1848 2413 1931 καίως,
2442 1851 2536 1902 καὶ
2563 1851 2611 1902 εἰ
2646 1850 2722 1920 μὴ
2753 1849 2890 1919 μετά
2921 1851 3017 1918 τῆς
3041 1850 3317 1919 ἡμετέρας
3347 1847 3571 1918 βλάϐης.
3599 1851 3668 1901 El
3691 1848 3914 1917 ,ϐρῶμα

2222 1935 2641 1999 σκανδαλίζει,
2673 1938 2828 2007 φησὶ,
2861 1938 2969 1991 τὸν
3006 1937 3275 2006 ἀδελφόν
3309 1954 3452 2005 μου,
3485 1938 3557 1989 οὐ
3599 1935 3685 2003 μὴ
3737 1936 3912 2006 φάγω

2221 2023 2366 2091 κρέα
2390 2026 2477 2091 εἰς
2502 2024 2610 2078 τὸν
2632 2023 2840 2079 αἰῶνα.
2872 2024 3131 2088 Εἰκότωςο
3160 2025 3313 2078 ούδέν
3339 2024 3448 2094 γὰρ
3475 2023 3712 2076 ἔϐλαπτε
3736 2022 3801 2076 τὸ
3828 2024 3909 2094 μὴ

2221 2113 2449 2179 φαγεῖν⁸
2504 2113 2554 2164 εί
2609 2111 2791 2182 μέντοι
2849 2111 3196 2175 σκανδαλίζει
3246 2112 3442 2173 αὐτὸν,
3495 2112 3579 2164 ὃτι
3638 2110 3909 2180 βούλομαι

2221 2198 2616 2264 ἀποτάξασθαι,
2648 2200 2748 2251 οὐκ
2793 2198 2873 2251 ἐτι
2918 2199 3228 2269 φροντίζειν
3267 2198 3364 2251 δεῖ.
3411 2198 3523 2252 Καὶ
3555 2199 3709 2264 τίνα,
3744 2198 3908 2268 φησὶ,

2221 2283 2380 2336 τοῦτο
2412 2285 2791 2349 σκανδαλίζει;
2830 2285 3063 2349 Πολλοὺς
3084 2327 3098 2351 ,
3132 2285 3309 2355 ἔγωγε
3342 2281 3481 2338 οἶδα.
3514 2287 3683 2339 Ὅταν
3722 2287 3914 2339 τοίνυν

2222 2369 2514 2441 ἀδιάφορον
2629 2372 2688 2423 τὸ
2735 2371 2995 2440 κώλυμα,
3037 2371 3292 2440 γινέσθω⁸
3340 2373 3485 2434 ἐπεὶ,
3522 2374 3570 2425 εί
3614 2372 3912 2442 μέλλοιμεν

2220 2456 2358 2527 πρὸς
2403 2457 2561 2511 τοῦτο
2615 2458 2776 2527 μόνον
2829 2460 2991 2529 ὁρᾷν,
3045 2458 3257 2511 πολλῶν
3308 2458 3506 2529 ἔχομεν
3556 2459 3905 2529 ἀποστῆναι·

2219 2542 2409 2614 ῶσπερ
2441 2542 2536 2598 οὖν
2571 2546 2665 2598 καὶ
2702 2544 3037 2608 τούναντίον,
3076 2545 3126 2597 εί
3166 2544 3458 2615 μέλλοιμεν
3500 2550 3905 2617 καταφρονεῖν,

2219 2629 2451 2693 πολλοὺς
2479 2630 2795 2683 ἀπολλύναιο
2827 2631 2949 2684 ἐπεὶ
2975 2632 3071 2684 καὶ
3105 2631 3315 2693 Παῦλος
3347 2633 3643 2703 προενόησε
3670 2634 3910 2687 σκανδά-

2218 2718 2333 2772 λου·
2352 2719 2603 2786 καὶπῶς,
2626 2721 2810 2774 ἄκουε·
2838 2719 2963 2772 Ἵνα
2981 2718 3067 2788 μὴ
3098 2718 3171 2786 τῇ
3197 2719 3493 2786 ἁδρότητι,
3533 2721 3687 2789 φησὶ,
3712 2722 3908 2790 ταύτῃ

2218 2807 2295 2875 τῇ
2322 2806 2762 2875 διακονουμένῃ
2791 2808 2891 2875 ὑφ’
2921 2806 3109 2875 ἡμῶν
3138 2806 3289 2859 οὐδὲν
3320 2807 3430 2878 γὰρ
3458 2806 3696 2861 ἔϐλαπτε
3721 2808 3783 2861 τὺ
3807 2809 3909 2878 τὴν

2219 2894 2475 2948 ὑπόνοιαν
2535 2894 2757 2957 ἐξελεῖν.
2809 2894 2979 2946 Ὅταν
3028 2894 3084 2947 δέ
3131 2896 3211 2956 εἰς
3258 2893 3516 2964 τοιαύτην
3566 2895 3911 2965 ἐμπέσωμεν

2216 2980 2501 3052 ἀνάγκην,
2540 2981 2681 3034 ὥστε
2728 2981 2942 3049 μεγάλα
2986 2980 3241 3050 γενέσθαι
3288 2981 3434 3034 κακά
3467 2981 3555 3035 διὰ
3599 2981 3661 3034 τδ
3709 2983 3909 3053 ἐτέρου

2217 3066 2544 3127 σκάνδαλον.
2593 3067 3029 3138 καταφρονῶμεν
3073 3067 3307 3121 ἐκείνου.
3358 3068 3599 3131 Ἐκεῖνος
3646 3068 3747 3139 μὲν
3792 3070 3909 3142 γὰρ

2216 3152 2395 3222 ἐαυτῷ
2428 3153 2618 3217 αῖτιος,
2652 3155 2815 3222 ἡμεῖς
2846 3154 2903 3206 δέ
2931 3154 3029 3207 οὐκ
3060 3153 3140 3206 ἐτι
3168 3152 3461 3207 ὑπεύθυνοι
3483 3170 3496 3184 °
3533 3155 3594 3207 ού
3629 3154 3737 3226 γὰρ
3771 3157 3909 3226 ἐνῆν

2215 3238 2470 3303 ἀϐλαϐῶς
2505 3238 2671 3292 αὑτοῦ
2718 3239 3033 3308 φείσασθαι.
3101 3241 3632 3312 Ἐσκανδαλίσθησαν
3688 3244 3905 3308 πολλοὶ,

2214 3326 2296 3378 ὅτι
2331 3328 2409 3389 είς
2451 3325 2574 3396 ίερὰ
2603 3326 2921 3379 κατέκειντό
2953 3343 3099 3388 τινες
3144 3328 3346 3391 πιστοὶ,
3382 3329 3569 3399 ἐπειδὴ
3598 3340 3621 3367 ε
3660 3330 3761 3383 οὐκ
3793 3331 3907 3405 ἔδει

2188 3413 2608 3479 κατακεῖσθαι·
2660 3414 2798 3467 ἀλλὰ
2842 3414 3059 3477 κακῶς·
3117 3414 3507 3488 οὐδεμίαγάρ
3559 3417 3667 3469 ἀπὸ
3706 3419 3906 3473 τούτου

2218 3500 2411 3571 βλάϐη.
2462 3502 2959 3567 Ἐσκανδαλίζοντο,
2994 3502 3078 3555 ὅτι
3109 3501 3265 3572 ἤσθιε
3308 3502 3447 3573 μετά
3472 3503 3579 3556 τῶν
3608 3504 3843 3559 ἐθνικῶν
3877 3509 3907 3559 ό

2216 3586 2440 3656 Πέτρος·
2486 3586 2602 3639 ἀλλ’
2637 3587 2845 3649 ἐκεῖνος
2872 3586 2973 3657 μὲν
3017 3586 3304 3656 ἐφείσατο,
3342 3587 3505 3651 αὐτὸς
3545 3587 3602 3641 δέ
3646 3589 3749 3643 οὐκ
3794 3592 3902 3644 ἔτι.

2213 3671 2495 3743 Πανταχοῦ
2523 3674 2790 3742 προσήκει
2825 3674 2974 3744 ἡμᾶς
3006 3676 3118 3737 τοῖς
3144 3672 3239 3727 τοῦ
3268 3673 3404 3727 Θεοῦ
3433 3674 3622 3744 νόμοις
3657 3692 3907 3729 κατακο-

2211 3757 2557 3822 λουθοῦντας,
2597 3758 2798 3829 πολλὴν
2834 3761 3074 3831 σπουδὴν
3103 3761 3375 3813 ποιεῖσθαι
3396 3799 3411 3820 ,
3444 3758 3584 3813 ὥστε
3622 3762 3906 3832 μηδεμίαν

2211 3844 2471 3915 ἀφορμὴν
2503 3845 2768 3915 παρέχειν
2804 3846 3102 3899 σκανδάλου
3124 3884 3139 3907 ,
3171 3845 3259 3899 ἵνα
3288 3848 3381 3899 καὶ
3409 3847 3565 3901 αὐτοὶ
3608 3849 3904 3901 ἀνεύθυνοι

2210 3924 2382 4002 ὦμεν,
2409 3933 2502 3985 καὶ
2526 3933 2625 4001 τῆς
2650 3932 2803 4004 παρά
2830 3932 2925 3985 τοῦ
2950 3930 3086 3985 Θεοῦ
3108 3932 3519 4003 φιλανθρωπίας
3544 3934 3901 4005 ἀξιωθῶμεν,

2211 4018 2393 4089 χάριτι
2424 4019 2517 4070 καὶ
2553 4018 2935 4089 φιλανθρωπίᾳ
2964 4020 3057 4071 τοῦ
3083 4018 3423 4087 Μονογενοῦς
3455 4019 3645 4084 αὐτοῦ,
3679 4020 3802 4089 μεθ’
3834 4015 3901 4074 οὗ

2210 4104 2287 4175 τῷ
2316 4106 2512 4177 Πατρὶ,
2538 4106 2655 4175 ἅμα
2684 4104 2761 4176 τῷ
2789 4106 2928 4176 ἁγίῳ
2963 4104 3243 4176 Πνεύματι
3267 4104 3422 4169 δόξα,
3456 4106 3660 4177 κράτος
3679 4143 3697 4168 ,
3727 4108 3897 4177 τιμὴ,

2210 4191 2304 4246 νῦν
2331 4193 2423 4245 καὶ
2453 4194 2559 4257 ἀεὶ,
2588 4192 2683 4245 καὶ
2712 4195 2791 4256 εἰς
2816 4193 2943 4253 τοὺς
2972 4192 3170 4255 αἰῶνας
3197 4192 3305 4244 τῶν
3337 4192 3570 4248 αἰώνων.
3618 4193 3821 4263 Ἀμήν.

2265 4311 2293 4349 ἀ
2337 4312 2475 4361 Unus
2516 4313 2646 4372 cod.,
2687 4315 2855 4374 μέτρον
2900 4312 3071 4360 εἰδέναι
3110 4313 3273 4361 καλόν.
3347 4324 3371 4351 ο
3411 4311 3605 4371 Ἐπειδή
3648 4313 3799 4363 deest
3846 4316 3900 4363 in

2201 4372 2331 4421 aliis.

580 4459 3778 4496 -—————-——————_—_....______._______________________

1875 4551 2023 4624 [351]
2058 4551 2301 4608 OMIAIA
2334 4556 2467 4609 mz'.

440 4632 588 4713 Εῖπε
633 4635 773 4713 δὲιό
817 4635 1076 4713 Παῦλος
1122 4637 1263 4713 In!)
1306 4643 1425 4713 εἰμι,
1452 4642 1759 4713 ἄνθρωπος
1803 4644 2100 4713 Ἰουδαῖος,

517 4706 776 4779 Ταρσεύς
803 4706 1225 4779 τῆς-Κιλικίας,
1255 4706 1367 4763 οὐκ
1397 4706 1639 4779 ἀσήμου
1669 4706 1897 4779 πόλεως
1929 4706 2103 4769 noli;

512 4792 646 4840 της*
680 4776 882 4843 δέομαι
907 4776 973 4830 δέ
1000 4793 1137 4841 σου,
1169 4780 1494 4848 ἐπίτρεψόν
1510 4776 1617 4849 μοι
1651 4776 1917 4849 λαλῆσαι
1956 4786 2104 4851 πρὸς

512 4845 619 4895 τόν
667 4849 839 4897 λαόν.
892 4846 1355 4907 Ἐπιτρέψαντος
1412 4850 1478 4903 δὲ
1522 4854 1729 4907 αὐτοῦ.
1786 4857 1818 4907 ό
1864 4854 2104 4907 Παῦλος

512 4862 619 4895 τον
667 4862 839 4897 Actor.
898 4862 1355 4915 "bmtpsymrtoc
1412 4862 1478 4903 σε
1522 4862 1729 4913 αὐτου,
1786 4862 1818 4907 ό
1864 4862 2105 4921 Παῦλος

508 4914 700 4993 {ar-dm
854 4913 970 4993 τῶν
998 4917 1351 4993 άναόαρμῶν
1379 4921 1694 4993 κατέσεισε
1725 4922 1798 4990 τῇ
1821 4924 1969 4991 χειρί
2000 4925 2107 4977 τόν

509 4984 681 5062 λαός,
695 4987 879 5062 ΔΠοέλ
887 4984 955 5062 ῆᾳς
988 4984 1069 5062 δέ,
1082 4984 1276 5062 σιγῆς
1289 4991 1632 5062 γενομένης,
1667 4984 2106 5062 προσὲφῶνησε

510 5052 583 5120 τῇ
624 5054 872 5120 Ἐϐραΐδι
901 5052 1212 5120 ὄιαλέκτῲ,
1242 5052 1455 5127 λέγων.

508 5184 576 5229 α’.
589 5178 730 5247 Ὅρα
742 5176 925 5239 αὐτὸν,
944 5178 1072 5229 ὅταν
1086 5180 1218 5251 πρὸς
1232 5182 1354 5245 τοὺς
1372 5182 1476 5246 ἔξω
1488 5182 1823 5254 διαλέγηται,
1838 5187 1897 5238 ού
1915 5205 2107 5259 παραι-

440 5267 699 5336 τούμενον
733 5267 825 5318 καὶ
859 5269 968 5328 τοῖς
1005 5269 1109 5320 ἀπὸ
1141 5270 1244 5323 τῶν
1278 5272 1457 5342 νόμων
1492 5274 1791 5345 κεχρῆσθαι
1830 5276 2102 5349 βοηθήμας

443 5370 542 5406 σιν.
591 5354 851 5407 Ἐνταῦθα
892 5358 1052 5409 αὑτὸν
1090 5360 1198 5411 ἀπὸ
1240 5362 1337 5429 τῆς
1386 5363 1591 5427 πόλεως
1639 5367 1910 5435 ἐντρέπει.
1946 5371 2103 5424 Οῦτω

439 5444 532 5494 καὶ
568 5443 869 5513 ἔμπροσθεν
908 5445 1088 5513 ἔλεγε*
1130 5449 1432 5515 Τύψαντες
1463 5450 1617 5519 ἡμᾶς
1659 5453 1919 5522 δημοσίᾳ
1956 5459 2100 5512 ἀκα-

440 5530 753 5596 τακρίτους
764 5532 1130 5599 ἀνθρώπους,
1149 5535 1460 5602 Ῥωμαίους
1476 5538 2102 5609 ὑπάρχοντας,ἕϐαλον

437 5619 524 5681 εἰς
563 5616 864 5685 φυλακήν.
903 5620 1121 5687 Ἐπειδὴ
1149 5622 1255 5692 γὰρ
1283 5624 1631 5689 ἐπυνθάνετο,
1666 5629 1748 5681 Σὺ
1781 5626 1841 5683 εἷ
1866 5636 1897 5685 ὀ
1924 5636 2099 5702 Αίγύ-

438 5720 606 5767 πτιος
626 5721 643 5767 ;
685 5703 829 5773 Ἐγώ
851 5707 984 5774 εἰμι,
1018 5709 1200 5777 φησὶν,
1229 5710 1535 5779 ἄνθρωπος
1579 5716 1882 5782 Ἰουδαῖος.
1915 5720 2101 5785 Οὕτως

439 5790 626 5854 εἰπὼν,
650 5790 851 5855 εὐθέως
878 5794 1038 5847 αὑτὸν
1058 5797 1263 5867 ταύτης
1284 5800 1535 5870 ἀπήγαγε
1559 5803 1657 5871 τῆς
1684 5805 1936 5875 ὑποψίας.
1966 5805 2099 5863 Εἶτα

441 5877 525 5932 ῖνα
560 5879 632 5950 μὴ
657 5881 883 5953 νομισθῇ
911 5883 969 5936 τὸ
992 5883 1139 5948 ἔθνος
1182 5888 1449 5956 Ἰουδαῖος,
1475 5890 1620 5958 λέγει
1651 5893 1747 5963 τὴν
1778 5894 2101 5965 θρησκειαν·

2210 4649 2304 4701 ml
2333 4649 2441 4720 γὰρ
2470 4650 2563 4703 καὶ
2592 4651 2822 4723 ἀλλαχοῦ
2853 4652 3077 4722 ἔννομον
3110 4653 3301 4705 ἐαυτὸν
3335 4651 3575 4724 Χριστοῦ
3608 4654 3784 4709 καλεῖ,
3825 4657 3897 4710 Τί

2207 4734 2363 4788 τοῦτό
2404 4736 2552 4803 ἐστι;
2594 4739 2803 4803 Παῦλος
2836 4740 3127 4810 ψεύδεται;
3179 4742 3396 4807 Ἀπαγε
3419 4752 3467 4793 ι.
3505 4739 3569 4792 Τί
3610 4736 3739 4807 οῦν;
3784 4745 3893 4800 οῦκ

2208 4823 2513 4893 ἠρνήσατο;
2543 4826 2633 4896 Μὴ
2654 4828 2882 4895 γένοιτο·
2926 4827 3177 4890 Ἰουδαῖος
3206 4826 3314 4897 γὰρ
3342 4822 3410 4896 ἦν
3438 4826 3531 4880 καὶ
3557 4828 3894 4898 Χριστιανὸς

2206 4909 2307 4960 ὅσα
2336 4909 2437 4963 ἔδει
2467 4912 2771 4979 φυλάττων,
2803 4914 2924 4965 ἐπεὶ
2961 4913 3055 4966 καὶ
3090 4912 3168 4983 τῷ
3202 4914 3352 4983 νόμῳ
3393 4914 3628 4983 μάλιστα
3661 4917 3894 4971 πάντων

2208 4995 2368 5059 αὐτὸς
2398 4997 2663 5063 ἐπείθετο,
2694 4998 2773 5069 τῷ
2801 4999 3023 5070 Χριστῷ
3054 5000 3347 5065 πιστεύων,
3384 5003 3477 5053 καὶ
3507 5002 3643 5071 πρὸς
3673 5004 3893 5073 Πέτρον

2206 5082 2585 5154 διαλεγόμενός
2633 5101 2819 5155 φησιν·
2878 5086 3075 5154 Ἡμεῖς
3110 5088 3290 5155 φύσει
3330 5087 3620 5141 Ἰουδαῖοι.
3670 5089 3895 5161 Δέομαι

2206 5168 2272 5222 δέ
2297 5187 2432 5235 σου,
2466 5172 2793 5241 ἐπίτρεψόν
2820 5190 2919 5241 μοι
2946 5174 3216 5243 λαλῆσαι
3244 5174 3395 5241 πρὸς
3426 5175 3533 5228 τὸν
3565 5177 3738 5231 λαόν.
3772 5181 3891 5233 Kal

2205 5256 2361 5311 10610
2382 5261 2706 5329 τεκμήριον,
2736 5261 2812 5313 ὅτι
2840 5261 2899 5313 ού
2933 5262 3215 5331 ψεύδεται,
3244 5264 3295 5315 εἰ
3320 5280 3381 5331 γε
3414 5265 3619 5327 πάντας
3646 5266 3892 5335 ἐπήγετο

2208 5344 2511 5414 μάρτυρας.
2542 5346 2738 5398 Σκόπει
2766 5348 2924 5402 αὑτὸν
2948 5351 3111 5403 πάλιν
3146 5350 3285 5419 μετά
3312 5352 3610 5415 ἐπιεικείας
3635 5352 3892 5421 διαλεγό-

2208 5448 2386 5496 μενον.
2419 5432 2527 5484 Kal
2553 5432 2711 5484 10610
2747 5434 2800 5487 δέ
2828 5438 3128 5507 τεκμήριον
3161 5437 3322 5490 πάλιν
3354 5441 3607 5506 μέγιστον
3637 5439 3730 5492 τοῦ
3766 5458 3887 5510 μη-

2202 5518 2346 5581 δενὸς
2391 5515 2532 5571 εἶναι
2577 5520 2912 5587 ὑπεύθυνον,
2962 5524 3023 5575 τὸ
3061 5522 3234 5586 οῦτως
3285 5525 3502 5595 ἐτοιμον
3550 5520 3691 5577 εἶναι
3741 5529 3890 5597 πρὸς

2202 5605 2515 5672 ἀπολογίαν,
2546 5608 2639 5659 καὶ
2667 5607 2951 5678 βούλεσθαι
2977 5613 3055 5675 είς
3080 5610 3235 5682 λόγον
3257 5613 3597 5682 καταστῆναι
3623 5614 3889 5686 τῷδήμῳ

2201 5693 2309 5745 τῶν
2352 5695 2639 5749 Ἰουδαίων.

2209 5852 2461 5963 eo;
2497 5855 2686 5913 Παῦλος
2724 5858 2988 5921 ψεύδεταις
3036 5862 3206 5923 ἄπαγε,
3253 5862 3433 5911 desunt
3475 5862 3525 5910 in
3575 5861 3887 5926 quibusdam
