  <div class='ocr_page' id='page_1' title='image "/cluster/home/n/w/nwhite01/storage/ocr_20150623/60/pst.000005712601/330.png"; bbox 0 0 4120 6334; ppageno 0'>
   <div class='ocr_carea' id='block_1_1' title="bbox 241 368 353 427">
    <p class='ocr_par' dir='ltr' id='par_1_1' title="bbox 241 368 353 427">
     <span class='ocr_line' id='line_1_1' title="bbox 241 368 353 427; baseline -0.036 0"><span class='ocrx_word' id='word_1_1' title='bbox 241 368 353 427; x_wconf 73' lang='grc'><strong><em>325</em></strong></span> 
     </span>
    </p>
   </div>
   <div class='ocr_carea' id='block_1_2' title="bbox 246 462 1848 537">
    <p class='ocr_par' dir='ltr' id='par_1_2' title="bbox 246 462 1848 537">
     <span class='ocr_line' id='line_1_2' title="bbox 246 462 1848 537; baseline -0.013 0"><span class='ocrx_word' id='word_1_2' title='bbox 246 498 367 537; x_wconf 71' lang='lat' dir='ltr'><strong><em>eum</em></strong></span> <span class='ocrx_word' id='word_1_3' title='bbox 392 474 737 535; x_wconf 70' lang='lat' dir='ltr'><strong><em>benedixerint</em></strong></span> <span class='ocrx_word' id='word_1_4' title='bbox 766 489 847 527; x_wconf 81' lang='lat' dir='ltr'><strong><em>t-os</em></strong></span> <span class='ocrx_word' id='word_1_5' title='bbox 868 485 1041 526; x_wconf 89' lang='lat' dir='ltr'><strong><em>omnes</em></strong></span> <span class='ocrx_word' id='word_1_6' title='bbox 1072 468 1300 523; x_wconf 81' lang='lat' dir='ltr'><strong><em>homines</em></strong></span> <span class='ocrx_word' id='word_1_7' title='bbox 1330 464 1499 537; x_wconf 74' lang='lat' dir='ltr'><strong><em>(Luc.</em></strong></span> <span class='ocrx_word' id='word_1_8' title='bbox 1534 462 1588 520; x_wconf 87' lang='lat'><strong><em>6.</em></strong></span> <span class='ocrx_word' id='word_1_9' title='bbox 1617 462 1763 533; x_wconf 70' lang='lat'><strong><em>26);</em></strong></span> <span class='ocrx_word' id='word_1_10' title='bbox 1790 468 1848 517; x_wconf 88' lang='lat' dir='ltr'><strong><em>et</em></strong></span> 
     </span>
    </p>
   </div>
   <div class='ocr_carea' id='block_1_3' title="bbox 247 556 1847 635">
    <p class='ocr_par' dir='ltr' id='par_1_3' title="bbox 247 556 1847 635">
     <span class='ocr_line' id='line_1_3' title="bbox 247 556 1847 635; baseline -0.011 -11"><span class='ocrx_word' id='word_1_11' title='bbox 247 584 474 633; x_wconf 83' lang='lat' dir='ltr'><strong><em>rursus,</em></strong></span> <span class='ocrx_word' id='word_1_12' title='bbox 506 567 731 622; x_wconf 82' lang='lat' dir='ltr'><strong><em>Luecant</em></strong></span> <span class='ocrx_word' id='word_1_13' title='bbox 758 580 913 635; x_wconf 91' lang='lat' dir='ltr'><strong><em>opera</em></strong></span> <span class='ocrx_word' id='word_1_14' title='bbox 932 571 1120 625; x_wconf 76' lang='lat' dir='ltr'><strong><em>vestra,</em></strong></span> <span class='ocrx_word' id='word_1_15' title='bbox 1161 569 1215 613; x_wconf 83' lang='lat' dir='ltr'><strong><em>ut</em></strong></span> <span class='ocrx_word' id='word_1_16' title='bbox 1252 557 1455 612; x_wconf 79' lang='lat' dir='ltr'><strong><em>uideant</em></strong></span> <span class='ocrx_word' id='word_1_17' title='bbox 1500 556 1761 621; x_wconf 76' lang='lat' dir='ltr'><strong><em>homines,</em></strong></span> <span class='ocrx_word' id='word_1_18' title='bbox 1800 562 1847 608; x_wconf 87' lang='lat' dir='ltr'><strong><em>et</em></strong></span> 
     </span>
    </p>
   </div>
   <div class='ocr_carea' id='block_1_4' title="bbox 248 646 1845 735">
    <p class='ocr_par' dir='ltr' id='par_1_4' title="bbox 248 646 1845 735">
     <span class='ocr_line' id='line_1_4' title="bbox 248 646 1845 735; baseline -0.012 -17"><span class='ocrx_word' id='word_1_19' title='bbox 248 662 543 735; x_wconf 75' lang='lat' dir='ltr'><strong><em>gloriﬁcent</em></strong></span> <span class='ocrx_word' id='word_1_20' title='bbox 567 656 775 713; x_wconf 84' lang='lat' dir='ltr'><strong><em>Patrem</em></strong></span> <span class='ocrx_word' id='word_1_21' title='bbox 797 665 1011 711; x_wconf 84' lang='lat' dir='ltr'><strong><em>vestrum</em></strong></span> <span class='ocrx_word' id='word_1_22' title='bbox 1035 652 1196 724; x_wconf 84' lang='lat' dir='ltr'><strong><em>quiin</em></strong></span> <span class='ocrx_word' id='word_1_23' title='bbox 1215 650 1353 705; x_wconf 69' lang='lat' dir='ltr'><strong><em>uelis</em></strong></span> <span class='ocrx_word' id='word_1_24' title='bbox 1390 659 1463 704; x_wconf 90' lang='lat' dir='ltr'><strong><em>est</em></strong></span> <span class='ocrx_word' id='word_1_25' title='bbox 1516 647 1743 721; x_wconf 70' lang='lat' dir='ltr'><strong><em>(Matth.</em></strong></span> <span class='ocrx_word' id='word_1_26' title='bbox 1789 646 1845 701; x_wconf 86' lang='lat'><strong>5.</strong></span> 
     </span>
    </p>
   </div>
   <div class='ocr_carea' id='block_1_5' title="bbox 248 738 1848 823">
    <p class='ocr_par' dir='ltr' id='par_1_5' title="bbox 248 738 1848 823">
     <span class='ocr_line' id='line_1_5' title="bbox 248 738 1848 823; baseline -0.011 -16"><span class='ocrx_word' id='word_1_27' title='bbox 248 749 384 823; x_wconf 85' lang='grc'>16).</span> <span class='ocrx_word' id='word_1_28' title='bbox 415 750 473 806; x_wconf 88' lang='lat' dir='ltr'><strong><em>Si</em></strong></span> <span class='ocrx_word' id='word_1_29' title='bbox 502 765 636 803; x_wconf 79' lang='lat' dir='ltr'><strong><em>vero</em></strong></span> <span class='ocrx_word' id='word_1_30' title='bbox 670 747 795 801; x_wconf 84' lang='lat' dir='ltr'><strong>alibi</strong></span> <span class='ocrx_word' id='word_1_31' title='bbox 819 746 960 801; x_wconf 85' lang='lat' dir='ltr'><strong><em>dicat</em></strong></span> <span class='ocrx_word' id='word_1_32' title='bbox 990 761 1004 796; x_wconf 91' lang='lat'><strong>:</strong></span> <span class='ocrx_word' id='word_1_33' title='bbox 1033 741 1093 798; x_wconf 91' lang='lat' dir='ltr'><strong><em>Si</em></strong></span> <span class='ocrx_word' id='word_1_34' title='bbox 1112 742 1225 813; x_wconf 81' lang='lat' dir='ltr'><strong><em>quis</em></strong></span> <span class='ocrx_word' id='word_1_35' title='bbox 1247 738 1666 796; x_wconf 80' lang='lat' dir='ltr'><strong><em>scandalisouerit</em></strong></span> <span class='ocrx_word' id='word_1_36' title='bbox 1689 752 1848 792; x_wconf 81' lang='lat' dir='ltr'><strong><em>unum</em></strong></span> 
     </span>
    </p>
   </div>
   <div class='ocr_carea' id='block_1_6' title="bbox 245 830 1849 909">
    <p class='ocr_par' dir='ltr' id='par_1_6' title="bbox 245 830 1849 909">
     <span class='ocr_line' id='line_1_6' title="bbox 245 830 1849 909; baseline -0.01 -12"><span class='ocrx_word' id='word_1_37' title='bbox 245 859 311 897; x_wconf 65' lang='grc' dir='ltr'><em>α</em></span> <span class='ocrx_word' id='word_1_38' title='bbox 334 843 416 896; x_wconf 76' lang='lat' dir='ltr'><strong><em>his</em></strong></span> <span class='ocrx_word' id='word_1_39' title='bbox 440 840 642 909; x_wconf 84' lang='lat' dir='ltr'><strong><em>pusillis</em></strong></span> <span class='ocrx_word' id='word_1_40' title='bbox 661 880 676 904; x_wconf 96' lang='lat'><strong><em>,</em></strong></span> <span class='ocrx_word' id='word_1_41' title='bbox 708 837 911 906; x_wconf 69' lang='lat' dir='ltr'><strong><em>expedit</em></strong></span> <span class='ocrx_word' id='word_1_42' title='bbox 935 835 982 888; x_wconf 89' lang='lat' dir='ltr'><strong><em>ei</em></strong></span> <span class='ocrx_word' id='word_1_43' title='bbox 1011 843 1065 887; x_wconf 86' lang='lat' dir='ltr'><strong><em>ut</em></strong></span> <span class='ocrx_word' id='word_1_44' title='bbox 1092 832 1437 902; x_wconf 77' lang='lat' dir='ltr'><strong><em>suspendatur</em></strong></span> <span class='ocrx_word' id='word_1_45' title='bbox 1459 830 1595 884; x_wconf 88' lang='lat' dir='ltr'><strong><em>mola</em></strong></span> <span class='ocrx_word' id='word_1_46' title='bbox 1620 830 1849 883; x_wconf 81' lang='lat' dir='ltr'><strong><em>asinaria</em></strong></span> 
     </span>
    </p>
   </div>
   <div class='ocr_carea' id='block_1_7' title="bbox 246 924 1849 1004">
    <p class='ocr_par' dir='ltr' id='par_1_7' title="bbox 246 924 1849 1004">
     <span class='ocr_line' id='line_1_7' title="bbox 246 924 1849 1004; baseline -0.008 -16"><span class='ocrx_word' id='word_1_47' title='bbox 246 951 280 987; x_wconf 86' lang='lat' dir='ltr'><strong><em>a</em></strong></span> <span class='ocrx_word' id='word_1_48' title='bbox 309 933 445 987; x_wconf 84' lang='lat' dir='ltr'><strong><em>collo</em></strong></span> <span class='ocrx_word' id='word_1_49' title='bbox 479 934 589 1004; x_wconf 83' lang='lat' dir='ltr'><strong><em>ejus</em></strong></span> <span class='ocrx_word' id='word_1_50' title='bbox 611 973 625 996; x_wconf 95' lang='lat'><strong><em>,</em></strong></span> <span class='ocrx_word' id='word_1_51' title='bbox 662 939 709 984; x_wconf 88' lang='lat' dir='ltr'><strong><em>et</em></strong></span> <span class='ocrx_word' id='word_1_52' title='bbox 734 930 1061 997; x_wconf 73' lang='lat' dir='ltr'><strong><em>demergatur</em></strong></span> <span class='ocrx_word' id='word_1_53' title='bbox 1091 926 1146 979; x_wconf 90' lang='lat' dir='ltr'><strong><em>in</em></strong></span> <span class='ocrx_word' id='word_1_54' title='bbox 1187 924 1501 997; x_wconf 77' lang='lat' dir='ltr'><strong><em>profundum</em></strong></span> <span class='ocrx_word' id='word_1_55' title='bbox 1544 924 1737 987; x_wconf 87' lang='lat' dir='ltr'><strong><em>maris;</em></strong></span> <span class='ocrx_word' id='word_1_56' title='bbox 1780 935 1849 976; x_wconf 89' lang='lat' dir='ltr'><strong><em>ne</em></strong></span> 
     </span>
    </p>
   </div>
   <div class='ocr_carea' id='block_1_8' title="bbox 249 1013 1850 1081">
    <p class='ocr_par' dir='ltr' id='par_1_8' title="bbox 249 1013 1850 1081">
     <span class='ocr_line' id='line_1_8' title="bbox 249 1013 1850 1081; baseline -0.007 -2"><span class='ocrx_word' id='word_1_57' title='bbox 249 1023 472 1079; x_wconf 79' lang='lat' dir='ltr'><strong><em>mireris</em></strong></span> <span class='ocrx_word' id='word_1_58' title='bbox 504 1040 518 1076; x_wconf 92' lang='lat'>:</span> <span class='ocrx_word' id='word_1_59' title='bbox 552 1037 656 1076; x_wconf 90' lang='lat' dir='ltr'><strong><em>non</em></strong></span> <span class='ocrx_word' id='word_1_60' title='bbox 683 1020 826 1075; x_wconf 89' lang='lat' dir='ltr'><strong><em>enim</em></strong></span> <span class='ocrx_word' id='word_1_61' title='bbox 856 1026 981 1073; x_wconf 89' lang='lat' dir='ltr'><strong><em>sunt</em></strong></span> <span class='ocrx_word' id='word_1_62' title='bbox 1027 1017 1143 1072; x_wconf 74' lang='lat' dir='ltr'><strong><em>[nec</em></strong></span> <span class='ocrx_word' id='word_1_63' title='bbox 1186 1016 1454 1071; x_wconf 90' lang='lat' dir='ltr'><strong><em>contraria</em></strong></span> <span class='ocrx_word' id='word_1_64' title='bbox 1480 1055 1495 1081; x_wconf 96' lang='lat'><strong><em>,</em></strong></span> <span class='ocrx_word' id='word_1_65' title='bbox 1542 1016 1651 1069; x_wconf 90' lang='lat' dir='ltr'><strong><em>imo</em></strong></span> <span class='ocrx_word' id='word_1_66' title='bbox 1692 1013 1850 1068; x_wconf 86' lang='lat' dir='ltr'><strong><em>valde</em></strong></span> 
     </span>
    </p>
   </div>
   <div class='ocr_carea' id='block_1_9' title="bbox 248 1106 1849 1181">
    <p class='ocr_par' dir='ltr' id='par_1_9' title="bbox 248 1106 1849 1181">
     <span class='ocr_line' id='line_1_9' title="bbox 248 1106 1849 1181; baseline -0.005 -10"><span class='ocrx_word' id='word_1_67' title='bbox 248 1123 569 1171; x_wconf 88' lang='lat' dir='ltr'><strong><em>consonant.</em></strong></span> <span class='ocrx_word' id='word_1_68' title='bbox 600 1106 732 1168; x_wconf 79' lang='lat' dir='ltr'><strong><em>Nam</em></strong></span> <span class='ocrx_word' id='word_1_69' title='bbox 761 1112 807 1166; x_wconf 90' lang='lat' dir='ltr'><strong><em>si</em></strong></span> <span class='ocrx_word' id='word_1_70' title='bbox 833 1110 973 1181; x_wconf 89' lang='lat' dir='ltr'><strong><em>apud</em></strong></span> <span class='ocrx_word' id='word_1_71' title='bbox 996 1125 1095 1165; x_wconf 89' lang='lat' dir='ltr'><strong><em>nos</em></strong></span> <span class='ocrx_word' id='word_1_72' title='bbox 1123 1109 1274 1175; x_wconf 72' lang='lat' dir='ltr'><strong><em>(iant,</em></strong></span> <span class='ocrx_word' id='word_1_73' title='bbox 1302 1123 1384 1163; x_wconf 69' lang='lat' dir='ltr'><strong><em>vae</em></strong></span> <span class='ocrx_word' id='word_1_74' title='bbox 1414 1106 1568 1163; x_wconf 88' lang='lat' dir='ltr'><strong><em>nobis</em></strong></span> <span class='ocrx_word' id='word_1_75' title='bbox 1595 1123 1608 1171; x_wconf 91' lang='lat'><strong>;</strong></span> <span class='ocrx_word' id='word_1_76' title='bbox 1639 1106 1722 1162; x_wconf 91' lang='lat' dir='ltr'><strong><em>sin</em></strong></span> <span class='ocrx_word' id='word_1_77' title='bbox 1739 1122 1849 1163; x_wconf 89' lang='lat' dir='ltr'><strong><em>non</em></strong></span> 
     </span>
    </p>
   </div>
   <div class='ocr_carea' id='block_1_10' title="bbox 246 1197 1851 1277">
    <p class='ocr_par' dir='ltr' id='par_1_10' title="bbox 246 1197 1851 1277">
     <span class='ocr_line' id='line_1_10' title="bbox 246 1197 1851 1277; baseline -0.006 -16"><span class='ocrx_word' id='word_1_78' title='bbox 246 1208 393 1277; x_wconf 84' lang='lat' dir='ltr'><strong><em>apud</em></strong></span> <span class='ocrx_word' id='word_1_79' title='bbox 420 1221 516 1261; x_wconf 89' lang='lat' dir='ltr'><strong><em>nos</em></strong></span> <span class='ocrx_word' id='word_1_80' title='bbox 547 1204 677 1260; x_wconf 80' lang='lat' dir='ltr'><strong><em>ﬁant</em></strong></span> <span class='ocrx_word' id='word_1_81' title='bbox 699 1245 715 1270; x_wconf 94' lang='lat'><strong><em>,</em></strong></span> <span class='ocrx_word' id='word_1_82' title='bbox 743 1218 848 1258; x_wconf 91' lang='lat' dir='ltr'><strong><em>non</em></strong></span> <span class='ocrx_word' id='word_1_83' title='bbox 883 1203 1031 1257; x_wconf 91' lang='lat' dir='ltr'><strong><em>item.</em></strong></span> <span class='ocrx_word' id='word_1_84' title='bbox 1063 1200 1130 1255; x_wconf 87' lang='lat' dir='ltr'><strong><em>Et</em></strong></span> <span class='ocrx_word' id='word_1_85' title='bbox 1160 1201 1352 1255; x_wconf 91' lang='lat' dir='ltr'><strong><em>iterum</em></strong></span> <span class='ocrx_word' id='word_1_86' title='bbox 1385 1216 1399 1253; x_wconf 89' lang='lat'><strong>:</strong></span> <span class='ocrx_word' id='word_1_87' title='bbox 1441 1197 1532 1253; x_wconf 72' lang='grc' dir='ltr'><strong><em>γω</em></strong></span> <span class='ocrx_word' id='word_1_88' title='bbox 1560 1199 1733 1265; x_wconf 80' lang='lat' dir='ltr'><strong><em>vobis,</em></strong></span> <span class='ocrx_word' id='word_1_89' title='bbox 1762 1214 1851 1269; x_wconf 90' lang='lat' dir='ltr'><strong><em>per</em></strong></span> 
     </span>
    </p>
   </div>
   <div class='ocr_carea' id='block_1_11' title="bbox 246 1288 1849 1370">
    <p class='ocr_par' dir='ltr' id='par_1_11' title="bbox 246 1288 1849 1370">
     <span class='ocr_line' id='line_1_11' title="bbox 246 1288 1849 1370; baseline -0.007 -15"><span class='ocrx_word' id='word_1_90' title='bbox 246 1316 376 1370; x_wconf 81' lang='lat' dir='ltr'><strong><em>quos</em></strong></span> <span class='ocrx_word' id='word_1_91' title='bbox 422 1314 607 1352; x_wconf 85' lang='lat' dir='ltr'><strong><em>nomen</em></strong></span> <span class='ocrx_word' id='word_1_92' title='bbox 655 1296 749 1350; x_wconf 85' lang='lat' dir='ltr'><strong><em>Dei</em></strong></span> <span class='ocrx_word' id='word_1_93' title='bbox 794 1293 1178 1364; x_wconf 75' lang='lat' dir='ltr'><strong><em>blasphematur</em></strong></span> <span class='ocrx_word' id='word_1_94' title='bbox 1222 1289 1419 1362; x_wconf 84' lang='lat' dir='ltr'><strong><em>(Rom.</em></strong></span> <span class='ocrx_word' id='word_1_95' title='bbox 1452 1288 1510 1344; x_wconf 73' lang='lat'><strong><em>‘2.</em></strong></span> <span class='ocrx_word' id='word_1_96' title='bbox 1540 1288 1679 1360; x_wconf 67' lang='grc'><strong>24).</strong></span> <span class='ocrx_word' id='word_1_97' title='bbox 1710 1288 1849 1359; x_wconf 85' lang='lat' dir='ltr'><strong><em>Quid</em></strong></span> 
     </span>
    </p>
   </div>
   <div class='ocr_carea' id='block_1_12' title="bbox 246 1382 1851 1460">
    <p class='ocr_par' dir='ltr' id='par_1_12' title="bbox 246 1382 1851 1460">
     <span class='ocr_line' id='line_1_12' title="bbox 246 1382 1851 1460; baseline -0.005 -15"><span class='ocrx_word' id='word_1_98' title='bbox 246 1404 382 1460; x_wconf 83' lang='lat' dir='ltr'><strong><em>ergo</em></strong></span> <span class='ocrx_word' id='word_1_99' title='bbox 406 1430 421 1455; x_wconf 96' lang='lat'><strong><em>,</em></strong></span> <span class='ocrx_word' id='word_1_100' title='bbox 466 1389 509 1442; x_wconf 93' lang='lat' dir='ltr'><strong><em>si</em></strong></span> <span class='ocrx_word' id='word_1_101' title='bbox 543 1402 645 1460; x_wconf 88' lang='lat' dir='ltr'><strong><em>ego</em></strong></span> <span class='ocrx_word' id='word_1_102' title='bbox 671 1386 813 1441; x_wconf 81' lang='lat' dir='ltr'><strong><em>facio</em></strong></span> <span class='ocrx_word' id='word_1_103' title='bbox 840 1383 982 1455; x_wconf 91' lang='lat' dir='ltr'><strong><em>quod</em></strong></span> <span class='ocrx_word' id='word_1_104' title='bbox 1005 1384 1189 1448; x_wconf 90' lang='lat' dir='ltr'><strong><em>decet,</em></strong></span> <span class='ocrx_word' id='word_1_105' title='bbox 1214 1392 1269 1439; x_wconf 91' lang='lat' dir='ltr'><strong><em>et</em></strong></span> <span class='ocrx_word' id='word_1_106' title='bbox 1293 1383 1431 1438; x_wconf 86' lang='lat' dir='ltr'><strong><em>alius</em></strong></span> <span class='ocrx_word' id='word_1_107' title='bbox 1469 1382 1851 1453; x_wconf 89' lang='lat' dir='ltr'><strong><em>blasphemat?</em></strong></span> 
     </span>
    </p>
   </div>
   <div class='ocr_carea' id='block_1_13' title="bbox 248 1474 1849 1546">
    <p class='ocr_par' dir='ltr' id='par_1_13' title="bbox 248 1474 1849 1546">
     <span class='ocr_line' id='line_1_13' title="bbox 248 1474 1849 1546; baseline -0.004 -10"><span class='ocrx_word' id='word_1_108' title='bbox 248 1481 393 1536; x_wconf 83' lang='lat' dir='ltr'><strong><em>Nihil</em></strong></span> <span class='ocrx_word' id='word_1_109' title='bbox 422 1479 490 1536; x_wconf 90' lang='lat' dir='ltr'><strong><em>ad</em></strong></span> <span class='ocrx_word' id='word_1_110' title='bbox 518 1489 601 1545; x_wconf 89' lang='lat' dir='ltr'><strong><em>te,</em></strong></span> <span class='ocrx_word' id='word_1_111' title='bbox 632 1479 731 1535; x_wconf 90' lang='lat' dir='ltr'><strong><em>sed</em></strong></span> <span class='ocrx_word' id='word_1_112' title='bbox 761 1478 828 1532; x_wconf 86' lang='lat' dir='ltr'><strong><em>ad</em></strong></span> <span class='ocrx_word' id='word_1_113' title='bbox 855 1477 1004 1531; x_wconf 92' lang='lat' dir='ltr'><strong><em>illum</em></strong></span> <span class='ocrx_word' id='word_1_114' title='bbox 1035 1494 1050 1532; x_wconf 89' lang='lat'><strong>:</strong></span> <span class='ocrx_word' id='word_1_115' title='bbox 1082 1490 1205 1531; x_wconf 88' lang='lat' dir='ltr'><strong><em>nam</em></strong></span> <span class='ocrx_word' id='word_1_116' title='bbox 1254 1490 1349 1546; x_wconf 88' lang='lat' dir='ltr'><strong><em>per</em></strong></span> <span class='ocrx_word' id='word_1_117' title='bbox 1396 1474 1548 1530; x_wconf 90' lang='lat' dir='ltr'><strong><em>illum</em></strong></span> <span class='ocrx_word' id='word_1_118' title='bbox 1593 1474 1849 1546; x_wconf 84' lang='lat' dir='ltr'><strong><em>blasphe-</em></strong></span> 
     </span>
    </p>
   </div>
   <div class='ocr_carea' id='block_1_14' title="bbox 250 1564 1848 1643">
    <p class='ocr_par' dir='ltr' id='par_1_14' title="bbox 250 1564 1848 1643">
     <span class='ocr_line' id='line_1_14' title="bbox 250 1564 1848 1643; baseline -0.006 -13"><span class='ocrx_word' id='word_1_119' title='bbox 250 1584 451 1630; x_wconf 93' lang='lat' dir='ltr'><strong><em>matur.</em></strong></span> <span class='ocrx_word' id='word_1_120' title='bbox 485 1574 553 1628; x_wconf 91' lang='lat' dir='ltr'><strong><em>Et</em></strong></span> <span class='ocrx_word' id='word_1_121' title='bbox 577 1573 667 1643; x_wconf 90' lang='lat' dir='ltr'><strong><em>qui</em></strong></span> <span class='ocrx_word' id='word_1_122' title='bbox 700 1571 817 1629; x_wconf 85' lang='lat' dir='ltr'><strong><em>fieri</em></strong></span> <span class='ocrx_word' id='word_1_123' title='bbox 846 1577 1051 1640; x_wconf 81' lang='lat' dir='ltr'><strong><em>potest,</em></strong></span> <span class='ocrx_word' id='word_1_124' title='bbox 1078 1578 1139 1623; x_wconf 93' lang='lat' dir='ltr'><strong><em>ut</em></strong></span> <span class='ocrx_word' id='word_1_125' title='bbox 1168 1566 1311 1638; x_wconf 91' lang='lat' dir='ltr'><strong><em>quod</em></strong></span> <span class='ocrx_word' id='word_1_126' title='bbox 1349 1566 1505 1623; x_wconf 84' lang='lat' dir='ltr'><strong><em>decet</em></strong></span> <span class='ocrx_word' id='word_1_127' title='bbox 1548 1564 1806 1622; x_wconf 85' lang='lat' dir='ltr'><strong><em>faciamus</em></strong></span> <span class='ocrx_word' id='word_1_128' title='bbox 1833 1606 1848 1633; x_wconf 95' lang='lat'><strong><em>,</em></strong></span> 
     </span>
    </p>
   </div>
   <div class='ocr_carea' id='block_1_15' title="bbox 248 1661 1852 1734">
    <p class='ocr_par' dir='ltr' id='par_1_15' title="bbox 248 1661 1852 1734">
     <span class='ocr_line' id='line_1_15' title="bbox 248 1661 1852 1734; baseline -0.006 -9"><span class='ocrx_word' id='word_1_129' title='bbox 248 1680 303 1725; x_wconf 89' lang='lat' dir='ltr'><strong><em>et</em></strong></span> <span class='ocrx_word' id='word_1_130' title='bbox 331 1669 454 1723; x_wconf 90' lang='lat' dir='ltr'><strong><em>aliis</em></strong></span> <span class='ocrx_word' id='word_1_131' title='bbox 481 1682 668 1721; x_wconf 89' lang='lat' dir='ltr'><strong><em>ausam</em></strong></span> <span class='ocrx_word' id='word_1_132' title='bbox 696 1665 938 1721; x_wconf 79' lang='lat' dir='ltr'><strong><em>demus?</em></strong></span> <span class='ocrx_word' id='word_1_133' title='bbox 968 1663 1120 1720; x_wconf 91' lang='lat' dir='ltr'><strong><em>Unde</em></strong></span> <span class='ocrx_word' id='word_1_134' title='bbox 1150 1663 1313 1719; x_wconf 78' lang='lat' dir='ltr'><strong><em>vultis</em></strong></span> <span class='ocrx_word' id='word_1_135' title='bbox 1337 1678 1366 1716; x_wconf 90' lang='lat' dir='ltr'><strong><em>a</em></strong></span> <span class='ocrx_word' id='word_1_136' title='bbox 1394 1662 1745 1734; x_wconf 72' lang='lat' dir='ltr'><strong><em>prteseutibus</em></strong></span> <span class='ocrx_word' id='word_1_137' title='bbox 1767 1661 1852 1717; x_wconf 89' lang='lat' dir='ltr'><strong><em>vel</em></strong></span> 
     </span>
    </p>
   </div>
   <div class='ocr_carea' id='block_1_16' title="bbox 249 1754 1854 1826">
    <p class='ocr_par' dir='ltr' id='par_1_16' title="bbox 249 1754 1854 1826">
     <span class='ocr_line' id='line_1_16' title="bbox 249 1754 1854 1826; baseline -0.004 -11"><span class='ocrx_word' id='word_1_138' title='bbox 249 1776 279 1815; x_wconf 85' lang='lat' dir='ltr'><strong><em>a</em></strong></span> <span class='ocrx_word' id='word_1_139' title='bbox 328 1759 602 1815; x_wconf 86' lang='lat' dir='ltr'><strong><em>veteribus</em></strong></span> <span class='ocrx_word' id='word_1_140' title='bbox 641 1758 794 1812; x_wconf 81' lang='lat' dir='ltr'><strong><em>vobis</em></strong></span> <span class='ocrx_word' id='word_1_141' title='bbox 841 1757 1086 1826; x_wconf 91' lang='lat' dir='ltr'><strong><em>exempla</em></strong></span> <span class='ocrx_word' id='word_1_142' title='bbox 1132 1754 1375 1810; x_wconf 64' lang='lat' dir='ltr'><strong><em>alteram.</em></strong></span> <span class='ocrx_word' id='word_1_143' title='bbox 1430 1754 1509 1809; x_wconf 84' lang='lat' dir='ltr'><strong><em>Ne</em></strong></span> <span class='ocrx_word' id='word_1_144' title='bbox 1556 1762 1854 1810; x_wconf 88' lang='lat' dir='ltr'><strong><em>ostentato-</em></strong></span> 
     </span>
    </p>
   </div>
   <div class='ocr_carea' id='block_1_17' title="bbox 251 1846 1850 1919">
    <p class='ocr_par' dir='ltr' id='par_1_17' title="bbox 251 1846 1850 1919">
     <span class='ocr_line' id='line_1_17' title="bbox 251 1846 1850 1919; baseline -0.004 -13"><span class='ocrx_word' id='word_1_145' title='bbox 251 1866 340 1906; x_wconf 93' lang='lat' dir='ltr'><strong><em>res</em></strong></span> <span class='ocrx_word' id='word_1_146' title='bbox 370 1852 540 1904; x_wconf 87' lang='lat' dir='ltr'><strong><em>simus</em></strong></span> <span class='ocrx_word' id='word_1_147' title='bbox 578 1849 814 1905; x_wconf 89' lang='lat' dir='ltr'><strong><em>vultisne</em></strong></span> <span class='ocrx_word' id='word_1_148' title='bbox 853 1848 905 1902; x_wconf 88' lang='lat' dir='ltr'><strong><em>id</em></strong></span> <span class='ocrx_word' id='word_1_149' title='bbox 944 1846 1086 1919; x_wconf 91' lang='lat' dir='ltr'><strong><em>quod</em></strong></span> <span class='ocrx_word' id='word_1_150' title='bbox 1125 1863 1238 1918; x_wconf 77' lang='lat' dir='ltr'><strong><em>pra:</em></strong></span> <span class='ocrx_word' id='word_1_151' title='bbox 1276 1847 1525 1904; x_wconf 88' lang='lat' dir='ltr'><strong><em>manibus</em></strong></span> <span class='ocrx_word' id='word_1_152' title='bbox 1569 1846 1850 1914; x_wconf 80' lang='lat' dir='ltr'><strong><em>habemus,</em></strong></span> 
     </span>
    </p>
   </div>
   <div class='ocr_carea' id='block_1_18' title="bbox 251 1939 1853 2013">
    <p class='ocr_par' dir='ltr' id='par_1_18' title="bbox 251 1939 1853 2013">
     <span class='ocr_line' id='line_1_18' title="bbox 251 1939 1853 2013; baseline -0.002 -15"><span class='ocrx_word' id='word_1_153' title='bbox 251 1941 541 1998; x_wconf 80' lang='lat' dir='ltr'><strong><em>dicamus?</em></strong></span> <span class='ocrx_word' id='word_1_154' title='bbox 569 1940 886 1997; x_wconf 79' lang='lat' dir='ltr'><strong><em>Judaizabat</em></strong></span> <span class='ocrx_word' id='word_1_155' title='bbox 912 1939 1111 1994; x_wconf 82' lang='lat' dir='ltr'><strong><em>Paulus</em></strong></span> <span class='ocrx_word' id='word_1_156' title='bbox 1137 1939 1494 2013; x_wconf 71' lang='lat' dir='ltr'><strong><em>Jerosolymze</em></strong></span> <span class='ocrx_word' id='word_1_157' title='bbox 1512 1982 1528 2008; x_wconf 92' lang='lat'><strong><em>,</em></strong></span> <span class='ocrx_word' id='word_1_158' title='bbox 1582 1955 1689 1995; x_wconf 89' lang='lat' dir='ltr'><strong><em>non</em></strong></span> <span class='ocrx_word' id='word_1_159' title='bbox 1736 1940 1853 1995; x_wconf 58' lang='lat' dir='ltr'><strong><em>An.</em></strong></span> 
     </span>
    </p>
   </div>
   <div class='ocr_carea' id='block_1_19' title="bbox 251 2030 1852 2102">
    <p class='ocr_par' dir='ltr' id='par_1_19' title="bbox 251 2030 1852 2102">
     <span class='ocr_line' id='line_1_19' title="bbox 251 2030 1852 2102; baseline -0.001 -14"><span class='ocrx_word' id='word_1_160' title='bbox 251 2030 882 2102; x_wconf 58' lang='lat' dir='ltr'><strong><em>tiochiaz;judaizabat,</em></strong></span> <span class='ocrx_word' id='word_1_161' title='bbox 928 2039 985 2087; x_wconf 87' lang='lat' dir='ltr'><strong><em>et</em></strong></span> <span class='ocrx_word' id='word_1_162' title='bbox 1033 2030 1108 2086; x_wconf 88' lang='lat' dir='ltr'><strong><em>illi</em></strong></span> <span class='ocrx_word' id='word_1_163' title='bbox 1154 2030 1585 2087; x_wconf 71' lang='lat' dir='ltr'><strong><em>olfendebantur.</em></strong></span> <span class='ocrx_word' id='word_1_164' title='bbox 1636 2036 1705 2087; x_wconf 83' lang='lat' dir='ltr'><strong><em>At</em></strong></span> <span class='ocrx_word' id='word_1_165' title='bbox 1747 2048 1852 2087; x_wconf 91' lang='lat' dir='ltr'><strong><em>non</em></strong></span> 
     </span>
    </p>
   </div>
   <div class='ocr_carea' id='block_1_20' title="bbox 248 2121 1852 2194">
    <p class='ocr_par' dir='ltr' id='par_1_20' title="bbox 248 2121 1852 2194">
     <span class='ocr_line' id='line_1_20' title="bbox 248 2121 1852 2194; baseline 0 -16"><span class='ocrx_word' id='word_1_166' title='bbox 248 2124 371 2193; x_wconf 83' lang='lat' dir='ltr'><strong><em>iure</em></strong></span> <span class='ocrx_word' id='word_1_167' title='bbox 395 2121 826 2178; x_wconf 79' lang='lat' dir='ltr'><strong><em>oll&#39;endebautur.</em></strong></span> <span class='ocrx_word' id='word_1_168' title='bbox 858 2121 1062 2177; x_wconf 87' lang='lat' dir='ltr'><strong><em>Dicitur</em></strong></span> <span class='ocrx_word' id='word_1_169' title='bbox 1105 2121 1366 2179; x_wconf 82' lang='lat' dir='ltr'><strong><em>salutasse</em></strong></span> <span class='ocrx_word' id='word_1_170' title='bbox 1404 2122 1632 2179; x_wconf 76' lang='lat' dir='ltr'><strong><em>Neronis</em></strong></span> <span class='ocrx_word' id='word_1_171' title='bbox 1681 2123 1852 2194; x_wconf 91' lang='lat' dir='ltr'><strong><em>pocil-</em></strong></span> 
     </span>
    </p>
   </div>
   <div class='ocr_carea' id='block_1_21' title="bbox 250 2216 1852 2288">
    <p class='ocr_par' dir='ltr' id='par_1_21' title="bbox 250 2216 1852 2288">
     <span class='ocr_line' id='line_1_21' title="bbox 250 2216 1852 2288; baseline 0.002 -18"><span class='ocrx_word' id='word_1_172' title='bbox 250 2216 480 2271; x_wconf 83' lang='lat' dir='ltr'><strong><em>latorem</em></strong></span> <span class='ocrx_word' id='word_1_173' title='bbox 510 2225 565 2271; x_wconf 92' lang='lat' dir='ltr'><strong><em>et</em></strong></span> <span class='ocrx_word' id='word_1_174' title='bbox 590 2216 949 2271; x_wconf 84' lang='lat' dir='ltr'><strong><em>concubinam</em></strong></span> <span class='ocrx_word' id='word_1_175' title='bbox 1004 2217 1215 2285; x_wconf 87' lang='lat' dir='ltr'><strong><em>Quanta</em></strong></span> <span class='ocrx_word' id='word_1_176' title='bbox 1248 2218 1447 2288; x_wconf 81' lang='lat' dir='ltr'><strong><em>putatis</em></strong></span> <span class='ocrx_word' id='word_1_177' title='bbox 1471 2228 1661 2275; x_wconf 83' lang='lat' dir='ltr'><strong><em>contra</em></strong></span> <span class='ocrx_word' id='word_1_178' title='bbox 1702 2219 1852 2273; x_wconf 90' lang='lat' dir='ltr'><strong><em>illum</em></strong></span> 
     </span>
    </p>
   </div>
   <div class='ocr_carea' id='block_1_22' title="bbox 255 2309 1853 2383">
    <p class='ocr_par' dir='ltr' id='par_1_22' title="bbox 255 2309 1853 2383">
     <span class='ocr_line' id='line_1_22' title="bbox 255 2309 1853 2383; baseline 0.001 -16"><span class='ocrx_word' id='word_1_179' title='bbox 255 2319 478 2380; x_wconf 80' lang='lat' dir='ltr'><strong><em>propter</em></strong></span> <span class='ocrx_word' id='word_1_180' title='bbox 528 2310 631 2366; x_wconf 91' lang='lat' dir='ltr'><strong><em>hoc</em></strong></span> <span class='ocrx_word' id='word_1_181' title='bbox 677 2309 883 2366; x_wconf 79' lang='lat' dir='ltr'><strong><em>dixisse</em></strong></span> <span class='ocrx_word' id='word_1_182' title='bbox 929 2310 1093 2365; x_wconf 83' lang='lat' dir='ltr'><strong><em>illos?</em></strong></span> <span class='ocrx_word' id='word_1_183' title='bbox 1134 2310 1239 2366; x_wconf 86' lang='lat' dir='ltr'><strong><em>Sed</em></strong></span> <span class='ocrx_word' id='word_1_184' title='bbox 1290 2327 1396 2368; x_wconf 92' lang='lat' dir='ltr'><strong><em>non</em></strong></span> <span class='ocrx_word' id='word_1_185' title='bbox 1433 2313 1579 2383; x_wconf 90' lang='lat' dir='ltr'><strong><em>juste</em></strong></span> <span class='ocrx_word' id='word_1_186' title='bbox 1610 2330 1623 2366; x_wconf 90' lang='lat'><strong>:</strong></span> <span class='ocrx_word' id='word_1_187' title='bbox 1654 2328 1777 2368; x_wconf 90' lang='lat' dir='ltr'><strong><em>nam</em></strong></span> <span class='ocrx_word' id='word_1_188' title='bbox 1809 2315 1853 2369; x_wconf 90' lang='lat' dir='ltr'><strong><em>si</em></strong></span> 
     </span>
    </p>
   </div>
   <div class='ocr_carea' id='block_1_23' title="bbox 253 2400 1851 2477">
    <p class='ocr_par' dir='ltr' id='par_1_23' title="bbox 253 2400 1851 2477">
     <span class='ocr_line' id='line_1_23' title="bbox 253 2400 1851 2477; baseline 0.004 -22"><span class='ocrx_word' id='word_1_189' title='bbox 253 2400 491 2456; x_wconf 62' lang='lat' dir='ltr'><strong><em>lascivia!</em></strong></span> <span class='ocrx_word' id='word_1_190' title='bbox 521 2415 682 2456; x_wconf 84' lang='lat' dir='ltr'><strong><em>causa</em></strong></span> <span class='ocrx_word' id='word_1_191' title='bbox 709 2400 1018 2469; x_wconf 83' lang='lat' dir='ltr'><strong><em>salutasset,</em></strong></span> <span class='ocrx_word' id='word_1_192' title='bbox 1052 2403 1132 2458; x_wconf 90' lang='lat' dir='ltr'><strong><em>vel</em></strong></span> <span class='ocrx_word' id='word_1_193' title='bbox 1164 2404 1233 2459; x_wconf 93' lang='lat' dir='ltr'><strong><em>ob</em></strong></span> <span class='ocrx_word' id='word_1_194' title='bbox 1256 2405 1392 2458; x_wconf 88' lang='lat' dir='ltr'><strong><em>mala</em></strong></span> <span class='ocrx_word' id='word_1_195' title='bbox 1410 2420 1596 2477; x_wconf 87' lang='lat' dir='ltr'><strong><em>opera,</em></strong></span> <span class='ocrx_word' id='word_1_196' title='bbox 1627 2407 1851 2462; x_wconf 90' lang='lat' dir='ltr'><strong><em>merito:</em></strong></span> 
     </span>
    </p>
   </div>
   <div class='ocr_carea' id='block_1_24' title="bbox 252 2492 1857 2570">
    <p class='ocr_par' dir='ltr' id='par_1_24' title="bbox 252 2492 1857 2570">
     <span class='ocr_line' id='line_1_24' title="bbox 252 2492 1857 2570; baseline 0.006 -25"><span class='ocrx_word' id='word_1_197' title='bbox 252 2492 339 2548; x_wconf 87' lang='lat' dir='ltr'><strong><em>sin</em></strong></span> <span class='ocrx_word' id='word_1_198' title='bbox 368 2492 437 2548; x_wconf 90' lang='lat' dir='ltr'><strong><em>ob</em></strong></span> <span class='ocrx_word' id='word_1_199' title='bbox 466 2492 604 2547; x_wconf 86' lang='lat' dir='ltr'><strong><em>viam</em></strong></span> <span class='ocrx_word' id='word_1_200' title='bbox 633 2501 835 2549; x_wconf 90' lang='lat' dir='ltr'><strong><em>rectam</em></strong></span> <span class='ocrx_word' id='word_1_201' title='bbox 860 2534 878 2561; x_wconf 95' lang='lat'><strong><em>,</em></strong></span> <span class='ocrx_word' id='word_1_202' title='bbox 914 2496 1123 2564; x_wconf 83' lang='lat' dir='ltr'><strong><em>quare?</em></strong></span> <span class='ocrx_word' id='word_1_203' title='bbox 1153 2496 1336 2552; x_wconf 84' lang='lat' dir='ltr'><strong><em>Dicam</em></strong></span> <span class='ocrx_word' id='word_1_204' title='bbox 1366 2497 1567 2568; x_wconf 90' lang='lat' dir='ltr'><strong><em>aliquid</em></strong></span> <span class='ocrx_word' id='word_1_205' title='bbox 1589 2539 1604 2562; x_wconf 93' lang='lat'><strong><em>,</em></strong></span> <span class='ocrx_word' id='word_1_206' title='bbox 1634 2499 1775 2570; x_wconf 88' lang='lat' dir='ltr'><strong><em>quod</em></strong></span> <span class='ocrx_word' id='word_1_207' title='bbox 1801 2508 1857 2554; x_wconf 93' lang='lat' dir='ltr'><strong><em>et</em></strong></span> 
     </span>
    </p>
   </div>
   <div class='ocr_carea' id='block_1_25' title="bbox 255 2584 1856 2661">
    <p class='ocr_par' dir='ltr' id='par_1_25' title="bbox 255 2584 1856 2661">
     <span class='ocr_line' id='line_1_25' title="bbox 255 2584 1856 2661; baseline 0.003 -21"><span class='ocrx_word' id='word_1_208' title='bbox 255 2585 389 2640; x_wconf 89' lang='lat' dir='ltr'><strong><em>mihi</em></strong></span> <span class='ocrx_word' id='word_1_209' title='bbox 414 2596 469 2641; x_wconf 88' lang='lat' dir='ltr'><strong><em>et</em></strong></span> <span class='ocrx_word' id='word_1_210' title='bbox 494 2584 744 2640; x_wconf 82' lang='lat' dir='ltr'><strong><em>familiari</em></strong></span> <span class='ocrx_word' id='word_1_211' title='bbox 773 2585 989 2642; x_wconf 90' lang='lat' dir='ltr'><strong><em>cuidam</em></strong></span> <span class='ocrx_word' id='word_1_212' title='bbox 1016 2602 1138 2643; x_wconf 91' lang='lat' dir='ltr'><strong><em>meo</em></strong></span> <span class='ocrx_word' id='word_1_213' title='bbox 1165 2589 1377 2644; x_wconf 89' lang='lat' dir='ltr'><strong><em>accidit.</em></strong></span> <span class='ocrx_word' id='word_1_214' title='bbox 1409 2590 1540 2645; x_wconf 89' lang='lat' dir='ltr'><strong><em>Cum</em></strong></span> <span class='ocrx_word' id='word_1_215' title='bbox 1568 2591 1856 2661; x_wconf 85' lang='lat' dir='ltr'><strong><em>aliquando</em></strong></span> 
     </span>
    </p>
   </div>
   <div class='ocr_carea' id='block_1_26' title="bbox 254 2660 1855 2753">
    <p class='ocr_par' dir='ltr' id='par_1_26' title="bbox 254 2660 1855 2753">
     <span class='ocr_line' id='line_1_26' title="bbox 254 2660 1855 2753; baseline 0.005 -20"><span class='ocrx_word' id='word_1_216' title='bbox 254 2680 334 2735; x_wconf 86' lang='lat' dir='ltr'><strong><em>ira</em></strong></span> <span class='ocrx_word' id='word_1_217' title='bbox 369 2678 463 2735; x_wconf 87' lang='lat' dir='ltr'><strong><em>Dei</em></strong></span> <span class='ocrx_word' id='word_1_218' title='bbox 496 2678 791 2747; x_wconf 90' lang='lat' dir='ltr'><strong><em>incideret,</em></strong></span> <span class='ocrx_word' id='word_1_219' title='bbox 820 2689 874 2735; x_wconf 92' lang='lat' dir='ltr'><strong><em>et</em></strong></span> <span class='ocrx_word' id='word_1_220' title='bbox 896 2681 985 2735; x_wconf 89' lang='lat' dir='ltr'><strong><em>ille</em></strong></span> <span class='ocrx_word' id='word_1_221' title='bbox 1006 2681 1295 2737; x_wconf 87' lang='lat' dir='ltr'><strong><em>admodum</em></strong></span> <span class='ocrx_word' id='word_1_222' title='bbox 1337 2684 1551 2753; x_wconf 81' lang='lat' dir='ltr'><strong><em>juvenis</em></strong></span> <span class='ocrx_word' id='word_1_223' title='bbox 1589 2660 1733 2740; x_wconf 76' lang='lat' dir='ltr'><strong><em>esset</em></strong></span> <span class='ocrx_word' id='word_1_224' title='bbox 1769 2660 1855 2741; x_wconf 59' lang='lat' dir='ltr'><strong><em>at:-</em></strong></span> 
     </span>
    </p>
   </div>
   <div class='ocr_carea' id='block_1_27' title="bbox 254 2770 1852 2845">
    <p class='ocr_par' dir='ltr' id='par_1_27' title="bbox 254 2770 1852 2845">
     <span class='ocr_line' id='line_1_27' title="bbox 254 2770 1852 2845; baseline 0.003 -21"><span class='ocrx_word' id='word_1_225' title='bbox 254 2786 361 2840; x_wconf 90' lang='lat' dir='ltr'><strong><em>que</em></strong></span> <span class='ocrx_word' id='word_1_226' title='bbox 392 2770 445 2824; x_wconf 90' lang='lat' dir='ltr'><strong><em>in</em></strong></span> <span class='ocrx_word' id='word_1_227' title='bbox 472 2770 822 2825; x_wconf 89' lang='lat' dir='ltr'><strong><em>diaconorum</em></strong></span> <span class='ocrx_word' id='word_1_228' title='bbox 846 2770 1034 2826; x_wconf 88' lang='lat' dir='ltr'><strong><em>ordine</em></strong></span> <span class='ocrx_word' id='word_1_229' title='bbox 1056 2814 1072 2840; x_wconf 95' lang='lat'><strong><em>,</em></strong></span> <span class='ocrx_word' id='word_1_230' title='bbox 1115 2773 1338 2829; x_wconf 86' lang='lat' dir='ltr'><strong><em>absente</em></strong></span> <span class='ocrx_word' id='word_1_231' title='bbox 1383 2784 1509 2830; x_wconf 91' lang='lat' dir='ltr'><strong><em>tunc</em></strong></span> <span class='ocrx_word' id='word_1_232' title='bbox 1555 2777 1812 2845; x_wconf 89' lang='lat' dir='ltr'><strong><em>episcopo</em></strong></span> <span class='ocrx_word' id='word_1_233' title='bbox 1836 2818 1852 2843; x_wconf 97' lang='lat'><strong><em>,</em></strong></span> 
     </span>
    </p>
   </div>
   <div class='ocr_carea' id='block_1_28' title="bbox 257 2864 1856 2936">
    <p class='ocr_par' dir='ltr' id='par_1_28' title="bbox 257 2864 1856 2936">
     <span class='ocr_line' id='line_1_28' title="bbox 257 2864 1856 2936; baseline 0.005 -20"><span class='ocrx_word' id='word_1_234' title='bbox 257 2879 381 2917; x_wconf 90' lang='lat' dir='ltr'><strong><em>cum</em></strong></span> <span class='ocrx_word' id='word_1_235' title='bbox 414 2865 852 2936; x_wconf 82' lang='lat' dir='ltr'><strong><em>presbyterorum</em></strong></span> <span class='ocrx_word' id='word_1_236' title='bbox 880 2864 1060 2920; x_wconf 88' lang='lat' dir='ltr'><strong><em>nullus</em></strong></span> <span class='ocrx_word' id='word_1_237' title='bbox 1102 2876 1356 2931; x_wconf 87' lang='lat' dir='ltr'><strong><em>curaret,</em></strong></span> <span class='ocrx_word' id='word_1_238' title='bbox 1406 2867 1499 2923; x_wconf 87' lang='lat' dir='ltr'><strong><em>sed</em></strong></span> <span class='ocrx_word' id='word_1_239' title='bbox 1551 2883 1652 2923; x_wconf 89' lang='lat' dir='ltr'><strong><em>una</em></strong></span> <span class='ocrx_word' id='word_1_240' title='bbox 1698 2878 1856 2925; x_wconf 88' lang='lat' dir='ltr'><strong><em>nocte</em></strong></span> 
     </span>
    </p>
   </div>
   <div class='ocr_carea' id='block_1_29' title="bbox 251 2955 1855 3027">
    <p class='ocr_par' dir='ltr' id='par_1_29' title="bbox 251 2955 1855 3027">
     <span class='ocr_line' id='line_1_29' title="bbox 251 2955 1855 3027; baseline 0.005 -17"><span class='ocrx_word' id='word_1_241' title='bbox 251 2955 544 3010; x_wconf 78' lang='lat' dir='ltr'><strong><em>confertim</em></strong></span> <span class='ocrx_word' id='word_1_242' title='bbox 593 2966 649 3011; x_wconf 91' lang='lat' dir='ltr'><strong><em>et</em></strong></span> <span class='ocrx_word' id='word_1_243' title='bbox 697 2964 903 3012; x_wconf 89' lang='lat' dir='ltr'><strong><em>temere</em></strong></span> <span class='ocrx_word' id='word_1_244' title='bbox 960 2958 1296 3027; x_wconf 83' lang='lat' dir='ltr'><strong><em>baptizarent</em></strong></span> <span class='ocrx_word' id='word_1_245' title='bbox 1351 2962 1519 3015; x_wconf 89' lang='lat' dir='ltr'><strong><em>multa</em></strong></span> <span class='ocrx_word' id='word_1_246' title='bbox 1577 2962 1855 3018; x_wconf 89' lang='lat' dir='ltr'><strong><em>hominum</em></strong></span> 
     </span>
    </p>
   </div>
   <div class='ocr_carea' id='block_1_30' title="bbox 254 3046 1853 3119">
    <p class='ocr_par' dir='ltr' id='par_1_30' title="bbox 254 3046 1853 3119">
     <span class='ocr_line' id='line_1_30' title="bbox 254 3046 1853 3119; baseline 0.007 -18"><span class='ocrx_word' id='word_1_247' title='bbox 254 3046 469 3111; x_wconf 83' lang='lat' dir='ltr'><strong><em>millia,</em></strong></span> <span class='ocrx_word' id='word_1_248' title='bbox 528 3056 585 3103; x_wconf 93' lang='lat' dir='ltr'><strong><em>et</em></strong></span> <span class='ocrx_word' id='word_1_249' title='bbox 633 3047 954 3118; x_wconf 85' lang='lat' dir='ltr'><strong><em>simpliciter</em></strong></span> <span class='ocrx_word' id='word_1_250' title='bbox 1004 3048 1411 3119; x_wconf 84' lang='lat' dir='ltr'><strong><em>baptizarentur</em></strong></span> <span class='ocrx_word' id='word_1_251' title='bbox 1459 3068 1648 3110; x_wconf 90' lang='lat' dir='ltr'><strong><em>omnes</em></strong></span> <span class='ocrx_word' id='word_1_252' title='bbox 1718 3055 1853 3112; x_wconf 90' lang='lat' dir='ltr'><strong><em>nihil</em></strong></span> 
     </span>
    </p>
   </div>
   <div class='ocr_carea' id='block_1_31' title="bbox 253 3138 1858 3213">
    <p class='ocr_par' dir='ltr' id='par_1_31' title="bbox 253 3138 1858 3213">
     <span class='ocr_line' id='line_1_31' title="bbox 253 3138 1858 3213; baseline 0.006 -19"><span class='ocrx_word' id='word_1_253' title='bbox 253 3140 493 3195; x_wconf 75' lang='lat' dir='ltr'><strong><em>scientes</em></strong></span> <span class='ocrx_word' id='word_1_254' title='bbox 524 3156 539 3193; x_wconf 92' lang='lat'><strong>:</strong></span> <span class='ocrx_word' id='word_1_255' title='bbox 573 3138 672 3195; x_wconf 91' lang='lat' dir='ltr'><strong><em>hos</em></strong></span> <span class='ocrx_word' id='word_1_256' title='bbox 703 3139 795 3195; x_wconf 90' lang='lat' dir='ltr'><strong><em>ille</em></strong></span> <span class='ocrx_word' id='word_1_257' title='bbox 822 3140 1069 3211; x_wconf 83' lang='lat' dir='ltr'><strong><em>privatim</em></strong></span> <span class='ocrx_word' id='word_1_258' title='bbox 1100 3142 1371 3213; x_wconf 86' lang='lat' dir='ltr'><strong><em>accipiens</em></strong></span> <span class='ocrx_word' id='word_1_259' title='bbox 1419 3154 1472 3200; x_wconf 91' lang='lat' dir='ltr'><strong><em>et</em></strong></span> <span class='ocrx_word' id='word_1_260' title='bbox 1506 3157 1765 3202; x_wconf 89' lang='lat' dir='ltr'><strong><em>centenos</em></strong></span> <span class='ocrx_word' id='word_1_261' title='bbox 1802 3158 1858 3204; x_wconf 91' lang='lat' dir='ltr'><strong><em>et</em></strong></span> 
     </span>
    </p>
   </div>
   <div class='ocr_carea' id='block_1_32' title="bbox 252 3232 1859 3309">
    <p class='ocr_par' dir='ltr' id='par_1_32' title="bbox 252 3232 1859 3309">
     <span class='ocr_line' id='line_1_32' title="bbox 252 3232 1859 3309; baseline 0.005 -20"><span class='ocrx_word' id='word_1_262' title='bbox 252 3232 593 3289; x_wconf 87' lang='lat' dir='ltr'><strong><em>ducentenos</em></strong></span> <span class='ocrx_word' id='word_1_263' title='bbox 621 3233 995 3303; x_wconf 84' lang='lat' dir='ltr'><strong><em>alloquebatur</em></strong></span> <span class='ocrx_word' id='word_1_264' title='bbox 1017 3274 1032 3299; x_wconf 96' lang='lat'><strong><em>,</em></strong></span> <span class='ocrx_word' id='word_1_265' title='bbox 1062 3232 1129 3289; x_wconf 92' lang='lat' dir='ltr'><strong><em>de</em></strong></span> <span class='ocrx_word' id='word_1_266' title='bbox 1156 3235 1256 3288; x_wconf 88' lang='lat' dir='ltr'><strong><em>alia</em></strong></span> <span class='ocrx_word' id='word_1_267' title='bbox 1286 3237 1432 3291; x_wconf 89' lang='lat' dir='ltr'><strong><em>nulla</em></strong></span> <span class='ocrx_word' id='word_1_268' title='bbox 1460 3253 1519 3293; x_wconf 88' lang='lat' dir='ltr'><strong><em>re</em></strong></span> <span class='ocrx_word' id='word_1_269' title='bbox 1542 3278 1557 3302; x_wconf 94' lang='lat'><strong><em>,</em></strong></span> <span class='ocrx_word' id='word_1_270' title='bbox 1600 3254 1760 3309; x_wconf 89' lang='lat' dir='ltr'><strong><em>quam</em></strong></span> <span class='ocrx_word' id='word_1_271' title='bbox 1789 3239 1859 3297; x_wconf 90' lang='lat' dir='ltr'><strong><em>de</em></strong></span> 
     </span>
    </p>
   </div>
   <div class='ocr_carea' id='block_1_33' title="bbox 257 3324 1859 3397">
    <p class='ocr_par' dir='ltr' id='par_1_33' title="bbox 257 3324 1859 3397">
     <span class='ocr_line' id='line_1_33' title="bbox 257 3324 1859 3397; baseline 0.004 -17"><span class='ocrx_word' id='word_1_272' title='bbox 257 3325 537 3397; x_wconf 76' lang='lat' dir='ltr'><strong><em>mySteriis</em></strong></span> <span class='ocrx_word' id='word_1_273' title='bbox 568 3333 771 3377; x_wconf 87' lang='lat' dir='ltr'><strong><em>tantum</em></strong></span> <span class='ocrx_word' id='word_1_274' title='bbox 800 3324 1105 3393; x_wconf 84' lang='lat' dir='ltr'><strong><em>disserens,</em></strong></span> <span class='ocrx_word' id='word_1_275' title='bbox 1149 3326 1223 3381; x_wconf 87' lang='lat' dir='ltr'><strong><em>ita</em></strong></span> <span class='ocrx_word' id='word_1_276' title='bbox 1269 3337 1326 3382; x_wconf 93' lang='lat' dir='ltr'><strong><em>ut</em></strong></span> <span class='ocrx_word' id='word_1_277' title='bbox 1376 3344 1481 3383; x_wconf 91' lang='lat' dir='ltr'><strong><em>non</em></strong></span> <span class='ocrx_word' id='word_1_278' title='bbox 1535 3331 1859 3386; x_wconf 81' lang='lat' dir='ltr'><strong><em>concederet</em></strong></span> 
     </span>
    </p>
   </div>
   <div class='ocr_carea' id='block_1_34' title="bbox 256 3416 1913 3487">
    <p class='ocr_par' dir='ltr' id='par_1_34' title="bbox 256 3416 1913 3487">
     <span class='ocr_line' id='line_1_34' title="bbox 256 3416 1913 3487; baseline 0.004 -16"><span class='ocrx_word' id='word_1_279' title='bbox 256 3419 521 3472; x_wconf 83' lang='lat' dir='ltr'><strong><em>accedere</em></strong></span> <span class='ocrx_word' id='word_1_280' title='bbox 553 3432 659 3471; x_wconf 92' lang='lat' dir='ltr'><strong><em>non</em></strong></span> <span class='ocrx_word' id='word_1_281' title='bbox 687 3416 945 3471; x_wconf 85' lang='lat' dir='ltr'><strong><em>initiatos.</em></strong></span> <span class='ocrx_word' id='word_1_282' title='bbox 981 3417 1135 3473; x_wconf 89' lang='lat' dir='ltr'><strong><em>llunc</em></strong></span> <span class='ocrx_word' id='word_1_283' title='bbox 1159 3428 1413 3487; x_wconf 87' lang='lat' dir='ltr'><strong><em>putarunt</em></strong></span> <span class='ocrx_word' id='word_1_284' title='bbox 1440 3421 1591 3476; x_wconf 84' lang='lat' dir='ltr'><strong><em>multi</em></strong></span> <span class='ocrx_word' id='word_1_285' title='bbox 1618 3422 1870 3483; x_wconf 75' lang='lat' dir='ltr'><strong><em>ambien-,</em></strong></span> <span class='ocrx_word' id='word_1_286' title='bbox 1907 3442 1913 3449; x_wconf 62' lang='grc' dir='ltr'><em>ί</em></span> 
     </span>
    </p>
   </div>
   <div class='ocr_carea' id='block_1_35' title="bbox 258 3508 1855 3582">
    <p class='ocr_par' dir='ltr' id='par_1_35' title="bbox 258 3508 1855 3582">
     <span class='ocr_line' id='line_1_35' title="bbox 258 3508 1855 3582; baseline 0.003 -18"><span class='ocrx_word' id='word_1_287' title='bbox 258 3519 368 3564; x_wconf 80' lang='lat' dir='ltr'><strong><em>teni</em></strong></span> <span class='ocrx_word' id='word_1_288' title='bbox 404 3509 761 3578; x_wconf 81' lang='lat' dir='ltr'><strong><em>principatum</em></strong></span> <span class='ocrx_word' id='word_1_289' title='bbox 792 3508 1104 3564; x_wconf 69' lang='lat' dir='ltr'><strong><em>lioelacere.</em></strong></span> <span class='ocrx_word' id='word_1_290' title='bbox 1126 3511 1192 3563; x_wconf 85' lang='lat' dir='ltr'><strong><em>At</em></strong></span> <span class='ocrx_word' id='word_1_291' title='bbox 1217 3511 1305 3567; x_wconf 91' lang='lat' dir='ltr'><strong><em>ille</em></strong></span> <span class='ocrx_word' id='word_1_292' title='bbox 1331 3527 1519 3565; x_wconf 87' lang='lat' dir='ltr'><strong><em>eorum</em></strong></span> <span class='ocrx_word' id='word_1_293' title='bbox 1546 3512 1855 3582; x_wconf 82' lang='lat' dir='ltr'><strong><em>Opinionem</em></strong></span> 
     </span>
    </p>
   </div>
   <div class='ocr_carea' id='block_1_36' title="bbox 256 3599 1857 3675">
    <p class='ocr_par' dir='ltr' id='par_1_36' title="bbox 256 3599 1857 3675">
     <span class='ocr_line' id='line_1_36' title="bbox 256 3599 1857 3675; baseline 0.005 -20"><span class='ocrx_word' id='word_1_294' title='bbox 256 3599 409 3655; x_wconf 86' lang='lat' dir='ltr'><strong><em>nihili</em></strong></span> <span class='ocrx_word' id='word_1_295' title='bbox 430 3600 633 3655; x_wconf 77' lang='lat' dir='ltr'><strong><em>faciens</em></strong></span> <span class='ocrx_word' id='word_1_296' title='bbox 652 3616 758 3653; x_wconf 87' lang='lat' dir='ltr'><strong><em>non</em></strong></span> <span class='ocrx_word' id='word_1_297' title='bbox 783 3608 962 3655; x_wconf 89' lang='lat' dir='ltr'><strong><em>tamen</em></strong></span> <span class='ocrx_word' id='word_1_298' title='bbox 992 3603 1226 3670; x_wconf 82' lang='lat' dir='ltr'><strong><em>perrexit</em></strong></span> <span class='ocrx_word' id='word_1_299' title='bbox 1253 3602 1453 3657; x_wconf 90' lang='lat' dir='ltr'><strong><em>diutius</em></strong></span> <span class='ocrx_word' id='word_1_300' title='bbox 1481 3604 1531 3659; x_wconf 91' lang='lat' dir='ltr'><strong><em>id</em></strong></span> <span class='ocrx_word' id='word_1_301' title='bbox 1559 3620 1739 3675; x_wconf 87' lang='lat' dir='ltr'><strong><em>agere,</em></strong></span> <span class='ocrx_word' id='word_1_302' title='bbox 1761 3607 1857 3663; x_wconf 88' lang='lat' dir='ltr'><strong><em>sed</em></strong></span> 
     </span>
    </p>
   </div>
   <div class='ocr_carea' id='block_1_37' title="bbox 254 3690 1855 3761">
    <p class='ocr_par' dir='ltr' id='par_1_37' title="bbox 254 3690 1855 3761">
     <span class='ocr_line' id='line_1_37' title="bbox 254 3690 1855 3761; baseline 0.004 -15"><span class='ocrx_word' id='word_1_303' title='bbox 254 3693 491 3746; x_wconf 78' lang='lat' dir='ltr'><strong><em>cessavit</em></strong></span> <span class='ocrx_word' id='word_1_304' title='bbox 522 3691 725 3745; x_wconf 87' lang='lat' dir='ltr'><strong><em>statim.</em></strong></span> <span class='ocrx_word' id='word_1_305' title='bbox 752 3690 891 3757; x_wconf 91' lang='lat' dir='ltr'><strong><em>Quid</em></strong></span> <span class='ocrx_word' id='word_1_306' title='bbox 920 3692 1093 3761; x_wconf 91' lang='lat' dir='ltr'><strong><em>ergo?</em></strong></span> <span class='ocrx_word' id='word_1_307' title='bbox 1120 3709 1246 3747; x_wconf 89' lang='lat' dir='ltr'><strong><em>num</em></strong></span> <span class='ocrx_word' id='word_1_308' title='bbox 1276 3695 1367 3749; x_wconf 89' lang='lat' dir='ltr'><strong><em>ille</em></strong></span> <span class='ocrx_word' id='word_1_309' title='bbox 1397 3694 1705 3751; x_wconf 80' lang='lat' dir='ltr'><strong><em>oﬂ&#39;endieuli</em></strong></span> <span class='ocrx_word' id='word_1_310' title='bbox 1733 3714 1855 3753; x_wconf 88' lang='lat' dir='ltr'><strong><em>cau-</em></strong></span> 
     </span>
    </p>
   </div>
   <div class='ocr_carea' id='block_1_38' title="bbox 254 3782 1856 3853">
    <p class='ocr_par' dir='ltr' id='par_1_38' title="bbox 254 3782 1856 3853">
     <span class='ocr_line' id='line_1_38' title="bbox 254 3782 1856 3853; baseline 0.006 -16"><span class='ocrx_word' id='word_1_311' title='bbox 254 3799 313 3837; x_wconf 83' lang='lat' dir='ltr'><strong><em>sa</em></strong></span> <span class='ocrx_word' id='word_1_312' title='bbox 343 3784 483 3837; x_wconf 78' lang='lat' dir='ltr'><strong><em>fuit?</em></strong></span> <span class='ocrx_word' id='word_1_313' title='bbox 513 3782 627 3837; x_wconf 86' lang='lat' dir='ltr'><strong><em>Non</em></strong></span> <span class='ocrx_word' id='word_1_314' title='bbox 662 3793 791 3853; x_wconf 89' lang='lat' dir='ltr'><strong><em>puto</em></strong></span> <span class='ocrx_word' id='word_1_315' title='bbox 814 3796 980 3839; x_wconf 90' lang='lat' dir='ltr'><strong><em>certe.</em></strong></span> <span class='ocrx_word' id='word_1_316' title='bbox 1005 3784 1140 3839; x_wconf 85' lang='lat' dir='ltr'><strong><em>Nam</em></strong></span> <span class='ocrx_word' id='word_1_317' title='bbox 1171 3786 1216 3839; x_wconf 89' lang='lat' dir='ltr'><strong><em>si</em></strong></span> <span class='ocrx_word' id='word_1_318' title='bbox 1245 3788 1388 3842; x_wconf 88' lang='lat' dir='ltr'><strong><em>nulla</em></strong></span> <span class='ocrx_word' id='word_1_319' title='bbox 1415 3787 1483 3843; x_wconf 92' lang='lat' dir='ltr'><strong><em>de</em></strong></span> <span class='ocrx_word' id='word_1_320' title='bbox 1504 3804 1664 3845; x_wconf 89' lang='lat' dir='ltr'><strong><em>causa</em></strong></span> <span class='ocrx_word' id='word_1_321' title='bbox 1690 3790 1740 3844; x_wconf 93' lang='lat' dir='ltr'><strong><em>id</em></strong></span> <span class='ocrx_word' id='word_1_322' title='bbox 1777 3790 1856 3846; x_wconf 86' lang='lat' dir='ltr'><strong><em>fe-</em></strong></span> 
     </span>
    </p>
   </div>
   <div class='ocr_carea' id='block_1_39' title="bbox 251 3877 1854 3952">
    <p class='ocr_par' dir='ltr' id='par_1_39' title="bbox 251 3877 1854 3952">
     <span class='ocr_line' id='line_1_39' title="bbox 251 3877 1854 3952; baseline 0.007 -23"><span class='ocrx_word' id='word_1_323' title='bbox 251 3878 461 3944; x_wconf 75' lang='lat' dir='ltr'><strong><em>cisset,</em></strong></span> <span class='ocrx_word' id='word_1_324' title='bbox 508 3879 702 3930; x_wconf 87' lang='lat' dir='ltr'><strong><em>merito</em></strong></span> <span class='ocrx_word' id='word_1_325' title='bbox 733 3877 881 3931; x_wconf 84' lang='lat' dir='ltr'><strong><em>illum</em></strong></span> <span class='ocrx_word' id='word_1_326' title='bbox 903 3877 1409 3947; x_wconf 83' lang='lat' dir='ltr'><strong><em>reprehendissent,</em></strong></span> <span class='ocrx_word' id='word_1_327' title='bbox 1429 3878 1592 3952; x_wconf 86' lang='lat' dir='ltr'><strong><em>atque</em></strong></span> <span class='ocrx_word' id='word_1_328' title='bbox 1618 3885 1779 3939; x_wconf 88' lang='lat' dir='ltr'><strong><em>etiam</em></strong></span> <span class='ocrx_word' id='word_1_329' title='bbox 1811 3886 1854 3940; x_wconf 90' lang='lat' dir='ltr'><strong><em>si</em></strong></span> 
     </span>
    </p>
   </div>
   <div class='ocr_carea' id='block_1_40' title="bbox 256 3966 1857 4050">
    <p class='ocr_par' dir='ltr' id='par_1_40' title="bbox 256 3966 1857 4050">
     <span class='ocr_line' id='line_1_40' title="bbox 256 3966 1857 4050; baseline 0.009 -30"><span class='ocrx_word' id='word_1_330' title='bbox 256 3966 453 4022; x_wconf 85' lang='lat' dir='ltr'><strong><em>iterum</em></strong></span> <span class='ocrx_word' id='word_1_331' title='bbox 511 3968 855 4037; x_wconf 83' lang='lat' dir='ltr'><strong><em>perrexisset.</em></strong></span> <span class='ocrx_word' id='word_1_332' title='bbox 906 3969 1039 4025; x_wconf 86' lang='lat' dir='ltr'><strong><em>Nam</em></strong></span> <span class='ocrx_word' id='word_1_333' title='bbox 1072 3986 1193 4026; x_wconf 86' lang='lat' dir='ltr'><strong><em>cum</em></strong></span> <span class='ocrx_word' id='word_1_334' title='bbox 1227 3974 1583 4043; x_wconf 88' lang='lat' dir='ltr'><strong><em>prohibentur</em></strong></span> <span class='ocrx_word' id='word_1_335' title='bbox 1627 3993 1691 4033; x_wconf 89' lang='lat' dir='ltr'><strong><em>ea</em></strong></span> <span class='ocrx_word' id='word_1_336' title='bbox 1736 3994 1857 4050; x_wconf 73' lang='lat' dir='ltr'><strong><em>qua:</em></strong></span> 
     </span>
    </p>
   </div>
   <div class='ocr_carea' id='block_1_41' title="bbox 259 4058 1853 4140">
    <p class='ocr_par' dir='ltr' id='par_1_41' title="bbox 259 4058 1853 4140">
     <span class='ocr_line' id='line_1_41' title="bbox 259 4058 1853 4140; baseline 0.009 -29"><span class='ocrx_word' id='word_1_337' title='bbox 259 4058 371 4112; x_wconf 89' lang='lat' dir='ltr'><strong><em>Deo</em></strong></span> <span class='ocrx_word' id='word_1_338' title='bbox 422 4059 617 4127; x_wconf 86' lang='lat' dir='ltr'><strong><em>placita</em></strong></span> <span class='ocrx_word' id='word_1_339' title='bbox 666 4068 825 4123; x_wconf 90' lang='lat' dir='ltr'><strong><em>sunt,</em></strong></span> <span class='ocrx_word' id='word_1_340' title='bbox 884 4070 1102 4130; x_wconf 85' lang='lat' dir='ltr'><strong><em>propter</em></strong></span> <span class='ocrx_word' id='word_1_341' title='bbox 1149 4063 1377 4121; x_wconf 91' lang='lat' dir='ltr'><strong><em>aliorum</em></strong></span> <span class='ocrx_word' id='word_1_342' title='bbox 1423 4066 1806 4126; x_wconf 77' lang='lat' dir='ltr'><strong><em>ollendiculum</em></strong></span> <span class='ocrx_word' id='word_1_343' title='bbox 1837 4114 1853 4140; x_wconf 91' lang='lat'><strong><em>,</em></strong></span> 
     </span>
    </p>
   </div>
   <div class='ocr_carea' id='block_1_42' title="bbox 252 4150 1855 4227">
    <p class='ocr_par' dir='ltr' id='par_1_42' title="bbox 252 4150 1855 4227">
     <span class='ocr_line' id='line_1_42' title="bbox 252 4150 1855 4227; baseline 0.009 -23"><span class='ocrx_word' id='word_1_344' title='bbox 252 4150 709 4204; x_wconf 84' lang='lat' dir='ltr'><strong><em>contemnendum</em></strong></span> <span class='ocrx_word' id='word_1_345' title='bbox 762 4160 883 4205; x_wconf 87' lang='lat' dir='ltr'><strong><em>est:</em></strong></span> <span class='ocrx_word' id='word_1_346' title='bbox 929 4162 1055 4208; x_wconf 92' lang='lat' dir='ltr'><strong><em>tunc</em></strong></span> <span class='ocrx_word' id='word_1_347' title='bbox 1103 4166 1281 4210; x_wconf 90' lang='lat' dir='ltr'><strong><em>autem</em></strong></span> <span class='ocrx_word' id='word_1_348' title='bbox 1330 4159 1668 4227; x_wconf 88' lang='lat' dir='ltr'><strong><em>curandum,</em></strong></span> <span class='ocrx_word' id='word_1_349' title='bbox 1733 4177 1855 4219; x_wconf 91' lang='lat' dir='ltr'><strong><em>cum</em></strong></span> 
     </span>
    </p>
   </div>
   <div class='ocr_carea' id='block_1_43' title="bbox 253 4244 1851 4312">
    <p class='ocr_par' dir='ltr' id='par_1_43' title="bbox 253 4244 1851 4312">
     <span class='ocr_line' id='line_1_43' title="bbox 253 4244 1851 4312; baseline 0.011 -17"><span class='ocrx_word' id='word_1_350' title='bbox 253 4256 363 4295; x_wconf 81' lang='lat' dir='ltr'><strong><em>non</em></strong></span> <span class='ocrx_word' id='word_1_351' title='bbox 399 4244 643 4312; x_wconf 76' lang='lat' dir='ltr'><strong><em>cogimur</em></strong></span> <span class='ocrx_word' id='word_1_352' title='bbox 666 4253 890 4312; x_wconf 85' lang='lat' dir='ltr'><strong><em>propter</em></strong></span> <span class='ocrx_word' id='word_1_353' title='bbox 920 4245 1071 4300; x_wconf 89' lang='lat' dir='ltr'><strong><em>illum</em></strong></span> <span class='ocrx_word' id='word_1_354' title='bbox 1099 4247 1374 4306; x_wconf 80' lang='lat' dir='ltr'><strong><em>oﬂ‘endere</em></strong></span> <span class='ocrx_word' id='word_1_355' title='bbox 1405 4252 1595 4307; x_wconf 88' lang='lat' dir='ltr'><strong><em>Deum.</em></strong></span> <span class='ocrx_word' id='word_1_356' title='bbox 1636 4255 1851 4312; x_wconf 86' lang='lat' dir='ltr'><strong><em>Etenim</em></strong></span> 
     </span>
    </p>
   </div>
   <div class='ocr_carea' id='block_1_44' title="bbox 1218 339 2607 409">
    <p class='ocr_par' dir='ltr' id='par_1_44' title="bbox 1218 339 2607 409">
     <span class='ocr_line' id='line_1_44' title="bbox 1218 339 2607 409; baseline -0.01 1"><span class='ocrx_word' id='word_1_357' title='bbox 1218 352 1285 409; x_wconf 86' lang='lat' dir='ltr'><strong><em>IN</em></strong></span> <span class='ocrx_word' id='word_1_358' title='bbox 1325 349 1507 409; x_wconf 77' lang='lat' dir='ltr'><strong><em>ACTA</em></strong></span> <span class='ocrx_word' id='word_1_359' title='bbox 1549 345 2079 404; x_wconf 80' lang='lat' dir='ltr'><strong><em>APUSTOLORUM.</em></strong></span> <span class='ocrx_word' id='word_1_360' title='bbox 2125 343 2354 401; x_wconf 84' lang='lat' dir='ltr'><strong><em>HOMIL.</em></strong></span> <span class='ocrx_word' id='word_1_361' title='bbox 2400 339 2607 399; x_wconf 76' lang='lat' dir='ltr'><strong><em>XLVII.</em></strong></span> 
     </span>
    </p>
   </div>
   <div class='ocr_carea' id='block_1_45' title="bbox 3457 336 3565 394">
    <p class='ocr_par' dir='ltr' id='par_1_45' title="bbox 3457 336 3565 394">
     <span class='ocr_line' id='line_1_45' title="bbox 3457 336 3565 394; baseline -0.028 0"><span class='ocrx_word' id='word_1_362' title='bbox 3457 336 3565 394; x_wconf 76' lang='lat'><strong><em>526</em></strong></span> 
     </span>
    </p>
   </div>
   <div class='ocr_carea' id='block_1_46' title="bbox 1961 451 3572 527">
    <p class='ocr_par' dir='ltr' id='par_1_46' title="bbox 1961 451 3572 527">
     <span class='ocr_line' id='line_1_46' title="bbox 1961 451 3572 527; baseline -0.004 -13"><span class='ocrx_word' id='word_1_363' title='bbox 1961 458 2049 514; x_wconf 91' lang='lat' dir='ltr'><strong><em>die</em></strong></span> <span class='ocrx_word' id='word_1_364' title='bbox 2068 460 2302 527; x_wconf 55' lang='lat' dir='ltr'><strong><em>,‘uzeso</em></strong></span> <span class='ocrx_word' id='word_1_365' title='bbox 2317 497 2332 523; x_wconf 89' lang='lat'><strong><em>,</em></strong></span> <span class='ocrx_word' id='word_1_366' title='bbox 2362 455 2409 512; x_wconf 89' lang='lat' dir='ltr'><strong><em>si</em></strong></span> <span class='ocrx_word' id='word_1_367' title='bbox 2435 453 2591 511; x_wconf 86' lang='lat' dir='ltr'><strong><em>nobis</em></strong></span> <span class='ocrx_word' id='word_1_368' title='bbox 2616 451 3014 509; x_wconf 83' lang='lat' dir='ltr'><strong><em>disserentibus</em></strong></span> <span class='ocrx_word' id='word_1_369' title='bbox 3036 460 3092 509; x_wconf 91' lang='lat' dir='ltr'><strong><em>et</em></strong></span> <span class='ocrx_word' id='word_1_370' title='bbox 3118 452 3367 510; x_wconf 86' lang='lat' dir='ltr'><strong><em>ebriosos</em></strong></span> <span class='ocrx_word' id='word_1_371' title='bbox 3390 453 3572 509; x_wconf 87' lang='lat' dir='ltr'><strong><em>luces—</em></strong></span> 
     </span>
    </p>
   </div>
   <div class='ocr_carea' id='block_1_47' title="bbox 1954 546 3563 620">
    <p class='ocr_par' dir='ltr' id='par_1_47' title="bbox 1954 546 3563 620">
     <span class='ocr_line' id='line_1_47' title="bbox 1954 546 3563 620; baseline -0.003 -14"><span class='ocrx_word' id='word_1_372' title='bbox 1954 549 2199 606; x_wconf 87' lang='lat' dir='ltr'><strong><em>sentibus</em></strong></span> <span class='ocrx_word' id='word_1_373' title='bbox 2227 548 2445 620; x_wconf 88' lang='lat' dir='ltr'><strong><em>quidam</em></strong></span> <span class='ocrx_word' id='word_1_374' title='bbox 2473 546 2875 611; x_wconf 76' lang='lat' dir='ltr'><strong><em>ollenderetur,</em></strong></span> <span class='ocrx_word' id='word_1_375' title='bbox 2919 562 3047 603; x_wconf 91' lang='lat' dir='ltr'><strong><em>num</em></strong></span> <span class='ocrx_word' id='word_1_376' title='bbox 3075 561 3178 617; x_wconf 87' lang='lat' dir='ltr'><strong><em>ego</em></strong></span> <span class='ocrx_word' id='word_1_377' title='bbox 3223 548 3368 618; x_wconf 78' lang='lat' dir='ltr'><strong><em>loqui</em></strong></span> <span class='ocrx_word' id='word_1_378' title='bbox 3413 547 3563 603; x_wconf 77' lang='lat' dir='ltr'><strong><em>desi-</em></strong></span> 
     </span>
    </p>
   </div>
   <div class='ocr_carea' id='block_1_48' title="bbox 1958 638 3563 699">
    <p class='ocr_par' dir='ltr' id='par_1_48' title="bbox 1958 638 3563 699">
     <span class='ocr_line' id='line_1_48' title="bbox 1958 638 3563 699; baseline -0.003 -1"><span class='ocrx_word' id='word_1_379' title='bbox 1958 642 2185 699; x_wconf 86' lang='lat' dir='ltr'><strong><em>nerem?</em></strong></span> <span class='ocrx_word' id='word_1_380' title='bbox 2211 642 2350 699; x_wconf 76' lang='lat' dir='ltr'><strong><em>Audi</em></strong></span> <span class='ocrx_word' id='word_1_381' title='bbox 2379 642 2657 699; x_wconf 88' lang='lat' dir='ltr'><strong><em>Christum</em></strong></span> <span class='ocrx_word' id='word_1_382' title='bbox 2687 641 2958 696; x_wconf 87' lang='lat' dir='ltr'><strong><em>dicentem</em></strong></span> <span class='ocrx_word' id='word_1_383' title='bbox 2991 655 3006 696; x_wconf 90' lang='lat'><strong>:</strong></span> <span class='ocrx_word' id='word_1_384' title='bbox 3037 638 3185 694; x_wconf 85' lang='lat' dir='ltr'><strong><em>Num</em></strong></span> <span class='ocrx_word' id='word_1_385' title='bbox 3212 651 3259 694; x_wconf 89' lang='lat' dir='ltr'><strong><em>et</em></strong></span> <span class='ocrx_word' id='word_1_386' title='bbox 3285 657 3373 697; x_wconf 74' lang='lat' dir='ltr'><strong><em>vos</em></strong></span> <span class='ocrx_word' id='word_1_387' title='bbox 3406 641 3563 696; x_wconf 73' lang='lat' dir='ltr'><strong><em>sultis</em></strong></span> 
     </span>
    </p>
   </div>
   <div class='ocr_carea' id='block_1_49' title="bbox 1955 732 3565 807">
    <p class='ocr_par' dir='ltr' id='par_1_49' title="bbox 1955 732 3565 807">
     <span class='ocr_line' id='line_1_49' title="bbox 1955 732 3565 807; baseline -0.001 -16"><span class='ocrx_word' id='word_1_388' title='bbox 1955 737 2096 792; x_wconf 86' lang='lat' dir='ltr'><strong><em>abire</em></strong></span> <span class='ocrx_word' id='word_1_389' title='bbox 2120 734 2315 807; x_wconf 80' lang='lat' dir='ltr'><strong><em>(Joon.</em></strong></span> <span class='ocrx_word' id='word_1_390' title='bbox 2342 735 2398 792; x_wconf 85' lang='lat'><strong><em>6.</em></strong></span> <span class='ocrx_word' id='word_1_391' title='bbox 2429 734 2580 806; x_wconf 89' lang='lat'><strong><em>68)?</em></strong></span> <span class='ocrx_word' id='word_1_392' title='bbox 2619 732 2708 791; x_wconf 87' lang='lat' dir='ltr'><strong><em>Sic</em></strong></span> <span class='ocrx_word' id='word_1_393' title='bbox 2743 747 2842 789; x_wconf 90' lang='lat' dir='ltr'><strong><em>nec</em></strong></span> <span class='ocrx_word' id='word_1_394' title='bbox 2865 742 3217 790; x_wconf 87' lang='lat' dir='ltr'><strong><em>contemnere</em></strong></span> <span class='ocrx_word' id='word_1_395' title='bbox 3243 748 3345 789; x_wconf 81' lang='lat' dir='ltr'><strong><em>nec</em></strong></span> <span class='ocrx_word' id='word_1_396' title='bbox 3371 748 3565 791; x_wconf 87' lang='lat' dir='ltr'><strong><em>curare</em></strong></span> 
     </span>
    </p>
   </div>
   <div class='ocr_carea' id='block_1_50' title="bbox 1956 824 3569 899">
    <p class='ocr_par' dir='ltr' id='par_1_50' title="bbox 1956 824 3569 899">
     <span class='ocr_line' id='line_1_50' title="bbox 1956 824 3569 899; baseline -0.002 -15"><span class='ocrx_word' id='word_1_397' title='bbox 1956 829 2181 885; x_wconf 91' lang='lat' dir='ltr'><strong><em>nimium</em></strong></span> <span class='ocrx_word' id='word_1_398' title='bbox 2210 837 2427 899; x_wconf 89' lang='lat' dir='ltr'><strong><em>oportet</em></strong></span> <span class='ocrx_word' id='word_1_399' title='bbox 2452 828 2746 882; x_wconf 91' lang='lat' dir='ltr'><strong><em>multorum</em></strong></span> <span class='ocrx_word' id='word_1_400' title='bbox 2780 824 3169 881; x_wconf 79' lang='lat' dir='ltr'><strong><em>infirmitatem.</em></strong></span> <span class='ocrx_word' id='word_1_401' title='bbox 3201 829 3396 880; x_wconf 86' lang='lat' dir='ltr'><strong><em>Annon</em></strong></span> <span class='ocrx_word' id='word_1_402' title='bbox 3423 824 3569 881; x_wconf 63' lang='lat' dir='ltr'><strong><em>video</em></strong></span> 
     </span>
    </p>
   </div>
   <div class='ocr_carea' id='block_1_51' title="bbox 1957 916 3564 988">
    <p class='ocr_par' dir='ltr' id='par_1_51' title="bbox 1957 916 3564 988">
     <span class='ocr_line' id='line_1_51' title="bbox 1957 916 3564 988; baseline -0.003 -11"><span class='ocrx_word' id='word_1_403' title='bbox 1957 935 2079 977; x_wconf 88' lang='lat' dir='ltr'><strong><em>mus</em></strong></span> <span class='ocrx_word' id='word_1_404' title='bbox 2104 921 2265 977; x_wconf 83' lang='lat' dir='ltr'><strong><em>etiam</em></strong></span> <span class='ocrx_word' id='word_1_405' title='bbox 2295 919 2539 975; x_wconf 87' lang='lat' dir='ltr'><strong><em>medicos</em></strong></span> <span class='ocrx_word' id='word_1_406' title='bbox 2566 918 2672 973; x_wconf 89' lang='lat' dir='ltr'><strong><em>hoc</em></strong></span> <span class='ocrx_word' id='word_1_407' title='bbox 2696 916 2876 972; x_wconf 79' lang='lat' dir='ltr'><strong><em>facere</em></strong></span> <span class='ocrx_word' id='word_1_408' title='bbox 2897 958 2912 983; x_wconf 88' lang='lat'><strong><em>,</em></strong></span> <span class='ocrx_word' id='word_1_409' title='bbox 2942 926 2998 971; x_wconf 92' lang='lat' dir='ltr'><strong><em>et</em></strong></span> <span class='ocrx_word' id='word_1_410' title='bbox 3018 917 3235 988; x_wconf 87' lang='lat' dir='ltr'><strong><em>quando</em></strong></span> <span class='ocrx_word' id='word_1_411' title='bbox 3261 918 3390 973; x_wconf 90' lang='lat' dir='ltr'><strong><em>licet</em></strong></span> <span class='ocrx_word' id='word_1_412' title='bbox 3411 916 3564 972; x_wconf 87' lang='lat' dir='ltr'><strong><em>inlir-</em></strong></span> 
     </span>
    </p>
   </div>
   <div class='ocr_carea' id='block_1_52' title="bbox 1957 1010 3568 1087">
    <p class='ocr_par' dir='ltr' id='par_1_52' title="bbox 1957 1010 3568 1087">
     <span class='ocr_line' id='line_1_52' title="bbox 1957 1010 3568 1087; baseline -0.005 -16"><span class='ocrx_word' id='word_1_413' title='bbox 1957 1016 2061 1071; x_wconf 89' lang='lat' dir='ltr'><strong><em>mis</em></strong></span> <span class='ocrx_word' id='word_1_414' title='bbox 2083 1016 2352 1087; x_wconf 77' lang='lat' dir='ltr'><strong><em>gratiosos</em></strong></span> <span class='ocrx_word' id='word_1_415' title='bbox 2380 1028 2534 1081; x_wconf 86' lang='lat' dir='ltr'><strong><em>esse,</em></strong></span> <span class='ocrx_word' id='word_1_416' title='bbox 2562 1014 2782 1083; x_wconf 89' lang='lat' dir='ltr'><strong><em>quando</em></strong></span> <span class='ocrx_word' id='word_1_417' title='bbox 2806 1021 2987 1068; x_wconf 89' lang='lat' dir='ltr'><strong><em>autem</em></strong></span> <span class='ocrx_word' id='word_1_418' title='bbox 3032 1010 3204 1083; x_wconf 86' lang='lat' dir='ltr'><strong><em>gratia</em></strong></span> <span class='ocrx_word' id='word_1_419' title='bbox 3242 1010 3349 1066; x_wconf 88' lang='lat' dir='ltr'><strong><em>illis</em></strong></span> <span class='ocrx_word' id='word_1_420' title='bbox 3381 1011 3568 1082; x_wconf 88' lang='lat' dir='ltr'><strong><em>perni-</em></strong></span> 
     </span>
    </p>
   </div>
   <div class='ocr_carea' id='block_1_53' title="bbox 1956 1103 3566 1176">
    <p class='ocr_par' dir='ltr' id='par_1_53' title="bbox 1956 1103 3566 1176">
     <span class='ocr_line' id='line_1_53' title="bbox 1956 1103 3566 1176; baseline -0.003 -12"><span class='ocrx_word' id='word_1_421' title='bbox 1956 1110 2104 1165; x_wconf 88' lang='lat' dir='ltr'><strong><em>ciosa</em></strong></span> <span class='ocrx_word' id='word_1_422' title='bbox 2134 1118 2298 1173; x_wconf 89' lang='lat' dir='ltr'><strong><em>esset,</em></strong></span> <span class='ocrx_word' id='word_1_423' title='bbox 2335 1123 2443 1163; x_wconf 92' lang='lat' dir='ltr'><strong><em>non</em></strong></span> <span class='ocrx_word' id='word_1_424' title='bbox 2471 1106 2611 1163; x_wconf 89' lang='lat' dir='ltr'><strong><em>ultra</em></strong></span> <span class='ocrx_word' id='word_1_425' title='bbox 2647 1106 2752 1161; x_wconf 90' lang='lat' dir='ltr'><strong><em>illis</em></strong></span> <span class='ocrx_word' id='word_1_426' title='bbox 2783 1105 3052 1176; x_wconf 77' lang='lat' dir='ltr'><strong><em>parcere?</em></strong></span> <span class='ocrx_word' id='word_1_427' title='bbox 3089 1104 3297 1175; x_wconf 85' lang='lat' dir='ltr'><strong><em>Ubique</em></strong></span> <span class='ocrx_word' id='word_1_428' title='bbox 3342 1103 3566 1159; x_wconf 87' lang='lat' dir='ltr'><strong><em>modum</em></strong></span> 
     </span>
    </p>
   </div>
   <div class='ocr_carea' id='block_1_54' title="bbox 1957 1200 2535 1257">
    <p class='ocr_par' dir='ltr' id='par_1_54' title="bbox 1957 1200 2535 1257">
     <span class='ocr_line' id='line_1_54' title="bbox 1957 1200 2535 1257; baseline -0.005 -1"><span class='ocrx_word' id='word_1_429' title='bbox 1957 1215 2177 1257; x_wconf 88' lang='lat' dir='ltr'><strong><em>servare</em></strong></span> <span class='ocrx_word' id='word_1_430' title='bbox 2201 1200 2401 1255; x_wconf 91' lang='lat' dir='ltr'><strong><em>bonum</em></strong></span> <span class='ocrx_word' id='word_1_431' title='bbox 2430 1209 2535 1255; x_wconf 91' lang='lat' dir='ltr'><strong><em>est.</em></strong></span> 
     </span>
    </p>
   </div>
   <div class='ocr_carea' id='block_1_55' title="bbox 2034 1287 3565 1364">
    <p class='ocr_par' dir='ltr' id='par_1_55' title="bbox 2034 1287 3565 1364">
     <span class='ocr_line' id='line_1_55' title="bbox 2034 1287 3565 1364; baseline -0.004 -17"><span class='ocrx_word' id='word_1_432' title='bbox 2034 1292 2270 1347; x_wconf 78' lang='lat' dir='ltr'><strong><em>Historia</em></strong></span> <span class='ocrx_word' id='word_1_433' title='bbox 2322 1291 2533 1364; x_wconf 78' lang='lat' dir='ltr'><strong><em>uirginis</em></strong></span> <span class='ocrx_word' id='word_1_434' title='bbox 2571 1290 2864 1354; x_wconf 76' lang='lat' dir='ltr'><strong><em>cuiusdam.</em></strong></span> <span class='ocrx_word' id='word_1_435' title='bbox 2896 1318 2970 1329; x_wconf 89' lang='lat'><strong><em>-—</em></strong></span> <span class='ocrx_word' id='word_1_436' title='bbox 2995 1287 3143 1345; x_wconf 70' lang='lat' dir='ltr'><strong><em>Multi</em></strong></span> <span class='ocrx_word' id='word_1_437' title='bbox 3202 1288 3393 1358; x_wconf 70' lang='lat' dir='ltr'><strong><em>puella:</em></strong></span> <span class='ocrx_word' id='word_1_438' title='bbox 3437 1288 3565 1343; x_wconf 90' lang='lat' dir='ltr'><strong><em>vir-</em></strong></span> 
     </span>
    </p>
   </div>
   <div class='ocr_carea' id='block_1_56' title="bbox 1958 1382 3559 1460">
    <p class='ocr_par' dir='ltr' id='par_1_56' title="bbox 1958 1382 3559 1460">
     <span class='ocr_line' id='line_1_56' title="bbox 1958 1382 3559 1460; baseline -0.003 -19"><span class='ocrx_word' id='word_1_439' title='bbox 1958 1388 2069 1460; x_wconf 89' lang='lat' dir='ltr'><strong><em>gini</em></strong></span> <span class='ocrx_word' id='word_1_440' title='bbox 2132 1385 2385 1443; x_wconf 65' lang='lat' dir='ltr'><strong><em>formosas</em></strong></span> <span class='ocrx_word' id='word_1_441' title='bbox 2437 1385 2877 1441; x_wconf 84' lang='lat' dir='ltr'><strong><em>conviciabautur</em></strong></span> <span class='ocrx_word' id='word_1_442' title='bbox 2928 1384 2999 1440; x_wconf 93' lang='lat' dir='ltr'><strong><em>ob</em></strong></span> <span class='ocrx_word' id='word_1_443' title='bbox 3049 1383 3406 1447; x_wconf 73' lang='lat' dir='ltr'><strong><em>catcehesin;</em></strong></span> <span class='ocrx_word' id='word_1_444' title='bbox 3459 1382 3559 1437; x_wconf 87' lang='lat' dir='ltr'><strong><em>ad-</em></strong></span> 
     </span>
    </p>
   </div>
   <div class='ocr_carea' id='block_1_57' title="bbox 1962 1476 3569 1549">
    <p class='ocr_par' dir='ltr' id='par_1_57' title="bbox 1962 1476 3569 1549">
     <span class='ocr_line' id='line_1_57' title="bbox 1962 1476 3569 1549; baseline -0.002 -14"><span class='ocrx_word' id='word_1_445' title='bbox 1962 1481 2277 1537; x_wconf 87' lang='lat' dir='ltr'><strong><em>oriebantur</em></strong></span> <span class='ocrx_word' id='word_1_446' title='bbox 2305 1480 2450 1535; x_wconf 89' lang='lat' dir='ltr'><strong><em>illam</em></strong></span> <span class='ocrx_word' id='word_1_447' title='bbox 2498 1478 2767 1549; x_wconf 88' lang='lat' dir='ltr'><strong><em>simulque</em></strong></span> <span class='ocrx_word' id='word_1_448' title='bbox 2814 1493 2930 1545; x_wconf 89' lang='lat' dir='ltr'><strong><em>eos,</em></strong></span> <span class='ocrx_word' id='word_1_449' title='bbox 2960 1476 3051 1549; x_wconf 88' lang='lat' dir='ltr'><strong><em>qui</em></strong></span> <span class='ocrx_word' id='word_1_450' title='bbox 3098 1476 3268 1547; x_wconf 86' lang='lat' dir='ltr'><strong><em>ipsam</em></strong></span> <span class='ocrx_word' id='word_1_451' title='bbox 3321 1476 3569 1531; x_wconf 87' lang='lat' dir='ltr'><strong><em>institue-</em></strong></span> 
     </span>
    </p>
   </div>
   <div class='ocr_carea' id='block_1_58' title="bbox 1963 1569 3566 1643">
    <p class='ocr_par' dir='ltr' id='par_1_58' title="bbox 1963 1569 3566 1643">
     <span class='ocr_line' id='line_1_58' title="bbox 1963 1569 3566 1643; baseline -0.005 -14"><span class='ocrx_word' id='word_1_452' title='bbox 1963 1573 2111 1629; x_wconf 87' lang='lat' dir='ltr'><strong><em>bant.</em></strong></span> <span class='ocrx_word' id='word_1_453' title='bbox 2134 1573 2273 1642; x_wconf 86' lang='lat' dir='ltr'><strong><em>Quid</em></strong></span> <span class='ocrx_word' id='word_1_454' title='bbox 2293 1572 2461 1643; x_wconf 82' lang='lat' dir='ltr'><strong><em>ergo?</em></strong></span> <span class='ocrx_word' id='word_1_455' title='bbox 2505 1587 2634 1627; x_wconf 91' lang='lat' dir='ltr'><strong><em>num</em></strong></span> <span class='ocrx_word' id='word_1_456' title='bbox 2668 1570 2793 1627; x_wconf 88' lang='lat' dir='ltr'><strong><em>ideo</em></strong></span> <span class='ocrx_word' id='word_1_457' title='bbox 2828 1570 2949 1626; x_wconf 87' lang='lat' dir='ltr'><strong><em>illos</em></strong></span> <span class='ocrx_word' id='word_1_458' title='bbox 2994 1569 3290 1625; x_wconf 88' lang='lat' dir='ltr'><strong><em>abscedere</em></strong></span> <span class='ocrx_word' id='word_1_459' title='bbox 3343 1577 3566 1639; x_wconf 69' lang='lat' dir='ltr'><strong><em>oporte-</em></strong></span> 
     </span>
    </p>
   </div>
   <div class='ocr_carea' id='block_1_59' title="bbox 1962 1661 3566 1732">
    <p class='ocr_par' dir='ltr' id='par_1_59' title="bbox 1962 1661 3566 1732">
     <span class='ocr_line' id='line_1_59' title="bbox 1962 1661 3566 1732; baseline -0.004 -13"><span class='ocrx_word' id='word_1_460' title='bbox 1962 1664 2093 1720; x_wconf 85' lang='lat' dir='ltr'><strong><em>bat?</em></strong></span> <span class='ocrx_word' id='word_1_461' title='bbox 2136 1663 2397 1719; x_wconf 83' lang='lat' dir='ltr'><strong><em>Minime:</em></strong></span> <span class='ocrx_word' id='word_1_462' title='bbox 2433 1662 2568 1717; x_wconf 88' lang='lat' dir='ltr'><strong><em>nihil</em></strong></span> <span class='ocrx_word' id='word_1_463' title='bbox 2616 1663 2761 1717; x_wconf 86' lang='lat' dir='ltr'><strong><em>enim</em></strong></span> <span class='ocrx_word' id='word_1_464' title='bbox 2812 1661 3048 1732; x_wconf 75' lang='lat' dir='ltr'><strong><em>agebant</em></strong></span> <span class='ocrx_word' id='word_1_465' title='bbox 3083 1662 3438 1727; x_wconf 90' lang='lat' dir='ltr'><strong><em>contrarium,</em></strong></span> <span class='ocrx_word' id='word_1_466' title='bbox 3471 1662 3566 1717; x_wconf 89' lang='lat' dir='ltr'><strong><em>sed</em></strong></span> 
     </span>
    </p>
   </div>
   <div class='ocr_carea' id='block_1_60' title="bbox 1962 1752 3569 1827">
    <p class='ocr_par' dir='ltr' id='par_1_60' title="bbox 1962 1752 3569 1827">
     <span class='ocr_line' id='line_1_60' title="bbox 1962 1752 3569 1827; baseline -0.002 -16"><span class='ocrx_word' id='word_1_467' title='bbox 1962 1772 2077 1812; x_wconf 92' lang='lat' dir='ltr'><strong><em>rem</em></strong></span> <span class='ocrx_word' id='word_1_468' title='bbox 2124 1756 2281 1812; x_wconf 81' lang='lat' dir='ltr'><strong><em>valde</em></strong></span> <span class='ocrx_word' id='word_1_469' title='bbox 2330 1764 2540 1827; x_wconf 84' lang='lat' dir='ltr'><strong><em>gratam</em></strong></span> <span class='ocrx_word' id='word_1_470' title='bbox 2585 1755 2715 1810; x_wconf 90' lang='lat' dir='ltr'><strong><em>Deo.</em></strong></span> <span class='ocrx_word' id='word_1_471' title='bbox 2767 1752 2846 1810; x_wconf 85' lang='lat' dir='ltr'><strong><em>Ne</em></strong></span> <span class='ocrx_word' id='word_1_472' title='bbox 2888 1754 3066 1824; x_wconf 85' lang='lat' dir='ltr'><strong><em>itaque</em></strong></span> <span class='ocrx_word' id='word_1_473' title='bbox 3111 1753 3472 1817; x_wconf 88' lang='lat' dir='ltr'><strong><em>attendamus,</em></strong></span> <span class='ocrx_word' id='word_1_474' title='bbox 3524 1754 3569 1808; x_wconf 75' lang='lat' dir='ltr'><strong><em>si</em></strong></span> 
     </span>
    </p>
   </div>
   <div class='ocr_carea' id='block_1_61' title="bbox 1960 1846 3568 1919">
    <p class='ocr_par' dir='ltr' id='par_1_61' title="bbox 1960 1846 3568 1919">
     <span class='ocr_line' id='line_1_61' title="bbox 1960 1846 3568 1919; baseline 0 -18"><span class='ocrx_word' id='word_1_475' title='bbox 1960 1848 2179 1919; x_wconf 89' lang='lat' dir='ltr'><strong><em>quidam</em></strong></span> <span class='ocrx_word' id='word_1_476' title='bbox 2202 1847 2567 1913; x_wconf 83' lang='lat' dir='ltr'><strong><em>oil&#39;endautur,</em></strong></span> <span class='ocrx_word' id='word_1_477' title='bbox 2596 1846 2692 1904; x_wconf 88' lang='lat' dir='ltr'><strong><em>sed</em></strong></span> <span class='ocrx_word' id='word_1_478' title='bbox 2708 1847 2751 1902; x_wconf 90' lang='lat' dir='ltr'><strong><em>si</em></strong></span> <span class='ocrx_word' id='word_1_479' title='bbox 2768 1846 2937 1915; x_wconf 88' lang='lat' dir='ltr'><strong><em>juste,</em></strong></span> <span class='ocrx_word' id='word_1_480' title='bbox 2958 1856 3011 1903; x_wconf 89' lang='lat' dir='ltr'><strong><em>et</em></strong></span> <span class='ocrx_word' id='word_1_481' title='bbox 3032 1847 3075 1901; x_wconf 91' lang='lat' dir='ltr'><strong><em>si</em></strong></span> <span class='ocrx_word' id='word_1_482' title='bbox 3100 1863 3206 1903; x_wconf 92' lang='lat' dir='ltr'><strong><em>non</em></strong></span> <span class='ocrx_word' id='word_1_483' title='bbox 3224 1847 3290 1903; x_wconf 84' lang='lat' dir='ltr'><strong><em>ad</em></strong></span> <span class='ocrx_word' id='word_1_484' title='bbox 3312 1847 3568 1903; x_wconf 86' lang='lat' dir='ltr'><strong><em>damnum</em></strong></span> 
     </span>
    </p>
   </div>
   <div class='ocr_carea' id='block_1_62' title="bbox 1962 1937 3571 2011">
    <p class='ocr_par' dir='ltr' id='par_1_62' title="bbox 1962 1937 3571 2011">
     <span class='ocr_line' id='line_1_62' title="bbox 1962 1937 3571 2011; baseline -0.002 -16"><span class='ocrx_word' id='word_1_485' title='bbox 1962 1949 2226 1997; x_wconf 87' lang='lat' dir='ltr'><strong><em>nostrum.</em></strong></span> <span class='ocrx_word' id='word_1_486' title='bbox 2260 1938 2321 1995; x_wconf 88' lang='lat' dir='ltr'><strong><em>Si</em></strong></span> <span class='ocrx_word' id='word_1_487' title='bbox 2347 1939 2509 2005; x_wconf 81' lang='lat' dir='ltr'><strong><em>cibus,</em></strong></span> <span class='ocrx_word' id='word_1_488' title='bbox 2541 1940 2734 2011; x_wconf 87' lang='lat' dir='ltr'><strong><em>inquit,</em></strong></span> <span class='ocrx_word' id='word_1_489' title='bbox 2766 1937 2980 2006; x_wconf 76' lang='lat' dir='ltr'><strong><em>o/fendit</em></strong></span> <span class='ocrx_word' id='word_1_490' title='bbox 3001 1942 3214 2010; x_wconf 82' lang='lat' dir='ltr'><strong><em>fratrem</em></strong></span> <span class='ocrx_word' id='word_1_491' title='bbox 3248 1956 3435 2003; x_wconf 88' lang='lat' dir='ltr'><strong><em>meum,</em></strong></span> <span class='ocrx_word' id='word_1_492' title='bbox 3468 1956 3571 1993; x_wconf 90' lang='lat' dir='ltr'><strong><em>non</em></strong></span> 
     </span>
    </p>
   </div>
   <div class='ocr_carea' id='block_1_63' title="bbox 1959 2028 3568 2103">
    <p class='ocr_par' dir='ltr' id='par_1_63' title="bbox 1959 2028 3568 2103">
     <span class='ocr_line' id='line_1_63' title="bbox 1959 2028 3568 2103; baseline -0.001 -16"><span class='ocrx_word' id='word_1_493' title='bbox 1959 2032 2223 2087; x_wconf 84' lang='lat' dir='ltr'><strong><em>comedam</em></strong></span> <span class='ocrx_word' id='word_1_494' title='bbox 2263 2048 2443 2086; x_wconf 84' lang='lat' dir='ltr'><strong><em>carnes</em></strong></span> <span class='ocrx_word' id='word_1_495' title='bbox 2499 2030 2553 2085; x_wconf 88' lang='lat' dir='ltr'><strong><em>in</em></strong></span> <span class='ocrx_word' id='word_1_496' title='bbox 2604 2040 2852 2086; x_wconf 77' lang='lat' dir='ltr'><strong><em>teternam</em></strong></span> <span class='ocrx_word' id='word_1_497' title='bbox 2878 2031 2967 2103; x_wconf 88' lang='grc'>(1.</span> <span class='ocrx_word' id='word_1_498' title='bbox 3002 2030 3123 2085; x_wconf 88' lang='lat' dir='ltr'><strong><em>Cor.</em></strong></span> <span class='ocrx_word' id='word_1_499' title='bbox 3154 2028 3210 2086; x_wconf 87' lang='lat'><strong><em>8.</em></strong></span> <span class='ocrx_word' id='word_1_500' title='bbox 3242 2031 3312 2087; x_wconf 82' lang='grc'>15</span> <span class='ocrx_word' id='word_1_501' title='bbox 3332 2032 3375 2103; x_wconf 91' lang='grc'>).</span> <span class='ocrx_word' id='word_1_502' title='bbox 3407 2031 3568 2097; x_wconf 76' lang='lat' dir='ltr'><strong><em>lure;</em></strong></span> 
     </span>
    </p>
   </div>
   <div class='ocr_carea' id='block_1_64' title="bbox 1960 2124 3565 2182">
    <p class='ocr_par' dir='ltr' id='par_1_64' title="bbox 1960 2124 3565 2182">
     <span class='ocr_line' id='line_1_64' title="bbox 1960 2124 3565 2182; baseline -0.002 -1"><span class='ocrx_word' id='word_1_503' title='bbox 1960 2126 2096 2182; x_wconf 85' lang='lat' dir='ltr'><strong><em>nihil</em></strong></span> <span class='ocrx_word' id='word_1_504' title='bbox 2120 2126 2266 2181; x_wconf 88' lang='lat' dir='ltr'><strong><em>enim</em></strong></span> <span class='ocrx_word' id='word_1_505' title='bbox 2296 2125 2532 2182; x_wconf 86' lang='lat' dir='ltr'><strong><em>nocebat</em></strong></span> <span class='ocrx_word' id='word_1_506' title='bbox 2562 2140 2671 2181; x_wconf 93' lang='lat' dir='ltr'><strong><em>non</em></strong></span> <span class='ocrx_word' id='word_1_507' title='bbox 2692 2124 2982 2181; x_wconf 88' lang='lat' dir='ltr'><strong><em>comedere</em></strong></span> <span class='ocrx_word' id='word_1_508' title='bbox 3008 2146 3020 2181; x_wconf 92' lang='lat'>:</span> <span class='ocrx_word' id='word_1_509' title='bbox 3050 2125 3095 2180; x_wconf 91' lang='lat' dir='ltr'><strong><em>si</em></strong></span> <span class='ocrx_word' id='word_1_510' title='bbox 3118 2140 3249 2182; x_wconf 86' lang='lat' dir='ltr'><strong><em>vero</em></strong></span> <span class='ocrx_word' id='word_1_511' title='bbox 3269 2124 3565 2180; x_wconf 76' lang='lat' dir='ltr'><strong><em>oﬂendatut</em></strong></span> 
     </span>
    </p>
   </div>
   <div class='ocr_carea' id='block_1_65' title="bbox 1961 2215 3567 2290">
    <p class='ocr_par' dir='ltr' id='par_1_65' title="bbox 1961 2215 3567 2290">
     <span class='ocr_line' id='line_1_65' title="bbox 1961 2215 3567 2290; baseline -0.001 -19"><span class='ocrx_word' id='word_1_512' title='bbox 1961 2218 2073 2285; x_wconf 85' lang='lat' dir='ltr'><strong><em>ille,</em></strong></span> <span class='ocrx_word' id='word_1_513' title='bbox 2100 2217 2244 2290; x_wconf 88' lang='lat' dir='ltr'><strong><em>quod</em></strong></span> <span class='ocrx_word' id='word_1_514' title='bbox 2274 2217 2591 2274; x_wconf 88' lang='lat' dir='ltr'><strong><em>renuntiare</em></strong></span> <span class='ocrx_word' id='word_1_515' title='bbox 2638 2216 2827 2285; x_wconf 89' lang='lat' dir='ltr'><strong><em>velim,</em></strong></span> <span class='ocrx_word' id='word_1_516' title='bbox 2862 2232 2969 2271; x_wconf 90' lang='lat' dir='ltr'><strong><em>non</em></strong></span> <span class='ocrx_word' id='word_1_517' title='bbox 2993 2216 3104 2286; x_wconf 86' lang='lat' dir='ltr'><strong><em>jam</em></strong></span> <span class='ocrx_word' id='word_1_518' title='bbox 3148 2217 3468 2273; x_wconf 90' lang='lat' dir='ltr'><strong><em>curandum.</em></strong></span> <span class='ocrx_word' id='word_1_519' title='bbox 3504 2215 3567 2271; x_wconf 87' lang='lat' dir='ltr'><strong><em>Et</em></strong></span> 
     </span>
    </p>
   </div>
   <div class='ocr_carea' id='block_1_66' title="bbox 1962 2315 3566 2390">
    <p class='ocr_par' dir='ltr' id='par_1_66' title="bbox 1962 2315 3566 2390">
     <span class='ocr_line' id='line_1_66' title="bbox 1962 2315 3566 2390; baseline -0.002 -17"><span class='ocrx_word' id='word_1_520' title='bbox 1962 2334 2287 2390; x_wconf 88' lang='lat' dir='ltr'><strong><em>quemnam,</em></strong></span> <span class='ocrx_word' id='word_1_521' title='bbox 2345 2318 2597 2388; x_wconf 89' lang='lat' dir='ltr'><strong><em>inquies,</em></strong></span> <span class='ocrx_word' id='word_1_522' title='bbox 2654 2316 2708 2372; x_wconf 91' lang='lat' dir='ltr'><strong><em>id</em></strong></span> <span class='ocrx_word' id='word_1_523' title='bbox 2763 2315 3028 2372; x_wconf 76' lang='lat' dir='ltr'><strong><em>ollendit?</em></strong></span> <span class='ocrx_word' id='word_1_524' title='bbox 3074 2316 3390 2385; x_wconf 78' lang='lat' dir='ltr'><strong><em>Multos,ut</em></strong></span> <span class='ocrx_word' id='word_1_525' title='bbox 3434 2318 3566 2373; x_wconf 90' lang='lat' dir='ltr'><strong><em>scio.</em></strong></span> 
     </span>
    </p>
   </div>
   <div class='ocr_carea' id='block_1_67' title="bbox 1963 2409 3575 2479">
    <p class='ocr_par' dir='ltr' id='par_1_67' title="bbox 1963 2409 3575 2479">
     <span class='ocr_line' id='line_1_67' title="bbox 1963 2409 3575 2479; baseline 0.002 -17"><span class='ocrx_word' id='word_1_526' title='bbox 1963 2410 2191 2479; x_wconf 85' lang='lat' dir='ltr'><strong><em>Quando</em></strong></span> <span class='ocrx_word' id='word_1_527' title='bbox 2221 2411 2385 2479; x_wconf 86' lang='lat' dir='ltr'><strong><em>igitur</em></strong></span> <span class='ocrx_word' id='word_1_528' title='bbox 2425 2409 2739 2465; x_wconf 78' lang='lat' dir='ltr'><strong><em>indiﬂ&#39;erens</em></strong></span> <span class='ocrx_word' id='word_1_529' title='bbox 2790 2419 2896 2476; x_wconf 89' lang='lat' dir='ltr'><strong><em>est,</em></strong></span> <span class='ocrx_word' id='word_1_530' title='bbox 2942 2410 3299 2467; x_wconf 81' lang='lat' dir='ltr'><strong><em>abstineatur.</em></strong></span> <span class='ocrx_word' id='word_1_531' title='bbox 3348 2409 3481 2465; x_wconf 85' lang='lat' dir='ltr'><strong><em>Nam</em></strong></span> <span class='ocrx_word' id='word_1_532' title='bbox 3526 2409 3575 2465; x_wconf 60' lang='lat' dir='ltr'><strong><em>ei</em></strong></span> 
     </span>
    </p>
   </div>
   <div class='ocr_carea' id='block_1_68' title="bbox 1964 2498 3575 2570">
    <p class='ocr_par' dir='ltr' id='par_1_68' title="bbox 1964 2498 3575 2570">
     <span class='ocr_line' id='line_1_68' title="bbox 1964 2498 3575 2570; baseline 0 -16"><span class='ocrx_word' id='word_1_533' title='bbox 1964 2502 2211 2556; x_wconf 85' lang='lat' dir='ltr'><strong><em>volumus</em></strong></span> <span class='ocrx_word' id='word_1_534' title='bbox 2259 2500 2327 2555; x_wconf 90' lang='lat' dir='ltr'><strong><em>ad</em></strong></span> <span class='ocrx_word' id='word_1_535' title='bbox 2381 2498 2487 2555; x_wconf 86' lang='lat' dir='ltr'><strong><em>hoc</em></strong></span> <span class='ocrx_word' id='word_1_536' title='bbox 2540 2516 2707 2555; x_wconf 90' lang='lat' dir='ltr'><strong><em>unum</em></strong></span> <span class='ocrx_word' id='word_1_537' title='bbox 2761 2509 3046 2570; x_wconf 88' lang='lat' dir='ltr'><strong><em>spectare,</em></strong></span> <span class='ocrx_word' id='word_1_538' title='bbox 3093 2515 3125 2555; x_wconf 91' lang='lat' dir='ltr'><strong><em>a</em></strong></span> <span class='ocrx_word' id='word_1_539' title='bbox 3178 2500 3362 2556; x_wconf 91' lang='lat' dir='ltr'><strong><em>multis</em></strong></span> <span class='ocrx_word' id='word_1_540' title='bbox 3391 2500 3575 2556; x_wconf 82' lang='lat' dir='ltr'><strong><em>absti-</em></strong></span> 
     </span>
    </p>
   </div>
   <div class='ocr_carea' id='block_1_69' title="bbox 1962 2593 3572 2660">
    <p class='ocr_par' dir='ltr' id='par_1_69' title="bbox 1962 2593 3572 2660">
     <span class='ocr_line' id='line_1_69' title="bbox 1962 2593 3572 2660; baseline -0.001 -11"><span class='ocrx_word' id='word_1_541' title='bbox 1962 2593 2198 2649; x_wconf 92' lang='lat' dir='ltr'><strong><em>nendum</em></strong></span> <span class='ocrx_word' id='word_1_542' title='bbox 2254 2594 2360 2650; x_wconf 87' lang='lat' dir='ltr'><strong><em>erit</em></strong></span> <span class='ocrx_word' id='word_1_543' title='bbox 2407 2611 2420 2648; x_wconf 90' lang='lat'><strong>:</strong></span> <span class='ocrx_word' id='word_1_544' title='bbox 2471 2594 2611 2649; x_wconf 89' lang='lat' dir='ltr'><strong><em>sicut</em></strong></span> <span class='ocrx_word' id='word_1_545' title='bbox 2661 2608 2693 2649; x_wconf 91' lang='lat' dir='ltr'><strong><em>e</em></strong></span> <span class='ocrx_word' id='word_1_546' title='bbox 2745 2593 2963 2649; x_wconf 84' lang='lat' dir='ltr'><strong><em>diverso</em></strong></span> <span class='ocrx_word' id='word_1_547' title='bbox 3026 2596 3072 2649; x_wconf 90' lang='lat' dir='ltr'><strong><em>si</em></strong></span> <span class='ocrx_word' id='word_1_548' title='bbox 3140 2604 3572 2660; x_wconf 86' lang='lat' dir='ltr'><strong><em>contemnamus,</em></strong></span> 
     </span>
    </p>
   </div>
   <div class='ocr_carea' id='block_1_70' title="bbox 1963 2685 3570 2757">
    <p class='ocr_par' dir='ltr' id='par_1_70' title="bbox 1963 2685 3570 2757">
     <span class='ocr_line' id='line_1_70' title="bbox 1963 2685 3570 2757; baseline -0.002 -16"><span class='ocrx_word' id='word_1_549' title='bbox 1963 2686 2117 2741; x_wconf 90' lang='lat' dir='ltr'><strong><em>multi</em></strong></span> <span class='ocrx_word' id='word_1_550' title='bbox 2141 2686 2410 2757; x_wconf 89' lang='lat' dir='ltr'><strong><em>peribunt.</em></strong></span> <span class='ocrx_word' id='word_1_551' title='bbox 2436 2685 2569 2741; x_wconf 84' lang='lat' dir='ltr'><strong><em>Nam</em></strong></span> <span class='ocrx_word' id='word_1_552' title='bbox 2592 2694 2649 2741; x_wconf 91' lang='lat' dir='ltr'><strong><em>et</em></strong></span> <span class='ocrx_word' id='word_1_553' title='bbox 2665 2686 2862 2741; x_wconf 88' lang='lat' dir='ltr'><strong><em>Paulus</em></strong></span> <span class='ocrx_word' id='word_1_554' title='bbox 2892 2687 3147 2755; x_wconf 69' lang='lat' dir='ltr'><strong><em>praecavit</em></strong></span> <span class='ocrx_word' id='word_1_555' title='bbox 3163 2686 3570 2753; x_wconf 78' lang='lat' dir='ltr'><strong><em>oﬂ&#39;endiculum,</em></strong></span> 
     </span>
    </p>
   </div>
   <div class='ocr_carea' id='block_1_71' title="bbox 1963 2776 3576 2850">
    <p class='ocr_par' dir='ltr' id='par_1_71' title="bbox 1963 2776 3576 2850">
     <span class='ocr_line' id='line_1_71' title="bbox 1963 2776 3576 2850; baseline -0.001 -16"><span class='ocrx_word' id='word_1_556' title='bbox 1963 2787 2019 2835; x_wconf 92' lang='lat' dir='ltr'><strong><em>et</em></strong></span> <span class='ocrx_word' id='word_1_557' title='bbox 2056 2777 2329 2849; x_wconf 90' lang='lat' dir='ltr'><strong><em>quomodo</em></strong></span> <span class='ocrx_word' id='word_1_558' title='bbox 2378 2778 2541 2832; x_wconf 89' lang='lat' dir='ltr'><strong><em>audi:</em></strong></span> <span class='ocrx_word' id='word_1_559' title='bbox 2578 2776 2660 2832; x_wconf 82' lang='lat' dir='ltr'><strong><em>Ne</em></strong></span> <span class='ocrx_word' id='word_1_560' title='bbox 2692 2778 2789 2832; x_wconf 79' lang='lat' dir='ltr'><strong><em>hac</em></strong></span> <span class='ocrx_word' id='word_1_561' title='bbox 2816 2778 3157 2850; x_wconf 86' lang='lat' dir='ltr'><strong><em>plenitudine,</em></strong></span> <span class='ocrx_word' id='word_1_562' title='bbox 3217 2778 3410 2850; x_wconf 90' lang='lat' dir='ltr'><strong><em>inquit,</em></strong></span> <span class='ocrx_word' id='word_1_563' title='bbox 3460 2794 3576 2850; x_wconf 71' lang='lat' dir='ltr'><strong><em>qua:</em></strong></span> 
     </span>
    </p>
   </div>
   <div class='ocr_carea' id='block_1_72' title="bbox 1962 2868 3577 2942">
    <p class='ocr_par' dir='ltr' id='par_1_72' title="bbox 1962 2868 3577 2942">
     <span class='ocr_line' id='line_1_72' title="bbox 1962 2868 3577 2942; baseline 0.003 -19"><span class='ocrx_word' id='word_1_564' title='bbox 1962 2870 2283 2925; x_wconf 83' lang='lat' dir='ltr'><strong><em>ministratur</em></strong></span> <span class='ocrx_word' id='word_1_565' title='bbox 2307 2887 2339 2924; x_wconf 79' lang='grc' dir='ltr'>η</span> <span class='ocrx_word' id='word_1_566' title='bbox 2369 2869 2514 2925; x_wconf 90' lang='lat' dir='ltr'><strong><em>nobis</em></strong></span> <span class='ocrx_word' id='word_1_567' title='bbox 2541 2869 2631 2942; x_wconf 74' lang='grc'><strong><em>(2.</em></strong></span> <span class='ocrx_word' id='word_1_568' title='bbox 2662 2868 2795 2931; x_wconf 87' lang='lat' dir='ltr'><strong><em>Cor.</em></strong></span> <span class='ocrx_word' id='word_1_569' title='bbox 2824 2869 2883 2927; x_wconf 92' lang='lat'><strong><em>8.</em></strong></span> <span class='ocrx_word' id='word_1_570' title='bbox 2922 2870 3053 2942; x_wconf 74' lang='lat'><strong><em>20).</em></strong></span> <span class='ocrx_word' id='word_1_571' title='bbox 3082 2870 3226 2928; x_wconf 82' lang='lat' dir='ltr'><strong><em>Nihil</em></strong></span> <span class='ocrx_word' id='word_1_572' title='bbox 3246 2872 3391 2928; x_wconf 91' lang='lat' dir='ltr'><strong><em>enim</em></strong></span> <span class='ocrx_word' id='word_1_573' title='bbox 3416 2887 3577 2928; x_wconf 90' lang='lat' dir='ltr'><strong><em>noce-</em></strong></span> 
     </span>
    </p>
   </div>
   <div class='ocr_carea' id='block_1_73' title="bbox 1964 2964 3574 3035">
    <p class='ocr_par' dir='ltr' id='par_1_73' title="bbox 1964 2964 3574 3035">
     <span class='ocr_line' id='line_1_73' title="bbox 1964 2964 3574 3035; baseline 0.002 -17"><span class='ocrx_word' id='word_1_574' title='bbox 1964 2964 2055 3018; x_wconf 87' lang='lat' dir='ltr'><strong><em>bat</em></strong></span> <span class='ocrx_word' id='word_1_575' title='bbox 2076 2964 2440 3035; x_wconf 90' lang='lat' dir='ltr'><strong><em>suspicionem</em></strong></span> <span class='ocrx_word' id='word_1_576' title='bbox 2470 2964 2680 3020; x_wconf 90' lang='lat' dir='ltr'><strong><em>tollere.</em></strong></span> <span class='ocrx_word' id='word_1_577' title='bbox 2711 2964 2939 3033; x_wconf 84' lang='lat' dir='ltr'><strong><em>Quando</em></strong></span> <span class='ocrx_word' id='word_1_578' title='bbox 2966 2974 3145 3021; x_wconf 90' lang='lat' dir='ltr'><strong><em>autem</em></strong></span> <span class='ocrx_word' id='word_1_579' title='bbox 3170 2967 3223 3020; x_wconf 94' lang='lat' dir='ltr'><strong><em>in</em></strong></span> <span class='ocrx_word' id='word_1_580' title='bbox 3251 2973 3454 3021; x_wconf 87' lang='lat' dir='ltr'><strong><em>tantam</em></strong></span> <span class='ocrx_word' id='word_1_581' title='bbox 3486 2966 3574 3021; x_wconf 88' lang='lat' dir='ltr'><strong><em>in-</em></strong></span> 
     </span>
    </p>
   </div>
   <div class='ocr_carea' id='block_1_74' title="bbox 1962 3054 3576 3127">
    <p class='ocr_par' dir='ltr' id='par_1_74' title="bbox 1962 3054 3576 3127">
     <span class='ocr_line' id='line_1_74' title="bbox 1962 3054 3576 3127; baseline 0.002 -16"><span class='ocrx_word' id='word_1_582' title='bbox 1962 3054 2256 3111; x_wconf 89' lang='lat' dir='ltr'><strong><em>ciderimus</em></strong></span> <span class='ocrx_word' id='word_1_583' title='bbox 2278 3055 2678 3123; x_wconf 84' lang='lat' dir='ltr'><strong><em>necessitatem,</em></strong></span> <span class='ocrx_word' id='word_1_584' title='bbox 2709 3063 2768 3111; x_wconf 90' lang='lat' dir='ltr'><strong><em>ut</em></strong></span> <span class='ocrx_word' id='word_1_585' title='bbox 2790 3065 3012 3127; x_wconf 88' lang='lat' dir='ltr'><strong><em>prepter</em></strong></span> <span class='ocrx_word' id='word_1_586' title='bbox 3031 3057 3254 3113; x_wconf 86' lang='lat' dir='ltr'><strong><em>alterius</em></strong></span> <span class='ocrx_word' id='word_1_587' title='bbox 3280 3056 3576 3116; x_wconf 75' lang='lat' dir='ltr'><strong><em>oﬂ‘endicu-</em></strong></span> 
     </span>
    </p>
   </div>
   <div class='ocr_carea' id='block_1_75' title="bbox 1962 3145 3570 3219">
    <p class='ocr_par' dir='ltr' id='par_1_75' title="bbox 1962 3145 3570 3219">
     <span class='ocr_line' id='line_1_75' title="bbox 1962 3145 3570 3219; baseline 0.002 -17"><span class='ocrx_word' id='word_1_588' title='bbox 1962 3147 2074 3202; x_wconf 88' lang='lat' dir='ltr'><strong><em>lum</em></strong></span> <span class='ocrx_word' id='word_1_589' title='bbox 2118 3161 2313 3217; x_wconf 89' lang='lat' dir='ltr'><strong><em>magna</em></strong></span> <span class='ocrx_word' id='word_1_590' title='bbox 2358 3146 2610 3203; x_wconf 87' lang='lat' dir='ltr'><strong><em>eveniant</em></strong></span> <span class='ocrx_word' id='word_1_591' title='bbox 2665 3145 2805 3202; x_wconf 89' lang='lat' dir='ltr'><strong><em>mala</em></strong></span> <span class='ocrx_word' id='word_1_592' title='bbox 2854 3164 2868 3202; x_wconf 90' lang='lat'><strong>:</strong></span> <span class='ocrx_word' id='word_1_593' title='bbox 2916 3148 3091 3219; x_wconf 90' lang='lat' dir='ltr'><strong><em>ipsum</em></strong></span> <span class='ocrx_word' id='word_1_594' title='bbox 3137 3158 3570 3205; x_wconf 89' lang='lat' dir='ltr'><strong><em>contemnamus.</em></strong></span> 
     </span>
    </p>
   </div>
   <div class='ocr_carea' id='block_1_76' title="bbox 1963 3236 3577 3309">
    <p class='ocr_par' dir='ltr' id='par_1_76' title="bbox 1963 3236 3577 3309">
     <span class='ocr_line' id='line_1_76' title="bbox 1963 3236 3577 3309; baseline 0.002 -16"><span class='ocrx_word' id='word_1_595' title='bbox 1963 3236 2058 3294; x_wconf 83' lang='lat' dir='ltr'><strong><em>lile</em></strong></span> <span class='ocrx_word' id='word_1_596' title='bbox 2086 3238 2304 3308; x_wconf 88' lang='lat' dir='ltr'><strong><em>quidem</em></strong></span> <span class='ocrx_word' id='word_1_597' title='bbox 2331 3237 2433 3293; x_wconf 85' lang='lat' dir='ltr'><strong><em>sibi</em></strong></span> <span class='ocrx_word' id='word_1_598' title='bbox 2454 3238 2507 3293; x_wconf 90' lang='lat' dir='ltr'><strong><em>in</em></strong></span> <span class='ocrx_word' id='word_1_599' title='bbox 2534 3252 2695 3294; x_wconf 86' lang='lat' dir='ltr'><strong><em>causa</em></strong></span> <span class='ocrx_word' id='word_1_600' title='bbox 2728 3246 2848 3303; x_wconf 89' lang='lat' dir='ltr'><strong><em>est;</em></strong></span> <span class='ocrx_word' id='word_1_601' title='bbox 2880 3253 2980 3293; x_wconf 90' lang='lat' dir='ltr'><strong><em>nos</em></strong></span> <span class='ocrx_word' id='word_1_602' title='bbox 3010 3253 3139 3294; x_wconf 88' lang='lat' dir='ltr'><strong><em>vero</em></strong></span> <span class='ocrx_word' id='word_1_603' title='bbox 3156 3239 3269 3309; x_wconf 86' lang='lat' dir='ltr'><strong><em>jam</em></strong></span> <span class='ocrx_word' id='word_1_604' title='bbox 3299 3240 3443 3295; x_wconf 90' lang='lat' dir='ltr'><strong><em>noxii</em></strong></span> <span class='ocrx_word' id='word_1_605' title='bbox 3468 3256 3577 3296; x_wconf 86' lang='lat' dir='ltr'><strong><em>non</em></strong></span> 
     </span>
    </p>
   </div>
   <div class='ocr_carea' id='block_1_77' title="bbox 1963 3329 3577 3403">
    <p class='ocr_par' dir='ltr' id='par_1_77' title="bbox 1963 3329 3577 3403">
     <span class='ocr_line' id='line_1_77' title="bbox 1963 3329 3577 3403; baseline 0.002 -18"><span class='ocrx_word' id='word_1_606' title='bbox 1963 3346 2151 3385; x_wconf 87' lang='lat' dir='ltr'><strong><em>sumus</em></strong></span> <span class='ocrx_word' id='word_1_607' title='bbox 2184 3348 2197 3384; x_wconf 88' lang='lat'><strong>:</strong></span> <span class='ocrx_word' id='word_1_608' title='bbox 2228 3346 2334 3385; x_wconf 90' lang='lat' dir='ltr'><strong><em>non</em></strong></span> <span class='ocrx_word' id='word_1_609' title='bbox 2357 3330 2531 3401; x_wconf 89' lang='lat' dir='ltr'><strong><em>potuit</em></strong></span> <span class='ocrx_word' id='word_1_610' title='bbox 2559 3330 2704 3386; x_wconf 91' lang='lat' dir='ltr'><strong><em>enim</em></strong></span> <span class='ocrx_word' id='word_1_611' title='bbox 2730 3330 2863 3387; x_wconf 59' lang='lat' dir='ltr'><strong><em>sine,</em></strong></span> <span class='ocrx_word' id='word_1_612' title='bbox 2878 3329 3079 3386; x_wconf 89' lang='lat' dir='ltr'><strong><em>damno</em></strong></span> <span class='ocrx_word' id='word_1_613' title='bbox 3110 3330 3186 3386; x_wconf 93' lang='lat' dir='ltr'><strong><em>illi</em></strong></span> <span class='ocrx_word' id='word_1_614' title='bbox 3215 3332 3383 3403; x_wconf 90' lang='lat' dir='ltr'><strong><em>parci.</em></strong></span> <span class='ocrx_word' id='word_1_615' title='bbox 3424 3332 3577 3388; x_wconf 78' lang='lat' dir='ltr'><strong><em>Multi</em></strong></span> 
     </span>
    </p>
   </div>
   <div class='ocr_carea' id='block_1_78' title="bbox 1964 3420 3572 3494">
    <p class='ocr_par' dir='ltr' id='par_1_78' title="bbox 1964 3420 3572 3494">
     <span class='ocr_line' id='line_1_78' title="bbox 1964 3420 3572 3494; baseline 0 -17"><span class='ocrx_word' id='word_1_616' title='bbox 1964 3420 2156 3477; x_wconf 72' lang='lat' dir='ltr'><strong><em>offensi</em></strong></span> <span class='ocrx_word' id='word_1_617' title='bbox 2184 3430 2331 3487; x_wconf 87' lang='lat' dir='ltr'><strong><em>sunt,</em></strong></span> <span class='ocrx_word' id='word_1_618' title='bbox 2359 3420 2502 3491; x_wconf 89' lang='lat' dir='ltr'><strong><em>quod</em></strong></span> <span class='ocrx_word' id='word_1_619' title='bbox 2530 3420 2582 3475; x_wconf 91' lang='lat' dir='ltr'><strong><em>in</em></strong></span> <span class='ocrx_word' id='word_1_620' title='bbox 2602 3420 2805 3491; x_wconf 89' lang='lat' dir='ltr'><strong><em>templo</em></strong></span> <span class='ocrx_word' id='word_1_621' title='bbox 2826 3420 3093 3478; x_wconf 90' lang='lat' dir='ltr'><strong><em>cubarent</em></strong></span> <span class='ocrx_word' id='word_1_622' title='bbox 3113 3422 3333 3494; x_wconf 87' lang='lat' dir='ltr'><strong><em>quidam</em></strong></span> <span class='ocrx_word' id='word_1_623' title='bbox 3363 3424 3572 3491; x_wconf 82' lang='lat' dir='ltr'><strong><em>fideles,</em></strong></span> 
     </span>
    </p>
   </div>
   <div class='ocr_carea' id='block_1_79' title="bbox 1965 3513 3574 3584">
    <p class='ocr_par' dir='ltr' id='par_1_79' title="bbox 1965 3513 3574 3584">
     <span class='ocr_line' id='line_1_79' title="bbox 1965 3513 3574 3584; baseline 0.002 -16"><span class='ocrx_word' id='word_1_624' title='bbox 1965 3514 2119 3584; x_wconf 86' lang='lat' dir='ltr'><strong><em>quasi</em></strong></span> <span class='ocrx_word' id='word_1_625' title='bbox 2144 3528 2250 3569; x_wconf 90' lang='lat' dir='ltr'><strong><em>non</em></strong></span> <span class='ocrx_word' id='word_1_626' title='bbox 2280 3514 2506 3578; x_wconf 87' lang='lat' dir='ltr'><strong><em>liceret;</em></strong></span> <span class='ocrx_word' id='word_1_627' title='bbox 2540 3513 2635 3567; x_wconf 87' lang='lat' dir='ltr'><strong><em>sed</em></strong></span> <span class='ocrx_word' id='word_1_628' title='bbox 2667 3514 2808 3569; x_wconf 87' lang='lat' dir='ltr'><strong><em>male</em></strong></span> <span class='ocrx_word' id='word_1_629' title='bbox 2841 3531 2855 3569; x_wconf 89' lang='lat'><strong>:</strong></span> <span class='ocrx_word' id='word_1_630' title='bbox 2885 3514 3019 3568; x_wconf 92' lang='lat' dir='ltr'><strong><em>nihil</em></strong></span> <span class='ocrx_word' id='word_1_631' title='bbox 3046 3517 3188 3569; x_wconf 89' lang='lat' dir='ltr'><strong><em>enim</em></strong></span> <span class='ocrx_word' id='word_1_632' title='bbox 3214 3515 3341 3571; x_wconf 90' lang='lat' dir='ltr'><strong><em>hinc</em></strong></span> <span class='ocrx_word' id='word_1_633' title='bbox 3368 3516 3574 3581; x_wconf 85' lang='lat' dir='ltr'><strong><em>damni.</em></strong></span> 
     </span>
    </p>
   </div>
   <div class='ocr_carea' id='block_1_80' title="bbox 1964 3604 3575 3676">
    <p class='ocr_par' dir='ltr' id='par_1_80' title="bbox 1964 3604 3575 3676">
     <span class='ocr_line' id='line_1_80' title="bbox 1964 3604 3575 3676; baseline 0.001 -14"><span class='ocrx_word' id='word_1_634' title='bbox 1964 3605 2406 3671; x_wconf 71' lang='lat' dir='ltr'><strong><em>Olfendebantur,</em></strong></span> <span class='ocrx_word' id='word_1_635' title='bbox 2436 3604 2579 3676; x_wconf 90' lang='lat' dir='ltr'><strong><em>quod</em></strong></span> <span class='ocrx_word' id='word_1_636' title='bbox 2607 3620 2728 3659; x_wconf 91' lang='lat' dir='ltr'><strong><em>cum</em></strong></span> <span class='ocrx_word' id='word_1_637' title='bbox 2756 3606 2991 3660; x_wconf 85' lang='lat' dir='ltr'><strong><em>ethnicis</em></strong></span> <span class='ocrx_word' id='word_1_638' title='bbox 3017 3606 3330 3662; x_wconf 88' lang='lat' dir='ltr'><strong><em>comederet</em></strong></span> <span class='ocrx_word' id='word_1_639' title='bbox 3352 3608 3575 3674; x_wconf 86' lang='lat' dir='ltr'><strong><em>Petrus;</em></strong></span> 
     </span>
    </p>
   </div>
   <div class='ocr_carea' id='block_1_81' title="bbox 1964 3698 3579 3771">
    <p class='ocr_par' dir='ltr' id='par_1_81' title="bbox 1964 3698 3579 3771">
     <span class='ocr_line' id='line_1_81' title="bbox 1964 3698 3579 3771; baseline 0.002 -17"><span class='ocrx_word' id='word_1_640' title='bbox 1964 3698 2059 3754; x_wconf 87' lang='lat' dir='ltr'><strong><em>sed</em></strong></span> <span class='ocrx_word' id='word_1_641' title='bbox 2118 3700 2207 3755; x_wconf 90' lang='lat' dir='ltr'><strong><em>ille</em></strong></span> <span class='ocrx_word' id='word_1_642' title='bbox 2246 3698 2526 3764; x_wconf 88' lang='lat' dir='ltr'><strong><em>abstinuit,</em></strong></span> <span class='ocrx_word' id='word_1_643' title='bbox 2580 3698 2669 3753; x_wconf 88' lang='lat' dir='ltr'><strong><em>hic</em></strong></span> <span class='ocrx_word' id='word_1_644' title='bbox 2721 3713 2849 3753; x_wconf 89' lang='lat' dir='ltr'><strong><em>vero</em></strong></span> <span class='ocrx_word' id='word_1_645' title='bbox 2889 3714 2996 3753; x_wconf 90' lang='lat' dir='ltr'><strong><em>non</em></strong></span> <span class='ocrx_word' id='word_1_646' title='bbox 3026 3700 3174 3755; x_wconf 88' lang='lat' dir='ltr'><strong><em>item.</em></strong></span> <span class='ocrx_word' id='word_1_647' title='bbox 3223 3700 3431 3771; x_wconf 77' lang='lat' dir='ltr'><strong><em>Ubique</em></strong></span> <span class='ocrx_word' id='word_1_648' title='bbox 3479 3717 3579 3758; x_wconf 82' lang='lat' dir='ltr'><strong><em>nus</em></strong></span> 
     </span>
    </p>
   </div>
   <div class='ocr_carea' id='block_1_82' title="bbox 1965 3793 3580 3864">
    <p class='ocr_par' dir='ltr' id='par_1_82' title="bbox 1965 3793 3580 3864">
     <span class='ocr_line' id='line_1_82' title="bbox 1965 3793 3580 3864; baseline 0.001 -15"><span class='ocrx_word' id='word_1_649' title='bbox 1965 3793 2122 3849; x_wconf 90' lang='lat' dir='ltr'><strong><em>decet</em></strong></span> <span class='ocrx_word' id='word_1_650' title='bbox 2147 3794 2293 3864; x_wconf 84' lang='lat' dir='ltr'><strong><em>leges</em></strong></span> <span class='ocrx_word' id='word_1_651' title='bbox 2317 3794 2409 3848; x_wconf 89' lang='lat' dir='ltr'><strong><em>Dei</em></strong></span> <span class='ocrx_word' id='word_1_652' title='bbox 2433 3801 2744 3864; x_wconf 88' lang='lat' dir='ltr'><strong><em>sequentes,</em></strong></span> <span class='ocrx_word' id='word_1_653' title='bbox 2774 3808 3025 3864; x_wconf 90' lang='lat' dir='ltr'><strong><em>magnam</em></strong></span> <span class='ocrx_word' id='word_1_654' title='bbox 3049 3809 3233 3849; x_wconf 89' lang='lat' dir='ltr'><strong><em>curam</em></strong></span> <span class='ocrx_word' id='word_1_655' title='bbox 3258 3794 3479 3861; x_wconf 82' lang='lat' dir='ltr'><strong><em>habere,</em></strong></span> <span class='ocrx_word' id='word_1_656' title='bbox 3512 3810 3580 3852; x_wconf 89' lang='lat' dir='ltr'><strong><em>ne</em></strong></span> 
     </span>
    </p>
   </div>
   <div class='ocr_carea' id='block_1_83' title="bbox 1964 3871 3580 3956">
    <p class='ocr_par' dir='ltr' id='par_1_83' title="bbox 1964 3871 3580 3956">
     <span class='ocr_line' id='line_1_83' title="bbox 1964 3871 3580 3956; baseline 0.002 -17"><span class='ocrx_word' id='word_1_657' title='bbox 1964 3900 2126 3956; x_wconf 88' lang='lat' dir='ltr'><strong><em>quam</em></strong></span> <span class='ocrx_word' id='word_1_658' title='bbox 2175 3871 2483 3940; x_wconf 76' lang='lat' dir='ltr'><strong><em>oﬂ‘endiculi</em></strong></span> <span class='ocrx_word' id='word_1_659' title='bbox 2516 3885 2858 3940; x_wconf 87' lang='lat' dir='ltr'><strong><em>occasionem</em></strong></span> <span class='ocrx_word' id='word_1_660' title='bbox 2894 3885 3252 3955; x_wconf 79' lang='lat' dir='ltr'><strong><em>praebeamus,</em></strong></span> <span class='ocrx_word' id='word_1_661' title='bbox 3283 3896 3341 3941; x_wconf 92' lang='lat' dir='ltr'><strong><em>ut</em></strong></span> <span class='ocrx_word' id='word_1_662' title='bbox 3380 3898 3435 3942; x_wconf 90' lang='lat' dir='ltr'><strong><em>et</em></strong></span> <span class='ocrx_word' id='word_1_663' title='bbox 3480 3904 3580 3943; x_wconf 90' lang='lat' dir='ltr'><strong><em>nos</em></strong></span> 
     </span>
    </p>
   </div>
   <div class='ocr_carea' id='block_1_84' title="bbox 1966 3976 3579 4052">
    <p class='ocr_par' dir='ltr' id='par_1_84' title="bbox 1966 3976 3579 4052">
     <span class='ocr_line' id='line_1_84' title="bbox 1966 3976 3579 4052; baseline 0.002 -20"><span class='ocrx_word' id='word_1_664' title='bbox 1966 3977 2170 4033; x_wconf 79' lang='lat' dir='ltr'><strong><em>innoxii</em></strong></span> <span class='ocrx_word' id='word_1_665' title='bbox 2200 3978 2389 4043; x_wconf 89' lang='lat' dir='ltr'><strong><em>simus,</em></strong></span> <span class='ocrx_word' id='word_1_666' title='bbox 2424 3987 2478 4032; x_wconf 93' lang='lat' dir='ltr'><strong><em>et</em></strong></span> <span class='ocrx_word' id='word_1_667' title='bbox 2501 3976 2596 4033; x_wconf 87' lang='lat' dir='ltr'><strong><em>Dei</em></strong></span> <span class='ocrx_word' id='word_1_668' title='bbox 2623 3977 2967 4032; x_wconf 84' lang='lat' dir='ltr'><strong><em>clementiam</em></strong></span> <span class='ocrx_word' id='word_1_669' title='bbox 2999 3992 3418 4049; x_wconf 85' lang='lat' dir='ltr'><strong><em>consequamur,</em></strong></span> <span class='ocrx_word' id='word_1_670' title='bbox 3450 3996 3579 4052; x_wconf 81' lang='lat' dir='ltr'><strong><em>gra-</em></strong></span> 
     </span>
    </p>
   </div>
   <div class='ocr_carea' id='block_1_85' title="bbox 1966 4070 3582 4141">
    <p class='ocr_par' dir='ltr' id='par_1_85' title="bbox 1966 4070 3582 4141">
     <span class='ocr_line' id='line_1_85' title="bbox 1966 4070 3582 4141; baseline 0.001 -15"><span class='ocrx_word' id='word_1_671' title='bbox 1966 4072 2037 4126; x_wconf 92' lang='lat' dir='ltr'><strong><em>tia</em></strong></span> <span class='ocrx_word' id='word_1_672' title='bbox 2068 4080 2121 4127; x_wconf 90' lang='lat' dir='ltr'><strong><em>et</em></strong></span> <span class='ocrx_word' id='word_1_673' title='bbox 2144 4070 2473 4141; x_wconf 90' lang='lat' dir='ltr'><strong><em>benignitate</em></strong></span> <span class='ocrx_word' id='word_1_674' title='bbox 2503 4070 2775 4141; x_wconf 87' lang='lat' dir='ltr'><strong><em>Unigeniti</em></strong></span> <span class='ocrx_word' id='word_1_675' title='bbox 2804 4070 2945 4140; x_wconf 89' lang='lat' dir='ltr'><strong><em>ejus,</em></strong></span> <span class='ocrx_word' id='word_1_676' title='bbox 2966 4071 3181 4140; x_wconf 89' lang='lat' dir='ltr'><strong><em>quicum</em></strong></span> <span class='ocrx_word' id='word_1_677' title='bbox 3206 4072 3347 4127; x_wconf 88' lang='lat' dir='ltr'><strong><em>Patri</em></strong></span> <span class='ocrx_word' id='word_1_678' title='bbox 3378 4082 3435 4128; x_wconf 92' lang='lat' dir='ltr'><strong><em>et</em></strong></span> <span class='ocrx_word' id='word_1_679' title='bbox 3455 4088 3582 4128; x_wconf 66' lang='lat' dir='ltr'><strong><em>sano</em></strong></span> 
     </span>
    </p>
   </div>
   <div class='ocr_carea' id='block_1_86' title="bbox 1964 4163 3577 4238">
    <p class='ocr_par' dir='ltr' id='par_1_86' title="bbox 1964 4163 3577 4238">
     <span class='ocr_line' id='line_1_86' title="bbox 1964 4163 3577 4238; baseline 0.001 -17"><span class='ocrx_word' id='word_1_680' title='bbox 1964 4175 2055 4221; x_wconf 89' lang='lat' dir='ltr'><strong><em>cto</em></strong></span> <span class='ocrx_word' id='word_1_681' title='bbox 2079 4164 2301 4235; x_wconf 78' lang='lat' dir='ltr'><strong><em>Spiritui</em></strong></span> <span class='ocrx_word' id='word_1_682' title='bbox 2321 4164 2516 4235; x_wconf 85' lang='lat' dir='ltr'><strong><em>gloria,</em></strong></span> <span class='ocrx_word' id='word_1_683' title='bbox 2539 4164 2848 4233; x_wconf 87' lang='lat' dir='ltr'><strong><em>imperium,</em></strong></span> <span class='ocrx_word' id='word_1_684' title='bbox 2874 4163 3071 4232; x_wconf 88' lang='lat' dir='ltr'><strong><em>honor,</em></strong></span> <span class='ocrx_word' id='word_1_685' title='bbox 3099 4180 3240 4219; x_wconf 90' lang='lat' dir='ltr'><strong><em>nunc</em></strong></span> <span class='ocrx_word' id='word_1_686' title='bbox 3261 4174 3315 4222; x_wconf 91' lang='lat' dir='ltr'><strong><em>et</em></strong></span> <span class='ocrx_word' id='word_1_687' title='bbox 3339 4180 3577 4238; x_wconf 89' lang='lat' dir='ltr'><strong><em>semper,</em></strong></span> 
     </span>
    </p>
   </div>
   <div class='ocr_carea' id='block_1_87' title="bbox 1964 4258 2923 4316">
    <p class='ocr_par' dir='ltr' id='par_1_87' title="bbox 1964 4258 2923 4316">
     <span class='ocr_line' id='line_1_87' title="bbox 1964 4258 2923 4316; baseline -0.002 -1"><span class='ocrx_word' id='word_1_688' title='bbox 1964 4269 2019 4315; x_wconf 91' lang='lat' dir='ltr'><strong><em>et</em></strong></span> <span class='ocrx_word' id='word_1_689' title='bbox 2051 4260 2106 4313; x_wconf 91' lang='lat' dir='ltr'><strong><em>in</em></strong></span> <span class='ocrx_word' id='word_1_690' title='bbox 2136 4259 2333 4314; x_wconf 71' lang='lat' dir='ltr'><strong><em>saecula</em></strong></span> <span class='ocrx_word' id='word_1_691' title='bbox 2356 4258 2701 4313; x_wconf 66' lang='lat' dir='ltr'><strong><em>saeculorum.</em></strong></span> <span class='ocrx_word' id='word_1_692' title='bbox 2730 4258 2923 4316; x_wconf 83' lang='lat' dir='ltr'><strong><em>Amen.</em></strong></span> 
     </span>
    </p>
   </div>
   <div class='ocr_carea' id='block_1_88' title="bbox 1582 4466 2231 4532">
    <p class='ocr_par' dir='ltr' id='par_1_88' title="bbox 1582 4466 2231 4532">
     <span class='ocr_line' id='line_1_88' title="bbox 1582 4466 2231 4532; baseline 0.009 -6"><span class='ocrx_word' id='word_1_693' title='bbox 1582 4466 1931 4532; x_wconf 84' lang='lat' dir='ltr'><strong><em>HOMILIA</em></strong></span> <span class='ocrx_word' id='word_1_694' title='bbox 1975 4470 2231 4532; x_wconf 83' lang='lat' dir='ltr'><strong><em>XLVII.</em></strong></span> 
     </span>
    </p>
   </div>
   <div class='ocr_carea' id='block_1_89' title="bbox 250 4597 1867 4684">
    <p class='ocr_par' dir='ltr' id='par_1_89' title="bbox 250 4597 1867 4684">
     <span class='ocr_line' id='line_1_89' title="bbox 250 4597 1867 4684; baseline 0.011 -28"><span class='ocrx_word' id='word_1_695' title='bbox 250 4597 382 4656; x_wconf 70' lang='lat' dir='ltr'><strong>CAP.</strong></span> <span class='ocrx_word' id='word_1_696' title='bbox 412 4599 506 4654; x_wconf 72' lang='grc'>21.</span> <span class='ocrx_word' id='word_1_697' title='bbox 556 4616 610 4655; x_wconf 84' lang='lat' dir='ltr'><strong><em>v.</em></strong></span> <span class='ocrx_word' id='word_1_698' title='bbox 662 4600 750 4657; x_wconf 83' lang='lat'><strong><em>&#39;59.</em></strong></span> <span class='ocrx_word' id='word_1_699' title='bbox 798 4601 942 4657; x_wconf 68' lang='lat' dir='ltr'><strong><em>Dixit</em></strong></span> <span class='ocrx_word' id='word_1_700' title='bbox 960 4614 1128 4659; x_wconf 88' lang='lat' dir='ltr'><strong><em>autem</em></strong></span> <span class='ocrx_word' id='word_1_701' title='bbox 1163 4605 1357 4665; x_wconf 80' lang='lat' dir='ltr'><strong><em>Paulus</em></strong></span> <span class='ocrx_word' id='word_1_702' title='bbox 1387 4627 1405 4665; x_wconf 93' lang='lat'><strong><em>:</em></strong></span> <span class='ocrx_word' id='word_1_703' title='bbox 1432 4611 1547 4684; x_wconf 85' lang='lat' dir='ltr'><strong><em>Ego</em></strong></span> <span class='ocrx_word' id='word_1_704' title='bbox 1579 4616 1731 4671; x_wconf 78' lang='lat' dir='ltr'><strong><em>homo</em></strong></span> <span class='ocrx_word' id='word_1_705' title='bbox 1752 4635 1867 4673; x_wconf 86' lang='lat' dir='ltr'><strong><em>sum</em></strong></span> 
     </span>
    </p>
   </div>
   <div class='ocr_carea' id='block_1_90' title="bbox 325 4690 1864 4775">
    <p class='ocr_par' dir='ltr' id='par_1_90' title="bbox 325 4690 1864 4775">
     <span class='ocr_line' id='line_1_90' title="bbox 325 4690 1864 4775; baseline 0.014 -33"><span class='ocrx_word' id='word_1_706' title='bbox 325 4691 533 4762; x_wconf 80' lang='lat' dir='ltr'><strong><em>quidem</em></strong></span> <span class='ocrx_word' id='word_1_707' title='bbox 554 4690 770 4748; x_wconf 70' lang='lat' dir='ltr'><strong><em>Judaaus</em></strong></span> <span class='ocrx_word' id='word_1_708' title='bbox 791 4710 823 4747; x_wconf 93' lang='lat' dir='ltr'><strong><em>a</em></strong></span> <span class='ocrx_word' id='word_1_709' title='bbox 852 4692 1016 4749; x_wconf 81' lang='lat' dir='ltr'><strong><em>Tarso</em></strong></span> <span class='ocrx_word' id='word_1_710' title='bbox 1052 4696 1265 4767; x_wconf 64' lang='lat' dir='ltr'><strong><em>Ciliciae,</em></strong></span> <span class='ocrx_word' id='word_1_711' title='bbox 1298 4719 1398 4756; x_wconf 88' lang='lat' dir='ltr'><strong><em>non</em></strong></span> <span class='ocrx_word' id='word_1_712' title='bbox 1433 4704 1666 4775; x_wconf 81' lang='lat' dir='ltr'><strong><em>ignobilis</em></strong></span> <span class='ocrx_word' id='word_1_713' title='bbox 1686 4710 1864 4764; x_wconf 82' lang='lat' dir='ltr'><strong><em>civita-</em></strong></span> 
     </span>
    </p>
   </div>
   <div class='ocr_carea' id='block_1_91' title="bbox 323 4784 1863 4872">
    <p class='ocr_par' dir='ltr' id='par_1_91' title="bbox 323 4784 1863 4872">
     <span class='ocr_line' id='line_1_91' title="bbox 323 4784 1863 4872; baseline 0.014 -35"><span class='ocrx_word' id='word_1_714' title='bbox 323 4784 389 4840; x_wconf 83' lang='lat' dir='ltr'><strong><em>tis</em></strong></span> <span class='ocrx_word' id='word_1_715' title='bbox 417 4784 539 4837; x_wconf 76' lang='lat' dir='ltr'><strong><em>civis</em></strong></span> <span class='ocrx_word' id='word_1_716' title='bbox 567 4801 585 4837; x_wconf 91' lang='lat'><strong><em>:</em></strong></span> <span class='ocrx_word' id='word_1_717' title='bbox 615 4801 739 4855; x_wconf 90' lang='lat' dir='ltr'><strong><em>rogo</em></strong></span> <span class='ocrx_word' id='word_1_718' title='bbox 764 4796 934 4841; x_wconf 87' lang='lat' dir='ltr'><strong><em>autem</em></strong></span> <span class='ocrx_word' id='word_1_719' title='bbox 964 4798 1030 4855; x_wconf 89' lang='lat' dir='ltr'><strong><em>te,</em></strong></span> <span class='ocrx_word' id='word_1_720' title='bbox 1080 4793 1313 4859; x_wconf 81' lang='lat' dir='ltr'><strong><em>permitte</em></strong></span> <span class='ocrx_word' id='word_1_721' title='bbox 1355 4797 1481 4849; x_wconf 81' lang='lat' dir='ltr'><strong><em>mihi</em></strong></span> <span class='ocrx_word' id='word_1_722' title='bbox 1509 4799 1646 4869; x_wconf 87' lang='lat' dir='ltr'><strong><em>loqui</em></strong></span> <span class='ocrx_word' id='word_1_723' title='bbox 1676 4801 1744 4855; x_wconf 89' lang='lat' dir='ltr'><strong><em>ad</em></strong></span> <span class='ocrx_word' id='word_1_724' title='bbox 1770 4819 1863 4872; x_wconf 85' lang='lat' dir='ltr'><strong><em>po-</em></strong></span> 
     </span>
    </p>
   </div>
   <div class='ocr_carea' id='block_1_92' title="bbox 323 4877 1866 4955">
    <p class='ocr_par' dir='ltr' id='par_1_92' title="bbox 323 4877 1866 4955">
     <span class='ocr_line' id='line_1_92' title="bbox 323 4877 1866 4955; baseline 0.015 -27"><span class='ocrx_word' id='word_1_725' title='bbox 323 4877 525 4947; x_wconf 75' lang='lat' dir='ltr'><strong><em>pulum.</em></strong></span> <span class='ocrx_word' id='word_1_726' title='bbox 554 4877 646 4932; x_wconf 73' lang='grc'>10.</span> <span class='ocrx_word' id='word_1_727' title='bbox 676 4877 747 4931; x_wconf 87' lang='lat' dir='ltr'><strong><em>Et</em></strong></span> <span class='ocrx_word' id='word_1_728' title='bbox 775 4896 890 4933; x_wconf 83' lang='lat' dir='ltr'><strong><em>eum</em></strong></span> <span class='ocrx_word' id='word_1_729' title='bbox 923 4882 1011 4936; x_wconf 88' lang='lat' dir='ltr'><strong><em>ille</em></strong></span> <span class='ocrx_word' id='word_1_730' title='bbox 1038 4886 1365 4955; x_wconf 86' lang='lat' dir='ltr'><strong><em>permisisset,</em></strong></span> <span class='ocrx_word' id='word_1_731' title='bbox 1407 4888 1609 4945; x_wconf 80' lang='lat' dir='ltr'><strong><em>Paulus</em></strong></span> <span class='ocrx_word' id='word_1_732' title='bbox 1634 4903 1775 4949; x_wconf 86' lang='lat' dir='ltr'><strong><em>stans</em></strong></span> <span class='ocrx_word' id='word_1_733' title='bbox 1812 4896 1866 4951; x_wconf 87' lang='lat' dir='ltr'><strong><em>in</em></strong></span> 
     </span>
    </p>
   </div>
   <div class='ocr_carea' id='block_1_93' title="bbox 320 4969 1865 5052">
    <p class='ocr_par' dir='ltr' id='par_1_93' title="bbox 320 4969 1865 5052">
     <span class='ocr_line' id='line_1_93' title="bbox 320 4969 1865 5052; baseline 0.014 -30"><span class='ocrx_word' id='word_1_734' title='bbox 320 4969 592 5041; x_wconf 73' lang='lat' dir='ltr'><strong><em>gradibus,</em></strong></span> <span class='ocrx_word' id='word_1_735' title='bbox 622 4975 803 5026; x_wconf 85' lang='lat' dir='ltr'><strong><em>annuit</em></strong></span> <span class='ocrx_word' id='word_1_736' title='bbox 830 4990 986 5028; x_wconf 84' lang='lat' dir='ltr'><strong><em>manu</em></strong></span> <span class='ocrx_word' id='word_1_737' title='bbox 1019 4976 1089 5029; x_wconf 87' lang='lat' dir='ltr'><strong><em>ad</em></strong></span> <span class='ocrx_word' id='word_1_738' title='bbox 1130 4979 1344 5048; x_wconf 89' lang='lat' dir='ltr'><strong><em>plebem,</em></strong></span> <span class='ocrx_word' id='word_1_739' title='bbox 1374 4993 1421 5035; x_wconf 90' lang='lat' dir='ltr'><strong><em>et</em></strong></span> <span class='ocrx_word' id='word_1_740' title='bbox 1451 5000 1641 5052; x_wconf 90' lang='lat' dir='ltr'><strong><em>magno</em></strong></span> <span class='ocrx_word' id='word_1_741' title='bbox 1662 4988 1865 5043; x_wconf 83' lang='lat' dir='ltr'><strong><em>silentio</em></strong></span> 
     </span>
    </p>
   </div>
   <div class='ocr_carea' id='block_1_94' title="bbox 323 5063 1609 5141">
    <p class='ocr_par' dir='ltr' id='par_1_94' title="bbox 323 5063 1609 5141">
     <span class='ocr_line' id='line_1_94' title="bbox 323 5063 1609 5141; baseline 0.012 -24"><span class='ocrx_word' id='word_1_742' title='bbox 323 5067 486 5134; x_wconf 78' lang='lat' dir='ltr'><strong><em>facto,</em></strong></span> <span class='ocrx_word' id='word_1_743' title='bbox 506 5063 799 5134; x_wconf 83' lang='lat' dir='ltr'><strong><em>alloquutus</em></strong></span> <span class='ocrx_word' id='word_1_744' title='bbox 829 5078 903 5121; x_wconf 84' lang='lat' dir='ltr'><strong><em>est</em></strong></span> <span class='ocrx_word' id='word_1_745' title='bbox 926 5066 1101 5141; x_wconf 77' lang='lat' dir='ltr'><strong><em>lingua</em></strong></span> <span class='ocrx_word' id='word_1_746' title='bbox 1132 5069 1371 5140; x_wconf 81' lang='lat' dir='ltr'><strong><em>Hebrtea,</em></strong></span> <span class='ocrx_word' id='word_1_747' title='bbox 1416 5077 1609 5133; x_wconf 85' lang='lat' dir='ltr'><strong><em>dicens.</em></strong></span> 
     </span>
    </p>
   </div>
   <div class='ocr_carea' id='block_1_95' title="bbox 324 5220 1864 5303">
    <p class='ocr_par' dir='ltr' id='par_1_95' title="bbox 324 5220 1864 5303">
     <span class='ocr_line' id='line_1_95' title="bbox 324 5220 1864 5303; baseline 0.011 -27"><span class='ocrx_word' id='word_1_748' title='bbox 324 5223 380 5276; x_wconf 86' lang='grc'><strong><em>1.</em></strong></span> <span class='ocrx_word' id='word_1_749' title='bbox 412 5220 544 5277; x_wconf 82' lang='lat' dir='ltr'><strong><em>Vide</em></strong></span> <span class='ocrx_word' id='word_1_750' title='bbox 570 5222 739 5288; x_wconf 91' lang='lat' dir='ltr'><strong><em>illum,</em></strong></span> <span class='ocrx_word' id='word_1_751' title='bbox 770 5224 987 5293; x_wconf 88' lang='lat' dir='ltr'><strong><em>quando</em></strong></span> <span class='ocrx_word' id='word_1_752' title='bbox 1016 5235 1273 5283; x_wconf 86' lang='lat' dir='ltr'><strong><em>externos</em></strong></span> <span class='ocrx_word' id='word_1_753' title='bbox 1298 5231 1608 5303; x_wconf 89' lang='lat' dir='ltr'><strong><em>alloquitur,</em></strong></span> <span class='ocrx_word' id='word_1_754' title='bbox 1638 5250 1746 5291; x_wconf 91' lang='lat' dir='ltr'><strong><em>non</em></strong></span> <span class='ocrx_word' id='word_1_755' title='bbox 1776 5252 1864 5292; x_wconf 80' lang='lat' dir='ltr'><strong><em>re-</em></strong></span> 
     </span>
    </p>
   </div>
   <div class='ocr_carea' id='block_1_96' title="bbox 248 5312 1863 5388">
    <p class='ocr_par' dir='ltr' id='par_1_96' title="bbox 248 5312 1863 5388">
     <span class='ocr_line' id='line_1_96' title="bbox 248 5312 1863 5388; baseline 0.009 -20"><span class='ocrx_word' id='word_1_756' title='bbox 248 5327 444 5369; x_wconf 82' lang='lat' dir='ltr'><strong><em>cnsare</em></strong></span> <span class='ocrx_word' id='word_1_757' title='bbox 470 5313 635 5367; x_wconf 87' lang='lat' dir='ltr'><strong><em>etiam</em></strong></span> <span class='ocrx_word' id='word_1_758' title='bbox 666 5312 929 5384; x_wconf 81' lang='lat' dir='ltr'><strong><em>legalibus</em></strong></span> <span class='ocrx_word' id='word_1_759' title='bbox 956 5317 1031 5371; x_wconf 89' lang='lat' dir='ltr'><strong><em>uti</em></strong></span> <span class='ocrx_word' id='word_1_760' title='bbox 1057 5318 1407 5388; x_wconf 86' lang='lat' dir='ltr'><strong><em>adjumentis.</em></strong></span> <span class='ocrx_word' id='word_1_761' title='bbox 1451 5324 1549 5379; x_wconf 88' lang='lat' dir='ltr'><strong><em>Hic</em></strong></span> <span class='ocrx_word' id='word_1_762' title='bbox 1594 5327 1743 5381; x_wconf 90' lang='lat' dir='ltr'><strong><em>illum</em></strong></span> <span class='ocrx_word' id='word_1_763' title='bbox 1796 5345 1863 5383; x_wconf 78' lang='lat' dir='ltr'><strong><em>ex</em></strong></span> 
     </span>
    </p>
   </div>
   <div class='ocr_carea' id='block_1_97' title="bbox 246 5404 1861 5473">
    <p class='ocr_par' dir='ltr' id='par_1_97' title="bbox 246 5404 1861 5473">
     <span class='ocr_line' id='line_1_97' title="bbox 246 5404 1861 5473; baseline 0.008 -12"><span class='ocrx_word' id='word_1_764' title='bbox 246 5404 491 5461; x_wconf 80' lang='lat' dir='ltr'><strong><em>civitatis</em></strong></span> <span class='ocrx_word' id='word_1_765' title='bbox 512 5406 731 5459; x_wconf 88' lang='lat' dir='ltr'><strong><em>nomine</em></strong></span> <span class='ocrx_word' id='word_1_766' title='bbox 758 5405 1015 5461; x_wconf 89' lang='lat' dir='ltr'><strong><em>refrenat.</em></strong></span> <span class='ocrx_word' id='word_1_767' title='bbox 1051 5408 1143 5465; x_wconf 89' lang='lat' dir='ltr'><strong><em>Sic</em></strong></span> <span class='ocrx_word' id='word_1_768' title='bbox 1170 5421 1226 5465; x_wconf 88' lang='lat' dir='ltr'><strong><em>et</em></strong></span> <span class='ocrx_word' id='word_1_769' title='bbox 1247 5423 1403 5467; x_wconf 89' lang='lat' dir='ltr'><strong><em>antea</em></strong></span> <span class='ocrx_word' id='word_1_770' title='bbox 1433 5416 1649 5471; x_wconf 89' lang='lat' dir='ltr'><strong><em>dicebat</em></strong></span> <span class='ocrx_word' id='word_1_771' title='bbox 1681 5432 1694 5468; x_wconf 91' lang='lat'><strong>:</strong></span> <span class='ocrx_word' id='word_1_772' title='bbox 1734 5417 1861 5473; x_wconf 83' lang='lat' dir='ltr'><strong><em>Ver-</em></strong></span> 
     </span>
    </p>
   </div>
   <div class='ocr_carea' id='block_1_98' title="bbox 251 5497 1861 5579">
    <p class='ocr_par' dir='ltr' id='par_1_98' title="bbox 251 5497 1861 5579">
     <span class='ocr_line' id='line_1_98' title="bbox 251 5497 1861 5579; baseline 0.008 -27"><span class='ocrx_word' id='word_1_773' title='bbox 251 5499 485 5552; x_wconf 80' lang='lat' dir='ltr'><strong><em>berantes</em></strong></span> <span class='ocrx_word' id='word_1_774' title='bbox 526 5512 619 5551; x_wconf 92' lang='lat' dir='ltr'><strong><em>nos</em></strong></span> <span class='ocrx_word' id='word_1_775' title='bbox 651 5497 843 5553; x_wconf 83' lang='lat' dir='ltr'><strong><em>indicta</em></strong></span> <span class='ocrx_word' id='word_1_776' title='bbox 870 5515 1048 5567; x_wconf 84' lang='lat' dir='ltr'><strong><em>causa,</em></strong></span> <span class='ocrx_word' id='word_1_777' title='bbox 1083 5502 1309 5558; x_wconf 77' lang='lat' dir='ltr'><strong><em>homines</em></strong></span> <span class='ocrx_word' id='word_1_778' title='bbox 1338 5503 1601 5561; x_wconf 87' lang='lat' dir='ltr'><strong><em>Romanos</em></strong></span> <span class='ocrx_word' id='word_1_779' title='bbox 1626 5512 1861 5579; x_wconf 83' lang='lat' dir='ltr'><strong><em>coniece-</em></strong></span> 
     </span>
    </p>
   </div>
   <div class='ocr_carea' id='block_1_99' title="bbox 246 5591 1870 5666">
    <p class='ocr_par' dir='ltr' id='par_1_99' title="bbox 246 5591 1870 5666">
     <span class='ocr_line' id='line_1_99' title="bbox 246 5591 1870 5666; baseline 0.01 -22"><span class='ocrx_word' id='word_1_780' title='bbox 246 5600 368 5644; x_wconf 72' lang='lat' dir='ltr'><strong><em>runt</em></strong></span> <span class='ocrx_word' id='word_1_781' title='bbox 397 5591 451 5644; x_wconf 90' lang='lat' dir='ltr'><strong><em>in</em></strong></span> <span class='ocrx_word' id='word_1_782' title='bbox 469 5606 725 5646; x_wconf 82' lang='lat' dir='ltr'><strong><em>carcerem</em></strong></span> <span class='ocrx_word' id='word_1_783' title='bbox 769 5593 923 5661; x_wconf 80' lang='lat' dir='ltr'><strong><em>(Act.</em></strong></span> <span class='ocrx_word' id='word_1_784' title='bbox 956 5592 1043 5649; x_wconf 87' lang='grc'><strong><em>16.</em></strong></span> <span class='ocrx_word' id='word_1_785' title='bbox 1077 5596 1143 5650; x_wconf 82' lang='grc'><strong>57</strong></span> <span class='ocrx_word' id='word_1_786' title='bbox 1167 5596 1207 5666; x_wconf 92' lang='grc'>).</span> <span class='ocrx_word' id='word_1_787' title='bbox 1259 5598 1393 5664; x_wconf 85' lang='lat' dir='ltr'><strong><em>Quia</em></strong></span> <span class='ocrx_word' id='word_1_788' title='bbox 1441 5602 1585 5656; x_wconf 90' lang='lat' dir='ltr'><strong><em>enim</em></strong></span> <span class='ocrx_word' id='word_1_789' title='bbox 1616 5604 1870 5660; x_wconf 63' lang='lat' dir='ltr'><strong><em>sciscita~</em></strong></span> 
     </span>
    </p>
   </div>
   <div class='ocr_carea' id='block_1_100' title="bbox 249 5679 1861 5765">
    <p class='ocr_par' dir='ltr' id='par_1_100' title="bbox 249 5679 1861 5765">
     <span class='ocr_line' id='line_1_100' title="bbox 249 5679 1861 5765; baseline 0.01 -30"><span class='ocrx_word' id='word_1_790' title='bbox 249 5679 413 5735; x_wconf 78' lang='lat' dir='ltr'><strong><em>batur</em></strong></span> <span class='ocrx_word' id='word_1_791' title='bbox 446 5698 461 5735; x_wconf 86' lang='lat'><strong>:</strong></span> <span class='ocrx_word' id='word_1_792' title='bbox 502 5679 586 5735; x_wconf 80' lang='lat' dir='ltr'><strong><em>Tu</em></strong></span> <span class='ocrx_word' id='word_1_793' title='bbox 612 5699 666 5737; x_wconf 88' lang='lat' dir='ltr'><strong><em>es</em></strong></span> <span class='ocrx_word' id='word_1_794' title='bbox 688 5681 975 5755; x_wconf 64' lang='lat' dir='ltr'><strong><em>digyptius</em></strong></span> <span class='ocrx_word' id='word_1_795' title='bbox 995 5686 1124 5740; x_wconf 80' lang='lat' dir='ltr'><strong><em>ille?</em></strong></span> <span class='ocrx_word' id='word_1_796' title='bbox 1148 5686 1261 5759; x_wconf 84' lang='lat' dir='ltr'><strong><em>Ego</em></strong></span> <span class='ocrx_word' id='word_1_797' title='bbox 1298 5707 1411 5745; x_wconf 88' lang='lat' dir='ltr'><strong><em>sum</em></strong></span> <span class='ocrx_word' id='word_1_798' title='bbox 1431 5734 1446 5758; x_wconf 95' lang='lat'><strong><em>,</em></strong></span> <span class='ocrx_word' id='word_1_799' title='bbox 1472 5694 1679 5765; x_wconf 89' lang='lat' dir='ltr'><strong><em>inquit,</em></strong></span> <span class='ocrx_word' id='word_1_800' title='bbox 1711 5698 1861 5751; x_wconf 82' lang='lat' dir='ltr'><strong><em>homo</em></strong></span> 
     </span>
    </p>
   </div>
   <div class='ocr_carea' id='block_1_101' title="bbox 245 5769 1854 5856">
    <p class='ocr_par' dir='ltr' id='par_1_101' title="bbox 245 5769 1854 5856">
     <span class='ocr_line' id='line_1_101' title="bbox 245 5769 1854 5856; baseline 0.011 -28"><span class='ocrx_word' id='word_1_801' title='bbox 245 5771 485 5829; x_wconf 69' lang='lat' dir='ltr'><strong><em>ludatis.</em></strong></span> <span class='ocrx_word' id='word_1_802' title='bbox 515 5769 605 5827; x_wconf 85' lang='lat' dir='ltr'><strong><em>Sic</em></strong></span> <span class='ocrx_word' id='word_1_803' title='bbox 646 5772 921 5847; x_wconf 86' lang='lat' dir='ltr'><strong><em>loquutus,</em></strong></span> <span class='ocrx_word' id='word_1_804' title='bbox 953 5775 1103 5832; x_wconf 88' lang='lat' dir='ltr'><strong><em>illum</em></strong></span> <span class='ocrx_word' id='word_1_805' title='bbox 1131 5781 1314 5836; x_wconf 88' lang='lat' dir='ltr'><strong><em>statim</em></strong></span> <span class='ocrx_word' id='word_1_806' title='bbox 1356 5800 1385 5839; x_wconf 88' lang='lat' dir='ltr'><strong><em>a</em></strong></span> <span class='ocrx_word' id='word_1_807' title='bbox 1422 5786 1730 5856; x_wconf 80' lang='lat' dir='ltr'><strong><em>suspicione</em></strong></span> <span class='ocrx_word' id='word_1_808' title='bbox 1757 5792 1854 5847; x_wconf 84' lang='lat' dir='ltr'><strong><em>ab-</em></strong></span> 
     </span>
    </p>
   </div>
   <div class='ocr_carea' id='block_1_102' title="bbox 1970 4620 3580 4699">
    <p class='ocr_par' dir='ltr' id='par_1_102' title="bbox 1970 4620 3580 4699">
     <span class='ocr_line' id='line_1_102' title="bbox 1970 4620 3580 4699; baseline 0.007 -22"><span class='ocrx_word' id='word_1_809' title='bbox 1970 4620 2141 4677; x_wconf 85' lang='lat' dir='ltr'><strong><em>duxit.</em></strong></span> <span class='ocrx_word' id='word_1_810' title='bbox 2174 4622 2379 4679; x_wconf 87' lang='lat' dir='ltr'><strong><em>Deinde</em></strong></span> <span class='ocrx_word' id='word_1_811' title='bbox 2418 4639 2488 4680; x_wconf 90' lang='lat' dir='ltr'><strong><em>ne</em></strong></span> <span class='ocrx_word' id='word_1_812' title='bbox 2529 4634 2811 4695; x_wconf 90' lang='lat' dir='ltr'><strong><em>putaretur</em></strong></span> <span class='ocrx_word' id='word_1_813' title='bbox 2840 4642 2907 4683; x_wconf 91' lang='lat' dir='ltr'><strong><em>ex</em></strong></span> <span class='ocrx_word' id='word_1_814' title='bbox 2948 4636 3109 4699; x_wconf 90' lang='lat' dir='ltr'><strong><em>gente</em></strong></span> <span class='ocrx_word' id='word_1_815' title='bbox 3154 4626 3393 4697; x_wconf 71' lang='lat' dir='ltr'><strong><em>Iudaeus,</em></strong></span> <span class='ocrx_word' id='word_1_816' title='bbox 3442 4632 3580 4689; x_wconf 87' lang='lat' dir='ltr'><strong><em>dixit</em></strong></span> 
     </span>
    </p>
   </div>
   <div class='ocr_carea' id='block_1_103' title="bbox 1970 4713 3580 4792">
    <p class='ocr_par' dir='ltr' id='par_1_103' title="bbox 1970 4713 3580 4792">
     <span class='ocr_line' id='line_1_103' title="bbox 1970 4713 3580 4792; baseline 0.007 -24"><span class='ocrx_word' id='word_1_817' title='bbox 1970 4713 2286 4784; x_wconf 85' lang='lat' dir='ltr'><strong><em>religionem</em></strong></span> <span class='ocrx_word' id='word_1_818' title='bbox 2312 4734 2325 4769; x_wconf 88' lang='lat'><strong>:</strong></span> <span class='ocrx_word' id='word_1_819' title='bbox 2362 4715 2565 4772; x_wconf 90' lang='lat' dir='ltr'><strong><em>etenim</em></strong></span> <span class='ocrx_word' id='word_1_820' title='bbox 2595 4727 2651 4772; x_wconf 93' lang='lat' dir='ltr'><strong><em>et</em></strong></span> <span class='ocrx_word' id='word_1_821' title='bbox 2686 4718 2814 4771; x_wconf 88' lang='lat' dir='ltr'><strong><em>alibi</em></strong></span> <span class='ocrx_word' id='word_1_822' title='bbox 2843 4733 2901 4773; x_wconf 91' lang='lat' dir='ltr'><strong><em>se</em></strong></span> <span class='ocrx_word' id='word_1_823' title='bbox 2925 4718 3026 4775; x_wconf 90' lang='lat' dir='ltr'><strong><em>sub</em></strong></span> <span class='ocrx_word' id='word_1_824' title='bbox 3070 4720 3188 4792; x_wconf 89' lang='lat' dir='ltr'><strong><em>lege</em></strong></span> <span class='ocrx_word' id='word_1_825' title='bbox 3217 4721 3421 4778; x_wconf 87' lang='lat' dir='ltr'><strong><em>Christi</em></strong></span> <span class='ocrx_word' id='word_1_826' title='bbox 3450 4724 3580 4780; x_wconf 91' lang='lat' dir='ltr'><strong><em>dicit</em></strong></span> 
     </span>
    </p>
   </div>
   <div class='ocr_carea' id='block_1_104' title="bbox 1970 4806 3578 4889">
    <p class='ocr_par' dir='ltr' id='par_1_104' title="bbox 1970 4806 3578 4889">
     <span class='ocr_line' id='line_1_104' title="bbox 1970 4806 3578 4889; baseline 0.007 -29"><span class='ocrx_word' id='word_1_827' title='bbox 1970 4820 2110 4861; x_wconf 88' lang='lat' dir='ltr'><strong><em>esse.</em></strong></span> <span class='ocrx_word' id='word_1_828' title='bbox 2142 4806 2282 4875; x_wconf 87' lang='lat' dir='ltr'><strong><em>Quid</em></strong></span> <span class='ocrx_word' id='word_1_829' title='bbox 2309 4806 2412 4863; x_wconf 92' lang='lat' dir='ltr'><strong><em>hoc</em></strong></span> <span class='ocrx_word' id='word_1_830' title='bbox 2441 4809 2559 4864; x_wconf 88' lang='lat' dir='ltr'><strong><em>est?</em></strong></span> <span class='ocrx_word' id='word_1_831' title='bbox 2589 4809 2664 4880; x_wconf 92' lang='lat' dir='ltr'><strong><em>(a)</em></strong></span> <span class='ocrx_word' id='word_1_832' title='bbox 2705 4807 3007 4883; x_wconf 89' lang='lat' dir='ltr'><strong><em>[Paulusne</em></strong></span> <span class='ocrx_word' id='word_1_833' title='bbox 3034 4813 3332 4870; x_wconf 80' lang='lat' dir='ltr'><strong><em>mentitur?</em></strong></span> <span class='ocrx_word' id='word_1_834' title='bbox 3367 4814 3578 4889; x_wconf 85' lang='lat' dir='ltr'><strong><em>Absit.]</em></strong></span> 
     </span>
    </p>
   </div>
   <div class='ocr_carea' id='block_1_105' title="bbox 1967 4897 3585 4972">
    <p class='ocr_par' dir='ltr' id='par_1_105' title="bbox 1967 4897 3585 4972">
     <span class='ocr_line' id='line_1_105' title="bbox 1967 4897 3585 4972; baseline 0.007 -19"><span class='ocrx_word' id='word_1_835' title='bbox 1967 4897 2106 4967; x_wconf 85' lang='lat' dir='ltr'><strong><em>Quid</em></strong></span> <span class='ocrx_word' id='word_1_836' title='bbox 2140 4900 2344 4971; x_wconf 79' lang='lat' dir='ltr'><strong><em>igitur?</em></strong></span> <span class='ocrx_word' id='word_1_837' title='bbox 2377 4916 2483 4955; x_wconf 92' lang='lat' dir='ltr'><strong><em>non</em></strong></span> <span class='ocrx_word' id='word_1_838' title='bbox 2515 4902 2772 4972; x_wconf 88' lang='lat' dir='ltr'><strong><em>negavit?</em></strong></span> <span class='ocrx_word' id='word_1_839' title='bbox 2796 4904 2953 4959; x_wconf 84' lang='lat' dir='ltr'><strong><em>Absit</em></strong></span> <span class='ocrx_word' id='word_1_840' title='bbox 2992 4903 3251 4961; x_wconf 83' lang='lat' dir='ltr'><strong><em>:Judaeus</em></strong></span> <span class='ocrx_word' id='word_1_841' title='bbox 3293 4908 3439 4962; x_wconf 92' lang='lat' dir='ltr'><strong><em>enim</em></strong></span> <span class='ocrx_word' id='word_1_842' title='bbox 3464 4920 3585 4965; x_wconf 88' lang='lat' dir='ltr'><strong><em>erat</em></strong></span> 
     </span>
    </p>
   </div>
   <div class='ocr_carea' id='block_1_106' title="bbox 1968 4990 3579 5072">
    <p class='ocr_par' dir='ltr' id='par_1_106' title="bbox 1968 4990 3579 5072">
     <span class='ocr_line' id='line_1_106' title="bbox 1968 4990 3579 5072; baseline 0.006 -26"><span class='ocrx_word' id='word_1_843' title='bbox 1968 5002 2022 5046; x_wconf 91' lang='lat' dir='ltr'><strong><em>et</em></strong></span> <span class='ocrx_word' id='word_1_844' title='bbox 2054 4990 2413 5058; x_wconf 87' lang='lat' dir='ltr'><strong><em>Christianus,</em></strong></span> <span class='ocrx_word' id='word_1_845' title='bbox 2444 5008 2797 5064; x_wconf 63' lang='lat' dir='ltr'><strong><em>quaecumque</em></strong></span> <span class='ocrx_word' id='word_1_846' title='bbox 2825 4995 3111 5064; x_wconf 86' lang='lat' dir='ltr'><strong><em>oportebat</em></strong></span> <span class='ocrx_word' id='word_1_847' title='bbox 3154 5012 3379 5054; x_wconf 91' lang='lat' dir='ltr'><strong><em>servans</em></strong></span> <span class='ocrx_word' id='word_1_848' title='bbox 3408 5018 3421 5053; x_wconf 89' lang='lat'><strong>:</strong></span> <span class='ocrx_word' id='word_1_849' title='bbox 3453 5002 3579 5072; x_wconf 89' lang='lat' dir='ltr'><strong><em>quia</em></strong></span> 
     </span>
    </p>
   </div>
   <div class='ocr_carea' id='block_1_107' title="bbox 1967 5085 3577 5158">
    <p class='ocr_par' dir='ltr' id='par_1_107' title="bbox 1967 5085 3577 5158">
     <span class='ocr_line' id='line_1_107' title="bbox 1967 5085 3577 5158; baseline 0.005 -18"><span class='ocrx_word' id='word_1_850' title='bbox 1967 5094 2023 5140; x_wconf 90' lang='lat' dir='ltr'><strong><em>et</em></strong></span> <span class='ocrx_word' id='word_1_851' title='bbox 2050 5085 2153 5155; x_wconf 75' lang='lat' dir='ltr'><strong><em>legi</em></strong></span> <span class='ocrx_word' id='word_1_852' title='bbox 2177 5085 2292 5155; x_wconf 88' lang='lat' dir='ltr'><strong><em>ipse</em></strong></span> <span class='ocrx_word' id='word_1_853' title='bbox 2316 5085 2548 5142; x_wconf 85' lang='lat' dir='ltr'><strong><em>maxime</em></strong></span> <span class='ocrx_word' id='word_1_854' title='bbox 2577 5086 2822 5157; x_wconf 89' lang='lat' dir='ltr'><strong><em>parebat,</em></strong></span> <span class='ocrx_word' id='word_1_855' title='bbox 2862 5085 3082 5143; x_wconf 87' lang='lat' dir='ltr'><strong><em>Christo</em></strong></span> <span class='ocrx_word' id='word_1_856' title='bbox 3109 5090 3359 5158; x_wconf 85' lang='lat' dir='ltr'><strong><em>credens,</em></strong></span> <span class='ocrx_word' id='word_1_857' title='bbox 3394 5103 3448 5147; x_wconf 90' lang='lat' dir='ltr'><strong><em>et</em></strong></span> <span class='ocrx_word' id='word_1_858' title='bbox 3475 5093 3577 5148; x_wconf 86' lang='lat' dir='ltr'><strong><em>Pe-</em></strong></span> 
     </span>
    </p>
   </div>
   <div class='ocr_carea' id='block_1_108' title="bbox 1971 5178 3571 5255">
    <p class='ocr_par' dir='ltr' id='par_1_108' title="bbox 1971 5178 3571 5255">
     <span class='ocr_line' id='line_1_108' title="bbox 1971 5178 3571 5255; baseline 0.005 -23"><span class='ocrx_word' id='word_1_859' title='bbox 1971 5189 2109 5233; x_wconf 88' lang='lat' dir='ltr'><strong><em>trum</em></strong></span> <span class='ocrx_word' id='word_1_860' title='bbox 2128 5179 2410 5251; x_wconf 81' lang='lat' dir='ltr'><strong><em>alloquens</em></strong></span> <span class='ocrx_word' id='word_1_861' title='bbox 2435 5179 2568 5234; x_wconf 86' lang='lat' dir='ltr'><strong><em>dicit</em></strong></span> <span class='ocrx_word' id='word_1_862' title='bbox 2596 5198 2608 5232; x_wconf 90' lang='lat'><strong>:</strong></span> <span class='ocrx_word' id='word_1_863' title='bbox 2634 5178 2749 5235; x_wconf 87' lang='lat' dir='ltr'><strong><em>Nos</em></strong></span> <span class='ocrx_word' id='word_1_864' title='bbox 2765 5191 2953 5236; x_wconf 87' lang='lat' dir='ltr'><strong><em>natura</em></strong></span> <span class='ocrx_word' id='word_1_865' title='bbox 2979 5181 3156 5238; x_wconf 59' lang='lat' dir='ltr'><strong><em>Judaei</em></strong></span> <span class='ocrx_word' id='word_1_866' title='bbox 3173 5183 3192 5255; x_wconf 94' lang='lat'>(</span> <span class='ocrx_word' id='word_1_867' title='bbox 3210 5183 3330 5240; x_wconf 85' lang='lat' dir='ltr'><strong><em>Gal.</em></strong></span> <span class='ocrx_word' id='word_1_868' title='bbox 3357 5185 3414 5241; x_wconf 71' lang='lat'><strong>2.</strong></span> <span class='ocrx_word' id='word_1_869' title='bbox 3448 5182 3571 5251; x_wconf 83' lang='grc'>15).</span> 
     </span>
    </p>
   </div>
   <div class='ocr_carea' id='block_1_109' title="bbox 1969 5268 3574 5347">
    <p class='ocr_par' dir='ltr' id='par_1_109' title="bbox 1969 5268 3574 5347">
     <span class='ocr_line' id='line_1_109' title="bbox 1969 5268 3574 5347; baseline 0.01 -24"><span class='ocrx_word' id='word_1_870' title='bbox 1969 5268 2115 5342; x_wconf 85' lang='lat' dir='ltr'><strong><em>Rogo</em></strong></span> <span class='ocrx_word' id='word_1_871' title='bbox 2159 5282 2227 5339; x_wconf 89' lang='lat' dir='ltr'><strong><em>te,</em></strong></span> <span class='ocrx_word' id='word_1_872' title='bbox 2276 5272 2509 5343; x_wconf 88' lang='lat' dir='ltr'><strong><em>permitte</em></strong></span> <span class='ocrx_word' id='word_1_873' title='bbox 2537 5289 2617 5328; x_wconf 88' lang='lat' dir='ltr'><strong><em>me</em></strong></span> <span class='ocrx_word' id='word_1_874' title='bbox 2664 5274 2805 5345; x_wconf 88' lang='lat' dir='ltr'><strong><em>loqui</em></strong></span> <span class='ocrx_word' id='word_1_875' title='bbox 2833 5275 2902 5328; x_wconf 91' lang='lat' dir='ltr'><strong><em>ad</em></strong></span> <span class='ocrx_word' id='word_1_876' title='bbox 2931 5277 3200 5347; x_wconf 86' lang='lat' dir='ltr'><strong><em>populum.</em></strong></span> <span class='ocrx_word' id='word_1_877' title='bbox 3252 5278 3366 5335; x_wconf 81' lang='lat' dir='ltr'><strong><em>Hoc</em></strong></span> <span class='ocrx_word' id='word_1_878' title='bbox 3406 5284 3574 5338; x_wconf 88' lang='lat' dir='ltr'><strong><em>etiam</em></strong></span> 
     </span>
    </p>
   </div>
   <div class='ocr_carea' id='block_1_110' title="bbox 1967 5365 3581 5441">
    <p class='ocr_par' dir='ltr' id='par_1_110' title="bbox 1967 5365 3581 5441">
     <span class='ocr_line' id='line_1_110' title="bbox 1967 5365 3581 5441; baseline 0.007 -23"><span class='ocrx_word' id='word_1_879' title='bbox 1967 5365 2221 5420; x_wconf 88' lang='lat' dir='ltr'><strong><em>indicium</em></strong></span> <span class='ocrx_word' id='word_1_880' title='bbox 2253 5376 2357 5432; x_wconf 90' lang='lat' dir='ltr'><strong><em>est,</em></strong></span> <span class='ocrx_word' id='word_1_881' title='bbox 2402 5366 2542 5437; x_wconf 91' lang='lat' dir='ltr'><strong><em>quod</em></strong></span> <span class='ocrx_word' id='word_1_882' title='bbox 2574 5383 2679 5421; x_wconf 92' lang='lat' dir='ltr'><strong><em>non</em></strong></span> <span class='ocrx_word' id='word_1_883' title='bbox 2712 5370 3035 5435; x_wconf 87' lang='lat' dir='ltr'><strong><em>mentiatur;</em></strong></span> <span class='ocrx_word' id='word_1_884' title='bbox 3067 5370 3335 5441; x_wconf 88' lang='lat' dir='ltr'><strong><em>siquidem</em></strong></span> <span class='ocrx_word' id='word_1_885' title='bbox 3386 5389 3581 5431; x_wconf 72' lang='lat' dir='ltr'><strong><em>omnes</em></strong></span> 
     </span>
    </p>
   </div>
   <div class='ocr_carea' id='block_1_111' title="bbox 1966 5457 3569 5520">
    <p class='ocr_par' dir='ltr' id='par_1_111' title="bbox 1966 5457 3569 5520">
     <span class='ocr_line' id='line_1_111' title="bbox 1966 5457 3569 5520; baseline 0.004 -7"><span class='ocrx_word' id='word_1_886' title='bbox 1966 5457 2267 5514; x_wconf 89' lang='lat' dir='ltr'><strong><em>adducebat</em></strong></span> <span class='ocrx_word' id='word_1_887' title='bbox 2296 5468 2483 5514; x_wconf 88' lang='lat' dir='ltr'><strong><em>testes.</em></strong></span> <span class='ocrx_word' id='word_1_888' title='bbox 2526 5458 2825 5516; x_wconf 88' lang='lat' dir='ltr'><strong><em>Considera</em></strong></span> <span class='ocrx_word' id='word_1_889' title='bbox 2853 5477 3041 5517; x_wconf 90' lang='lat' dir='ltr'><strong><em>rursus</em></strong></span> <span class='ocrx_word' id='word_1_890' title='bbox 3072 5464 3222 5518; x_wconf 89' lang='lat' dir='ltr'><strong><em>illum</em></strong></span> <span class='ocrx_word' id='word_1_891' title='bbox 3252 5480 3373 5520; x_wconf 90' lang='lat' dir='ltr'><strong><em>eum</em></strong></span> <span class='ocrx_word' id='word_1_892' title='bbox 3422 5481 3569 5519; x_wconf 81' lang='lat' dir='ltr'><strong><em>man</em></strong></span> 
     </span>
    </p>
   </div>
   <div class='ocr_carea' id='block_1_112' title="bbox 1966 5551 3572 5628">
    <p class='ocr_par' dir='ltr' id='par_1_112' title="bbox 1966 5551 3572 5628">
     <span class='ocr_line' id='line_1_112' title="bbox 1966 5551 3572 5628; baseline 0.006 -23"><span class='ocrx_word' id='word_1_893' title='bbox 1966 5551 2251 5606; x_wconf 90' lang='lat' dir='ltr'><strong><em>suetudine</em></strong></span> <span class='ocrx_word' id='word_1_894' title='bbox 2271 5552 2649 5607; x_wconf 83' lang='lat' dir='ltr'><strong><em>disserentem.</em></strong></span> <span class='ocrx_word' id='word_1_895' title='bbox 2675 5554 2743 5609; x_wconf 89' lang='lat' dir='ltr'><strong><em>Et</em></strong></span> <span class='ocrx_word' id='word_1_896' title='bbox 2762 5553 2865 5610; x_wconf 90' lang='lat' dir='ltr'><strong><em>hoc</em></strong></span> <span class='ocrx_word' id='word_1_897' title='bbox 2887 5571 3073 5611; x_wconf 90' lang='lat' dir='ltr'><strong><em>rursus</em></strong></span> <span class='ocrx_word' id='word_1_898' title='bbox 3093 5568 3468 5628; x_wconf 88' lang='lat' dir='ltr'><strong><em>argumentum</em></strong></span> <span class='ocrx_word' id='word_1_899' title='bbox 3494 5572 3572 5614; x_wconf 80' lang='lat' dir='ltr'><strong><em>est</em></strong></span> 
     </span>
    </p>
   </div>
   <div class='ocr_carea' id='block_1_113' title="bbox 1967 5644 3572 5723">
    <p class='ocr_par' dir='ltr' id='par_1_113' title="bbox 1967 5644 3572 5723">
     <span class='ocr_line' id='line_1_113' title="bbox 1967 5644 3572 5723; baseline 0.005 -25"><span class='ocrx_word' id='word_1_900' title='bbox 1967 5645 2282 5712; x_wconf 80' lang='lat' dir='ltr'><strong><em>maximum,</em></strong></span> <span class='ocrx_word' id='word_1_901' title='bbox 2335 5644 2480 5715; x_wconf 89' lang='lat' dir='ltr'><strong><em>quod</em></strong></span> <span class='ocrx_word' id='word_1_902' title='bbox 2509 5646 2640 5701; x_wconf 91' lang='lat' dir='ltr'><strong><em>nulli</em></strong></span> <span class='ocrx_word' id='word_1_903' title='bbox 2692 5655 2838 5702; x_wconf 87' lang='lat' dir='ltr'><strong><em>esset</em></strong></span> <span class='ocrx_word' id='word_1_904' title='bbox 2865 5648 3078 5703; x_wconf 89' lang='lat' dir='ltr'><strong><em>crimini</em></strong></span> <span class='ocrx_word' id='word_1_905' title='bbox 3104 5650 3396 5721; x_wconf 82' lang='lat' dir='ltr'><strong><em>obnoxius,</em></strong></span> <span class='ocrx_word' id='word_1_906' title='bbox 3429 5654 3572 5723; x_wconf 85' lang='lat' dir='ltr'><strong><em>quod</em></strong></span> 
     </span>
    </p>
   </div>
   <div class='ocr_carea' id='block_1_114' title="bbox 2028 5820 3395 5891">
    <p class='ocr_par' dir='ltr' id='par_1_114' title="bbox 2028 5820 3395 5891">
     <span class='ocr_line' id='line_1_114' title="bbox 2028 5820 3395 5891; baseline 0.008 -22"><span class='ocrx_word' id='word_1_907' title='bbox 2028 5820 2101 5883; x_wconf 85' lang='lat' dir='ltr'><strong><em>(a)</em></strong></span> <span class='ocrx_word' id='word_1_908' title='bbox 2138 5822 2332 5872; x_wconf 80' lang='lat' dir='ltr'><strong><em>Uueiuis</em></strong></span> <span class='ocrx_word' id='word_1_909' title='bbox 2352 5821 2515 5874; x_wconf 77' lang='lat' dir='ltr'><strong><em>clausa</em></strong></span> <span class='ocrx_word' id='word_1_910' title='bbox 2539 5825 2718 5875; x_wconf 72' lang='lat' dir='ltr'><strong><em>desunt</em></strong></span> <span class='ocrx_word' id='word_1_911' title='bbox 2748 5828 2796 5876; x_wconf 87' lang='lat' dir='ltr'><strong><em>in</em></strong></span> <span class='ocrx_word' id='word_1_912' title='bbox 2820 5826 3111 5891; x_wconf 84' lang='lat' dir='ltr'><strong><em>quibusdam</em></strong></span> <span class='ocrx_word' id='word_1_913' title='bbox 3140 5829 3395 5881; x_wconf 81' lang='lat' dir='ltr'><strong><em>codicibus</em></strong></span> 
     </span>
    </p>
   </div>
  </div>
