4094 6336
590 315 690 373 39.7

585 433 668 487 sic
699 438 908 500 paratus
935 434 1075 482 esset
1094 422 1159 479 ad
1185 420 1414 477 dandam
1454 420 1735 482 rationem,
1766 417 2028 484 velletque
2054 413 2168 467 sisti

590 528 653 576 ad
688 517 1115 590 respondendum
1143 514 1360 570 Judieis.

669 612 862 665 Paulus
884 610 1079 662 vinctus
1118 606 1464 660 concinnatur.
1486 631 1550 642 --
1571 600 1705 654 Vide
1750 598 2068 653 instructum
2102 595 2179 648 vi-

593 719 731 765 rum,
765 701 885 756 vide
934 697 1285 754 trconomiam
1315 713 1327 748 :
1358 694 1461 748 nisi
1493 692 1733 746 tribunus
1775 690 2027 748 venisset.
2079 686 2175 740 nisi

591 795 828 865 ligasset,
852 805 1103 847 sermone
1123 788 1188 841 ad
1211 786 1575 842 defensionem
1598 799 1730 852 opus
1754 796 1856 835 non
1882 779 2174 842 habuisset,

592 900 763 955 neque
791 893 992 937 tantum
1032 883 1369 948 impetrasset
1396 877 1693 931 silentium.
1724 871 2056 925 Permitteute
2085 885 2178 922 au-

592 984 689 1028 tem
717 975 829 1038 illo,
853 971 1051 1026 Paulus
1080 971 1094 1000 ¹
1121 979 1262 1022 stans
1298 968 1350 1019 in
1380 965 1640 1036 gradibus.
1672 964 1712 1017 A
1741 963 1861 1017 loco
1893 959 2061 1028 major
2100 958 2177 1011 fa-

590 1066 782 1128 cilitas,
832 1071 886 1117 et
934 1060 1075 1130 quod
1129 1059 1179 1112 in
1211 1058 1436 1111 editiore
1482 1055 1647 1126 gradu
1688 1054 1991 1122 quueretur
2018 1060 2177 1119 atque

594 1155 800 1224 ligatus.
850 1151 985 1217 Quid
1042 1150 1163 1203 huic
1212 1148 1517 1217 spectaculo
1562 1161 1676 1213 par,
1731 1144 1911 1197 videre
1952 1141 2175 1195 Paulum

592 1246 798 1301 duabus
817 1245 1022 1300 catenis
1047 1244 1281 1297 vinctum
1303 1241 1709 1294 eoiicionanteni
1728 1236 1751 1289 *Ρ
1772 1233 2040 1305 quomodo
2067 1243 2177 1286 tur-

595 1338 766 1403 batus,
810 1333 1081 1406 quomodo
1119 1330 1370 1387 confusus
1423 1346 1526 1381 non
1555 1338 1654 1388 est,
1693 1336 1894 1379 tantum
1924 1323 2175 1391 pupulum

594 1431 777 1484 videns
816 1434 1208 1497 exasperatum,
1240 1424 1484 1477 adsmnte
1517 1418 1778 1489 prieside?
1812 1418 1988 1472 Primo
2036 1414 2178 1501 furo-

595 1538 706 1575 rem
736 1521 943 1575 illorum
978 1516 1200 1581 sedavit,
1229 1514 1419 1568 deinde
1444 1511 1725 1581 alloquitur
1752 1530 1764 1563 :
1792 1519 1846 1563 et
1874 1509 1993 1561 vide
2019 1522 2175 1577 quam

596 1616 905 1683 prudenter.
940 1612 1066 1666 Nam
1094 1611 1143 1664 id
1165 1608 1305 1678 quod
1335 1608 1384 1661 in
1411 1606 1645 1675 Epistola
1670 1610 1736 1657 ad
1758 1603 2011 1657 [lepra-os
2034 1600 2173 1664 fecit,

597 1707 695 1759 hoc
725 1716 776 1758 et
805 1705 889 1758 hic
911 1703 1034 1756 facit
1068 1718 1082 1753 :
1113 1692 1289 1770 primo
1310 1698 1629 1768 cognatione
1654 1695 1796 1748 Vocis
1825 1694 1965 1761 ipsos
1989 1692 2173 1755 allicit,

595 1799 716 1852 hinc
744 1793 1176 1865 mansuetudine.
1200 1790 1324 1844 ldeo
1354 1789 1453 1843 hoc
1483 1787 1779 1849 declarans,
1806 1783 1933 1837 dicit
1963 1802 1974 1836 :
2012 1781 2177 1835 Multo

594 1890 727 1958 facto
766 1886 982 1949 silentio,
1014 1882 1305 1948 alloquutus
1343 1889 1414 1933 est
1460 1878 1632 1949 lingua
1680 1875 1915 1939 Hebraea,
1961 1876 2129 1926 dicens
2160 1888 2177 1925 :

595 1982 747 2051 (Cap.
796 1977 972 2046 2‘2.)i.
1016 1975 1121 2029 Viri
1148 1976 1328 2043 fratres
1355 1983 1399 2026 et
1438 1981 1625 2042 patres,
1661 1970 1831 2022 audite
1864 1984 2014 2033 quam
2042 1966 2176 2019 vobis

595 2090 729 2126 nunc
750 2072 904 2125 reddo
927 2070 1188 2121 rationein.
1217 2066 1344 2120 Vide
1363 2068 1522 2121 etiam
1550 2061 1868 2117 adulationis
1898 2069 2173 2128 expertem

597 2177 898 2218 sermonem
930 2170 981 2215 et
1012 2158 1273 2213 modestia
1304 2157 1540 2226 plenum.
1569 2155 1683 2209 Non
1711 2154 1853 2208 enim
1883 2153 2035 2216 dixit,
2071 2152 2175 2205 Do-

593 2256 745 2318 mini,
767 2254 881 2318 sed,
916 2251 1164 2315 Fratres;
1192 2249 1333 2319 quod
1371 2250 1601 2303 maxime
1628 2246 1896 2309 amabant,
1928 2260 1988 2299 ac
2017 2245 2071 2299 si
2092 2245 2174 2298 di-

588 2354 738 2401 ceret
762 2365 771 2396 :
796 2344 910 2398 Non
940 2339 1145 2396 alienus
1173 2355 1290 2395 sum
1318 2356 1345 2392 a
1374 2340 1543 2404 vobis,
1582 2353 1681 2392 nec
1701 2346 1891 2391 eontra
1921 2350 2035 2389 vos.
2072 2334 2176 2387 Viri

590 2440 773 2504 fratres
802 2446 847 2488 et
876 2446 1062 2505 patres,
1103 2433 1289 2502 inquit.
1327 2430 1436 2483 Hoc
1465 2430 1701 2493 honoris,
1736 2427 1864 2481 illud
1912 2426 2175 2496 germani-

593 2529 735 2582 tatis.
768 2525 950 2580 Audite
979 2541 1164 2589 meam,
1195 2538 1345 2588 quam
1374 2536 1506 2573 nunc
1537 2519 1673 2572 vobis
1706 2517 1883 2583 reddo,
1906 2519 2170 2570 rationem.

589 2620 702 2676 Non
724 2620 857 2675 dixit
882 2619 1179 2674 doctrinam
1205 2617 1287 2671 vel
1326 2616 1638 2671 concionem
1656 2655 1671 2680 ,
1702 2613 1795 2668 sed
1819 2655 1832 2676 ,
1861 2614 2128 2667 Rationem
2153 2627 2175 2667 .'

589 2727 648 2768 se
674 2711 823 2781 quasi
847 2711 1139 2779 supplicem
1165 2707 1461 2762 constituit.
1486 2706 1541 2758 2.
1572 2705 1697 2759 Cum
1726 2705 1988 2759 audissent
2010 2714 2175 2758 autem

588 2806 709 2874 quia
742 2803 955 2858 Hebrwa
984 2803 1155 2870 lingua
1182 2800 1465 2870 loqueretur
1491 2799 1602 2861 sibi,
1637 2798 1797 2867 magis
1838 2799 2175 2865 prwstiterunt

589 2898 861 2951 silentium.
897 2894 1082 2949 Viden’
1120 2900 1176 2946 ut
1200 2891 1340 2960 cepit
1363 2905 1457 2944 eos
1485 2890 1649 2957 patria
1679 2890 1875 2958 lingua,
1902 2905 2058 2959 quam
2086 2905 2169 2945 re-

589 2986 825 3041 verentia
868 2984 1096 3055 quadam
1147 2981 1640 3053 prosequebantur?
1673 2980 1799 3034 Vide
1846 2982 2005 3035 etiam
2036 2997 2172 3051 quo-

588 3079 748 3145 modo
777 3079 855 3133 sic
881 3093 1033 3131 orsus
1074 3077 1212 3130 viam
1245 3075 1478 3130 sermoni
1508 3084 1656 3143 paret
1684 3083 1736 3127 et
1760 3074 1896 3129 dicat
1924 3092 1938 3127 :
1967 3078 2018 3130 5.
2065 3076 2175 3145 Ego

588 3144 721 3222 enim
760 3185 869 3222 sum
892 3169 968 3220 vir
992 3166 1228 3229 Judwus,
1258 3176 1407 3219 natus
1435 3167 1487 3218 in
1533 3164 1695 3218 Tarso
1720 3166 1930 3229 Ciliciw,
1960 3168 2176 3223 nutritus

590 3270 759 3312 autem
788 3260 838 3311 in
867 3258 960 3310 hac
985 3257 1207 3327 civitate,
1232 3239 1372 3309 secus
1414 3255 1565 3323 pedes
1608 3254 1921 3316 (ianialielis,
1950 3258 2176 3312 eruditus

592 3354 734 3423 juxta
759 3350 1010 3402 veritatem
1040 3348 1219 3418 patria:
1256 3347 1402 3416 legis,
1431 3345 1695 3398 temulator
1719 3344 1836 3413 Dei,
1868 3348 1994 3401 sicut
2019 3359 2066 3401 et
2092 3366 2177 3403 vos

590 3457 761 3494 omnes
788 3439 901 3493 estis
924 3439 1089 3492 hodie.
1116 3437 1225 3507 Ego
1242 3438 1440 3505 quidem
1460 3453 1591 3499 sum,
1610 3437 1800 3506 inquit,
1833 3439 1906 3490 vir
1926 3438 2175 3503 .ludccus;

589 3530 732 3600 quod
764 3530 997 3582 omnium
1033 3528 1263 3581 maxime
1290 3524 1473 3579 audire
1502 3527 1806 3595 cupiebant.
1843 3527 2007 3583 Natus
2030 3529 2180 3587 Tarsi

589 3619 800 3674 Ciliciae.
829 3619 905 3673 Ne
935 3634 1061 3671 vero
1096 3619 1391 3686 cogitarent
1437 3614 1665 3669 alienam
1693 3627 1925 3686 gentem,
1960 3620 2175 3690 religio-

592 3732 713 3770 nem
743 3715 964 3769 addidit.
999 3714 1240 3768 Nutritus
1274 3715 1326 3767 in
1358 3715 1453 3767 hac
1486 3714 1705 3769 civitate.
1746 3715 1989 3785 Magnum
2021 3731 2176 3770 suum

593 3810 826 3864 ostendit
851 3823 971 3875 erga
995 3809 1305 3877 religionem
1328 3808 1586 3871 studium,
1610 3808 2035 3879 quandoquidem
2070 3818 2176 3862 tam

594 3901 735 3954 clara
757 3941 771 3962 ,
806 3909 910 3952 tam
938 3907 1141 3953 remota
1182 3899 1347 3967 patria
1390 3898 1607 3964 relicta,
1638 3900 1725 3953 hic
1772 3899 1937 3957 voluit
1963 3900 2177 3955 educari

598 3998 815 4058 prepter
837 3990 1028 4057 legem.
1080 3986 1213 4043 Vide
1265 3989 1532 4056 quomodo
1554 3988 1662 4056 jam
1716 3989 1840 4043 olim
1883 3991 1933 4043 in
1977 3990 2179 4046 hooore

602 4080 831 4134 habebat
862 4081 1051 4149 legem.
1086 4077 1217 4132 Illud
1243 4093 1371 4131 vero
1402 4094 1507 4132 non
1530 4080 1721 4141 solum,
1752 4093 1803 4133 ut
1833 4095 1949 4134 sese
1972 4091 2176 4151 purget,

596 4169 725 4224 dicit
757 4170 891 4234 illis;
926 4169 1017 4223 sed
1045 4178 1102 4222 ut
1129 4168 1376 4222 ostendat
1402 4186 1459 4223 se
1502 4184 1607 4223 non
1640 4170 1872 4224 humano
1903 4187 2068 4243 SCOpO
2114 4173 2180 4228 ad

601 4262 1028 4329 pra-dicationein
1080 4261 1385 4324 adductum,
1438 4261 1531 4316 sed
1578 4262 1755 4317 divina
1801 4264 2039 4319 virtute:
2075 4282 2181 4321 non

600 4352 742 4405 enim
772 4352 847 4405 sic
888 4351 1126 4405 eruditus
1156 4361 1376 4421 repente
1405 4352 1571 4405 factus
1602 4363 1703 4407 est.
1732 4354 1865 4408 Nam
1898 4357 1941 4409 si
1968 4372 2000 4410 e
2028 4358 2185 4427 vulgo

604 4443 807 4505 luisset,
856 4441 907 4495 id
952 4442 1188 4496 licuisset
1235 4442 1492 4510 suSpicari
1524 4461 1535 4495 :
1569 4445 1610 4496 si
1639 4456 1811 4499 autem
1844 4462 1908 4500 ex
1958 4463 2182 4503 numero

600 4550 782 4589 eorum
810 4535 899 4603 qui
926 4535 1155 4589 maxime
1181 4536 1417 4589 omnium
1451 4535 1548 4603 legi
1582 4535 1870 4604 hmrerent,
1925 4555 2031 4593 non
2069 4551 2185 4595 erat

602 4626 892 4684 verisimile
923 4626 1066 4679 illum
1099 4627 1217 4680 sine
1264 4640 1425 4681 causa
1453 4636 1507 4681 et
1537 4626 1677 4681 nulla
1709 4638 1929 4697 urgente
1956 4632 2186 4686 necessi-

602 4726 709 4773 tate
736 4727 992 4771 mutatum
1044 4716 1226 4773 fuisse.
1257 4718 1325 4772 At
1376 4717 1601 4772 fortasse
1644 4717 1838 4775 dixerit
1884 4722 2183 4790 quispiam:

604 4810 747 4866 Nihil
767 4810 832 4864 ad
857 4826 969 4864 rem
988 4809 1129 4874 facit,
1147 4810 1285 4881 quod
1308 4809 1463 4865 isthic
1477 4810 1733 4867 educatus
1754 4813 1850 4868 sit:
1875 4814 2000 4883 quid
2020 4814 2185 4880 enim,

603 4904 648 4956 si
680 4902 749 4956 ob
772 4901 1184 4970 negotiationem
1211 4902 1293 4955 vel
1319 4903 1475 4955 aliam
1498 4918 1710 4957 causam
1742 4905 1845 4959 huc
1865 4907 2091 4961 venisti?
2114 4906 2190 4962 Ne

603 4991 654 5047 id
686 5008 812 5062 ergo
845 4972 1140 5060 putaretur,
1190 4990 1412 5055 addidit,
1444 4992 1523 5045 Ad
1552 4995 1701 5062 pedes
1733 4994 2051 5051 Gamalielis.
2081 4997 2189 5051 Nec

601 5086 772 5138 Solum
802 5084 956 5151 dixit,
1000 5082 1136 5153 apud
1165 5083 1533 5145 Gamalioleni,
1569 5085 1686 5149 sed,
1720 5086 1799 5139 Ad
1830 5088 1976 5156 pedes
2000 5089 2191 5142 Gama-

604 5173 732 5231 lielis
764 5192 781 5229 :
812 5176 1299 5245 perseverantiam,
1352 5176 1759 5244 aseiduitatem,
1815 5181 2047 5235 studium
2096 5198 2190 5235 au-

603 5267 784 5323 diendi
813 5268 1115 5334 declarans,
1162 5278 1216 5321 et
1268 5266 1485 5321 multam
1516 5282 1641 5337 erga
1669 5270 1839 5323 virum
1867 5270 2008 5323 illinn
2037 5288 2188 5326 reve-

606 5362 850 5414 rentiam.
887 5359 1131 5414 Eruditus
1150 5359 1425 5414 secundum
1444 5361 1814 5415 accurationem
1835 5364 2014 5431 patriae
2032 5365 2191 5433 legis;

610 5466 713 5505 non
744 5452 1053 5519 simpliciter
1078 5452 1229 5521 legis,
1254 5451 1367 5513 sed,
1397 5449 1458 5503 Et
1484 5451 1681 5519 patrue,
1704 5452 1957 5521 adjiciens
1979 5472 1991 5507 :
2015 5465 2194 5509 osten-

612 5543 741 5597 di-iis
758 5558 815 5596 se
842 5542 963 5594 olim
990 5542 1145 5596 talem
1170 5542 1352 5606 fuisse,
1377 5556 1475 5597 nec
1500 5542 1812 5613 simpliciter
1833 5546 1969 5601 scire
1999 5547 2188 5617 legem.

670 5719 827 5776 Ἦλθε,
843 5720 1141 5783 permittente
1157 5724 1310 5768 mitem
1328 5717 1428 5779 illo,
1459 5718 1652 5780 Paulus,
1676 5720 1852 5773 desunt
1877 5729 1924 5772 In
1949 5736 2046 5773 uno
2069 5722 2184 5776 Cod.

1329 305 1385 362 S.
1425 302 1694 361 JOANNIS
1720 294 2193 356 CHRYSOSTOMI
2233 293 2548 350 ARCHIEP.
2594 293 3125 351 CONSTANTINOP.

3778 296 3888 354 δῖε

2284 409 2409 463 Haec
2442 424 2570 463 vero
2598 410 2848 464 videntur
2874 408 3088 479 quidem
3119 424 3214 479 pro
3244 409 3347 463 illis
3385 408 3515 475 dici,
3548 408 3644 464 sed
3690 422 3883 465 contra

2286 501 2405 556 illos
2430 511 2574 565 sunt,
2618 501 3048 572 quandoquidem
3094 513 3146 556 et
3200 502 3376 557 sciens
3430 502 3579 557 illum
3638 505 3883 573 reliquit.

2288 591 2488 646 Deinde
2517 607 2585 645 ne
2614 607 2826 645 rursum
2860 593 2979 661 quis
3008 593 3249 663 objieiat,
3278 594 3405 662 quid
3428 609 3556 665 ergo
3613 596 3658 649 si
3707 597 3883 665 legem

2283 683 2493 754 quidem
2544 694 2794 738 accurate
2847 687 3009 751 nosti,
3044 702 3216 757 neque
3257 698 3431 743 tamen
3464 689 3608 743 illam
3636 690 3883 745 vindicas

2285 791 2458 844 neque
2492 776 2678 829 amas?
2725 776 3058 843 /Enmlator,
3090 779 3280 847 inquit,
3337 780 3498 850 legis;
3537 780 3586 833 id
3634 791 3739 844 est,
3774 796 3881 834 non

2285 868 2444 921 modo
2469 870 2666 932 sciens,
2699 868 2791 921 sed
2815 869 2975 922 etiam
3012 874 3209 939 ‘iiiagno
3230 886 3352 939 erga
3399 872 3542 925 illam
3583 872 3698 925 zelo
3748 872 3881 927 alle-

2283 966 2419 1011 ctus.
2455 957 2653 1011 Deinde
2686 969 2961 1027 postquam
2990 973 3178 1028 magna
3201 959 3341 1013 dese
3360 962 3599 1014 eneninia
3631 963 3879 1031 protulit,

2282 1062 2621 1102 communem
2663 1048 2775 1116 jam
2800 1064 3103 1103 sermonem
3137 1048 3362 1118 profert,
3392 1051 3579 1105 dicens
3612 1070 3625 1106 :
3662 1054 3811 1107 Sicut
3835 1063 3883 1106 et

2282 1158 2369 1197 vos
2390 1160 2562 1197 omnes
2592 1146 2708 1197 estis
2730 1144 2898 1197 hodie.
2928 1143 3174 1198 Ostendit
3195 1144 3337 1199 enim
3370 1145 3487 1197 illos
3511 1163 3615 1199 non
3644 1147 3883 1201 humano

2282 1247 2446 1303 scopo
2476 1234 2585 1287 hoc
2614 1233 2809 1297 facere,
2857 1234 2949 1288 sed
2994 1234 3111 1289 zelo
3141 1235 3343 1289 divino.
3393 1236 3505 1290 Hoc
3554 1254 3683 1291 vero
3712 1239 3880 1304 dicit,

2281 1327 2503 1395 gratiam
2532 1327 2741 1381 illorum
2770 1338 3010 1395 captans,
3041 1337 3304 1382 eteorum
3334 1339 3567 1383 mentem
3602 1346 3884 1400 praecen-

2284 1431 2414 1485 paus
2461 1432 2524 1471 ac
2570 1417 2815 1472 detinens
2842 1419 2893 1470 in
2936 1418 3020 1482 iis,
3065 1418 3116 1472 iii
3146 1419 3341 1487 quibus
3372 1419 3501 1473 nihil
3530 1420 3710 1475 damni
3741 1433 3877 1478 erat.

2282 1505 2473 1562 Postea
2503 1507 2700 1563 indicia
2735 1510 2956 1577 profert,
2981 1508 3166 1563 dicens
3198 1528 3211 1562 :
3245 1510 3297 1563 ι.
3328 1509 3427 1576 Qui
3449 1510 3578 1563 lianc
3604 1514 3738 1566 viam
3767 1532 3880 1585 per-

2282 1609 2519 1667 sequutus
2546 1616 2655 1651 sum
2688 1616 2844 1668 usque
2865 1600 2931 1651 ad
2968 1610 3195 1666 mortent,
3223 1602 3441 1671 alligans
3484 1614 3528 1655 et
3580 1606 3789 1658 tradens
3830 1608 3882 1658 in

2281 1692 2537 1744 custodias
2588 1695 2717 1745 viros
2760 1709 2821 1744 ac
2865 1693 3121 1754 mulieres,
3174 1694 3228 1747 5.
3270 1694 3397 1746 sicut
3445 1696 3679 1763 princeps
3705 1715 3881 1750 sacer-

2282 1783 2457 1836 dotum
2484 1784 2605 1836 mihi
2634 1786 2969 1837 testimonium
2999 1787 3186 1851 reddit,
3211 1797 3256 1838 et
3290 1803 3461 1841 omnes
3491 1793 3709 1858 majores
3732 1803 3879 1844 natu.

2283 1872 2348 1926 Ut
2386 1889 2546 1928 neuio
2573 1874 2736 1938 dicat,
2773 1876 2840 1928 Et
2870 1875 3008 1930 unde
3041 1877 3143 1931 hoc
3175 1879 3558 1934 manifestum?
3586 1892 3751 1937 testes
3782 1885 3881 1936 ad-

2280 1964 2425 2017 ducit
2454 1965 2746 2034 principem
2776 1966 3115 2020 saeerdotum
3141 1979 3194 2023 et
3224 1970 3455 2037 majores
3479 1982 3623 2026 natu.
3657 1975 3722 2027 Et
3748 1974 3881 2031 dicit

2280 2056 2494 2124 quidem
2524 2056 2854 2123 deiiiuleens,
2880 2057 3177 2113 Ai‘mulator
3198 2062 3327 2114 sicut
3356 2076 3400 2116 et
3427 2081 3548 2129 vos;
3572 2067 3621 2119 id
3646 2077 3751 2131 est,
3786 2084 3881 2135 par

2285 2148 2432 2202 vobis
2466 2165 2480 2201 :
2508 2149 2741 2203 ostendit
2779 2161 2955 2206 autem
2988 2167 3082 2220 per
3116 2168 3277 2221 opera
3323 2169 3382 2209 se
3424 2154 3542 2209 illos
3569 2171 3876 2224 superasse.

2283 2236 2396 2292 Non
2424 2239 2565 2294 enim
2595 2255 2774 2299 moras
2802 2241 3101 2306 trahebam,
3123 2254 3181 2297 ut
3204 2259 3473 2313 caperem,
3499 2247 3593 2299 sed
3623 2258 3677 2301 et
3696 2263 3878 2305 Sacer-

2280 2327 2433 2382 dotes
2464 2329 2758 2383 excitabam
2792 2340 2845 2384 et
2895 2334 3354 2401 peregrinatioiies
3384 2337 3781 2405 suscipiebam;
3825 2350 3881 2393 et

2282 2432 2387 2470 non
2434 2419 2577 2472 viros
2624 2430 2829 2475 tantum
2875 2423 3230 2492 aggrediebar
3272 2425 3410 2479 sicut
3438 2441 3552 2489 vos,
3586 2428 3679 2480 sed
3712 2432 3876 2485 etiam

2280 2509 2536 2565 mulieres
2560 2529 2574 2576 ;
2599 2521 2653 2567 et
2676 2528 2863 2568 omnes
2881 2515 3105 2583 alligans
3127 2527 3179 2570 et
3210 2516 3260 2568 in
3287 2533 3532 2572 carceres
3554 2518 3875 2589 conjiciens.

2283 2602 2641 2657 lndubitatuin
2670 2615 2751 2659 est
2804 2606 2904 2659 hoe
2958 2607 3345 2673 testimonium,
3395 2610 3512 2664 sine
3556 2612 3879 2669 defensione

2281 2707 2407 2751 sunt
2437 2712 2521 2753 res
2548 2696 2876 2753 Judzeorum.
2904 2699 3033 2753 Vide
3060 2711 3189 2769 quot
3217 2710 3381 2757 testes
3408 2703 3622 2758 adducit
3653 2724 3667 2760 :
3698 2709 3881 2761 senio-

2281 2808 2388 2859 res,
2423 2796 2715 2864 principem
2745 2794 3104 2862 sacerdotum,
3137 2811 3232 2851 eos
3262 2798 3349 2867 qui
3380 2799 3430 2851 in
3458 2800 3691 2855 civitate.

2349 2884 2404 2939 ἓ.
2442 2884 2570 2940 Vide
2598 2898 2774 2939 autem
2801 2886 2915 2954 ejus
2942 2896 2996 2940 et
3024 2886 3391 2943 defensionem
3424 2906 3528 2943 non
3560 2906 3625 2945 ex
3656 2893 3874 2959 timore,

2280 2974 2372 3028 sed
2408 2976 2581 3044 potius
2611 2977 2730 3032 vide
2759 2978 3040 3034 docentem
3081 2988 3136 3033 et
3178 2980 3565 3037 instituentem.
3595 2982 3708 3038 Nisi
3730 2990 3876 3041 enim

2282 3068 2484 3136 lapides
2512 3069 2734 3124 fuissent
2767 3071 3056 3136 auditores,
3085 3072 3243 3128 dictis
3274 3075 3649 3132 attendissent.
3681 3078 3881 3134 Hacte-

2283 3174 2383 3212 nus
2416 3161 2557 3213 enini
2592 3161 2710 3214 illos
2742 3161 2923 3230 habuit
2952 3172 3149 3229 testes;
3184 3166 3385 3233 reliqua
3417 3182 3546 3221 vero
3569 3170 3687 3223 sine
3719 3172 3878 3225 testi-

2283 3251 2381 3304 bus
2406 3260 2547 3306 sunt.
2583 3252 2625 3304 Α
2653 3254 2833 3322 quibus
2879 3266 2923 3306 et
2969 3256 3207 3324 epistolas
3247 3259 3530 3325 accipiens,
3578 3263 3645 3312 ad
3694 3262 3881 3329 fratres

2282 3340 2589 3395 Damascum
2638 3344 2938 3413 pergebant,
2986 3356 3040 3398 ut
3088 3347 3391 3402 adducerem
3435 3352 3552 3403 inde
3596 3355 3787 3408 vinctos
3826 3356 3881 3409 in

2280 3431 2566 3486 Jerusalem
2596 3444 2650 3485 ut
2678 3436 2995 3501 punirentur.
3038 3436 3092 3489 6.
3134 3436 3350 3490 Factum
3388 3452 3462 3492 est
3499 3452 3666 3495 autem
3686 3484 3701 3507 ,
3731 3456 3883 3499 eunte

2282 3540 2362 3576 me
2400 3536 2445 3577 et
2482 3528 2924 3597 appropinquante
2968 3526 3241 3593 Damasco,
3288 3529 3455 3583 media
3499 3532 3582 3586 die
3616 3533 3783 3588 subito
3819 3537 3883 3590 de

2282 3615 2409 3669 cielo
2456 3618 2791 3686 circumfulsit
2835 3634 2915 3671 me
2958 3620 3050 3673 lux
3092 3622 3315 3688 capiosa,
3364 3622 3412 3675 7.
3459 3634 3508 3676 et
3546 3626 3784 3680 decidens
3826 3629 3881 3681 in

2282 3716 2497 3773 terram,
2539 3710 2711 3763 audivi
2748 3726 2918 3765 vocem
2958 3712 3203 3767 dicentem
3242 3716 3367 3767 mihi
3399 3732 3417 3768 :
3447 3717 3637 3784 Saule,
3684 3708 3878 3787 S‘aule,

2282 3802 2404 3869 quid
2429 3818 2507 3855 me
2533 3804 2890 3873 persequeris?
2915 3804 2967 3859 8.
3005 3805 3114 3876 Ego
3140 3818 3309 3861 autem
3334 3811 3575 3879 respondi
3601 3831 3619 3866 :
3649 3811 3779 3878 Quis
3808 3834 3881 3879 es,

2285 3891 2500 3946 Domine
2518 3895 2543 3947 ?
2572 3892 2815 3964 Dixitque
2842 3896 2911 3949 ad
2935 3913 3012 3950 me
3043 3913 3062 3951 :
3094 3896 3205 3970 Ego
3231 3917 3344 3953 sum
3369 3900 3520 3956 Iesus
3548 3901 3882 3971 Nazarenus,

2283 4000 2430 4053 quem
2460 3995 2515 4038 tu
2542 3989 2876 4057 persequeris.
2920 3988 3044 4042 Haec
3086 4000 3234 4044 certe
3272 3989 3377 4045 ﬁde
3404 3992 3692 4048 admodum
3723 3996 3884 4067 digna

2287 4074 2470 4129 haberi
2512 4078 2795 4145 Oportebat
2840 4094 2906 4132 ex
2955 4080 3039 4141 iis,
3086 4096 3207 4148 quae
3253 4094 3671 4149 princesserant;
3708 4103 3888 4155 neque

2286 4166 2428 4221 enim
2469 4179 2702 4223 mutatus
2730 4171 2903 4225 fuerit.
2931 4171 3066 4236 Quid
3109 4172 3296 4242 igitur,
3327 4176 3556 4245 inquies,
3583 4177 3630 4232 si
3659 4193 3782 4235 sese
3804 4182 3890 4249 ja-

2288 4260 2431 4312 ctat?
2451 4259 2794 4330 Nequaquam
2820 4263 2859 4315 ¹.
2884 4262 2991 4317 Cur
3017 4262 3181 4329 enim,
3213 4280 3415 4334 quaeso,
3440 4283 3559 4324 sese
3588 4282 3813 4340 repente
3835 4275 3887 4328 in

2291 4359 2493 4403 tantum
2522 4351 2693 4405 zelum
2722 4352 3034 4420 injecisset?
3058 4355 3197 4423 quod
3224 4355 3488 4411 honorem
3511 4369 3889 4429 exspectaret!l

2290 4442 2449 4509 Atqui
2490 4442 2756 4496 contraria
2794 4459 2981 4512 passus
3010 4454 3111 4499 est.
3141 4446 3294 4513 Quod
3322 4449 3555 4515 quietem
3598 4455 3892 4521 speraret?

2289 4532 2471 4601 Neque
2503 4532 2604 4587 hoc
2634 4548 2785 4588 sane.
2828 4537 2912 4589 An
2953 4536 3053 4591 alia
3091 4538 3161 4592 de
3204 4540 3401 4593 causa?
3430 4540 3573 4596 Nihil
3602 4545 3891 4602 ratiocinio

2293 4623 2518 4678 inveniri
2551 4633 2745 4694 potest.
2776 4626 2901 4681 Haec
2931 4626 3034 4682 illis
3076 4629 3373 4699 colligenda
3413 4642 3466 4687 et
3498 4631 3777 4691 inferenda
3806 4654 3893 4693 re-

2292 4714 2568 4783 linquens,
2620 4732 2708 4771 res
2755 4717 2897 4786 ipsas
2942 4728 3125 4772 narrat
3170 4730 3223 4773 et
3264 4721 3392 4775 dicit
3427 4709 3440 4777 ὲ
3476 4722 3562 4778 Me
3601 4730 3891 4796 appropin-

2292 4820 2479 4876 quante
2510 4809 2785 4873 Damasco,
2816 4811 2982 4863 media
3007 4810 3088 4863 die
3122 4810 3285 4865 subito
3312 4812 3375 4866 de
3403 4816 3527 4868 caelo
3553 4816 3895 4887 circumfulsit

2293 4917 2372 4954 me
2401 4902 2491 4955 tua:
2518 4903 2745 4971 capiosa,
2779 4911 2825 4955 et
2852 4902 3018 4955 decidi
3042 4902 3095 4955 in
3123 4914 3331 4981 terram.
3366 4902 3500 4961 Vide
3526 4918 3726 4979 quanta
3756 4910 3897 4966 lucis

2294 4992 2469 5061 cepia.
2493 4992 2753 5062 Quodque
2781 5009 2885 5047 non
2915 5010 2981 5049 ex
3003 4994 3258 5061 jactantia
3284 4996 3554 5067 loquatur.
3581 5009 3744 5055 testes
3768 5012 3897 5057 sunt

2294 5084 2383 5153 qni
2424 5084 2667 5146 aderant,
2699 5084 2787 5154 qui
2831 5100 2991 5138 manu
3036 5085 3387 5153 deduxerant,
3422 5091 3509 5157 qui
3542 5090 3716 5146 lucem
3748 5094 3897 5150 vide-

2298 5188 2437 5231 ruiit.
2471 5178 2521 5233 9.
2559 5179 2657 5245 Qui
2691 5189 2859 5231 autem
2888 5196 3079 5233 mecum
3106 5191 3269 5248 erant,
3300 5183 3469 5237 lumen
3508 5185 3711 5253 quidem
3751 5188 3895 5243 vide-

2296 5280 2433 5332 runt,
2464 5280 2509 5323 et
2530 5270 2754 5323 exterriti
2775 5280 2930 5334 sunt;
2956 5286 3122 5326 vocem
3150 5284 3317 5327 autem
3341 5290 3444 5328 non
3466 5276 3740 5332 audierunt
3760 5282 3894 5351 ejus,

2297 5362 2381 5430 qui
2411 5362 2707 5430 loquebatur
2735 5379 2945 5416 mecum.
2977 5364 3053 5419 Ne
3080 5374 3317 5434 stupeas,
3346 5366 3389 5420 si
3419 5365 3506 5421 hic
3530 5368 3624 5435 ita,
3649 5370 3779 5427 alibi
3804 5389 3894 5429 au-

2301 5462 2405 5507 tem
2436 5456 2513 5509 sic
2544 5456 2791 5523 loquatur
2816 5477 2830 5513 :
2865 5455 3126 5511 Steterunt
3166 5475 3335 5514 vocem
3366 5461 3572 5529 quidem
3594 5465 3893 5529 audientes,

2300 5548 2542 5601 neminem
2582 5556 2749 5599 autem
2778 5548 2999 5602 videntes
3037 5550 3173 5604 (Act.
3210 5549 3260 5605 9.
3301 5551 3377 5620 7).
3420 5552 3534 5608 Non
3576 5567 3705 5609 sunt
3755 5563 3894 5615 enim

2367 5740 2382 5760 ι
2422 5726 2549 5789 Vox,
2568 5739 2888 5790 nequaquam,
2913 5729 2960 5776 in
2985 5726 3269 5791 quibusdam
3293 5729 3457 5783 deest.
