4094 6336
175 381 263 433 δέτ
1170 377 1238 433 ΙΝ
1277 373 1459 431 ACTA
1504 369 2046 429 APOSTOLORUM.
2077 367 2312 424 HOMIL.
2348 366 2559 423 XLVII.

223 499 344 568 Ὀρα
399 496 727 567 τεταγμένον
788 496 991 566 ἄνδρα,
1051 494 1154 566 δρα
1218 492 1567 564 οἰκονομίαν·
1623 491 1671 542 εί
1723 489 1799 559 μὴ

166 586 399 655 χιλίαρχος
419 581 595 655 ἦλθεν,
622 587 670 637 εί
698 585 772 656 μὴ
794 585 1001 655 ἔδησεν,
1030 583 1130 635 οὑκ
1154 580 1221 635 ἂν
1250 580 1444 651 ἐδεήθη
1472 579 1632 647 λόγου
1661 580 1800 649 πρὸς

161 673 436 741 ἀπολογίαν,
466 674 565 726 οὑκ
597 672 663 726 ἀν
689 672 955 739 τοσαύτης
984 671 1266 723 ἀπέλαυσε
1298 669 1473 738 σιγῆς.
1536 665 1799 735 Ἐπιτρέ-

160 766 356 828 ζοιιντος
381 760 445 812 δὲ
466 760 671 823 αὑτοῦ,
706 762 739 813 ὀ
767 758 1010 823 Παῦλος
1030 770 1055 798 α
1083 756 1275 823 ἑστὼς
1296 756 1396 809 ἐπὶ
1427 754 1550 809 τῶν
1576 754 1799 810 ἀναϐα-

162 848 310 916 θμῶν.
350 848 453 901 Καὶ
491 848 598 901 ἀπὸ
643 846 738 901 τοῦ
781 846 947 899 τόπου
991 845 1161 917 πολλὴ
1213 847 1245 915 ἡ
1299 844 1540 903 εὐκολία,
1590 842 1650 895 τὸ
1704 840 1800 895 καὶ

160 936 328 1003 ὑψηλὸν
356 936 479 989 ὄντα
507 937 842 1007 δημηγορεῖν
872 936 967 988 καὶ
1007 934 1309 1005 δεδεμένον.
1348 932 1413 985 Τί
1454 931 1648 984 τούτου
1684 932 1799 983 ἴσον

160 1024 234 1075 τοῦ
277 1024 567 1094 θεάματος,
611 1023 764 1076 δυσὶν
804 1022 1031 1077 ἁλύσεσι
1083 1021 1366 1093 δεδεμένον
1419 1021 1545 1073 ίδείν
1585 1017 1798 1071 Παῦλον

159 1111 565 1181 δημηγοροῦντα;
618 1110 735 1173 πῶς
772 1112 873 1164 οὑκ
902 1110 1179 1182 ἐταράχθη
1205 1149 1218 1172 ,
1256 1109 1372 1172 πῶς
1402 1109 1464 1161 οὑ
1502 1106 1795 1178 συνεχύθη,

160 1200 373 1253 τοσοῦτον
407 1200 571 1271 δῆμον
615 1198 1148 1270 ἐκπεπολεμωμένον
1195 1197 1338 1268 ὁρῶν
1385 1197 1479 1250 τοῦ
1534 1196 1799 1266 ἄρχοντος

158 1286 452 1354 ἐφεστῶτος;
482 1288 752 1359 Πρότερον
772 1288 1085 1357 ἀπέστησεν
1106 1287 1305 1349 αὑτοὺς
1330 1284 1424 1338 τοῦ
1452 1282 1651 1355 θυμοῦ,
1679 1280 1799 1338 εἶτα

158 1374 435 1443 διαλέγεται·
467 1375 562 1428 καὶ
604 1377 705 1447 ὅρα
743 1375 861 1439 πῶς
904 1374 1205 1444 φρονίμως.
1258 1374 1437 1444 Ὅπερ
1480 1372 1591 1443 γὰρ
1632 1374 1691 1424 ἐν
1731 1376 1797 1443 τῇ

160 1460 268 1528 πρὸς
305 1459 581 1531 Ἐϐραίους
611 1459 867 1530 ἐπιστολῇ
902 1460 1149 1530 ἐποίησε,
1198 1457 1358 1511 τοῦτο
1390 1459 1483 1511 καὶ
1523 1456 1757 1511 ἐνταῦθα
1781 1475 1793 1487 ·

159 1549 334 1620 πρῶτον
355 1552 417 1621 τῇ
449 1550 741 1620 συγγενείᾳ
768 1549 864 1617 τῆς
889 1549 1076 1619 φωνῆς
1098 1548 1300 1612 αὐτοὺς
1325 1548 1647 1602 ἐπισπᾶται·
1677 1541 1798 1599 εἶτα

158 1635 276 1706 αὑτῷ
311 1637 380 1705 τῷ
412 1637 601 1709 ἡμέρῳ
623 1654 634 1666 ·
659 1637 741 1690 διὸ
769 1637 863 1690 καλ⁸
896 1635 1054 1693 τοῦτο
1083 1635 1258 1706 δηλῶν
1295 1635 1510 1703 ἐπάγει·
1548 1632 1797 1700 Πολλῆς

156 1723 208 1775 δὲ
263 1724 428 1793 σιγῆς
488 1724 856 1795 γενομένης,
917 1723 1392 1793 προσεφώνησε,
1473 1722 1643 1794 φησὶ,
1720 1721 1795 1791 τῇ

166 1811 379 1878 Ἐϐραΐδι
411 1812 704 1877 διαλέκτῳ
736 1813 961 1883 λέγων·
997 1813 1239 1881 Ἄνδρες
1268 1811 1521 1880 ἀδελφοὶ
1548 1810 1650 1864 καὶ
1683 1825 1795 1864 πα-

154 1902 308 1965 τέρες,
333 1900 632 1955 ἀκούσατέ
651 1920 770 1971 μου
798 1901 907 1968 τῆς
931 1901 1081 1969 πρὸς
1112 1900 1270 1971 ὑμᾶς
1298 1904 1416 1954 νῦν
1436 1900 1793 1971 ἀπολογίας.

157 1988 269 2055 Ὅρα
305 1990 390 2042 καὶ
438 1990 732 2053 κολακείας
780 1990 1201 2061 ἀπηλλαγμένον
1247 1990 1340 2043 τὸν
1387 1988 1547 2058 λόγον
1596 1988 1692 2042 καὶ
1737 1989 1796 2043 τὸ

154 2077 357 2140 ἐπιεικὲς
387 2078 601 2148 ἔχοντα.
644 2080 717 2134 Οὑ
766 2079 872 2150 γάρ
912 2074 1055 2146 εἷπε,
1097 2078 1388 2145 Δεσπόται,
1423 2078 1543 2133 οὐδὲ
1576 2079 1794 2151 Κύριοι,

154 2164 280 2227 ἀλλὰ,
316 2166 612 2235 Ἀδελφοί·
642 2166 670 2219 ὃ
705 2167 943 2237 μάλιστα
970 2167 1220 2231 ἐπόθουν,
1255 2167 1386 2221 ὡσεὶ
1426 2167 1612 2237 ἔλεγεν
1637 2184 1650 2198 ·
1681 2168 1797 2221 Οὑκ

154 2252 392 2325 ἀλλότριος
416 2256 574 2324 ὑμῶν
607 2257 740 2325 ἐγὼ,
771 2257 890 2312 οὑδὲ
916 2258 1037 2311 καθ’
1061 2258 1233 2329 ὑμῶν.
1272 2259 1515 2327 Ἄνδρες
1541 2258 1797 2329 ἀδελφοί

152 2341 227 2393 καί
256 2344 509 2411 πατέρες,
544 2346 701 2414 φησί.
747 2345 918 2398 Τοῦτο
945 2345 1148 2415 τιμῆς,
1191 2346 1370 2400 ἐκεῖνο
1412 2346 1792 2418 γνησιότητος.

156 2426 274 2500 [552]
309 2430 631 2486 Ἀκούσατέ
658 2450 775 2502 μου
801 2431 909 2501 τῆς
939 2432 1086 2501 πρὸς
1107 2432 1264 2503 ὑμᾶς
1296 2434 1414 2489 νῦν
1439 2434 1791 2504 ἀπολογίας.

153 2518 240 2569 UL}:
267 2514 395 2584 εἷπε,
430 2521 814 2586 Διδασκαλίας,
840 2521 959 2575 οὑδὲ
984 2564 998 2586 ,
1028 2521 1404 2594 Δημηγορίας,
1437 2523 1594 2588 ἀλλά,
1640 2525 1800 2577 Ἀπο-

151 2605 352 2673 λογίας·
382 2607 439 2660 ἐν
466 2607 623 2675 τάξει
651 2609 831 2662 ἱκέτου
860 2609 1049 2662 ἐαυτὸν
1084 2610 1429 2680 καθίστησιν.
1470 2611 1792 2666 Ἀκούσαν-

150 2706 225 2755 τες
246 2692 322 2758 δὲ,
348 2694 432 2747 ὅτι
456 2695 529 2763 τῇ
570 2695 825 2763 Ἐϐραΐδι
847 2696 1142 2762 διαλέκτῳ
1172 2698 1546 2767 προσεφώνει
1566 2697 1791 2765 αὐτοῖς,

151 2776 347 2838 μᾶλλον
378 2783 696 2851 παρέσχον
730 2784 1020 2853 ἡσυχίαν.
1066 2787 1229 2857 Ὁρᾷς
1251 2827 1265 2849 ,
1296 2786 1414 2850 πῶς
1447 2787 1648 2849 αὐτοὺς
1680 2780 1794 2840 εἷλε

149 2866 195 2918 τὸ
221 2868 522 2938 ὁμόφωνονς
562 2866 707 2943 εἶχον
740 2871 850 2943 γάρ
894 2890 1015 2927 τινα
1060 2873 1197 2927 αἰδῶ
1232 2874 1369 2945 πρὸς
1408 2875 1508 2945 τὴν
1546 2874 1794 2947 γλῶτταν

151 2954 346 3027 ἐκείνην.
383 2958 527 3030 Ὅρα
560 2960 616 3013 δὲ
649 2961 744 3014 καὶ
783 2960 901 3024 πῶς
944 2962 1288 3033 προοδοποιεῖ
1320 2962 1398 3033 τῷ
1438 2962 1581 3035 λόγῳ
1620 2964 1794 3029 οὕτως

150 3043 407 3115 ἀρχόμενος
439 3050 534 3102 καὶ
572 3049 776 3118 λέγων·
817 3049 965 3119 Ἐγὼ
990 3049 1109 3118 μέν
1134 3052 1251 3121 εἶμι
1282 3052 1439 3120 ἀνὴρ
1480 3052 1791 3123 Ἰουδαῖος,

150 3136 541 3204 γεγεννημένος
576 3137 643 3191 ὲν
690 3136 902 3204 Ταρσῷ
934 3136 1044 3207 τῆς
1087 3140 1390 3205 Κιλικίας,
1426 3140 1795 3211 ἀνατεθραμ-

144 3219 293 3289 μένος
319 3224 383 3277 ὲν
408 3223 481 3292 τῇ
520 3225 695 3278 πόλει
724 3226 910 3293 ταύτῃ
940 3227 1098 3294 παρά
1132 3226 1275 3293 τοὺς
1303 3226 1496 3294 πόδας
1526 3232 1794 3299 Γαμαλι-

152 3311 290 3373 ἠλυυ,
306 3312 779 3383 πεπαιδευμένος
798 3313 866 3366 δὲ
888 3313 1036 3369 κατὰ
1063 3316 1369 3384 ἀκρίϐειαν
1390 3316 1497 3371 τοῦ
1520 3318 1793 3386 πατρῴου

150 3397 319 3463 νόμου,
357 3397 623 3469 ζηλωτὴς
659 3401 949 3472 ὑπάρχων
984 3404 1089 3459 τοῦ
1122 3405 1303 3469 Θεοῦ,
1338 3405 1532 3472 καθὼς
1567 3408 1794 3476 πάντες

148 3483 282 3551 ὑμεῖς
297 3488 430 3541 ἐστε
450 3488 743 3558 σήμερον.
781 3490 931 3560 Ἐγὼ
946 3491 1064 3560 μέν
1087 3495 1226 3560 ειμι,
1248 3493 1436 3563 φησὶν,
1465 3494 1622 3563 ἀνὴρ
1656 3497 1794 3551 Ἴου·

146 3568 297 3638 δαῖος·
326 3574 352 3625 ὃ
379 3576 619 3646 μάλιστα
651 3578 871 3631 πάντων
895 3579 1124 3633 ἐπόθουν
1145 3580 1398 3635 ἀκοῦσαι.
1430 3585 1793 3654 Γεγεννημέ-

146 3677 229 3726 νος
253 3664 314 3716 ἐν
346 3664 552 3734 Ταρσῷ
592 3666 704 3735 τῆς
731 3669 1025 3735 Κιλικίας.
1057 3670 1175 3723 ’Ἵνα
1210 3672 1285 3742 μὴ
1329 3672 1493 3726 πάλιν
1526 3673 1792 3744 νομίσωσι

146 3748 191 3799 τὸ
220 3750 352 3817 ἔθνος
382 3755 541 3818 ἄλλο,
572 3755 671 3826 τὴν
707 3755 1005 3827 θρησκείαν
1051 3760 1351 3828 ἐπήγαγεν.
1406 3761 1790 3832 Ἀνατεθραμ-

143 3837 286 3905 μένος
320 3841 385 3893 δὲ
418 3842 490 3896 ἐν
522 3841 601 3912 τῇ
636 3845 809 3898 πόλει
845 3847 1052 3914 ταύτῃ.
1086 3847 1199 3917 Τὴν
1232 3847 1432 3920 πολλὴν
1472 3850 1639 3903 αὑτοῦ
1680 3850 1790 3904 δεί-

147 3944 271 3980 κνυσι
300 3931 532 4003 σπουδὴν
563 3932 662 4003 τὴν
698 3934 825 4003 περὶ
849 3933 945 4004 τὴν
977 3935 1255 4007 λατρείαν,
1283 3939 1416 3992 ὅπου
1451 3956 1514 4007 γε
1563 3941 1659 3993 καὶ
1694 3958 1793 3993 πα·

145 4014 266 4082 τρίδα
302 4019 637 4092 τηλικαύτην
682 4022 841 4091 ἀφεὶς
873 4023 1127 4077 τοσοῦτον
1159 4026 1511 4094 ἀφεστῶσαν,
1555 4029 1792 4083 ἐνταῦθα

144 4102 285 4157 εἵλετο
304 4109 580 4179 τραφῆναι
616 4110 702 4164 διὰ
729 4110 821 4162 τὸν
851 4112 1036 4181 νόμον.
1068 4114 1211 4185 Ὅρα
1241 4114 1357 4178 πῶς
1380 4115 1586 4169 ἀνωθεν
1621 4134 1792 4189 προσ-

144 4194 228 4260 εῖχε
262 4195 333 4265 τῷ
361 4196 533 4268 νόμῳ.
569 4197 756 4251 Ταῦτα
785 4198 842 4252 δὲ
870 4200 931 4252 οὑ
965 4201 1101 4271 πρὸς
1130 4202 1372 4266 ἐκείνους
1412 4204 1789 4275 ἀπολογούμεη

144 4298 209 4341 νος
248 4284 395 4352 μόνον
445 4286 647 4357 φησὶν,
698 4287 833 4342 ἀλλά
884 4288 1118 4353 δεικνὺς,
1169 4291 1254 4344 ὅτι
1307 4291 1408 4345 οὑκ
1460 4294 1790 4366 ἀνθρωπίνῳ

146 4370 297 4441 σκοπῷ
327 4373 460 4444 πρὸς
503 4374 568 4427 τὸ
596 4374 862 4445 κήρυγμα
891 4376 1055 4448 ἤχθη,
1093 4378 1229 4432 ἀλλὰ
1265 4379 1387 4451 θεία
1422 4380 1691 4451 δυνάμει·
1728 4384 1786 4435 οὑ

142 4456 225 4524 γὰρ
262 4459 322 4513 ἂν
364 4461 512 4516 οὕτω
548 4464 985 4535 πεπαιδευμένος
1031 4466 1227 4537 ἀθρόον
1267 4468 1527 4542 μετέστη.
1572 4472 1635 4524 El
1691 4473 1790 4541 μὲν

143 4544 225 4614 γάρ
244 4541 305 4619 ἦν
332 4566 415 4613 τις
440 4550 553 4604 τῶν
589 4551 800 4605 πολλῶν
822 4596 836 4617 ,
872 4554 1017 4617 εἰκὸς
1045 4550 1113 4625 ἦν
1142 4556 1299 4609 τοῦτυ
1334 4559 1704 4613 ὑποπτεῦσαι·
1742 4563 1788 4614 εἰ

141 4630 181 4682 ξςὲ
213 4635 306 4688 τῶν
356 4638 596 4707 μάλιστα
636 4640 856 4694 πάντων
888 4644 1269 4713 κατεχομένων
1304 4646 1408 4698 ὑπὸ
1455 4645 1550 4700 τοῦ
1596 4648 1787 4719 νόμου,

142 4720 217 4773 οὒκ
239 4718 299 4794 ἦν
328 4728 478 4791 είκδς
508 4728 697 4791 ἁπλῶς
730 4729 823 4782 καὶ
861 4730 1119 4802 οὐδεμιᾶς
1158 4734 1406 4801 ἀνάγκης
1444 4718 1675 4807 ἰσχυρᾶς
1708 4738 1791 4791 οὗ·

143 4823 217 4875 της
244 4814 565 4879 μεταθέσθαι
610 4816 793 4869 αὐτόν.
838 4816 975 4869 Ἀλλ’
1025 4820 1156 4882 ἴσως
1196 4822 1340 4873 εἴποι
1378 4840 1462 4885 τις
1498 4824 1582 4877 ἀν’
1625 4825 1790 4879 Οὑδέν

140 4895 266 4950 τοῦτο
296 4905 458 4965 ποιεῖ,
488 4904 573 4955 ὅτι
605 4904 839 4958 ἐνταῦθα
873 4907 1174 4977 ἀνετράφη·
1212 4909 1264 4969 τί
1295 4910 1403 4980 γὰρ
1434 4914 1481 4964 εί
1516 4914 1658 4967 κατά
1687 4917 1787 4985 ἐμ-

142 4986 359 5057 πορίανῆ
390 4993 515 5043 κατ’
541 4990 708 5062 ἀλλην
740 4994 862 5046 τινὰ
894 4996 1071 5050 αἰτίαν
1109 4997 1338 5051 ἐνταῦθα
1368 5000 1637 5068 γέγονας;
1671 5006 1787 5057 Ἵνα

141 5072 283 5125 τοίνυν
315 5078 385 5147 μὴ
416 5078 507 5132 διὰ
542 5079 698 5132 τοῦτο
724 5082 983 5154 νομισθῇ,
1011 5086 1279 5155 ἐπήγαγε,
1317 5089 1479 5155 Παρὰ
1511 5092 1645 5156 τοὺς
1681 5096 1786 5145 πό-

139 5156 224 5250 δας
258 5166 649 5234 Γαμαλιήλου
671 5185 683 5198 ·
728 5171 820 5221 καὶ
858 5172 955 5241 οὑχ
988 5173 1174 5237 ἀπλῶς
1219 5175 1339 5228 εἷπε
1364 5216 1377 5238 ,
1411 5179 1570 5249 Παρᾶ
1606 5181 1786 5250 Γαμα-

142 5249 322 5313 ιεήὶον,
348 5254 506 5319 ἀλλὰ,
545 5258 711 5323 Παρὰ
748 5257 889 5320 τοὺς
924 5260 1113 5326 πόδας
1140 5304 1153 5327 ,
1188 5262 1287 5332 τὴν
1324 5267 1654 5335 καρτερίαν,
1691 5271 1787 5336 τὴν

142 5340 463 5409 προσεδρείαν
485 5384 499 5402 ,
530 5343 629 5412 τὴν
664 5345 897 5415 σπουδὴν
924 5346 1022 5419 τὴν
1062 5350 1189 5419 περὶ
1214 5352 1312 5421 τὴν
1346 5354 1614 5425 ἀκρόασιν
1634 5399 1647 5421 ,
1691 5358 1788 5428 τὴν

140 5425 306 5495 πολλὴν
337 5430 472 5498 πρὸς
515 5430 605 5482 τὸν
646 5431 815 5502 ἄνδρα
858 5434 990 5486 αἰδῶ
1018 5436 1255 5500 δεικνύς.
1303 5425 1787 5513 Πεπαιδευμένος

142 5512 263 5563 rati;
279 5514 581 5581 ἀκρίϐειαν
602 5519 708 5573 τοῦ
727 5519 1002 5587 πατρῴου
1026 5526 1236 5593 νόμου.
1254 5527 1363 5596 Οὐχ
1390 5530 1575 5594 ἁπλῶς
1596 5534 1783 5603 νόμου,

140 5597 246 5651 ἀλλὰ
300 5603 405 5657 Τοῦ
454 5606 732 5673 πατρῴου
774 5611 1131 5680 προστίθησι·
1183 5614 1396 5679 δεικνὺς
1452 5619 1533 5670 ὅτι
1580 5597 1785 5675 ἄνωθεν

139 5686 342 5752 τοιοῦτος
366 5686 455 5761 ἢν,
499 5696 592 5745 καὶ
622 5695 719 5764 οὑχ
754 5697 941 5761 ἁπλῶς
974 5700 1131 5763 εἰδὼς
1158 5702 1248 5754 τὸν
1281 5704 1463 5773 νόμον.
1502 5708 1685 5762 Ταῦτα
1730 5713 1785 5765 δὲ

139 5771 258 5828 ἰοκεῖ
288 5779 381 5846 μὲν
414 5782 555 5851 ὑπὲρ
586 5783 810 5835 ἐκείνων
846 5785 1137 5852 λέγεσθαι,
1173 5793 1292 5843 κατ’
1328 5793 1550 5847 ἐκείνων
1596 5797 1651 5848 δὲ
1692 5787 1779 5863 ἦν,

141 5867 177 5908 εἰ
208 5880 259 5927 γε
286 5867 373 5918 καὶ
405 5868 558 5933 εἰδὼς
586 5871 750 5923 ali-Av
784 5872 984 5927 εἴασεν.
1036 5872 1167 5929 Εἶτα
1196 5920 1207 5942 ,
1261 5878 1344 5931 ἵνα
1379 5881 1452 5951 μὴ
1496 5883 1655 5935 πάλιν
1703 5906 1783 5948 τις

190 5998 339 6061 'Hmc,
375 6009 707 6070 ἐπιτρέψαντος
748 6016 796 6061 δὲ
830 6016 977 6064 αὐτοῦ

150 6020 339 6107 adtunc.
375 6020 707 6070 ἐπιτρέψαντος
748 6020 796 6061 δὲ
830 6020 996 6078 αὑτοῦ,
1045 6020 1069 6065 ὁ
1118 6020 1323 6075 Ηαῦλικ,
1370 6036 1495 6071 unus
1544 6039 1637 6073 non
1692 6029 1777 6077 lu-

434 6165 700 6219 l’ATnOl..
753 6162 867 6219 Gn.
921 6160 1050 6222 LX.

3498 356 3606 411 528

1908 490 2201 562 ἐπενέγκῃ·
2246 490 2299 544 τί
2324 482 2440 553 οὖν,
2472 487 2521 539 εί
2554 479 2703 548 οἶδας
2737 482 2835 553 μὲν
2863 479 3108 551 ἀκριϐῶς
3140 478 3232 532 τδν
3270 477 3433 549 νόμον
3453 519 3468 542 ,
3503 478 3605 530 οὑκ

1908 578 2145 642 ἐκδικεῖς
2186 576 2242 631 δέ
2285 577 2407 630 οὑδὲ
2436 575 2645 644 φιλεῖς;
2686 570 3008 640 Ζηλωτὴς,
3044 569 3209 638 φησὶν
3229 608 3243 632 ,
3272 567 3565 635 ὑπάρχων
3590 582 3603 597 ·

1905 667 2214 726 τουτέστιν,
2262 667 2359 734 οὑχ
2392 664 2580 727 ἁπλῶς
2624 660 2815 724 εἰδὼς,
2863 658 2998 712 ἀλλά
3039 657 3135 711 καὶ
3176 656 3383 728 σφόδρα
3425 654 3606 724 ζηλῶν

1908 757 2047 825 ὑπὲρ
2077 755 2265 809 αὑτοῦ.
2301 749 2458 819 Εἶτα,
2492 750 2682 821 ἐπειδὴ
2718 748 2935 817 μεγάλα
2976 748 3108 817 περὶ
3138 746 3306 800 αὐτοῦ
3353 744 3606 817 ἐγκώμια

1906 840 2047 904 εἷπε,
2078 844 2250 895 κοινοῖ
2291 841 2383 894 τὸν
2422 841 2581 908 λόγον
2608 836 2816 900 λοιπὸν,
2852 836 3079 903 ἐπάγων
3101 875 3115 897 ,
3142 834 3350 900 Καθὼς
3380 832 3538 887 πάντ
3566 853 3609 898 ης

1905 930 2077 1000 ὑμεῖς
2108 932 2251 984 ἐστε
2284 927 2575 999 σήμερον.
2613 927 2869 979 Δείκνυσι
2892 924 3003 995 γάρ
3032 923 3231 985 αὑτοὺς
3269 922 3371 974 οὑκ
3401 919 3609 989 ἀνθρω-

1908 1020 2049 1090 πίνῳ
2074 1017 2262 1089 σκοπῷ
2291 1016 2603 1081 ποιοῦντας,
2637 1013 2773 1069 ἀλλά
2801 1010 2949 1085 ζήλῳ
2974 1011 3125 1080 θείῳ.
3157 1010 3329 1063 Τοῦτο
3349 1008 3406 1062 δὲ
3433 1008 3605 1077 λέγει,

1908 1108 2270 1180 χαριζόμενος
2319 1106 2503 1170 αὑτοῖς
2550 1104 2647 1158 καὶ
2697 1100 3250 1173 προκαταλαμϐάνων
3295 1098 3477 1177 αὑτῶν
3509 1096 3608 1167 τὴν

1906 1198 2169 1261 διάνοιαν,
2207 1195 2301 1249 καὶ
2334 1195 2583 1264 κατέχων
2614 1194 2670 1246 ἐν
2698 1188 2779 1255 οἷς
2813 1190 3012 1261 βλάϐος
3040 1189 3194 1245 οὐδὲν
3223 1183 3313 1258 ἦν.
3347 1182 3481 1240 Εἶτα
3512 1184 3610 1239 καὶ

1906 1287 2188 1355 τεκμήρια
2253 1285 2529 1355 παράγει,
2592 1283 2786 1351 λέγων·
2852 1280 2961 1345 ⁸⁸ος
3012 1280 3241 1345 ταύτην
3296 1275 3415 1343 τὴν
3462 1275 3611 1329 ὁδὸν

1904 1372 2122 1437 ἐδίωξα
2154 1372 2266 1438 ἕως
2314 1371 2599 1435 θανάτου,
2626 1368 2941 1438 δεσμεύων
2972 1366 3070 1420 καὶ
3103 1363 3476 1433 παραδιδοὺς
3520 1364 3611 1427 είς

1906 1459 2185 1529 φυλακὰς
2207 1458 2433 1529 ἄνδρας
2453 1475 2518 1513 τε
2543 1458 2641 1511 καί
2670 1455 2989 1526 γυναῖκας,
3014 1456 3097 1518 ὠς
3117 1453 3213 1506 καὶ
3242 1455 3274 1506 ὁ
3296 1450 3606 1519 ἀρχιερεὺς

1900 1549 2195 1618 μαρτυρεῖ
2212 1566 2312 1618 μοι
2334 1590 2351 1614 ,
2386 1546 2486 1602 καὶ
2511 1546 2636 1601 πᾶν
2668 1546 2733 1599 τὸ
2762 1542 3216 1613 πρεσϐυτέριον.
3257 1540 3377 1593 Ἵνα
3418 1538 3609 1610 μηδεὶς

1906 1637 2071 1710 εἴπῃ·
2113 1639 2223 1691 Καὶ
2263 1637 2425 1690 πόθεν
2456 1636 2617 1689 τοῦτο
2651 1634 2856 1703 δῆλον;
2897 1632 3192 1704 μάρτυρας
3228 1628 3471 1700 παράγει
3512 1626 3609 1680 αὑ-

1904 1726 1996 1779 τὸν
2025 1726 2117 1780 τὸν
2150 1725 2413 1797 ἀρχιερέα
2438 1725 2534 1779 καὶ
2559 1726 2686 1788 τοὺς
2719 1721 3152 1793 πρεσϐυτέρους.
3190 1720 3299 1774 Καὶ
3329 1717 3479 1786 λέγει
3510 1717 3609 1787 μὲν

1904 1812 2133 1868 λεαίνων
2156 1855 2169 1876 ,
2196 1812 2485 1881 Ζηλωτὴς
2515 1812 2805 1881 ὑπάρχων
2832 1809 2982 1882 [555]
3008 1808 3205 1874 καθὼς
3235 1807 3424 1877 ὑμεῖς,
3454 1823 3611 1859 τουτο

1906 1903 2053 1956 ἐστιν
2076 1943 2089 1965 ,
2124 1902 2237 1966 ἴσος
2272 1903 2433 1972 ὑμῖν·
2466 1902 2704 1956 δείκνυσι
2736 1902 2793 1955 δέ
2834 1900 2923 1955 διά
2965 1899 3076 1953 τῶν
3100 1898 3280 1969 ἔργων
3301 1939 3314 1961 ,
3349 1898 3431 1951 ὅτι
3466 1896 3610 1967 ὑπὲρ

1905 1992 2105 2053 αὐτοὺς
2128 1986 2215 2061 ἦν.
2249 1992 2323 2045 Οὑ
2350 1991 2459 2061 γὰρ
2497 1991 2560 2062 δὴ
2592 1989 2922 2061 περιέμενον
2956 1987 3097 2042 ὥστε
3130 1984 3441 2050 συλλαϐεῖν,
3469 1985 3607 2039 ἀλλά

1906 2084 2001 2133 καὶ
2040 2082 2165 2143 τοὺς
2197 2078 2377 2150 ίερέας
2413 2080 2721 2150 διήγειρον,
2751 2078 2847 2133 καὶ
2886 2076 3201 2147 ἀποδημίας
3247 2075 3602 2144 ἐστελλόμην·

1906 2168 1999 2221 καὶ
2027 2167 2149 2221 οὑδέ
2185 2168 2382 2239 μέχρις
2412 2167 2624 2238 ἀνδρῶν
2656 2167 2900 2238 ἐχώρουν
2938 2165 3195 2236 καθάπερ
3236 2165 3429 2234 ὑμεῖς,
3469 2161 3609 2219 ἀλλά

1905 2257 2315 2324 καὶγυναικῶν·
2345 2256 2439 2310 καὶ
2455 2256 2739 2327 δεσμεύων
2770 2257 3007 2319 πάντας,
3038 2255 3134 2309 καὶ
3156 2256 3235 2317 είς
3253 2253 3607 2325 δεσμωτήρια

1904 2346 2211 2415 ἐμϐάλλων.
2258 2345 2777 2419 Ἀναμφισϐήτητος
2808 2348 2841 2417 ἡ
2880 2344 3181 2417 μαρτυρία,
3219 2342 3609 2411 ἀναπολόγητα

1904 2436 1973 2487 τά
2018 2434 2125 2489 τῶν
2169 2434 2461 2489 Ἰουδαίων.
2503 2434 2647 2506 Ὅρα
2682 2434 2884 2496 πόσους
2919 2433 3162 2503 παράγει
3208 2433 3515 2505 μάρτυρας,
3546 2432 3609 2486 τὸ

1907 2522 2326 2592 πρεσϐυτέριον,
2355 2522 2448 2575 τόν
2479 2521 2760 2593 ἀρχιερέα.
2803 2523 2930 2582 τοὺς
2959 2523 3016 2574 ἐν
3042 2524 3108 2593 τῇ
3144 2520 3316 2575 πόλει.

1978 2609 2043 2681 β’.
2084 2610 2259 2665 Βλέπε
2280 2610 2336 2664 δὲ
2356 2610 2519 2663 αὑτοῦ
2546 2610 2751 2681 καὶτὴν
2773 2610 3070 2679 ἀπολογίαν
3090 2611 3153 2663 οὑ
3183 2610 3385 2673 δειλίας
3415 2606 3606 2676 οὖσαν,

1905 2699 2041 2753 ἀλλά
2078 2699 2429 2763 διδασκαλίας
2475 2699 2677 2769 μᾶλλον
2716 2699 2811 2752 καὶ
2849 2699 3236 2769 κατηχήσεως.
3289 2699 3350 2752 Εἰ
3386 2698 3494 2769 γάρ
3530 2698 3606 2771 μὴ

1904 2787 2043 2840 λίθοι
2076 2782 2216 2858 ἦσαν
2244 2789 2291 2840 οί
2318 2788 2638 2853 ἀκούοντες,
2676 2789 2970 2859 προσεῖχον
3013 2787 3079 2841 ἂν
3109 2790 3221 2852 τοῖς
3258 2787 3603 2858 λεγομένοις.

1904 2877 2084 2947 Μέχρι
2106 2877 2217 2948 γὰρ
2238 2876 2426 2929 τούτου
2463 2876 2753 2949 μάρτυρας
2800 2871 2949 2947 εἶχεν
2980 2876 3208 2939 αὑτοὺς,
3238 2875 3310 2930 τὰ
3350 2877 3407 2931 δὲ
3441 2876 3609 2931 λοιπά

1904 2967 2221 3037 ἀμάρτυρα.
2254 2965 2396 3034 Παρ*
2435 2959 2524 3020 ὧν
2552 2964 2648 3019 καὶ
2687 2965 3021 3031 ἐπιστολὰς
3054 2964 3409 3035 δεξάμενος,
3455 2966 3608 3033 πρὸς

1903 3049 2046 3116 τοὺς
2067 3049 2375 3119 ἀδελφοὺς
2406 3051 2493 3115 είς
2524 3050 2850 3118 Δαμασκὸν
2887 3049 3289 3118 ἐπορευόμην,
3318 3050 3483 3115 ἄξων
3506 3050 3609 3104 καὶ

1902 3138 2046 3205 τοὺς
2065 3137 2268 3191 ἐκεῖσε
2311 3137 2494 3203 ὄντας
2532 3134 2895 3205 δεδεμένους
2927 3138 3015 3202 είς
3048 3134 3471 3206 Ἰερουσαλὴμ,
3505 3137 3607 3190 ἵνα

1902 3226 2343 3297 τιμωρηθῶσιν.
2384 3226 2656 3294 Ἐγένετο
2678 3224 2745 3278 δὲ
2784 3224 3169 3294 πορευομένῳ
3191 3242 3294 3293 μοι
3330 3224 3427 3279 καί
3452 3224 3609 3295 ἐγγί-

1903 3314 2059 3376 ζοντι
2086 3312 2162 3384 τῇ
2192 3312 2507 3383 Δαμασκῷ,
2581 3311 2717 3381 περὶ
2765 3313 3155 3382 μεσημϐρίαν
3212 3312 3507 3382 ἐξαίφνης
3536 3313 3606 3366 ἐκ

1902 3405 2010 3458 τοῦ
2037 3403 2299 3477 οὐρανοῦ
2357 3400 2809 3471 περιαστράψαι
2860 3398 2985 3470 φῶς
3042 3401 3256 3456 ἱκανόν
3304 3402 3439 3470 περὶ
3476 3402 3603 3473 ἐμὲ,

1902 3494 2132 3547 ἔπεσόν
2160 3509 2225 3545 τε
2250 3493 2338 3558 είς
2371 3491 2438 3545 τὸ
2477 3490 2725 3559 ἔδαφος,
2757 3490 2856 3545 καί
2894 3489 3129 3559 ἤκουον
3161 3488 3369 3560 φωνῆς
3393 3492 3607 3561 λεγού-

1901 3598 2020 3649 σης
2062 3598 2200 3652 μοι·
2242 3580 2467 3644 Σαοὺλ,
2523 3580 2747 3646 Σαοὺλ,
2795 3580 2854 3633 τί
2892 3597 2965 3646 με
3016 3579 3288 3646 διώκεις;
3332 3579 3481 3649 Ἐγὼ
3539 3580 3608 3632 δὲ

1901 3671 2267 3738 ἀπεκρίθην·
2304 3671 2400 3733 Τίς
2447 3665 2519 3731 εἴ,
2561 3669 2773 3736 Κύριε;
2833 3665 2983 3722 Εἷπέ
3017 3684 3083 3722 τε
3110 3670 3263 3737 πρός
3285 3686 3364 3737 με
3394 3685 3407 3699 ·
3460 3669 3608 3737 Ἐγώ

1900 3761 2018 3827 ειμι
2053 3756 2299 3827 Ἰησοῦς
2328 3762 2359 3813 ὀ
2403 3756 2767 3825 Ναζωραῖος,
2823 3757 2896 3810 ὃν
2928 3756 3010 3812 σὺ
3058 3755 3313 3823 διώκεις.
3351 3757 3605 3813 Μάλιστα

1905 3848 2004 3917 μὲν
2043 3843 2138 3900 οὖν
2172 3848 2271 3901 καὶ
2298 3845 2478 3900 ταῦτα
2524 3845 2818 3911 ἀξιόπιστα
2863 3845 2969 3898 ἔδει
3024 3841 3162 3898 εἶναι
3186 3846 3296 3899 ἀπὸ
3330 3845 3440 3898 τῶν
3469 3863 3605 3915 προο

1899 3936 2177 3989 λαϐόντων
2209 3951 2221 3963 ·
2250 3935 2310 3986 οὑ
2350 3935 2457 4004 γὰρ
2492 3934 2555 3988 ἂν
2588 3934 2963 4005 μετεστράφη.
2999 3934 3065 3986 Τί
3092 3932 3205 4001 οὖν,
3232 3936 3280 3987 εἰ
3302 3935 3600 4005 κομπάζεις

1900 4022 2095 4092 φησίν;
2127 4022 2395 4091 Οὐδαμῶς
2424 4022 2473 4073 b.
2510 4021 2606 4074 Διά
2649 4020 2703 4073 τί
2755 4021 2864 4092 γὰρ
2923 4021 3180 4075 τοσοῦτον
3222 4022 3483 4093 ἐξαίφνης
3511 4023 3603 4095 Ep-

1904 4112 2026 4183 ῥιψε
2058 4112 2220 4183 ξῆλον
2250 4130 2263 4175 ;
2294 4111 2419 4164 εἰπέ
2446 4129 2557 4181 μοι.
2597 4111 2777 4181 Τιμὴν
2809 4111 3129 4182 προσδοκῶν
3156 4130 3169 4177 ;
3213 4113 3324 4165 Καὶ
3356 4113 3463 4184 μὴν
3501 4106 3601 4168 τὰς

1902 4202 2091 4255 ναντία
2128 4200 2425 4269 ὑπέμεινεν
2457 4217 2468 4227 ⁸
2514 4200 2642 4254 ἀλλ’
2698 4200 2913 4265 ἄνεσιν;
2964 4200 3101 4253 Οὑδέ
3141 4200 3301 4254 τοῦτο
3326 4218 3338 4232 ·
3369 4201 3506 4255 ἀλλά
3546 4204 3601 4254 τί

1900 4291 2124 4361 ἓτερονς
2185 4290 2337 4342 Ἀλλ’
2387 4289 2540 4342 οὐδὲν
2609 4288 2718 4342 ἀπὸ
2766 4288 3047 4358 λογισμῶν
3106 4291 3289 4361 εὑρεῖν
3349 4290 3598 4347 δυνατόν.

1900 4380 2085 4432 Ταῦτα
2140 4379 2320 4433 τοίνυν
2368 4377 2529 4447 ἀφεὶς
2571 4378 2757 4441 αὑτοῖς
2809 4378 3131 4446 συλλέγειν,
3187 4380 3253 4433 τὰ
3296 4382 3602 4451 πράγματα

1897 4470 2187 4540 διηγεῖται.
2238 4468 2561 4539 Ἐγγίζοντί
2586 4488 2712 4539 μοι,
2768 4472 2927 4541 φησὶ,
2985 4470 3059 4539 τῇ
3114 4472 3429 4541 Δαμασκῷ,
3462 4476 3601 4543 περὶ

1897 4559 2275 4630 μεσημϐρίαν
2296 4558 2592 4626 ἐξαίφνης
2620 4559 2688 4611 ἐκ
2716 4558 2820 4611 τοῦ
2858 4560 3121 4627 οὐρανοῦ
3152 4562 3603 4630 περιαστράψαι

1899 4647 2021 4718 φῶς
2052 4648 2264 4703 ἱκανὸν
2291 4647 2424 4714 περὶ
2452 4644 2575 4715 ἐμὲ,
2612 4648 2845 4701 ἔπεσόν
2872 4665 2935 4700 τε
2965 4650 3055 4713 εἰς
3085 4648 3152 4701 τὸ
3179 4650 3425 4720 ἔδαφος.
3454 4652 3601 4723 ’Ὅρα

1900 4738 2040 4807 πόση
2066 4737 2099 4807 ἠ
2130 4735 2405 4807 ὑπερϐολὴ
2447 4734 2541 4788 τοῦ
2588 4735 2788 4804 φωτός.
2830 4736 2942 4789 Καὶ
2992 4737 3072 4789 ὅτι
3114 4739 3177 4789 οὑ
3226 4738 3523 4807 κομπάζω,
3549 4743 3599 4793 ot

1900 4828 2153 4889 συνόντες
2189 4824 2579 4895 μαρτυροῦσιν,
2640 4827 2687 4877 οί
2742 4825 3246 4895 χειραγωγοῦντες,
3301 4830 3348 4879 οί
3387 4829 3448 4881 τὸ
3484 4830 3601 4897 φῶς

1898 4916 2245 4985 θεασάμενοι.
2285 4917 2347 4967 οἱ
2384 4913 2452 4967 δὲ
2484 4914 2607 4968 σὺν
2644 4914 2776 4982 ἐμοὶ
2825 4914 2998 4978 ὄντες
3036 4914 3100 4967 τὸ
3131 4916 3248 4982 μὲν
3278 4914 3405 4985 φῶς
3440 4918 3601 4973 ἐθεά.

1897 5021 2107 5067 σαντο,
2156 5003 2252 5055 καὶ
2296 5002 2543 5071 ἔμφοϐοι
2598 5001 2902 5069 ἐγένοντο,
2955 5002 3073 5067 τὴν
3122 5003 3191 5055 δὲ
3239 5004 3455 5072 φωνὴν
3485 5009 3599 5060 οὑκ

1896 5092 2175 5160 ἥκουσαν
2228 5090 2335 5144 τοῦ
2388 5090 2733 5155 λαλοῦντός
2782 5108 2903 5159 μοι.
2972 5091 3159 5159 Μηδὲν
3211 5093 3481 5164 ξενισθῇς,
3548 5098 3597 5147 εί

1896 5178 2131 5231 ἐνταῦθα
2158 5178 2256 5247 μὲν
2286 5176 2481 5239 οὕτως,
2506 5177 2735 5247 ἑτέρωθι
2761 5178 2818 5229 δὲ
2856 5178 3025 5244 λέγει,
3061 5180 3143 5230 ὅτι
3188 5181 3599 5244 Εἱστήλιεισαν

1899 5267 2007 5334 τὴν
2034 5268 2149 5334 μὲν
2179 5266 2388 5335 φωνὴν
2422 5267 2770 5330 ἀκούοντες,
2816 5267 3049 5333 μηδένα
3098 5267 3167 5318 δὲ
3210 5272 3592 5337 θεωροῦντες.

1896 5358 2007 5407 Οὑκ
2029 5358 2143 5408 ἐστι
2166 5356 2325 5408 τοῦτο
2352 5355 2612 5407 ἐναντίον.
2656 5356 2837 5407 Φωναὶ
2885 5357 2993 5424 γὰρ
3017 5354 3108 5407 δύο
3132 5352 3293 5425 ἦσαν,
3316 5360 3346 5426 ἡ
3379 5360 3596 5412 Παύλου

1898 5444 1989 5496 καὶ
2024 5445 2055 5514 ἡ
2098 5445 2189 5497 τοῦ
2221 5444 2427 5513 Κυρίου
2460 5462 2471 5473 ·
2518 5443 2617 5514 τὴν
2654 5446 2838 5513 φωνὴν
2884 5442 3067 5496 τοίνυν
3111 5448 3227 5497 ἐκεῖ
3258 5446 3351 5499 τοῦ
3376 5449 3599 5504 Παύλου

1896 5532 2065 5599 λέγει,
2097 5531 2332 5585 ἐνταῦθα
2353 5532 2408 5584 δὲ
2454 5532 2547 5584 καὶ
2609 5531 2953 5601 προσέθηκεν
3000 5532 3191 5594 εἰπὼν,
3234 5534 3353 5601 Τὴν
3377 5538 3594 5604 φωνὴν

1895 5618 2003 5668 οὑκ
2038 5615 2311 5681 ἤκουσαν
2338 5614 2444 5668 τοῦ
2472 5614 2818 5679 λαλοῦντός
2840 5632 2963 5683 μοι.
2992 5615 3203 5668 Οὑκοῦν
3231 5617 3311 5680 τὸ,
3342 5618 3594 5685 Μηδένα

1896 5704 2277 5771 θεωροῦντες,
2315 5704 2374 5755 οὑ
2405 5703 2498 5755 τοῦ
2536 5704 2683 5765 ἰδεῖν,
2719 5702 2856 5756 ἀλλά
2898 5702 2992 5755 τοῦ
3030 5704 3104 5773 μὴ
3150 5706 3384 5758 ἀκοῦσαι
3420 5706 3593 5776 δηλωο

1894 5792 2236 5843 τικόνέστιν.
2282 5791 2355 5842 Οὑ
2414 5791 2522 5860 γὰρ
2574 5786 2729 5843 εἶπεν
2777 5792 2857 5842 ὅτι
2908 5792 2968 5842 τὸ
3018 5792 3135 5859 φῶς
3161 5793 3261 5845 οὑκ
3310 5792 3539 5846 ἔϐλεπον
3577 5812 3589 5825 ·

1896 5879 2049 5941 ἀλλὰ,
2084 5878 2329 5947 Μηδένα
2362 5880 2726 5945 θεωροῦντες
2748 5880 3143 5947 εἰστήνεισαν
3167 5897 3176 5910 ·
3198 5880 3468 5947 τουτέστι,
3498 5882 3588 5938 λα-

1956 6095 1979 6131 δ
2009 6096 2243 6155 Οὐδαμῶς
2264 6095 2409 6145 deest
2441 6113 2485 6144 In
2514 6099 2818 6157 qanluwmu.

2970 6186 3037 6242 '21
