4120 6334
463 359 567 422 329

457 482 670 541 λοῦντα,
704 483 938 547 Εἰκότως
960 482 1014 536 δέ
1057 481 1215 535 τοῦτο
1252 482 1470 552 ἐγένετο
1511 499 1522 512 ·
1566 480 1728 534 αὑτὸν
1755 478 1866 551 γὰρ
1888 477 1995 532 ἔδει
2031 475 2133 546 τῆς

456 574 639 643 φωνῆς
663 571 1063 642 καταξιωθῆναι
1086 571 1320 642 ἐκείνης.
1357 572 1421 626 Εἰ
1457 569 1565 640 γάρ
1597 569 1840 641 ἡκουσαν
1864 569 2132 631 κάκεῖνοι,

456 661 555 714 οὐκ
584 663 650 714 ἂν
674 659 926 714 τοσοῦτον
979 659 1197 729 ἐγένετο
1246 661 1305 713 τὸ
1357 659 1560 730 θαῦμα.
1607 652 2044 726 Ἐπειδητοὲνυν
2079 656 2129 707 οἰ

459 749 754 820 παχύτεροι
788 747 908 818 ὄψει
940 747 1221 802 πείθονται
1257 746 1478 819 μᾶλλον,
1499 745 1586 799 διὰ
1621 745 1781 799 τοῦτο
1808 744 1902 798 καὶ
1933 744 2132 796 ἐκεῖνοι

455 837 515 888 τὸ
548 837 662 905 φῶς
694 832 834 890 εἶδον
869 838 1049 908 μόνον,
1094 838 1231 908 ὅπερ
1283 835 1466 889 ἰκανὸν
1518 829 1588 906 ἦν
1635 833 1834 895 αὐτοὺς
1895 833 2082 883 πεῖσαι
2117 846 2129 857 °

456 925 576 977 ὅθεν
599 926 692 979 καὶ
723 925 952 996 ἔμφοϐοι
973 925 1229 995 γίνονται.
1241 924 1447 988 Ι’Δλλως
1462 923 1518 978 δὲ
1539 922 1692 996 [554]
1709 923 1769 976 ού
1786 922 1913 994 περὶ
1931 919 2133 984 αὐτοὺς

456 1013 515 1065 τὸ
565 1013 681 1082 φῶς
701 1013 953 1069 τοσοῦτον
981 1016 1292 1085 εἰργάσατο,
1316 1013 1439 1068 ὅσον
1483 1014 1610 1085 περὶ
1630 1011 1817 1068 τοῦτον
1851 1025 1870 1043 ο
1901 1008 1994 1064 καὶ
2021 1007 2133 1080 γὰρ

456 1101 743 1172 ὲπήρωσεν
765 1102 933 1155 αὐτοῦ
959 1102 1056 1166 τὰς
1081 1101 1234 1172 ὄψεις
1253 1142 1268 1167 ,
1299 1101 1390 1156 διὰ
1427 1101 1538 1155 τῶν
1574 1102 1654 1165 εἰς
1685 1099 1872 1155 τοῦτον
1901 1096 2133 1168 συμϐαιο

455 1190 656 1243 νόντων
685 1190 957 1254 κάκείνοις
983 1189 1158 1254 διδοὺς
1185 1189 1490 1260 ἀναϐλέψαι
1516 1199 1558 1254 ⁸,
1585 1190 1639 1243 εί
1657 1205 1720 1259 γε
1748 1186 1958 1259 ἤθελον.
1978 1184 2132 1255 Ἐμοὶ

457 1277 584 1345 γοῦν
611 1278 869 1332 δοκεῖκαὶ
892 1280 1254 1351 οἰκονομικῶς
1279 1280 1524 1344 ἐκείνους
1554 1279 1629 1352 μὴ
1658 1277 1966 1343 πιστεῦσαι,
1988 1273 2129 1328 ὥστε

455 1361 592 1420 εἶναι
628 1367 912 1438 μάρτυρας
927 1368 1299 1434 ἀξιοπίστους.
1328 1364 1478 1424 Εἷπέ
1504 1386 1587 1429 τε.
1625 1369 1780 1440 φησὶ,
1812 1365 1962 1436 πρὸς
1986 1362 2090 1434 ἐμέ
2111 1381 2127 1397 ο

455 1453 595 1522 Ἐγώ
625 1455 740 1524 εἰμι
780 1454 1022 1523 Ἰησοῦς
1049 1455 1446 1526 ὀΝαζωραῖος,
1466 1456 1537 1510 δν
1556 1456 1637 1510 σὺ
1663 1455 1910 1521 διώκεις.
1935 1450 2132 1515 Καλῶς

457 1542 548 1594 καὶ
633 1542 785 1606 πόλις
814 1544 1156 1613 πρόσκειται,
1186 1545 1326 1598 ὥστε
1383 1544 1678 1612 ἐπιγνῶναι
1705 1541 1922 1606 αὐτούς.
1949 1542 2060 1596 Καὶ
2081 1542 2130 1593 οἱ

455 1631 741 1685 ἀπόστολοι
764 1631 935 1696 οὕτως
982 1633 1165 1702 ἔλεγον
1196 1651 1210 1664 ·
1246 1635 1494 1702 Ἰησοῦν
1538 1634 1646 1688 τὸν
1682 1634 1801 1690 ἀπὸ
1846 1630 2130 1701 Ναζαρέθ.

458 1720 621 1789 Ὅρα,
676 1720 770 1772 καὶ
819 1720 978 1783 αὐτὸς
1025 1724 1312 1793 μαρτυρεῖ,
1371 1723 1454 1775 ὅτι
1513 1720 1792 1776 ἐδιώκετο.
1828 1722 1893 1774 Οί
1921 1719 1989 1772 δὲ
2011 1719 2134 1773 σὺν

455 1808 581 1878 ἐμοὶ
615 1809 784 1873 ὄντες
812 1808 876 1862 τὸ
910 1809 1029 1878 μὲν
1057 1808 1184 1878 φῶς
1211 1809 1558 1874 ἐθεάσαντο,
1594 1811 1694 1863 καί
1730 1809 1974 1879 ἔμφοϐοι
2003 1806 2132 1875 ἐγέ-

455 1914 651 1961 νοντο,
683 1897 798 1966 τὴν
831 1896 900 1951 δὲ
934 1897 1146 1972 φωνὴν
1180 1900 1291 1952 οὐκ
1339 1898 1622 1967 ἥκουσαν
1647 1897 1754 1952 τοῦ
1792 1895 2132 1960 λαλοῦντός

449 2005 568 2056 μοι.
625 1983 813 2040 Εἶπον
853 1987 923 2040 δέ
955 2003 968 2017 ·
1011 1988 1072 2040 Τί
1118 1986 1374 2055 ποιήσω,
1423 1988 1633 2054 Κύριε;
1674 1987 1737 2038 '0
1798 1985 1868 2038 δὲ
1915 1985 2130 2052 Κύριος

456 2070 584 2126 εἷπε
615 2075 762 2142 πρός
791 2091 868 2144 με
902 2091 916 2106 ο
973 2074 1274 2140 Ἀναστὰς
1334 2075 1594 2142 πορεύου
1643 2075 1731 2139 εἰς
1787 2071 2126 2141 Δαμασκόν,

458 2161 631 2215 κάκεῖ
662 2177 760 2214 σοι
807 2161 1218 2228 λαληθήσεται
1275 2163 1330 2214 τί
1375 2176 1448 2215 σε
1502 2159 1594 2214 δεῖ
1629 2159 1903 2228 ποιῆσαι.
1944 2159 2041 2226 Ὠς
2062 2159 2132 2212 δὲ

454 2253 566 2304 οὐκ
595 2248 919 2303 ἐνέϐλεπον
955 2249 1074 2304 ἀπὸ
1126 2248 1237 2318 τῆς
1288 2249 1473 2317 δόξης
1507 2247 1611 2303 τοῦ
1642 2249 1838 2318 φωτὸς
1869 2248 2126 2312 ἐκείνου,

455 2337 995 2407 χειραγωγούμενος
1022 2336 1144 2391 ὑπὸ
1183 2335 1302 2389 τῶν
1331 2339 1650 2392 συνόντων
1671 2355 1798 2407 μοι,
1826 2332 2018 2408 ἦλθον
2044 2337 2132 2400 εἰς

455 2428 791 2497 Δαμασκόν.
839 2427 1118 2492 Ἀνανίας
1148 2424 1216 2478 δέ
1242 2443 1328 2491 τις
1357 2426 1514 2494 ἀνὴρ
1541 2426 1807 2493 εὐλαϐὴς
1843 2426 1994 2479 κατὰ
2017 2426 2126 2479 τὸν

454 2520 661 2585 νόμον,
717 2515 1206 2585 μαρτυρούμενος
1251 2513 1373 2570 ὑπὸ
1406 2514 1652 2568 πάντων
1683 2512 1802 2566 τῶν
1849 2513 1918 2566 ἐν
1947 2515 2130 2582 Δαμα-

454 2605 583 2671 σκῷ
628 2605 951 2665 Ἰουδαίων,
977 2602 1170 2656 ἐλθὼν
1205 2602 1354 2672 πρός
1416 2621 1494 2673 με
1556 2603 1656 2658 καί
1700 2602 1974 2668 ἐπιστὰς,
2000 2598 2131 2656 εἴ.πέ

452 2713 547 2764 μοι
584 2714 597 2726 ·
641 2691 839 2746 Σαοὺλ
887 2690 1144 2760 ἀδελφέ,
1201 2689 1571 2760 ἀνάϐλεψον.
1627 2690 1798 2760 Κάγὼ
1845 2690 2001 2760 αὐτῇ
2056 2689 2131 2758 τῇ

457 2781 579 2850 ὄψα
602 2780 907 2849 ἀνέϐλεψα
960 2780 1048 2845 είς
1088 2779 1295 2833 αὐτόν.
1341 2781 1617 2844 Εἴσελθε,
1667 2780 1854 2850 φησὶν,
1905 2781 1992 2846 εις
2016 2779 2133 2848 τὴν

456 2874 655 2934 πόλιν,
688 2869 864 2924 κάκεῖ
913 2883 1014 2922 σοι
1069 2860 1479 2935 λαληθήῖγεται
1526 2869 1585 2922 τί
1625 2882 1700 2922 σε
1734 2867 1830 2921 δεῖ
1855 2867 2124 2936 ποιῆσαι.

467 2962 596 3015 ’ἰδοὺ
623 2959 783 3013 πάλιν
808 2958 962 3020 ἀλλος
996 2957 1227 3030 μάρτυς.
1258 2954 1361 3009 Καὶ
1389 2957 1492 3027 δρα
1520 2956 1637 3020 πῶς
1670 2956 1830 3010 αὑτὸν
1860 2956 1956 3010 καὶ
1984 2955 2130 3021 ἀξιὸ·

455 3066 643 3104 πιστον
673 3049 831 3102 ποιεῖ.
879 3047 1157 3110 Ἀνανίας
1204 3043 1271 3096 δέ
1318 3061 1428 3110 τις,
1463 3044 1649 3116 φησιν,
1677 3043 1833 3112 ἀνὴρ
1865 3043 2130 3111 εὐλαϐὴς

457 3138 606 3192 κατὰ
641 3138 750 3191 τὸν
772 3135 981 3204 νόμον,
1034 3132 1524 3202 μαρτυρούμενος
1573 3133 1694 3188 ὑπὸ
1743 3133 1988 3186 πάντων
2013 3130 2132 3186 τῶν

470 3225 791 3289 Ἰουδαίων,
822 3221 1115 3277 εἰσελθὼν
1143 3223 1295 3290 πρός
1323 3237 1399 3290 με
1427 3220 1522 3274 καὶ
1546 3219 1818 3284 ἐπιστὰς,
1847 3215 1978 3274 εἶπέ
1991 3237 2093 3290 μοι
2115 3238 2127 3250 ·

472 3313 860 3380 Ἀνάϐλεψον.
938 3309 1128 3372 Οῦτως
1191 3308 1340 3361 οὐδὲν
1408 3307 1690 3380 ἀλλότριόν
1756 3309 1895 3363 ἐστι.
1956 3308 2132 3380 Κάγὼ

455 3402 610 3471 αὐτῇ
641 3400 713 3470 τῇ
739 3399 860 3469 ὥρᾳ
898 3399 1225 3468 ἀνέϐλεψα.
1261 3391 1394 3451 Εἶτα
1444 3398 1478 3468 ἡ
1517 3397 1607 3452 διὰ
1655 3396 1767 3450 τῶν
1787 3397 2130 3468 πραγμάτων

459 3490 754 3561 μαρτυρία.
809 3488 920 3541 Καὶ
964 3487 1067 3558 ὅρα
1131 3484 1218 3538 διὰ
1283 3485 1599 3555 προσώπων¹
1640 3485 1736 3538 καὶ
1786 3486 2130 3556 πραγμάτων

457 3579 625 3648 αὐτὴν
653 3576 1019 3647 πλεκομένην,
1043 3573 1350 3645 προσώπων
1374 3572 1593 3626 οἰκείων
1611 3588 1671 3624 τε
1695 3573 1788 3626 καὶ
1813 3572 2128 3644 ἀλλοτρίων.

460 3669 733 3743 Πρόσωπα
753 3667 780 3706 ι’
797 3667 846 3718 οι
876 3668 1060 3737 ἰερεῖς,
1080 3665 1130 3717 οἰ
1159 3662 1544 3735 πρεσϐύτεροι,
1566 3664 1615 3715 οί
1647 3663 2036 3728 συνοδεύοντες·
2063 3663 2137 3718 τά

458 3757 756 3827 πράγματα
785 3753 825 3809 ἀ
846 3753 1039 3818 ἐποίει,
1070 3750 1108 3805 ἀ
1131 3751 1321 3804 ἔπαθε·
1355 3750 1450 3804 καὶ
1499 3752 1804 3822 πράγματα
1840 3751 2138 3823 πράγμασι

461 3846 768 3915 μαρτυρεῖ,
811 3841 932 3911 οὐχὶ
976 3840 1242 3912 πρόσωπα
1295 3839 1475 3910 μόνον.
1523 3840 1594 3892 Ἦ
1624 3838 1720 3892 καὶ
1760 3838 1962 3910 ἑτέρως
1989 3857 2004 3873 ο
2037 3839 2134 3894 ἀλ-

460 3933 667 4003 λότριος
689 3933 716 3984 ὁ
749 3930 1001 3992 Ἀνανίας
1031 3946 1044 3961 ο
1077 3923 1198 3982 εἶτα
1221 3928 1282 3981 τὸ
1306 3929 1540 3999 πρᾶγμα
1571 3928 1724 3995 αὐτὸ,
1750 3929 1785 4000 ἡ
1809 3928 2128 3999 ἀνάϐλεψιςο

458 4017 578 4075 εἶτα
625 4019 931 4093 προφητεία
963 4017 1197 4089 μεγάλη.
1237 4017 1300 4070 '0
1323 4016 1392 4070 δὲ
1438 4013 1600 4084 εἷπε,
1645 4018 1829 4088 φησίνο
1867 4019 1931 4072 '0
1985 4019 2129 4088 Θεὸς

460 4109 575 4164 τῶν
592 4108 864 4177 πατέρων
895 4105 1072 4175 ἡμῶν
1101 4105 1564 4175 προεχειρίσατό
1585 4121 1660 4159 σε
1699 4104 1920 4176 γνῶναι
1943 4109 2008 4162 τὸ
2037 4109 2130 4164 θέ-

459 4203 618 4268 λημα
645 4196 855 4262 αὑτοῦ,
879 4195 976 4248 καί
1003 4193 1154 4248 ἰδεῖν
1185 4193 1294 4247 τὸν
1315 4193 1574 4248 δίκαιον.
1600 4194 1798 4257 Καλῶς
1827 4192 1970 4262 εἰπε,
2009 4196 2131 4252 Τῶν

459 4284 748 4354 πατέρων,
782 4284 868 4338 ἵνα
900 4283 1050 4355 δείξῃ
1090 4282 1290 4346 αὐτοὺς
1330 4283 1430 4336 οὐκ
1456 4282 1619 4346 ὄντας
1653 4283 1965 4348 Ἰουδαίους,
1995 4285 2132 4340 ἀλλά

461 4373 779 4445 ἀλλοτρίους
809 4371 902 4425 τοῦ
931 4372 1122 4442 νόμου,
1151 4372 1244 4425 καὶ
1267 4370 1466 4440 φθόνῳ,
1485 4371 1606 4442 ούχί
1636 4370 1785 4442 ζήλῳ
1818 4371 2127 4438 ποιοῦντας.

461 4461 716 4526 Γνῶναι,
741 4459 898 4530 φησὶ,
930 4459 993 4513 τὸ
1017 4457 1247 4526 θέλημα
1307 4458 1515 4523 αὐτοῦ,
1568 4459 1666 4512 καί
1701 4458 1852 4512 ίδεῖν
1892 4460 2000 4514 τόν
2042 4459 2130 4514 δί-

460 4565 648 4601 καιον.
683 4544 895 4600 Οὐκοῦν
923 4544 1090 4600 αὐτοῦ
1134 4545 1349 4614 θέλημα
1380 4543 1557 4598 τοῦτο.
1592 4545 1736 4616 Ὅρα
1774 4546 1892 4610 πῶς
1934 4548 1993 4600 ἐν
2043 4549 2132 4602 τά-

459 4640 535 4704 ξει
562 4636 871 4708 διηγήσεως
911 4632 1233 4687 διδασκαλία
1287 4631 1424 4688 ἐστί.
1460 4633 1569 4687 Καὶ
1611 4633 1869 4687 ἀκοῦσαι
1919 4635 2131 4704 φωνὴν

458 4727 525 4778 ἐκ
544 4725 648 4778 τοῦ
682 4723 981 4791 στόματος
1015 4719 1225 4786 αὑτοῦ,
1258 4718 1345 4772 ὅτι
1369 4721 1484 4789 ἐστι
1506 4719 1740 4790 μάρτυς
1757 4723 1946 4778 αὐτοῦ
1979 4726 2131 4794 πρὸς

459 4811 691 4876 πάντας
719 4807 1088 4879 ἀνθρώπους,
1123 4801 1210 4861 ὧν
1250 4807 1516 4877 ἑώρακας
1547 4809 1645 4863 καί
1686 4809 1980 4878 ἤκουσας.
2018 4814 2128 4867 Καὶ

463 4899 621 4967 ἰδεῖν,
647 4897 798 4969 φησὶ,
827 4897 932 4949 τὸν
970 4895 1207 4948 δίκαιον
1237 4913 1249 4925 ·
1306 4897 1443 4958 τέως
1478 4897 1640 4952 τοῦτο
1677 4898 1847 4967 λέγει.
1870 4901 1932 4954 Εί
1967 4899 2025 4954 δὲ
2055 4900 2131 4953 5i-

461 5009 632 5055 καιος,
672 4984 815 5042 οὗτοι
861 4985 1169 5040 ὑπεύθυνοι.
1201 4987 1309 5039 Kal
1357 4987 1614 5042 ἀκοῦσαι
1662 4989 1874 5059 φωνὴν
1926 4990 1995 5044 ἐκ
2021 4991 2129 5046 τοῦ

460 5081 756 5149 στόματος
784 5074 1163 5143 αὐτοῦ.“”ορα
1205 5073 1320 5137 πῶς
1370 5073 1431 5127 τὸ
1475 5078 1707 5146 πρᾶγμα
1733 5079 1967 5149 ἐπαίρει.
2000 5080 2130 5132 Ὀτι

459 5170 596 5236 ἔσῃ,
635 5167 788 5236 φησὶ,
819 5163 1050 5234 μάρτυς
1090 5161 1298 5217 αὐτοῦ.
1335 5162 1547 5218 Οὐκοῦν
1571 5165 1658 5217 διὰ
1686 5165 1844 5218 τοῦτο
1887 5167 1948 5219 ού
1995 5185 2130 5239 προ-

459 5254 644 5318 δώσεις
667 5254 764 5324 τὴν
789 5252 932 5322 ὄψιν,
982 5250 1077 5304 καὶ
1114 5251 1212 5320 τὴν
1258 5251 1541 5322 ἀκρόασιν,
1573 5246 1648 5308 ὧν
1683 5270 1742 5306 τε
1771 5253 2023 5326 ἑώρακας
2053 5249 2128 5310 ὧν

461 5361 516 5395 τε
537 5343 774 5411 ἡκουσας
805 5358 820 5373 ο
850 5340 929 5393 δι’
950 5337 1227 5409 ἑκατέρων
1254 5337 1361 5391 τῶν
1395 5339 1702 5411 αίσθὴσεων
1724 5341 1886 5395 αὑτὸν
1909 5343 2129 5396 πιστοῦ-

460 5450 566 5485 ται.
597 5431 704 5483 Καὶ
729 5429 842 5484 νῦν
885 5429 942 5482 τί
990 5428 1271 5498 μέλλεις;
1334 5427 1617 5496 Ἀναστὰς
1668 5430 1990 5498 βάπτισαι,
2026 5432 2126 5485 καί

458 5521 797 5574 ἀπόλουσαι
835 5520 939 5583 τὰς
971 5517 1261 5586 ἁμαρτίας
1319 5529 1458 5582 σου,
1515 5517 2125 5590 ἐπικαλεσάμενοςιτὸ

460 5611 643 5678 ὄνομα
680 5606 887 5661 αὑτοῦ.

526 5703 597 5764 γ’.
618 5693 874 5747 Ἐνταῦθα
894 5693 1035 5764 μέγα
1047 5694 1361 5763 ἐφθέγξατο.
1384 5688 1458 5748 Οῦ
1473 5694 1580 5765 γὰρ
1599 5691 1769 5754 εἶπεν,
1781 5697 1869 5759 Εἰς
1883 5699 1942 5748 τὸ
1953 5700 2121 5770 ὄνομα

458 5785 620 5837 αὑτοῦ
649 5785 902 5852 βάπτισαι
924 5799 934 5809 ·
961 5783 1095 5848 ἀλλ’,
1114 5785 1656 5854 Ἐπιιιαλεσάμενος
1682 5785 1744 5836 τὸ
1769 5784 1915 5857 [555]
1936 5789 2125 5856 ὄνομα

457 5872 562 5926 τοῦ
581 5872 861 5938 Χριστοῦ.
916 5873 1084 5925 Τοῦτο
1139 5874 1194 5925 δὲ
1249 5875 1558 5937 δεικνύντος
1608 5873 1757 5927 ἐστὶν
1799 5874 1960 5928 αὑτὸν
1991 5878 2122 5930 Θεὸν

461 6081 497 6132 δ
538 6020 723 6132 άξίιιυς
745 6023 924 6085 σοβεῖ,
965 6023 1180 6080 κάκείνης
1241 6024 1414 6072 ἔδωκεν
1458 6024 1738 6086 ἀναϐλέψαι.
1806 6025 1832 6064 b
1863 6027 1990 6081 Πρός
2047 6045 2107 6074 πα

495 6096 581 6132 ccs
633 6095 674 6130 ιι-
724 6099 814 6132 ·ι›υ.

495 6095 604 6132 εςςῑ
633 6095 674 6130 U'
724 6099 814 6132 '00.

1241 364 1298 423 s.
1337 361 1627 422 JOANNIS
1661 353 2151 419 CIIRYSOSTOMI
2179 353 2498 414 Αιιοῐῑιερ.
2525 315 3078 412 CONSTANTINOP.

3817 356 3917 411 550

2239 473 2371 528 δντα
2405 483 2426 512 ε
2472 489 2485 502 ·
2523 472 2581 525 οὺ
2618 471 2729 543 γὰρ
2762 471 2840 524 ἔνι
2883 472 3069 542 ἕτερόν
3125 486 3243 523 τινα
3277 467 3726 535 ἐπικαλέσασθαι,
3757 469 3805 523 εί
3844 469 3916 542 μή

2239 561 2330 615 τὸν
2366 560 2518 614 Θεόν.
2549 556 2684 612 Εἶτα
2715 559 2956 613 δείκνυσι
3006 558 3100 612 καὶ
3131 557 3321 612 ἑαυτὸν
3367 557 3468 610 οὐκ
3499 557 3915 625 ἀναγκασθέντα

2240 650 2308 703 δι’
2334 641 2410 703 ὧν
2430 647 2577 716 λέγει
2601 665 2613 678 ·
2661 648 2720 700 Ὀ
2747 648 2816 701 δὲ
2845 649 3058 716 Κύριος
3077 643 3206 702 εῖπε
3233 648 3381 715 πρός
3403 662 3479 715 με
3502 660 3517 674 ⁶
3545 647 3812 714 Πορεύου
3832 649 3917 712 εις

2241 736 2583 807 Δαμασκὸν,
2611 735 2786 791 κάκεῖ
2800 753 2896 791 σοι
2915 724 3329 804 λαληθήσεται.
3359 734 3416 788 τί
3437 750 3512 788 σε
3536 733 3915 801 δεῒποιῆσαι.

2240 825 2407 878 Οὐδὲν
2439 823 2782 896 ἀμάρτυρον,
2813 823 2950 877 ἀλλά
3001 825 3208 887 πόλεως
3257 820 3554 893 ὁλοκλήρου
3609 821 3918 892 μαρτυρίαν

2239 913 2501 984 παράγει,
2530 913 2565 984 ἡ
2594 929 2658 981 γε
2687 913 2782 968 καὶ
2805 908 2945 965 εἶδεν
3002 912 3168 966 αὐτὸν
3218 910 3751 983 χειραγωγούμενον.
3776 911 3919 982 Ὀρα

2237 1000 2294 1054 δὲ
2321 1002 2416 1053 καὶ
2447 999 2544 1071 τὴν
2575 999 2914 1072 προφητείαν
2949 998 3292 1064 ἐξελθοῦσαν,
3329 998 3395 1069 ἡν
3428 999 3632 1068 ἡκουσε
3669 998 3923 1070 μάρτυρα

2238 1089 2401 1143 αὑτὸν
2431 1088 2652 1144 ἔσεσθαι
2691 1089 2788 1143 τοῦ
2842 1089 3074 1161 Κυρίου.
3125 1087 3353 1160 Μάρτυς
3388 1087 3498 1158 γὰρ
3545 1086 3718 1150 ὅντως
3754 1085 3922 1140 αὑτοῦ

2237 1176 2448 1246 γέγονε,
2479 1176 2575 1230 καὶ
2611 1175 2820 1247 μάρτυς
2855 1177 2930 1240 ὡς
2954 1174 3082 1247 χρὴ.
3121 1176 3214 1229 καὶ
3246 1175 3313 1228 δι’
3351 1167 3427 1227 ῶν
3461 1173 3689 1246 ἔπραξε,
3717 1175 3815 1227 καὶ
3840 1174 3923 1226 δι’

2237 1258 2312 1320 ὧν
2345 1261 2490 1320 εἰπε.
2520 1264 2812 1328 Τοιούτους
2852 1265 2948 1318 καὶ
2983 1266 3129 1336 ἡμᾶς
3177 1261 3319 1317 εἶναι
3350 1263 3454 1334 χρὴ
3482 1263 3794 1336 μάρτυρας,
3824 1263 3924 1316 καὶ

2241 1353 2316 1423 μὴ
2355 1351 2683 1424 προδιδόναι,
2731 1351 2768 1406 ἀ
2821 1351 3286 1423 ἐνεπιστεύθημεν
3315 1367 3328 1383 ο
3359 1352 3420 1405 ού
3477 1369 3605 1424 περι
3633 1351 3924 1422 δογμάτων

2236 1441 2380 1510 λέγω
2414 1441 2593 1511 μόνον,
2625 1439 2762 1493 ἀλλά
2800 1441 2893 1494 καὶ
2927 1440 3059 1511 περὶ
3105 1439 3243 1510 βίου.
3281 1441 3424 1512 ὐρα
3457 1441 3570 1511 γάρ
3597 1454 3610 1467 ·
3642 1441 3726 1493 δτι
3757 1435 3922 1504 εἶδεν,

2237 1525 2318 1578 ὅτι
2344 1525 2568 1594 ἡκουσε,
2605 1525 2875 1595 μαρτυρεῖ
2893 1525 3060 1577 πᾶσιν
3087 1521 3422 1596 ἀνθρώποις,
3444 1525 3540 1577 καὶ
3568 1523 3720 1576 οὐδὲν
3754 1523 3922 1575 αὐτὸν

2238 1612 2505 1666 ἐκώλυσε.
2543 1612 2654 1666 Καὶ
2687 1614 2846 1684 ἡμεῖς
2882 1612 3219 1683 ἠκούσαμεν,
3261 1613 3341 1666 ὅτι
3384 1611 3411 1652 δ
3444 1612 3592 1666 ἐστιν
3627 1611 3927 1674 ἀνάστασις

2239 1702 2332 1754 x11
2361 1700 2530 1772 μυρία
2567 1699 2748 1769 ἀγαθά
2783 1715 2799 1730 ⁸
2833 1699 3030 1754 οὐκοῦν
3059 1700 3344 1771 ὀφείλομεν
3369 1699 3531 1754 τοῦτο
3565 1701 3927 1772 μαρτυρῆσαι

2239 1790 2402 1842 πᾶσιν
2451 1788 2776 1860 ἀνθρώποις.
2825 1788 2936 1842 Καὶ
3002 1789 3109 1860 μὴν
3165 1787 3578 1860 μαρτυροῦμεν,
3633 1789 3790 1859 φησὶ,
3830 1787 3929 1842 καὶ

2238 1876 2588 1947 πιστεύομεν.
2627 1875 2772 1942 Πῶς,
2816 1877 3077 1930 τάναντία
3102 1879 3472 1950 πράττοντες;
3504 1877 3639 1932 Εἰπὲ
3671 1876 3740 1949 δή
3774 1893 3870 1946 μοι
3907 1894 3920 1904 ·

2236 1964 2292 2018 εί
2312 1983 2396 2028 τις
2430 1966 2623 2018 ἐαυτὸν
2659 1965 2813 2033 ἔλεγε
2857 1965 3205 2036 Χριστιανὸν,
3253 1962 3369 2020 εἶτα
3405 1966 3650 2031 ἀποστάς
3680 1969 3752 2021 τά
3785 1967 3922 2020 Ἰου-

2237 2057 2402 2110 δαῖκά
2437 2055 2680 2126 ἐφρόνει,
2735 2054 2846 2127 ἀρα
2892 2055 3125 2125 ήρκεσεν
3179 2053 3246 2108 ἀν
3300 2057 3334 2127 ἡ
3395 2057 3674 2127 μαρτυρία
3736 2053 3928 2126 alim};

2237 2143 2504 2215 Οὐδαμῶς
2535 2159 2549 2173 ⁶
2591 2143 2698 2196 ἀπὸ
2730 2142 2838 2214 γὰρ
2864 2143 2973 2196 τῶν
3002 2141 3178 2213 ἔργων
3210 2141 3308 2214 τὴν
3347 2148 3652 2216 μαρτυρίαν
3686 2139 3924 2215 ἐζήτουν

2239 2231 2323 2287 ἄν.
2357 2231 2512 2284 Οὕτω
2532 2232 2597 2301 δὴ
2632 2232 2719 2284 καὶ
2752 2233 2932 2302 ἡμεῖς,
2980 2233 3026 2284 εἰ
3080 2232 3311 2300 λέγομεν
3341 2231 3423 2285 ὅτι
3459 2232 3758 2296 ἀνάστασίς
3802 2233 3928 2289 ἐστι

2240 2319 2336 2374 καὶ
2359 2320 2527 2391 μυρία
2551 2319 2753 2387 ἀγαθά,
2793 2313 2914 2373 εἶτα
2973 2319 3430 2392 καταφρονοῦμεν
3489 2321 3694 2386 αὐτῶν,
3725 2322 3823 2375 καὶ
3851 2323 3956 2386 τά¹

2239 2405 2477 2460 ἐνταῦθα
2508 2405 2899 2476 προτιμῶμεν,
2945 2405 3027 2470 τίς
3085 2408 3218 2478 ἡμῖν
3271 2408 3585 2476 πιστεύσει;
3609 2409 3670 2462 οὐ
3701 2409 3813 2478 γάρ
3841 2403 3928 2471 οἷς

2237 2493 2489 2563 λέγομεν,
2542 2492 2657 2546 ἀλλ’
2715 2489 2797 2557 οἷς
2866 2493 3180 2565 πράττομεν
3232 2495 3600 2567 προσέχουσιν
3655 2497 3925 2559 ἅπαντες.

2237 2581 2480 2651 Μάρτυς
2507 2581 2645 2649 ἔσῃ,
2679 2582 2836 2652 φησὶ,
2889 2581 3040 2650 πρὸς
3089 2581 3322 2649 πάντας
3375 2582 3728 2652 ἀνθρώπους
3753 2600 3766 2614 ’
3800 2583 3934 2652 οὐχὶ

2240 2668 2376 2739 πρὸς
2397 2670 2523 2731 τοὺς
2548 2668 2785 2731 οἰκείους
2819 2670 2998 2740 μόνον,
3037 2669 3172 2724 ἀλλά
3196 2670 3293 2724 καὶ
3323 2669 3460 2741 πρὸς
3483 2671 3607 2732 τοὺς
3633 2671 3934 2734 ἀπίστουςο

2238 2758 2285 2810 οἰ
2313 2757 2420 2828 γὰρ
2464 2757 2742 2830 μάρτυρες
2769 2757 2928 2811 τοῦτό
2951 2759 3110 2824 εἰσιν,
3138 2759 3260 2830 οὐχὶ
3293 2759 3420 2824 τοὺς
3462 2758 3673 2823 εἰδότας
3706 2759 3935 2812 πείθου-

2240 2862 2342 2909 σιν,
2370 2845 2506 2898 ἀλλά
2536 2847 2662 2908 τοὺς
2691 2847 2792 2899 οὐκ
2815 2845 3045 2910 εἰδότας.
3084 2835 3375 2917 Γενώμεθα
3425 2846 3730 2912 ἀξιόπιστοι
3793 2849 3938 2920 μάρ-

2236 2949 2417 3003 τυρες.
2446 2933 2571 2996 Πῶς
2631 2932 2688 2985 δὲ
2743 2933 2982 3004 ἐσόμεθα
3032 2933 3374 3002 ἀξιόπιστοι;
3428 2934 3562 2988 Ἀπὸ
3616 2933 3712 2988 τοῦ
3773 2934 3923 3005 βίου.

2249 3019 2538 3074 Ἑπέθεντο
2568 3020 2764 3091 ἐκείνῳ
2815 3021 3062 3075 Ἰουδαῖοι
3098 3037 3112 3050 °
3151 3022 3487 3076 ἐπιτίθενται
3509 3025 3642 3094 ἡμῖν
3675 3024 3747 3076 τά
3769 3024 3928 3095 πάθη

2237 3107 2535 3160 κελεύοντα
2565 3107 2931 3178 ἐξομόσασθαι
2971 3110 3073 3181 τὴν
3110 3111 3436 3183 μαρτυρίαν.
3487 3112 3648 3166 Ἀλλά
3695 3114 3772 3184 μὴ
3799 3129 3934 3166 πει-

2239 3190 2464 3266 θώμεθα
2505 3210 2520 3225 ο
2559 3196 2838 3267 μάρτυρός
2867 3199 3033 3268 ἐσμεν
3070 3199 3226 3269 παρά
3252 3199 3347 3252 τοῦ
3387 3199 3521 3254 Θεοῦ
3553 3200 3932 3272 πεμφθέντες.

2239 3283 2503 3354 Κρίνεται
2559 3283 2713 3354 παρά
2759 3283 3069 3355 ἀνθρώποις
3112 3286 3254 3339 τισὶν
3286 3289 3314 3340 ό
3362 3287 3514 3352 Θεὸς,
3562 3289 3644 3342 δτι
3672 3290 3774 3344 οὐκ
3808 3290 3938 3344 ἐστι

2237 3373 2370 3438 Θεός
2404 3390 2418 3404 ο
2453 3373 2700 3444 ἐπεμψεν
2731 3374 2879 3445 ἡμᾶς
2910 3377 3364 3446 μαρτυρήσοντας
3405 3375 3577 3449 αὐτῷ.
3619 3379 3936 3452 Μαρτυρή-

2240 3479 2421 3532 σωμεν
2451 3463 2547 3514 καὶ
2579 3461 2857 3533 πείσωμεν
2896 3465 3022 3528 τοὺς
3046 3463 3366 3529 δικάζοντας
3397 3479 3409 3492 ”
3445 3466 3510 3520 ἂν
3533 3465 3609 3538 μὴ
3638 3470 3939 3540 μαρτυρή-

2241 3567 2445 3620 σωμεν,
2477 3550 2569 3604 καὶ
2597 3550 2698 3621 τῆς
2747 3550 2973 3606 ἐκείνων
3024 3551 3231 3622 πλάνης
3253 3554 3417 3624 ἡμεῖς
3448 3553 3616 3626 ἐσμεν
3643 3555 3832 3609 αῖτιοι.
3866 3556 3939 3611 El

2237 3638 2294 3690 δὲ
2323 3639 2379 3690 ἐν
2413 3637 2774 3709 δικαστηρίῳ,
2808 3637 2938 3692 ἔνθα
2969 3637 3204 3708 βιωτικά
3234 3640 3540 3712 πράγματα
3563 3682 3578 3708 ,
3609 3643 3710 3696 οὐκ
3745 3644 3814 3698 ἀν
3842 3661 3938 3708 τις

2236 3725 2452 3792 δέξαιτο
2497 3727 2755 3799 μάρτυρα
2789 3728 3002 3798 μυρίων
3028 3727 3268 3800 γέμοντα
3298 3731 3486 3784 κακῶν
3508 3747 3521 3761 ο
3557 3730 3740 3796 πολλῷ
3781 3732 3934 3802 μᾶλ-

2235 3814 2325 3869 λον
2355 3815 2613 3882 ἐνταῦθα,
2639 3816 2769 3870 ἔνθα
2813 3819 2944 3888 περὶ
2984 3817 3241 3871 τοιούτων
3283 3819 3629 3890 πραγμάτων
3663 3821 3702 3892 ἡ
3733 3820 3938 3891 σκέψις

2236 3905 2407 3960 ἐστίν.
2444 3905 2637 3976 Ἡμεῖς
2667 3905 2922 3977 λέγομεν,
2958 3906 3039 3960 ὅτι
3069 3907 3385 3978 ἠκούσαμεν
3423 3907 3516 3961 τοῦ
3544 3908 3810 3980 Χριστοῦ,
3835 3911 3940 3964 καὶ

2238 3993 2574 4064 πιστεύομεν
2607 3987 2686 4058 οἷς
2706 3994 3073 4063 ἐπηγγείλατο
3104 4009 3116 4021 ·
3155 3994 3403 4062 λέγουσιν
3436 3997 3660 4050 ἐκεῖνοι·
3699 3997 3936 4063 Δείξατε

2234 4081 2392 4135 τοῦτο
2420 4082 2508 4134 διὰ
2562 4081 2671 4134 τῶν
2734 4080 2958 4150 ἔργων’
2997 4084 3026 4135 ό
3074 4082 3184 4155 γὰρ
3224 4082 3338 4154 βίος
3398 4082 3552 4146 ὑμῶν
3593 4085 3662 4138 τὰ
3703 4086 3936 4141 ἐναντία

2238 4173 2525 4242 μαρτυρεῖ,
2555 4170 2637 4224 ὅτι
2656 4171 2723 4223 ού
2751 4169 3061 4224 πιστεύετε.

2307 4256 2443 4320 Τοὺς
2463 4257 3138 4329 χρηματιζομέ’νους,.τοῦς
3169 4257 3541 4330 ἀρτιάζοντας,
3565 4259 3694 4323 τοὺς
3729 4260 3933 4315 πλεον-

2236 4345 2528 4409 εκτοῦντας
2569 4345 2824 4415 βούλεσθε
2890 4345 3126 4417 ῖδωμεν;
3177 4348 3303 4411 τοὺς
3359 4347 3730 4415 πενθοῦντας,
3795 4352 3934 4417 τοὺς

2237 4433 2633 4503 κοπτομένους,
2665 4435 2791 4497 τοὺς
2814 4433 3252 4506 οἰκοδομοῦντας,
3283 4437 3410 4501 τοὺς
3454 4439 3632 4492 πάντα
3655 4456 3928 4512 πραγμα-

2237 4521 2588 4592 τευομένους,
2637 4521 2712 4585 ῶς
2753 4523 2854 4576 οὐκ
2911 4523 3437 4596 ἀποθανουμένους;
3490 4527 3554 4580 Εἰ
3615 4528 3802 4583 τοίνυν
3842 4530 3931 4584 ὅτι

2236 4610 2598 4664 ἀποθανεῖσθε
2652 4611 2714 4664 ού
2764 4611 3071 4675 πιστεύετε,
3125 4614 3426 4686 πράγματι
3469 4615 3614 4670 οὕτω
3648 4617 3800 4690 δήλῳ
3833 4619 3932 4673 καὶ

2239 4697 2482 4769 φανερῷ,
2515 4697 2634 4762 πῶς
2653 4699 2781 4769 ὑμῖν
2809 4700 3175 4771 πιστεύσομεν
3204 4703 3575 4775 μαρτυροῦσιν
3595 4722 3610 4771 ;
3634 4706 3758 4759 Εἰσὶ
3790 4707 3928 4779 γὰρ,

2235 4786 2344 4838 εἰσὶ
2373 4786 2558 4839 πολλοὶ
2586 4786 2693 4840 τῶν
2724 4787 3050 4857 ἀνθρώπων,
3087 4789 3137 4842 οῖ
3175 4789 3319 4842 οῦτω
3353 4789 3680 4857 διάκεινται,
3715 4796 3795 4858 ῶς
3826 4796 3932 4848 οὐκ

2234 4873 2688 4944 ἀποθανούμενοι.
2719 4875 2887 4930 Ὀταν
2937 4876 3046 4946 γὰρ
3101 4877 3158 4930 ἐν
3211 4879 3359 4950 γήρᾳ
3399 4880 3597 4953 μακρῷ
3641 4881 3926 4955 ἀρχωνται

2235 4961 2538 5033 οἰκοδομεῖν
2571 4963 2665 5016 καὶ
2695 4965 2988 5035 γεωργεῖν,
3012 4964 3141 5018 πότε
3170 4965 3429 5037 λογισμὸν
3454 4968 3722 5040 λήψονται
3750 4970 3923 5026 θανά.-

2234 5049 2461 5138 τουςού
2502 5051 2674 5122 μικρὰ
2711 5052 2744 5122 ἡ
2789 5052 3012 5116 κόλασις
3045 5055 3179 5124 ἡμῖν
3233 5055 3480 5128 κληθεῖσι
3519 5059 3620 5128 μὲν
3653 5059 3734 5123 εἰς
3782 5077 3932 5138 μαρτ

2235 5137 2451 5207 τυρίαν,
2498 5138 2573 5209 μὴ
2629 5139 2904 5208 δυνηθεῖσι
2949 5140 3005 5193 δὲ
3063 5144 3699 5217 μαρτυρῆσαιάείδομεν
3745 5137 3932 5220 [δὸδῖξ

2237 5226 2464 5297 Εἴδαμεν
2532 5229 2627 5282 καὶ
2682 5230 2848 5300 ἡμεῖς
2908 5231 3208 5304 ὀφθαλμοῖς
3267 5235 3393 5298 τοὺς
3450 5237 3753 5305 ἀγγέλους,
3827 5243 3936 5298 καὶ

2239 5315 2567 5400 σαφέστερον
2635 5315 2750 5369 τῶν
2796 5317 3137 5388 ἑωρακότων.
3198 5322 3408 5377 Οὐκοῦν
3478 5330 3936 5400 μαρτυρήσωμεν

2233 5399 2310 5471 τῷ
2337 5401 2578 5473 Χριστῷ·
2612 5403 2673 5454 ού
2727 5404 2834 5477 γὰρ
2885 5405 2948 5477 δὴ
2998 5408 3195 5462 ἐκεῖνοι
3247 5410 3524 5482 μάρτυρες
3570 5399 3754 5482 μόνον,
3782 5399 3934 5474 ἀλλὰ

2236 5491 2329 5543 καὶ
2396 5494 2578 5562 ἡμεῖς.
2625 5494 2723 5546 Διά
2774 5494 2930 5549 τοῦτο
2965 5499 3160 5551 ἐκεῖνοι
3215 5498 3464 5568 λέγονται
3504 5502 3805 5576 μάρτυρες,
3837 5507 3934 5562 ὅτι

2235 5579 2582 5649 κελευόμενοι
2652 5582 3018 5652 ἐξομόσασθαι
3095 5588 3273 5641 πάντα
3342 5588 3754 5660 ὑπομένουσιν,
3833 5596 3934 5652 ἵνα.

2232 5665 2330 5734 τὴν
2386 5664 2645 5734 ἀλήθειαν
2677 5668 2893 5720 εῖπωσι’
2935 5669 3027 5722 καὶ
3061 5671 3241 5740 ἡμεῖς,
3276 5670 3406 5724 ὅταν
3441 5673 3546 5726 ὑπὸ
3584 5675 3692 5727 τῶν
3728 5677 3940 5737 παθῶν

2235 5751 2585 5821 κελευώμεθα
2646 5755 3030 5824 ἐξομόσασθαι,
3098 5758 3172 5828 μὴ
3219 5761 3534 5831 ἡττώμεθα.
3595 5764 3654 5817 '0
3717 5771 3939 5836 χρυσὸς

2233 5839 2398 5905 λέγει·
2445 5840 2599 5902 Εἰπὲ,
2644 5841 2723 5893 ὅτι
2762 5845 2790 5895 ὁ
2836 5846 3068 5915 Χριστὸς
3121 5849 3220 5900 οὐκ
3262 5848 3378 5903 ἐστι
3428 5852 3682 5921 Χριστός
3712 5855 3790 5926 μὴ
3829 5854 3939 5914 οὖν

2232 5927 2396 5979 ἄκουε
2438 5927 2501 5978 σὺ
2549 5929 2623 5990 ὡς
2662 5928 2820 5992 Θεοῦ,
2888 5934 3024 5987 ἀλλὰ
3083 5937 3500 6006 καταφρόνησον
3545 5939 3655 5992 τῶν
3704 5943 3939 6001 ἐκείνου

2311 6031 2331 6058 ε
2361 6029 2482 6076 Tres
2527 6031 2684 6098 c0111.,
2711 6038 2764 6081 τὸ
2810 6039 2954 6098 ὄνομα
2994 6037 3137 6086 αἰοτοῦ
3172 6039 3404 6089 δείκνυσιν
3439 6044 3579 6090 αὐτὸν
3624 6046 3742 6094 θεὸν
3794 6050 3920 6096 ὖντὰ

2281 6106 2340 6139 -ει
2399 6095 2715 6142 ·ε.ςοι,1ἰ)ριιε
2802 6093 3166 6166 ιιΑιιυςμὶμεῖς
3192 6105 3516 6168 μαρτυροῦμεν
3541 6110 3631 6160 ὅτι·
3730 6093 3734 6094 7
3800 6093 3816 6096 Ἴ
3885 6093 3944 6108 ἡ.
