4120 6334
188 409 288 466 5‘19

186 524 297 577 hare
326 512 609 573 contraria.
660 508 783 563 Duae
827 514 1055 571 namque
1093 511 1249 551 voces
1289 502 1464 558 erant,
1515 490 1664 545 Pauli
1707 496 1763 544 et

189 607 398 666 Domini
428 624 441 659 :
473 604 539 658 de
566 614 697 655 voce
723 606 897 651 autem
929 590 1072 647 Pauli
1104 588 1209 642 illic
1234 585 1497 655 loquitur;
1524 582 1610 636 hic
1637 593 1764 635 vero

185 703 342 755 etiam
384 693 622 756 addidit,
678 688 857 742 Vocem
890 699 988 737 non
1027 678 1296 733 audierunt
1340 673 1589 743 loquentis
1618 669 1759 724 mihi.

186 792 349 860 Igitur
376 785 528 844 illud.
560 780 829 836 Neminem
854 775 1097 831 videntes,
1122 785 1226 824 non
1250 766 1316 821 ad
1338 767 1508 860 visum
1537 770 1760 860 spectat,

183 854 277 937 sed
301 876 569 947 signiﬁcat
599 885 708 926 non
736 866 970 921 audisse.
997 862 1177 931 Neque
1206 860 1350 914 enim
1378 856 1527 917 dixit,
1567 854 1762 908 Lucem

184 988 287 1026 non
314 967 561 1023 viderunt
586 982 601 1028 ;
632 961 748 1026 sed,
778 958 1042 1013 Neminem
1065 954 1284 1008 videntes
1310 958 1565 1012 steterunt,
1586 948 1635 999 id
1660 956 1762 1008 est,

182 1062 454 1117 neminem
505 1057 834 1126 loquentem.
884 1049 1010 1105 Jure
1054 1055 1231 1099 autem
1274 1043 1345 1097 ita
1396 1040 1588 1094 factum
1636 1046 1759 1091 est:

182 1156 333 1210 illum
365 1151 508 1207 enim
535 1146 816 1216 oportebat
841 1143 927 1198 illa
953 1154 1083 1195 voce
1108 1133 1329 1205 dignari.
1358 1133 1413 1188 Si
1443 1131 1655 1184 enimet
1692 1128 1763 1183 illi

183 1244 485 1305 audissent,
519 1254 623 1294 nou
657 1220 867 1292 tanturril
890 1231 1077 1285 fuisset
1099 1221 1580 1289 miraculum.Quia
1608 1219 1767 1290 igitur

179 1337 479 1393 crassiores
528 1331 728 1387 visione
757 1326 927 1395 magis
971 1319 1390 1392 persuadeatur,
1433 1316 1553 1369 ideo
1596 1319 1651 1367 et
1692 1311 1763 1365 illi

180 1432 354 1483 lucem
381 1434 584 1480 tantum
612 1422 876 1483 viderunt,
903 1414 1041 1486 quod
1065 1408 1390 1483 poteratillis
1411 1404 1761 1477 persuadere:

180 1522 323 1577 unde
368 1529 423 1575 et
465 1515 708 1573 exterriti
753 1519 893 1567 sunt.
950 1506 1204 1576 Alioquin
1238 1519 1364 1558 vero
1411 1516 1515 1555 non
1563 1507 1765 1553 tantum

180 1622 401 1686 operata
435 1620 519 1666 est
561 1610 648 1663 lux
681 1609 731 1661 in
765 1605 889 1665 illis.
918 1608 1170 1671 quantum
1202 1598 1253 1651 in
1282 1596 1383 1650 hoc
1415 1611 1427 1647 :
1456 1593 1599 1646 hunc
1622 1589 1763 1686 enim

177 1680 471 1761 escmcavit
494 1742 507 1763 ,
548 1716 642 1768 per
683 1712 745 1751 ea
773 1736 787 1760 ,
826 1707 944 1763 qua:
975 1691 1072 1761 ipsi
1104 1689 1476 1759 contigerunt,
1505 1683 1637 1738 dans
1664 1680 1765 1735 illis

178 1799 356 1852 locum
389 1789 736 1862 respiciendi,
767 1788 808 1842 si
839 1786 1154 1840 voluissent.
1188 1782 1311 1835 Mihi
1343 1781 1520 1849 itaque
1559 1774 1766 1829 videtur

176 1905 240 1944 ex
263 1887 444 1942 divina
465 1882 793 1955 providentia
820 1881 1003 1941 fuisse,
1027 1875 1170 1947 quod
1194 1875 1264 1929 illi
1288 1888 1395 1927 non
1417 1869 1762 1933 crediderint,

177 1989 233 2033 ut
273 1985 462 2032 essent
494 1982 661 2029 testes
692 1972 795 2027 ﬁde
825 1970 987 2039 digni.
1022 1966 1163 2022 Dixit
1188 1966 1256 2018 ad
1292 1980 1388 2029 me,
1433 1962 1624 2031 inquit,
1655 1959 1765 2031 Ego

174 2087 287 2123 sum
320 2068 475 2121 Jesus
504 2064 826 2127 Nazarenus,
853 2077 996 2131 quem
1018 2068 1071 2112 tu
1094 2056 1424 2128 persequeris.
1454 2053 1597 2107 Bene
1625 2061 1679 2107 et
1699 2050 1767 2105 ci-

175 2161 319 2213 vitas
352 2166 700 2221 memoratur,
745 2163 803 2208 ut
842 2166 999 2207 nosse
1042 2157 1258 2221 possent
1298 2146 1389 2201 illi.
1440 2146 1507 2200 Et
1541 2143 1765 2214 apostoli

176 2264 393 2320 quoque
424 2248 504 2302 sic
546 2246 795 2301 dicebant
830 2263 843 2298 :
875 2242 1051 2295 Jesum
1081 2256 1111 2291 a
1142 2237 1424 2291 Nazareth.
1467 2234 1599 2289 Vide
1632 2251 1647 2289 :
1678 2234 1768 2288 ille

173 2355 391 2411 quoque
422 2347 666 2402 testatur,
696 2335 834 2405 quod
861 2332 1324 2403 persequulionem
1349 2344 1537 2400 passus
1554 2329 1639 2383 sit.
1668 2326 1767 2391 Qui

174 2445 343 2487 autem
370 2448 562 2485 mecum
583 2440 745 2493 erant,
773 2429 942 2482 lumen
972 2425 1173 2495 quidem
1203 2425 1449 2485 viderunt,
1476 2432 1518 2477 et
1544 2421 1768 2476 exterriti

174 2536 316 2587 sunt,
359 2539 533 2577 vocem
574 2531 741 2574 autem
779 2537 878 2573 non
920 2520 1213 2571 audierunt.
1248 2516 1334 2571 10.
1371 2515 1436 2569 Et
1463 2515 1607 2578 dixi,
1635 2513 1769 2580 Quid

174 2618 385 2683 faciant,
414 2615 669 2669 Domine?
691 2613 937 2666 Dominus
965 2621 1130 2665 autem
1156 2610 1282 2663 dixit
1308 2610 1375 2662 ad
1403 2625 1479 2661 nte
1501 2624 1518 2662 :
1542 2608 1767 2678 Surgens

173 2712 301 2763 uade
327 2709 654 2772 Damascum,
684 2716 730 2760 et
758 2705 827 2758 ibi
857 2706 1050 2758 dicetur
1080 2703 1200 2767 tibi,
1227 2701 1350 2771 quid
1375 2712 1421 2755 te
1444 2710 1667 2769 Oporteat
1688 2700 1767 2769 fa-

173 2817 305 2854 cere.
354 2800 441 2853 11.
490 2797 554 2851 Et
584 2814 699 2849 cum
739 2813 839 2849 non
886 2794 1099 2849 viderem
1149 2810 1254 2861 pne
1292 2793 1519 2846 claritate
1564 2791 1769 2846 luminis

173 2894 335 2956 illius,
363 2892 433 2944 ad
456 2906 656 2942 manum
680 2889 918 2942 deductus
941 2903 972 2939 a
993 2886 1277 2950 comitibus,
1307 2886 1416 2939 veni
1439 2883 1764 2938 Damascum.

173 2989 263 3043 η.
300 2986 529 3039 Ananias
554 2992 720 3037 autem
756 2983 983 3052 quidam,
1026 2980 1101 3033 vir
1131 2980 1245 3047 pius
1269 2978 1541 3032 secundum
1568 2978 1764 3047 legem,

172 3079 516 3133 testimonium
554 3076 743 3129 habens
776 3075 836 3127 ab
862 3073 1092 3127 omnibus
1118 3073 1203 3141 qui
1231 3081 1370 3125 erant
1402 3071 1639 3125 Damasci
1664 3071 1764 3123 Juo

173 3170 323 3232 decis,
359 3170 445 3222 15.
472 3167 669 3220 veniens
709 3166 775 3217 ad
810 3181 889 3218 me
920 3174 967 3217 et
995 3163 1204 3216 adstans
1246 3162 1372 3215 dixit
1410 3162 1532 3215 mihi
1559 3177 1577 3213 :
1609 3162 1769 3216 Saule

173 3266 357 3328 frater,
390 3260 600 3328 respice.
635 3256 697 3310 Et
721 3274 809 3328 ego
836 3257 1008 3309 eadem
1035 3258 1161 3309 hora
1185 3257 1381 3323 respexi
1418 3255 1471 3308 in
1506 3271 1637 3309 eum.
1670 3255 1766 3309 In-

172 3354 401 3423 gredere.
437 3352 629 3420 inquit,
662 3351 713 3402 in
738 3350 1011 3412 civitatem,
1045 3358 1090 3401 et
1117 3348 1183 3400 ibi
1208 3349 1405 3400 dicetur
1433 3347 1540 3411 tibi,
1578 3346 1698 3415 quid
1722 3357 1768 3400 te

172 3453 408 3511 oporteat
441 3444 627 3509 facere.
672 3440 811 3494 Ecce
861 3454 1045 3492 rursus
1086 3438 1250 3491 alium
1298 3446 1486 3491 testem
1522 3446 1621 3490 :et
1650 3437 1767 3491 vide

171 3535 451 3603 quomodo
480 3533 623 3586 illum
651 3530 755 3585 fide
780 3530 997 3600 dignum
1026 3528 1200 3583 faciat.
1224 3528 1448 3582 Ananias
1473 3539 1638 3581 autem
1657 3530 1770 3598 qui-
1806 3564 1807 3567 η

169 3626 316 3688 dam,
354 3623 523 3691 inquit
545 3663 558 3685 ,
587 3623 661 3674 vir
686 3621 800 3691 pius
824 3620 1100 3673 secundum
1123 3620 1302 3689 legem,
1338 3620 1619 3672 testimonio
1642 3636 1766 3688 pro-

172 3717 321 3767 batus
348 3713 411 3765 ab
442 3712 669 3765 omnibus
699 3710 898 3764 Judazis
920 3752 934 3777 ,
962 3711 1218 3780 ingressus
1248 3710 1315 3762 ad
1346 3726 1424 3762 me
1449 3720 1492 3763 et
1522 3710 1727 3763 adstans
1748 3752 1762 3777 ,

171 3808 307 3860 dixit
340 3805 466 3857 mihi
504 3819 521 3857 :
552 3803 783 3871 Respice.
826 3804 900 3856 Ita
941 3802 1070 3856 nihil
1099 3802 1354 3855 alienum.
1382 3801 1447 3854 Et
1477 3819 1566 3871 ego
1593 3804 1766 3856 eadem

170 3899 301 3950 hora
323 3896 543 3966 respui.
571 3894 821 3963 Sequitur
842 3892 962 3946 hinc
985 3893 1344 3947 testimonium
1374 3908 1468 3961 per
1492 3908 1575 3947 res
1602 3892 1762 3961 ipsas.

171 3987 241 4040 Et
269 3986 413 4049 vide,
449 3985 718 4054 quomodo
750 3999 815 4036 ev
845 3982 1089 4051 personis
1114 3990 1169 4036 et
1204 3982 1365 4035 rebus
1395 3992 1666 4046 nectatur;
1700 3998 1763 4036 ex

168 4075 427 4146 personis
458 4085 562 4127 tam
594 4073 824 4143 propriis
850 4088 1010 4142 quam
1040 4073 1330 4127 extraneis.
1365 4072 1614 4128 Persona:
1641 4085 1766 4128 sunt

166 4169 507 4235 sacerdotes,
538 4169 797 4231 seniores,
827 4167 926 4221 via:
951 4168 1204 4230 comites;
1229 4182 1314 4222 res
1341 4182 1468 4223 vero
1496 4178 1551 4224 et
1578 4183 1761 4239 Opera,

164 4278 294 4331 qua:
325 4261 470 4323 fecit,
516 4277 633 4329 qua:
671 4274 856 4329 passus
892 4268 974 4313 est
1011 4277 1023 4312 :
1063 4268 1115 4313 et
1154 4274 1313 4328 opera
1354 4261 1607 4329 operibus
1637 4262 1764 4315 dant

164 4353 567 4416 testimonium,
599 4369 703 4406 non
732 4368 973 4420 personae
1006 4362 1228 4407 tantum.
1263 4354 1358 4407 Vel
1382 4356 1541 4408 etiam
1568 4356 1761 4411 aliter:

162 4457 469 4502 extraneos
491 4456 604 4499 erat
628 4447 893 4512 Ananias;
924 4445 1116 4501 deinde
1143 4448 1359 4517 pooitur
1388 4464 1474 4502 res
1504 4450 1613 4518 ipsa
1635 4490 1651 4516 ,
1682 4452 1761 4505 vi-

164 4551 270 4591 sus
312 4538 615 4601 restitutio;
664 4545 844 4605 postca
892 4536 1164 4605 prophetia
1198 4554 1404 4607 magna.
1448 4542 1532 4599 M.
1573 4541 1635 4594 At
1677 4542 1765 4596 ille

165 4630 308 4681 dixit
338 4644 356 4681 :
389 4626 525 4679 Deus
552 4638 752 4694 patrum
784 4638 1063 4680 nostrorum
1095 4630 1451 4696 prwordinavit
1491 4612 1556 4696 te,
1596 4643 1646 4684 ut
1674 4650 1761 4686 co-

164 4734 449 4790 gnosceres
499 4717 804 4771 voluntatem
849 4720 978 4786 ejus,
1026 4730 1071 4771 et
1109 4720 1299 4774 videres
1336 4723 1551 4790 justum.
1602 4723 1763 4779 Recte

159 4811 312 4863 dixit
335 4850 349 4869 ,
398 4808 645 4873 Patrum,
684 4817 740 4861 ut
774 4809 1078 4862 ostenderet
1110 4824 1203 4863 eos
1230 4826 1335 4863 non
1366 4826 1487 4866 esse
1514 4813 1726 4868 lodices
1748 4858 1760 4877 ,

159 4898 272 4955 sed
313 4900 520 4953 alienos
556 4914 585 4952 a
637 4900 773 4969 lege,
806 4909 858 4954 et
916 4900 1133 4967 invidia,
1183 4918 1285 4956 non
1338 4904 1451 4957 zelo
1483 4921 1657 4977 agere.
1696 4905 1763 4961 Ut

158 4992 331 5054 scias,
386 4990 577 5059 inquit,
632 4991 935 5043 voluntatem
966 4993 1092 5061 ejus,
1124 5004 1169 5046 et
1222 4994 1332 5046 ride
1367 4997 1582 5065 justum.
1623 4998 1762 5067 Ergo

161 5086 299 5137 haec
353 5084 600 5136 voluntas
661 5084 776 5151 ejus
832 5095 932 5138 est.
990 5084 1121 5139 Vide
1176 5096 1230 5140 ut
1280 5087 1521 5142 doctrina
1577 5091 1763 5147 ordine

162 5176 506 5229 narrationis
550 5175 773 5229 dicatur.
822 5175 888 5229 Et
925 5179 1125 5231 audires
1169 5195 1334 5232 vocem
1376 5198 1438 5233 ea:
1482 5200 1566 5235 ore
1610 5186 1762 5254 ejus:

164 5268 265 5321 15.
300 5267 425 5334 quia
453 5267 552 5320 eris
578 5268 711 5320 testis
736 5267 875 5321 illius
904 5269 971 5321 ad
1000 5286 1168 5323 omnes
1194 5272 1416 5326 homines
1438 5290 1628 5343 eorum,
1653 5294 1766 5342 qua:

159 5359 351 5413 vidisti
382 5368 427 5411 et
451 5360 655 5412 audisti.
691 5359 754 5412 Et
777 5361 983 5427 videres,
1012 5362 1198 5431 inquit,
1222 5364 1417 5432 justum
1449 5383 1466 5418 .'
1494 5384 1633 5423 nunc
1662 5369 1763 5425 hoc

162 5451 329 5505 dicit.
366 5447 421 5503 Si
447 5450 643 5516 justus,
677 5450 749 5503 illi
775 5452 849 5505 rei
874 5463 1013 5505 sunt.
1047 5454 1113 5506 Et
1142 5456 1342 5509 audires
1378 5473 1543 5511 vocem
1581 5478 1642 5513 ex
1681 5478 1767 5516 ore

158 5541 344 5595 illius.
396 5537 527 5593 Vide
576 5551 631 5593 ut
661 5556 770 5595 rem
814 5542 1039 5597 extollit.
1074 5545 1203 5609 Quia
1232 5548 1347 5614 eris,
1394 5550 1587 5619 inquit,
1631 5554 1767 5607 testis

161 5633 342 5686 illius.
380 5629 501 5686 ldeo
544 5646 671 5701 ergo
715 5648 817 5687 non
861 5636 1054 5704 prodes
1096 5640 1263 5692 visum
1297 5651 1349 5695 et
1393 5643 1663 5710 auditum,
1706 5662 1765 5701 ea

162 5736 382 5790 nempe
412 5738 529 5791 qua:
570 5723 744 5777 vidisti
772 5735 823 5778 et
853 5727 1043 5781 audisti
1072 5747 1083 5782 :
1116 5745 1208 5798 per
1241 5740 1523 5802 utrumque
1552 5750 1765 5790 sensum

162 5814 331 5869 ilium
362 5814 521 5869 lidum
556 5812 700 5868 facit.
738 5816 824 5869 16.
858 5816 921 5869 Et
948 5836 1078 5873 nunc
1104 5821 1224 5890 quid
1254 5825 1503 5877 moraris?
1539 5824 1769 5899 Exsurge

1177 385 1239 440 IN
1280 382 1458 438 ACTA
1501 373 2020 433 AI‘OSTOLORUM.
2068 372 2293 428 llOMll..
2338 368 2540 424 XLHI.

3360 365 3463 420 530

1875 497 1918 539 et
1975 485 2257 555 baptizare,
2288 494 2333 536 et
2387 482 2535 534 ablue
2580 488 2780 549 peccata
2826 487 2931 542 tua,
2974 478 3200 531 invocato
3267 477 3466 529 nomine

1873 578 2050 647 ipsius.

1944 672 1997 726 3.
2029 669 2124 724 ilic
2151 683 2262 723 rem
2294 682 2539 736 magnam
2572 665 2822 736 loquitur.
2854 662 2971 718 Non
3012 660 3155 716 enim
3193 659 3324 715 dixit
3347 700 3362 727 ,
3408 658 3463 715 In

1876 763 2089 817 nomine
2115 761 2232 831 ejus
2262 760 2553 829 baptizare,
2588 755 2703 820 sed,
2747 755 2989 809 Invocato
3026 753 3228 807 nomine
3251 750 3459 808 Christi.

1877 855 1986 910 lloc
2012 863 2188 909 autem
2226 853 2484 917 declarat,
2515 852 2661 904 illum
2693 864 2813 906 esse
2856 849 3021 903 Deum
3052 863 3065 899 :
3097 859 3270 917 neque
3298 844 3461 899 alium

1878 949 1999 1003 licet
2039 950 2309 1012 invocare,
2356 946 2458 999 nisi
2502 943 2688 997 Deum.
2742 940 2944 996 Deinde
2984 939 3217 993 ostendit
3258 950 3318 993 se
3355 952 3464 992 non

1874 1054 1992 1095 esse
2020 1050 2261 1095 coactum
2290 1038 2415 1092 dum
2443 1036 2573 1091 dicit
2600 1055 2611 1091 :
2639 1035 2891 1090 Dominus
2921 1033 3049 1088 dixit
3074 1032 3143 1087 ad
3171 1049 3250 1087 me
3270 1048 3290 1087 :
3327 1029 3465 1086 Vade

1873 1136 1924 1187 in
1957 1134 2282 1197 Damascum,
2305 1143 2351 1185 et
2376 1132 2441 1183 ibi
2463 1132 2655 1184 dicetur
2678 1130 2786 1195 tibi,
2807 1129 2931 1201 quid
2953 1137 2999 1180 te
3023 1136 3249 1197 oporteat
3274 1127 3460 1197 facere.

1874 1225 2015 1278 Nihil
2040 1226 2155 1280 sine
2184 1222 2509 1286 testimonio,
2541 1221 2634 1276 sed
2663 1221 2890 1275 civitatis
2912 1219 3073 1273 tetius
3098 1217 3461 1272 testimoniqu

1875 1316 2109 1385 profert,
2140 1332 2258 1387 qua:
2284 1316 2443 1371 etiam
2473 1313 2676 1369 viderat
2706 1330 2826 1368 eum
2862 1329 3021 1367 manu
3050 1312 3289 1368 ductum.
3331 1309 3468 1366 Vide

1876 1409 2033 1461 etiam
2063 1407 2398 1476 prophetiam
2431 1421 2724 1476 egressam,
2753 1420 2913 1475 quam
2942 1404 3162 1469 audivit,
3193 1418 3251 1458 se
3274 1410 3463 1458 testem

1877 1496 1987 1551 fore
2024 1497 2250 1551 Domini.
2282 1497 2485 1551 Revera
2513 1498 2653 1551 enim
2679 1498 2829 1551 testis
2862 1496 3002 1550 illius
3032 1494 3148 1556 fuit,
3176 1504 3231 1549 et
3254 1495 3462 1565 qualem

1875 1602 1994 1643 esse
2031 1588 2346 1657 Oportebat,
2382 1601 2433 1642 et
2473 1588 2726 1656 operibus
2757 1598 2805 1642 et
2852 1586 3048 1642 verbis.
3080 1585 3237 1641 Tales
3272 1593 3328 1640 et
3364 1601 3466 1641 nos

1874 1690 2085 1750 oportet
2117 1666 2239 1735 esse
2276 1690 2459 1747 testes,
2500 1697 2596 1735 nec
2638 1680 2862 1750 prodere
2896 1695 2981 1745 ea,
3013 1695 3131 1750 qua:
3158 1680 3313 1734 nobis
3337 1694 3466 1734 con-

1874 1773 2074 1828 eredita
2108 1782 2266 1840 sunt,
2304 1792 2409 1827 non
2453 1783 2657 1828 tantum
2687 1774 2829 1828 circa
2857 1772 3102 1842 dogmata
3124 1814 3139 1838 ,
3179 1772 3273 1826 sed
3303 1774 3466 1831 etiam

1874 1866 2016 1919 circa
2059 1865 2246 1920 vitam.
2292 1864 2422 1921 Vide
2467 1866 2607 1919 enim
2645 1884 2657 1919 :
2692 1865 2833 1935 quod
2872 1865 3065 1920 viderit
3105 1874 3159 1919 et
3200 1865 3456 1923 audierit.

1877 1968 2086 2012 testatur
2122 1957 2371 2013 omnibus
2397 1957 2723 2024 hominibus,
2759 1968 2811 2013 et
2837 1958 2966 2012 nihil
2998 1957 3144 2012 illum
3170 1958 3464 2029 prohibuit,

1875 2048 1942 2103 Et
1970 2064 2065 2105 nos
2091 2050 2389 2105 audivimus
2413 2050 2553 2121 quod
2590 2050 2658 2104 sit
2689 2050 3011 2106 resurrectio
3042 2058 3096 2106 et
3128 2049 3269 2121 quod
3302 2052 3459 2103 innu-

1874 2166 2018 2205 mera
2052 2151 2187 2204 bona
2219 2169 2232 2203 :
2266 2165 2395 2221 ergo
2435 2150 2691 2206 debemus
2733 2151 2834 2204 hoc
2868 2149 3117 2205 omnibus
3159 2147 3466 2204 hominibus

1877 2243 2168 2299 testiﬁcari.
2205 2244 2362 2312 Atqui
2399 2242 2744 2298 testiﬁcamur
2765 2285 2779 2309 ,
2818 2240 3059 2312 inquies,
3091 2248 3145 2295 et
3174 2239 3464 2295 credimus.

1875 2336 2175 2404 Quomodo,
2200 2336 2466 2391 contraria
2498 2335 2800 2390 facientes?
2832 2335 2943 2397 Dic,
2973 2349 3156 2405 quaeso
3177 2378 3190 2401 ,
3227 2336 3355 2389 mihi
3384 2354 3396 2389 :
3421 2334 3465 2389 si

1875 2427 1995 2496 quis
2020 2441 2077 2481 se
2108 2426 2312 2481 diceret
2340 2425 2724 2491 Christianum,
2752 2425 2948 2481 deinde
2976 2426 3231 2481 deficiens
3252 2434 3464 2495 saperet

1873 2518 2109 2583 Judaica,
2137 2534 2203 2573 an
2230 2517 2501 2573 sufﬁceret
2526 2518 2629 2573 hoc
2659 2518 3057 2573 testimonium?
3082 2518 3463 2589 Nequaquam:

1876 2629 1997 2667 nam
2026 2628 2092 2668 ex
2120 2613 2373 2682 operibus
2403 2612 2765 2667 testimonium
2795 2622 3115 2681 quaererent.
3149 2610 3221 2666 Ita
3246 2622 3297 2667 et
3326 2626 3425 2667 nos
3449 2653 3465 2675 ,

1874 2705 1916 2756 si
1948 2703 2187 2758 dicamus
2226 2717 2347 2757 esse
2378 2703 2825 2757 resurremionem
2870 2711 2924 2758 et
2964 2701 3243 2757 innumera
3287 2702 3421 2756 bona
3446 2745 3461 2768 ,

1873 2794 2174 2864 deindeque
2209 2795 2293 2847 illa
2334 2804 2739 2848 contemnamus
2761 2836 2775 2859 ,
2820 2803 2876 2848 et
2917 2801 3128 2849 terrena
3158 2804 3427 2849 sectemur
3450 2837 3465 2861 ,

1874 2887 1993 2956 quis
2022 2886 2246 2941 credet?
2277 2901 2380 2938 non
2412 2886 2554 2939 enim
2588 2885 2669 2948 iis,
2700 2900 2818 2954 qna:
2841 2883 3087 2950 dicimus,
3112 2886 3205 2940 sed
3235 2887 3318 2951 iis,
3346 2902 3467 2957 quas

1876 2977 2100 3032 facimus
2122 3018 2135 3041 ,
2176 2975 2460 3030 attendunt
2501 2989 2710 3029 omnes.
2743 2974 2906 3027 Testis
2932 2977 3030 3029 eris
3050 3017 3064 3041 ,
3095 2976 3295 3045 inquit,
3327 2978 3467 3047 apud

1873 3086 2045 3123 omnes
2084 3071 2351 3134 homines;
2393 3084 2496 3122 non
2541 3069 2680 3138 apud
2728 3069 3057 3126 domesticos
3101 3054 3340 3141 tantum,
3370 3077 3464 3133 sed

1872 3160 2032 3215 etiam
2074 3160 2211 3230 apud
2259 3160 2533 3225 infideles;
2568 3162 2779 3215 testium
2821 3162 2965 3216 enim
2995 3173 3077 3219 est
3108 3167 3464 3235 persuadere,

1874 3269 1979 3309 non
2024 3255 2335 3322 scientibus,
2382 3255 2477 3310 sed
2522 3256 2905 3311 nescientibus.
2950 3257 3128 3313 Simus
3171 3260 3277 3315 ﬁde
3318 3262 3465 3333 digni

1875 3355 2056 3401 testes.
2076 3346 2355 3414 Quomodo
2370 3347 2503 3402 tales
2519 3348 2756 3402 erimus?
2774 3350 2818 3401 A
2831 3350 2958 3403 vita.
2978 3350 3367 3409 lnsidiabantur
3390 3357 3463 3410 illi

1872 3439 2076 3505 Judazi;
2126 3440 2444 3494 insidiantur
2500 3440 2653 3495 nobis
2700 3440 2863 3494 animi
2910 3441 3169 3508 affectus,
3212 3446 3466 3515 jubentes

1873 3534 2119 3601 abjurare
2151 3532 2535 3587 testimonium.
2567 3532 2674 3587 Sed
2702 3548 2768 3587 ne
2796 3532 3227 3603 obtemperemus
3257 3554 3272 3591 :
3304 3548 3467 3596 testes

1872 3640 2057 3679 sumus
2083 3641 2111 3679 a
2135 3625 2245 3680 Deo
2273 3625 2439 3678 missi.
2466 3625 2742 3679 Iudicatur
2762 3627 2901 3695 apud
2930 3626 3180 3684 homines
3204 3633 3463 3699 quosdam

1876 3719 2014 3772 Deus
2043 3733 2148 3771 non
2181 3732 2300 3772 esse
2329 3718 2467 3771 Deus
2495 3735 2506 3769 :
2532 3718 2677 3772 misit
2698 3733 2815 3785 nos,
2844 3719 2932 3788 qui
2962 3720 3060 3775 sibi
3092 3723 3461 3781 tesﬁﬁcemur.

1874 3810 2250 3865 Testiﬁcemur
2274 3825 2401 3879 ergo
2431 3819 2487 3865 et
2518 3812 2931 3879 persuadeamus
2972 3815 3421 3873 contendentibus
3446 3836 3459 3871 :

1872 3903 1916 3955 si
1957 3918 2061 3955 non
2094 3902 2442 3957 tcstiﬁcemur
2462 3944 2475 3966 ,
2510 3902 2720 3956 illorum
2746 3903 2947 3958 erroris
2974 3922 3073 3961 nos
3099 3907 3153 3961 in
3181 3924 3340 3965 causa
3368 3928 3463 3968 su-

1874 4006 2009 4045 mus.
2056 3992 2109 4046 Si
2154 4003 2332 4046 autem
2380 3993 2429 4045 in
2476 3993 2592 4046 t'oro
2621 3994 2879 4062 judiciali,
2921 3996 3009 4051 ubi
3048 4013 3134 4052 res
3171 4004 3461 4062 sseculares

1876 4092 2170 4137 tractantur
2191 4125 2205 4147 ,
2237 4098 2393 4136 nemo
2422 4083 2701 4139 admiserit
2733 4092 2946 4151 testem,
2981 4088 3274 4147 innumeris
3304 4106 3462 4151 nota-

1874 4182 1982 4226 tum
2026 4172 2281 4242 ﬂagitiis:
2314 4173 2483 4227 multo
2530 4174 2706 4228 minus
2749 4174 2851 4241 hic,
2899 4176 2985 4232 ubi
3034 4187 3193 4236 tanta:
3235 4199 3324 4239 res
3357 4198 3461 4242 tra-

1870 4274 2102 4318 ctantur.
2141 4264 2249 4318 Nos
2275 4265 2501 4320 dicimus
2522 4306 2537 4330 ,
2582 4267 2722 4335 quod
2757 4267 3058 4323 audivimus
3084 4286 3112 4325 a
3144 4272 3377 4344 Christo,
3408 4295 3463 4335 et.

1870 4356 2137 4409 credimus
2181 4357 2244 4410 iis
2270 4398 2283 4420 ,
2328 4372 2447 4425 quae
2490 4356 2603 4425 ipse
2645 4359 2888 4426 promisit
2921 4378 2934 4413 :
2964 4361 3145 4417 dicunt
3184 4367 3259 4421 illi
3291 4385 3303 4421 :
3337 4370 3460 4425 Ιιιριε

1869 4446 2134 4500 ostendite
2166 4462 2260 4514 per
2299 4462 2495 4514 opera;
2544 4447 2648 4500 vita
2691 4463 2921 4519 namque
2964 4461 3140 4508 vestra
3188 4465 3455 4516 contraria

1873 4536 2207 4601 testiﬁcatur,
2240 4535 2379 4603 quod
2411 4551 2605 4605 nempe
2630 4550 2737 4591 non
2768 4541 3021 4595 credatis.

1941 4628 2131 4682 Contra
2155 4644 2333 4681 avaros
2361 4637 2406 4681 et
2428 4644 2657 4697 rapaces.
2677 4658 2745 4668 —
2776 4629 3015 4687 Vultisne
3041 4634 3317 4693 videamus
3340 4654 3456 4704 eos,

1869 4722 1959 4790 qui
2014 4721 2265 4790 pecunias
2316 4721 2607 4790 colligunt,
2660 4736 2921 4790 rapaces,
2974 4741 3197 4794 avaros,
3231 4746 3325 4786 eos
3369 4739 3455 4804 qui

1873 4815 2160 4883 plangunt,
2204 4813 2293 4882 qui
2338 4812 2561 4881 lugent,
2607 4810 2911 4879 acdiﬁcant,
2961 4819 3245 4889 omniaque
3292 4839 3458 4894 nego-

1874 4905 2071 4957 tiantur
2108 4900 2258 4972 quasi
2287 4916 2582 4970 numquam
2612 4902 2859 4956 morituri
2889 4904 2911 4955 ?
2942 4904 2996 4959 Si
3042 4921 3171 4978 ergo
3201 4927 3307 4965 non
3336 4929 3457 4969 crc-

1872 4994 1995 5046 ditis
2022 5008 2118 5046 vos
2148 5006 2269 5046 esse
2291 4991 2581 5046 morituros
2603 5035 2617 5059 ,
2664 4991 2789 5046 licet
2815 5008 2902 5049 res
2924 4996 2996 5049 ita
3022 5009 3167 5053 certa
3203 5011 3257 5055 et
3285 5008 3458 5059 mani-

1872 5086 2005 5141 festa
2038 5086 2108 5140 sit
2133 5126 2146 5150 ,
2179 5083 2449 5154 quomodo
2476 5098 2571 5138 vos
2604 5084 2948 5141 testiﬁcantes
2976 5090 3297 5147 credemus?
3319 5096 3458 5151 Sunt

1872 5178 2047 5243 enim,
2081 5187 2240 5242 sunt,
2276 5176 2488 5247 inquam
2511 5218 2525 5242 ,
2570 5178 2720 5231 multi
2754 5176 2999 5236 homines
3030 5182 3101 5236 ita
3144 5186 3320 5240 affecti
3342 5229 3356 5252 ,
3394 5205 3458 5244 ac

1875 5272 1919 5325 si
1976 5286 2263 5340 numquam
2315 5280 2498 5323 essent
2542 5268 2807 5324 morituri.
2855 5271 2989 5326 Nam
3034 5290 3156 5329 cum
3206 5278 3258 5332 in
3303 5284 3459 5350 gravi

1873 5371 2150 5417 senectute
2182 5362 2440 5430 incipiant
2464 5361 2751 5428 mdiﬁcare,
2781 5373 2835 5417 et
2862 5380 3017 5434 agros
3046 5369 3225 5425 colere
3248 5415 3262 5438 ,
3291 5390 3460 5443 quan—

1874 5454 2067 5509 donam
2102 5455 2168 5507 de
2196 5463 2369 5507 morte
2411 5454 2721 5521 cogitabunt
2747 5455 2769 5506 ἲ
2794 5454 2909 5509 Non
2943 5473 3161 5527 parvum
3194 5474 3275 5517 est
3307 5466 3460 5521 nobis

1876 5547 2193 5617 supplicium
2226 5546 2277 5599 in
2322 5546 2689 5601 testimonium
2737 5552 2970 5616 vocatis,
3006 5568 3112 5607 non
3156 5570 3313 5623 posse
3344 5574 3461 5626 quae

1878 5641 2104 5693 vidimus
2154 5638 2449 5692 testiﬁcari.
2486 5638 2728 5693 Vidimus
2762 5657 2859 5695 nos
2902 5644 3069 5697 oculis
3118 5648 3375 5718 angelos,
3410 5658 3461 5704 et

1878 5734 2069 5786 clarius
2109 5746 2265 5800 quam
2315 5731 2379 5793 ii,
2413 5730 2499 5799 qui
2545 5746 2670 5786 vcre
2704 5732 2967 5789 viderunt.
3022 5737 3164 5809 Ergo
3206 5742 3461 5796 testiﬁce-

1886 5845 1999 5881 mur
2023 5826 2236 5881 Christo
2263 5844 2273 5877 :
2300 5840 2402 5878 non
2426 5825 2568 5879 enim
2602 5825 2676 5879 illi
2708 5827 2806 5881 soli
2835 5836 3018 5899 testes,
3038 5833 3129 5887 sed
3157 5850 3253 5891 nos
3279 5835 3460 5892 etiam.
