4094 6336
632 418 728 477 551

641 540 716 592 Illi
747 534 991 588 dicuntur
1021 532 1278 595 martyres
1303 533 1398 574 seu
1416 524 1599 579 testes,
1620 510 1739 581 quia
1765 506 1897 577 iussi
1925 501 2189 570 abiurare,

639 628 813 686 omnia
844 622 1149 694 patiuntur,
1183 624 1238 670 ut
1270 612 1544 668 veritatem
1574 604 1752 659 dicant
1778 617 1791 653 :
1823 606 1877 653 et
1904 608 2002 650 nos
2030 604 2198 659 quan-

639 722 709 775 do
737 719 803 772 ab
827 714 988 769 animi
1022 709 1252 765 motibus
1274 704 1525 772 abiurare
1546 695 1797 767 iubemur
1820 730 1836 756 ,
1868 702 1934 743 ne
1956 696 2199 740 succum-

644 773 847 866 bamus.
881 806 1083 860 Aurum
1114 799 1279 855 dicit:
1327 795 1420 849 Dic
1442 789 1708 847 Christum
1748 797 1855 837 non
1887 791 2005 833 esse
2046 773 2198 829 Chri-

642 916 778 959 stum
799 919 812 955 :
835 915 900 954 ne
916 900 1101 953 audias
1119 892 1267 963 quasi
1288 890 1471 951 Deum,
1491 881 1585 939 sed
1604 878 1878 947 ejusjussa
1894 878 2197 926 contemne.

640 988 1095 1060 Concupiscentim
1136 959 1295 1037 mulce
1348 976 1572 1045 idipsum
1622 969 1841 1031 dicunt;
1889 959 2087 1060 tu
2134 969 2201 1009 ne

640 1049 975 1149 obtemperes
1000 1118 1013 1142 ,
1044 1074 1134 1129 sed
1164 1080 1243 1126 sta
1275 1067 1503 1130 fortiter,
1529 1078 1595 1117 ne
1616 1070 1671 1115 et
1691 1058 1757 1112 de
1783 1053 1933 1109 nobis
1958 1049 2197 1105 dicatur:

648 1140 1147 1236 Otum-conﬁtentur
1178 1162 1343 1218 scire.
1379 1156 1523 1229 {actis
1557 1162 1723 1208 autem
1760 1153 1941 1217 negant
1968 1140 2094 1213 (Tit.
2146 1140 2197 1193 1.

645 1265 754 1333 16).
788 1263 895 1315 lloc
937 1234 1078 1313 enim
1106 1270 1209 1308 non
1250 1259 1331 1306 est
1361 1248 1571 1303 testium
1592 1284 1607 1305 .
1639 1241 1733 1297 sed
1755 1234 2200 1292 adversariorum.

643 1330 792 1423 Quod
823 1351 909 1404 alii
942 1356 1175 1418 negent,
1205 1341 1340 1397 nihil
1384 1339 1611 1400 mirum;
1656 1330 1797 1404 quod
1838 1335 2018 1423 autem
2062 1336 2158 1376 nos
2184 1360 2200 1386 ,

645 1445 732 1513 qui
761 1444 814 1496 in
846 1416 1208 1495 testimonium
1253 1444 1536 1492 vocamur,
1566 1435 1850 1493 negemus,
1882 1416 1940 1500 id‘
1962 1428 2123 1485 grave
2150 1418 2205 1465 et

643 1547 930 1590 onerosum
977 1538 1094 1585 est:
1128 1526 1231 1581 hoc
1261 1522 1488 1577 maxime
1533 1516 1693 1571 rebus
1739 1508 1935 1565 nostris
1986 1503 2203 1559 noxium

641 1637 740 1683 est.
771 1626 836 1679 In
868 1622 1196 1679 testimonium
1222 1616 1324 1671 illis
1349 1612 1530 1667 eveniet
1556 1608 1701 1677 (Luc.
1726 1604 1823 1658 21.
1857 1600 1968 1673 15),
1998 1599 2203 1667 inquit:

644 1721 737 1777 sed
788 1720 834 1773 si
887 1730 990 1771 non
1046 1711 1375 1771 resiliamus,
1406 1704 1450 1757 si
1497 1698 1874 1755 consistamus.
1930 1691 1986 1746 Si
2021 1700 2209 1743 omnes

646 1812 867 1868 velimus
916 1805 1127 1861 Christo
1180 1795 1488 1860 testificari,
1539 1792 1644 1847 cito
1695 1786 1875 1843 multis
1924 1779 2209 1853 gentilibus

646 1898 1108 1974 persuadebimus.

714 1995 768 2047 4.
795 1990 979 2059 Magna
1033 2000 1118 2041 res
1175 1992 1258 2039 est
1300 1982 1439 2045 vita,
1466 1975 1644 2032 dilecti
1672 1992 1686 2028 :
1716 1973 1841 2027 licet
1889 1966 2007 2037 quis
2059 1959 2209 2015 valde

649 2084 790 2138 ferus
835 2083 941 2145 sit,
972 2078 1157 2132 saltem
1189 2081 1369 2143 aperte
1412 2082 1517 2123 non
1564 2061 1833 2119 damnabit
1868 2071 1964 2112 nos
1995 2061 2210 2124 propter

652 2174 840 2242 dogma
862 2171 877 2201 ⁸
900 2144 1036 2235 φειεά
1068 2166 1201 2220 clam
1242 2162 1514 2225 admittet,
1542 2152 1776 2210 laudabit
1822 2158 1876 2206 et
1921 2144 2210 2203 admirabi-

647 2236 749 2317 tur‘.
793 2261 859 2315 Et
907 2258 1204 2318 undeuam,
1236 2252 1480 2321 inquies,
1521 2248 1622 2302 erit
1650 2245 1755 2301 vita
1803 2238 2042 2310 optima?
2091 2236 2208 2289 Non

647 2352 893 2417 aliunde,
925 2364 1080 2419 quam
1132 2361 1196 2399 ex
1248 2342 1423 2397 divina
1454 2337 1781 2408 operatione.
1832 2330 1967 2399 Quid
1996 2340 2123 2397 ergo
2169 2324 2214 2379 si

651 2448 875 2517 gentiles
906 2418 1014 2499 sint
1044 2438 1220 2495 tales?
1266 2436 1342 2490 llli
1376 2435 1421 2491 si
1470 2431 1682 2502 quando
1713 2428 1842 2482 tales
1872 2425 1979 2479 sint
2002 2463 2017 2488 ,
2047 2420 2096 2474 id
2128 2418 2214 2471 alii

650 2512 713 2595 ex
744 2546 931 2592 natura
952 2575 966 2599 ,
1004 2532 1093 2587 alii
1125 2545 1192 2585 ex
1240 2541 1369 2580 vana
1397 2524 1564 2594 gloria
1595 2520 1810 2575 habent.
1846 2516 1937 2569 Vis
1964 2512 2171 2567 discere
2195 2549 2211 2574 ,

650 2631 737 2702 qui
764 2629 833 2685 sit
858 2624 1069 2681 virtutis
1108 2618 1359 2690 splendor
1382 2658 1396 2682 ,
1429 2622 1683 2684 quantum
1708 2608 1883 2662 valeat
1908 2604 1973 2659 ad
1999 2614 2217 2672 persua-

650 2690 921 2776 dendum?
959 2713 1104 2769 Multi
1133 2707 1370 2765 haeretici
1394 2746 1410 2773 ,
1442 2702 1542 2760 etsi
1570 2702 1815 2769 dogmata
1841 2700 2089 2762 corrupta
2120 2690 2216 2744 lla-

656 2815 843 2866 herent
867 2850 882 2874 ,
912 2808 981 2861 ita
1010 2802 1283 2859 invaluere
1306 2840 1319 2862 ,
1353 2804 1411 2851 ut
1436 2792 1587 2849 multi
1626 2789 1867 2845 homines
1896 2801 1959 2841 ex
2003 2783 2123 2837 vitae
2152 2780 2219 2834 il-

656 2905 823 2957 lorum
847 2895 1143 2953 reverentia
1169 2892 1359 2961 dogma
1390 2886 1600 2940 illorum
1626 2896 1732 2935 non
1760 2872 2214 2934 examinaverint:

654 2994 742 3047 alii
798 2991 887 3062 qui
936 2988 1054 3042 illos
1110 2984 1178 3039 ob
1224 2981 1415 3050 dogma
1464 2970 1877 3045 improbabant,
1928 2966 1997 3022 ob
2056 2963 2218 3016 vitam

656 3052 871 3139 reveriti
911 3084 1073 3141 sunt;
1101 3088 1208 3128 non
1233 3072 1372 3126 bene
1398 3076 1544 3122 certe
1568 3105 1583 3131 ,
1630 3061 1724 3117 sed
1752 3059 1805 3114 id
1858 3066 2035 3112 tamen
2082 3052 2222 3124 passi

656 3185 799 3233 sunt.
840 3174 952 3227 Hoc
978 3168 1099 3223 lidei
1128 3172 1325 3219 nostra:
1367 3161 1701 3214 honestatem
1744 3148 2072 3213 dilfamavit;
2122 3146 2225 3200 hoc

657 3264 834 3320 omnia
884 3256 1184 3317 subvertit,
1232 3250 1373 3322 quod
1417 3261 1574 3302 nemo
1620 3244 1779 3299 ullam
1811 3242 1932 3295 vitae
1962 3240 2223 3292 rationem

663 3355 893 3417 habeat;
926 3349 1028 3405 hoc
1079 3344 1235 3399 (idem
1287 3336 1612 3411 pessumdat.
1670 3333 1901 3387 Dicimus
1951 3328 2223 3384 Christum

665 3461 786 3504 esse
828 3446 1018 3506 Deum,
1048 3440 1323 3494 innumera
1375 3431 1477 3487 alia
1509 3426 1858 3498 proferimus,
1888 3431 1940 3476 et
1976 3420 2077 3475 hoc
2106 3434 2225 3475 eum

662 3539 780 3593 aliis
806 3577 820 3601 ,
854 3532 993 3605 quod
1021 3526 1347 3600 persuaserit
1376 3520 1624 3577 omnibus
1644 3559 1658 3583 ,
1685 3528 1745 3572 ut
1770 3524 1911 3570 recte
1939 3514 2177 3567 viverent
2204 3526 2219 3574 ;

664 3631 757 3686 sed
788 3603 887 3682 hoc
913 3626 964 3680 in
1000 3622 1180 3693 paucis
1207 3630 1429 3674 cernere
1456 3622 1557 3669 est.
1588 3605 2011 3666 Resurrectionis
2040 3603 2230 3675 dogma

669 3720 811 3777 laedit
835 3718 955 3771 vitae
981 3689 1291 3783 improbitas
1311 3752 1324 3775 ,
1352 3721 1557 3762 necnon
1603 3698 2019 3757 immortalitatis
2042 3689 2236 3751 animai

665 3826 719 3872 et
764 3812 943 3883 judieii
972 3827 986 3873 ;
1019 3808 1286 3875 multaque
1328 3803 1429 3856 alia
1459 3798 1714 3863 attrahit,
1749 3794 1913 3849 fatum
1940 3832 1957 3857 ,
1994 3788 2232 3846 necessi-

672 3882 854 3968 tatem,
879 3900 1211 3970 negationem
1234 3891 1596 3964 providentim.
1627 3888 1816 3942 Anima
1832 3886 1975 3939 enim
1999 3884 2051 3937 in
2079 3882 2236 3936 malis

672 3994 968 4051 innumeris
994 3991 1240 4044 immersa
1265 4025 1280 4051 ,
1313 3985 1424 4038 haec
1453 3980 1553 4036 sibi
1583 3979 1890 4048 excogitare
1920 3975 2145 4045 satagit,
2172 3990 2237 4027 ne

737 4196 752 4225 ι
782 4192 977 4259 Graecus
998 4194 1165 4259 textus
1186 4185 1442 4259 habenas:
1464 4196 1678 4259 «mag.»
1702 4193 2086 4255 ωτατινέισιῃβιάτδ
2110 4193 2239 4246 δόγμα.

674 4266 803 4315 quae,
828 4249 1009 4315 deleta,
1034 4256 1087 4315 ut
1110 4250 1265 4315 series
1288 4244 1531 4315 postulare
1554 4244 1745 4315 videtur
1763 4281 1776 4304 ,
1803 4244 2061 4315 negatione
2085 4260 2125 4296 ot
2140 4244 2239 4303 {si-

671 4307 1005 4377 gniﬁcahunti
1032 4310 1150 4358 Licet
1172 4313 1334 4372 aperte
1366 4308 1640 4356 condemnet
1664 4314 1855 4369 propter
1876 4307 2069 4371 dogma.

686 4459 771 4466 η...-

1390 402 1445 459 S.
1477 393 1745 456 JOANNIS
1782 378 2251 447 CHRYSOSTOMI
2290 374 2602 433 ARClllEP.
2643 369 3169 429 CONSTANTINOP.

3778 358 3887 413 res

2309 498 2493 545 moesta
2523 488 2589 542 sit
2618 486 2860 556 cogitans
2882 484 3141 553 judicium
3171 478 3284 535 fore
3309 516 3324 544 ,
3354 484 3409 531 et
3450 474 3499 528 in
3537 470 3692 526 nobis
3718 470 3884 524 situm

2304 596 2421 637 esse
2450 579 2656 634 virtutis
2681 586 2734 632 et
2772 576 3024 645 nequitiae
3053 571 3308 627 studium.

2389 670 2500 723 Vita
2546 666 2777 739 improba
2804 666 2957 734 ﬁdem
2986 663 3281 732 corrumpit.
3309 688 3378 700 -
3410 656 3558 713 Talis
3586 653 3694 707 vita
3726 652 3888 705 innu-

2306 774 2447 815 mera
2477 767 2729 830 cperatur
2760 756 2919 821 mala,
2959 755 3203 809 homines
3231 751 3372 806 feras
3396 746 3592 811 reddit,
3621 745 3727 798 imo
3754 741 3887 796 feris

2306 847 2819 904 irrationabiliores:
2868 859 2991 899 nam
3019 857 3138 912 quae
3183 842 3233 895 in
3276 840 3615 894 diversarum
3646 832 3887 887 ferarum

2309 950 2495 995 natura
2539 946 2695 1002 sunt,
2758 936 2844 990 illa
2874 949 3016 1003 saepe
3064 933 3116 985 in
3166 946 3275 985 uno
3311 929 3527 987 homine
3557 925 3795 995 colligit,
3832 929 3891 977 et

2308 1042 2475 1088 totum
2498 1028 2773 1086 subvertit.
2798 1026 2923 1081 ideo
2949 1025 3114 1080 fatum
3138 1022 3434 1078 introduxit
3452 1019 3695 1074 diabolus
3723 1036 3735 1070 :
3762 1018 3893 1072 ideo

2308 1125 2422 1178 sine
2467 1118 2798 1192 providentia
2850 1115 3102 1172 mundum
3147 1112 3257 1183 regi
3297 1111 3433 1167 dixit
3471 1126 3485 1163 :
3518 1108 3639 1163 ideo
3669 1116 3892 1161 naturas

2308 1215 2457 1283 ponit
2501 1212 2666 1266 bonas
2694 1219 2747 1264 et
2775 1208 2942 1262 malas
2967 1226 2978 1260 :
3012 1206 3211 1261 idcirco
3234 1201 3449 1256 'malum
3481 1201 3599 1254 sine
3626 1196 3892 1267 principio

2308 1315 2364 1361 et
2406 1302 2679 1359 materiale
2710 1301 2995 1369 supponit:
3026 1296 3225 1351 idcirco
3254 1293 3384 1347 nihil
3414 1305 3518 1346 non
3548 1290 3693 1358 agit,
3724 1296 3781 1340 ut
3808 1286 3891 1339 vi-

2312 1406 2415 1451 tam
2444 1401 2679 1449 nostram
2702 1396 3028 1457 corrumpat.
3057 1385 3241 1454 Neque
3264 1384 3407 1437 enim
3438 1380 3554 1436 fieri
3581 1386 3795 1449 potest,
3834 1385 3892 1429 ut

2310 1487 2357 1541 is
2376 1526 2391 1551 ,
2419 1484 2508 1553 qui
2547 1482 2636 1535 tali
2667 1478 2825 1534 modo
2855 1476 3023 1543 vivit,
3052 1474 3134 1529 vel
3161 1489 3190 1527 a
3221 1472 3399 1542 pravis
3428 1466 3769 1539 dogmatibus
3796 1479 3891 1518 re-

2310 1552 2453 1630 siliat
2479 1615 2493 1639 ,
2526 1573 2606 1627 vel
2638 1573 2688 1626 in
2718 1584 2847 1625 sana
2878 1567 2978 1622 lide
3006 1574 3255 1630 maneat;
3299 1560 3392 1617 sed
3422 1558 3729 1614 necessario
3773 1552 3896 1609 haec

2311 1675 2568 1722 assumet.
2599 1664 2714 1720 Non
2742 1672 2869 1733 puto
2912 1660 3055 1715 enim
3102 1654 3404 1727 quempiam
3436 1649 3662 1721 reperiri
3685 1663 3749 1703 ex
3780 1647 3853 1701 iis
3880 1685 3895 1709 ,

2312 1761 2401 1831 qui
2448 1774 2553 1813 non
2611 1766 2757 1812 recte
2796 1754 3015 1819 vivunt,
3042 1751 3130 1820 qui
3176 1763 3281 1803 non
3324 1744 3489 1801 millia
3516 1741 3749 1798 satanica
3780 1752 3903 1793 mo—

2312 1851 2541 1911 diletur;
2569 1846 2714 1900 verbi
2746 1843 2913 1914 gratia
2933 1882 2951 1909 ,
2981 1841 3144 1894 fatum
3171 1852 3291 1893 esse
3317 1877 3332 1903 ,
3360 1848 3448 1889 res
3476 1846 3664 1887 omnes
3690 1839 3903 1885 temere

2315 1940 2480 2007 ferri,
2530 1937 2833 2009 permixtim
2878 1943 2934 1989 et
2980 1931 3204 1987 confuse
3249 1927 3427 1983 omnia
3473 1925 3673 1995 jacere.
3726 1920 3901 1984 Ideo,

2316 2031 2581 2095 obsecro,
2627 2027 2749 2081 vita:
2798 2024 2978 2094 probae
3026 2035 3207 2075 curam
3259 2018 3588 2080 habeamus,
3646 2028 3714 2067 ne
3758 2009 3904 2065 mala

2318 2110 2670 2187 suscipiamus
2698 2115 2969 2185 dogmata.
3015 2110 3146 2166 Cain
3178 2109 3231 2163 in
3278 2107 3535 2161 ultionem
3566 2101 3808 2171 accepit,
3847 2108 3909 2153 ut

2318 2210 2689 2280 ingemisceret
2712 2248 2727 2273 ,
2759 2214 2813 2261 et
2842 2210 3116 2257 tremeret.
3163 2198 3319 2252 Tales
3347 2204 3471 2252 sunt
3512 2192 3779 2263 improbi,
3809 2190 3901 2243 in-

2320 2312 2663 2355 numerorum
2710 2294 2812 2349 sibi
2849 2293 3109 2347 malorum
3156 2288 3395 2345 conscii:
3424 2300 3567 2355 saepe
3605 2299 3671 2338 cx
3712 2294 3912 2335 somno

2319 2390 2592 2453 exsiliunt,
2618 2385 2934 2440 turbulenta:
2958 2391 3083 2437 sunt
3108 2378 3456 2449 cogitationes
3476 2389 3683 2441 eorum,
3708 2372 3913 2427 turbati

2320 2478 2457 2533 oculi
2480 2518 2494 2543 ,
2524 2477 2701 2531 omnia
2731 2473 3040 2543 suspicione
3103 2470 3258 2539 plena
3284 2510 3300 2535 ,
3330 2476 3537 2521 terrore
3561 2505 3577 2531 ,
3622 2463 3773 2533 gravi
3806 2477 3913 2516 ex-

2322 2568 2654 2638 spectatione
2677 2607 2691 2629 ,
2722 2573 2867 2619 metu
2908 2562 3061 2633 plena
3084 2561 3282 2626 anima,
3316 2555 3600 2612 formidine
3628 2563 3681 2608 et
3712 2553 3914 2606 timore

2326 2660 2614 2722 subversa,
2661 2654 2913 2710 inhabilis
2956 2662 3055 2707 est.
3100 2650 3242 2705 Nihil
3292 2648 3377 2702 tali
3426 2647 3603 2700 anima
3644 2644 3868 2699 mollius
3898 2682 3914 2708 ,

2330 2749 2463 2803 nihil
2504 2746 2862 2816 insipientius.
2913 2744 3065 2797 Sicut
3089 2740 3276 2795 furiosi
3312 2752 3414 2792 non
3442 2746 3585 2791 stant
3614 2736 3667 2789 in
3703 2741 3925 2789 semet—'

2298 2839 2477 2908 .ipsis,
2527 2838 2606 2892 sic
2646 2847 2699 2891 et
2738 2835 2825 2889 illa
2857 2833 3138 2889 instabilis.
3181 2827 3528 2896 Quandonam
3567 2839 3695 2895 ergo
3726 2824 3823 2878 illa
3864 2822 3919 2877 in

2323 2946 2543 2985 sensum
2568 2938 2729 2983 tantae
2755 2924 2998 2996 caliginis
3024 2924 3225 2986 veniat,
3250 2934 3406 2990 quam
3430 2915 3721 2988 optandum
3744 2923 3919 2979 esset,

2331 3022 2712 3093 tranquillitate
2764 3018 3164 3084 serenitateque
3215 3010 3515 3072 fruentem,
3550 3021 3708 3076 posse
3757 3020 3919 3059 suam

2329 3126 2620 3184 agnoscere
2649 3106 3022 3165 nobilitatem?
3052 3105 3185 3158 Dum
3211 3109 3388 3156 autem
3419 3097 3595 3153 omnia
3626 3095 3776 3150 illam
3805 3104 3919 3148 ter-

2330 3174 2454 3261 rent
2482 3212 2537 3259 et
2565 3202 2781 3257 turbant
2800 3241 2815 3265 ,
2850 3197 3054 3253 somnia
3076 3236 3091 3261 ,
3119 3192 3285 3248 verba
3307 3231 3321 3258 ,
3354 3190 3568 3245 habitus
3588 3229 3603 3255 ,
3631 3196 3686 3241 et
3730 3174 3923 3256 suspio

2335 3298 2552 3357 ciones,
2583 3291 2799 3362 quando
2845 3288 3040 3357 poterit
3070 3286 3122 3339 in
3168 3299 3227 3339 se
3254 3282 3556 3352 respicere.
3588 3279 3666 3333 sic
3706 3277 3926 3332 turbata

2338 3398 2393 3445 et
2439 3385 2730 3457 perplexa?
2765 3382 2910 3435 Illius
2939 3393 3067 3449 ergo
3112 3386 3313 3431 metum
3354 3372 3659 3434 solvamus,
3706 3369 3929 3423 vincula

2338 3480 2729 3547 dirumpamus.
2779 3473 2913 3529 Nam
2946 3473 2991 3527 si
3041 3484 3147 3524 non
3196 3475 3341 3522 esset
3391 3478 3548 3535 pmna
3574 3502 3591 3528 ,
3623 3477 3727 3531 qua
3763 3475 3931 3529 paena

2336 3571 2450 3624 hmo
2488 3568 2699 3639 gravior
2730 3580 2834 3619 non
2880 3562 3074 3625 fuerit,
3110 3560 3161 3613 in
3210 3558 3401 3611 timore
3429 3567 3645 3622 semper
3689 3550 3886 3605 vivere
3914 3589 3933 3616 ,

2336 3674 2621 3731 numquam
2647 3657 2917 3714 conlidere
2940 3696 2955 3723 ,
2982 3664 3272 3722 numquam
3302 3648 3579 3731 quiescere
3599 3644 3623 3685 ν
3650 3644 3776 3699 Haec
3806 3658 3936 3697 om-

2337 3755 2421 3808 nia
2446 3761 2694 3807 acnurate
2716 3750 2967 3813 scientes,
2996 3746 3047 3798 in
3077 3724 3462 3811 tranquillitate
3490 3750 3586 3791 nos
3616 3749 3929 3800 servemus,

2344 3852 2398 3899 et
2421 3843 2670 3897 virtutem
2694 3839 2955 3899 colamus,
2974 3845 3032 3889 ut
3051 3843 3105 3887 et
3124 3846 3251 3887 sana
3282 3830 3529 3899 dogmata
3556 3835 3609 3881 et
3631 3826 3795 3879 vitam
3830 3824 3936 3877 bo-

2352 3950 2473 3991 nam
2524 3934 2822 3997 habentes,
2864 3930 2979 3983 sine
3024 3923 3345 3981 oli‘endiculo
3389 3922 3553 3974 vitam
3604 3926 3936 3987 praesentem

2348 4026 2735 4094 transigamus,
2764 4029 2818 4076 et
2864 4016 3126 4089 promissa
3172 4010 3514 4082 diligentibus
3564 4008 3737 4079 ipsum
3791 4007 3938 4062 bona

2344 4131 2764 4187 consequamur,
2798 4112 2966 4183 gratia
2998 4119 3052 4165 et
3076 4105 3405 4175 benignitate
3453 4100 3723 4171 Unigeniti
3768 4099 3892 4169 eius
3922 4141 3939 4165 ,

2346 4209 2558 4279 quicum
2582 4207 2722 4262 Patri
2751 4214 2806 4260 et
2826 4201 3047 4273 Spiritui
3070 4206 3254 4254 sancto
3276 4196 3467 4265 gloria,
3489 4193 3799 4261 imperium,
3828 4193 3932 4245 lto~

2350 4313 2468 4363 nor,
2493 4311 2634 4352 nunc
2658 4306 2712 4351 et
2741 4308 2977 4363 semper,
3006 4298 3058 4345 et
3080 4290 3132 4343 in
3154 4285 3345 4341 saecula
3367 4283 3707 4339 saeculorum.
3728 4283 3929 4336 Amen.

1995 4545 2325 4608 HOMlLIA
2368 4542 2644 4605 XLVIII.

684 4699 807 4753 CAP.
859 4696 947 4753 22.
996 4712 1043 4749 v.
1092 4697 1176 4749 l7.
1232 4691 1445 4745 Factum
1485 4700 1555 4745 est
1604 4700 1768 4743 autem
1827 4690 2085 4744 revertenti
2129 4690 2250 4743 mihi

762 4793 812 4841 in
843 4788 1144 4853 Jerusalem,
1163 4797 1209 4839 et
1238 4787 1400 4840 oranti
1426 4787 1477 4839 in
1507 4784 1710 4854 templo,
1732 4783 1842 4851 ﬁeri
1868 4800 1944 4836 me
1969 4784 2021 4836 in
2050 4784 2253 4850 exstasi,

767 4881 851 4933 18.
882 4888 927 4932 et
956 4880 1118 4931 videre
1144 4878 1287 4930 illum
1317 4878 1554 4930 dicentem
1596 4875 1717 4929 mihi
1758 4891 1775 4928 :
1822 4872 2053 4938 Festina,
2095 4884 2141 4928 et
2179 4874 2259 4927 exi

766 4970 992 5024 uelociter
1029 4985 1091 5023 ea:
1114 4966 1414 5032 Jerusalem,
1463 4968 1694 5036 quoniam
1723 4982 1821 5020 non
1854 4967 2089 5036 recipient
2116 4967 2259 5019 testi-

771 5062 990 5114 monium
1022 5070 1161 5112 tuum
1185 5059 1246 5111 de
1269 5074 1364 5112 me.
1399 5057 1483 5111 l9.
1519 5056 1584 5109 Et
1613 5073 1700 5125 ego
1726 5057 1831 5109 dixi
1864 5073 1880 5109 :
1911 5055 2141 5122 Domine,
2164 5056 2267 5125 ipsi

771 5151 951 5214 sciunt,
1004 5151 1122 5218 quia
1169 5166 1255 5218 ego
1304 5164 1438 5201 eram
1478 5147 1779 5201 concludens
1832 5148 1883 5199 in
1922 5163 2187 5213 carcerem,
2217 5155 2263 5200 et

773 5244 965 5297 cardens
994 5258 1080 5309 per
1115 5256 1391 5310 synagogas
1428 5256 1530 5304 eos,
1575 5240 1658 5308 qui
1688 5238 1953 5292 credebant
1976 5239 2029 5291 in
2056 5250 2099 5291 te
2130 5256 2146 5292 :
2172 5239 2260 5293 20.

775 5346 960 5387 etcum
992 5333 1280 5403 funderetur
1323 5334 1523 5400 sanguis
1568 5330 1817 5399 Stephani
1861 5330 1997 5383 testis
2039 5332 2128 5393 tui,
2176 5345 2264 5400 ego

778 5427 1056 5489 adstabant,
1085 5434 1130 5477 et
1159 5424 1523 5476 consentiebam
1552 5422 1656 5475 neci
1690 5424 1816 5491 ejus,
1849 5431 1896 5474 et
1931 5420 2267 5474 custodiebant

777 5515 1059 5568 vestimenta
1082 5514 1481 5581 interﬁcientium
1507 5513 1669 5565 illum.

780 5609 825 5660 l.
874 5605 1005 5657 Vide
1038 5605 1297 5673 quomodo
1332 5619 1389 5657 se
1417 5605 1466 5656 in
1498 5603 1727 5671 pericula
1760 5604 2024 5671 conjiciat.
2074 5601 2265 5656 Subdit

711 5699 850 5753 enim
884 5715 893 5748 :
926 5695 1137 5748 Factum
1161 5705 1228 5747 est
1257 5705 1418 5747 autem
1449 5697 1705 5747 revertenti
1737 5697 1855 5747 mihi
1882 5697 1931 5746 in
1956 5694 2269 5753 Jerusalem;

714 5791 761 5841 id
792 5798 888 5855 ρει,
917 5799 1031 5856 post
1066 5787 1316 5839 visionem
1347 5787 1483 5840 illam
1515 5801 1694 5840 rursus
1732 5786 1780 5838 in
1813 5786 2099 5839 Jerusalem
2124 5785 2264 5839 veni.

2361 4687 2426 4741 Et
2453 4686 2619 4741 oranti
2654 4687 2705 4739 in
2746 4687 2950 4753 templo,
2973 4685 3081 4752 ﬁeri
3109 4698 3186 4735 me
3214 4683 3267 4734 in
3300 4680 3515 4743 exstasi,
3534 4686 3578 4732 et
3604 4677 3772 4731 uidere
3798 4676 3952 4730 illum

2361 4780 2601 4831 dicentem
2630 4776 2749 4830 mihi
2775 4792 2791 4830 :
2821 4774 3047 4838 Festina,
3094 4782 3139 4826 et
3169 4772 3249 4825 exi
3274 4770 3506 4823 velociter
3544 4784 3605 4821 ea:
3628 4766 3950 4828 Jerusalem,

2362 4870 2596 4939 quoniam
2625 4884 2724 4921 non
2750 4868 2991 4935 recipient
3018 4862 3357 4917 testimonium
3385 4870 3525 4914 tuum
3551 4860 3613 4914 de
3639 4874 3739 4912 me.
3773 4858 3917 4913 Vide
3940 4877 3953 4912 :

2368 4974 2535 5029 neque
2565 4959 2666 5013 hoc
2691 4958 2807 5013 sine
2847 4956 3154 5011 testimonio
3180 4954 3373 5023 agitur,
3406 4952 3501 5007 sed
3531 4952 3600 5006 ab
3630 4960 3840 5006 eventu
3872 4959 3958 5004 est

2368 5053 2746 5107 testimonium.
2815 5050 3063 5112 Dixerat,
3126 5045 3248 5100 Non
3308 5045 3549 5115 recipient
3605 5042 3958 5096 testimonium

2371 5151 2545 5196 tuum;
2588 5150 2631 5195 et
2660 5156 2765 5196 non
2796 5146 3134 5207 receperunt.
3165 5136 3324 5191 Certe
3364 5150 3429 5190 ex
3454 5132 3734 5189 ratiocinio
3761 5133 3958 5203 conje-

2372 5233 2615 5287 ctandum
2646 5240 2779 5296 erat,
2814 5228 2955 5297 quod
2998 5237 3176 5282 essent
3204 5226 3491 5295 recepturi.
3528 5223 3635 5294 Ego
3655 5223 3790 5277 enim
3814 5241 3960 5277 eram

2372 5324 2674 5377 concludens
2699 5323 2751 5374 in
2778 5335 3027 5373 carcerem
3052 5327 3099 5371 et
3136 5318 3350 5381 credens,
3384 5315 3573 5384 inquit.
3624 5312 3746 5368 Ideo
3798 5314 3964 5383 igitur

2377 5416 2610 5485 recipere
2641 5412 2958 5481 oportebat;
3001 5420 3054 5464 et
3102 5419 3281 5463 tamen
3313 5422 3416 5461 non
3445 5412 3787 5475 receperunt.
3834 5404 3967 5458 Ideo

2379 5507 2477 5560 hoc
2507 5508 2556 5559 in
2581 5504 2776 5560 exsmsi
2798 5504 2972 5568 discit,
2992 5517 3049 5557 se
3073 5518 3175 5555 non
3200 5500 3560 5569 recipiendum
3578 5513 3717 5553 esse.
3733 5497 3834 5550 Hic
3857 5498 3969 5551 duo

2380 5599 2565 5667 probat
2596 5617 2605 5651 :
2638 5608 2691 5651 et
2718 5596 2857 5665 quod
2889 5612 2991 5649 non
3018 5596 3221 5665 possint
3252 5593 3491 5647 excusari
3517 5610 3531 5658 ;
3583 5605 3708 5644 nam
3765 5600 3970 5659 prmter

2381 5691 2628 5745 decorum
2663 5699 2716 5743 et
2752 5697 2945 5755 praeter
2979 5688 3238 5739 rationem
3268 5686 3436 5753 ipsum
3468 5680 3968 5751 persequebantur;

2391 5791 2440 5835 et
2471 5782 2608 5853 quod
2640 5782 2775 5835 Df‘JS
2804 5788 2942 5835 esset
2970 5777 3237 5841 Christus,
3282 5791 3341 5830 ea
3380 5790 3497 5845 qum
3528 5779 3725 5843 printer
3768 5786 3968 5840 exspe-
