4120 6334
237 413 342 469 553

234 527 525 583 ClaliOHCm
571 526 721 574 crant
755 513 1147 585 pruphetizaus,
1176 522 1272 560 nec
1307 520 1367 560 ea
1403 517 1520 573 quae
1567 511 1692 554 tunc
1733 494 1825 550 iic—

233 623 365 676 bant
389 613 701 685 respiciens,
727 610 818 665 sed
838 609 1009 663 futura
1033 600 1352 672 prznvidens.
1373 594 1649 664 Quomodo
1670 591 1826 685 igitur

233 712 386 775 dicit,
425 682 610 763 coram
635 703 861 775 gentibus
889 706 933 752 et
963 695 1163 766 regibus
1185 701 1231 746 ct
1261 692 1380 761 ﬁliis
1409 688 1575 742 Israel
1608 682 1825 756 portabit

234 819 417 857 nomen
448 797 652 853 meum?
683 791 936 856 Portabit,
969 787 1159 856 inquit,
1207 799 1304 838 nec
1348 780 1566 836 omnino
1604 787 1826 845 persua-

231 893 383 947 da-bit
423 911 437 945 :
482 885 718 955 alioquin
768 896 896 935 vero
949 878 1115 934 Judaei
1161 875 1285 928 alibi
1347 868 1822 941 persuadebautur,

235 986 323 1038 hic
357 995 491 1037 vero
518 978 753 1033 minime.
799 973 928 1026 Cum
967 967 1290 1038 oportuisset
1330 961 1560 1016 maxime
1605 968 1825 1025 persna-

239 1075 382 1139 deri,
431 1070 670 1125 videntes
714 1066 830 1134 ejus
867 1062 1145 1133 pristinum
1190 1057 1480 1119 fervorem,
1538 1060 1663 1104 tunc
1714 1061 1817 1139 non

237 1162 724 1236 pz-rsuadebantur.
755 1155 824 1208 Et
865 1169 978 1208 cum
1016 1150 1314 1219 funderetur
1341 1143 1547 1214 sanguis
1575 1138 1824 1236 Stephani

241 1232 376 1310 ustis
423 1252 517 1318 tui,
567 1266 658 1320 ego
701 1245 984 1308 adstabant,
1029 1251 1074 1296 et
1119 1236 1486 1293 consentiebant
1534 1232 1644 1286 neci
1693 1233 1820 1300 ejus.

238 1347 372 1402 Vide
427 1357 637 1398 rursum
682 1353 789 1406 quo
832 1348 1012 1390 sermo
1060 1331 1289 1395 desinat,
1338 1340 1531 1396 nempe
1590 1324 1642 1377 in
1688 1322 1821 1376 vali-

229 1440 363 1494 dum
408 1443 587 1504 caput.
636 1431 753 1502 ipse
782 1429 924 1484 enim
955 1435 1071 1480 erat
1117 1423 1208 1492 qui
1257 1418 1697 1491 persequebatur,
1727 1430 1827 1468 nec

235 1527 657 1599 persequebatur
687 1521 868 1586 modo,
902 1516 996 1573 sed
1017 1526 1071 1571 et
1095 1514 1245 1569 mille
1275 1511 1520 1566 manibus
1546 1505 1826 1562 occidebat

232 1620 590 1691 Stephanum.
631 1614 859 1671 Gravem
909 1609 1111 1664 caedem
1159 1606 1266 1660 illis
1297 1606 1348 1659 in
1389 1602 1701 1657 memoriam
1739 1614 1824 1653 re-

235 1721 413 1766 vocat.
446 1709 595 1762 Tunc
633 1720 761 1760 vero
789 1701 1004 1756 minime
1035 1698 1296 1762 ferebant,
1353 1694 1476 1764 quia
1511 1692 1611 1746 hoc
1639 1691 1822 1746 redar-

235 1802 437 1872 gnebat
466 1799 584 1853 illos
609 1814 623 1862 ;
654 1806 709 1850 et
731 1796 843 1864 jam
874 1790 1152 1861 prophetia
1182 1787 1527 1857 implebatur.
1553 1784 1707 1839 Zelus
1730 1784 1826 1853 igi-

228 1901 323 1946 tur
372 1903 614 1958 magnus,
662 1897 717 1940 et
755 1882 1028 1938 accusatio
1069 1878 1363 1934 vehemens
1412 1883 1548 1941 erat,
1573 1883 1627 1929 et
1662 1883 1824 1928 testes

237 1981 480 2037 veritatis
509 1978 708 2035 Christi
736 1975 961 2030 lidenter
983 1969 1354 2042 loquebantur.
1385 1966 1490 2022 Sed
1518 1966 1685 2022 Judari
1720 1980 1822 2019 non

237 2074 480 2129 tulerunt
500 2072 756 2137 deinceps
788 2075 951 2120 totam
983 2063 1165 2118 audire
1191 2061 1526 2125 concionem,
1558 2075 1619 2114 ac
1646 2059 1825 2112 furore

235 2165 478 2222 succensi
509 2162 831 2218 clamabant.
853 2160 942 2214 2i.
973 2157 1040 2210 Et
1082 2157 1210 2210 dixit
1240 2157 1306 2208 ad
1343 2171 1420 2208 me
1448 2175 1466 2207 .-
1506 2153 1663 2220 Vade,
1709 2153 1827 2222 quia

235 2276 327 2328 rgo
368 2256 435 2309 ad
476 2265 646 2325 gentes
672 2251 849 2322 procul
880 2251 1071 2308 mittam
1099 2259 1162 2301 te.
1193 2247 1283 2301 22.
1331 2246 1611 2299 Audiebant
1659 2255 1826 2296 autem

231 2364 350 2400 enm
377 2363 533 2415 usque
554 2344 623 2397 ad
642 2345 775 2396 hunc
801 2356 1097 2398 sermonem.
1117 2348 1162 2392 et
1185 2337 1467 2392 levaverunt
1489 2353 1655 2389 vocem
1677 2351 1826 2418 suam

237 2441 464 2492 dicentes
491 2452 507 2488 :
533 2433 682 2489 Tolle
708 2434 769 2486 de
797 2441 932 2485 terra
961 2427 1256 2500 Itujusmodi
1286 2443 1302 2480 :
1335 2444 1432 2479 non
1466 2427 1597 2480 enim
1635 2431 1715 2496 fas
1755 2436 1826 2478 est

235 2547 349 2582 eum
381 2530 560 2581 vivere.
583 2526 673 2580 23.
711 2522 1056 2577 Clamantibus
1080 2530 1248 2573 autem
1285 2517 1408 2582 illis,
1440 2525 1485 2569 et
1514 2517 1827 2586 proﬁcienti-

235 2623 327 2673 bus
368 2619 656 2671 vestimenta
693 2631 804 2675 sua,
851 2621 896 2665 et
922 2611 1177 2678 pulverem
1199 2608 1511 2678 jactantibus
1542 2608 1593 2660 in
1638 2624 1824 2671 aerem,

232 2710 325 2765 24.
361 2708 518 2778 jussit
564 2706 793 2760 tribunus
831 2702 1002 2756 induci
1046 2718 1158 2755 eam
1199 2702 1252 2754 in
1291 2709 1492 2764 castra,
1525 2708 1572 2752 et
1613 2699 1829 2768 ﬂagellis

233 2802 385 2867 ca'di,
414 2811 459 2854 et
485 2798 703 2869 torqueri
732 2813 865 2859 emn,
900 2804 952 2847 ut
990 2794 1135 2847 sciret
1183 2802 1388 2861 prapter
1437 2808 1587 2860 quam
1625 2807 1830 2844 causam

232 2899 305 2949 sic
321 2902 497 2947 contra
522 2892 666 2945 illum
689 2890 983 2942 clamarent.
1006 2885 1135 2940 Cum
1160 2884 1484 2953 oportuisset
1507 2890 1564 2936 ut
1587 2882 1831 2936 tribunus

233 2984 588 3047 examinaret,
630 2996 697 3034 an
728 2994 814 3034 res
842 2994 901 3032 se
925 2979 992 3030 ita
1021 2975 1266 3039 haberet,
1316 2973 1540 3042 illosque
1571 2973 1716 3042 ipsos
1743 2973 1828 3026 iu-

235 3083 538 3144 teriogziret
571 3091 582 3125 :
616 3073 662 3125 is
690 3070 824 3124 nihil
850 3069 1039 3122 horum
1070 3065 1295 3128 faciens,
1336 3063 1488 3131 jubet
1538 3063 1684 3116 illum
1733 3062 1827 3118 lla-

231 3169 394 3238 gellis
434 3165 589 3220 czedi.
622 3161 807 3226 Iussit,
853 3159 1045 3229 inquit,
1097 3158 1243 3211 illum
1292 3154 1467 3207 induci
1496 3155 1546 3207 in
1579 3164 1744 3207 castra
1777 3163 1824 3208 et

234 3259 458 3331 ﬂagellis
485 3257 632 3321 aedi,
663 3265 716 3308 ut
747 3254 895 3307 sciret
927 3261 1129 3320 propter
1155 3265 1302 3317 quam
1326 3265 1530 3301 causam
1552 3248 1623 3299 sic
1653 3257 1829 3300 contra

232 3351 383 3403 illum
413 3349 712 3401 clamarent.
759 3342 921 3412 Atqui
961 3340 1028 3393 ab
1071 3340 1174 3392 illis
1217 3336 1564 3391 ediscendum
1588 3349 1702 3390 erat
1733 3338 1824 3406 qui

229 3438 628 3502 occlamabant,
660 3443 714 3489 et
741 3429 1201 3502 interrogandum,
1254 3444 1378 3482 num
1411 3428 1606 3497 aliquid
1627 3445 1688 3482 ex
1712 3428 1830 3496 ejus

232 3531 393 3585 dictis
420 3525 766 3583 incusandum
791 3523 1068 3578 haberent.
1103 3521 1295 3575 Verum
1329 3519 1416 3574 ille
1443 3529 1642 3573 temere
1671 3527 1827 3588 pote-

232 3631 376 3676 state
396 3637 490 3674 sua
521 3620 709 3681 utitur,
736 3627 790 3672 et
811 3616 1024 3670 illorum
1056 3613 1278 3683 gratiam
1300 3620 1480 3680 captat
1511 3629 1522 3663 :
1553 3627 1657 3664 non
1684 3611 1826 3665 enim

232 3712 461 3768 curabat
486 3720 544 3764 ut
566 3709 707 3780 juste
729 3715 933 3777 ageret,
962 3704 1056 3759 sed
1084 3712 1142 3757 ut
1170 3704 1384 3757 illorum
1414 3701 1666 3770 injustum
1693 3701 1829 3756 furo-

233 3817 350 3855 rem
384 3801 635 3869 placaret.
676 3798 766 3851 25.
803 3794 866 3848 Et
889 3811 1001 3848 cum
1027 3793 1410 3846 adstriitcissent
1440 3809 1551 3844 cum
1576 3792 1717 3856 loris,
1751 3792 1830 3844 di-

233 3896 310 3947 xit
337 3891 562 3945 adstanti
589 3889 684 3945 sibi
715 3887 995 3942 centurioni
1033 3902 1049 3938 :
1083 3885 1143 3939 Si
1167 3885 1420 3938 hominem
1460 3881 1748 3935 Romanum
1784 3891 1828 3935 et

235 3985 584 4036 indemnatum
615 3981 727 4033 licet
770 3978 905 4032 vobis
934 3977 1242 4046 ﬂagellare?
1290 3974 1404 4028 Non
1449 3984 1529 4028 est
1573 3975 1830 4029 mentitus

236 4076 461 4140 Paulus,
505 4089 564 4128 se
589 4072 776 4128 dicens
802 4071 1101 4124 Romanum
1147 4067 1457 4129 hominem;
1499 4067 1673 4131 absit;
1727 4065 1830 4118 lto-

237 4181 432 4222 manus
457 4165 600 4220 enim
624 4173 742 4219 erat
772 4179 784 4213 :
819 4161 937 4216 ideo
967 4160 1213 4214 tribunus
1244 4173 1301 4214 re
1327 4157 1505 4212 audita
1540 4157 1733 4210 timuit.
1766 4157 1830 4210 Et

236 4274 359 4323 cur,
392 4256 620 4324 inquies,
641 4253 854 4307 timuit?
879 4251 990 4305 Etsi
1020 4249 1160 4303 nulla
1192 4247 1294 4301 alia
1322 4248 1387 4303 de
1416 4263 1598 4314 causa,
1626 4247 1828 4311 timuit,

241 4364 310 4402 ne
339 4345 838 4416 deprehenderetur
882 4350 936 4396 et
974 4340 1231 4409 majorem
1277 4337 1430 4392 daret
1473 4354 1704 4407 prunam.
1765 4340 1831 4392 Et

242 4440 401 4496 vide:
433 4453 536 4492 non
576 4436 889 4506 simpliciter
915 4433 1147 4498 loquitur
1173 4476 1185 4497 ,
1237 4433 1353 4497 sed,
1397 4432 1457 4487 Si
1512 4433 1625 4486 licet
1674 4433 1826 4486 vobis.

245 4533 367 4586 Duo
387 4529 632 4591 crimina,
663 4536 719 4582 et
754 4525 894 4595 quod
922 4524 1039 4578 sine
1064 4537 1245 4587 causa,
1280 4532 1334 4576 et
1377 4521 1520 4591 quod
1554 4522 1832 4577 Romanus

245 4621 336 4675 ille
362 4628 526 4673 esset.
573 4615 814 4686 Magnam
867 4613 1137 4668 habebant
1179 4613 1584 4682 praerogativam
1627 4614 1715 4682 qui
1756 4630 1833 4667 sc

245 4710 606 4781 dignabantur
627 4708 921 4778 appellari;
953 4722 1125 4775 neque
1152 4706 1391 4759 onmium
1432 4707 1534 4760 hoc
1572 4716 1686 4760 erat
1729 4708 1835 4775 pri-

250 4801 541 4871 vilegium;
572 4800 638 4854 ab
666 4798 938 4854 Hadriano
965 4797 1106 4851 enim
1138 4796 1323 4851 dicunt
1352 4811 1537 4850 omnes
1565 4797 1835 4850 Romanus

249 4909 373 4950 esse
401 4893 619 4957 dictos;
653 4892 827 4960 prisce
864 4897 1043 4944 autem
1076 4904 1180 4942 non
1219 4890 1290 4942 ita
1325 4888 1512 4943 fuerat.
1550 4888 1643 4942 Vel
1675 4889 1834 4942 etiam

254 4991 555 5043 Ruinanum
609 4999 667 5039 se
712 4983 866 5049 dixit,
910 4994 967 5037 ut
1012 4996 1224 5051 pwnam
1267 4979 1521 5050 eﬂugcrct
1550 5000 1561 5032 :
1593 4993 1833 5035 contem-

251 5083 396 5153 ptior
417 5079 560 5134 enim
597 5075 806 5130 futurus
842 5084 979 5135 erat,
1012 5073 1056 5127 si
1103 5071 1402 5142 ﬂagellatus
1434 5073 1662 5137 fuisset;
1698 5089 1836 5128 nunc

249 5182 431 5228 autem
454 5169 558 5224 hoc
581 5167 726 5223 dicto
752 5165 1010 5234 majorem
1037 5164 1141 5218 illis
1169 5163 1359 5218 incutit
1381 5171 1602 5217 metum.
1627 5163 1679 5217 Si
1710 5178 1837 5219 vero

251 5262 629 5335 ﬂagellassent,
655 5272 766 5312 rem
796 5262 960 5309 totam
982 5254 1122 5308 forte
1150 5253 1557 5318 subvertissent,
1577 5254 1659 5308 vel
1676 5255 1835 5309 etiam

250 5354 575 5410 occidissent
613 5350 790 5413 illum;
827 5363 967 5402 nunc
1002 5356 1179 5401 autem
1213 5361 1317 5399 non
1362 5347 1432 5400 ita
1459 5347 1656 5400 evenit.
1707 5346 1837 5402 Vide

249 5444 523 5518 quomodo
550 5445 691 5498 Deus
721 5440 981 5496 concedat
1005 5441 1169 5494 multa
1199 5439 1434 5493 humano
1464 5455 1612 5493 more
1645 5441 1839 5505 lieri,et

256 5542 308 5594 in
357 5537 440 5592 bis
471 5543 524 5590 et
565 5537 615 5589 in
643 5535 778 5588 aliis.
823 5532 1090 5588 Tribunus
1137 5546 1267 5586 vero
1305 5532 1670 5600 respondens,
1729 5535 1838 5605 Ego

256 5631 417 5686 multa
449 5645 651 5684 summa
676 5628 974 5686 civilitatem
993 5636 1329 5697 consequutus
1355 5644 1464 5680 sum
1484 5670 1495 5689 ,
1526 5630 1757 5684 ostendit
1781 5647 1838 5685 se

255 5722 554 5792 suspicari,
590 5719 811 5775 Paulum
850 5732 908 5773 se
947 5719 1244 5772 Romanum
1297 5719 1618 5784 simulasse;
1665 5731 1719 5774 et
1763 5724 1830 5776 ita

259 5820 401 5870 torte
428 5812 799 5886 suspicabatur
827 5825 888 5866 ex
920 5811 1138 5875 vilitate,
1173 5827 1288 5880 quae
1321 5811 1371 5864 in
1415 5812 1577 5868 Paulo
1609 5829 1830 5884 appare-

1192 393 1254 447 ΙΝ
1296 390 1472 446 ACTA
1516 384 2037 445 Al’USTOLOIiUM.
2077 381 2303 436 llOMll..
2350 380 2577 434 XLVIII.

3421 387 3522 444 εδδ

1938 495 2046 550 bat.
2077 495 2165 548 26.
2213 495 2329 560 Quo
2359 496 2534 548 audito
2566 497 2813 559 centurio,
2864 499 3105 551 accedens
3152 499 3218 550 ad
3270 501 3522 552 tribunum

1934 587 2177 639 nuntiavit
2203 585 2298 650 illi,
2334 587 2505 640 dicens
2537 603 2554 638 :
2594 586 2716 640 Vide
2741 588 2866 657 quid
2900 591 3128 657 facturus
3159 605 3208 643 es
3236 605 3254 641 :
3284 591 3363 643 hic
3390 593 3524 644 enim

1934 677 2081 730 homo
2103 675 2365 732 Romanus
2395 689 2488 732 est.
2517 679 2606 731 27.
2639 679 2893 733 Accedens
2922 689 3086 734 autem
3117 681 3366 744 tribunus,
3395 683 3524 735 dixit

1931 771 2008 823 illi
2041 787 2058 823 .·
2091 769 2185 824 Dic
2215 772 2357 836 mihi,
2392 788 2512 824 num
2543 781 2596 825 tu
2627 771 2890 826 Romanus
2917 773 3006 827 es?
3029 772 3169 827 Dixit
3192 775 3296 840 ille,
3330 773 3519 828 Etiam.

1930 860 2020 915 28.
2054 860 2332 931 Respondit
2361 862 2589 917 tribunus
2620 879 2638 916 :
2672 865 2782 934 Ego
2813 865 2972 918 multa
2997 883 3198 919 summa
3237 868 3524 944 civilitalem

1932 953 2064 1006 hanc
2093 963 2428 1020 consequutus
2455 971 2586 1008 sunt.
2623 953 2820 1010 Paulus
2848 972 2961 1011 vero
2991 959 3060 1009 ait
3094 975 3111 1007 :
3143 957 3255 1029 Ego
3284 967 3451 1011 autent
3481 969 3527 1010 et

1931 1055 2078 1099 natus
2099 1063 2231 1099 sum.
2259 1046 2347 1100 29.
2383 1046 2628 1102 Protinus
2649 1058 2815 1101 autent
2849 1049 3186 1104 discesserunt
3216 1052 3409 1116 abillo,
3439 1053 3526 1121 qui

1930 1155 2039 1190 eum
2071 1139 2251 1191 tortun'
2282 1149 2444 1194 erant.
2497 1138 2753 1195 Tribunus
2793 1159 2990 1212 q'ioque
3031 1145 3219 1210 timuit,
3259 1154 3525 1214 postquam

1929 1230 2124 1284 rescivit
2171 1233 2289 1299 quia
2326 1229 2588 1286 Romanus
2633 1243 2778 1298 esset,
2831 1244 2875 1286 et
2912 1234 3048 1301 quod
3074 1233 3220 1288 illum
3242 1235 3523 1306 alligasset.

1934 1322 2041 1393 Ego
2080 1332 2268 1387 autem,
2304 1323 2504 1393 inquit,
2533 1332 2578 1377 et
2607 1334 2756 1378 natus
2780 1341 2911 1378 sum.
2946 1326 3110 1396 Igitur
3137 1343 3203 1381 ex
3234 1338 3384 1394 patre
3415 1327 3523 1380 lte-

1931 1429 2089 1470 mano
2114 1425 2266 1479 erat.
2316 1415 2455 1483 Quid
2485 1431 2615 1487 ergo
2646 1429 2831 1487 postea
2877 1417 3076 1474 factum
3115 1420 3235 1475 est?
3278 1419 3524 1474 Solutum

1929 1506 2080 1562 duxit
2106 1509 2169 1562 ad
2189 1508 2422 1563 Judaeos.
2455 1509 2596 1580 Ergo
2621 1525 2725 1564 non
2753 1509 2889 1566 falso
2910 1510 3118 1565 dixerat
3142 1526 3202 1565 se
3225 1511 3523 1564 Romanum

1930 1614 2070 1664 esse,
2105 1601 2246 1655 unde
2279 1602 2516 1656 lucratus
2545 1611 2644 1668 est,
2691 1612 2802 1658 uta
2829 1604 3056 1659 vinculis
3089 1605 3424 1670 solveretur;
3472 1613 3527 1657 et

1930 1691 2199 1759 quomodo
2229 1692 2350 1747 audi
2388 1693 2512 1748 :50.
2542 1693 2754 1749 Postera
2778 1705 2946 1748 autem
2980 1695 3063 1749 die
3090 1695 3260 1750 volens
3289 1693 3417 1749 scire
3446 1693 3527 1746 di-

1930 1784 2165 1853 ligentius
2183 1800 2282 1854 qua
2304 1784 2366 1837 de
2385 1799 2540 1837 causa
2564 1795 2890 1839 accusaretur
2910 1803 2941 1837 a
2966 1785 3188 1851 Iudaeis,
3217 1785 3364 1839 solvit
3387 1801 3522 1850 eum,

1929 1883 1976 1925 et
1987 1874 2141 1944 jussit
2167 1874 2454 1928 sacerdotes
2480 1875 2744 1929 convenire
2766 1884 2812 1928 et
2839 1891 2987 1928 omne
3013 1876 3305 1939 concilium,
3340 1886 3386 1929 et
3416 1893 3662 1940 proij

1930 1964 2116 2018 ducens
2141 1963 2364 2019 Paulum
2386 1967 2560 2020 statuit
2592 1967 2721 2020 inter
2749 1967 2885 2020 illos.
2915 1965 3067 2038 (Cap.
3094 1961 3218 2030 25.)
3263 1968 3310 2018 l.
3345 1964 3520 2018 luteu-

1931 2059 2054 2112 dens
2080 2069 2245 2111 autem
2272 2061 2322 2112 in
2349 2061 2619 2112 concilium
2655 2059 2873 2124 Paulus,
2899 2060 3048 2115 dixit.
3081 2059 3194 2113 Non
3218 2059 3324 2126 jam
3351 2059 3519 2112 tribu-

1931 2165 2077 2212 num,
2112 2150 2203 2205 sed
2236 2159 2398 2203 totam
2434 2150 2831 2205 multitudinem
2865 2161 2915 2204 et
2946 2151 3196 2220 populum
3218 2150 3521 2218 alloquitur.

1934 2242 1996 2295 Et
2022 2243 2145 2311 quid
2177 2243 2343 2296 dicit?
2381 2241 2485 2295 Viri
2515 2244 2716 2310 fratres,
2759 2261 2850 2314 ego
2886 2245 3024 2298 omni
3049 2245 3355 2298 conscientia
3388 2245 3519 2296 bona

1930 2346 2250 2389 conversatus
2288 2351 2396 2388 sum
2429 2345 2544 2389 ante
2581 2335 2742 2388 Deum
2780 2352 2932 2405 usque
2962 2337 3012 2389 in
3043 2335 3337 2389 hodiernum
3371 2335 3522 2387 diem.

1935 2426 1989 2480 ld
2017 2435 2118 2491 est,
2178 2426 2294 2481 Non
2341 2427 2470 2481 mihi
2520 2429 2768 2482 conscius
2807 2443 2924 2482 sum
2962 2427 3103 2498 quod
3150 2443 3243 2482 vos
3275 2427 3524 2493 la'serim,

1934 2518 2013 2573 vel
2045 2518 2172 2589 quid
2201 2519 2284 2572 his
2310 2518 2539 2572 vinculis
2568 2519 2788 2589 dignum
2814 2518 3052 2574 fecerim.
3078 2519 3215 2586 Quid
3239 2534 3364 2588 ergo
3385 2518 3529 2587 prin-

1932 2626 2058 2680 ceps
2099 2610 2475 2665 sacerdotum?
2505 2611 2638 2664 Cum
2670 2611 3001 2680 oportuisset
3028 2611 3340 2680 compungi,
3384 2611 3524 2678 quod

1935 2699 1985 2752 in
2020 2701 2253 2768 ipsorum
2284 2701 2508 2770 gratiam
2556 2702 2753 2772 injuste
2805 2703 2997 2772 ligatus
3023 2700 3234 2764 fuisset,
3269 2702 3359 2757 ille
3384 2700 3524 2755 aliud

1933 2791 2133 2861 adjicit,
2166 2802 2220 2847 et
2250 2793 2402 2862 jubet
2428 2809 2550 2848 eum
2589 2793 2882 2855 verberari,
2915 2793 3058 2863 quod
3084 2794 3160 2848 sic
3190 2792 3525 2847 declaratur:

1933 2881 1987 2934 2.
2022 2882 2267 2952 Princeps
2310 2893 2478 2938 autem
2525 2885 2844 2938 sacerdotum
2879 2884 3106 2938 Ananias
3150 2883 3387 2952 prtvccpit
3431 2882 3527 2934 ad-

1935 2975 2185 3027 stantibus
2220 2975 2313 3028 sibi
2358 2985 2613 3045 percutere
2659 2991 2715 3028 os
2755 2976 2886 3044 ejus.
2914 2975 3094 3028 Bonus
3122 2984 3272 3029 certe
3301 2985 3355 3027 et
3385 2973 3528 3027 milis

1936 3066 2184 3133 princeps
2214 3066 2573 3120 sacerdotum.
2606 3067 2658 3121 5.
2691 3066 2832 3119 Tunc
2877 3065 3072 3123 Paulus
3114 3066 3242 3119 dixit
3280 3064 3346 3117 ad
3374 3080 3484 3116 eum
3512 3079 3528 3116 :

1935 3156 2191 3212 Percutiet
2222 3167 2269 3210 te
2299 3156 2456 3224 Deus,
2485 3158 2651 3227 paries
2678 3157 2927 3211 dealbate.
2960 3156 3028 3210 Et
3053 3165 3105 3210 tu
3132 3157 3310 3209 sedens
3322 3154 3529 3224 judicas

1935 3265 2014 3302 me
2042 3249 2316 3302 secundum
2347 3250 2526 3319 legent,
2557 3258 2604 3303 et
2630 3258 2804 3301 contra
2835 3248 2994 3318 legem
3012 3247 3163 3316 jubes
3193 3263 3270 3298 me
3297 3244 3530 3313 percuti?

1935 3341 1987 3394 4.
2021 3340 2120 3406 Qui
2155 3352 2320 3392 autem
2345 3341 2615 3393 adstabant
2643 3341 2877 3392 dixerunt
2924 3339 2970 3391 ei
3002 3357 3022 3393 .'
3054 3337 3328 3393 Summum
3359 3354 3526 3389 sacer-

1935 3431 2100 3483 dotem
2129 3429 2220 3482 Dei
2247 3430 2545 3483 maledicis?
2567 3431 2619 3485 5.
2664 3429 2814 3484 Dixit”
2839 3440 3005 3483 autem
3036 3428 3235 3481 Paulus
3267 3447 3283 3481 :
3318 3429 3522 3481 Nescie-

1934 3522 2067 3584 bam,
2101 3525 2304 3591 fratres,
2331 3522 2465 3591 quod
2505 3523 2735 3590 princeps
2773 3525 2834 3575 sit
2869 3523 3188 3575 sacerdotum
3231 3537 3246 3572 :
3286 3521 3530 3589 scriptam

1935 3623 2006 3666 est
2030 3615 2162 3667 enim
2189 3630 2204 3666 :
2234 3613 2525 3683 Principem
2555 3614 2732 3683 populi
2775 3615 2847 3666 lui
2885 3630 2986 3667 non
3017 3613 3284 3666 maledices
3330 3610 3524 3681 (Exod.

1934 3705 2024 3758 22.
2056 3705 2172 3775 es).

2005 3795 2058 3848 2.
2103 3795 2330 3862 Quidam
2363 3797 2544 3850 dicunt
2576 3795 2722 3849 illum
2764 3796 3023 3850 scientem
3067 3811 3160 3865 per
3193 3796 3415 3849 ironiam
3448 3795 3527 3849 lo-

1937 3895 2157 3954 quutum
2205 3901 2326 3939 esse
2374 3905 2385 3938 :
2433 3885 2563 3939 mihi
2596 3895 2777 3939 autem
2813 3887 3024 3940 videtur
3078 3886 3252 3955 ipsum
3305 3887 3526 3940 omnino

1938 3976 2230 4031 nescivissc
2256 3977 2396 4046 quod
2427 3986 2569 4031 esset
2597 3978 2844 4048 princeps
2875 3978 3214 4032 sacerdotum
3250 3993 3262 4031 :
3289 3977 3524 4047 alioquin

1939 4067 2083 4120 illum
2117 4069 2449 4121 honorassct.
2482 4069 2604 4122 Ideo
2634 4084 2755 4126 sese
2783 4079 2982 4138 purgat
3011 4079 3313 4133 accusatus,
3345 4079 3400 4124 et
3431 4071 3526 4124 ad-

1939 4160 2016 4212 dit
2044 4178 2055 4212 :
2093 4159 2383 4230 Principent
2412 4161 2587 4230 populi
2620 4163 2693 4213 tui
2724 4179 2824 4214 non
2855 4163 3146 4216 maledices.
3201 4162 3336 4228 Quid
3376 4179 3526 4231 ergo,

1939 4249 2183 4319 inquies?
2227 4251 2271 4303 si
2306 4251 2447 4304 enim
2491 4252 2738 4320 princeps
2767 4268 2871 4306 non
2907 4263 3050 4307 esset
3076 4297 3088 4317 ,
3136 4254 3298 4307 alium
3338 4261 3526 4306 contu-

1939 4342 2093 4396 melia
2126 4341 2342 4396 afﬁcere
2372 4343 2699 4411 oportebat?
2747 4343 3004 4410 Minime;
3059 4347 3166 4400 imo
3206 4346 3529 4399 contumelia

1937 4433 2252 4487 aflicientem
2296 4433 2436 4488 ferre
2466 4449 2561 4502 par
2591 4445 2726 4489 erat.
2775 4435 2902 4490 .lure
2947 4436 3033 4491 hic
3067 4447 3357 4508 quaeratur,
3400 4455 3530 4508 quo--

1938 4525 2097 4578 modo
2148 4524 2211 4588 is,
2243 4524 2331 4593 qui
2372 4525 2498 4579 alibi
2537 4524 2684 4591 dicit,
2730 4525 2858 4580 Cum
2884 4527 3252 4591 ntaledicimur,
3284 4529 3532 4582 benedici-

1940 4631 2081 4677 ntus;
2111 4632 2224 4668 cum
2257 4617 2690 4684 persequutionem
2717 4620 2959 4686 patimur,
2987 4621 3385 4688 sustmemus(i.
3410 4620 3526 4672 (.‘or.

1941 4709 1990 4761 4.
2026 4707 2146 4775 i2);
2179 4707 2265 4761 hic
2300 4709 2626 4762 contrarium
2658 4707 2803 4775 facit,
2850 4725 2949 4764 nec
2980 4713 3140 4766 modo
3176 4713 3528 4777 conviciator,

1938 4799 2032 4854 sed
2062 4802 2222 4854 etiam
2255 4801 2568 4857 maledicit?
2610 4803 2763 4857 Absit
2791 4823 2804 4858 :
2838 4814 3087 4860 neutrum
3118 4806 3308 4861 horum
3340 4807 3531 4861 fecissi:

1941 4891 2394 4961 deprehenditur;
2441 4893 2535 4948 sed
2579 4895 2622 4948 si
2654 4896 2773 4964 quis
2811 4905 3059 4952 accurate
3083 4898 3413 4962 consideret,
3465 4899 3529 4952 li-

1944 4983 2069 5038 bere
2114 4985 2380 5053 loquentis
2418 4987 2587 5057 magis
2612 4998 2736 5042 sunt
2769 4990 2952 5054 verba,
2998 5007 3156 5061 quam
3196 4993 3314 5046 irati
3348 5011 3360 5048 :
3393 4995 3531 5048 alio-

1943 5076 2068 5143 quin
2111 5091 2240 5130 vero
2275 5077 2493 5131 nolebat
2531 5078 2744 5133 tribuno
2777 5082 3197 5152 contemptibilis
3242 5085 3430 5139 videri.
3476 5088 3532 5140 Si

1942 5169 2084 5223 enim
2111 5169 2200 5224 ille
2227 5185 2256 5223 a
2280 5169 2599 5239 ﬂagellando
2622 5172 2900 5238 abstinuit,
2932 5185 3117 5245 utpote
3139 5177 3314 5245 ipsum
3335 5178 3534 5234 Judmis

1945 5260 2254 5325 traditurus,
2306 5263 2449 5331 quod
2497 5278 2528 5318 a
2579 5263 2795 5320 famulis
2835 5265 3156 5334 czederetur,
3191 5270 3358 5338 magis
3390 5271 3534 5323 illum

1944 5352 2198 5407 audacem
2222 5352 2544 5409 reddidisset
2572 5373 2586 5408 :
2620 5355 2739 5410 ideo
2767 5372 2875 5411 non
2899 5357 3224 5425 ministrum,
3245 5361 3339 5415 sed
3363 5362 3532 5432 ipsum

1939 5446 2214 5513 jubentem
2243 5445 2573 5515 aggreditur.
2605 5445 2734 5500 Illud
2765 5463 2911 5515 vero,
2959 5447 3138 5503 Paries
3164 5450 3414 5517 dealbatc,
3455 5453 3532 5506 in-

1944 5542 2078 5608 quit,
2110 5549 2161 5593 tu
2183 5541 2362 5593 sedens
2375 5541 2584 5610 judicas
2616 5559 2694 5595 me
2717 5544 2995 5595 secundum
3025 5544 3204 5614 legem,
3234 5559 3296 5598 ac
3327 5547 3369 5599 si
3395 5545 3536 5599 dicev

1947 5642 2026 5686 ret
2062 5651 2074 5685 :
2113 5633 2254 5687 licus
2299 5650 2419 5686 cum
2450 5634 2544 5699 sis,
2593 5643 2646 5687 ct
2692 5636 2873 5689 multis
2922 5637 3092 5705 plagis
3133 5637 3344 5705 dignus.
3403 5637 3535 5691 Vide

1947 5740 2096 5793 ergo,
2124 5724 2395 5794 quomodo
2417 5741 2479 5780 cx
2505 5726 2621 5794 ejus
2650 5725 2860 5781 dicendi
2886 5727 3130 5784 libertate
3157 5729 3378 5797 populus
3418 5746 3532 5798 per-

1950 5817 2129 5872 culsus
2163 5817 2338 5872 fuerit.
2375 5819 2506 5873 Cum
2537 5822 2677 5874 enim
2709 5822 3035 5891 oportuisset
3095 5833 3259 5876 totum
3313 5825 3529 5878 subver-
