4094 6336
675 368 777 425 ses

678 499 813 552 tere,
861 485 1033 555 potius
1077 482 1490 537 debaccliantur.
1548 480 1639 535 ille
1682 496 1812 533 vero
1863 480 2029 549 legem
2072 479 2236 547 ipsam

681 576 827 645 legit,
860 585 915 628 ut
942 573 1184 628 ostendat
1212 587 1270 627 se
1305 588 1407 625 non
1428 587 1493 625 ex
1519 579 1682 636 metu,
1712 585 1807 623 nec
1834 570 1969 637 quod
1999 567 2242 635 indignus

681 677 822 722 esset
868 667 955 736 qui
995 666 1224 731 audiret,
1276 664 1387 718 haec
1423 664 1641 729 dixisse,
1691 663 1785 717 sed
1829 663 1928 731 legi
1972 663 2244 730 obtempe-

678 773 844 813 raSse.
904 756 972 811 Et
1012 757 1229 812 omnino
1271 770 1548 825 persuasus
1593 769 1710 807 sum
1754 753 2039 808 nescii-isse
2070 752 2240 817 illum,

674 848 815 919 quod
845 850 1088 919 princeps
1118 847 1448 903 sacerdotum
1482 853 1645 910 esset,
1688 848 1830 914 quod
1874 853 1991 913 post
2031 842 2241 923 longum

678 942 887 1009 tempus
915 940 1173 998 rediisset.
1206 952 1301 992 nec
1323 938 1625 1005 frequenter
1645 935 1857 990 Judzeos
1885 933 2240 999 convenisset,

676 1029 987 1098 videretque
1028 1044 1147 1083 eum
1194 1027 1245 1080 in
1289 1026 1465 1081 medio
1504 1026 1725 1080 aliorum
1784 1026 2105 1079 multorum:
2140 1039 2241 1076 non

678 1121 822 1174 enim
848 1118 1154 1173 manifestus
1174 1127 1284 1171 erat
1308 1118 1555 1187 princeps
1579 1114 1914 1171 sacerdotum
1947 1114 2081 1168 inter
2112 1114 2246 1166 mlli-

680 1222 759 1263 tos
785 1221 837 1266 et
863 1209 1099 1264 diversos
1128 1209 1363 1263 adstans.
1394 1208 1466 1262 lta
1488 1208 1616 1261 mihi
1636 1206 1843 1260 videtur
1870 1206 1990 1259 illos
2019 1204 2237 1272 alloqui,

679 1298 965 1353 ostendens
993 1313 1050 1353 se
1082 1298 1181 1368 legi
1210 1299 1579 1365 obtemperare
1603 1312 1617 1361 ;
1649 1295 1871 1364 ideoque
1892 1308 2008 1348 sese
2037 1303 2242 1363 purgat.

677 1388 783 1442 Sed
809 1386 1055 1457 Superius
1081 1389 1218 1442 dicta
1244 1394 1566 1455 repetamus.
1602 1384 1781 1439 Oranti
1812 1385 1933 1439 mihi
1958 1386 2010 1437 in
2040 1386 2241 1453 templo,

681 1479 870 1548 inquit,
896 1479 1077 1531 accidit
1122 1487 1177 1530 ut
1207 1479 1259 1530 in
1302 1478 1488 1531 exstasi
1530 1476 1720 1545 ﬁerem.
1750 1475 1817 1529 Ut
1858 1475 2104 1529 ostendat
2142 1490 2243 1527 non

679 1568 1007 1635 phantasiam
1048 1566 1230 1631 fuisse,
1288 1566 1408 1621 ideo
1455 1566 1658 1619 addidit
1696 1565 1843 1631 illud,
1887 1565 2065 1618 Oranti
2102 1567 2243 1617 nti/ii.

680 1659 887 1714 Festina
924 1669 970 1713 et
1009 1661 1088 1714 cxi
1121 1660 1241 1725 cito,
1273 1661 1461 1729 inquit,
1488 1660 1604 1729 quia
1626 1660 1960 1713 testimonium
1984 1669 2121 1712 tuum
2148 1675 2244 1710 non

676 1753 932 1821 recipient.
985 1753 1081 1806 Hic
1104 1746 1357 1818 ostendit,
1380 1766 1437 1806 se
1459 1767 1562 1806 non
1594 1753 1951 1821 periculorum
1994 1760 2137 1805 metu
2181 1752 2247 1803 ab

679 1843 786 1896 illis
808 1843 1075 1912 effligisse,
1113 1842 1204 1896 sed
1230 1842 1350 1911 quia
1383 1858 1486 1895 non
1518 1844 1814 1911 suscepturi
1844 1852 1995 1897 erant
2020 1841 2247 1895 testimo-

678 1933 820 1986 ninni
849 1948 1021 1986 suum.
1048 1932 1154 1986 Cur
1176 1946 1302 1987 vero
1323 1933 1475 1997 dixit,
1498 1931 1606 2002 Ipsi
1629 1934 1811 1996 sciunt,
1836 1934 1970 2001 quod
1996 1949 2085 2002 ego
2114 1948 2247 1985 erant

677 2024 812 2093 alligi
838 2040 892 2077 ns
915 2024 940 2077 .9
968 2023 1082 2079 Non
1104 2023 1315 2079 Curisto
1337 2025 1728 2091 contradicens,
1756 2025 1921 2089 absit;
1950 2024 2041 2079 sed
2066 2024 2247 2079 volens

678 2113 884 2167 discere
908 2123 1011 2167 tam
1044 2114 1285 2169 mirabile
1311 2128 1465 2183 Opus.
1520 2113 1677 2178 Vade,
1706 2114 1895 2183 inquit,
1923 2115 2043 2183 quia
2067 2132 2155 2184 ego
2182 2113 2249 2166 ad

681 2214 849 2274 gentes
878 2205 1054 2273 procul
1071 2206 1263 2257 mittam
1276 2204 1479 2259 te.Vide
1500 2222 1512 2257 :
1531 2219 1633 2273 non
1657 2204 1834 2260 docuit
1852 2221 1971 2259 cum
1988 2204 2246 2268 Christus,

679 2295 804 2363 quid
836 2294 1105 2365 oporteret
1123 2296 1324 2361 facere;
1352 2297 1442 2351 sed
1467 2298 1601 2351 dixit
1622 2306 1821 2351 tantum
1843 2296 2103 2363 utabiret,
2130 2298 2249 2351 ille-

682 2402 785 2454 que
806 2388 1115 2456 obsequitur
1150 2409 1161 2443 :
1192 2388 1325 2442 adeo
1374 2390 1666 2458 morigerus
1710 2397 1842 2444 erat.
1877 2389 1940 2441 Et
1971 2390 2250 2443 levaverunt

681 2492 845 2530 vocem
874 2494 1038 2545 suam,
1068 2478 1257 2548 inquit,
1290 2480 1505 2533 dicentes
1536 2495 1554 2532 :
1581 2476 1719 2533 Tolle
1767 2495 1917 2543 eum;
1972 2496 2071 2533 non
2121 2482 2251 2534 enim

691 2568 915 2621 convenit
940 2577 993 2620 ut
1021 2569 1168 2622 vivat.
1197 2568 1240 2623 Ο
1268 2569 1541 2623 audaciam
1569 2577 1581 2624 ε
1636 2570 1791 2625 Certe
1818 2585 1912 2624 vos
1940 2572 2115 2625 vivere
2147 2587 2252 2625 non

688 2660 955 2724 convenit,
998 2675 1101 2714 non
1138 2660 1261 2714 item
1309 2659 1377 2714 de
1406 2660 1507 2715 hoc
1536 2661 1761 2727 dicatur,
1794 2663 1880 2731 qni
1925 2663 1976 2715 in
2009 2663 2255 2717 omnibus

684 2749 792 2801 Deo
819 2747 1144 2818 obsequitur.
1173 2749 1215 2803 0
1238 2749 1448 2803 scelesti
1482 2759 1533 2803 et
1557 2748 1866 2805 homicidia!
1902 2751 1966 2805 Et
1996 2755 2252 2806 excutien-

684 2848 756 2891 tes
796 2848 966 2903 vestes,
1016 2839 1203 2908 inquit,
1235 2839 1486 2909 pulverem
1532 2841 1808 2895 mittebant.
1860 2840 1925 2897 Ut
1956 2843 2251 2911 graviorem

687 2930 980 2984 excitarent
1030 2930 1368 2994 seditionem,
1400 2930 1501 2985 hoc
1551 2930 1835 2997 faciebant,
1881 2940 1972 2986 aut
2011 2941 2067 2986 ut
2106 2933 2251 3002 prin-

688 3022 861 3090 cipem
907 3030 1186 3076 terrerent.
1216 3022 1284 3077 Et
1308 3022 1427 3077 vide
1457 3040 1469 3077 :
1507 3038 1611 3077 non
1662 3023 1843 3077 dicunt
1870 3039 2104 3087 causam,
2134 3027 2255 3095 quia

693 3114 821 3169 nihil
879 3113 1159 3169 dicendum
1228 3115 1526 3180 habebant,
1576 3116 1668 3169 sed
1712 3116 1945 3169 clamore
1989 3131 2049 3171 se
2091 3127 2259 3172 terro-

688 3220 801 3259 rem
835 3206 1070 3261 incuterc
1102 3207 1477 3276 putant:atqui
1508 3206 1574 3261 ab
1599 3209 1994 3262 accusatoribus
2014 3209 2257 3265 ediscen-

600 3298 605 3303 ”
693 3297 815 3351 dum
841 3307 971 3352 erat.
1002 3298 1068 3349 Et
1096 3298 1322 3351 tribunus
1352 3300 1535 3364 timuit,
1581 3299 1769 3368 inquit,
1802 3316 2100 3370 cognoscens
2128 3303 2259 3372 quod

692 3390 951 3442 Romanus
979 3400 1120 3443 esset.
1147 3389 1262 3445 Non
1289 3400 1402 3444 erat
1427 3404 1552 3459 ergo
1580 3391 1934 3457 mendacium,
1961 3393 2097 3461 quod
2125 3393 2258 3446 Pau-

702 3483 781 3535 lus
806 3482 1006 3536 diceret
1026 3496 1083 3535 se
1096 3481 1390 3535 Romanum
1415 3497 1552 3537 esse.
1582 3481 1649 3536 Et
1668 3483 1812 3536 solvit
1837 3500 1947 3536 eum
1972 3501 2002 3536 a
2031 3484 2259 3551 vinculis,

697 3573 883 3642 inquit,
935 3581 980 3625 ct
1034 3574 1286 3627 adducens
1334 3574 1507 3625 statuit
1558 3590 1669 3626 eum
1718 3575 1769 3627 in
1814 3576 2098 3627 concilium.
2153 3575 2263 3630 Hoc

696 3661 972 3729 oportebat
1026 3648 1231 3729 facere,
1283 3677 1455 3732 neque
1505 3664 1641 3717 velle
1692 3662 1977 3732 ﬂagellare,
2032 3665 2125 3719 sed
2176 3680 2261 3720 re-

698 3754 936 3823 linquere
989 3768 1109 3808 eum
1143 3795 1158 3819 ,
1216 3755 1306 3824 qui
1363 3755 1493 3808 nihil
1550 3755 1774 3809 vinculis
1829 3755 2044 3824 dignum
2103 3755 2261 3810 fecis-

698 3858 800 3901 set.
853 3845 920 3899 Et
965 3847 1109 3899 solvit
1144 3863 1278 3910 eum,
1328 3847 1511 3915 inquit,
1544 3856 1587 3900 ct
1618 3849 1683 3899 ad
1712 3848 1825 3901 illos
1866 3848 2098 3901 adduxit.
2155 3848 2267 3902 Hoc

702 3936 929 3992 maxime
957 3937 974 3967 ⁸
1001 3937 1186 3991 anxios
1212 3936 1440 3992 reddidit
1491 3938 1724 3992 Judmos.
1780 3936 2051 3991 Inlendens
2100 3948 2265 3991 autem

700 4029 897 4084 Paulus
938 4031 992 4085 in
1030 4030 1317 4093 concilium,
1348 4030 1535 4100 inquit,
1578 4031 1704 4083 dixit
1729 4046 1745 4082 .·
1786 4028 1889 4083 Viri
1919 4034 2121 4096 fratres.
2170 4030 2266 4084 llic

698 4137 758 4175 se
811 4123 1056 4176 fidentem
1103 4123 1353 4189 ostendit,
1398 4132 1452 4176 et
1508 4122 1940 4191 imperterritum.
1990 4121 2095 4177 Sed
2148 4122 2267 4177 vide

701 4214 910 4267 illorum
950 4214 1331 4282 petulantiam;
1374 4214 1643 4284 subjunxit
1669 4215 1809 4268 enim
1842 4232 1854 4267 :
1886 4214 2130 4283 Princeps
2176 4232 2268 4267 au-

700 4314 796 4358 tem
842 4304 1155 4358 sacerdotum
1187 4307 1409 4359 Ananias
1463 4307 1697 4375 prazcepit
1728 4314 1780 4359 ut
1833 4315 2171 4375 percuteretur
2214 4323 2270 4361 os

706 4395 832 4462 ejus.
863 4392 970 4450 Cur
1013 4396 1279 4463 percutis?
1316 4396 1439 4465 quid
1469 4396 1608 4449 enim
1635 4398 2074 4451 contumeliosum
2096 4397 2269 4451 dixit?

702 4483 745 4536 Ο
774 4483 1150 4552 impudentiam
1174 4486 1185 4539 l
1225 4500 1256 4537 ο
1282 4485 1582 4539 audaciam!
1618 4486 1753 4539 Tunc
1777 4485 1966 4540 Paulus
1993 4488 2117 4539 dixit
2141 4488 2217 4541 illi
2253 4504 2270 4541 :

706 4572 959 4628 f‘ercutiet
1003 4584 1048 4629 te
1070 4575 1227 4642 Deus,
1255 4576 1419 4645 paries
1450 4576 1695 4629 dealbate.
1728 4576 1903 4645 Papm,
1935 4576 2264 4631 libertatem!

703 4664 782 4718 0b
832 4665 1134 4734 hypocrisin
1175 4676 1226 4720 et
1282 4667 1607 4735 iniquitatem
1653 4668 1799 4721 illum
1850 4668 2116 4722 traducit:
2152 4668 2270 4722 ideo

702 4754 859 4809 etiam
908 4754 1234 4822 reprimitur.
1264 4756 1379 4825 Ipse
1407 4772 1530 4810 vero
1555 4757 1745 4812 dubius
1775 4773 1838 4812 ue
1869 4758 2026 4811 audet
2056 4759 2268 4827 quidem

706 4845 881 4914 loqui;
932 4844 1025 4898 sed
1070 4846 1159 4915 qui
1209 4847 1355 4913 juxta
1413 4847 1559 4900 illum
1589 4858 1769 4911 erant,
1814 4852 1927 4919 ejus
1972 4853 2266 4907 libertatem

704 4952 809 4990 non
842 4935 1090 4990 tulerunt.
1144 4938 1216 4991 fta
1262 4938 1510 4993 videbant
1558 4940 1826 4996 hominem
1884 4954 2105 4998 mortem
2162 4960 2267 5000 non

704 5038 1001 5096 curantem,
1050 5040 1103 5084 et
1132 5044 1234 5084 non
1262 5033 1645 5086 sustinuerunt.
1696 5033 2013 5099 Nesciebam,
2069 5037 2264 5107 inquit,

705 5119 838 5187 quod
866 5136 1088 5173 summus
1127 5121 1357 5175 sacerdos
1383 5124 1463 5176 sit.
1516 5124 1654 5194 Ergo
1675 5140 1738 5179 ex
1772 5127 2061 5195 ignorantia
2094 5131 2267 5185 incre-

704 5211 845 5275 patio
874 5210 965 5263 fuit
994 5229 1006 5264 :
1041 5212 1139 5265 nisi
1168 5213 1305 5265 enim
1331 5214 1429 5268 hoc
1456 5225 1616 5280 esset,
1648 5217 1735 5270 illo
1775 5230 1992 5288 accepto
2029 5222 2265 5288 abiisset,

703 5315 800 5355 nec
830 5301 1093 5366 tacuisset,
1137 5311 1291 5371 atque
1322 5306 1491 5374 ipsum
1521 5306 1622 5360 illis
1660 5308 1897 5362 tribunus
1944 5312 2263 5367 tradidisset.

772 5392 825 5445 5.
858 5391 954 5445 llic
980 5408 1139 5461 porro
1167 5397 1393 5449 ostendit
1423 5412 1479 5451 se
1511 5399 1735 5453 libenter
1772 5401 1883 5454 haec
1916 5405 2018 5470 pati
2054 5420 2064 5455 :
2101 5414 2260 5474 atquc

703 5483 772 5535 ita
802 5483 1060 5537 rationem
1088 5484 1262 5539 reddit
1290 5502 1406 5541 cum
1450 5490 1553 5542 illis
1583 5532 1595 5555 ,
1640 5490 1741 5559 legi
1768 5508 1824 5547 se
1856 5495 2070 5564 obsequi
2100 5540 2112 5564 ,
2163 5514 2265 5552 non

703 5574 807 5627 illis
850 5573 1253 5643 demonstrans;
1292 5594 1410 5631 nam
1459 5581 1577 5635 illos
1625 5582 1907 5638 admodum
1961 5588 2262 5643 damnabat.

777 5713 787 5739 ι
824 5711 877 5760 ιιι
907 5704 1060 5781 tribus
1081 5707 1228 5781 Codd.
1269 5714 1448 5781 legitur
1477 5732 1483 5763 :
1520 5728 1614 5768 Hoc
1637 5720 1873 5780 oportebat
1907 5723 2064 5781 ﬂirerr
2090 5723 2146 5770 ul‘
2175 5725 2261 5775 ini-

710 5775 789 5809 ‘M.
815 5790 832 5818 ι
850 5771 1053 5823 Solutum
1078 5786 1137 5824 ait
1165 5776 1271 5826 idos
1316 5771 1536 5827 (ultima.
1563 5799 1581 5823 ι)
1620 5771 1714 5831 uec
1744 5771 1967 5841 nnm‘inie,
1994 5795 2087 5831 utr.

1393 367 1448 423 S.
1485 362 1755 424 JOANNIS
1791 363 2256 421 CHRYSOSTOMI
2294 362 2605 421 ARCHIEP.
2646 361 3177 420 CONSTANTINOP.
3828 367 3927 421 336

2351 478 2575 549 Propter
2614 479 2784 547 legem
2831 478 2989 548 igitur
3030 480 3289 533 rationem
3318 477 3515 544 reddit,
3569 496 3671 534 non
3716 491 3928 549 propter

2350 569 2638 640 populant;
2667 578 2720 623 et
2744 570 2866 637 jure
2894 570 3108 639 quidem
3142 586 3153 621 :
3189 585 3309 623 nam
3341 586 3460 624 eum
3483 612 3496 635 ,
3548 571 3636 639 qui
3683 586 3740 624 se
3789 570 3927 623 nihil

2350 661 2581 726 laeserat,
2612 670 2665 716 et
2692 662 3029 716 innocentem
3061 661 3307 715 occidere
3337 662 3572 729 iniquum
3602 671 3734 714 erat.
3765 661 3930 730 igitur

2348 752 2486 822 quod
2515 754 2581 806 ab
2611 754 2700 807 illo
2726 753 2925 807 dictum
2957 762 3077 817 est,
3126 767 3231 806 non
3273 752 3594 807 contumelia
3636 762 3785 817 erat;
3822 752 3930 807 nisi

2350 843 2468 911 quis
2491 842 2631 897 dicat
2656 842 2925 897 Christum
2956 843 3335 896 contumeliam
3370 842 3629 911 proferre,
3654 857 3771 896 cum
3805 841 3885 894 ait
3913 857 3929 893 :

2360 933 2446 989 νω
2465 935 2598 989 vobis
2621 936 2795 989 scribis
2823 944 2868 987 et
2896 933 3195 998 lerisaeis,
3226 934 3342 1003 quia
3367 932 3554 985 similes
3582 934 3695 985 estis
3723 932 3935 1000 parieti-

2350 1027 2439 1081 bus
2466 1027 2710 1081 dealbatis
2750 1027 2960 1099 (Matth.
2992 1027 3080 1080 9.5.
3118 1026 3233 1093 27).
3269 1026 3459 1089 Etiam,
3491 1025 3730 1093 inquies;
3759 1023 3857 1077 sed
3889 1023 3935 1076 si

2350 1127 2633 1187 antequam
2659 1119 3033 1174 verberaretur
3061 1118 3161 1173 hoc
3183 1119 3423 1184 dixisset,
3459 1132 3561 1170 non
3596 1116 3781 1171 fuisset
3813 1117 3932 1175 iraa.

2350 1210 2441 1263 sed
2475 1210 2699 1264 fiducizn.
2728 1209 2925 1264 Verum
2969 1224 3195 1264 causam
3220 1210 3351 1273 dixi,
3382 1208 3521 1277 quod
3550 1208 3713 1262 nollet
3738 1206 3937 1275 despe-

2351 1304 2455 1356 ctui
2492 1303 2695 1358 haberi.
2731 1304 2887 1371 Atqui
2934 1319 3075 1370 saepe
3098 1303 3342 1357 Christus
3371 1301 3583 1356 Judmos
3610 1299 3933 1354 contumelia

2350 1392 2561 1459 affecit,
2591 1394 2703 1461 ipse
2739 1394 3060 1447 eoatnmelia
3105 1393 3330 1448 affectus
3354 1434 3369 1457 ,
3401 1402 3457 1446 ut
3484 1408 3602 1446 cum
3633 1392 3760 1445 dicit
3790 1407 3805 1443 :
3854 1390 3936 1442 Ne

2353 1486 2535 1551 putetis
2577 1486 2711 1553 quod
2736 1501 2824 1554 ego
2868 1500 3095 1537 accusem
3124 1500 3209 1537 vos
3257 1481 3437 1554 (Joan.
3488 1483 3538 1537 5.
3570 1483 3682 1535 Et.
3732 1482 3796 1534 At
3831 1480 3934 1534 hoc

2354 1575 2673 1629 contumelia
2698 1589 2798 1629 non
2819 1584 2917 1639 cst,
2944 1575 3098 1630 absit.
3120 1574 3253 1627 Vide
3272 1587 3398 1642 ergo
3422 1587 3539 1627 cum
3567 1584 3760 1640 quanta
3781 1586 3938 1623 man-

2352 1666 2634 1720 suetudine
2664 1666 2782 1719 illos
2810 1666 3129 1733 alloquatur.
3179 1662 3474 1716 Nesciebam
3496 1703 3511 1727 ,
3545 1661 3747 1729 inquit,
3790 1659 3935 1727 quod

2350 1773 2573 1809 sununus
2593 1757 2823 1810 sacerdos
2851 1755 2942 1808 Dei
2968 1765 3113 1808 esset.
3140 1754 3250 1808 Hoc
3272 1754 3424 1819 dixit,
3458 1768 3629 1821 neque
3652 1752 3735 1804 hic
3760 1750 3933 1815 stetit;

2352 1848 2444 1901 sed
2472 1846 2760 1901 ostendens
2785 1861 2843 1901 se
2868 1862 2973 1900 non
3006 1847 3205 1921 ironice
3236 1846 3401 1913 loqui,
3429 1844 3609 1898 addit:
3639 1841 3935 1909 Principem

2353 1938 2529 2007 populi
2554 1940 2625 1991 tui
2654 1956 2751 1991 non
2778 1922 3067 1991 maledices.
3098 1936 3286 1991 Viden’
3312 1936 3577 2006 quomodo
3606 1937 3757 1990 illum
3790 1935 3938 2003 prin-

2352 2029 2521 2097 cipem
2549 2029 2719 2083 adhuc
2744 2027 3062 2083 confitetur?

2427 2122 2769 2177 Mansuetudo
2792 2122 3189 2176 commendatur.
3209 2151 3276 2159 —
3300 2119 3575 2174 Discamus
3603 2132 3731 2187 ergo
3754 2125 3809 2171 ct
3837 2132 3937 2170 nas

2355 2213 2835 2276 mansuetudinem,
2869 2221 2926 2265 ut
2947 2212 2998 2265 in
3025 2212 3265 2280 utrisque
3293 2210 3459 2264 simus
3490 2208 3729 2277 perfecti.
3765 2207 3931 2261 Multa

2354 2306 2494 2358 enim
2523 2304 2861 2358 accuratione
2882 2317 3015 2372 opus
3039 2310 3149 2366 est,
3176 2310 3235 2354 ut
3255 2300 3487 2354 discatur
3508 2299 3631 2368 quid
3662 2300 3781 2357 hoc.
3808 2299 3937 2366 quid

2356 2397 2485 2450 illud
2514 2397 2581 2449 sit
2624 2395 3005 2449 :aecuratione
3053 2401 3230 2446 autem
3271 2405 3406 2459 opus
3446 2400 3558 2455 est,
3589 2391 3710 2458 quia
3762 2389 3939 2441 vicina

2355 2497 2480 2543 sunt
2508 2486 2788 2540 virtutibus
2817 2486 2942 2539 vitia
2966 2525 2980 2551 ,
3013 2482 3223 2538 dicendi
3256 2482 3483 2536 libertati
3512 2481 3754 2546 audacia,
3786 2495 3941 2532 man-

2356 2578 2619 2633 suetudini
2636 2577 2859 2646 ignavia.
2876 2575 3191 2631 Cavendum
3204 2582 3378 2628 autem
3402 2582 3505 2640 est,
3524 2588 3590 2626 ne
3606 2572 3724 2641 quis
3749 2571 3940 2624 vitium

2361 2678 2545 2724 tenens
2571 2669 2818 2722 virtutem
2844 2683 2901 2721 se
2933 2674 3080 2735 putet
3112 2664 3311 2719 habere
3337 2680 3350 2729 ;
3384 2674 3439 2717 ut
3464 2663 3508 2717 si
3538 2664 3658 2732 quis
3686 2662 3944 2730 Opinetur

2358 2759 2582 2829 sejungi
2601 2759 2851 2825 dominae,
2881 2756 3005 2811 dum
3028 2757 3267 2826 jungitur
3296 2754 3521 2810 ancillae.
3544 2752 3680 2820 Quid
3707 2763 3785 2807 est
3811 2767 3945 2821 ergo

2360 2849 2709 2905 mansuetudo
2732 2888 2749 2914 ,
2790 2856 2844 2902 et
2872 2847 2996 2916 quid
3037 2856 3119 2900 est
3152 2845 3400 2915 ignavia?
3425 2844 3561 2899 Cum
3606 2843 3740 2896 alios
3782 2844 3894 2895 hes:
3916 2855 3945 2895 s

2361 2958 2467 2995 non
2507 2940 2875 3004 defendimus,
2918 2937 3011 2992 sed
3055 2946 3330 3001 tacemus,
3375 2934 3503 2987 illud
3552 2942 3635 2987 est
3669 2933 3884 3004 ignavia
3926 2945 3946 2986 :

2360 3031 2574 3102 quando
2601 3038 2776 3083 autem
2804 3029 2943 3083 male
2968 3027 3142 3082 affecti
3169 3026 3457 3081 toleramus
3476 3065 3491 3088 ,
3525 3024 3653 3078 illud
3687 3034 3770 3077 est
3794 3040 3949 3077 man-

2362 3122 2608 3178 suetudo.
2651 3122 2787 3189 Quid
2827 3130 2909 3175 est
2954 3120 3204 3190 loquendi
3249 3120 3507 3173 libertas?
3549 3118 3682 3170 Illud
3726 3117 3945 3183 ipsum,

2361 3230 2480 3269 cum
2508 3229 2605 3283 pro
2631 3215 2751 3268 aliis
2776 3213 3135 3266 decertamus.
3155 3210 3290 3277 Quid
3313 3209 3573 3264 audacia?
3600 3208 3833 3274 Quando
3851 3226 3902 3260 Iit
3926 3222 3951 3260 s

2363 3307 2512 3376 ipsos
2555 3305 2735 3359 ulcisci
2767 3304 3029 3358 volumus.
3078 3301 3259 3371 Itaque
3308 3300 3466 3356 simul
3504 3300 3800 3370 junguntur
3832 3315 3951 3352 ma-

2363 3400 2681 3469 gnanimitas
2722 3407 2774 3452 et
2818 3397 3027 3451 dicendi
3070 3396 3316 3460 libertas;
3351 3395 3585 3463 itemque
3639 3391 3864 3446 audacia
3901 3403 3951 3444 et

2366 3494 2592 3563 ignavia.
2626 3493 2724 3558 Qui
2754 3493 2893 3547 enim
2924 3507 3019 3561 pro
3048 3491 3225 3560 seipso
3256 3498 3360 3543 non
3390 3488 3555 3553 dolet,
3586 3489 3671 3541 vix
3698 3503 3796 3557 pro
3830 3488 3953 3540 aliis

2365 3585 2601 3651 dolebit;
2635 3585 2724 3654 qui
2766 3600 2893 3639 vero
2930 3584 3162 3652 seipsum
3197 3598 3303 3635 non
3349 3580 3623 3635 ulciscitur
3646 3621 3661 3645 ,
3695 3581 3783 3632 vix
3814 3579 3956 3631 alios

2368 3691 2471 3729 non
2502 3676 2809 3729 ulciscitur.
2856 3675 2986 3728 Cum
3019 3674 3160 3727 enim
3189 3688 3365 3728 mores
3405 3681 3527 3725 sunt
3553 3686 3581 3724 a
3610 3671 3956 3739 passionibus

2370 3767 2515 3834 puri,
2545 3767 2793 3819 virtutem
2822 3764 3126 3818 admittunt.
3156 3762 3226 3818 Ut
3255 3777 3449 3831 corpus
3491 3777 3519 3813 a
3562 3761 3694 3815 febri
3721 3761 3955 3814 liberum

2369 3858 2530 3912 robur
2569 3858 2787 3925 accipit,
2821 3857 2897 3910 sic
2945 3856 3120 3909 anima
3150 3852 3488 3923 passionibus
3516 3866 3621 3906 non
3654 3862 3917 3919 corrupta
3941 3892 3953 3913 ,

2370 3947 2730 4002 fortitudinem
2751 3946 2963 4016 accipit.
2992 3945 3189 4014 Magna:
3218 3943 3544 3998 fortitudinis
3576 3942 3840 3997 indicium
3874 3952 3957 3996 est

2370 4039 2759 4094 mansuetudo:
2789 4053 3049 4107 generosa
3089 4046 3143 4091 et
3168 4037 3303 4090 virili
3335 4036 3513 4089 anima
3553 4034 3958 4103 admodumque

2370 4132 2580 4185 sublimi
2600 4144 2733 4199 opus
2751 4130 2911 4183 habet
2938 4127 3307 4183 mansuetudo.
3323 4127 3405 4180 An
3421 4141 3600 4195 parum
3623 4139 3745 4179 esse
3759 4135 3925 4193 putas
3942 4164 3955 4185 ,

2372 4222 2508 4276 male
2537 4219 2675 4275 affici
2706 4230 2760 4273 et
2789 4220 2893 4288 pati
2923 4261 2937 4283 ,
2978 4227 3034 4273 et
3062 4232 3167 4272 non
3209 4215 3555 4287 exasperari?
3593 4214 3705 4269 Nec
3730 4216 3959 4269 aberra-

2372 4313 2541 4378 verit,
2573 4311 2661 4379 qui
2688 4325 2868 4364 curam
2889 4309 3115 4379 proximi
3136 4309 3216 4362 sui
3243 4306 3603 4361 fortitudinem
3637 4307 3922 4360 vocaverit
3947 4326 3958 4358 :

2370 4402 2461 4471 qui
2490 4404 2631 4455 enim
2665 4408 2864 4454 tantum
2894 4400 3092 4463 valuit,
3125 4410 3180 4452 ut
3212 4408 3409 4451 tantam
3442 4399 3741 4465 passionem
3779 4397 3960 4451 vince-

2375 4504 2491 4559 ret,
2535 4495 2690 4548 aliam
2720 4508 2929 4563 quoque
2960 4492 3171 4563 aggredi
3197 4491 3431 4545 audebit.
3466 4490 3706 4558 Exempli
3747 4506 3915 4543 canSa
3946 4532 3959 4552 ,

2374 4586 2491 4639 duce
2524 4587 2794 4655 passiones
2823 4595 2945 4639 sunt
2973 4587 3129 4639 timor
3159 4594 3212 4638 et
3238 4585 3314 4638 ira
3346 4602 3359 4636 :
3388 4584 3432 4637 si
3456 4584 3584 4636 iram
3613 4598 3962 4652 compescuc-

2375 4681 2479 4744 ris,
2524 4680 2767 4733 timorem
2817 4688 2964 4733 certe
3002 4678 3217 4740 vinces;
3252 4677 3383 4730 iram
3422 4685 3596 4729 autem
3648 4676 3827 4729 vincis
3852 4717 3868 4739 ,
3918 4678 3960 4729 si

2376 4780 2683 4826 mansuetus
2726 4770 2799 4823 sis
2845 4786 2857 4822 :
2892 4769 3048 4837 igitur
3080 4777 3133 4821 et
3173 4767 3415 4819 timorem
3446 4766 3667 4830 vinces,
3711 4767 3755 4818 si
3805 4767 3963 4821 fortis

2376 4861 2555 4915 fueris.
2589 4861 2793 4916 Rursus
2839 4859 2880 4912 si
2922 4860 3055 4911 iram
3104 4872 3206 4911 non
3241 4858 3459 4921 viceris,
3501 4857 3669 4911 audax
3718 4860 3876 4923 eris;
3922 4862 3962 4912 si

2376 4966 2549 5008 autem
2584 4954 2683 5008 hoc
2715 4953 2897 5006 vitium
2944 4966 3049 5004 non
3077 4951 3442 5018 Siqerareris,
3490 4964 3662 5019 neque
3707 4951 3965 5005 timorem

2376 5061 2625 5115 superare
2654 5046 2850 5115 poteris
2884 5063 2895 5097 :
2928 5044 3102 5114 itaque
3128 5044 3501 5099 formidolosus
3530 5045 3636 5097 eris
3657 5062 3670 5107 ;
3695 5044 3966 5114 idipsum-

2376 5150 2476 5204 qnc
2504 5138 2725 5203 accidit,
2778 5152 2839 5191 ac
2882 5137 2924 5189 si
2967 5151 3159 5205 corpus
3189 5137 3257 5190 ita
3297 5136 3472 5190 debile
3514 5136 3673 5190 fuerit
3718 5149 3773 5191 et
3821 5140 3965 5192 male

2379 5240 2760 5299 temperatum,
2790 5238 2847 5281 ut
2869 5228 3071 5281 nullum
3102 5228 3268 5296 possit
3297 5226 3438 5282 ferre
3461 5226 3697 5280 laborem
3730 5245 3741 5279 :
3777 5232 3963 5283 statim

2377 5321 2459 5374 vel
2491 5337 2517 5373 a
2549 5320 2742 5391 frigore
2772 5320 2855 5374 vel
2884 5335 2911 5372 a
2943 5320 3119 5374 calore
3147 5320 3406 5389 abripitur
3439 5338 3451 5373 :
3484 5320 3584 5372 tale
3613 5334 3854 5389 namque
3884 5335 3967 5376 ρει

2377 5412 2427 5466 id
2472 5456 2485 5478 ,
2517 5413 2655 5482 quod
2698 5422 2779 5467 est
2816 5412 2950 5466 male
3006 5421 3387 5482 temperatum;
3417 5412 3556 5481 quod
3602 5424 3786 5467 autem
3824 5416 3967 5469 bene

2378 5514 2728 5573 temperatura
2757 5514 2869 5570 est,
2897 5508 3073 5559 omnia
3102 5506 3348 5559 sustinet.
3393 5501 3623 5559 Rursum
3671 5508 3964 5575 magnani-

2377 5598 2529 5651 mitas
2553 5599 2717 5651 virtus
2742 5608 2823 5651 est
2842 5639 2854 5661 ,
2880 5598 3058 5666 illique
3087 5598 3254 5652 vicina
3280 5607 3361 5653 est
3390 5597 3735 5667 prodigalitas
3767 5620 3779 5650 :
3811 5616 3962 5656 meo.

2379 5692 2551 5742 nomia
2600 5690 2769 5743 virtus
2813 5697 2924 5752 est,
2969 5690 3172 5758 ipsique
3200 5690 3368 5743 vicina
3400 5699 3478 5743 est
3522 5690 3864 5757 parcimonia
3913 5705 3961 5744 rt

2380 5780 2641 5836 sorditics.
2686 5784 2785 5849 Ago
2819 5796 3187 5849 ergo,rursum
3218 5782 3434 5836 virtutes
3469 5779 3806 5850 colligamus.
