4094 6336
513 388 610 445 337

585 503 791 556 Οὐκοῦν
820 503 877 554 οὐ
907 501 1278 571 μεγαλόψυχος
1307 504 1334 554 6
1359 501 1583 562 ἄσωτος.
1622 498 1771 563 Πῶς;
1814 501 1871 552 'U
1911 501 2018 570 γὰρ
2061 501 2163 553 ὐπὸ

518 590 723 660 μυρίων
748 588 1098 658 ἁλισκόμενος
1133 588 1340 652 παθῶν,
1373 586 1490 648 πῶς
1521 587 1586 638 ἂν
1613 586 1694 656 εἴη
1733 586 1905 654 μέγας
1940 588 2037 655 τὴν
2068 588 2162 655 ψυ-

515 679 648 744 χήνς
693 675 765 726 Οὐ
801 674 906 742 γὰρ
935 675 1230 743 χρημάτων
1267 674 1381 726 ἐστὶ
1423 671 1578 723 τοῦτο
1622 675 2001 739 καταφρονεῖν,
2047 673 2161 724 ἀλλ’

517 762 604 829 ὑφ’
634 760 832 830 ἑτέρων
863 761 1240 812 ἐπιτάττεσθαι
1272 759 1458 811 παθῶν
1481 774 1496 788 ⁸
1529 759 1714 829 ὥσπερ
1751 759 1816 810 ἂν
1847 758 1900 808 εί
1932 776 2013 821 τις
2059 760 2163 812 ὐπὸ

512 844 721 914 λῃστῶν
755 846 1091 898 ἐπιτάττοιτο
1119 845 1340 906 ἐκείνοις
1363 843 1672 905 ὑπακούειν,
1700 843 1796 896 οὐκ
1816 843 1879 895 ἂν
1906 843 1988 912 εἴη
2012 843 2163 895 ἐλεύ-

513 932 686 1000 θερος·
727 931 788 982 οὐ
819 930 927 1000 γὰρ
951 932 1013 983 ἐκ
1045 931 1135 982 τοῦ
1166 930 1459 999 χρημάτων
1490 932 1846 999 καταφρονεῖν
1871 929 2078 996 γίνεται
2102 931 2164 982 τὸ

513 1017 853 1078 ἀναλίσκειν,
904 1017 1016 1069 ἀλλ’
1051 1019 1112 1067 ἐκ
1149 1016 1241 1067 τοῦ
1294 1017 1368 1086 μὴ
1407 1017 1634 1077 δεόντως
1677 1017 1868 1069 ειδέναι
1906 1017 2158 1068 διοικεῖν·

513 1105 631 1154 ἐπεὶ
660 1103 712 1154 εἴ
742 1120 802 1170 γε
835 1102 960 1169 ἐνῆν
985 1105 1077 1154 καὶ
1107 1102 1247 1170 ἔχειν
1288 1103 1379 1154 καὶ
1411 1101 1556 1174 [565]
1595 1101 1884 1154 ἀπολαύειν
1917 1103 2157 1166 ἐκείνων,

510 1188 681 1252 οὕτως
715 1190 779 1241 ἂν
819 1188 1100 1258 ἠθέλησεν.
1140 1190 1200 1240 ’0
1231 1189 1287 1241 δὲ
1324 1192 1400 1251 είς
1439 1189 1553 1241 δέον
1584 1189 1886 1241 ἀναλίσκων
1925 1188 1992 1240 τὰ
2031 1189 2164 1257 χρή-

515 1293 678 1344 ματα,
706 1270 856 1337 οὗτός
886 1277 1001 1327 ἐστι
1031 1275 1402 1346 μεγαλόψυχος
1423 1295 1434 1306 ·
1464 1277 1671 1346 μεγάλη
1695 1276 1799 1346 γὰρ
1824 1276 1989 1337 δντως
2015 1276 2160 1345 ψυχὴ

512 1365 543 1430 ἠ
580 1364 652 1433 μὴ
685 1364 841 1416 πάθει
876 1363 1218 1423 δουλεύουσα,
1253 1365 1283 1432 ἡ
1321 1364 1483 1433 μηδὲν
1512 1363 1786 1432 ἡγουμένη
1816 1363 1884 1415 τὰ
1904 1364 2161 1432 χρήματα

510 1445 664 1501 εἶναι.
707 1450 891 1511 Πάλιν,
929 1452 959 1518 ἡ
993 1449 1272 1518 οἰκονομία.
1309 1450 1501 1500 καλόν·
1536 1448 1675 1500 οὕτω
1716 1451 1808 1502 κα)⁵
1840 1451 1868 1502 6
1902 1452 2164 1519 οἰκονομι-

511 1536 603 1595 κὸς
633 1536 697 1588 ἂν
729 1538 810 1606 εἴη
838 1537 1055 1606 ἀριστος
1081 1540 1106 1588 6
1135 1539 1210 1598 είς
1244 1538 1362 1588 δέον
1397 1537 1718 1601 ἀναλίσκων,
1749 1537 1842 1590 καὶ
1875 1537 1949 1607 μὴ
1978 1537 2163 1599 ἁπλῶς

511 1624 961 1692 ἀνοικονομήτως.
1007 1622 1068 1674 Ἦ
1094 1622 1150 1674 δέ
1186 1623 1438 1690 φειδωλία
1466 1623 1564 1674 οὐκ
1590 1622 1702 1675 ἑστι
1733 1623 1946 1675 ταυτόν.
1992 1624 2160 1676 Ἐκεῖ-

510 1725 594 1768 νος
626 1708 723 1776 μὲν
753 1707 857 1776 γὰρ
889 1705 1060 1759 πάντα
1099 1708 1176 1769 είς
1201 1706 1259 1758 τὸ
1286 1706 1402 1758 δέον
1445 1708 1740 1761 ἀναλίσκει·
1773 1702 1924 1771 οὗτος
1941 1707 2016 1771 δὲ,
2043 1708 2160 1759 οὐδὲ

510 1795 807 1862 ἀναγκαίας
839 1792 1170 1863 ἀπαιτούσης
1203 1795 1410 1864 χρείας,
1449 1796 1545 1864 τῆς
1571 1794 1757 1858 οὐσίας
1796 1796 2022 1848 ἅπτεται
2054 1794 2160 1847 τῶν

509 1882 821 1951 χρημάτων.
893 1880 950 1934 ’0
1012 1882 1350 1950 οἰκονομικός
1397 1881 1571 1933 τοίνυν
1635 1881 1728 1933 τοῦ
1789 1881 2159 1951 μεγαλοψύχου

509 1969 716 2033 γένοιτο
755 1968 819 2020 ἀν
847 1967 1087 2035 ἀδελφός.
1122 1967 1329 2020 Οὐκοῦν
1369 1967 1503 2036 ὁμοῦ
1531 1967 1620 2019 τὸν
1650 1968 2021 2037 μεγαλόψυχον
2061 1967 2158 2036 θή-

513 2072 674 2124 σομεν
705 2056 794 2108 καί¹
827 2056 916 2108 τὸν
942 2055 1277 2124 οἰκονομικὸν
1297 2093 1312 2116 ,
1342 2055 1434 2106 καὶ
1462 2055 1552 2107 τὸν
1585 2055 1790 2108 ἀσωτον
1819 2056 1911 2106 καὶ
1936 2055 2025 2106 τὸν
2067 2071 2160 2124 μι-

508 2143 796 2212 κρολόγον·
834 2143 1125 2213 ἀμφότεροι
1155 2143 1261 2213 γὰρ
1322 2143 1428 2196 ἀπὸ
1468 2141 1830 2213 μικροψυχίας
1864 2143 2020 2195 τοῦτο
2058 2141 2161 2196 πά·-

510 2246 746 2298 σχουσιν,
789 2229 976 2299 ῶσπερ
1003 2227 1096 2282 οὖν
1120 2232 1359 2282 κάκεῖνοι
1389 2227 1497 2282 ἀπὸ
1521 2230 1944 2299 μεγαλοψυχίας.
1981 2231 2072 2299 Μὴ
2097 2229 2161 2299 δὴ

511 2315 882 2385 μεγαλόψυχον
921 2315 1174 2384 καλῶμεν
1214 2315 1304 2367 τὸν
1353 2315 1710 2369 ἀναλίσκοντα
1757 2315 1976 2378 ἁπλῶς,
2027 2315 2163 2369 ἀλλὰ

508 2403 597 2454 τὸν
616 2405 697 2466 εἰς
720 2403 841 2454 δέον
862 2403 1215 2455 ἀναλίσκοντα
1233 2420 1246 2430 ·
1281 2402 1416 2472 μηδέ
1443 2401 1530 2454 τὸν
1553 2390 1891 2471 οἰκονομικὸν
1919 2403 2161 2471 μικρολό-

509 2503 602 2552 γον
646 2488 736 2538 καὶ
777 2485 1050 2554 φειδωλὸν,
1095 2487 1230 2538 ἀλλὰ
1276 2487 1364 2537 τὸν
1411 2487 1654 2556 ἀκαίρως
1695 2487 2004 2556 φειδόμενον
2052 2487 2158 2538 τῶν

507 2574 820 2644 χρημάτων.
871 2574 1017 2625 Πόσα
1061 2574 1088 2623 6
1138 2572 1388 2635 πλούσιος
1435 2575 1639 2634 ἐκεῖνος
1687 2573 1980 2638 ἀνάλωσεν,
2025 2574 2157 2626 ἐνδι-

505 2659 827 2728 δυσκόμενος
864 2657 1146 2728 πορφύραν
1180 2659 1272 2709 καὶ
1312 2656 1506 2725 βύσσον
1534 2675 1548 2722 ;
1601 2659 1740 2710 Ἀλλ’
1765 2660 1864 2710 οὐκ
1889 2654 1956 2728 ἦν
1990 2677 2158 2728 μεγα-

502 2744 754 2813 λόψυχος·
797 2746 901 2797 ὐπὸ
936 2745 1044 2812 γὰρ
1079 2744 1356 2813 ὠμότητος
1400 2745 1678 2814 κατείχετο
1719 2747 1752 2814 ἡ
1790 2744 1932 2814 ψυχὴ
1975 2746 2157 2809 αὐτοῦ,

507 2831 726 2883 καὶ-ὐπὸ
747 2833 958 2903 μυρίων
980 2831 1199 2900 ἡδονῶν·
1223 2832 1328 2901 ἡδὲ,
1349 2833 1569 2901 τοιαύτη
1591 2832 1704 2895 πῶς
1723 2835 1788 2885 ἂν
1810 2835 1891 2901 εἴη
1917 2833 2124 2903 μεγάλη
2143 2851 2156 2896 ;

508 2918 893 2986 Μεγαλόψυχος
928 2913 996 2988 ἦν
1029 2919 1055 2968 ό
1099 2917 1370 2986 Ἀϐραὰμ,
1417 2919 1492 2980 είς
1539 2918 1806 2986 ὑποδοχὴν
1851 2919 2157 2973 ἀναλίσκων

500 3003 608 3054 τῶν
633 3002 821 3069 ξένων,
848 3003 938 3056 τὸν
963 3003 1156 3072 μόσχον
1181 3004 1592 3071 κατασφάττων,
1615 3004 1708 3056 καὶ
1731 3004 1857 3056 ἔνθα
1881 3005 2064 3074 ἐχρῆν,
2096 3006 2156 3056 οὐ

493 3090 663 3156 ,μόνον
689 3091 983 3160 χρημάτων
1004 3130 1018 3153 ,
1048 3091 1159 3141 ἀλλ’
1200 3090 1315 3142 οὐδέ
1340 3091 1438 3158 τῆς
1471 3091 1646 3159 ψυχῆς
1673 3094 1770 3160 τῆς
1799 3092 1959 3144 αὐτοῦ
1996 3092 2160 3159 φειδό-

502 3192 686 3242 μενος.
732 3177 828 3227 “Av
868 3176 1044 3228 τοίνυν
1079 3176 1274 3246 ἴδωμέν
1319 3193 1438 3227 τινα
1475 3176 1752 3246 τράπεζαν
1796 3177 2158 3247 παρατιθέντα

508 3262 770 3331 πολυτελῆ
785 3274 835 3324 ι,
856 3264 1058 3332 πόρνας
1074 3262 1261 3332 ἔχοντα
1282 3264 1374 3315 καὶ
1392 3263 1740 3334 παρασίτους,
1765 3265 1838 3333 μὴ
1861 3263 2154 3332 μεγαλόψυ-

503 3366 596 3417 χον
641 3349 957 3418 καλέσωμεν
984 3348 1170 3400 τοῦτον
1189 3390 1203 3411 ,
1233 3347 1366 3400 ἀλλά
1394 3350 1596 3419 σφόδρα
1633 3350 1982 3419 μικρόψυχον.
2012 3351 2152 3418 Ὅρα

503 3435 609 3505 γάρ
637 3436 782 3498 ὅσοις
805 3434 1043 3487 δουλεύει
1066 3438 1157 3488 καὶ
1177 3437 1458 3488 ὑπόκειται
1484 3436 1697 3502 πάθεσι,
1722 3437 2152 3507 γαστριμαργίᾳ,

503 3519 664 3589 ἡδονῇ
698 3520 883 3589 ἀτόπῳ
907 3559 921 3582 ,
950 3520 1234 3590 κολακείᾳ·
1275 3521 1364 3571 τὸν
1395 3520 1449 3572 δὲ
1481 3523 1755 3583 τοσούτοις
1796 3522 2157 3590 κατεχόμενον

505 3605 598 3657 καὶ
641 3602 773 3674 μηδέ
822 3604 879 3656 ἓν
909 3605 1112 3658 τούτων
1145 3605 1439 3676 δυνάμενον
1481 3607 1762 3675 διαφυγεῖν
1785 3647 1799 3671 ,
1832 3608 1947 3671 πῶς
1975 3610 2038 3663 ἄν
2076 3627 2157 3672 τις

561 3697 587 3720 ⁸
609 3692 731 3741 Tres
752 3705 889 3752 mss.,
930 3694 1156 3756 τράπεζαν
1178 3694 1343 3756 ἔχοντα
1383 3696 1604 3752 παντελῆ.

1266 391 1322 445 S.
1363 387 1642 446 JOANNIS
1680 387 2160 445 CHRYSOSTOMI
2197 390 2525 446 ARCIIIEP.
2566 382 3105 446 CONSTANTINOP.

3821 372 3932 429 538

2267 501 2644 571 μεγαλόψυχον
2674 500 2893 569 καλοίη;
2942 497 3102 548 Ὥστε
3135 491 3294 545 αὐτὸν
3333 491 3450 541 τότε
3487 488 3720 557 μάλιστα
3765 488 3930 542 καλέ-

2265 606 2426 658 σομεν
2463 588 2815 659 μικρόψυχον,
2847 587 2974 638 ὅταν
3005 583 3234 652 μάλιστα
3263 578 3543 646 ἀναλίσκῃ·
3569 577 3678 647 ὅσῳ
3715 577 3824 645 γὰρ
3861 576 3927 628 ἂν

2267 677 2524 747 μειζόνως
2559 676 2843 743 ἀναλίσκῃ,
2885 670 3119 738 τοσούτῳ
3155 666 3302 735 δηλοῖ
3334 666 3432 733 τὴν
3476 664 3766 732 τυραννίδα
3813 662 3927 714 τῶν

2265 761 2450 814 παθῶν
2479 762 2719 814 ἐκείνων·
2750 763 2796 811 εἰ
2823 759 2932 828 γὰρ
2965 756 3039 826 μὴ
3065 753 3268 824 σφόδρα
3302 749 3465 803 αὐτοῦ
3501 750 3799 818 ἐκράτουν,
3824 749 3924 800 οὐκ

2265 852 2330 902 διν
2371 847 2575 916 σφόδρα
2611 846 2874 900 ἀνάλωσε.

2334 935 2497 988 Πάλιν
2529 933 2593 986 ἀν
2625 933 2824 1000 ἴδωμέν
2852 948 2973 982 τινα
3002 928 3208 982 τούτων
3242 927 3337 996 μὲν
3365 924 3554 995 μηδενὶ
3588 923 3750 993 μηδὲν
3778 937 3926 990 παρ-

2264 1021 2474 1091 έχοντα,
2503 1021 2737 1089 πένητας
2764 1019 2826 1091 ⁵δὲ
2855 1017 3120 1087 τρέφοντα
3152 1017 3377 1075 καὶτοῖς
3404 1012 3676 1080 δεομένοις
3705 1012 3928 1061 ἐπικου-

2266 1089 2482 1180 ροῦντα,
2507 1109 2670 1161 αὐτὸν
2686 1107 2742 1159 δὲ
2761 1089 3038 1176 τράπεζαν
3066 1103 3254 1173 ἔχοντα
3274 1099 3488 1166 εὐτελῆ.
3510 1097 3693 1150 τοῦτον
3719 1096 3930 1166 σφόδρα

2265 1196 2513 1266 καλῶμεν
2539 1193 2911 1266 μεγαλόψυχον
2942 1211 2956 1224 ·
2991 1191 3235 1262 μεγάλης
3261 1188 3368 1259 γὰρ
3401 1186 3570 1248 ὅντως
3600 1185 3798 1253 ψυχῆς.
3829 1185 3929 1251 τῆς

2266 1285 2364 1354 μὲν
2398 1285 2602 1346 οίκείας
2645 1283 3006 1352 καταφρονεῖν
3044 1277 3435 1338 ἀναπαύσεως,
3479 1276 3577 1344 τῆς
3620 1273 3676 1326 δὲ
3723 1271 3929 1341 ἐτέρων

2264 1370 2588 1442 φροντίζειν.
2616 1369 2749 1422 Εἰπέ
2774 1368 2881 1437 γάρ
2910 1385 3019 1437 μοι,
3055 1365 3108 1418 ετ
3133 1382 3252 1418 τινα
3283 1363 3432 1426 ἴδοις,
3463 1362 3569 1414 τῶν
3600 1360 3695 1430 μὲν
3724 1359 3928 1426 τυράν-

2263 1475 2366 1509 νων
2419 1454 2862 1526 καταφρονοῦντα
2897 1454 3145 1518 πάντων,
3188 1453 3280 1505 καὶ
3322 1450 3474 1503 οὐδὲν
3521 1447 3822 1517 ἡγούμενον
3859 1445 3929 1496 τά

2263 1543 2483 1595 ἐκείνων
2517 1543 2890 1612 ἐπιτάγματα,
2921 1541 3046 1603 τοὺς
3081 1539 3136 1591 δέ
3169 1538 3259 1590 ὐπ’
3294 1535 3517 1588 ἐκείνων
3556 1532 3897 1602 τυραννουμέ
3917 1561 3929 1570 -

2263 1646 2385 1692 νους
2414 1629 2699 1693 ἐξέλκοντα
2726 1631 2818 1681 καὶ⁹
2844 1629 2966 1690 τοὺς
2999 1617 3185 1688 κακῶς
3220 1625 3525 1693 πάσχοντας
3547 1637 3561 1651 ·
3602 1615 3712 1689 ἄρα
3738 1619 3840 1671 οὐκ
3863 1616 3930 1669 ἂν

2268 1717 2408 1785 μέγα
2441 1717 2678 1784 ἡγήσαιο
2723 1714 2919 1780 τοῦτο;
2951 1714 3121 1766 Τοῦτο
3148 1712 3212 1782 δὴ
3248 1707 3526 1764 κάνταῦθα
3559 1704 3926 1774 λογιζώμεθα.

2262 1803 2527 1872 Τύραννός
2553 1805 2666 1854 ἐστι
2690 1804 2757 1854 τά
2780 1803 2944 1871 πάθη·
2971 1801 3065 1853 ἐὰν
3085 1796 3180 1853 οὐν
3204 1798 3702 1869 καταφρονήσωμεν
3726 1791 3927 1853 αὐτῶν,

2263 1891 2486 1959 μεγάλοι
2527 1891 2799 1959 ἐσόμεθα·
2851 1890 2916 1942 ἂν
2965 1889 3023 1941 δὲ
3087 1889 3180 1940 καὶ
3239 1887 3458 1957 ἐτέρους
3517 1881 3930 1948 ἐξελκύσωμενν

2260 1980 2438 2050 πολλῷ
2475 1980 2687 2050 μείζους
2711 2000 2724 2013 ο
2752 1980 2993 2041 εἰκότως.
3029 1980 3091 2032 Ol
3125 1977 3231 2047 γὰρ
3262 1977 3360 2045 οὐχ
3389 1976 3601 2035 ἑαυτοῖς
3629 1969 3932 2040 ἀρκοῦντες

2263 2066 2443 2135 μόνον,
2493 2066 2628 2118 ἀλλὰ
2669 2067 2763 2119 καὶ
2800 2065 3025 2137 ἑτέροις,
3073 2062 3290 2134 μείζους
3321 2063 3427 2113 τῶν
3470 2059 3766 2128 μηδέτερον
3803 2071 3929 2106 ποι-

2259 2153 2481 2205 ούντων.
2515 2154 2611 2205 Ἂν
2640 2154 2695 2206 δέ
2725 2152 3140 2221 ἐπιταττόμενός
3168 2167 3250 2212 τις
3276 2150 3379 2202 ὐπὸ
3407 2146 3672 2217 τυράννου
3699 2143 3791 2196 τὸν
3831 2142 3931 2212 μὲν

2261 2239 2367 2292 τῶν
2400 2241 2658 2308 ὑπηκόων
2689 2240 2885 2311 τύπτῃ,
2915 2239 3003 2291 τὸν
3037 2237 3092 2290 δέ
3119 2237 3272 2306 ἕλκῃ,
3303 2234 3460 2289 ἀλλον
3485 2232 3540 2284 δὲ
3571 2229 3790 2300 ὑϐρίζῃ,
3820 2224 3933 2298 ἆρα

2262 2326 2418 2378 τοῦτο
2470 2326 2870 2395 μεγαλοψυχίας
2911 2324 3175 2396 ἐροῦμεν;
3219 2323 3290 2375 Οὐ
3319 2321 3471 2391 δῆτα·
3505 2315 3658 2389 [564]
3689 2318 3784 2368 καὶ
3810 2332 3933 2366 τοσ-

2259 2415 2401 2483 ούτῳ
2430 2415 2612 2476 πλέον,
2640 2414 2749 2482 ὅσῳ
2778 2414 2843 2465 ἀν
2873 2413 3048 2481 μέγας
3168 2408 3324 2462 Οῦτω
3360 2407 3453 2460 καὶ
3493 2406 3578 2474 ἐφ’
3618 2403 3799 2473 ἡμῶν·
3837 2402 3932 2455 νῦν

2263 2505 2360 2575 μὲν
2402 2505 2507 2574 γὰρ
2535 2503 2819 2574 πρόκειται
2856 2503 2888 2570 ὴ
2918 2501 3062 2571 ψυχὴ
3099 2499 3324 2568 εὐγενής
3353 2513 3437 2559 τις
3479 2490 3612 2546 οὖσα
3652 2493 3748 2545 καὶ
3777 2491 3929 2543 ἐλευ-

2261 2593 2410 2661 θέρα·
2464 2591 2665 2660 ταύτην
2691 2591 2718 2629 ιι
2754 2590 2810 2642 δὲ
2853 2591 2882 2640 6
2923 2588 3131 2648 ἄσωτος
3163 2585 3460 2639 τύπτεσθαι
3505 2581 3791 2634 ἐκέλευσεν
3827 2580 3932 2630 ὑπὸ

2261 2678 2368 2729 τῶν
2394 2676 2601 2729 παθῶν·
2631 2676 2718 2728 τὸν
2751 2671 2842 2728 οὖν
2871 2675 3059 2727 ἐαυτὸν
3086 2673 3378 2734 τύπτοντα,
3403 2669 3592 2722 τοῦτον
3624 2665 3929 2736 μεγαλόψυ-

2262 2781 2354 2832 χον
2401 2765 2678 2833 φήσομεν;
2727 2760 3010 2832 Οὐδαμῶς.
3067 2759 3275 2813 οὐκοῦν
3333 2757 3590 2827 μάθωμεν
3638 2754 3722 2816 τίς
3763 2753 3863 2823 μὲν
3895 2754 3929 2821 ἡ

2264 2849 2657 2918 μεγαλοψυχία,
2685 2850 2770 2911 τίς
2811 2849 2866 2901 δὲ
2899 2851 2930 2918 ἡ
2966 2847 3203 2911 ἀσωτία,
3237 2845 3318 2907 τίς
3350 2846 3383 2915 ἡ
3413 2842 3698 2911 οἰκονομία
3727 2841 3823 2892 καὶ
3850 2839 3930 2900 τίς

2257 2939 2289 3005 ἡ
2331 2933 2680 3005 μικρολογία,
2701 2937 2783 2997 τίς
2813 2937 2845 3004 ἡ
2874 2934 3143 2986 ἐπιείκεια
3177 2933 3269 2985 καὶ
3299 2931 3579 3001 ἀνανδρία,
3601 2931 3686 2992 τίς
3711 2930 3932 2998 παρρη-

2263 3024 2352 3076 σία
2382 3027 2476 3076 καὶ
2507 3023 2590 3085 τίς
2615 3022 2906 3092 θρασύτης·
2939 3021 3024 3074 ἵνα
3046 3019 3219 3073 ταῦτα
3246 3020 3338 3072 ἀπ’
3365 3017 3611 3086 ἀλλήλων
3637 3015 3930 3078 διελόντες.

2259 3111 2575 3181 δυνηθῶμεν
2611 3111 2917 3178 εὐαρέστως
2948 3110 3024 3179 τῷ
3059 3109 3244 3177 Κυρίῳ
3277 3109 3366 3160 τὸν
3417 3105 3660 3175 παρόντα
3711 3103 3826 3173 βίον
3856 3103 3934 3154 δι-

2262 3203 2510 3266 αγαγεῖν,
2548 3199 2775 3251 καὶτῶν
2819 3197 3119 3267 μελλόντων
3149 3197 3423 3264 ἐπιτυχεῖν
3473 3192 3714 3260 ἀγαθῶν,
3749 3190 3934 3259 χάριτι

2263 3286 2355 3336 καὶ
2403 3284 2782 3355 φιλανθρωπίᾳ
2827 3283 2922 3336 τοῦ
2966 3283 3300 3350 Μονογενοῦς
3341 3280 3541 3344 αὐτοῦ,
3593 3278 3710 3348 μεθ’
3745 3270 3806 3329 o6
3858 3277 3936 3346 τῷ

2263 3373 2438 3442 Πατρὶ
2471 3373 2585 3442 ἃμα
2619 3372 2693 3442 τῷ
2726 3372 2867 3442 ἀγίῳ
2899 3371 3196 3440 Πνεύματι,
3224 3369 3370 3434 δόξα,
3395 3368 3617 3437 κράτος,
3645 3365 3806 3434 τιμὴ,
3840 3363 3934 3415 νῦν

2261 3461 2356 3514 καὶ
2384 3461 2491 3524 ἀεὶ,
2520 3460 2611 3512 καὶ
2638 3462 2716 3523 εἰς
2748 3460 2871 3522 τοὺς
2903 3459 3102 3520 αἰῶνας
3129 3458 3233 3510 τῶν
3264 3456 3494 3511 αἰώνων.
3539 3456 3731 3524 Ἀμήν.

2353 3630 2378 3668 h
2414 3630 2495 3679 Sic
2548 3629 2697 3679 Savil.
2737 3639 2790 3679 et
2829 3636 2931 3678 tres
2979 3643 3128 3689 mss.;
3185 3629 3375 3687 Manlii,
3435 3628 3600 3689 ταύτῃ.
3646 3636 3930 3686 perpcram.
3988 3670 4002 3683 ,

2269 3690 2404 3739 lion.

1966 4002 2207 4054 OMIAIA
2236 4002 2372 4055 MG'.

496 4127 698 4191 Γνοὺς
724 4124 790 4176 δὲ
812 4127 844 4178 ό
875 4123 1131 4185 Παῦλος,
1165 4120 1253 4174 ὅτι
1282 4120 1347 4173 τὸ
1390 4120 1459 4174 ἓν
1508 4121 1688 4191 μέρος
1708 4117 2149 4191 κέστίηΣαδδους

573 4187 771 4247 καίων·
803 4193 868 4246 τὸ
916 4191 984 4244 δὲ
1041 4191 1244 4256 ἕτερον
1300 4187 1654 4257 Φαρισαίων,
1697 4189 1949 4255 ἔκραξεν
1973 4188 2041 4240 έν
2072 4187 2150 4252 τῷ

571 4261 864 4329 συνεδρίῳ
898 4277 912 4291 ·
957 4259 1193 4325 Ἄνδρες
1215 4259 1499 4329 ἀδελφοὶλ
1517 4257 1630 4324 ἐγὼ
1667 4257 1993 4329 Φαρισαῖός
2011 4259 2148 4324 ειμι,

571 4332 698 4396 υίὸς
744 4325 1067 4397 Φαρισαίου
1097 4345 1110 4358 ο
1143 4327 1276 4394 περὶ
1333 4326 1587 4397 ἐλπίδος
1623 4328 1718 4378 καὶ
1763 4325 2152 4397 ἀναστάσεως

570 4395 794 4467 νεκρῶν
831 4395 947 4468 ἐγὼ
983 4396 1503 4468 κρίνομαικΐαῦτα
1525 4395 1595 4468 δὲ
1628 4395 1814 4468 αὐτοῦ
1847 4395 2153 4468 λαλήσαν-

569 4463 689 4533 τος,
711 4463 946 4538 ἐγένετο
963 4463 1188 4538 στάσις
1231 4464 1347 4538 τῶν
1389 4463 1806 4538 Σαδδουκαίων
1848 4466 2149 4538 καὶ-Φαρι-

569 4533 780 4602 σαίων,
811 4537 910 4590 καί
949 4537 1206 4603 ἐσχίσθη
1241 4534 1305 4586 τὸ
1336 4533 1586 4603 πλῆθος.
1629 4533 2016 4603 Σαδδουκαῖοι
2034 4534 2151 4599 μὲν

570 4609 677 4676 γὰρ
697 4601 966 4676 λέγουσι,
997 4601 1081 4672 μὴ
1106 4601 1640 4676 εἷναιᾼάνάστασιν,
1674 4601 1828 4676 μηδὲ
1867 4601 2145 4676 ἄγγελον,

563 4671 711 4743 μήτε
746 4671 979 4744 πνεῦμα
999 4671 1015 4702 ·
1042 4671 1343 4740 Φαρισαῖοι
1371 4671 1438 4723 δὲ
1463 4672 1825 4740 ὁμολογοῦσι
1861 4674 1931 4724 τὰ
1962 4674 2147 4741 ἀμφό-

570 4761 728 4811 τερα.

569 4863 637 4908 α’.
659 4855 825 4908 Πάλιν
843 4854 1193 4925 ἀνθρωπίνως
1219 4855 1544 4922 διαλέγεται,
1563 4854 1656 4906 καὶ
1672 4854 1732 4906 οὐ
1754 4852 2026 4922 πανταχοῦ
2052 4854 2148 4921 τῆς

501 4944 716 5014 χάριτος
746 4941 1028 5003 ἀπολαύει,
1063 4940 1196 4993 ἀλλά
1227 4941 1319 4992 καὶ
1350 4940 1478 5010 παρ’
1513 4939 1706 4992 ἑαυτοῦ
1744 4957 1795 4991 τι
1843 4943 2144 5009 συγχωρεῖ-

498 5048 588 5082 ται
619 5029 894 5098 εἰσφέρειν
919 5044 934 5059 ο
962 5027 989 5079 ὃ
1007 5027 1070 5097 δὴ
1096 5028 1190 5080 καὶ
1239 5029 1402 5089 ποιεῖ,
1447 5027 1540 5078 καὶ
1592 5027 1650 5077 ἐν
1679 5025 1852 5094 τούτῳ
1874 5027 1966 5078 καὶ
1989 5029 2046 5078 ἐν
2071 5027 2147 5096 τῷ

500 5117 636 5187 μετὰ
665 5117 836 5170 ταῦτα
869 5114 1228 5181 ἀπολογεῖται,
1281 5113 1600 5182 βουλόμενος
1648 5114 1828 5182 σχίσαι
1855 5113 1914 5164 τὸ
1947 5113 2145 5183 πλῆθος

492 5205 556 5254 τὸ
587 5203 768 5266 κακῶς
791 5200 1048 5271 ὁμονοοῦν
1075 5201 1191 5253 κατ’
1218 5200 1399 5253 αὐτοῦ.
1432 5202 1537 5253 Καὶ
1554 5200 1612 5252 οὐ
1637 5200 1891 5269 ψεύδεται
1910 5201 2032 5252 οὐδέ
2059 5202 2144 5252 ἐν-

497 5290 690 5354 ταῦθα,
718 5291 1006 5361 Φαρισαῖον
1038 5287 1227 5340 ἐαυτὸν
1256 5287 1422 5354 λέγων
1453 5297 1472 5316 ⁸
1499 5304 1511 5316 ·
1542 5289 1832 5357 Φαρισαῖος
1859 5286 1963 5357 γὰρ
1988 5281 2053 5355 ἦν
2083 5289 2145 5338 ὲκ

499 5377 797 5443 προγόνων.
851 5376 946 5426 Διά
995 5373 1150 5426 τοῦτο
1197 5374 1289 5425 καὶ
1335 5373 1503 5436 οὕτως
1545 5374 1934 5440 ἀπολογεῖται·
1972 5376 2144 5440 Φαρι-

484 5461 667 5526 σαῖος
698 5460 809 5529 ἐγώ
859 5463 991 5528 ειμι,
1028 5461 1155 5525 υίὸς
1211 5461 1554 5526 Φαρισαίου,
1604 5459 1700 5512 καὶ
1736 5460 1864 5527 περὶ
1898 5458 2144 5523 ἐλπίδος

495 5548 594 5600 καὶ
618 5545 1004 5612 ἀντιστάσεως
1033 5545 1260 5612 νεκρῶν
1293 5547 1406 5615 ἐγὼ
1450 5547 1739 5614 κρίνομαι.
1780 5545 1996 5615 Ἐπειδὴ
2035 5547 2142 5615 γάρ

493 5640 689 5689 ἐκεῖνοι
744 5636 843 5688 οὐκ
885 5635 1165 5686 ἐϐούλοντο
1215 5637 1387 5687 εἰπεῖν
1432 5633 1518 5686 διὰ
1552 5634 1602 5686 τί
1642 5634 1915 5703 κρίνουσιν
1957 5634 2137 5696 αὐτὸν,

490 5721 858 5790 ἀναγκάζεται
887 5721 1069 5773 λοιπὸν
1102 5721 1261 5784 αὐτὸς
1300 5721 1549 5784 ἐξειπεῖν.
1585 5720 1885 5788 Φαρισαῖοι
1910 5721 1998 5786 δὲ,
2036 5738 2137 5789 φη-

581 5812 603 5834 ³¹
633 5809 768 5864 “33c,
794 5809 1054 5867 Φαρισαῖον
1079 5809 1240 5856 ἑαυτὸν
1266 5809 1429 5868 λέγων,
1461 5814 1509 5856 el
1536 5808 1673 5864 infra,
1718 5810 1778 5866 μὴ
1807 5811 2133 5869 θεομςιχείψεν,

499 5870 610 5929 εον]
623 5884 688 5918 ιτιι
717 5883 812 5918 non
839 5870 1036 5919 habent.

2259 4120 2363 4182 σὶν,
2401 4119 2765 4188 ὁμολογοῦσι
2792 4119 2862 4170 τὰ
2899 4119 3220 4186 ἀμφότερα.
3277 4117 3387 4169 Καὶ
3440 4117 3547 4187 μὴν
3597 4119 3719 4188 τρία
3747 4122 3868 4174 ἐστί
3913 4137 3928 4152 ·

2259 4206 2372 4269 πῶς
2406 4205 2499 4260 οὐν
2528 4206 2677 4273 λέγει
2709 4206 3057 4273 Ἀμφότερα;
3089 4205 3156 4255 Ἢ
3183 4205 3264 4255 ὅτι
3303 4201 3520 4270 πνεῦμα
3559 4206 3652 4257 καὶ
3694 4206 3932 4274 ἄγγελος

2256 4295 2312 4345 ἓν
2339 4296 2506 4356 ἐστιν,
2533 4293 2565 4362 ἢ
2600 4292 2760 4344 ὅτιού
2796 4292 2954 4360 μόνον
2984 4294 3016 4360 ἡ
3046 4290 3188 4354 λέξις
3218 4291 3344 4361 περὶ
3368 4289 3482 4353 δύο,
3516 4289 3651 4344 ἀλλά
3675 4293 3769 4344 καὶ
3799 4295 3932 4361 περὶ

2259 4380 2431 4448 τριῶν
2464 4379 2822 4450 λαμϐάνεται.
2855 4377 3326 4448 Καταχρηστικῶς
3353 4372 3444 4430 οὖν
3467 4377 3637 4440 οὕτως
3664 4375 3811 4443 εἷπε,
3834 4383 3929 4434 καὶ

2255 4468 2314 4518 οὐ
2339 4466 2687 4536 κυριολογῶν.
2716 4467 2822 4518 Καὶ
2845 4465 2946 4536 δρα
2968 4481 2981 4495 ο
3003 4468 3089 4518 ὅτε
3122 4466 3237 4533 μετ’
3258 4465 3435 4517 αὐτῶν
3461 4465 3615 4533 ἔστη,
3640 4465 3761 4517 τότε
3789 4469 3928 4521 ἀπο·

2255 4553 2536 4621 λογοῦνται
2566 4553 2708 4623 ὑπὲρ
2748 4553 2935 4606 αὐτοῦ.
2994 4552 3261 4619 Ἐγένετο
3301 4551 3433 4620 γὰρ,
3484 4554 3637 4620 φησὶ,
3689 4553 3926 4620 κραυγὴ

2249 4642 2484 4710 μετ-ἀνίη
2513 4657 2524 4667 ·
2555 4643 2650 4695 καὶ
2685 4640 3061 4704 ἀναστάντες
3109 4637 3226 4692 τῶν
3264 4638 3655 4707 γραμματέων
3679 4639 3789 4692 τοῦ
3814 4641 3922 4708 μέ-

2247 4745 2396 4796 ρους
2435 4728 2553 4781 τῶν
2593 4729 2953 4796 Φαρισαίων,
2991 4725 3344 4794 διεμάχοντο
3375 4724 3653 4793 λέγοντες
3677 4741 3692 4756 ’
3728 4726 3927 4779 Οὐδὲν

2255 4817 2442 4868 κακὸν
2480 4816 2838 4884 εὑρίσκομεν
2879 4815 2948 4866 ἐν
3005 4811 3084 4875 τῷ
3136 4811 3422 4878 ἀνθρώπῳ
3476 4811 3683 4877 τούτῳ.
3757 4813 3828 4864 El
3856 4811 3926 4864 δὲ

2254 4903 2486 4971 πνεῦμα
2523 4902 2829 4970 ἐλάλησεν
2851 4899 3010 4963 αὐτῷ
3044 4900 3077 4968 ἢ
3109 4899 3377 4967 ἅγγελος,
3402 4897 3487 4966 μὴ
3509 4897 3922 4967 θεομαχῶμεν.

2255 4991 2363 5042 Καὶ
2383 4990 2469 5043 διὰ
2493 4991 2542 5042 τί
2572 4990 2647 5060 μὴ
2696 4990 2801 5060 πρὸ
2855 4987 3041 5040 τούτου
3091 4987 3230 5055 ὑπὲρ
3281 4985 3442 5037 αὐτοῦ
3473 4986 3919 5053 ἀπελογήσαντος

2255 5075 2376 5127 Ὄτι
2433 5076 2612 5139 αὐτοῖς
2658 5075 2810 5127 οῦπω
2868 5074 3242 5143 ωνεμίγνυτο,
3299 5071 3421 5124 οὐδέ
3473 5071 3629 5141 δῆλον
3659 5066 3746 5141 ἦν,
3791 5074 3924 5142 πρὶν

2254 5162 2669 5232 ἀπολογήσεται,
2733 5164 3020 5231 Φαρισαῖος
3060 5160 3262 5212 ἀνωθεν
3311 5157 3404 5212 ῶν.
3447 5159 3633 5228 Ὁρᾷς,
3690 5159 3820 5210 ὅταν
3852 5160 3923 5212 τὰ

2254 5249 2398 5320 πάθη
2434 5251 2766 5320 ὑποχωρήσῃ
2789 5291 2802 5313 ,
2831 5249 2944 5311 πῶς
2974 5250 3006 5318 ὴ
3035 5247 3260 5317 ἀλήθεια
3285 5246 3628 5315 εὑρίσκεται;
3658 5246 3721 5298 ‘0
3746 5245 3806 5299 δὲ
3835 5247 3924 5298 λέ-

2253 5354 2428 5403 γουσι,
2464 5338 2622 5392 τοῦτό
2642 5340 2773 5390 ἐστι·
2804 5336 2954 5408 [565]
2975 5339 3122 5389 ποῖον
3153 5335 3420 5403 ἔγκλημα,
3443 5335 3489 5385 εί
3511 5333 3736 5401 ἄγγελος
3766 5334 3921 5404 αὐτῷ

2251 5426 2529 5495 ἐλάλησεν,
2563 5428 2610 5477 εί
2652 5424 2887 5494 πνεῦμα,
2925 5424 3019 5477 καὶ
3052 5423 3154 5474 ὑπ’
3189 5422 3351 5474 αὐτοῦ
3393 5420 3743 5490 κατηχηθεὶς,
3771 5419 3920 5476 οὕτω

2251 5514 2315 5565 τὰ
2347 5516 2473 5582 περὶ
2494 5514 2840 5574 ἀναστάσεως
2867 5513 3203 5574 ἐκδιδάσκει;
3231 5510 3437 5563 Οὐκοῦν
3468 5509 3633 5562 αὐτοῦ
3665 5510 3921 5562 ἀποστῶ-

2254 5617 2372 5668 μεν,
2405 5601 2479 5669 μὴ
2513 5600 2660 5668 αὐτῷ
2712 5599 3070 5668 πολεμοῦντες
3123 5598 3215 5650 καὶ
3261 5597 3517 5666 θεομάχοι
3574 5595 3916 5665 εὐρεθῶμεν.

2253 5688 2386 5758 Ὅρα
2410 5686 2642 5748 συνετῶς
2672 5688 2862 5749 αὐτοὺς
2892 5685 3516 5755 ὐπεραπολογουμένους,
3548 5683 3750 5737 καὶτὸν
3771 5685 3923 5737 Παῦε

2246 5775 2334 5826 λον
2363 5775 2617 5843 οὐδεμίαν
2644 5775 2821 5836 αὐτοῖς
2849 5774 3058 5827 διδόντα
3097 5773 3283 5843 λαὸήν.
3311 5771 3556 5836 Πολ-λῆς
3585 5771 3651 5822 δὲ
3674 5771 3922 5839 γενομέ-

2245 5874 2348 5922 νης
2370 5857 2657 5921 στάσεως,
2687 5856 2959 5924 φοϐηθεὶς
2988 5859 3018 5908 ὁ
3042 5853 3464 5924 χι.ιιίιρχος,μὴ
3494 5849 3851 5921 διασπασθῇ
3883 5855 3919 5908 ὀ
