4094 6336
182 413 274 472 357
1144 408 1210 464 IN
1252 409 1425 465 ACTA
1470 404 1988 483 APOSTOLORUM,
2033 406 2257 462 llOlllL.
2307 404 2489 463 XLlX.

252 529 377 597 Quis
398 528 462 583 sit
495 544 615 584 vere
636 528 1006 600 magnanimus.
1025 555 1093 565 —
1110 524 1222 579 Non
1253 540 1383 593 ergo
1406 525 1775 593 magnanimus

180 634 261 678 est
284 620 566 691 prodigus.
585 617 908 688 Quomodo?
933 616 1031 682 Qui
1056 617 1199 670 mille
1222 618 1428 685 capitur
1449 615 1609 669 animi
1632 628 1773 667 mor-

181 713 296 778 bis,
328 711 606 782 quomodo
637 710 813 779 magni
848 707 1007 763 fuerit
1036 708 1241 761 animi?
1286 708 1469 776 Neque
1508 708 1651 761 enim
1685 706 1773 760 ille

179 805 439 873 pecunias
467 811 798 867 contemnet,
830 801 924 856 sed
951 802 1111 855 etiam
1138 801 1256 854 aliis
1278 801 1589 870 subjicietur
1609 798 1771 853 animi

179 895 421 953 morbis:
457 903 515 949 ut
556 895 600 948 si
636 894 757 963 quis
789 893 1085 947 latronibus
1114 908 1301 962 parere
1328 903 1587 963 cogatur.
1636 892 1775 946 liber

180 1004 290 1041 non
321 989 425 1042 erit
450 1005 466 1042 :
498 1000 602 1040 non
632 985 773 1040 enim
794 1000 856 1039 ex
880 984 1182 1039 divitiarum
1203 993 1507 1054 contemptu
1534 982 1590 1037 fit
1609 998 1769 1052 pecu-

181 1079 392 1131 niarum
418 1077 678 1146 profusio,
707 1075 799 1131 sed
820 1076 960 1146 quod
985 1078 1258 1146 ignoretur
1278 1115 1292 1139 ,
1317 1090 1422 1143 quo
1449 1085 1603 1144 pacto
1628 1084 1774 1130 recte

178 1165 605 1235 dispensandum
634 1166 705 1220 sit
732 1184 745 1220 z
782 1181 900 1220 nam
930 1166 975 1219 si
1004 1166 1187 1219 liceret
1212 1174 1267 1219 et
1306 1165 1424 1220 illas
1451 1166 1684 1221 retinere
1720 1174 1775 1221 et

180 1257 285 1309 illis
308 1254 439 1323 frui,
472 1257 523 1311 id
552 1258 732 1327 utique
762 1257 939 1311 vellet.
968 1255 1067 1323 Qui
1096 1272 1242 1320 vero,
1269 1264 1327 1309 ut
1353 1266 1581 1327 oportet,
1613 1272 1775 1327 pecu-

179 1350 294 1401 nias
324 1348 570 1414 insumit,
600 1350 643 1402 is
666 1353 1032 1418 magnanimus
1064 1358 1145 1402 est
1176 1366 1187 1401 :
1230 1363 1453 1418 magnus
1480 1349 1620 1404 enim
1649 1364 1773 1404 vere

177 1448 258 1493 est
306 1439 402 1492 ille
442 1439 692 1502 animus,
727 1438 815 1508 qui
865 1437 1076 1492 aﬂ‘ectui
1116 1455 1222 1492 non
1260 1440 1426 1493 servit
1451 1481 1465 1504 ,
1508 1440 1598 1509 qui
1640 1440 1771 1493 nihil

179 1536 332 1597 putat
368 1541 493 1583 esse
524 1528 799 1597 pecunias.
836 1527 1040 1582 Rursus
1068 1530 1367 1583 weonomia
1402 1531 1599 1584 bonum
1639 1541 1720 1584 est
1757 1550 1768 1583 :

177 1630 573 1675 etmconomus
614 1621 701 1673 ille
744 1620 975 1688 optimus
1003 1619 1162 1674 fuerit
1185 1662 1198 1683 ,
1245 1621 1334 1689 qui
1360 1628 1418 1675 ut
1453 1631 1666 1690 Oportet
1694 1625 1773 1674 iu-

178 1713 340 1767 sumit
361 1754 377 1777 ,
421 1712 512 1782 qui
545 1727 648 1766 non
678 1721 879 1767 temere
909 1713 1128 1782 spargit.
1159 1714 1227 1766 At
1255 1715 1322 1767 de
1357 1714 1679 1783 parcimonia
1721 1724 1774 1769 et

180 1803 473 1857 tenacitate
500 1817 606 1856 nou
638 1802 777 1857 idem
805 1802 1112 1857 dicendum.
1161 1803 1253 1859 llle
1293 1819 1523 1873 namque
1554 1806 1727 1859 omnia
1756 1848 1770 1871 ,

179 1903 231 1945 ut
267 1901 491 1960 oportet
520 1894 740 1946 insumit
765 1910 779 1958 ;
814 1893 899 1947 hic
926 1908 1053 1948 vero
1089 1909 1154 1949 ne
1186 1896 1417 1950 instante
1442 1896 1656 1965 quidem
1682 1912 1774 1951 ne-

177 1984 437 2038 cessitate
481 1985 735 2052 pecunias
765 1983 983 2053 profert.
1019 1985 1362 2041 (Economus
1388 2002 1515 2058 ergo
1559 2004 1775 2059 magna-

179 2075 303 2129 nimi
333 2074 504 2130 fratcr
533 2075 707 2130 fuerit.
733 2076 894 2147 Igitur
913 2078 1069 2132 simul
1095 2094 1354 2148 ponemus
1377 2082 1773 2150 magnanimum

178 2178 230 2223 et
253 2183 640 2235 (nconomum;
671 2171 828 2225 simul
861 2171 1137 2241 prodigum
1164 2182 1215 2226 et
1247 2184 1489 2229 tenacem
1523 2192 1535 2227 :
1564 2176 1773 2243 utrique

177 2260 317 2312 enim
367 2274 439 2314 ex
495 2259 786 2329 pusillitate
822 2262 985 2314 animi
1025 2262 1128 2316 hoc
1168 2266 1480 2332 patiuntur;
1533 2267 1670 2320 sicut
1716 2277 1771 2321 ct

180 2348 250 2401 illi
276 2364 345 2401 ex
376 2350 840 2416 magnanimitate.
869 2350 947 2405 Ne
976 2352 1133 2422 igitur
1160 2355 1560 2423 magnanimum
1588 2358 1774 2427 appel-

180 2439 348 2492 lemus
406 2455 572 2506 eum,
612 2442 703 2511 qui
746 2450 947 2497 temere
990 2444 1280 2513 impendit,
1336 2446 1431 2500 sed
1479 2461 1641 2513 eum,
1683 2450 1772 2518 qui

179 2538 365 2598 erogat
390 2538 450 2583 ut
469 2540 712 2599 oportet;
744 2547 912 2601 neque
935 2548 1275 2589 (nconomum
1295 2537 1535 2592 dicamus
1555 2554 1771 2607 parcum

179 2631 224 2676 et
254 2631 503 2679 tenacem
524 2663 539 2688 ,
569 2625 663 2678 sed
690 2640 835 2691 eum,
868 2629 953 2696 qui
989 2628 1360 2697 intempestive
1384 2632 1622 2700 pecuniis
1643 2648 1769 2704 par-

180 2713 264 2766 cit.
295 2713 511 2779 Quanta
542 2713 694 2771 dives
718 2716 810 2771 ille
837 2718 1139 2786 insumpsit,
1163 2721 1253 2789 qui
1283 2720 1599 2777 induebatur
1634 2740 1774 2793 pur-

182 2819 302 2873 pura
338 2814 397 2860 et
421 2806 630 2876 bysso(
669 2806 895 2862 Luc.16.
929 2808 994 2864 l9
1021 2810 1041 2879 )
1064 2810 1086 2863 ἲ
1112 2810 1217 2866 Sed
1258 2826 1363 2865 non
1406 2822 1522 2867 erat
1547 2830 1770 2885 magna-

179 2898 357 2950 nimus
390 2914 405 2950 :
436 2897 615 2951 anima
661 2913 890 2969 namque
924 2900 1039 2969 ejus
1084 2911 1138 2956 et
1183 2902 1497 2959 crudelitate
1533 2914 1587 2960 et
1628 2907 1771 2963 mille

180 2988 545 3057 voluptatibus
565 2988 933 3056 detinebatur;
961 2991 1075 3046 hare
1095 3002 1270 3048 autem
1291 2996 1560 3063 quomodo
1582 3013 1770 3068 magna

182 3078 377 3133 fuerit?
403 3078 776 3149 Magnanimus
804 3090 921 3136 erat
948 3084 1243 3150 Abraham,
1271 3086 1362 3155 qui
1393 3086 1458 3140 ad
1487 3086 1761 3157 hospitali-

182 3179 343 3225 tatem
380 3174 635 3241 pecunias
662 3173 996 3241 insumebat,
1027 3177 1248 3231 vitulum
1281 3180 1567 3246 mactabat,
1597 3191 1651 3236 et
1682 3183 1769 3237 ubi

180 3277 309 3331 opus
338 3276 458 3319 erat
478 3306 493 3330 ,
520 3280 627 3320 non
658 3266 819 3321 modo
848 3269 1111 3338 pecuniis,
1142 3270 1236 3326 sed
1257 3272 1418 3327 etiam
1441 3275 1633 3327 anima:
1659 3290 1770 3329 suae

182 3370 281 3407 non
310 3355 591 3425 parcebat.
632 3357 688 3413 Si
717 3374 847 3428 ergo
890 3360 1181 3417 viderimus
1220 3366 1526 3434 quempiam
1572 3367 1768 3422 lautam

182 3462 425 3502 mensam
457 3459 837 3519 apponentem,
866 3455 1184 3509 meretrices
1212 3466 1267 3511 et
1291 3459 1552 3526 parasitos
1576 3459 1774 3516 haben-

182 3544 279 3591 tem
301 3578 316 3602 ,
356 3552 423 3591 ne
445 3541 842 3608 magnanimum
872 3542 1021 3596 illum
1048 3558 1333 3608 vocemus,
1362 3548 1455 3602 sed
1481 3550 1769 3613 admodum

181 3629 482 3685 Sordidum.
511 3631 646 3687 Vide
677 3648 937 3703 namque,
973 3648 1101 3706 quot
1124 3641 1323 3694 morbis
1355 3643 1517 3696 animi
1546 3646 1767 3708 serviat,

182 3721 313 3788 gula:
338 3759 357 3785 ,
404 3720 659 3777 absurda:
699 3723 991 3793 voluptati,
1025 3727 1315 3784 adulationi
1350 3748 1361 3783 :
1395 3733 1484 3801 qui
1532 3750 1659 3789 vero
1688 3735 1772 3790 his

3368 412 3472 467 338

1880 519 2124 575 addictus
2166 530 2284 586 est,
2334 532 2391 576 ut
2433 536 2501 576 ne
2545 537 2705 577 unum
2756 522 2971 591 quidem
3010 539 3193 581 eorum
3237 528 3472 600 elfupre

1881 615 2084 682 possit,
2122 614 2394 684 quomodo
2434 616 2555 685 quis
2606 618 3009 686 magnanimum
3053 623 3247 678 vocet?
3292 624 3472 695 itaque

1879 704 2027 758 illum
2078 705 2200 759 hinc
2250 706 2424 775 potius
2451 707 2850 775 pusillanimum
2882 712 3188 767 vocabimus
3226 728 3239 774 ;
3269 725 3471 779 quanto

1881 795 2031 865 plura
2054 798 2194 852 enim
2218 798 2539 867 profuderit,
2564 808 2709 855 tanto
2740 803 2907 871 magis
2948 804 3183 859 ostendit
3224 808 3469 861 vitiorum

1878 888 2091 944 illorum
2136 892 2470 961 tyrannidem
2521 910 2534 944 :
2582 893 2681 947 nisi
2722 895 2865 950 enim
2907 895 2979 949 illi
3028 896 3183 953 valde
3237 899 3474 969 impera-

1878 990 2030 1047 rent,
2061 999 2167 1037 non
2201 992 2343 1038 tanta
2376 986 2688 1041 insumeret.

1950 1074 2287 1147 Eleemosyna
2312 1078 2712 1131 commendatur.
2736 1108 2806 1119 -—
2834 1079 3063 1134 Rursum
3097 1083 3139 1134 si
3180 1082 3473 1139 viderimus

1880 1165 2185 1235 quempiam
2216 1166 2344 1221 nihil
2373 1166 2563 1221 horum
2593 1168 2785 1224 talibus
2815 1182 3126 1240 erogantem
3150 1214 3164 1238 ,
3195 1174 3289 1227 sed
3328 1187 3465 1243 pan-

1878 1270 2034 1325 peres
2073 1267 2416 1326 pascentem,
2455 1272 2653 1328 egenos
2688 1260 3001 1327 juvautem,
3046 1277 3169 1317 cum
3214 1264 3472 1333 frugalem

1878 1345 1980 1400 sibi
2024 1356 2176 1415 paret
2233 1362 2508 1410 mensam,
2557 1348 2698 1403 hunc
2736 1349 3026 1407 admodum
3073 1356 3473 1423 magnanimum

1878 1437 2119 1492 dicamus
2162 1457 2174 1492 :
2220 1440 2397 1508 magni
2446 1440 2645 1509 quippe
2689 1451 2773 1496 est
2802 1444 2963 1497 animi
2996 1460 3147 1501 suam
3195 1446 3478 1516 despicere

1879 1533 2111 1600 quietem
2139 1575 2153 1599 ,
2186 1542 2239 1587 et
2266 1534 2497 1588 alienam
2524 1549 2735 1589 curare.
2768 1536 2863 1591 Dic
2888 1538 3030 1603 enim
3062 1540 3216 1605 mihi,
3245 1543 3289 1593 si
3316 1557 3473 1609 quem

1880 1621 2091 1677 videres
2152 1632 2409 1693 tyrannos
2445 1638 2634 1679 omnes
2674 1625 3099 1696 despicientem,
3152 1630 3473 1701 illorumque

1874 1713 2021 1782 jnssa
2048 1714 2195 1767 nihili
2226 1714 2548 1782 facientem,
2586 1732 2682 1771 eos
2711 1729 2889 1774 autem
2922 1720 3013 1789 qui
3048 1721 3115 1777 ab
3156 1721 3261 1776 illis
3290 1725 3476 1794 oppri-

1880 1818 2097 1862 muntur
2140 1809 2456 1878 eripientem
2510 1827 2525 1866 :
2574 1826 2750 1866 annon
2796 1812 2896 1867 hoc
2930 1829 3180 1883 magnum
3215 1819 3475 1884 putares?

1878 1897 1991 1951 Hoc
2017 1909 2072 1952 et
2099 1900 2184 1953 hic
2210 1901 2526 1968 cogitemus.
2561 1903 2737 1956 Animi
2766 1903 2988 1959 affectus
3014 1915 3068 1961 et
3096 1907 3267 1962 morbi
3294 1916 3475 1978 tyran-

1881 1990 1931 2042 ni
1961 1998 2121 2054 sunt;
2155 1991 2199 2043 si
2226 1990 2343 2043 illos
2371 1990 2800 2060 despexerimus,
2834 1997 3009 2064 magni
3043 1997 3275 2063 erimus;
3308 1999 3352 2052 si
3377 2014 3473 2053 au-

1883 2089 1988 2133 tem
2010 2080 2154 2135 alios
2182 2082 2505 2151 eripiamus,
2544 2083 2703 2154 longe
2744 2085 2978 2155 majores
3010 2105 3023 2141 :
3054 2097 3107 2142 et
3133 2088 3326 2143 merito
3351 2091 3476 2159 qui-

1880 2170 2026 2224 dem.
2060 2156 2208 2225 Nam
2251 2173 2340 2241 qui
2387 2188 2491 2226 non
2520 2174 2683 2229 modo
2713 2176 2814 2230 sibi
2846 2177 3158 2245 sufficiunt,
3188 2180 3281 2234 sed
3312 2156 3473 2234 etiam

1880 2262 2019 2327 aliis,
2054 2262 2287 2331 majores
2313 2273 2440 2318 sunt
2462 2266 2587 2330 illis,
2619 2268 2710 2337 qui
2743 2278 2992 2323 neutrum
3022 2257 3242 2326 faciunt:
3268 2274 3324 2328 Si
3345 2289 3476 2329 vero

1880 2354 2000 2422 quis
2046 2368 2074 2405 a
2118 2363 2345 2425 tyranno
2378 2356 2561 2425 jussus
2598 2373 2664 2412 ex
2706 2360 2933 2414 subditis
2978 2362 3142 2416 alium
3175 2363 3467 2432 verberet,

1880 2447 2041 2500 alium
2076 2448 2281 2512 trahat,
2312 2449 2475 2503 alium
2504 2454 2830 2509 contumelia
2859 2454 3057 2510 officiat
3077 2495 3094 2522 ,
3123 2472 3190 2511 an
3224 2458 3325 2512 hoc
3356 2474 3470 2512 ma-

1880 2538 2119 2605 gnanimi
2160 2554 2283 2594 esse
2308 2540 2588 2595 dicamus?
2616 2543 3038 2615 Haudquaquam
3058 2589 3071 2611 ,
3104 2559 3160 2604 et
3188 2557 3338 2604 tanto
3373 2550 3475 2603 mi-

1882 2643 2014 2695 nus,
2056 2638 2262 2697 quanto
2302 2631 2473 2700 major
2518 2632 2609 2687 ille
2661 2634 2843 2690 fuerit.
2886 2636 2961 2690 lta
3008 2651 3095 2693 res
3134 2640 3185 2692 in
3220 2640 3472 2708 prmscuti

1879 2728 1963 2773 est
2006 2742 2017 2775 :
2068 2734 2211 2773 nunc
2246 2721 2389 2775 enim
2421 2724 2737 2793 proponitur
2755 2726 2932 2781 anima
2963 2728 3159 2783 nobilis
3189 2739 3242 2784 et
3271 2731 3473 2797 libera;

1881 2809 2019 2865 hanc
2068 2813 2327 2883 prodigus
2364 2815 2525 2884 jussit
2576 2817 2779 2886 percuti
2828 2835 2858 2873 a
2903 2822 3081 2889 pravis
3128 2823 3412 2878 affectibus
3459 2843 3473 2878 :

1877 2916 2073 2956 eumne
2094 2904 2184 2972 qui
2210 2905 2445 2974 seipsum
2480 2910 2708 2974 percutit
2733 2950 2748 2975 ,
2778 2915 3175 2980 magnanimum
3197 2914 3437 2970 dicemus
3452 2918 3477 2970 'f

1877 2990 2247 3061 Nequaquam.
2284 2995 2422 3066 Ergo
2446 2996 2715 3054 discamus
2740 3042 2753 3066 ,
2785 3002 2913 3069 quid
2944 3003 3014 3057 sit
3039 3007 3471 3075 magnanimitas,

1879 3082 2007 3151 quid
2050 3085 2431 3154 prodigalitas;
2480 3089 2607 3159 quid
2654 3094 3043 3158 mansuetudo,
3075 3097 3201 3165 quid
3230 3098 3472 3167 ignavia;

1878 3174 2006 3243 quid
2032 3174 2243 3232 dicendi
2270 3177 2526 3247 libertas,
2556 3182 2683 3251 quid
2715 3184 2936 3239 audacia
2974 3206 2988 3239 ἐ
3023 3194 3079 3239 ut
3102 3186 3217 3243 hazc
3248 3189 3391 3245 inter
3416 3209 3477 3248 se

1878 3267 2287 3338 distinguentes,
2308 3286 2576 3342 possrmus
2600 3276 2825 3332 Domino
2854 3278 3125 3347 placentes
3154 3291 3473 3350 praesentem

1878 3362 2039 3414 vitam
2074 3364 2370 3433 transigere
2390 3406 2405 3430 ,
2436 3375 2492 3420 et
2518 3366 2695 3422 futura
2722 3371 2978 3439 consequi
3008 3370 3149 3426 bona
3172 3413 3186 3437 ,
3220 3375 3391 3443 gratia
3419 3385 3474 3429 et

1878 3451 2207 3522 benignitate
2246 3454 2517 3526 Unigeniti
2554 3458 2671 3528 ejus
2696 3502 2711 3526 ,
2746 3461 2960 3529 quicum
2994 3462 3136 3517 Patri
3176 3473 3230 3519 et
3253 3464 3477 3535 Spiritui

1878 3551 2067 3598 sancto
2115 3545 2284 3614 gloria
2308 3587 2321 3610 ,
2360 3546 2642 3616 imperium
2664 3592 2678 3615 ,
2712 3550 2887 3605 honor
2910 3593 2922 3613 .
2958 3569 3099 3609 nunc
3140 3564 3193 3609 et
3224 3571 3469 3627 semper,

1877 3645 1928 3687 et
1958 3635 2009 3688 in
2036 3638 2231 3693 smcula
2263 3639 2606 3695 saeculorum.
2639 3642 2833 3698 Amen.

180 3845 3459 3892 —————————————_______________________

1512 3946 1855 4009 HOMILIA
1901 3950 2138 4013 XLIX.

182 4063 304 4119 Cn.
348 4064 443 4119 25.
493 4078 548 4116 v.
606 4063 661 4118 6.
712 4064 892 4119 Sciens
951 4075 1117 4120 autem
1168 4068 1366 4124 Paulus
1396 4113 1411 4137 ,
1460 4075 1595 4141 quod
1670 4092 1774 4130 una

255 4172 377 4224 pars
425 4164 559 4209 esset
590 4153 1031 4223 Sadduraaorum,
1080 4170 1125 4213 ct
1162 4162 1323 4214 altera
1368 4161 1769 4231 Pharisazorum,

249 4248 554 4301 mlamavit
593 4248 645 4300 in
674 4248 928 4302 concilio:
967 4248 1074 4303 Viri
1115 4252 1319 4319 fratres,
1350 4270 1440 4324 ego
1479 4255 1771 4312 P/tariwus

248 4354 382 4404 um,
407 4337 668 4392 Pharisaei
705 4339 887 4405 ﬁlius;
937 4341 999 4394 de
1032 4357 1120 4410 spe
1148 4352 1193 4396 et
1230 4348 1593 4401 resurrectione
1632 4365 1771 4403 mor-

253 4442 459 4483 tuorum
482 4447 575 4500 ego
611 4431 843 4499 judicor.
887 4432 939 4486 7.
991 4432 1058 4486 Et
1094 4451 1206 4487 cum
1237 4436 1331 4489 hoc
1361 4438 1591 4504 dixisset,
1637 4444 1773 4510 facta

249 4531 321 4574 est
346 4522 595 4575 dissensio
619 4524 749 4575 inter
780 4522 1068 4579 Pltariswos
1091 4535 1134 4579 et
1161 4526 1474 4583 Sadducwos
1492 4539 1537 4583 et
1560 4530 1773 4585 discissa

252 4625 321 4669 est
368 4614 665 4669 multitudo.
695 4615 747 4671 8.
776 4615 1051 4671 Sadducrei
1098 4620 1231 4673 enim
1276 4621 1473 4689 dicunt,
1519 4640 1619 4677 non
1669 4641 1775 4679 esse

254 4706 708 4772 resurrectionem,
764 4724 922 4777 neque
962 4710 1237 4780 angelum,
1287 4729 1445 4781 neque
1492 4716 1773 4784 spiritum:

254 4798 514 4853 Pharisan'
539 4810 712 4853 autem
743 4810 955 4869 utraque
979 4803 1305 4871 conﬁtentur.

258 4891 306 4943 l.
339 4889 576 4944 Rursum
626 4889 861 4945 humano
914 4908 1063 4947 more
1110 4894 1366 4962 disserit,
1419 4914 1518 4952 nec
1557 4914 1775 4970 semper

189 4979 352 5044 gratia
385 4978 583 5033 fruitur
607 4997 622 5044 ;
662 4981 759 5036 sed
782 4983 945 5036 etiam
974 4984 1173 5054 aliquid
1197 5003 1225 5038 a
1251 4990 1430 5058 seipso
1452 4993 1775 5059 permittitur

192 5070 424 5136 afferre;
455 5072 504 5125 id
533 5072 677 5141 quod
710 5088 837 5127 sane
866 5074 989 5129 facit
1015 5094 1029 5128 :
1060 5088 1114 5132 et
1141 5079 1191 5132 in
1224 5078 1327 5135 hoc
1354 5091 1407 5136 et
1438 5083 1487 5136 in
1527 5086 1776 5154 sequenti

194 5161 452 5216 rationem
482 5161 697 5228 reddit,
727 5174 786 5216 ut
825 5167 1031 5221 scindat
1067 5170 1459 5227 multitudinem
1490 5185 1676 5229 contra
1716 5192 1776 5233 se

195 5253 326 5309 male
345 5255 710 5325 conjunctam.
738 5256 919 5327 Neque
949 5263 1224 5328 mentitur,
1248 5279 1367 5319 cum
1398 5281 1456 5320 sc
1484 5266 1614 5321 dicit
1638 5268 1775 5323 Pha-

194 5344 441 5401 rismum:
489 5348 795 5403 Pharistcus
850 5352 991 5405 enim
1033 5364 1147 5408 erat
1206 5372 1273 5411 ex
1322 5360 1773 5428 progenitoribus.

199 5435 313 5492 Ideo
334 5439 408 5493 ita
434 5453 555 5496 sese
602 5441 873 5497 defendit:
898 5442 1195 5501 Pltariswus
1225 5465 1315 5519 ego
1345 5468 1457 5503 sum
1479 5494 1492 5517 ,
1526 5451 1777 5507 Pharisaei

197 5527 351 5593 filius,
380 5539 430 5583 et
460 5530 523 5584 de
547 5548 637 5601 spe
665 5549 726 5585 ac
760 5536 1125 5591 resurrectione
1172 5549 1489 5595 mortuorum
1518 5560 1609 5613 ego
1630 5546 1776 5610 judi-

197 5635 296 5673 cor.
326 5620 463 5690 Quia
492 5624 635 5678 enim
668 5625 740 5678 illi
772 5626 1023 5681 nolebant
1054 5629 1231 5684 dicere
1259 5647 1356 5685 cur
1388 5634 1533 5686 illum
1562 5635 1771 5704 judica-

200 5723 333 5777 rem,
364 5716 576 5785 cogitur
595 5717 707 5787 jam
740 5718 828 5773 ille
867 5718 918 5772 id
954 5722 1253 5776 enuntiare.
1304 5724 1552 5780 Pharisa’i
1583 5739 1772 5793 autent,

203 5803 386 5873 inquit,
416 5817 626 5878 utraque
655 5806 979 5875 conﬁtentur.
1024 5812 1184 5883 Atqui
1224 5817 1321 5870 tria
1347 5828 1497 5872 sunt:
1530 5834 1623 5873 cur
1646 5834 1775 5889 ergo

1878 4078 2007 4133 dicit
2038 4080 2310 4153 Utraque?
2353 4084 2448 4140 Vel
2492 4088 2633 4156 quod
2683 4091 2903 4160 Spiritus
2945 4102 3001 4147 et
3034 4095 3257 4164 angelus
3307 4114 3471 4153 unum

1879 4170 1983 4224 sint
2009 4189 2023 4235 ;
2057 4174 2139 4228 vel
2169 4175 2291 4243 quia
2314 4176 2479 4232 dictio
2524 4180 2609 4233 illa
2643 4196 2749 4236 non
2794 4184 2969 4239 solum
3001 4186 3068 4241 de
3094 4186 3306 4243 duobus
3330 4230 3344 4256 ,
3380 4192 3477 4246 sed

1878 4262 2039 4315 etiam
2066 4262 2134 4317 de
2176 4264 2348 4320 tribus
2390 4269 2675 4337 accipitur.
2720 4272 2902 4341 Itaque
2927 4275 3121 4331 latiore
3144 4293 3243 4333 usu
3279 4288 3334 4333 et
3364 4296 3471 4335 non

1880 4354 2097 4421 prOprie
2138 4356 2218 4410 sic
2243 4356 2495 4427 loquutus
2530 4371 2634 4415 est.
2676 4362 2742 4416 Et
2771 4364 2930 4418 vide:
2960 4368 3178 4435 quando
3220 4384 3344 4424 cum
3369 4372 3474 4425 illis

1879 4441 1999 4508 fuit,
2050 4454 2173 4500 tunc
2209 4448 2326 4517 ejus
2373 4464 2589 4505 causam
2632 4452 3028 4511 defendendam
3073 4462 3392 4529 suscipiunt.
3420 4464 3460 4521 9.

1886 4552 1904 4584 ι
1942 4532 2136 4590 Factus
2163 4547 2264 4600 est,
2299 4539 2492 4609 inquit,
2540 4544 2745 4598 clamor
2783 4561 3047 4616 magnus;
3089 4559 3145 4604 et
3180 4565 3467 4621 snrgentes

1880 4626 2071 4680 scribae
2108 4644 2173 4681 ex
2205 4637 2354 4698 parte
2383 4632 2801 4701 Pharisaeorum,
2834 4640 3173 4708 pugnabant.
3187 4643 3467 4701 dicentes:

1879 4715 2020 4771 Nihil
2054 4720 2179 4773 mali
2213 4718 2528 4777 invenimus
2557 4727 2608 4779 in
2648 4725 2868 4784 homine
2899 4732 3021 4787 hoc.
3051 4732 3205 4801 Quod
3230 4738 3272 4791 si
3309 4740 3473 4807 spiri-

1882 4817 1966 4863 tus
2013 4811 2267 4880 loquutus
2306 4824 2391 4869 est
2438 4817 2487 4871 ei
2545 4820 2625 4872 vel
2681 4822 2944 4890 angelus,
2998 4841 3065 4880 ne
3113 4844 3481 4900 repugnemus

1880 4901 2011 4957 Deo.
2048 4922 2067 4954 ι
2099 4904 2165 4958 Et
2194 4920 2291 4959 cur
2322 4922 2431 4962 non
2467 4911 2697 4966 antehac
2721 4913 2870 4968 illum
2903 4915 3307 4977 defenderunt?
3338 4924 3473 4990 Quia

1882 4992 1987 5046 illis
2009 4994 2248 5050 nondum
2279 5001 2605 5055 commixtus
2634 5012 2770 5071 erat,
2822 5020 3017 5076 neque,
3044 5022 3333 5082 antequam
3358 5032 3479 5072 sese

1881 5083 2209 5153 defenderet,
2248 5099 2432 5144 notum
2465 5101 2581 5147 erat
2604 5094 2779 5163 ipsum
2812 5112 2841 5151 a
2868 5100 3164 5169 majoribus
3193 5119 3314 5161 esse
3338 5108 3476 5163 Pha-

1881 5175 2118 5230 risaaum.
2147 5178 2341 5247 Vides,
2401 5184 2618 5253 quando
2664 5188 2827 5241 animi
2873 5189 3097 5248 allectus
3136 5196 3475 5267 abscedunt,

1881 5269 2151 5336 quomodo
2195 5274 2395 5327 veritas
2438 5278 2780 5345 reperiatur?
2842 5279 2956 5335 Hoc
3006 5299 3132 5338 vero
3172 5288 3474 5358 significant

1883 5359 1957 5413 illi
1990 5360 2177 5428 :Quod
2202 5365 2407 5420 crimen
2431 5408 2446 5431 ,
2478 5369 2521 5421 si
2552 5370 2778 5438 angelus
2800 5371 3055 5440 loquutus
3096 5388 3179 5431 est
3209 5379 3280 5444 ei,
3314 5392 3404 5434 aut
3432 5385 3477 5435 si

1883 5455 2199 5522 spiritus,et
2226 5458 2293 5513 ab
2317 5458 2406 5513 illo
2438 5460 2712 5516 institutus
2740 5464 2818 5518 sic
2845 5464 2911 5520 de
2938 5470 3343 5526 resurrectione
3370 5474 3472 5527 du-

1883 5550 2043 5600 ceat?
2087 5550 2227 5619 Ergo
2268 5552 2621 5609 abscedamus
2645 5556 2853 5623 abillo,
2890 5574 2980 5620 ne,
3031 5562 3074 5616 si
3105 5579 3225 5617 eum
3252 5565 3343 5620 illo
3378 5584 3474 5634 pu-

1884 5655 2130 5708 gnemus,
2151 5645 2311 5698 Deum
2343 5648 2502 5701 etiam
2526 5648 2919 5721 impugnemus.
2938 5639 3071 5709 Vide
3094 5656 3215 5710 illos
3243 5660 3476 5726 pruden-

1886 5740 1965 5784 ter
1992 5733 2357 5791 defensionem
2388 5747 2656 5807 parantes,
2691 5742 2855 5797 Paulo
2897 5745 3096 5799 nullam
3130 5748 3259 5816 ipsis
3281 5767 3471 5807 ansam

1884 5826 2182 5893 praebente.
2214 5831 2295 5886 lO.
2330 5849 2348 5884 ι
2388 5833 2456 5887 At
2482 5850 2604 5890 cum
2635 5850 2823 5906 magna
2852 5841 3119 5896 dissensio
3153 5842 3288 5898 facta
3312 5854 3479 5915 esset,
