4120 6334
684 442 783 495 339

682 562 872 612 tumens
904 556 1160 622 tribunus,
1195 570 1259 609 nc
1289 554 1673 622 discerperetur
1704 550 1892 603 Paulus
1922 548 1987 599 ab
2015 545 2241 614 eis,jns-

682 649 744 701 sit
774 648 1059 702 exercitum
1086 645 1410 699 descendere
1434 662 1444 705 ;
1472 656 1758 711 rapereque
1778 640 1946 707 ipsum
1974 637 2040 691 de
2066 638 2242 690 medio

681 754 861 791 eorum
892 753 953 791 ac
982 737 1251 793 deducere
1274 738 1324 789 in
1355 745 1544 789 castra.
1586 751 1603 783 ι
1634 728 2035 784 Timetdemnm
2071 728 2239 779 tribu-

680 843 799 894 nus,
828 844 892 883 ne
921 828 1273 897 discerpatur,
1305 830 1422 897 quia
1451 827 1735 879 dixeratse
1764 824 2058 877 Romanum
2092 834 2235 873 esse:

681 918 819 973 unde
848 934 951 973 non
987 920 1102 975 sine
1152 918 1384 987 periculo
1424 930 1509 969 res
1538 923 1670 969 erat.
1724 912 1906 967 Viden’
1934 911 2082 963 illum
2119 909 2239 977 jure

681 1011 875 1064 lassum
901 1025 1019 1065 esse
1042 1026 1101 1065 se
1130 1024 1247 1063 esse
1274 1009 1565 1061 Romanum
1588 1008 1610 1059 ’ἰ
1632 1006 1861 1076 alioquin
1893 1020 2062 1074 neque
2098 1018 2240 1056 nunc

679 1112 822 1156 metu
852 1113 1090 1158 retentus
1117 1103 1322 1155 fuisset.
1368 1102 1645 1156 Exercitus
1676 1115 1802 1154 vero
1853 1099 2063 1153 demum
2095 1097 2237 1157 abri-

680 1195 920 1260 piteum.
954 1193 1022 1249 Ut
1064 1203 1241 1247 autem
1286 1193 1530 1246 viderunt
1575 1193 1781 1247 scelesti
1803 1207 1985 1246 onines
2017 1201 2237 1244 conatus

678 1300 803 1339 suos
851 1285 1027 1338 irritos
1066 1299 1206 1349 esse,
1256 1300 1350 1353 per
1392 1299 1451 1339 se
1497 1284 1672 1336 omnia
1718 1284 1908 1335 faciunt
1944 1300 1957 1333 :
1991 1280 2238 1334 volebant

677 1376 889 1442 quidem
927 1386 980 1429 et
1008 1375 1234 1430 antehac
1260 1416 1274 1439 ,
1320 1374 1412 1430 sed
1443 1375 1660 1429 cohibiti
1708 1376 1913 1428 fuerant
1942 1389 1953 1424 :
1982 1374 2049 1426 ita
2079 1387 2231 1425 num-

676 1481 831 1533 quant
860 1467 1096 1521 subsistit
1119 1466 1347 1534 nequitia
1375 1505 1391 1530 ,
1434 1473 1507 1518 tot
1550 1465 1707 1519 rebus
1736 1463 2020 1532 impedita:
2054 1477 2237 1532 quam-

678 1557 755 1609 \is
783 1574 898 1626 qua)
940 1574 1044 1611 non
1086 1558 1385 1626 dispensata
1431 1568 1611 1621 erant,
1646 1565 1699 1609 ut
1732 1564 1784 1609 et
1824 1555 2051 1608 furorem
2080 1554 2235 1607 seda-

676 1656 813 1712 rent,
846 1656 898 1699 et
926 1662 987 1700 ea
1017 1647 1301 1709 discerent,
1332 1660 1424 1714 per
1452 1661 1569 1713 qua:
1610 1645 2009 1713 resipiscerent!
2038 1643 2235 1697 Nihilo-

677 1736 847 1790 minus
869 1738 1084 1790 instant.
1127 1735 1310 1805 Magna
1356 1744 1502 1790 certe
1547 1744 1628 1790 est
1668 1735 1908 1790 defensio
1958 1734 2232 1803 illa,quod

675 1827 852 1893 homo,
883 1844 1041 1897 quem
1075 1844 1196 1882 mox
1221 1814 1538 1897 discerpturi
1568 1837 1737 1892 erant,
1768 1836 1949 1896 raptus
1979 1838 2117 1880 tanta
2144 1842 2234 1894 pe-

672 1917 833 1970 ricula
865 1916 1124 1986 effugerit.
1161 1936 1179 1967 ι
1208 1919 1291 1972 11.
1326 1917 1576 1986 Sequenti
1608 1928 1780 1971 autem
1814 1927 1965 1970 noete
1981 1916 2233 1970 assistens

671 2009 719 2062 ei
743 2009 1014 2075 Dominus,
1039 2010 1148 2063 ait:
1178 2009 1439 2063 Constans
1465 2018 1581 2062 esto
1607 2027 1620 2063 :
1647 2008 1783 2062 sicut
1813 2009 1951 2062 enim
1982 2009 2229 2062 testifica-

676 2105 757 2150 tus
778 2113 835 2151 es
872 2097 939 2152 de
968 2113 1053 2152 me
1092 2098 1141 2150 in
1182 2098 1473 2152 Jerusalem
1495 2139 1509 2163 ,
1542 2097 1617 2151 sic
1642 2108 1691 2151 te
1716 2107 1923 2167 oportet
1953 2108 2008 2152 et
2047 2098 2229 2151 Romae

673 2186 960 2241 testificari.
984 2185 1065 2239 12.
1092 2186 1249 2241 Facta
1280 2197 1455 2241 autem
1483 2188 1569 2243 die
1593 2189 1917 2258 eollegerunt
1938 2206 1995 2244 se
2017 2190 2229 2258 quidam

669 2290 731 2328 ex
758 2274 983 2340 Jndzeis,
1019 2285 1072 2330 et
1098 2276 1426 2331 devoverunt
1450 2293 1507 2332 se
1528 2278 1780 2343 dicentes,
1816 2295 1984 2349 neque
2013 2282 2233 2333 mandu-

671 2376 887 2421 caturos
920 2382 1091 2437 neque
1137 2368 1417 2434 ilibillil‘OS,
1447 2369 1616 2424 donec
1662 2371 2225 2426 occiderentf‘aulutn.

674 2455 760 2508 15.
816 2456 975 2510 Erant
1018 2466 1192 2512 autem
1248 2458 1364 2527 plus
1407 2475 1563 2529 quam
1607 2461 1949 2529 quadraginta
1996 2463 2112 2528 viri,
2142 2464 2228 2529 qui

675 2545 807 2597 hanc
836 2548 1253 2613 eonjurationem
1285 2548 1543 2604 fecerunt.
1579 2551 1913 2605 Devoverunt
1936 2552 2157 2622 seipsos,
2203 2573 2221 2605 ι

672 2636 858 2706 inquit.
888 2638 1074 2693 Viden'
1098 2656 1254 2709 quam
1279 2642 1385 2694 sint
1410 2642 1625 2696 violenti
1656 2652 1708 2697 ct
1735 2644 2019 2699 ulciscendi
2053 2646 2229 2711 cupidi

672 2729 721 2781 in
750 2729 999 2799 nequitia.
1030 2731 1165 2797 Quid
1188 2742 1286 2796 est,
1318 2732 1387 2788 Se
1402 2734 1698 2789 devoverant
1721 2737 1744 2787 ἵ)
1771 2737 1823 2790 ld
1851 2746 1952 2802 est,
1980 2738 2233 2793 Dixerunt

677 2834 734 2873 se
754 2835 871 2875 esse
895 2831 1042 2875 extra
1065 2822 1221 2876 fidem
1251 2824 1300 2877 in
1337 2824 1519 2890 Deum,
1552 2826 1652 2879 nisi
1677 2827 1815 2895 quod
1843 2827 2226 2895 decreverant,

669 2923 851 2965 contra
881 2912 1098 2966 Paulum
1147 2914 1450 2984 implerent.
1496 2916 1636 2986 Ergo
1680 2933 1893 2985 semper
1931 2928 2054 2973 sunt
2103 2936 2229 2975 ana-

683 3001 1004 3055 thematizati
1028 3002 1100 3057 illi
1128 3020 1139 3055 :
1172 3020 1343 3073 neque
1368 3006 1508 3060 enim
1549 3008 1856 3062 occiderunt
1890 3009 2132 3065 Paulum.
2164 3012 2230 3067 Et

668 3090 1011 3160 quadraginta
1039 3092 1196 3146 simul
1217 3097 1556 3149 conveniunt.
1587 3097 1731 3151 Talis
1758 3107 1934 3153 autem
1951 3116 2080 3169 gens
2106 3112 2189 3157 est
2214 3120 2226 3155 :

668 3182 878 3250 quando
906 3183 959 3236 in
993 3183 1188 3237 bonum
1217 3186 1635 3240 conveniendum
1657 3196 1757 3254 est,
1791 3204 1961 3259 neque
1988 3190 2090 3245 duo
2109 3207 2233 3246 con-

668 3281 912 3336 currunt;
946 3273 1155 3341 quando
1174 3284 1351 3328 autem
1384 3277 1434 3328 in
1463 3276 1681 3339 malum,
1716 3280 1940 3347 populus
1974 3288 2134 3338 totus.
2163 3283 2231 3337 Et

674 3364 847 3418 socios
874 3375 1151 3419 assumunt
1200 3367 1358 3422 etiam
1403 3369 1668 3438 principes
1700 3387 1713 3425 :
1742 3370 1862 3425 ideo
1900 3371 1999 3426 hoc
2025 3374 2229 3443 signifi-

668 3469 794 3507 cans
823 3454 971 3508 addit
1005 3457 1136 3510 :14.
1174 3475 1193 3508 ι
1228 3456 1325 3525 Qui
1357 3470 1696 3514 accesserunt
1738 3463 1802 3515 ad
1845 3464 2109 3533 principes
2146 3482 2231 3520 sa-

668 3543 941 3598 cerdotum
973 3554 1026 3599 et
1045 3547 1285 3602 seniores
1308 3590 1322 3613 ,
1346 3558 1399 3602 et
1425 3548 1673 3604 dixerunt
1700 3570 1713 3605 :
1741 3552 2028 3607 Devotione
2059 3555 2228 3610 devo-

670 3637 841 3690 vimus
885 3652 981 3692 nos
1017 3638 1150 3693 nihil
1179 3649 1501 3709 gustaturos,
1542 3642 1712 3697 donec
1763 3645 2065 3700 occidamus
2095 3648 2223 3702 Paue

672 3728 799 3781 lunt.
834 3730 1096 3785 15.Nunc
1142 3746 1268 3802 ergo
1319 3748 1411 3789 vos
1446 3744 1629 3789 notum
1670 3736 1825 3793 facite
1848 3739 2060 3794 tribuno
2106 3757 2226 3795 cum

669 3822 915 3886 concilio,
950 3831 1005 3875 ut
1029 3823 1283 3890 producat
1310 3826 1455 3879 illum
1486 3827 1550 3881 ad
1581 3843 1706 3895 vos,
1741 3840 2004 3899 tamquam
2033 3833 2228 3901 aliquid

671 3909 866 3961 certius
895 3911 1199 3980 cognituros
1246 3913 1312 3967 de
1338 3930 1402 3968 eo
1448 3932 1459 3968 :
1501 3931 1597 3971 nos
1646 3934 1770 3971 vero
1799 3921 2101 3989 priusquam
2133 3938 2228 3991 ap-

673 3999 1005 4067 propinquet,
1032 4004 1200 4070 parati
1229 4020 1411 4059 smnus
1450 4007 1749 4062 interficere
1780 4011 1946 4065 illum.
1980 4013 2062 4066 16.
2096 4013 2227 4067 Cum

671 4090 907 4145 audisset
959 4103 1135 4148 autem
1191 4095 1330 4151 filius
1379 4099 1577 4152 sororis
1632 4100 1775 4155 Pauli
1809 4103 2231 4169 insidias,venit

671 4191 722 4235 et
757 4183 971 4238 intravit
1020 4188 1069 4241 in
1123 4197 1292 4242 castra
1317 4230 1330 4253 ,
1367 4192 1730 4261 nuntiavitque
1776 4194 1957 4248 Paulo.
2010 4198 2095 4251 17.
2130 4198 2229 4251 Vo-

668 4285 797 4325 cans
829 4282 1003 4328 autem
1056 4276 1251 4331 Paulus
1281 4280 1345 4333 ad
1391 4293 1448 4333 se
1483 4298 1643 4335 unum
1698 4298 1761 4338 ex
1807 4288 2225 4353 centurionibus,

668 4360 739 4414 ait
772 4378 786 4414 :
814 4362 1219 4421 Adolescentem
1252 4369 1391 4423 hunc
1423 4373 1618 4439 perduc
1646 4374 1708 4427 ad
1736 4376 2000 4430 tribunum
2028 4397 2039 4431 :
2068 4379 2228 4435 habet

670 4453 809 4507 enim
841 4455 1035 4526 aliquid
1066 4459 1138 4513 illi
1184 4460 1539 4515 indicandum.
1574 4465 1659 4519 18.
1695 4466 1762 4519 Et
1787 4468 1875 4522 ille
1901 4470 2111 4538 quidem
2143 4487 2230 4527 as-

675 4561 888 4600 sumens
908 4563 1050 4615 eum,
1085 4550 1234 4605 duxit
1261 4552 1325 4604 ad
1351 4554 1640 4609 tribunum.
1678 4576 1696 4608 )
1742 4558 1968 4614 Rursum
2002 4561 2226 4617 humana

669 4647 909 4693 servatur
954 4642 1305 4709 providentia.
1337 4644 1402 4698 Et
1432 4645 1585 4700 vide:
1620 4649 1819 4702 nullum
1862 4651 2051 4706 Paulus
2104 4654 2227 4709 sinit

673 4731 769 4783 hoc
798 4732 1002 4787 discere
1022 4774 1036 4799 ,
1068 4749 1243 4803 neque
1286 4736 1652 4792 centurionem
1676 4780 1689 4804 ,
1725 4756 1789 4794 ne
1837 4757 1923 4795 res
1954 4746 2226 4801 manifesta

680 4819 846 4872 lieret.
886 4840 905 4871 ι
938 4822 1004 4875 Ει
1040 4823 1258 4878 veniens
1285 4828 1526 4881 centurio
1556 4830 1817 4883 nuntiavit
1866 4832 2075 4887 tribuno
2097 4877 2110 4898 ,
2144 4836 2226 4889 di-

670 4923 797 4963 cens
829 4928 841 4963 :
876 4911 1093 4967 Vinctus
1144 4914 1336 4969 Paulus
1376 4921 1579 4987 rogavit
1608 4937 1693 4976 me
1727 4923 1863 4978 hunc
1912 4925 2225 4981 adolescen-

671 5012 776 5056 tem
811 5004 1105 5072 perducere
1133 5007 1197 5061 ad
1244 5017 1314 5074 te,
1368 5009 1649 5064 habentem
1690 5015 1883 5082 aliquid
1911 5016 2053 5085 loqui
2109 5020 2219 5073 tibi.

672 5092 755 5147 19.
780 5094 1195 5162 Apprchendens
1225 5109 1399 5153 autem
1430 5100 1670 5155 tribunus
1702 5120 1909 5157 manum
1940 5108 2101 5174 illius,
2135 5126 2222 5164 sc-

668 5185 825 5237 cessit
868 5199 988 5239 cum
1015 5202 1079 5241 eo
1106 5204 1345 5243 seorsum
1369 5232 1381 5253 ,
1414 5202 1467 5245 et
1493 5192 1834 5263 interrogavit
1882 5213 2000 5251 eum
2036 5217 2048 5252 :
2086 5202 2223 5268 Quid

668 5287 777 5338 est,
808 5278 949 5345 quod
1000 5279 1163 5334 habes
1202 5281 1535 5337 indicandum
1587 5286 1754 5340 mihi?
1779 5287 1866 5341 ΞΟ.
1921 5290 2009 5345 Ille
2045 5302 2221 5347 autem

670 5366 829 5418 dixit:
864 5367 1027 5422 Judaei
1070 5373 1440 5440 conSpirarunt
1472 5384 1526 5429 ut
1573 5388 1822 5447 rogarent
1864 5390 1939 5447 te,
1992 5392 2049 5436 ut
2101 5400 2220 5438 era-

669 5456 805 5509 stina
835 5458 918 5512 die
948 5462 1205 5529 producas
1249 5466 1467 5521 Paulum
1514 5469 1563 5522 in
1593 5472 1873 5527 concilium
1898 5516 1909 5536 ,
1947 5478 2093 5544 quasi
2121 5480 2219 5533 ali-

666 5550 788 5617 quid
817 5556 1107 5609 accuratius
1136 5558 1448 5612 sciscitaturi
1478 5561 1543 5613 ab
1593 5562 1703 5615 illo.
1753 5564 1840 5619 2|.
1872 5566 1948 5620 Tu
1990 5583 2116 5624 vero
2153 5586 2220 5626 ne

666 5654 867 5693 morem
915 5646 1140 5711 gesseris
1184 5646 1284 5701 illis
1319 5666 1329 5701 :
1364 5650 1677 5705 insidiantur
1714 5656 1853 5708 enim
1900 5672 1965 5711 ex
2015 5660 2077 5713 iis
2122 5663 2218 5716 viri

663 5729 840 5796 plures
885 5734 1261 5803 quadraginta,
1313 5742 1397 5808 qui
1445 5743 1647 5810 seipsos
1699 5745 2057 5816 devoverunt,
2114 5770 2215 5809 non

668 5822 985 5880 manducare
1025 5827 1105 5882 vel
1140 5829 1350 5898 bibere,
1403 5834 1569 5892 donec
1615 5838 1930 5897 interﬁciant
1972 5860 2127 5901 eum:
2164 5859 2215 5902 et

1377 440 1427 493 S.
1470 435 1739 494 JOANNSS
1775 431 2237 489 Clll‘tYSOSTOBll
2280 430 2587 486 ARCHIEP.
2631 430 3154 486 CONSTANTINOP.

3821 436 3920 490 510

2356 559 2491 596 nunc
2533 544 2694 612 prrati
2724 552 2845 596 sunt
2877 551 3247 611 exspectantes
3277 544 3589 612 promissum
3624 554 3792 601 tuum.
3828 548 3916 602 2‘2.

2356 638 2622 689 Tribunus
2670 636 2827 705 igitur
2870 638 3069 691 dimisit
3114 636 3542 703 adolescentem,
3576 639 3916 709 pnecipiens.

2350 727 2554 781 Nemini
2578 727 2795 792 dixeris,
2829 730 2967 796 quod
3002 729 3111 783 haec
3138 729 3201 783 ad
3236 745 3318 783 me
3348 730 3608 784 retuleris.
3648 752 3665 782 ι

2417 817 2469 869 2.
2514 817 2653 872 Bene
2687 819 2927 871 tribunus
2974 821 3123 887 jubet
3152 821 3427 886 occultari,
3475 837 3541 876 ne
3596 822 3679 876 cui
3729 832 3916 877 notum

2350 908 2457 960 fiat.
2522 908 2584 961 Et
2642 918 2764 962 tunc
2814 908 2942 963 dicit
2998 913 3437 976 centurionibus,
3489 914 3612 981 quid
3669 924 3918 984 oporteat

2352 998 2494 1062 ﬁeri;
2527 1008 2578 1052 et
2620 999 2843 1053 mittitur
2885 998 3182 1054 Czesarcam
3210 1042 3223 1065 ,
3253 1011 3309 1054 ut
3347 1002 3455 1055 illic
3482 1003 3692 1058 theatro
3722 1006 3772 1058 in
3806 1022 3919 1059 ma—

2342 1088 2460 1158 jore
2522 1090 2780 1155 disserat,
2822 1101 2872 1144 et
2927 1093 2977 1144 in
3025 1092 3324 1175 frequentia
3379 1095 3739 1163 Splendidiore
3788 1117 3800 1151 :
3849 1117 3916 1153 ne

2346 1192 2563 1250 possent
2590 1172 2767 1237 dicere
2791 1183 2957 1238 Judaei
2984 1201 2996 1235 :
3029 1184 3081 1240 Si
3110 1172 3420 1240 vidissemus
3448 1186 3702 1252 Paulum,
3736 1191 3917 1245 credi-

2345 1271 2627 1337 dissemus,
2678 1275 2721 1328 si
2753 1274 3085 1329 audissemus
3128 1276 3427 1331 docentem.
3488 1278 3611 1333 llmc
3656 1296 3784 1350 ergo
3815 1282 3920 1337 illis

2343 1365 2615 1417 excusatio
2645 1365 2845 1419 sublata
2879 1375 2981 1421 est.
3037 1364 3103 1418 Et
3148 1367 3377 1445 adstans,
3427 1371 3615 1439 inquit,
3668 1371 3919 1427 Dominus

2343 1453 2471 1505 dixit
2497 1454 2540 1505 ei
2564 1471 2582 1507 :
2615 1452 2862 1508 Constans
2884 1465 2988 1509 esto
3011 1472 3030 1519 ;
3070 1457 3199 1509 sicut
3230 1459 3361 1510 enim
3386 1462 3683 1527 testiﬁcatus
3720 1480 3771 1515 es
3793 1464 3920 1516 nti/tt

2350 1544 2401 1597 in
2426 1544 2735 1610 Jerusalem,
2783 1547 2851 1599 ita
2898 1556 3089 1615 oportet
3140 1559 3187 1602 te
3238 1550 3385 1602 etiam
3408 1550 3584 1604 Roma:
3631 1554 3914 1619 testiﬁcari.

2344 1633 2494 1699 Vide,
2527 1635 2683 1689 etiam
2735 1645 3009 1704 postquam
3054 1640 3296 1707 apparuit
3339 1641 3406 1705 ei,
3458 1641 3648 1695 iterum
3693 1644 3919 1712 permit-

2347 1724 2409 1777 tit
2434 1739 2555 1779 eum
2603 1725 2835 1781 humano
2875 1742 3024 1781 more
3063 1731 3284 1783 servari.
3318 1730 3384 1784 Et
3410 1731 3528 1799 jure
3563 1733 3783 1787 Paulum
3824 1736 3907 1789 ad-

2340 1817 2613 1882 miremur,
2648 1820 2919 1886 quomodo
2946 1835 3046 1874 non
3073 1821 3314 1875 tttrbatus
3344 1824 3496 1877 fuerit
3518 1866 3531 1888 ,
3563 1840 3736 1892 neque
3759 1825 3915 1882 dixe-

2339 1906 2407 1959 rit
2441 1925 2452 1959 :
2484 1906 2618 1972 Quid
2662 1910 2763 1961 hoc
2803 1908 2927 1961 est?
2965 1924 3088 1962 num
3135 1909 3390 1980 deceptus
3432 1929 3550 1966 sum
3594 1929 3621 1965 a
3653 1915 3918 1969 Christo?

2338 1995 2440 2051 Sed
2466 1998 2590 2051 nihil
2621 1999 2917 2068 hujusmodi
2945 2002 3233 2071 cogitavit,
3265 2005 3345 2057 vel
3376 2006 3569 2059 accidit
3600 2006 3674 2073 ei,
3706 2008 3799 2061 sed
3829 2023 3917 2062 so-

2337 2087 2443 2140 lum
2471 2089 2737 2154 credidit;
2780 2106 2953 2161 neque
2996 2102 3169 2147 tamen
3198 2094 3319 2163 quia
3347 2096 3605 2163 credidit,
3656 2100 3915 2152 dormita-

2337 2178 2433 2242 vit,
2464 2179 2556 2232 sed
2586 2196 2701 2249 qua:
2734 2180 2962 2234 humana
3002 2185 3262 2251 sapientia
3318 2186 3580 2254 provideri
3627 2198 3910 2256 poterant,

2338 2282 2441 2320 nou
2473 2270 2829 2337 prmtermisit.
2862 2271 2927 2324 Et
2954 2274 3241 2341 perpende,
3287 2276 3550 2344 quomodo
3574 2278 3646 2330 illi
3670 2280 3911 2333 necessi-

2340 2366 2496 2410 ttem
2520 2358 2799 2427 quamdam
2824 2360 2921 2413 sibi
2951 2361 3318 2429 imposuerint,
3362 2380 3481 2418 eum
3524 2381 3642 2420 sese
3671 2366 3911 2422 devove—

2338 2456 2476 2499 runt.
2510 2448 2644 2503 Ecce
2667 2448 2927 2518 jejunium
2961 2452 3231 2507 homicidii
3272 2466 3457 2510 mater.
3493 2457 3639 2511 Sicut
3668 2458 3913 2513 Herodes

2338 2553 2430 2606 per
2456 2538 2816 2606 juramentum
2877 2542 3249 2598 necessitatem
3277 2544 3377 2599 sibi
3431 2546 3709 2617 imposuit,
3757 2550 3835 2603 sic
3858 2559 3913 2604 et

2337 2628 2441 2682 ini.
2467 2629 2624 2683 Tales
2646 2631 2789 2684 enim
2817 2640 2942 2685 sunt
2969 2632 3168 2688 diaboli
3200 2636 3427 2691 venandi
3471 2646 3649 2704 artes;
3694 2641 3912 2708 pietatis

2338 2722 2584 2776 nimirum
2607 2724 2784 2792 specie
2810 2724 3026 2793 laqueos
3070 2727 3256 2782 tendit.
3304 2729 3461 2799 Atqui
3498 2732 3734 2799 oportuit
3758 2748 3912 2786 accc-

2337 2811 2483 2880 dere,
2511 2813 2752 2869 incusare
2774 2857 2787 2879 ,
2820 2816 3029 2885 judices
3080 2830 3309 2889 cogere:
3345 2820 3458 2876 lucc
3484 2822 3625 2876 enim
3652 2837 3757 2875 non
3785 2832 3910 2877 sunt

2336 2902 2692 2969 sacerdotum,
2720 2905 2813 2959 sed
2847 2906 3108 2961 latronum
3138 2924 3151 2973 ;
3186 2910 3299 2964 haec
3328 2926 3430 2964 non
3466 2912 3784 2983 principum,
3811 2914 3907 2967 sed

2337 2991 2775 3049 facinorosorum.
2804 2996 2867 3049 Et
2889 2996 3007 3052 vide
3038 2999 3326 3068 nequitiam
3352 3001 3621 3072 ingentem
3646 3021 3658 3055 :
3682 3020 3786 3059 non
3819 3020 3910 3059 sa-

2339 3083 2403 3137 tis
2430 3085 2641 3150 habent,
2666 3086 2807 3156 quod
2831 3102 2949 3144 sese
2976 3100 3158 3144 mutuo
3203 3103 3571 3163 corrumpant,
3614 3095 3707 3149 sed
3740 3099 3903 3151 etiam

2337 3176 2623 3245 principem
2654 3195 2753 3231 una
2782 3195 3128 3250 corrumpere
3159 3191 3449 3254 satagunt:
3476 3185 3700 3255 ideoque
3730 3190 3911 3256 provi-

2337 3280 2453 3319 sum
2481 3278 2582 3333 est,
2618 3277 2674 3323 ut
2696 3270 2783 3324 ille
2806 3273 2962 3325 etiam
2994 3272 3226 3328 disceret
3266 3275 3503 3343 ipsorum
3530 3278 3769 3333 insidias.
3798 3282 3907 3350 Ipsi

2338 3375 2464 3414 vero
2490 3377 2595 3414 non
2644 3364 2817 3417 solum
2839 3379 2903 3419 ex
2947 3381 3031 3432 eo,
3082 3367 3220 3435 quod
3250 3369 3695 3425 nihil‘dicendum
3744 3372 3912 3429 habe-
3975 3404 3985 3411 -

2337 3463 2473 3518 rent,
2507 3454 2599 3509 sed
2631 3457 2787 3510 etiam
2810 3474 2873 3512 ex
2903 3474 2987 3525 eo,
3022 3460 3163 3529 quod
3186 3462 3319 3515 clam
3344 3464 3675 3530 molirentur,
3708 3481 3908 3536 argue-

2336 3556 2459 3601 runt
2485 3562 2543 3601 se
2570 3549 2720 3601 nihili
2752 3565 2891 3605 esse.
2925 3551 3225 3609 Verisimile
3253 3564 3429 3610 autem
3474 3566 3555 3612 est
3586 3557 3726 3623 illos,
3760 3567 3909 3628 post-

2338 3653 2499 3706 quam
2530 3639 2727 3695 Paulus
2779 3642 3093 3698 amandatus
3133 3653 3252 3711 est,
3304 3660 3544 3703 summos
3598 3650 3910 3707 sacerdotes

2335 3728 2548 3795 adiisse,
2597 3738 2650 3784 et
2696 3746 2755 3786 re
2802 3730 2997 3786 infecta
3047 3735 3248 3802 pudore
3290 3735 3519 3791 suffusos
3559 3740 3904 3796 abscessisse.

2334 3817 2463 3873 Jure
2508 3829 2685 3873 autem
2739 3820 2841 3875 hoc
2888 3822 3011 3875 facit
3061 3825 3342 3878 tribunus:
3377 3828 3591 3882 nolebat
3637 3829 3778 3883 enim
3822 3847 3903 3887 ve.

2333 3910 2618 3978 gratiﬁcari
2651 3912 2733 3965 vel
2764 3927 3019 3969 annuere.
3062 3914 3123 3968 Et
3151 3917 3436 3985 quomodo,
3472 3920 3709 3988 inquies,
3734 3922 3907 3977 credi-

2334 3998 2412 4053 dit
2438 4014 2557 4054 vera
2582 4016 2721 4067 esse,
2755 4020 2873 4073 quze
2901 4005 2966 4057 ab
2991 4005 3335 4063 adolescente
3378 4012 3799 4066 nuntiabantur?
3829 4016 3909 4070 Ex

2336 4090 2420 4155 iis,
2449 4106 2566 4161 qua:
2588 4092 2695 4161 jam
2727 4108 3037 4163 evenerant,
3066 4099 3423 4167 conjectabat,
3452 4105 3573 4171 quia
3598 4113 3651 4158 et
3675 4105 3776 4160 hoc
3799 4106 3908 4163 fac-

2339 4192 2487 4238 turos
2514 4184 2634 4239 illos
2652 4200 2770 4240 esse
2809 4189 3099 4244 verisimile
3142 4200 3275 4244 erat.
3303 4193 3366 4247 Et
3402 4194 3520 4249 vide
3572 4199 3862 4266 nequitiam
3894 4220 3906 4256 :

2333 4278 2481 4343 quasi
2530 4282 2900 4334 necessitatem
2956 4282 3176 4337 summis
3203 4286 3907 4347 sacerdotibusintulerunt.

2339 4368 2400 4420 Et
2432 4383 2497 4422 ne
2528 4368 2738 4423 mireris
2766 4387 2778 4421 :
2816 4386 2935 4424 nam
2965 4373 3007 4426 si
3036 4381 3233 4427 tantum
3263 4375 3313 4428 in
3344 4391 3402 4429 se
3424 4392 3775 4447 susceperunt
3804 4382 3904 4449 illi,

2336 4466 2386 4511 et
2416 4473 2574 4514 omne
2617 4461 2907 4527 periculum
2965 4473 3339 4532 acceptaruut,
3373 4468 3539 4522 ntulto
3591 4472 3759 4540 magis
3787 4470 3908 4527 illos

2339 4550 2565 4617 idipsum
2588 4550 2819 4607 facturos
2848 4568 2967 4609 esse
3010 4557 3303 4612 verisimile
3323 4568 3459 4614 erat.
3512 4561 3718 4629 Viden',
3762 4579 3905 4633 quo-

2334 4639 2493 4693 modo
2534 4650 2876 4697 externorum
2920 4647 3182 4702 sententia
3228 4649 3485 4705 innocens
3526 4662 3640 4707 erat
3682 4654 3903 4722 Paulus,

2337 4741 2392 4784 ut
2419 4742 2473 4786 et
2498 4731 2744 4788 Christus
2782 4736 2919 4803 apud
2953 4737 3218 4792 Pilatum?
3265 4739 3367 4795 Sed
3386 4742 3505 4796 vide
3553 4744 3843 4815 nequitiam
3875 4763 3903 4801 ει

2334 4825 2505 4892 selpsa
2546 4836 2895 4895 expugnatam
2924 4846 2936 4880 :
2966 4845 3085 4883 nam
3114 4831 3443 4888 tradiderunt
3469 4834 3637 4902 illum,
3668 4846 3721 4892 ut
3743 4838 3882 4892 dam-

2336 4928 2522 4973 narent
2569 4921 3019 4992 occiderentque:
3062 4934 3115 4977 et
3162 4928 3487 4980 contrarium
3528 4931 3734 4995 evenit;
3786 4932 3901 4999 ipse

2334 5023 2558 5078 namque
2599 5011 2773 5066 salvus
2821 5012 3013 5073 evadit,
3054 5023 3108 5068 et
3152 5015 3404 5071 innocens
3447 5019 3728 5088 reperitur.
3784 5020 3903 5077 Nisi

2333 5100 2471 5152 enim
2522 5101 2590 5154 ita
2636 5102 2952 5166 accidisset,
2986 5102 3284 5174 discerptus
3326 5106 3618 5163 fuisset:si
3659 5125 3761 5165 non
3800 5111 3900 5180 ita,

2334 5191 2576 5257 periisset
2604 5202 2657 5245 et
2680 5193 2962 5247 damnatus
3014 5195 3217 5250 fuisset.
3267 5197 3383 5253 Non
3424 5200 3592 5254 solum
3624 5211 3799 5257 autem
3831 5204 3904 5259 ab

2331 5280 2431 5335 hoc
2459 5282 2656 5351 impetu
2679 5284 2868 5337 liberat
2893 5286 3060 5353 ipsum
3088 5288 3357 5355 tribunus;
3388 5291 3479 5345 sed
3512 5293 3671 5347 etiam
3697 5294 3851 5362 juvat
3879 5337 3895 5361 ,

2331 5383 2387 5427 ut
2430 5376 2543 5429 sine
2567 5376 2803 5443 periculo
2854 5392 2971 5431 cum
3016 5388 3156 5433 tanta
3199 5382 3423 5435 militum
3467 5394 3636 5439 turma
3680 5386 3895 5442 evadat.

2330 5464 2397 5518 Et
2421 5466 2705 5534 quomodo,
2736 5468 2857 5521 andi
2894 5470 3205 5540 :subjongit
3249 5472 3391 5526 enim
3419 5473 3519 5529 :25
3554 5493 3571 5525 ι
3611 5476 3677 5530 Et
3704 5492 3898 5532 accer-

2329 5557 2443 5610 sitis
2474 5558 2681 5611 duobus
2707 5559 3017 5627 quibusdam
3061 5565 3460 5620 centurionibus
3484 5609 3499 5633 ,
3528 5567 3663 5623 dixit
3698 5590 3709 5623 :
3744 5570 3903 5626 Phe-

2328 5660 2511 5716 parate
2564 5650 2690 5703 mihi
2764 5652 2956 5707 milites
3009 5654 3299 5719 ducentos,
3363 5666 3417 5711 ut
3486 5660 3904 5728 proficiscantur

2328 5740 2619 5794 Caesaream
2647 5782 2659 5804 ,
2693 5751 2743 5795 et
2775 5744 2977 5811 equites
3005 5748 3354 5815 septuaginta,
3389 5758 3441 5803 et
3466 5749 3763 5806 lancearios
3789 5752 3897 5808 du-

2329 5842 2532 5897 centos,
2565 5848 2593 5886 a
2629 5834 2775 5887 tertia
2803 5834 2929 5889 hora
2962 5836 3129 5892 noctis
3162 5857 3171 5890 :
3212 5838 3298 5894 21.
3328 5850 3373 5896 cl
3404 5841 3645 5911 jumenta
3676 5860 3895 5916 pracpa-
