4094 6336
166 400 268 458 530

164 518 403 584 Παῦλος
427 517 531 572 ὑπ’
556 518 776 583 αὐτῶν,
801 519 1085 574 ἐκέλευσε
1114 516 1180 570 τὸ
1203 516 1544 585 στράτευμα
1573 515 1839 568 καταϐὰν

159 606 427 671 ἁρπάσαι
486 605 677 659 αὐτόν
728 606 795 659 ἐκ
842 602 1038 674 μέσου
1093 603 1312 670 αὐτῶν,
1362 603 1609 673 ἀγαγεῖν
1646 618 1713 655 τε
1745 603 1832 667 είς

160 687 272 757 τὴν
298 681 716 761 παρεμϐολήν.
768 692 1015 745 Φοϐεῖται
1070 690 1254 744 λοιπὸν
1317 692 1345 744 6
1406 690 1706 760 χιλίαρχος,
1760 688 1835 759 μὴ

157 778 493 850 διασπασθῇ,
538 780 726 851 ἐπειδὴ
746 776 918 844 εἶπεν,
942 780 1025 833 ὅτι
1064 780 1330 849 Ῥωμαῖός
1364 779 1511 831 ἐστιν
1541 794 1553 807 ⁸
1585 778 1708 830 ὅθεν
1742 778 1837 830 καὶ

158 864 255 916 οὐκ
285 865 577 919 ἀκίνδυνον
615 862 683 937 ἦν
720 866 779 919 τὸ
805 868 1055 936 πρᾶγμα.
1102 866 1287 936 Ὁρᾷς,
1317 865 1398 917 ὅτι
1428 864 1651 926 δικαίως
1686 863 1835 932 ὠμο-

160 951 389 1019 ὶόγησεν
445 954 635 1007 ἐαυτὸν
669 956 937 1024 Ῥωμαῖον
988 949 1157 1021 είναι;
1208 949 1245 1023 ἦ
1292 952 1400 1024 γὰρ
1446 952 1514 1006 ἂν
1569 951 1689 1004 οὐδὲ
1742 949 1837 1002 νῦν

160 1038 430 1108 ἐφοϐήθη.
459 1040 568 1094 Kal
595 1040 657 1093 τὸ
687 1040 788 1110 μέν
814 1040 1130 1112 στράτευμα
1157 1041 1343 1094 λοιπὸν
1369 1038 1610 1109 ἁρπάζει
1652 1037 1832 1092 αὐτόν.

173 1123 256 1188 Ὠς
289 1125 347 1177 δὲ
372 1122 519 1180 εἶδον
563 1127 614 1180 οἱ
664 1129 849 1198 μιαροὶ
902 1128 1080 1182 πάντα
1133 1129 1392 1199 ἀνήνυτα,
1438 1126 1517 1179 δι’
1540 1124 1748 1179 ἐαυτῶν
1776 1125 1838 1178 τὸ

163 1218 267 1267 πᾶν
303 1218 546 1279 ποιοῦσι,
574 1215 930 1286 βουληθέντες
968 1217 1067 1286 μὲν
1126 1216 1220 1270 καὶ
1275 1216 1383 1287 πρὸ
1410 1213 1624 1279 τούτου,
1658 1214 1836 1267 κωλυ-

164 1302 346 1368 θέντες
370 1304 431 1357 δέ
465 1321 477 1333 ⁸
510 1303 685 1366 οὕτως
741 1304 978 1375 οὐδαμοῦ
1035 1305 1250 1357 ἵσταται
1278 1305 1311 1374 ή
1342 1303 1510 1357 κακία
1560 1303 1838 1363 τοσούτοις

165 1390 549 1463 ἐγκοπτομένη
578 1408 590 1421 ⁸
629 1390 803 1444 καίτοι
855 1392 996 1444 πόσα
1046 1390 1392 1461 ᾠκονομήθη,
1451 1388 1591 1443 ὥστε
1626 1387 1838 1443 καὶτοῦ

164 1477 335 1548 θυμοῦ
369 1476 714 1546 καθυφεῖναι,
762 1479 855 1532 καὶ
888 1478 1080 1549 μαθεῖν
1124 1478 1203 1531 δι’
1241 1470 1315 1531 ὧν
1346 1476 1598 1530 ἐδύναντο
1620 1476 1841 1543 ἀνενεγ-

164 1568 296 1619 κεῖν.
341 1564 488 1618 Ἀλλ’
507 1566 661 1620 οὐδὲν
684 1560 846 1638 ἦττον
889 1566 1231 1634 ἐφίστανται.
1276 1564 1455 1635 Ἱκανὴ
1495 1562 1625 1633 γοῦν
1654 1562 1837 1632 ἐκείνη

165 1655 194 1723 ἡ
222 1654 517 1722 ἀπολογία,
549 1654 611 1707 τὸ
641 1653 904 1724 μέλλοντα
928 1651 1261 1706 διασπᾶσθαι
1300 1650 1391 1711 τὸν
1423 1649 1709 1721 ἄνθρωπον
1736 1650 1836 1718 ἀρ-

167 1744 463 1809 πάζεσθαι,
494 1745 588 1797 καὶ
625 1743 911 1808 τοσούτους
948 1754 969 1775 ⁸
1000 1744 1276 1806 κινδύνους
1297 1742 1579 1812 διαφυγεῖν
1616 1756 1630 1771 ⁸
1670 1740 1749 1809 Τῇ
1773 1739 1840 1793 δὲ

166 1832 423 1898 ἐπιούσῃ
455 1832 624 1886 νυκτί
648 1833 899 1898 ἐπιστὰς
920 1832 1079 1897 αὐτῷ
1104 1834 1137 1886 ό
1160 1832 1389 1900 Κύριος,
1414 1826 1564 1885 εἷπε·
1592 1829 1807 1898 Θάρσει
1825 1846 1837 1857 ⁸

165 1917 242 1983 ὡς
276 1917 391 1985 τὰρ
441 1918 805 1987 διεμαρτύρω
837 1920 911 1973 τὰ
952 1919 1087 1986 περί
1114 1918 1262 1987 ἐμοῦ
1295 1922 1382 1983 είς
1420 1916 1838 1987 Ἰερουσαλὴμ,

168 2005 318 2058 οὕτω
341 2020 420 2058 σε
451 2004 545 2059 δεῖ
592 2006 689 2061 καί
724 2009 808 2071 είς
848 2007 1080 2076 Ῥώμην
1122 2006 1522 2076 μαρτυρῆσαι.
1580 2004 1841 2073 Γενομέ-

168 2110 275 2160 νης
304 2093 371 2145 δέ
403 2091 653 2161 ἡμέρας,
682 2093 1046 2159 ποιήσαντες
1079 2096 1133 2147 οί
1169 2093 1433 2147 Ἰουδαῖοι
1459 2092 1841 2162 συστροφὴν,

170 2177 615 2247 ἀνεθεμάτισαν
644 2180 896 2246 ἑαυτοὺς
923 2180 1009 2249 μὴ
1057 2180 1273 2249 φαγεῖν
1308 2180 1465 2250 μηδὲ
1502 2179 1661 2234 πιεῖν
1682 2222 1696 2245 ,
1733 2180 1846 2246 ἕως

168 2263 239 2324 οὗ
260 2266 534 2321 ἀνέλωσι
566 2265 673 2319 τὸν
702 2266 966 2322 Παῦλον.
1004 2263 1209 2321 Ἦσαν
1224 2267 1291 2320 δὲ
1340 2266 1590 2332 πλείους
1624 2280 1847 2320 τεσσα-

165 2354 436 2422 ράκοντα
471 2359 525 2409 οἱ
559 2356 784 2422 ταύτην
822 2354 937 2422 τὴν
988 2354 1382 2423 συνωμοσίαν
1428 2353 1842 2421 πεποιηκότες.

174 2442 647 2511 Ἀνεθεμάτισαν
695 2441 970 2508 ἑαυτοὺς,
1010 2442 1197 2511 φησίν.
1241 2443 1403 2513 Ὁρᾷς
1425 2441 1541 2506 πῶς
1570 2443 1675 2495 εισι
1723 2458 1848 2509 σφο-

172 2529 284 2601 δροὶ
348 2531 449 2583 καὶ
487 2532 776 2600 ἀμυντικοὶ
801 2531 830 2571 ιι
859 2532 985 2602 περὶ
1014 2530 1112 2602 τὴν
1144 2531 1377 2595 κακίαν;
1414 2531 1478 2583 Τί
1516 2531 1683 2593 ἐστιν,
1725 2530 1847 2583 Ἀν-

173 2616 537 2686 εθεμάτισαν
552 2632 571 2680 ;
597 2617 745 2669 Ἀντὶ
772 2616 1041 2681 τοῦ,¹Ἐξω
1072 2613 1209 2670 εἶναι
1232 2618 1328 2687 τῆς
1351 2620 1430 2679 εις
1456 2616 1586 2670 Θεὸν
1613 2619 1849 2680 πίστεως

176 2697 349 2768 εἷπον,
392 2705 445 2757 εί
490 2704 565 2774 μὴ
616 2703 677 2757 τὸ
728 2703 884 2769 δόξαν
938 2705 1079 2758 κατὰ
1120 2703 1335 2757 Παύλου
1364 2706 1664 2775 ποιήσαιεν.
1708 2707 1849 2774 Ἀρα

176 2791 474 2855 διαπαντός
523 2794 661 2844 είσιν
709 2791 1270 2861 ἀνατεθεματισμένοι
1330 2794 1526 2854 ἐκεῖνοι
1564 2809 1578 2822 ⁸
1624 2792 1684 2845 ού
1744 2791 1851 2863 γάρ

177 2878 507 2932 ἀπέκτειναν
534 2878 625 2931 τὸν
650 2878 881 2932 Παῦλον.
924 2880 1035 2932 Kal
1064 2879 1472 2949 τεσσαράκοντα
1496 2879 1630 2949 ὁμοῦ
1660 2878 1852 2949 συνέρ-

178 2982 363 3035 χονται
394 2977 445 3020 ο.
468 2964 720 3019 Τοιοῦτον
756 2966 863 3035 γὰρ
897 2966 959 3019 τὸ
1002 2966 1171 3031 ἔθνος,
1219 2967 1347 3019 ὅταν
1398 2966 1496 3036 μὲν
1528 2968 1621 3018 ἐπὶ
1665 2966 1853 3035 ἀγαθῷ

178 3051 268 3123 δέη
303 3052 695 3123 συμφωνῆσαι,
734 3052 854 3105 οὑδέ
894 3052 988 3105 δύο
1031 3053 1413 3123 συντρέχουσιν
1444 3070 1457 3083 ⁸
1492 3055 1620 3107 ὅταν
1659 3054 1715 3106 δὲ
1762 3054 1854 3105 ἐπὶ

181 3140 357 3210 κακῷ,
388 3140 565 3210 δῆμος
588 3139 897 3210 ὁλόκληρος.
931 3140 1042 3192 Kal
1080 3139 1417 3209 λαμϐάνουσι
1447 3140 1734 3203 κοινωνοὺς
1763 3142 1856 3193 καὶ

182 3227 305 3289 τοὺς
327 3228 601 3297 ἀρχοντας
628 3242 643 3257 ⁸
673 3226 753 3281 διὸ
773 3227 866 3280 zal
899 3228 1056 3280 τοῦτο
1082 3225 1257 3296 δηλῶν
1288 3228 1590 3296 ἐπήγαγεν⁸
1628 3229 1858 3293 Οίτινες

183 3316 629 3381 προσελθόντες
665 3313 788 3380 τοῖς
822 3312 1165 3384 ἀρχιερεῦσι
1206 3314 1305 3367 καί
1361 3313 1486 3379 τοῖς
1533 3313 1859 3382 πρεσϐυτέο

182 3417 306 3466 ροις
360 3397 542 3454 εἷπον
584 3416 599 3433 ⁸
650 3400 996 3468 Ἀναθέματι
1050 3402 1562 3469 ἀνεθεματίσαμεν
1605 3400 1859 3467 ἑαυτοὺς

179 3488 450 3557 μηδενὸς
479 3490 831 3557 γεύσασθαι,
853 3488 964 3554 ἕως
992 3484 1063 3543 οὗ
1090 3488 1540 3557 ἀποκτείνωμεν
1573 3487 1679 3541 τὸν
1702 3488 1860 3541 Παῦ-

184 3577 315 3629 λον.
352 3575 489 3629 Νῦν
516 3571 631 3631 οὖν
647 3574 817 3643 ὑμεῖς
844 3574 1215 3643 ἐμφανίσατε
1238 3574 1491 3640 ἑαυτοὺς
1520 3573 1601 3639 τῷ
1639 3573 1862 3643 χιλιάρ‹

186 3678 269 3729 χφ
298 3662 371 3716 ἐν
400 3659 483 3726 τῷ
526 3660 844 3729 συνεδρίῳ,
900 3662 1061 3726 ὅπως
1120 3661 1308 3715 αὑτὸν
1366 3661 1672 3731 καταγάγῃ
1711 3662 1862 3730 πρὸς

187 3747 365 3817 ὑμᾶς,
394 3750 478 3812 ὡς
506 3746 847 3815 μέλλοντας
885 3747 1303 3818 διαγινώσκειν
1332 3748 1755 3818 ἀκριϐέστερον
1791 3750 1863 3803 τὰ

192 3837 319 3904 περὶ
354 3835 547 3890 αὐτοῦ
567 3852 581 3866 ⁸
624 3835 797 3905 ἡμεῖς
817 3834 905 3898 δὲ,
928 3835 1042 3903 πρὸ
1075 3834 1181 3889 τοῦ
1212 3836 1449 3906 ἐγγίσαι
1478 3838 1685 3901 αὐτὸν,
1716 3838 1864 3891 ἐτοι-

186 3924 285 3989 μοί
316 3923 513 3991 ἐσμεν
551 3922 657 3975 τοῦ
708 3920 951 3977 ἀνελεῖν
985 3922 1189 3977 αὐτόν.
1234 3924 1520 3990 Ἀκούσας
1559 3924 1627 3977 δὲ
1673 3928 1706 3979 ό
1733 3926 1864 3991 υίὸς

190 4008 299 4078 τῆς
343 4008 623 4077 ἀδελφῆς
664 4010 911 4064 Παύλου
958 4010 1026 4063 τὸ
1069 4009 1337 4077 ἕνεδρον,
1382 4013 1866 4081 παραγενόμενος

194 4097 289 4149 καί
315 4096 615 4150 εἰσελθὼν
654 4097 742 4163 είς
801 4095 916 4164 τὴν
962 4096 1381 4167 παρεμϐολὴν,
1420 4098 1750 4168 ἀπήγγειλε
1786 4101 1867 4165 τῷ

196 4185 437 4248 Παύλῳ.
482 4184 1065 4253 Προσκαλεσάμενος
1120 4184 1189 4237 δὲ
1244 4189 1276 4239 ό
1328 4186 1569 4252 Παῦλος
1597 4187 1704 4241 ἕνα
1747 4188 1867 4243 τῶν

193 4270 673 4340 ἑκατοντάρχων,
702 4271 851 4339 ἔφη·
899 4271 1010 4325 Τὸν
1049 4274 1299 4326 νεανίαν
1342 4274 1559 4328 τοῦτον
1599 4275 1870 4345 ἀπάγαγε

196 4356 348 4422 πρὸς
379 4357 487 4409 τὸν
528 4356 844 4424 χιλίαρχον
872 4372 885 4386 ⁸
918 4355 1041 4425 ἔχει
1077 4356 1187 4426 γάρ
1209 4375 1263 4410 τι
1296 4360 1651 4429 ἀπαγγεῖλαι
1687 4361 1866 4427 αὐτῷ.

207 4442 269 4495 Ὀ
285 4444 407 4510 μὲν
429 4436 544 4496 οὖν
582 4442 945 4510 παραλαϐὼν
974 4444 1181 4508 αὐτὸν,
1214 4443 1399 4514 ἤγαγε
1453 4448 1604 4514 πρὸς
1648 4448 1756 4502 τὸν
1783 4468 1871 4518 χι-

196 4531 477 4597 λίαρχον.
505 4529 677 4583 Πάλιν
727 4530 805 4583 δι’
847 4531 1191 4602 ἀνθρωπίνης
1230 4532 1457 4597 σώζεται
1506 4537 1865 4607 προμηθείας.

199 4617 308 4672 Kal
352 4619 459 4684 ὅρα
487 4632 502 4647 ⁸
542 4619 571 4669 6
603 4614 814 4681 Παῦλος
866 4618 1059 4671 οὐδένα
1104 4620 1294 4691 ἀφίησι
1351 4623 1563 4690 μαθεῖν,
1628 4625 1751 4677 ούδέ
1780 4625 1870 4681 τὸν

199 4706 615 4774 ἑκατόνταρχον,
631 4704 768 4757 ὥστε
794 4704 867 4775 μὴ
896 4704 955 4758 τὸ
974 4708 1203 4776 πρᾶγμα
1223 4709 1471 4775 γενέσθαι
1490 4710 1869 4780 διόδηλον.Καί

197 4792 393 4846 ἐλθὼν
414 4797 448 4844 ό
475 4789 622 4862 [566]
640 4792 1092 4862 ἑκατόνταρχος,
1124 4794 1438 4863 ἀνήγγειλε
1462 4796 1541 4862 τῷ
1562 4800 1870 4868 χιλιάρχῳ,

198 4881 398 4948 λέγων
423 4896 437 4907 ⁸
499 4879 561 4932 '0
597 4878 841 4948 δέσμιος
876 4882 1113 4949 Παῦλος
1150 4886 1727 4955 προσκαλεσάμενός
1770 4908 1871 4958 με,

200 4966 480 5033 ἠρώτησε
534 4966 752 5019 τοῦτον
806 4967 913 5021 τὸν
980 4971 1229 5022 νεανίαν
1278 4972 1524 5041 ἀγαγεῖν
1582 4974 1734 5043 πρὸς
1777 4975 1870 5040 σὲ,

200 5052 424 5119 ἔχοντά
453 5069 507 5103 τι
527 5052 801 5121 λαλῆσαί
830 5071 947 5109 σοι.
998 5057 1461 5127 Ἐπιλαϐόμενος
1510 5060 1579 5113 δὲ
1617 5060 1729 5131 τῆς
1754 5080 1876 5131 χει-

197 5139 306 5206 ρὸς
326 5140 519 5193 αὐτοῦ
550 5143 583 5193 ό
622 5142 929 5209 χιλίαρχος
955 5144 1054 5197 καί
1101 5144 1500 5213 ἀναχωρήσας
1530 5149 1658 5201 κατ’
1694 5151 1870 5215 ἰδίαν,

201 5226 577 5279 ἐπυνθάνετο
612 5242 628 5258 ⁸
676 5227 738 5281 Τί
787 5228 976 5295 ἐστιν,
1033 5229 1064 5283 6
1118 5232 1277 5299 ἔχεις
1329 5234 1689 5303 ἀπαγγεῖλαί
1738 5257 1872 5307 μοι;

204 5310 355 5366 Εῖπε
378 5312 464 5371 δὲ.
490 5313 579 5366 ὅτι
615 5314 887 5369 Ἰουδαῖοι
920 5318 1245 5373 συνέθεντο
1298 5322 1406 5375 τοῦ
1454 5323 1750 5390 ἐρωτῆσαί
1780 5341 1874 5389 σε,

205 5409 365 5475 ὅπως
390 5411 601 5477 αὔριον
634 5412 742 5465 τὸν
784 5413 1029 5468 Παῦλον
1078 5418 1419 5487 καταγάγῃς
1476 5422 1562 5484 είς
1610 5420 1675 5472 τὸ
1731 5439 1877 5476 συν-

204 5495 404 5564 έδριον
434 5497 515 5563 ὡς
546 5501 896 5565 μελλόντων
915 5518 967 5557 τι
1006 5503 1427 5573 ἀκριϐέστερον
1468 5508 1877 5563 πυνθάνεσθαι

206 5585 341 5652 παρ’
411 5586 619 5641 αὐτοῦ.
684 5587 768 5641 Σὺ
825 5588 936 5641 οὖν
1005 5590 1089 5658 μὴ
1150 5592 1404 5659 πεισθῇς
1458 5597 1661 5661 αὐτοῖς
1712 5615 1726 5628 ⁸
1784 5600 1877 5651 ἑν-

207 5670 521 5737 εδρεύουσι
575 5674 683 5741 γὰρ
712 5674 780 5739 ἐξ
818 5674 1015 5728 αὐτῶν
1041 5677 1254 5745 ἄνδρες
1302 5682 1551 5745 πλείους
1588 5688 1880 5753 τεσσαρά-

272 5792 295 5865 ξ
316 5790 453 5864 Uqus
618 5796 673 5867 τδ
686 5798 971 5867 διασωθῆναι
995 5801 1534 5867 μέλλοντα-διασπᾶσθαι
1546 5805 1625 5851 τὸν
1638 5806 1881 5867 ἄνθρωπον

210 5853 1163 5939 ξαςξιξξιξςι-Δ.,ἶβίςῆιτξεᾶοάἀῇειεξιχὶίξ
1189 5877 1199 5920 ;
1231 5858 1393 5913 Monlf.
1422 5853 1873 5927 ζημιωτικοί.Ἐυιιι

257 5913 560 5978 Συνέρχονται
602 5916 654 5966 in
698 5918 984 5979 quibusdam
1025 5913 1182 5974 deesl.

1372 6049 1398 6075 ,ι

1369 6078 1382 6097 ‘
1476 6095 1508 6132 κ

1496 6130 1542 6143 σε

1235 403 1300 458 IN
1339 403 1517 458 ACTA
1560 400 2095 459 APOS'I‘OLORUM.
2137 401 2373 457 1103111,.
2418 401 2603 457 xm.
2648 370 2651 371 ί

3508 406 3615 458 3-10

1943 531 2150 579 κοντα,
2186 516 2406 581 οἵτινες
2448 513 2890 583 ἀνεθεμάτισαν
2934 511 3188 579 ἑαυτοὺς
3212 514 3365 583 μήτε
3402 524 3617 589 φαγεῖν

1935 604 2091 670 μήτε
2117 601 2295 666 πιεῖν,
2327 602 2436 667 ἕως
2484 596 2556 657 οὗ
2610 600 2873 655 ἀνέλωσι
2906 599 3015 653 τὸν
3045 601 3291 655 Παῦλον
3316 618 3330 632 ⁸
3355 609 3453 660 καὶ
3496 607 3615 661 νῦν

1937 689 2162 758 ἕτοιμοί
2184 692 2302 743 εἱσι
2344 689 2816 758 προσδεχόμενοι
2871 687 2987 754 τὴν
3026 689 3328 755 παρὰσοῦ
3364 693 3617 764 ἐπαγγε-

1936 778 2099 832 λίαν.
2146 776 2209 830 '0
2227 777 2345 846 μὲν
2379 774 2493 831 οὖν
2532 777 2844 844 χιλίαρχος
2883 774 3159 829 ἀπέλυσε
3207 778 3317 831 τὸν
3342 783 3618 846 νεανίαν,

1940 867 2340 934 παραγγείλας
2402 864 2618 934 μηδενί
2691 862 3052 931 ἐκλαλῆσαι,
3108 864 3199 919 ὅτι
3252 866 3622 937 ἐνεφάνισας

1938 955 2125 1008 ταῦτα
2154 954 2302 1021 πρός
2318 970 2414 1021 με.

2011 1043 2076 1113 β’.
2112 1040 2305 1105 Καλῶς
2334 1042 2361 1092 6
2386 1040 2661 1111 χιλίαρχος
2702 1039 2914 1093 κελεύει
2955 1040 3199 1111 κρύψαι,
3239 1043 3380 1097 ὥστε
3424 1045 3499 1115 μὴ
3528 1061 3621 1115 γεο

1940 1130 2123 1182 νέσθαι
2145 1129 2324 1197 δῆλον.
2352 1129 2461 1181 Καὶ
2496 1128 2617 1180 τότε
2638 1127 2785 1195 λέγει
2810 1131 2922 1191 τοῖς
2944 1130 3389 1203 ἑκατοντάρχοις,
3407 1133 3495 1185 ὅτε
3525 1133 3623 1186 καὶ

1939 1216 2193 1285 γενέσθαι
2223 1216 2409 1286 ἐχρῆν⁸
2443 1216 2538 1269 καὶ
2567 1217 2843 1284 πέμπεται
2863 1214 3046 1268 λοιπὸν
3077 1218 3134 1269 ἐν
3166 1220 3494 1290 Καισαρείᾳ,
3534 1221 3623 1273 ἵνα

1941 1306 2103 1358 κάκεῖ
2130 1301 2383 1373 διαλεχθῇ
2416 1302 2507 1354 ἐπὶ
2550 1300 2794 1371 μείζονος
2831 1300 3060 1372 θεάτρου
3095 1296 3189 1355 καὶ
3235 1305 3623 1377 λαμπροτέρου

1940 1391 2035 1446 τοῦ
2075 1390 2444 1462 ἀκροατηρίου
2471 1404 2483 1416 ·
2528 1389 2614 1441 ἵνα
2644 1388 2718 1459 μὴ
2753 1388 2917 1459 ἔχωσι
2958 1390 3138 1458 λέγειν
3164 1392 3214 1444 οί
3252 1393 3513 1456 Ἰουδαῖοι,
3540 1396 3624 1447 δτι

1940 1480 1990 1533 εί
2014 1478 2227 1547 εἴδομεν
2255 1476 2487 1541 Παῦλον,
2532 1476 2934 1546 ἐπιστεύσαμεν
2956 1476 3041 1543 ἂν,
3074 1478 3123 1529 εί
3179 1479 3497 1549 ἠκούσαμεν
3529 1482 3623 1533 αύ-

1940 1567 2035 1621 τοῦ
2063 1567 2423 1629 διδάσκοντος.
2460 1566 2569 1619 Kal
2595 1564 2734 1635 αῦτη
2784 1561 2876 1619 οὖν
2911 1565 3095 1629 αὐτοῖς
3135 1566 3387 1620 ἐντεῦθεν
3422 1570 3453 1639 ή
3487 1570 3625 1622 ἀπο-

1941 1652 2096 1724 λογίαι
2131 1656 2477 1708 ἐκκόπτεται.
2502 1654 2611 1708 Καὶ
2633 1654 2907 1718 ἐπιστὰς,
2933 1653 3122 1723 φησὶν,
3157 1657 3190 1708 ό
3220 1657 3434 1723 Κύριος
3454 1651 3626 1709 εἶπεν

1943 1743 2103 1809 αὐτῷ
2129 1761 2142 1774 ⁸
2175 1744 2393 1812 Θάρσει
2417 1758 2432 1774 ⁸
2464 1744 2544 1808 ὼς
2572 1742 2683 1811 γὰρ
2718 1742 3083 1811 διεμαρτύρω
3110 1742 3183 1795 τὰ
3211 1745 3345 1812 περὶ
3370 1745 3626 1815 ἐμοῦ-είς

1955 1830 2375 1900 Ἰερουσαλὴμ,
2404 1831 2560 1884 οὕτω
2593 1843 2667 1883 σε
2693 1830 2789 1884 δεῖ
2807 1830 2906 1883 καὶ
2948 1834 3035 1895 είς
3066 1831 3303 1900 Ῥώμην
3320 1834 3628 1903 μαρτυρῆ-

1944 1936 2067 1975 σαι.
2111 1921 2272 1989 Ὅρα,
2310 1919 2405 1971 καὶ
2443 1918 2581 1987 μετά
2622 1917 2684 1971 τὸ
2720 1918 2987 1987 φανῆναι,
3020 1918 3186 1971 πᾶλιν
3214 1921 3440 1988 ἀφίησιν
3468 1922 3629 1973 αὑτὸν

1944 1996 2299 2077 ἀνθρωπίνως
2324 2006 2584 2075 σωθῆναι.
2610 2006 2718 2059 Kal
2739 2004 2885 2069 ἀξιον
2902 2006 3241 2075 ἐκπλαγῆναι
3270 2007 3361 2059 τὸν
3394 2000 3627 2072 Παῦλον,

1945 2092 2060 2155 πῶς
2085 2093 2184 2145 οὐκ
2206 2090 2529 2163 ἐθορυϐήθη,
2567 2092 2686 2145 οὐδὲ
2710 2088 2849 2144 εἷπε·
2870 2092 2933 2143 Τί
2954 2091 3018 2162 δὴ
3046 2092 3400 2157 τοῦτόιέστιν;
3420 2089 3529 2166 ἀρα
3554 2094 3631 2165 μὴ

1945 2178 2232 2247 ἠπάτημαι
2256 2177 2407 2246 παρὰ
2428 2177 2521 2229 τοῦ
2542 2177 2801 2247 Χριστοῦ;
2821 2176 2941 2229 Ἀλλ
2958 2177 2970 2192 ⁸
2985 2178 3136 2231 οὐδὲν
3148 2178 3389 2231 τοιοῦτον
3411 2180 3630 2247 ἐνενόη-

1948 2284 2061 2330 σεν,
2078 2267 2198 2321 οὑδὲ
2210 2265 2429 2330 ἔπαθεν,
2445 2266 2581 2320 ἀλλά
2596 2268 2751 2335 μόνον
2766 2268 3170 2322 ἐπίστευσενόὺ
3188 2268 3293 2339 μὴν
3309 2268 3497 2337 ἐπειδὴ
3509 2268 3633 2320 ἐπί-

1949 2372 2171 2409 στευσεν
2187 2397 2200 2420 ,
2237 2354 2484 2408 ὕπνωσεν
2508 2396 2521 2421 ,
2553 2342 2690 2407 ἀλλά
2704 2355 2771 2408 τὰ
2789 2355 2975 2407 ἐνόντα
2990 2354 3049 2418 ἐξ
3074 2354 3421 2426 ἀνθρωπίνης
3441 2354 3634 2422 σοφίας

1951 2442 2179 2495 συνιδεῖν
2221 2442 2283 2494 ού
2332 2441 2564 2512 προῆκε.
2615 2442 2725 2494 Kal
2774 2440 2969 2493 σκόπει
3027 2440 3143 2505 πῶς
3174 2441 3425 2512 ἀνάγκην
3454 2440 3576 2493 τινὰ
3603 2439 3632 2479 (ι

1950 2532 2161 2593 ἑαυτοῖς
2185 2531 2383 2583 ἐκεῖνοι
2412 2529 2747 2599 περιέθηκαν
2775 2530 2862 2583 διὰ
2883 2528 2977 2582 τοῦ
3005 2529 3477 2598 ἀναθεματισμοῦ.
3498 2529 3634 2581 Ἰδοὺ

1951 2616 2176 2688 νηστεία
2208 2617 2561 2688 ἀνδροφονίας
2597 2620 2797 2688 μήτηρ.
2824 2615 3090 2685 Καθάπερ
3124 2618 3151 2668 6
3185 2615 3433 2685 Ἡρώδης
3462 2615 3623 2682 ἀνάγ·

1952 2724 2054 2775 κην
2079 2706 2178 2776 τὴν
2224 2706 2331 2757 ἀπὸ
2370 2704 2462 2758 τοῦ
2500 2706 2665 2777 ὅρκου
2708 2704 2887 2773 ἐαυτῷ
2929 2703 3199 2773 ἐπέθηκεν
3226 2718 3242 2732 ⁸
3284 2702 3428 2756 οῦτω
3452 2702 3516 2774 δὴ
3545 2704 3637 2757 καὶ

1955 2788 2125 2847 οῦτοι.
2152 2791 2393 2845 Τοιαῦτα
2422 2793 2531 2862 γὰρ
2552 2792 2619 2844 τὰ
2647 2791 2931 2844 διαϐολικά
2963 2791 3213 2861 θήρατρα
3235 2807 3248 2821 ⁸
3285 2793 3642 2861 προσχήματι

1954 2885 2112 2956 δῆθεν
2143 2884 2428 2946 εὐλαϐείας
2488 2883 2585 2946 τὰς
2640 2883 2876 2950 παγίδας
2928 2882 3133 2952 τίθησι.
3179 2880 3290 2934 Kal
3330 2879 3435 2951 μὴν
3467 2879 3638 2949 ἐχρῆν

1957 2972 2300 3043 προσελθεῖν,
2332 2971 2499 3043 ἐχρῆν
2540 2969 2924 3034 αἰτιάσασθαι,
2955 2969 3306 3038 δικαστήριον
3334 2967 3641 3037 συγκροτῆ-

1958 3077 2087 3114 σαι⁸
2120 3061 2294 3114 ταῦτα
2345 3058 2453 3129 γὰρ
2510 3059 2610 3127 οὐχ
2657 3058 2872 3129 ἱερέων,
2922 3056 3058 3110 ἀλλά
3090 3047 3434 3125 λῃστάρχων,
3466 3052 3641 3107 ταῦτα

1956 3149 2057 3201 οὐκ
2083 3150 2379 3217 ἀρχόντων,
2404 3142 2540 3199 ἀλλὰ
2585 3144 2901 3215 λυμεώνων.
2952 3143 3063 3196 Kal
3097 3143 3200 3213 ὅροι
3239 3142 3437 3203 κακίας
3467 3141 3641 3211 ὑπερ-

1959 3236 2140 3308 ϐολήν.
2193 3236 2269 3287 Οὐ
2318 3232 2478 3304 μόνον
2529 3231 2791 3302 ἀλλήλους
2857 3229 3274 3300 διαφθείραντες
3316 3227 3635 3298 ἀρκοῦνται,

1959 3324 2097 3377 ἀλλὰ
2129 3322 2224 3375 καὶ
2252 3321 2343 3375 τὸν
2388 3321 2629 3391 ἄρχοντα
2676 3317 3089 3387 συνδιαφθεῖραι
3136 3315 3471 3385 ἐπιχειροῦσι
3503 3330 3518 3345 ⁸
3545 3314 3634 3366 διὰ

1958 3412 2118 3465 τοῦτο
2139 3408 2466 3481 ᾠκονομήθη
2500 3408 2641 3461 ὥστε
2669 3408 2920 3461 κάκεῖνον
2963 3406 3156 3476 μαθεῖν
3182 3402 3364 3456 αὐτῶν
3392 3402 3488 3472 τὴν
3515 3403 3641 3454 ἐπι·

1960 3498 2177 3570 ϐουλήν.
2208 3496 2371 3549 Αὐτοὶ
2407 3495 2463 3548 δέ
2496 3495 2558 3548 ού
2600 3494 2759 3565 μόνον
2806 3495 2870 3546 ἐκ
2896 3490 2992 3545 τοῦ
3038 3492 3204 3563 μηδὲν
3252 3490 3397 3560 ἔχειν
3441 3491 3637 3554 εἰπεῖν,

1966 3584 2100 3639 ἀλλά
2132 3586 2229 3637 καὶ
2251 3585 2314 3636 ὲκ
2340 3582 2434 3634 τοῦ
2462 3582 2637 3654 λάθρα
2676 3582 2975 3651 ἐπιχειρεῖν
3018 3579 3253 3650 ήλεγξαν
3287 3578 3519 3641 ἐαυτοὺς
3551 3577 3647 3631 ού-

1964 3673 2049 3725 δέν
2089 3671 2267 3733 ὄντας.
2290 3670 2454 3731 Εἰκὸς
2493 3668 2550 3719 δὲ
2597 3668 2692 3720 καὶ
2728 3668 2868 3737 μετά
2926 3665 2988 3718 τὸ
3030 3665 3404 3736 ἀποσταλῆναι
3462 3662 3647 3730 αὐτὸν,

1968 3759 2282 3831 προσελθεῖν
2314 3758 2439 3818 τοὺς
2466 3756 2741 3826 ἀρχιερεῖς
2780 3752 3087 3818 αἰτοῦντας,
3121 3753 3216 3805 καὶ
3246 3751 3651 3821 καταισχυνθή-

1966 3865 2053 3900 ναι
2086 3845 2405 3916 ἀπράκτους
2451 3842 2847 3907 ἀπολυθέντας.
2894 3841 3134 3908 Εἰκότως
3163 3840 3219 3893 δέ
3250 3840 3409 3893 τοῦτο
3446 3840 3652 3892 ποιεῖό

1967 3934 2244 4004 χιλίαρχος
2278 3949 2291 3962 ⁸
2334 3932 2395 3983 ού
2444 3930 2552 4000 γὰρ
2591 3928 2657 4000 δὴ
2696 3928 2947 3981 ἐϐούλετο
2994 3927 3118 3981 οὔτε
3165 3927 3496 3997 χαρίσασθαι
3526 3925 3648 3980 οὔτε

1969 4019 2270 4074 ἐπινεῦσαι.
2302 4018 2413 4070 Kal
2440 4018 2577 4082 πῶς,
2608 4016 2805 4086 φησὶν,
2855 4016 3177 4068 ἐπίστευσεν
3212 4014 3387 4085 ἀληθῆ
3418 4010 3556 4067 εἶναι
3583 4014 3653 4068 τά

1969 4107 2377 4176 ἐπαγγελθέντα
2400 4106 2550 4175 παρὰ
2572 4104 2663 4157 τοῦ
2707 4103 2956 4168 νεανίου;
3000 4103 3096 4155 Ἐκ
3134 4101 3245 4154 τῶν
3284 4102 3386 4173 ήδη
3423 4102 3654 4171 γενομέα

1969 4212 2075 4248 νων
2100 4193 2453 4262 ἐστοχάσατο,
2481 4192 2562 4244 ὅτι
2595 4190 2692 4243 καὶ
2717 4188 2877 4242 τοῦτο
2909 4188 3057 4252 είκὸς
3076 4183 3145 4260 ἦν
3178 4187 3379 4252 αὐτοὺς
3399 4188 3649 4258 ποιῆσαι.

1970 4283 2080 4336 Kal
2107 4283 2207 4351 δρα
2234 4280 2334 4350 τὴν
2368 4278 2720 4350 κακουργίαν·
2757 4275 2907 4348 [567]
2930 4277 3118 4347 ὥσπερ
3150 4276 3397 4346 ἀνάγκην
3424 4277 3518 4328 καὶ
3541 4278 3654 4339 τοῖς

1971 4368 2315 4442 ἀρχιερεῦσιν
2368 4368 2694 4436 ἐπέστησαν.
2738 4365 2848 4425 Kal
2912 4364 2987 4434 μὴ
3018 4363 3352 4435 θαυμάσῃςο
3378 4378 3392 4391 ⁸
3424 4364 3474 4415 εί
3543 4362 3654 4433 γὰρ

1972 4456 2223 4510 τοσοῦτον
2273 4454 2476 4507 εἴλοντο
2506 4452 2682 4515 αὐτοὶ,
2735 4452 2828 4503 καὶ
2885 4451 2976 4503 τὸν
3033 4450 3276 4503 κίνδυνον
3337 4448 3656 4513 ἀνεδέξαντο

1974 4546 2175 4608 πάντα,
2213 4542 2396 4612 πολλῷ
2427 4541 2628 4611 μᾶλλον
2663 4539 2757 4592 καὶ
2784 4538 3025 4601 ἐκείνους
3057 4536 3217 4591 τοῦτο
3251 4537 3478 4607 ποιῆσαι
3508 4537 3655 4598 εἰκὸς

1971 4628 2060 4703 ἦν.
2108 4631 2291 4700 Ὁρᾷς,
2350 4628 2467 4690 πῶς
2494 4627 2583 4680 διά
2615 4626 2716 4695 τῆς
2737 4625 2920 4695 ψήφου
2962 4623 3072 4678 τῶν
3108 4624 3214 4691 ἔξω
3240 4623 3415 4687 ἀθῶος
3448 4622 3658 4692 γίνεται

1974 4720 2002 4770 6
2029 4717 2261 4779 Παῦλος,
2289 4716 2361 4777 ὡς
2390 4716 2483 4768 καὶ
2514 4716 2540 4767 6
2578 4713 2814 4784 Χριστὸς
2861 4711 3014 4781 παρά
3053 4709 3330 4775 nam»;
3377 4710 3515 4763 Ἀλλ’
3556 4710 3658 4780 ὅρα

1976 4806 2067 4857 καὶ
2117 4804 2213 4874 τὴν
2252 4802 2451 4856 κακίαν
2498 4801 2586 4870 ὑφ’
2630 4800 2829 4870 ἑαυτῆς
2856 4798 3280 4869 ἀναιρουμένην.
3321 4797 3660 4867 Παρέδωκαν

1980 4894 2077 4963 μὲν
2102 4892 2209 4961 γάρ
2235 4891 2417 4956 αὐτὸν,
2446 4889 2585 4942 ὥστε
2645 4889 2738 4941 καὶ
2776 4887 2983 4941 ἀνελεῖν
3017 4885 3108 4940 καὶ
3138 4885 3502 4939 καταδικάσαι
3528 4901 3541 4915 ⁸
3573 4884 3659 4951 γί-

1976 4998 2123 5033 νεται
2144 4980 2199 5032 δέ
2216 4977 2543 5040 τούναντίον,
2560 4977 2652 5028 καὶ
2671 4974 2924 5039 σώζεται,
2938 4976 3031 5027 καὶ
3049 4973 3223 5037 ἀθῶος
3240 4972 3573 5043 εὑρίσκεται.
3596 4972 3659 5023 Εἰ

1977 5068 2084 5138 γάρ
2122 5066 2197 5138 μὴ
2224 5066 2386 5131 οὕτω,
2412 5064 2514 5118 κᾶν
2535 5062 2837 5133 διεσπάσθη
2865 5079 2876 5089 ·
2899 5063 2946 5113 εί
2967 5060 3041 5131 μὴ
3059 5060 3225 5124 οὕτω,
3264 5060 3369 5113 κᾶν
3386 5058 3657 5119 ἀπώλετο,

1979 5158 2080 5209 κᾶν
2095 5152 2477 5220 κατεδικάσθη.
2493 5153 2566 5205 Ού
2585 5151 2808 5221 μόνονδέ
2824 5150 3035 5219 ἐκείνης
3048 5148 3209 5203 αὐτὸν
3223 5149 3319 5218 τῆς
3332 5149 3359 5200 6
3367 5147 3510 5218 ρμῆς
3524 5148 3614 5211 ἐξα
3623 5167 3662 5200 ι-

1982 5246 2153 5313 ρεῖται
2172 5245 2199 5296 6
2218 5244 2493 5315 χιλίαρχος
2513 5283 2525 5300 ,
2545 5240 2681 5293 ἀλλά
2713 5240 2804 5292 καὶ
2820 5238 3095 5308 ὑπηρέτης
3114 5236 3261 5306 αύτῷ
3273 5236 3501 5305 γίνεται,
3520 5236 3660 5288 ὥστε

1978 5330 2272 5392 ἀκινδύνως
2298 5327 2625 5396 διασωθῆναι
2661 5325 2799 5394 μετά
2822 5325 3092 5394 τοσαύτης
3121 5322 3478 5394 παρατάξεως
3496 5340 3508 5351 ·
3568 5321 3664 5375 καὶ

1979 5419 2144 5481 ὅπως,
2166 5416 2349 5469 ἄκουε·
2368 5416 2561 5482 ἐπάγει
2575 5417 2703 5483 γάρ·
2724 5412 2834 5465 Καὶ
2857 5411 3432 5480 προσκαλεσάμενος
3446 5409 3553 5463 δύο
3576 5426 3663 5461 τι-

1978 5505 2089 5570 νὰς
2108 5504 2225 5557 τῶν
2252 5501 2723 5571 ἑκατοντάρχων,
2742 5496 2871 5553 εἷπε
2898 5514 2909 5527 ⁸
2949 5497 3339 5566 Ἑτοιμάσατέ
3353 5514 3453 5567 μοι
3478 5513 3660 5563 στρα-

1982 5591 2189 5655 τιώτας
2206 5590 2573 5653 διακοσίους,
2594 5588 2753 5653 ὅπως
2768 5585 3141 5654 πορευθῶσιν
3169 5590 3256 5649 εἰς
3275 5584 3658 5651 Καισάρειαν,

1982 5679 2080 5733 καὶ
2121 5677 2321 5741 ἱππεῖς
2374 5675 2805 5745 ἐϐδομήκοντα,
2857 5675 2956 5727 καὶ
3010 5672 3392 5737 δεξιολάϐους
3456 5670 3655 5725 διακο-

2068 5872 2094 5911 ιι
2119 5873 2340 5931 Quidam,
2366 5872 2551 5933 σοφίας,
2595 5872 2648 5918 οὐ
2689 5873 2967 5933 προέδωκαν
3005 5869 3215 5933 ἀνάγκην
3240 5870 3356 5920 τινά.
3430 5879 3452 5909 ε
3476 5869 3569 5919 Ka’
3597 5870 3659 5925 μή

1990 5936 2234 5997 θαυμάσῃς
2277 5932 2495 5985 ἀθεειῑο
2519 5946 2616 5985 uno
2658 5932 2843 5985 codice.
