4120 6334
500 367 592 418 σιι

495 481 688 544 σίους.
713 479 829 533 ἀπὸ
851 478 1048 547 τρίτης
1068 478 1222 546 ὧρας
1256 481 1360 548 τῆς
1405 481 1640 544 νυκτὸς,
1689 477 1874 546 κτήνη
1927 496 1990 532 τε
2021 493 2128 532 παι

495 564 814 632 ραστῆσαι,
851 566 950 617 ἵνα
981 565 1429 631 ἐπιϐιϐάσαντες
1453 572 1557 618 τόν
1587 566 1845 627 Παῦλον,
1873 565 2134 634 ἀγάγωσι

497 653 642 717 πρὸς
665 652 892 719 φήλικα
928 652 1035 705 τόν
1070 653 1329 721 ήγεμόνα
1353 671 1364 683 ·
1407 653 1637 722 γράψας
1664 653 2019 719 ἐπιστολὴν,
2045 667 2139 706 πε-

497 737 819 804 ριέχουσαν
852 741 957 792 τὸν
983 741 1173 793 τύπον
1212 741 1440 794 τοῦτον
1483 741 1779 805 Κλαύδιος
1808 742 2035 804 Λυσίας
2060 741 2138 806 τῷ

498 824 788 886 κρατίστῳ
806 825 1048 893 ἡγεμόνι
1066 826 1273 894 Φήλικι
1298 827 1544 894 χαίρειν.
1584 827 1694 880 Τὸν
1718 826 1902 893 ἄνδρα
1927 826 2139 880 τοῦτον

497 911 922 976 συλληφθέντα
967 913 1082 964 ὑπὸ
1132 911 1249 965 τῶν
1299 912 1624 976 Ἰουδαίων,
1677 910 1775 963 καί
1841 911 2140 980 μέλλοντα

497 991 862 1058 ἀναιρεῖσθαι
907 997 1018 1049 ὑπ’
1049 996 1263 1059 αὐτῶν,
1303 999 1551 1065 ἐπιστὰς
1586 1001 1708 1054 σὺν
1751 1001 1828 1065 τῷ
1854 987 2138 1066 στρατεύ-

494 1093 628 1144 ματι
653 1078 965 1146 ἐξειλόμην
983 1083 1205 1148 μαθὼν,
1237 1084 1322 1136 ὅτι
1358 1084 1630 1153 Ῥωμαῖός
1649 1089 1779 1142 ἐστι
1806 1105 1818 1118 ·
1837 1089 2135 1152 ,ϐουλόμε-

497 1180 603 1227 νος
625 1164 692 1216 δὲ
718 1165 932 1232 γνῶναι
974 1168 1088 1234 τὴν
1117 1171 1328 1234 αἰτίαν,
1379 1173 1452 1224 δι’
1480 1173 1558 1240 ἢν
1595 1176 1922 1229 ἐνεκάλουν
1954 1170 2136 1237 αὐτῷ,

499 1249 835 1318 κατήγαγον
891 1253 1076 1306 αὐτὸν
1143 1258 1227 1321 είς
1285 1257 1349 1310 τὸ
1393 1261 1710 1328 συνέδριον
1751 1260 1963 1314 αὐτῶν.
2029 1263 2122 1311 Ὀ)

497 1332 674 1401 εὗρον
723 1338 1162 1407 ἐγκαλούμενον
1224 1343 1355 1410 περί
1411 1343 1747 1414 ζητημάτων
1794 1345 1898 1399 τοῦ
1949 1346 2135 1413 νόμου

497 1419 711 1481 αὐτῶν,
743 1424 935 1490 μηδὲν
981 1426 1151 1485 ἀξιον
1190 1429 1444 1482 θανάτου
1494 1431 1532 1497 ἢ
1591 1430 1826 1500 δεσμῶν
1871 1433 2137 1500 ἔγκλημα

497 1507 732 1574 ἔχοντα.
806 1513 1184 1578 Μηνυθείσης
1245 1513 1311 1567 δέ
1366 1533 1466 1582 μοι
1516 1517 1838 1583 ἐπιϐουλῆς
1889 1516 2138 1585 μέλλειν

499 1592 745 1646 ἔσεσθαι
766 1597 850 1659 εις
869 1597 975 1649 τόν
994 1597 1180 1664 ἄνδρα
1204 1601 1320 1653 ὑπὸ
1350 1601 1464 1653 τῶν
1509 1604 1814 1658 Ἰουδαίων
1833 1605 1901 1668 ἐξ
1920 1603 2134 1674 αὐτῶν,

499 1677 736 1749 ἔπεμψα
751 1682 900 1746 πρὸς
923 1685 1017 1745 σὲ,
1050 1688 1446 1755 παραγγείλας
1481 1689 1579 1742 καὶ
1617 1690 1741 1756 τοῖς
1788 1691 2133 1758 κατηγόροις

497 1766 697 1830 λέγειν
723 1767 792 1820 τὰ
828 1768 974 1834 πρὸς
1002 1771 1184 1823 αὑτὸν
1206 1773 1300 1824 ἐπὶ
1344 1774 1477 1828 σοῦ.
1506 1777 1764 1844 Ἐρῤωσο
1801 1790 1846 1817 ι·
1877 1778 2017 1847 Ὅρα
2044 1778 2136 1829 καὶ

498 1850 595 1918 τὴν
639 1852 923 1923 ἐπιστολὴν
974 1856 1265 1924 ἀπολογίαν
1329 1859 1553 1928 ἔχουσαν
1618 1863 1714 1930 μὲν
1774 1863 1911 1933 ὑπὲρ
1969 1863 2134 1916 αὐτοῦ

499 1935 715 2002 (Οὐδὲν
736 1937 861 2008 γὰρ,
905 1941 1087 2010 φησιν,
1131 1939 1312 2010 εὖρον
1345 1946 1516 2010 ἀξιον
1563 1948 1820 2002 θανάτου
1867 1951 2134 2017 ἔγκλημα

498 2021 755 2092 ἔχοντα),
802 2029 1125 2097 κατηγορίαν
1163 2030 1219 2082 δὲ
1259 2032 1376 2084 κατ’
1406 2032 1686 2103 ἐκείνωνῆ
1720 2034 1859 2087 κατὰ
1901 2035 2089 2088 τούτου
2115 2052 2128 2066 ’

497 2109 668 2172 οὕτως
695 2111 982 2170 ἐθανάτων.
1007 2117 1114 2170 Καὶ
1151 2117 1363 2187 πρῶτον
1387 2119 1482 2189 μέν
1507 2139 1690 2192 φησιν,
1712 2123 1792 2175 ὃτι
1821 2122 2135 2177 Μέλλοντα

499 2195 860 2262 ἀναιρεῖσθαι
910 2197 1026 2253 ὑπὸ
1076 2201 1192 2254 τῶν
1244 2205 1544 2259 Ἰουδαίων
1598 2209 1914 2276 ἐξειλόμην
1953 2226 1966 2239 ·
2018 2205 2134 2262 εἷτα

494 2283 866 2352 προστίθησιν,
899 2287 979 2339 ὅτι
1011 2290 1114 2342 Καὶ
1141 2291 1476 2360 κατήγαγον
1503 2296 1687 2348 αὐτὸν
1711 2296 1857 2362 πρὸς
1881 2297 2099 2359 αὐτούς
2118 2311 2132 2327 ⁸

501 2371 590 2419 καὶ
616 2371 722 2421 οὐδ’
760 2371 929 2435 οὕτως
963 2368 1118 2444 εὗρόν
1163 2395 1212 2428 τι
1267 2378 1560 2445 ἐγκαλέσαι
1614 2382 1841 2434 ἐκεῖνοι·
1890 2384 1982 2433 καὶ
2019 2382 2135 2434 δέον

498 2451 635 2524 ίπέρ
661 2454 752 2506 τοῦ
781 2460 1042 2529 προτέρου
1081 2464 1494 2533 καταπλαγῆναι
1521 2467 1614 2518 καὶ
1659 2469 2132 2537 καταισχυνθῆναι,

499 2541 655 2591 πάλιν
680 2543 1040 2613 ἐπιχειροῦσιν
1067 2547 1294 2612 ἀνελεῖν,
1322 2549 1458 2604 ὥστε
1482 2553 1638 2604 πάλιν
1661 2553 2031 2624 λαμπρότερον
2049 2571 2136 2622 γε-

503 2627 679 2680 νέσθαι
710 2629 799 2681 τὸν
823 2630 960 2700 ὺπέρ
988 2633 1149 2684 αὑτοῦ
1188 2635 1360 2702 λόγον.
1408 2638 1515 2691 Καὶ
1546 2638 1596 2689 τί
1627 2639 1822 2708 δήποτε
1861 2641 1984 2702 τοὺς
2015 2657 2139 2694 κατ-

499 2713 728 2783 ηγόρους
773 2717 1008 2784 πέμπει;
1044 2719 1158 2773 Ἵνα
1202 2728 1258 2772 ἐν
1285 2721 1362 2791 τῷ
1400 2721 1758 2794 δικαστηρίῳ,
1807 2725 1931 2777 ἔνθα
1966 2726 2136 2780 ταῦτα

497 2801 880 2872 ἀκριϐέστερον
947 2805 1319 2875 γυμνάζεται,
1374 2808 1548 2872 ἀθῶος
1601 2811 1845 2880 γένηται.
1912 2814 2136 2882 Ἰδωμεν

496 2888 672 2940 τοίνυν
718 2889 920 2943 ἀνωθεν
980 2891 1047 2944 τά
1099 2895 1378 2962 εἰρημένα.
1422 2897 1587 2965 Ἐγὼ,
1633 2898 1787 2968 φησὶ,
1823 2901 2136 2967 Φαρισαῖός

497 2976 628 3041 ειμι.
671 2974 837 3028 Τοῦτο
859 2974 1027 3041 εἶπεν,
1051 2978 1187 3031 ὥστε
1205 3043 1209 3047 ι
1224 2983 1417 3046 αὐτοὺς
1439 2984 1863 3039 ἐπισπάσασθαι.
1899 2984 2031 3041 Εἶτα
2049 2990 2136 3042 ἵνα

500 3061 573 3130 μὴ
603 3060 726 3130 δόξῃ
753 3062 1080 3126 κολακεύειν,
1101 3067 1310 3119 ἐπάγει’
1337 3070 1472 3136 Περὶ
1497 3071 1741 3137 ἐλπίδος
1763 3072 1859 3125 καὶ
1886 3075 2138 3128 ἀναστά-

498 3162 649 3211 σεως
673 3147 897 3214 νεκρῶν
923 3150 1034 3218 ἐγὼ
1066 3153 1352 3221 κρίνομαι.
1410 3156 1538 3207 Ἀπὸ
1563 3157 1660 3226 τῆς
1687 3161 2017 3230 κατηγορίας
2043 3161 2138 3214 a6-

497 3233 603 3284 τῶν
631 3234 721 3286 καὶ⁵
762 3236 860 3304 τῆς
897 3236 1148 3304 διαϐολῆς
1194 3240 1498 3309 συνίστησιν
1539 3244 1726 3296 ἑαυτόν
1753 3261 1768 3276 ο
1797 3246 2134 3300 Σαδδουκαῖοι

502 3319 597 3387 μὲν
619 3322 723 3389 γὰρ
752 3320 964 3387 λέγουσι.
997 3323 1071 3394 μὴ
1099 3318 1234 3377 εἶναι
1258 3325 1506 3394 ἄγγελον,
1539 3330 1671 3398 μήτε
1700 3330 1934 3400 πνεῦμα.
1971 3333 2135 3386 Οὐδὲν

499 3403 782 3473 ἀσώματον
827 3407 972 3458 ῖσασι
1014 3409 1369 3472 Σαδδουκαῖοι,
1418 3415 1553 3481 τάχα
1579 3416 1696 3467 οὐδὲ
1729 3417 1816 3468 τὸν
1853 3418 2002 3479 Θεὸν,
2035 3438 2135 3472 πα-

500 3489 609 3552 χεῖς
638 3503 777 3550 τινες
805 3487 952 3551 ὄντες
976 3506 990 3520 ο
1015 3489 1136 3544 ὅθεν
1191 3493 1310 3546 οὐδὲ
1360 3496 1652 3550 ἀνάστασιν
1694 3497 1968 3567 βούλονται
1997 3498 2134 3556 εῖναι

499 3574 788 3626 πιστεύειν.
842 3576 949 3628 Καὶ
1005 3577 1393 3645 ἀναστάντες,
1443 3587 1594 3651 φησὶ,
1652 3587 2002 3654 γραμματεῖς
2028 3589 2134 3643 τοῦ

491 3658 710 3725 μέρους
735 3661 850 3712 τῶν
870 3663 1220 3728 Φαρισαίων,
1244 3665 1592 3734 διεμάχοντο
1618 3669 1894 3738 λέγοντες
1910 3689 1921 3700 ·
1948 3674 2137 3729 Οὐδὲν

497 3745 684 3795 κακὸν
709 3747 1061 3814 εὑρίσκομεν
1094 3748 1162 3799 ἐν
1182 3749 1258 3812 τῷ
1281 3751 1565 3816 ἀνθρώπῳ
1598 3756 1801 3816 τούτῳ.

569 3829 719 3900 [568]
744 3838 810 3898 γ’.
841 3832 1198 3901 ”ορα”ἁκούει
1216 3836 1307 3887 καὶ
1331 3839 1358 3888 6
1382 3837 1674 3908 χιλίαρχος,
1693 3841 1772 3893 ὄτι
1796 3842 1952 3896 αὐτὸν
1968 3845 2137 3916 ἀπήλ-

496 3916 659 4004 λαξαν
692 3919 1044 3988 ἐγκλημάτων
1084 3922 1131 3972 οί
1174 3923 1483 3992 Φαρισαῖοι,
1520 3926 1610 3977 καὶ
1649 3927 1947 3996 ἐψηφίσατο
1995 3933 2134 4004 ὑπὲρ

497 4003 680 4067 αὐτοῦ,
704 4004 794 4056 καὶ
823 4004 956 4074 μετά
985 4005 1220 4084 πλείονος
1243 4011 1422 4079 παρῥη
1433 4010 1550 4073 σίας
1578 4013 1808 4080 ἁρπάζει
1829 4016 2006 4071 αὐτόν.
2026 4003 2136 4073 κει

496 4093 632 4145 αύτά
643 4093 696 4144 δὲ
709 4094 965 4162 εἰρημένα
980 4095 1172 4164 Παύλῳ
1190 4097 1497 4167 φιλοσοφίας
1512 4099 1694 4170 ἔγεμε.
1717 4102 1792 4170 Τῇ
1806 4104 1872 4156 δὲ
1884 4106 2132 4174 ἐπιούσῃ

496 4180 667 4231 νυκτὶ
695 4179 939 4246 ἐπιστὰς
967 4181 1171 4245 αὑτῷό
1204 4186 1415 4252 Κύριος
1442 4182 1570 4239 εἷπε
1603 4205 1614 4216 ·
1649 4188 1882 4255 Θάρσει,
1911 4193 2130 4246 Παῦλε·

495 4265 575 4329 ὡς
605 4266 711 4333 γὰρ
759 4264 1112 4334 διεμαρτύρω
1137 4269 1206 4321 τὰ
1253 4269 1383 4337 περὶ
1421 4271 1563 4338 ἐμοῦ
1604 4277 1690 4339 είς
1723 4275 2132 4346 Ἰερουσαλὴμ,

498 4353 647 4405 οὕτω
665 4369 736 4405 σε
760 4352 848 4404 δεῖ
893 4353 990 4404 καὶ
1031 4355 1116 4418 είς
1160 4354 1381 4422 Ῥώμην
1401 4357 1793 4426 μαρτυρῆσαι.
1829 4364 1970 4433 Ὅρα
1995 4365 2132 4436 πόση

497 4441 530 4508 ή
568 4438 904 4508 παράκλησις
929 4455 941 4468 ·
968 4438 1182 4508 πρῶτον
1211 4440 1369 4493 αὑτὸν
1392 4444 1620 4509 ἐπαινεῖ,
1645 4441 1761 4498 εἶτα
1781 4449 1876 4503 οὐκ
1914 4450 2134 4520 ἀφίησιν

495 4526 612 4577 οὐδὲ
641 4526 699 4577 τὸ
721 4525 907 4593 ἄδηλον
942 4524 1040 4594 τῆς
1078 4526 1383 4596 ἀποδημίας
1423 4531 1720 4602 φοϐηθῆναι
1747 4535 1844 4602 τῆς
1877 4537 1967 4590 ἐπὶ
2002 4537 2134 4590 Ῥώ-

501 4628 604 4679 μην
642 4626 654 4639 ·
692 4611 764 4673 ὡς
807 4613 854 4663 εί
896 4610 1075 4678 ἔλεγεν
1106 4627 1119 4642 ·
1160 4613 1271 4664 Οὐκ
1303 4615 1574 4687 ἀπελεύσῃ
1607 4619 1764 4686 μόνον
1799 4623 1976 4684 κάκεῖ,
2002 4622 2133 4676 ἀλλά

498 4697 590 4747 καὶ
612 4697 839 4767 τοσαύτῃ
869 4699 1041 4768 χρήσῃ
1074 4701 1370 4769 παρρησίᾳ.
1422 4703 1693 4757 Ἐντεῦθεν
1715 4707 1808 4776 οὐχ
1841 4709 1922 4760 ὅτι
1959 4710 2130 4781 σωθή-

501 4799 652 4833 σεται
674 4783 941 4850 ἐδηλοῦτο,
965 4785 1077 4836 ἀλλ’
1100 4787 1179 4836 δτι
1209 4791 1318 4838 καὶ.
1338 4789 1428 4840 ἐπὶ
1454 4791 1706 4858 μεγάλοις
1740 4796 2074 4864 μαρτυρήσει
2106 4796 2133 4834 ι»

500 4868 780 4935 στεφάνοις
817 4869 874 4920 ἐν
907 4871 973 4938 τῇ
1035 4870 1244 4944 μεγάλῃ
1296 4874 1462 4926 πόλει.
1505 4877 1602 4929 Διὰ
1641 4879 1692 4929 τί
1737 4879 1791 4930 δὲ
1836 4879 1896 4931 οὺ
1941 4881 2130 4954 πρὶνῆ

499 4955 754 5023 ἐμπεσεῖν
777 4955 854 5015 εἰς
876 4954 966 5006 τὸν
991 4955 1247 5016 κίνδυνον,
1274 4959 1441 5031 ἐφάνη
1465 4963 1608 5031 αὐτῷ
1631 4982 1644 5030 ;
1677 4965 1796 5017 Ὅτι
1827 4967 1911 5019 ἀεὶ
1935 4969 1992 5020 ἐν
2017 4972 2134 5033 ταῖς

497 5041 705 5109 θλίψεσι
740 5041 1038 5110 παρακαλεῖ
1069 5045 1095 5094 6
1129 5043 1256 5106 Θεὸς
1289 5047 1425 5111 (τότε
1473 5049 1576 5118 γὰρ
1619 5051 1981 5124 ποθεινότερος
2007 5058 2132 5122 φαίο

499 5130 689 5194 νεται),
712 5129 805 5178 καὶ
843 5127 900 5179 ἐν
935 5131 1044 5189 τοῖς
1079 5130 1333 5194 κινδύνοις
1371 5135 1699 5203 ἐγγυμνάζει
1737 5141 1900 5207 ήμᾶς.
1926 5142 2133 5206 Ἄλλως

497 5215 556 5266 δέ
581 5216 697 5266 τότε
730 5215 827 5283 μὲν
851 5216 906 5267 ἐν
938 5215 1113 5267 ἀνέσει
1145 5213 1210 5286 ἦν
1230 5259 1243 5279 ,
1277 5221 1495 5288 ἀφεθεὶς
1529 5223 1634 5276 τῶν
1665 5225 1872 5294 δεσμῶν
1903 5247 1914 5258 -
1950 5230 2044 5283 νῦν
2079 5232 2133 5284 δέ

500 5301 718 5386 ἔμελλεν
751 5302 908 5354 αὐτὸν
930 5302 1259 5371 διαδέχεσθαι
1283 5307 1443 5361 δεινά.
1475 5311 1591 5363 Ὅτι
1628 5314 2133 5386 ἀνεθεματίσαμεν

502 5385 768 5476 ἑαυτούς,
796 5387 944 5476 φησὶ,
976 5387 1059 5476 μὴ
1103 5391 1312 5457 φαγεῖν
1336 5396 1487 5461 μηδέ
1554 5400 1727 5452 πιεῖν.
1775 5403 1964 5470 Βαϐαῖ,
1995 5385 2130 5476 πόση

507 5473 668 5540 μανία
696 5475 707 5524 ί
737 5474 953 5536 ἑαυτοὺς
980 5475 1053 5544 τῷ
1079 5476 1375 5547 ἀναθέματι
1396 5482 1778 5539 ὑποϐάλλουσιν
1813 5473 2126 5559 ἀλογίστωςξ

505 5561 700 5623 Ὅπως
723 5559 1012 5647 καταγάγῃ
1042 5564 1244 5627 αὑτὸν,
1283 5567 1432 5636 φησὶ,
1473 5570 1619 5636 πρὸς
1660 5574 1834 5642 ὑμᾶς,
1879 5578 1958 5644 ὡς
1987 5579 2131 5647 μέλ-

503 5647 720 5706 λοντας
763 5643 1176 5713 ἀκριϐέστερον
1218 5649 1627 5718 διαγινώσκειν
1669 5659 1739 5711 τὰ
1766 5662 1896 5728 περὶ
1923 5643 2128 5721 αύτοῦ.

503 5732 566 5779 'l‘i
607 5731 811 5794 λέγει;;
846 5731 962 5797 οὐχὶ
1005 5732 1248 5805 δεύτερον
1305 5739 1436 5808 πρὸς
1491 5743 1631 5809 ὑμᾶς
1688 5747 2131 5822 ἐδημηγόρησεν;

569 5832 590 5850 ⁸
618 5825 780 5873 Morel.
808 5828 1022 5891 ἐῤῥωσθε.
1089 5830 1110 5867 b
1140 5832 1184 5878 In
1207 5846 1299 5881 uno
1321 5836 1598 5896 μαρτυρήσει
1623 5841 1784 5890 deest.

1284 367 1340 422 S.
1382 364 1658 420 JOANNIS
1696 362 2171 419 CIIRYSOSTOMI
2212 364 2530 422 ARCIHEP.
2573 347 3111 422 CONSTANTINOP.

3787 349 3890 408 διε

2239 480 2357 549 οὐχὶ
2387 482 2672 551 Φαρισαῖον
2697 479 2882 532 ἑαυτὸν
2918 473 3067 543 elate;
3093 477 3144 529 τί
3183 468 3273 528 οὖν
3301 473 3360 526 τὸ
3387 473 3632 542 περιττὸν
3651 509 3664 531 .
3707 467 3892 527 Οὕτως

2236 565 2390 618 οὐδὲν
2418 566 2722 633 ἐφοϐοῦντο,
2749 567 2807 618 ού
2830 565 3172 634 δικαστήρια,
3196 564 3258 614 οὐ
3285 561 3478 630 νόμους
3503 573 3519 589 ο
3546 555 3718 619 οὕτως
3742 554 3891 608 οὐδὲν

2237 654 2421 716 αὐτοῖς
2448 655 2751 724 ἀτόλμητον
2779 649 2865 722 ἦν.
2902 653 3010 706 Καὶ
3037 655 3133 722 τὴν
3156 650 3380 719 γνώμην
3406 644 3775 716 εἰσηγοῦνται,
3797 642 3891 695 καὶ

2233 741 2330 808 τὴν
2377 741 2574 809 πρᾶξιν
2615 740 3060 808 ἐπαγγέλλονται.
3108 739 3390 802 Ἀκούσας
3429 735 3497 787 δὲ
3545 737 3578 786 ό
3623 732 3752 796 υίὸς
3783 725 3891 795 τῆς

2234 825 2500 893 ἀδελφῆς
2517 828 2756 880 Παύλου
2783 826 2847 878 τὸ
2880 825 3144 893 ἐνεδρον.
3171 823 3337 876 Τοῦτο
3359 823 3456 891 τῆς
3484 818 3575 872 τοῦ
3597 817 3730 870 Θεοῦ
3752 817 3891 868 οίκο-

2236 913 2422 981 νομίας
2448 907 2515 983 ἦν
2533 912 2733 975 λοιπὸν,
2766 911 2827 964 τὸ
2867 911 2942 980 μὴ
2989 910 3218 962 συνιδεῖν
3243 908 3435 970 αὐτοὺς
3468 907 3548 960 ὅτι
3573 903 3886 958 ἀκούσεται.

2305 998 2370 1050 Τί
2383 995 2472 1052 οὖν
2488 1001 2514 1052 6
2531 998 2758 1061 Παῦλος;
2777 998 2888 1050 υύκ
2903 996 3201 1068 ἐθορυϐήθη
3213 1037 3224 1053 .
3242 995 3374 1048 ἀλλά
3392 994 3641 1056 συνεῖδεν,
3655 992 3738 1044 ὅτι
3753 985 3889 1042 Θεοῦ

2238 1085 2383 1137 ἐστιν
2408 1085 2564 1156 ἔργον
2586 1084 2762 1139 τοῦτο·
2789 1086 2883 1138 καὶ
2908 1083 2969 1137 τὸ
3003 1085 3109 1136 πᾶν
3147 1080 3231 1134 ἐπ’
3255 1080 3416 1133 αὑτὸν
3454 1079 3633 1148 ῥίψας,
3665 1071 3810 1146 εἶχεν
3831 1075 3893 1138 ἐξ

2235 1170 2394 1239 ἔργου
2426 1171 2521 1240 τὴν
2541 1170 2830 1238 σωτηρίαν.
2855 1171 2964 1223 Καὶ
2987 1169 3174 1222 σκόπει
3202 1167 3316 1229 πῶς
3338 1167 3417 1230 είς
3435 1165 3634 1234 ἀγαθὸν
3663 1165 3840 1217 πάντα
3859 1163 3892 1214 6

2234 1257 2364 1318 Θεὸς
2391 1257 2753 1327 ᾡκονόμησεν.
2781 1252 2944 1309 Εἶπεν
2971 1258 2999 1310 6
3024 1256 3237 1317 νεανίας
3283 1254 3379 1324 τὴν
3411 1251 3718 1320 ἐπιϐουλὴν,
3771 1252 3893 1301 ἐπι-

2237 1342 2453 1412 στεύθη.
2470 1342 2710 1396 καὶοῦτω
2726 1342 2908 1395 λοιπὸν
2925 1341 3242 1405 διασώζεται
3261 1339 3487 1402 Παῦλος.
3507 1337 3614 1391 Καὶ
3629 1339 3676 1390 εί
3688 1334 3888 1404 ἀφέθη,

2234 1431 2383 1500 φησὶ,
2411 1430 2509 1499 τῆς
2537 1429 2735 1494 αἰτίας,
2752 1429 2839 1481 διὰ
2861 1429 2912 1481 τί
2937 1430 3059 1492 τοὺς
3085 1429 3413 1499 κατηγόρους
3429 1426 3704 1495 ἔπεμψανς
3724 1425 3890 1476 Ὥστε

2233 1517 2621 1588 ἀκριϐεστέραν
2641 1515 2886 1582 γενέσθαι
2912 1516 3000 1586 τὴν
3032 1515 3290 1582 ἐξέτασιν·
3311 1515 3447 1569 ὥστε
3466 1513 3660 1584 μᾶλλον
3687 1512 3892 1580 καθαρ-

2234 1605 2388 1672 θῆναι
2412 1616 2432 1642 ε
2455 1603 2545 1656 τὸν
2559 1604 2744 1674 ἄνδρα.
2763 1604 3011 1658 Τοιαῦται
3033 1606 3086 1657 at
3103 1603 3196 1656 τοῦ
3207 1601 3337 1656 Θεοῦ
3358 1601 3674 1671 οἰκονομίαν
3712 1600 3763 1651 δι
3779 1599 3794 1616 ‘
3815 1589 3894 1649 ὧν

2237 1690 2584 1760 βλαπτόμεθα
2605 1730 2619 1754 ,
2652 1689 2739 1744 διὰ
2767 1691 2971 1746 τούτων
2997 1689 3367 1760 ὠφελούμεθα.
3397 1689 3550 1742 Οὕτω
3580 1687 3673 1741 καὶ
3690 1686 3892 1756 Ἰωσὴφ

2234 1777 2615 1830 ἐπεϐουλεύετο
2682 1778 2786 1830 ὑπὸ
2844 1781 2940 1847 τῆς
3021 1779 3303 1848 δεσποίνης
3336 1793 3352 1810 ο
3417 1775 3506 1828 καὶ
3566 1773 3737 1826 ἐδόκει
3794 1774 3896 1843 μὲν

2235 1865 2623 1931 ἐπιϐουλεύειν,
2654 1865 3069 1918 ἐπιϐουλεύουσα
3089 1865 3144 1918 δὲ
3177 1867 3234 1916 ἐν
3262 1862 3528 1933 ἀσφαλείᾳ
3559 1861 3895 1930 κατέστησεν

2232 1951 2392 2004 αὐτόν
2417 1968 2431 1982 ·
2479 1952 2584 2019 τῆς
2618 1951 2725 2020 γὰρ
2775 1953 2970 2015 οίκίας,
3021 1951 3146 2006 ἔνθα
3184 1951 3243 2003 τὸ
3281 1949 3463 2020 θηρίον
3504 1949 3677 2000 ἐκεῖνο
3734 1947 3895 2017 ἐτρέ-

2233 2057 2383 2107 φετο,
2415 2039 2592 2109 πολλῷ
2624 2039 2684 2093 τὸ
2723 2040 3090 2109 δεσμωτήριον
3117 2037 3460 2108 ἡμερώτερον
3493 2032 3580 2106 ἦν.
3613 2038 3758 2090 Ἐκεῖ
3794 2036 3895 2106 μὲν

2232 2126 2337 2194 γάρ
2364 2124 2457 2187 ὣν,
2481 2127 2528 2176 εἰ
2549 2126 2641 2178 καὶ
2663 2125 2720 2178 ἐν
2746 2126 3006 2196 θεραπείᾳ
3018 2121 3102 2196 ἦν,
3123 2124 3245 2176 ἀλλ’
3271 2126 3327 2177 ἐν
3350 2124 3496 2194 φόϐῳ
3523 2123 3777 2192 διηνεκεῖ,
3816 2121 3893 2193 μή

2233 2228 2361 2264 ποτε
2386 2211 2639 2279 ἐπίθηται
2665 2213 2698 2282 ή
2720 2212 2996 2276 δέσποινα,
3043 2213 3133 2264 καὶ
3178 2211 3547 2281 δεσμωτηρίου
3576 2208 3893 2280 χαλεπώτε-

2238 2311 2328 2363 ρον
2351 2298 2378 2348 6
2409 2296 2570 2363 φόϐος
2590 2296 2736 2366 αὐτῷ
2769 2297 3017 2352 ἐπέκειτο
3041 2312 3054 2327 ·
3086 2296 3223 2367 μετά
3252 2296 3307 2349 δὲ
3347 2295 3445 2366 τὴν
3476 2295 3809 2365 κατηγορίαν
3833 2295 3894 2346 ἐν

2233 2381 2384 2452 ἀδείᾳ
2412 2383 2596 2436 λοιπὸν
2627 2385 2718 2435 καὶ
2756 2383 2953 2453 ἡσυχίᾳ
2975 2380 3063 2454 ἦν,
3092 2382 3420 2451 ἀπαλλαγεὶς
3445 2381 3652 2434 ἐκείνου
3679 2380 3776 2434 τοῦ
3801 2379 3897 2449 θη-

2233 2468 2344 2538 ρίου
2380 2470 2471 2521 καὶ
2502 2469 2598 2537 τῆς
2625 2469 3011 2538 ἀσχημοσύνης
3043 2469 3136 2520 καθ.
3175 2468 3274 2536 τῆς
3299 2466 3589 2535 ἐπιϐουλῆς
3623 2481 3637 2497 ’
3677 2465 3895 2534 βέλτιον

2233 2555 2340 2622 γὰρ
2364 2554 2507 2624 αύτῷ
2534 2551 2601 2626 ἦν
2633 2555 3197 2625 τεταλαιπωρημένοις
3228 2553 3535 2621 ἀνθρώποις
3566 2555 3828 2615 συνεῖναι,
3853 2552 3892 2622 ἢ

2238 2643 2532 2713 μαινομένῃ
2591 2642 2863 2713 δεσποίνῃ.
2913 2643 3175 2697 Ἐνταῦθα
3236 2645 3332 2713 μὲν
3384 2641 3474 2697 οὖν
3526 2644 3895 2710 παρεμυθεῖτο

2235 2727 2446 2789 ἐαυτὸν,
2479 2728 2556 2780 ὅτι
2585 2729 2669 2780 διὰ
2694 2729 3044 2798 σωφροσύνην
3070 2730 3322 2781 ἐνέπεσεν
3341 2746 3353 2758 ·
3389 2730 3503 2781 ἐκεῖ
3522 2729 3577 2781 δέ
3608 2727 3890 2790 ἐδεδοίκει,

2238 2813 2310 2882 μὴ
2338 2815 2462 2884 περὶ
2491 2814 2584 2883 τὴν
2611 2814 2787 2884 ψυχὴν
2814 2812 2947 2884 λάϐῃ
2967 2815 3062 2886 τήν
3089 2817 3321 2886 πληγήν·
3350 2816 3498 2868 οὐδὲν
3526 2814 3632 2885 γὰρ
3649 2815 3892 2885 ἐπαχθέ-

2236 2916 2421 2968 στερον
2455 2900 2731 2970 ἐρωμένης
2763 2899 3038 2971 [569]νέῳ
3069 2902 3142 2972 μή
3177 2901 3498 2972 βουλομένῳ,
3516 2902 3666 2954 οὐδὲν
3701 2901 3895 2970 ἐναγέ-

2235 3001 2444 3054 στερον,
2469 2985 2620 3037 οὐδὲν
2654 2986 2949 3057 βαρύτερον
2975 3004 2987 3018 ·
3029 2987 3243 3040 πάντων
3281 2988 3493 3058 δεσμῶν
3539 2988 3696 3040 τοῦτο
3724 2987 3891 3057 χαλε-

2234 3071 2494 3140 πώτερον.
2527 3072 2685 3124 Ὥστε
2730 3075 2829 3125 οὐκ
2893 3075 2972 3136 εἰς
3018 3075 3390 3146 δεσμωτήριον
3429 3075 3704 3138 ἐνέπεσεν,
3753 3074 3892 3128 ἀλ.λά

2233 3157 2600 3227 δεσμωτηρίου
2623 3159 2909 3229 ἀπηλλάγη
2931 3179 2944 3192 ο
2973 3161 3375 3232 ἐξεπολέμωσεν
3398 3156 3544 3232 αὐτῷ
3575 3161 3666 3214 τὸν
3689 3161 3890 3215 δεσπό-

2233 3261 2349 3311 την,
2383 3243 2518 3296 άλλά
2549 3245 2844 3313 κατήλλαξε
2882 3249 2972 3299 τὸν
3004 3247 3153 3311 Θεὸν,
3211 3248 3533 3318 οἰκειότερον
3559 3248 3720 3300 αὑτὸν
3751 3265 3889 3302 κατ-

2234 3329 2429 3399 έστησε
2486 3331 2562 3400 τῷ
2591 3332 2758 3394 ὅντως
2823 3333 3066 3405 Δεσπότῃ
3120 3333 3196 3404 τῷ
3230 3333 3464 3404 ἀληθινῷ
3491 3349 3505 3363 ·
3535 3333 3759 3398 ἐξέϐαλε
3791 3335 3892 3404 τῆς

2233 3418 2549 3481 ἐπιστασίας
2571 3420 2668 3490 τῆς
2695 3421 2751 3472 ἐν
2779 3424 2842 3491 τῇ
2872 3423 3036 3492 οἰκίᾳ,
3079 3421 3205 3475 ἀλλ’
3233 3423 3474 3493 ᾠκείωσε
3503 3423 3581 3492 τῷ
3615 3425 3887 3495 Δεσπὸτῃ·

2231 3504 2472 3580 Πάλινιοί
2498 3506 2710 3575 ἀδελφοὶ
2736 3507 3039 3577 ἐπώλησαν,
3056 3509 3181 3562 ἀλλ’
3203 3510 3516 3580 ἀπήλλαξαν
3552 3509 3716 3562 αὐτὸν
3756 3527 3890 3563 συν-

2231 3591 2518 3647 οικούντων
2562 3593 2793 3664 ἐχθρῶν,
2841 3595 3034 3661 φθόνου
3066 3596 3160 3649 καὶ
3199 3595 3493 3664 βασκανίας
3516 3595 3736 3665 πολλῆς,
3766 3597 3891 3648 ἐπι-

2233 3672 2427 3741 ϐουλῆς
2480 3674 2873 3746 καθημερινῆς,
2934 3678 3151 3747 μακράν
3204 3679 3543 3748 κατέστησαν
3589 3679 3754 3730 αὑτὸν
3775 3680 3892 3734 τῶν

2234 3760 2545 3829 μισούντων.
2576 3761 2637 3814 Τί
2683 3761 2789 3832 γὰρ
2838 3764 3028 3815 τούτου
3081 3767 3280 3833 χεῖρον,
3330 3765 3457 3816 ὅταν
3501 3781 3586 3826 τις
3635 3764 3890 3834 ἀδελφοῖς

2236 3848 2486 3917 φθονοῦσι
2512 3853 2774 3903 συνοικεῖν
2832 3852 3221 3919 ἀναγκάζηται,
3278 3852 3405 3904 ὅταν
3448 3851 3526 3904 δι’
3552 3851 3792 3920 ὑποψίας
3826 3851 3886 3925 ᾗ,

2230 3935 2356 3987 ὅταν
2381 3936 2826 4006 ἐπιϐουλεύηται;
2861 3939 3021 3992 Ὥστε
3050 3939 3217 4008 ἐτερα
3243 3938 3340 4007 μὲν
3371 3939 3587 3991 ἐποίουν
3621 3938 3716 3990 καὶ
3737 3933 3889 3992 οῦτοι

2231 4021 2473 4092 κάκείνη,
2503 4023 2663 4091 ἕτερα
2694 4024 2750 4076 δέ
2783 4024 3117 4093 ᾠκονομεῖτο
3151 4024 3293 4095 ὑπὲρ
3342 4025 3435 4077 τοῦ
3473 4025 3679 4079 δικαίου
3711 4029 3873 4095 μεγάι

2230 4108 2314 4162 λα.
2344 4109 2470 4162 Ὅτε
2502 4106 2568 4180 ἦν
2596 4113 2650 4163 ἐν
2667 4114 2815 4181 τιμῇ,
2851 4112 2970 4163 τότε
3013 4108 3079 4181 ἦν
3097 4113 3151 4164 ἐν
3173 4113 3396 4182 κινδύνῳ
3430 4129 3444 4142 ο
3477 4114 3563 4165 ὅτε
3582 4108 3648 4183 ἦν
3684 4116 3742 4167 ἐν
3761 4115 3887 4167 am.

2235 4197 2330 4266 μίᾳ
2361 4196 2412 4259 ἀ,
2441 4197 2560 4249 τότε
2586 4193 2651 4264 ἦν
2675 4199 2730 4248 ἐν
2774 4198 3040 4267 ἀσφαλείᾳ
3068 4214 3080 4227 ·
3122 4198 3219 4250 οὐκ
3248 4200 3610 4267 ἐμνημόνευον
3639 4199 3806 4252 αὐτοῦ
3836 4202 3888 4254 οἱ

2241 4281 2480 4349 εὐνοῦχοι
2518 4299 2530 4313 ’
2579 4283 2670 4333 καὶ
2716 4282 2910 4347 καλῶς,
2974 4283 3058 4336 ἵνα
3109 4283 3462 4353 λαμπροτέρα
3512 4284 3734 4354 γένηται
3784 4288 3886 4356 τῆς

2232 4365 2412 4429 ἐξόδου
2464 4368 2496 4435 ἡ
2543 4366 2792 4429 ὑπόθεσις
2822 4384 2835 4396 ·
2875 4369 2957 4420 ἵνα
3006 4369 3077 4439 μὴ
3133 4371 3312 4440 χάριτι
3372 4371 3703 4441 ἀνθρωπίνῃ,
3753 4372 3890 4424 ἀλλ’

2231 4453 2506 4523 οἰκονομίᾳ
2551 4453 2670 4522 θείᾳ
2716 4454 2774 4504 τὸ
2819 4456 2923 4507 πᾶν
2969 4455 3244 4524 λογίζηται
3287 4472 3298 4484 ·
3336 4457 3422 4509 ἵνα
3472 4456 3743 4527 εὐκαίρως
3801 4459 3886 4521 εἰς

2231 4539 2418 4608 χρείαν
2441 4540 2711 4603 καταστὰς
2753 4541 2991 4612 ἐξαγάγῃ
3032 4559 3043 4572 ·
3101 4544 3187 4597 ἵνα
3254 4543 3326 4614 μὴ
3381 4543 3704 4613 εὐεργετῶν,
3747 4544 3885 4597 ἀλλ’

2229 4627 2677 4694 εὐεργετούμενος
2720 4627 2880 4680 αὐτὸν
2930 4629 3133 4698 ἐκϐάλῃ
3187 4629 3277 4681 τοῦ
3322 4631 3889 4700 δεσμιυτηρίουόφαο

2235 4712 2364 4782 ραώ.
2407 4713 2516 4765 Οὐκ
2575 4713 2677 4764 ἔδει
2723 4713 2904 4767 δοῦλον
2963 4715 3213 4781 γενέσθαι
3273 4716 3332 4768 τὸ
3391 4716 3579 4786 δῶρον,
3641 4717 3883 4782 άλλέἰς

2230 4801 2470 4865 ἀνάγκην
2501 4801 2834 4866 καταστῆναι
2874 4802 2961 4853 τὸν
2997 4801 3218 4870 βασιλέα
3251 4819 3265 4831 ·
3297 4803 3403 4855 ἔδει
3448 4803 3684 4872 φανερὰν
3711 4804 3885 4858 αὐτοῦ

2231 4885 2474 4951 γενέσθαι
2502 4889 2597 4953 τὴν
2622 4889 2830 4955 σοφίαν.
2890 4888 2987 4940 Διά
3035 4887 3190 4940 τοῦτο
3244 4888 3490 4942 λανθάνει
3523 4891 3551 4941 ὁ
3601 4889 3883 4960 εὐνοῦχος,

2233 4973 2315 5025 ἵνα
2347 4974 2416 5041 μὴ
2443 4974 2578 5045 λάθῃ
2621 4975 2906 5040 Αἴγυπτος,
2942 4975 3025 5028 ἵνα
3078 4976 3150 5046 μὴ
3189 4977 3431 5046 ἀγνοήσῃ
3470 4977 3629 5029 αὑτὸν
3653 4976 3682 5026 6
3729 4977 3886 5046 βασι·

2230 5059 2369 5123 λεύς.
2401 5062 2459 5113 Εἰ
2489 5063 2608 5113 τότε
2634 5062 2916 5131 ἐξηνέχθη,
2949 5064 3075 5125 ἴσως
3112 5064 3177 5117 ἂν
3205 5065 3297 5117 καὶ
3347 5063 3687 5133 ἐπεθύμησεν
3715 5065 3885 5118 ἀπελσ

2232 5145 2341 5197 θεῖν
2386 5151 2464 5210 είς
2488 5150 2581 5218 τὴν
2618 5149 2779 5201 αὐτοῦ
2815 5167 2826 5180 ·
2861 5149 2946 5203 διὰ
2993 5151 3146 5203 τοῦτο
3183 5152 3404 5220 μυρίαις
3444 5152 3709 5219 ἀνάγκαις
3739 5169 3881 5206 κατ-

2231 5237 2430 5305 έχεται,
2460 5239 2672 5307 πρῶτον
2698 5241 2759 5307 τῇ
2787 5239 3090 5309 δεσποτεία,
3112 5240 3363 5310 δεύτερον
3389 5241 3467 5310 τῷ
3491 5241 3878 5312 δεσμωτηρίῳ,

2228 5323 2406 5392 τρίτον
2431 5326 2486 5376 ἐν
2507 5327 2573 5394 τῇ
2612 5323 2875 5395 βασιλείᾳ,
2907 5326 2991 5378 ἵνα
3014 5326 3184 5379 ταῦτα
3216 5326 3564 5396 οἰκονομηθῇ.
3605 5327 3882 5400 Καθάπερ

2229 5405 2318 5461 οὖν
2346 5428 2463 5462 τινα
2519 5413 2757 5478 γενναῖον
2799 5413 2971 5465 πῶλον
3014 5414 3315 5482 ἐκπηδῆσαι
3366 5413 3682 5483 βουλόμενον
3735 5416 3881 5486 πρὸς

2231 5496 2354 5558 τοὺς
2379 5496 2561 5562 αὑτοῦ,
2592 5501 2837 5567 κατεῖχεν
2869 5499 2896 5550 6
2939 5499 3068 5564 Θεὸς
3119 5502 3234 5552 ἐκεῖ
3294 5500 3371 5553 δι’
3400 5501 3588 5554 αἰτιῶν
3622 5501 3877 5566 ἐνδόξων.

2232 5581 2353 5633 Ὅτι
2381 5584 2486 5650 γὰρ
2525 5581 2784 5652 ἐπεθύμει
2807 5585 2894 5636 τὸν
2927 5587 3136 5656 πατέρα
3171 5587 3295 5639 ίδεῖν
3321 5589 3413 5640 καὶ
3451 5589 3754 5652 ἀπαλλάξαι
3775 5593 3881 5664 τῆς

2230 5668 2436 5736 ὀδύνης,
2469 5669 2624 5738 δῆλον
2653 5671 2713 5722 ἐκ
2744 5671 2835 5723 τοῦ
2865 5672 3082 5726 καλέσαι
3108 5674 3267 5726 αὑτὸν
3292 5675 3422 5726 ἐκεῖ.

2299 5753 2357 5806 δ’.
2391 5753 2648 5806 Βούλεσθε
2679 5756 2770 5808 καὶ
2800 5757 2985 5828 ἐτέρας
3019 5759 3214 5829 ἴδωμεν
3253 5760 3572 5826 ἐπιϐουλάς,
3623 5763 3703 5816 ὅτι
3736 5764 3883 5838 ὑπὲρ

2290 5848 2310 5869 ⁸
2340 5848 2504 5896 Morel.
2526 5886 2537 5908 ,
2561 5852 2834 5913 καθαρῆναι,
2860 5855 3006 5902 male.
3090 5856 3112 5893 ιιΙ
3137 5855 3328 5912 Morel,
3354 5855 3400 5901 ἐν
3421 5855 3610 5919 ἀθυμίᾳ,
