4094 6336
177 358 275 417 δη

177 482 317 536 rate,
347 478 409 525 ut
451 468 801 539 imponentes
845 464 1092 528 Paulum,
1134 462 1350 517 salvum
1404 459 1701 530 perducant
1729 460 1795 514 ad

178 563 424 618 Felicem
474 560 772 633 prmsidem
815 556 948 612 :26.
1002 556 1249 610 scribens
1297 554 1581 624 epistolam
1623 555 1801 608 conti~

178 666 408 713 nentem
454 656 573 709 haec
603 671 619 715 ;
649 651 907 710 Claudius
931 650 1121 722 Lysias
1146 649 1352 719 optimo
1378 648 1595 718 praesidi
1630 647 1797 703 Felici

174 749 440 803 salutem.
475 746 571 802 27.
600 745 789 801 Virum
835 743 977 798 hunc
1028 736 1482 811 comprehensum
1510 756 1541 796 a
1569 740 1794 808 Judzeis,

172 853 229 898 et
278 841 641 911 incipientem
692 836 921 895 interfici
975 838 1043 892 ab
1097 838 1200 903 eis,
1251 836 1641 907 superveniens
1674 850 1795 889 cum

174 936 439 992 exercitu
499 934 703 1005 eripui,
747 932 964 1004 cognito
985 932 1129 1003 quod
1172 931 1452 987 Romanus
1479 939 1663 992 esset;
1703 929 1794 986 28.

174 1029 490 1100 volensque
510 1028 652 1083 scire
681 1040 922 1091 causam,
947 1041 1106 1096 quam
1128 1023 1458 1095 objiciebant
1478 1024 1578 1090 illi,
1599 1021 1795 1078 deduxi

172 1138 306 1178 eum
338 1124 397 1178 in
427 1121 723 1178 concilium
754 1135 965 1175 eorum.
1007 1118 1100 1174 29.
1135 1118 1307 1187 Quem
1354 1116 1599 1187 comperi
1632 1130 1793 1172 accu—

175 1216 289 1271 sari
336 1216 408 1271 de
444 1213 835 1286 quaestionibus
873 1211 1006 1281 legis
1052 1212 1291 1281 ipsorum
1318 1251 1334 1275 ,
1364 1209 1495 1263 nihil
1542 1224 1673 1263 vero
1710 1207 1793 1262 di-

174 1324 351 1379 gnum
386 1315 572 1362 morte
600 1314 693 1360 aut
722 1304 951 1360 vinculis
983 1303 1268 1360 habentem
1301 1301 1571 1357 criminis.
1607 1301 1698 1357 '50.
1731 1300 1799 1355 Et

174 1416 300 1455 cum
334 1399 475 1455 mihi
528 1400 797 1469 perlatum
845 1407 993 1454 esset
1020 1396 1089 1453 de
1124 1396 1370 1461 insidiis,
1404 1410 1539 1466 quas
1564 1410 1791 1467 parave-

176 1500 302 1546 rant
332 1492 411 1546 illi
443 1490 640 1557 Judaei,
690 1490 811 1545 misi
841 1504 965 1544 eum
987 1488 1055 1543 ad
1084 1498 1157 1553 te,
1200 1486 1521 1558 praecipiens
1568 1502 1796 1542 accusa-

178 1585 417 1645 toribus.
449 1595 508 1639 ut
528 1598 648 1653 qua:
674 1593 861 1638 contra
895 1581 1043 1637 illum
1071 1579 1292 1645 habent,
1317 1578 1501 1634 dicant
1530 1577 1671 1649 apud
1700 1572 1753 1632 te
1780 1594 1795 1632 :

183 1678 342 1733 Vale.
380 1697 399 1729 ι
441 1677 576 1732 Vide
618 1676 902 1746 epistolam
952 1690 1055 1744 qua
1106 1674 1222 1742 ipse
1258 1672 1588 1729 defenditur.
1622 1671 1799 1743 (Nihil

176 1772 350 1834 enim,
397 1770 594 1839 inquit,
627 1768 796 1822 inveni
844 1767 1054 1839 dignum
1094 1774 1256 1820 morte
1301 1764 1650 1835 habentem);
1700 1779 1795 1819 ac-

176 1862 523 1916 cusationem
569 1867 750 1915 autem
799 1859 974 1929 potius
1020 1867 1208 1913 contra
1233 1856 1377 1926 illos,
1410 1872 1571 1927 quam
1604 1865 1792 1911 contra

179 1956 346 2015 hunc.
400 1952 494 2007 Sic
518 1951 672 2006 illum
701 1950 1054 2019 occidebant,
1078 1949 1174 2004 sed
1215 1948 1389 2019 primo
1408 1991 1423 2016 ,
1452 1949 1620 2018 inquit
1645 1990 1659 2014 ,
1684 1947 1795 2002 eri-

179 2047 267 2116 pui
298 2046 457 2100 illum
497 2060 625 2099 mox
655 2042 1083 2099 interficiendum
1120 2058 1150 2096 a
1185 2040 1642 2098 JudaeisuDeinde
1695 2040 1793 2096 ad-

179 2136 303 2191 dit:
339 2135 552 2190 Deduxi
581 2151 695 2189 eum
723 2136 791 2187 ad
842 2134 992 2199 illos;
1026 2142 1083 2189 et
1124 2148 1301 2204 neque
1346 2132 1427 2190 sic
1472 2132 1546 2187 illi
1592 2132 1793 2205 aliquid

176 2230 551 2287 accusandum
604 2230 962 2285 habuerezet
1011 2244 1134 2283 cum
1177 2227 1506 2297 oportuisset
1560 2227 1685 2282 illos
1726 2242 1795 2281 ex

183 2323 353 2393 priori
382 2331 585 2378 conatu
640 2321 905 2377 deterreri
938 2329 992 2375 et
1022 2320 1369 2385 erubescere,
1418 2333 1606 2374 rursus
1643 2319 1794 2373 occi-

177 2415 309 2470 dcre
341 2422 595 2478 tentant,
639 2422 696 2467 ut
738 2413 938 2468 clarior
980 2427 1145 2467 causa
1193 2412 1334 2466 illius
1362 2411 1576 2468 evadat.
1602 2411 1675 2466 Et
1697 2426 1795 2466 cur

177 2516 530 2563 accusatores
560 2507 722 2561 mittit
749 2506 771 2559 ?
801 2506 870 2562 Ut
908 2507 960 2560 in
993 2505 1269 2570 tribunali,
1304 2504 1389 2559 ubi
1418 2503 1536 2559 hmc
1574 2518 1796 2559 accura-

178 2602 283 2655 tius
304 2600 789 2665 examinahantur,
840 2599 1025 2654 insons
1053 2598 1445 2654 declarantur.
1480 2596 1589 2652 Sed
1616 2612 1791 2667 supe-

179 2696 290 2749 rius
320 2694 471 2749 dicta
500 2703 831 2764 repetamus.
876 2692 1009 2763 Ego,
1056 2691 1249 2762 inquit,
1303 2689 1601 2746 Phariswus
1649 2707 1783 2745 sum.

182 2790 292 2845 Iloc
332 2788 499 2851 dixit,
524 2799 582 2843 ut
610 2788 733 2843 illos
782 2786 1097 2843 attraheret.
1130 2785 1334 2843 Deinde
1354 2828 1369 2853 ,
1416 2802 1484 2843 ne
1515 2786 1790 2842 videretur

181 2884 435 2949 adulari,
479 2881 665 2937 subdit
692 2899 705 2934 :
732 2881 810 2936 De
856 2896 949 2951 spe
1002 2890 1047 2934 et
1068 2880 1435 2934 resurrectione
1478 2888 1797 2934 mortuorum

181 2993 271 3047 ego
298 2976 535 3044 iudicor.
569 2973 651 3028 Ab
673 2973 1019 3028 accusatione
1061 2981 1117 3027 et
1146 2971 1414 3025 calumnia
1458 2986 1647 3025 eorum
1673 2985 1795 3025 sese

181 3068 566 3135 commendat;
599 3067 880 3124 Sadduczei
930 3080 1163 3136 namque
1186 3065 1373 3120 dicunt
1402 3080 1509 3119 non
1534 3079 1656 3120 esse
1683 3080 1785 3117 an-

181 3165 361 3236 gelum
392 3206 407 3229 ,
442 3176 618 3230 neque
664 3161 934 3234 spiritum.
988 3156 1134 3215 Nihil
1200 3158 1576 3229 incorporeum
1630 3171 1797 3229 agno-

182 3267 343 3313 scunt
398 3254 705 3321 Sadducmi,
736 3252 878 3308 forte
933 3266 1108 3323 neque
1166 3252 1371 3317 Deum;
1418 3250 1557 3306 adeo
1613 3250 1791 3306 crassi

183 3363 338 3408 erant
368 3370 383 3408 :
416 3349 564 3406 unde
603 3363 779 3420 neque
822 3346 1277 3402 resurrectionem
1326 3343 1553 3400 credere
1580 3344 1793 3399 volunt.

190 3446 247 3500 Et
276 3452 570 3517 surgentes,
617 3442 807 3513 inquit,
855 3440 1035 3494 scriba:
1074 3455 1139 3493 ex
1174 3447 1318 3509 parte
1363 3435 1793 3503 Pharisaeorum,

187 3536 488 3607 pugnabant
516 3534 741 3588 dicentes
768 3549 778 3583 :
815 3529 965 3585 Nihil
989 3530 1181 3583 malum
1206 3528 1492 3583 invenimus
1515 3528 1567 3581 in
1590 3528 1795 3582 homine

185 3645 297 3686 tuo.

252 3726 307 3781 3.
338 3723 477 3779 Vide
505 3740 520 3779 :
545 3721 695 3776 audit
717 3720 985 3788 tribunus,
1009 3718 1154 3790 quod
1185 3716 1443 3773 Pharisaei
1474 3716 1621 3773 illum
1644 3730 1673 3770 a
1695 3715 1801 3771 cri-

188 3820 331 3874 mine
377 3817 633 3883 liberent,
666 3824 720 3870 et
753 3829 848 3884 pro
876 3813 970 3868 illo
1000 3812 1322 3868 sententiam
1371 3810 1533 3877 tulit,
1562 3824 1627 3865 ac
1674 3825 1797 3865 eum

189 3911 397 3980 majore
448 3907 642 3962 fiducia
688 3906 906 3976 abripit.
962 3905 1038 3960 Ea
1088 3914 1251 3968 vero,
1285 3916 1406 3974 quae
1448 3902 1588 3957 dicta
1618 3912 1741 3955 sunt
1770 3917 1800 3956 a

191 4002 390 4066 Paulo,
422 3999 778 4070 philosophia:
802 3999 955 4069 plena
1002 4003 1175 4053 erant.
1228 3994 1469 4065 Sequenti
1495 4010 1611 4049 vero
1658 4004 1803 4048 nocte

188 4095 397 4149 adstans
428 4093 511 4147 illi
538 4090 792 4146 Dominus
820 4090 945 4145 dixit
974 4107 992 4143 :
1021 4088 1163 4143 Bono
1186 4088 1359 4141 animo
1404 4096 1509 4141 esto
1535 4129 1550 4153 ,
1585 4084 1751 4140 Paule
1781 4103 1800 4140 :

193 4197 243 4240 ut
274 4186 412 4240 enim
445 4183 746 4252 testiﬁcatus
772 4198 825 4236 es
852 4181 977 4235 mihi
999 4181 1055 4235 in
1082 4178 1373 4234 Jerusalem
1392 4222 1407 4245 ,
1439 4180 1512 4233 ita
1532 4189 1729 4249 oportet
1756 4190 1805 4231 te

189 4288 236 4331 et
260 4276 447 4331 Roma
472 4274 758 4343 testiﬁcari.
814 4272 949 4329 Vide
996 4282 1193 4344 quanta
1248 4271 1592 4327 consolatio:
1629 4272 1802 4341 primo

192 4369 368 4425 laudat
392 4370 569 4431 illum;
592 4366 790 4423 deinde
813 4381 919 4421 non
936 4365 1061 4421 sinit
1079 4380 1199 4421 eum
1222 4364 1487 4420 occultam
1505 4364 1607 4418 sibi
1627 4363 1803 4418 adhuc

196 4462 422 4517 Romam
456 4459 850 4531 profectionem
879 4458 1170 4514 formidare
1198 4474 1213 4512 :
1242 4472 1306 4513 ac
1333 4458 1377 4513 si
1408 4457 1613 4513 diceret
1643 4476 1655 4511 :
1683 4457 1800 4512 Non

195 4554 352 4609 modo
385 4553 514 4607 illuc
542 4552 666 4616 ibis,
696 4550 796 4607 sed
821 4552 981 4607 etiam
1010 4558 1157 4605 tanta
1183 4550 1349 4605 uteris
1376 4548 1630 4620 loquendi
1662 4548 1801 4603 fidu-

192 4648 290 4701 cia.
325 4646 471 4701 Hine
498 4660 633 4700 vero
653 4660 759 4699 non
780 4644 1083 4700 declaratur
1103 4644 1174 4710 ei,
1203 4643 1347 4715 quod
1378 4644 1559 4698 salvus
1590 4641 1803 4697 futurus

194 4742 284 4806 sit,
306 4740 406 4796 sed
432 4738 579 4810 quod
619 4741 671 4793 in
709 4753 900 4810 magna
922 4738 1056 4794 urbe
1084 4753 1181 4808 pro
1208 4752 1399 4808 magna
1426 4752 1625 4793 corona
1653 4736 1804 4793 testi-

197 4830 450 4886 ﬁcaturus
486 4830 576 4887 sit.
609 4827 717 4884 Cur
745 4840 921 4884 autem
952 4846 1082 4897 non,
1109 4831 1421 4901 priusquam
1454 4830 1719 4885 incideret
1748 4829 1799 4883 in

201 4924 523 4993 periculum,
541 4924 787 4993 apparuit
815 4923 929 4979 illi?
944 4924 1240 4992 QuiaDeus
1260 4940 1477 4994 semper
1504 4926 1560 4978 ih
1583 4924 1806 4978 tribula-

202 5017 434 5073 tionibus
463 5015 963 5086 consolatur(tunc
1007 5016 1149 5071 enim
1188 5015 1598 5071 desiderabilior
1636 5031 1805 5086 appa-

204 5113 335 5183 ret),
363 5118 420 5164 et
451 5109 503 5164 in
529 5108 785 5180 periculis
806 5124 905 5165 nos
924 5118 1157 5165 exercet.
1186 5110 1439 5180 Alioquin
1466 5119 1648 5164 autem
1680 5119 1805 5165 tunc

204 5203 251 5257 in
281 5204 470 5274 quiete
517 5212 635 5258 erat
694 5202 832 5258 liber
859 5218 888 5255 a
919 5203 1147 5259 vinculis
1179 5218 1193 5256 :
1229 5218 1371 5257 nunc
1424 5212 1605 5258 autem
1656 5202 1805 5258 illum

204 5309 379 5363 gravia
402 5304 696 5364 exceptura
724 5302 896 5349 erant.
926 5295 1057 5361 Quia
1079 5294 1366 5350 devovimus
1394 5312 1505 5358 nos,
1536 5295 1803 5365 inquiunt,

206 5402 300 5439 non
346 5386 662 5440 manducare
696 5402 854 5457 neque
895 5386 1078 5441 bibere.
1107 5386 1287 5455 Papae,
1321 5397 1519 5457 quanta
1566 5388 1804 5441 insania!

207 5478 331 5539 Sac
360 5478 692 5534 anathemati
720 5480 837 5533 sine
859 5479 1071 5542 ratione
1116 5479 1379 5534 obnoxios
1426 5479 1679 5533 reddunt.
1738 5480 1806 5536 Ut

207 5571 447 5637 deducat,
475 5571 742 5640 inquiunt,
774 5572 921 5624 illum
952 5571 1019 5623 ad
1042 5586 1145 5634 vos,
1180 5580 1233 5623 ut
1256 5573 1547 5624 accuratius
1570 5572 1807 5641 cognitu-

214 5676 290 5714 ros
315 5679 522 5716 causam
549 5664 680 5734 ejus.
724 5662 862 5730 Quid
887 5663 1058 5717 dicis?
1088 5678 1265 5716 annon
1296 5662 1378 5717 bis
1405 5663 1557 5717 vobis
1587 5668 1808 5719 concio-

216 5763 364 5807 natus
406 5754 521 5809 est?
573 5769 753 5806 annon
806 5754 1135 5807 Pharis'eum
1186 5770 1243 5809 se
1288 5753 1461 5807 dixit?
1517 5771 1612 5809 cur
1666 5756 1810 5811 aliud

216 5848 471 5915 superﬂue
494 5845 768 5916 (puerilis?
801 5844 873 5899 Ita
907 5845 1035 5899 nihil
1073 5846 1402 5914 metuebant,
1434 5862 1541 5901 non
1568 5850 1806 5903 ltlbuna-

1202 349 1265 405 lN
1305 348 1485 406 ACTA
1524 346 2052 405 APOSTOLORUM.
2096 349 2323 408 llOMlL.
2365 351 2557 410 XLIX.

3420 360 3529 418 549

1914 462 2000 526 lia,
2029 478 2133 517 non
2156 464 2300 537 leges
2328 485 2341 520 :
2371 466 2439 520 ita
2463 466 2593 523 nihil
2620 467 2760 539 apud
2792 466 2913 525 illos
2944 468 3263 528 intentatum
3293 487 3429 529 erat.
3460 479 3529 534 Et

1906 559 2228 613 sententiam
2281 560 2557 627 inducunt,
2588 563 2945 618 ctactioncm
2996 564 3341 622 denuntiant.
3394 567 3531 625 Cum

1906 650 2131 705 audisset
2153 662 2321 706 autem
2347 655 2489 723 ﬁlius
2513 655 2705 709 sororis
2730 653 2888 711 Pauli
2912 657 3147 713 insidias.
3198 658 3309 715 [loc
3339 677 3405 717 ex
3436 662 3524 716 tli-

1908 742 2027 795 vina
2054 743 2479 812 diSpcnsatione,
2507 746 2651 816 quod
2671 748 2943 819 nescirent
2960 748 3010 803 id
3029 750 3357 805 audiendum
3378 768 3524 809 esse.

1977 833 2136 888 Pauli
2174 836 2413 903 ﬁrmitas.
2436 866 2509 877 —
2528 836 2666 905 Quid
2698 853 2828 909 ergo
2856 838 3097 896 Paulus?
3125 840 3242 895 Non
3273 842 3520 899 turbatus

1904 935 2009 989 est,
2043 926 2136 981 sed
2167 927 2431 983 intellexit
2458 928 2700 984 divinum
2733 945 2869 1001 opus
2891 946 3013 987 esse
3040 949 3052 984 :
3082 942 3138 989 et
3169 941 3337 988 totum
3374 934 3426 989 in
3457 935 3523 989 il-

1907 1017 2014 1071 lum
2043 1020 2360 1089 conjiciens,
2393 1037 2460 1077 ex
2488 1037 2550 1077 ca
2584 1040 2646 1080 re
2665 1022 2896 1079 salutem
2924 1034 3115 1080 nactus
3144 1035 3247 1082 est.
3282 1027 3349 1081 Et
3377 1028 3521 1091 vide.

1906 1111 2178 1181 quomodo
2220 1113 2360 1169 Deus
2408 1115 2588 1169 omnia
2618 1115 2670 1168 in
2698 1115 2898 1170 bonum
2956 1118 3258 1187 provideat.
3294 1118 3525 1175 Insidias

1907 1204 2116 1257 nuntiat
2142 1204 2479 1273 adulescens,
2514 1207 2778 1263 creditum
2806 1218 2889 1264 est
2915 1209 2985 1276 ei,
3014 1219 3067 1265 et
3092 1210 3171 1267 sic
3198 1220 3382 1282 postea
3410 1227 3524 1267 ser-

1906 1308 2065 1352 vatur
2108 1299 2327 1355 Paulus.
2367 1300 2437 1355 Et
2471 1302 2516 1356 si
2556 1317 2585 1354 a
2625 1316 2786 1357 causa
2818 1303 2939 1370 illa,
2973 1303 3207 1374 inquies,
3239 1305 3523 1361 absolutus

1904 1401 2008 1457 est,
2036 1406 2135 1446 cur
2161 1394 2427 1448 miserunt
2451 1396 2840 1450 accusatores?
2863 1394 2934 1452 Ut
2959 1399 3263 1452 accuratius
3292 1413 3520 1454 examen

1906 1482 2101 1550 ﬁeret;
2158 1494 2217 1538 ut
2268 1486 2439 1557 magis
2498 1486 2589 1542 ille
2647 1498 2990 1557 purgaretur.
3040 1488 3200 1544 Tales
3246 1499 3374 1543 sunt
3423 1489 3519 1546 Dei

1903 1576 2335 1647 dispensatioues
2366 1596 2380 1634 :
2414 1596 2479 1635 ex
2512 1581 2705 1652 quibus
2735 1582 3011 1651 laadimur,
3038 1597 3105 1639 ex
3144 1584 3210 1639 iis
3238 1585 3511 1653 juvamur.

1904 1671 1982 1726 sic
2011 1682 2065 1726 et
2092 1671 2291 1743 Josepb
2321 1673 2530 1729 insidiis
2561 1674 2926 1745 impetebatur
2957 1691 2985 1729 a
3018 1676 3268 1742 domina;
3303 1687 3361 1733 et
3382 1677 3513 1735 dum

1906 1764 1997 1818 illa
2053 1764 2332 1821 videretur
2360 1767 2437 1822 illi
2470 1767 2737 1834 insidiari,
2769 1770 2819 1822 in
2853 1770 3146 1825 securitate
3194 1772 3474 1826 constituit
3503 1790 3518 1827 :

1904 1870 2093 1911 carcer
2122 1860 2263 1913 enim
2298 1858 2458 1930 longe
2489 1860 2672 1914 mitior
2699 1871 2815 1915 erat
2845 1861 3012 1919 domo
3034 1863 3054 1936 (
3074 1862 3205 1920 Gen.
3259 1863 3329 1919 39
3349 1864 3368 1935 )
3392 1907 3409 1933 ,
3466 1866 3517 1919 in

1903 1962 2008 2018 qua
2049 1948 2165 2005 fera
2217 1951 2305 2006 illa
2338 1953 2700 2008 nutriebatur.
2756 1954 2870 2009 lllic
2895 1956 3039 2009 enim
3069 1971 3191 2011 cum
3221 1965 3385 2023 esset,
3416 1959 3516 2013 etsi

1905 2042 2303 2098 ministrarelttr
2325 2044 2448 2115 ipsi,
2472 2053 2529 2099 at
2556 2045 2612 2099 in
2635 2056 2784 2101 metu
2807 2060 3023 2116 semper
3044 2059 3182 2113 erat,
3208 2062 3277 2102 ne
3298 2048 3518 2103 domina

1902 2147 1963 2187 se
1988 2134 2375 2205 aggrederetur
2399 2177 2419 2202 ,
2448 2144 2503 2191 et
2527 2151 2752 2192 carcere
2782 2138 3003 2208 gravior
3034 2139 3118 2195 illi
3142 2151 3317 2195 metus
3347 2141 3517 2197 insta-

1902 2225 1993 2280 bat
2021 2245 2032 2280 :
2067 2237 2188 2297 post
2217 2228 2619 2297 accusationem
2646 2240 2827 2285 autem
2863 2232 2914 2285 in
2946 2234 3243 2288 securitate
3297 2233 3516 2290 demum

1902 2328 1958 2373 et
2009 2320 2193 2389 quiete
2240 2319 2492 2392 degebat,
2526 2320 2595 2375 ab
2638 2322 2783 2377 illius
2824 2322 2954 2378 fera:
2999 2332 3055 2379 et
3105 2324 3439 2395 turpitudine
3464 2338 3521 2382 ct

1902 2410 2112 2467 insidiis
2171 2412 2430 2468 liberatus
2466 2414 2802 2484 :jucundius
2852 2415 2998 2469 cnim
3054 2416 3157 2487 ipsi
3215 2426 3336 2473 erat
3394 2434 3518 2474 cum

1902 2506 2226 2559 a‘rumnos‘s
2256 2504 2565 2559 hominibus
2594 2506 2813 2577 degere,
2848 2522 3009 2577 quam
3033 2523 3156 2563 cum
3184 2508 3397 2566 furente
3426 2512 3521 2565 do-

1903 2595 2066 2648 mina.
2094 2593 2256 2649 isthic
2278 2611 2407 2665 ergo
2433 2596 2673 2666 seipsum
2703 2598 3107 2667 consolabatur,
3134 2600 3277 2670 quod
3302 2611 3522 2672 prOptcr

1902 2686 2202 2741 castitatem
2254 2700 2321 2741 eo
2370 2687 2678 2754 incidisset;
2728 2689 2841 2745 illic
2891 2705 3020 2745 vero
3070 2691 3334 2761 timebat,
3369 2711 3435 2749 ne
3468 2696 3519 2749 in

1902 2780 2081 2833 anima
2108 2781 2315 2851 plagam
2342 2782 2619 2849 acciperet
2642 2801 2654 2835 :
2684 2783 2909 2839 muliere
2930 2784 3129 2855 quippe
3150 2796 3366 2843 amante
3388 2788 3521 2843 nihil

1903 2873 2107 2929 nolenti
2133 2874 2317 2943 juveni
2350 2874 2663 2941 molestius,
2691 2875 2823 2930 nihil
2872 2877 3179 2947 scelestius,
3214 2878 3345 2934 nihil
3394 2896 3521 2952 gra-

1901 2964 2055 3020 vius:
2086 2966 2335 3021 omnibus
2364 2966 2466 3020 hoc
2494 2967 2724 3023 vinculis
2745 2969 3194 3025 onerosissimum
3212 2982 3316 3026 est.
3340 2971 3524 3045 itaque

1901 3072 2010 3111 non
2043 3057 2397 3113 incarcerem
2431 3057 2655 3124 incidit,
2686 3058 2781 3113 sed
2804 3075 2832 3112 a
2860 3074 3083 3117 carcere
3105 3061 3365 3117 liberatus
3395 3075 3476 3119 est
3507 3083 3520 3118 :

1902 3150 2179 3205 inimicum
2213 3151 2287 3204 illi
2321 3151 2559 3206 reddidit
2592 3150 2806 3219 herum,
2840 3153 2939 3208 sed
2968 3154 3280 3210 conciliavit
3309 3157 3480 3212 Deum
3507 3178 3520 3213 :

1904 3246 2304 3301 familiariorem
2326 3247 2500 3317 ipsum
2520 3246 2757 3303 reddidit
2774 3262 2904 3303 vero
2925 3248 3170 3317 domino,
3191 3250 3349 3321 ejecit
3371 3252 3522 3307 illum

1903 3354 1967 3393 ex
2013 3339 2335 3408 praefectura
2386 3340 2584 3395 domus
2634 3354 2769 3407 sum,
2798 3340 2892 3395 sed
2919 3339 3141 3397 domino
3165 3343 3526 3402 domesticum

1902 3430 2157 3487 reddidit.
2205 3431 2438 3487 Rursum
2466 3431 2661 3488 fratres
2691 3431 3069 3501 vendiderunt,
3098 3434 3193 3490 sed
3224 3434 3525 3492 liberarunt

1905 3540 2027 3581 eum
2060 3541 2089 3579 a
2117 3524 2601 3582 contubernalibus
2644 3526 2897 3587 inimicis.
2950 3526 3019 3581 ab
3041 3527 3241 3583 invidia
3271 3539 3323 3585 et
3357 3530 3527 3588 livore

1905 3622 2098 3689 multo,
2126 3638 2154 3676 a
2187 3622 2519 3693 quotidianis
2543 3622 2793 3691 insidiis;
2846 3623 2995 3679 illum
3029 3626 3216 3695 procul
3244 3627 3312 3682 ab
3339 3627 3529 3684 edien-

1908 3715 2048 3769 tibus
2084 3730 2142 3769 se
2170 3714 2549 3770 amandarunt.
2609 3715 2749 3783 Quid
2796 3716 2941 3770 enim
2990 3717 3092 3772 hac
3140 3734 3200 3774 re
3247 3718 3525 3789 deterius,

1907 3806 2123 3877 quando
2150 3807 2270 3876 quis
2300 3821 2424 3861 cum
2457 3806 2712 3863 fratribus
2772 3807 2970 3863 invidis
3003 3809 3246 3865 habitare
3274 3812 3487 3883 cogitur
3510 3856 3526 3879 ,

1906 3897 2124 3967 quando
2169 3905 2454 3969 suspectus
2494 3908 2617 3964 est,
2649 3907 2705 3953 et
2731 3898 2943 3954 insidiis
2990 3901 3301 3971 appetitur?
3343 3902 3527 3975 Itaque

1907 3988 2009 4042 alia
2060 3988 2327 4044 faciebant
2358 3998 2414 4045 et
2444 3990 2519 4043 illi
2552 4000 2605 4045 ct
2638 3990 2749 4057 illa,
2784 3990 2888 4045 alia
2940 4000 2997 4047 et
3042 4008 3236 4064 magna
3266 3994 3529 4066 projusto

1908 4084 2329 4155 apparabantur.
2388 4084 2522 4143 Cum
2551 4086 2602 4141 in
2633 4085 2839 4142 honore
2863 4087 3115 4159 degebat,
3152 4100 3278 4145 tunc
3302 4090 3353 4144 in
3386 4091 3529 4161 peri-

1908 4176 2033 4230 culo
2080 4185 2227 4247 erat;
2274 4192 2402 4232 cum
2448 4179 2499 4232 in
2552 4178 2869 4249 ignominia,
2918 4189 3044 4235 tunc
3087 4182 3141 4235 in
3188 4184 3526 4239 securitate:

1910 4285 2016 4325 non
2047 4286 2317 4327 memores
2344 4270 2462 4342 ejus
2491 4282 2647 4327 erant
2670 4273 2942 4339 eunuchi;
2968 4286 3021 4330 et
3047 4276 3185 4332 bene
3215 4297 3226 4331 :
3261 4291 3319 4331 ut
3346 4278 3529 4348 splen-

1909 4364 2084 4419 didior
2107 4365 2258 4421 lieret
2282 4367 2460 4421 exitus
2485 4381 2668 4433 causa,
2703 4375 2868 4438 utque
2896 4382 3005 4423 non
3036 4369 3286 4425 humanae
3317 4373 3526 4441 gratim,

1910 4459 2003 4513 sed
2027 4459 2224 4513 divina:
2246 4458 2601 4529 providentia:
2632 4469 2803 4515 totum
2835 4462 3272 4518 adscriberetur:
3306 4473 3363 4518 ut
3394 4473 3532 4519 tem~

1911 4553 2117 4622 pestive
2142 4552 2290 4607 illum
2310 4552 2377 4607 ad
2401 4568 2556 4608 usum
2577 4553 2915 4610 constituens
2936 4554 3222 4623 educeret;
3244 4566 3299 4610 ut
3319 4555 3532 4612 Pharao

1912 4658 2019 4698 non
2048 4644 2373 4699 beneficium
2405 4644 2541 4700 dans
2562 4687 2577 4713 ,
2607 4646 2701 4700 sed
2731 4646 2799 4701 ab
2828 4662 2893 4702 eo
2922 4647 3226 4718 accipiens,
3259 4649 3434 4719 ipsum
3460 4666 3531 4705 ex

1910 4750 2131 4791 carcere
2161 4735 2405 4806 cjiceret.
2454 4736 2573 4791 Non
2607 4738 2892 4807 oportebat
2922 4740 3119 4795 servile
3144 4741 3346 4797 donum
3384 4758 3533 4806 esse,

1911 4826 2005 4881 sed
2038 4842 2218 4896 regem
2251 4827 2576 4883 necessitate
2607 4830 2724 4900 cogi
2753 4847 2765 4882 :
2796 4840 3081 4901 oportebat
3124 4832 3266 4888 illius
3309 4834 3530 4904 sapien-

1914 4923 2038 4975 tiam
2070 4921 2412 4976 manifestam
2445 4938 2585 4978 esse.
2622 4923 2748 4978 ideo
2772 4924 3112 4979 obliviscitur
3141 4926 3442 4992 eunuchus,
3475 4938 3535 4983 ut

1914 5031 1980 5068 ne
2004 5015 2165 5069 lateat
2191 5015 2505 5087 A‘Igyptum,
2541 5025 2597 5070 ut
2628 5033 2695 5072 ne
2721 5016 2869 5071 illum
2903 5034 2997 5072 rex
3028 5019 3261 5088 ignoret.
3318 5018 3372 5074 Si
3405 5029 3531 5075 tunc

1913 5106 2140 5161 eductus
2183 5106 2390 5173 fuisset,
2418 5108 2556 5163 forte
2592 5109 2851 5164 voluisset
2894 5111 2948 5164 in
2991 5118 3188 5163 terram
3236 5125 3388 5164 suam
3443 5127 3536 5165 re-

1912 5199 2077 5254 verti:
2106 5200 2333 5269 ideoque
2352 5200 2497 5255 mille
2526 5201 2940 5257 necessitatibus
2971 5204 3266 5257 retinetur:
3294 5204 3533 5274 primum

1914 5290 2178 5357 dominio,
2225 5291 2425 5348 deinde
2477 5308 2735 5359 carcere,
2766 5295 2926 5349 tertio
2976 5295 3028 5349 in
3076 5310 3283 5366 regno,
3319 5306 3377 5349 ut
3417 5293 3542 5351 luce

1915 5385 2379 5456 dispensarentur.
2410 5387 2561 5445 Sicut
2583 5404 2711 5460 ergo
2740 5404 3063 5458 generosum
3090 5405 3285 5459 equum
3310 5391 3377 5444 ad
3406 5405 3543 5445 suos

1916 5480 2134 5535 exsilire
2154 5480 2447 5546 volentem,
2477 5482 2617 5536 Deus
2664 5498 2786 5537 eum
2836 5483 2994 5537 isthic
3022 5483 3285 5552 gloriosas
3311 5482 3383 5537 ob
3407 5497 3543 5537 eau-

1916 5586 2007 5626 sas
2034 5572 2275 5627 retinuit.
2325 5572 2479 5639 Quod
2508 5574 2651 5628 enim
2684 5584 2892 5645 patrem
2925 5575 3110 5630 videre
3158 5585 3391 5644 optaret,
3424 5586 3479 5631 et
3506 5592 3545 5631 τι

1920 5664 2109 5719 dolore
2140 5664 2379 5731 liberari,
2432 5667 2609 5737 palum
2642 5679 2813 5723 estex
2843 5684 2909 5723 eo
2933 5711 2945 5733 _.
2978 5668 3119 5739 quod
3149 5669 3324 5739 ipsum
3357 5668 3538 5725 isthuc

1919 5758 2193 5812 aceiverit.

1996 5854 2046 5905 4.
2082 5852 2257 5907 Vultis
2286 5853 2416 5907 alias
2447 5870 2661 5927 quoque
2683 5857 2962 5913 videamus
2996 5858 3238 5927 insidias,
3266 5859 3409 5931 quod
3442 5875 3551 5932 prn-
