4094 6336
576 391 690 444 «ii-$5

591 503 744 556 nobis
774 498 934 560 ﬁant,
966 508 1070 550 non
1102 490 1262 547 modo
1290 491 1429 562 quod
1461 487 1759 543 mercedem
1794 486 2044 552 habeant,
2077 487 2169 540 sed

590 593 748 647 etiam
782 590 832 642 in
870 589 986 658 ipso
1013 596 1253 654 tempore
1285 600 1379 654 pro
1408 583 1558 638 nobis
1586 580 1815 635 faciant?
1843 580 2009 650 Hujus
2037 581 2171 649 patri

594 695 809 754 patruus
839 682 1001 753 ipsius
1026 679 1303 735 insidiatus
1324 685 1425 741 est,
1455 683 1510 731 et
1529 690 1651 730 eum
1679 689 1707 727 a
1738 672 1907 743 patria
1935 671 2170 741 expulit:

590 777 714 847 quid
745 778 906 846 ergo?
930 775 1101 843 Ipsum
1125 786 1333 842 quoque
1351 768 1533 839 procul
1556 782 1586 822 a
1604 766 1843 838 periculo
1862 764 2170 829 constituit;

593 885 711 921 nam
754 870 804 921 in
848 876 961 921 tuto
993 865 1081 922 ille
1127 865 1261 919 fuit:
1294 861 1527 917 reddidit
1571 877 1693 917 eum
1733 859 1900 929 magis
1938 858 2173 928 philoso-

592 957 777 1025 phum,
802 955 927 1010 fecit
948 965 1007 1010 ut
1026 949 1228 1008 videret
1248 953 1534 1007 somnium.
1559 951 1664 1007 Sed
1688 950 1906 1005 servivit
1924 949 1972 1001 in
1998 949 2171 1003 aliena

592 1048 771 1102 terra?
806 1048 999 1102 Verum
1026 1046 1093 1100 ad
1122 1060 1246 1100 suos
1272 1043 1542 1113 profectus
1569 1058 1819 1112 sponsam
1845 1042 2038 1110 accipit
2059 1040 2170 1106 ilic,

592 1147 645 1192 ct
672 1138 863 1207 dignus
895 1135 1099 1189 videtur
1129 1149 1336 1190 socero.
1366 1134 1469 1189 Sed
1501 1134 1710 1202 det-epit
1734 1140 1787 1187 et
1813 1132 1936 1186 ille?
1968 1131 2074 1195 Sed
2106 1131 2171 1185 il-

595 1230 681 1285 lud
711 1232 759 1283 in
790 1230 984 1283 bonum
1011 1229 1205 1291 cessit,
1239 1236 1295 1282 ut
1323 1228 1610 1281 multorum
1641 1226 1865 1280 ﬁliorum
1898 1234 2048 1293 pater
2075 1224 2171 1279 lic-

595 1332 694 1377 ret.
722 1321 824 1377 Sed
850 1322 1015 1376 voluit
1040 1322 1317 1375 insidiari?
1347 1322 1416 1375 At
1454 1319 1555 1374 hoc
1584 1320 1743 1374 etiam
1778 1318 1827 1372 in
1855 1317 2051 1373 bonum
2085 1332 2173 1372 ce-

592 1413 689 1476 dit,
723 1422 777 1466 ut
808 1412 1022 1467 demutn
1048 1413 1111 1466 ad
1137 1421 1329 1466 terram
1366 1425 1515 1466 suam
1549 1410 1778 1465 rediret:
1808 1426 1928 1464 nam
1957 1410 1999 1465 si
2036 1409 2086 1464 in
2114 1424 2173 1464 re

594 1519 848 1573 pl‘OSjlﬂ'a
881 1505 1102 1570 fuisset,
1136 1518 1239 1557 non
1280 1504 1347 1557 ita
1387 1503 1607 1572 patriam
1649 1500 2027 1556 desiderasset.
2068 1499 2173 1555 Sed

595 1594 896 1649 mercedem
924 1595 996 1648 illi
1028 1594 1278 1649 abstulit?
1298 1596 1366 1647 At
1387 1594 1558 1663 major
1583 1592 1776 1647 deinde
1804 1591 1921 1647 fttit.
1947 1592 2035 1647 Sic
2061 1592 2175 1647 ubi-

592 1702 694 1755 que
723 1696 922 1756 quanto
949 1687 1117 1757 magis
1146 1686 1350 1741 insidiis
1388 1686 1801 1755 impetchantur,
1831 1693 1978 1739 tanto
2008 1684 2175 1753 magis

596 1792 682 1831 res
720 1778 952 1846 ipsorum
982 1777 1264 1833 florebant.
1300 1777 1411 1832 Nisi
1446 1777 1703 1847 majorem
1748 1776 2020 1842 duxisset,
2067 1790 2172 1830 non

593 1870 698 1922 cito
728 1868 914 1923 fuisset
946 1877 1023 1923 tot
1058 1869 1286 1923 ﬁliorum
1318 1877 1499 1937 pater;
1532 1869 1624 1923 sed
1656 1867 1706 1922 in
1738 1868 1965 1923 orbitate
1993 1868 2009 1899 ί
2042 1867 2177 1921 mul-

594 1970 703 2014 tum
735 1960 990 2030 temporis
1021 1961 1316 2030 exegisset,
1350 1968 1404 2014 et
1435 1960 1661 2014 lusisset
1688 1970 1745 2013 ut
1777 1974 1916 2012 uxor
1939 1973 2053 2013 sua.
2084 1958 2172 2011 llla

594 2070 823 2124 namque
868 2055 1057 2108 merito
1095 2053 1339 2123 lugebat,
1372 2066 1438 2106 eo
1466 2051 1606 2121 quod
1646 2067 1750 2114 non
1791 2060 1930 2106 esset
1970 2060 2171 2116 mater;

594 2146 707 2211 ipsc
739 2160 863 2197 vero
894 2145 1318 2199 consolationem
1356 2143 1515 2198 habet
1550 2161 1561 2195 :
1594 2143 1712 2199 ideo
1749 2144 1915 2214 ipsam
1944 2144 2171 2213 repellit.

592 2236 792 2289 Rursus
823 2235 869 2290 si
908 2252 1013 2289 non
1045 2236 1190 2290 illum
1219 2252 1248 2291 a
1281 2235 1528 2290 mercede
1558 2235 1838 2304 privasset,
1870 2250 1974 2288 non
1998 2244 2179 2305 optas-

593 2339 674 2383 set
700 2328 883 2382 videre
906 2336 1099 2382 terram
1131 2342 1303 2391 suam,
1329 2343 1503 2398 neque
1530 2328 1860 2397 philosophia
1884 2328 1979 2382 viri
2011 2344 2175 2398 appa-

597 2421 821 2481 ruisset,
858 2434 955 2473 nec
983 2421 1151 2489 magis
1182 2420 1255 2473 illi
1293 2419 1581 2474 familiares
1612 2420 1733 2473 facti
1764 2420 2009 2474 fuissent.
2048 2420 2176 2475 Vide

593 2527 821 2580 namque
859 2512 983 2580 quid
1018 2511 1195 2566 dicant
1224 2529 1237 2564 :
1271 2511 1572 2566 Devorando
1602 2513 1855 2566 devoravit
1882 2529 1973 2567 nos
2009 2524 2055 2567 et
2090 2530 2177 2567 ar-

592 2613 795 2671 gentum
819 2614 1040 2657 nostrum
1060 2603 1215 2674 (Gen.
1235 2606 1324 2659 51.
1348 2606 1460 2674 15).
1481 2606 1662 2675 Itaque
1682 2606 1782 2660 hoc
1800 2606 1997 2661 amoris
2017 2622 2179 2663 causa

596 2694 713 2747 fuit.
746 2695 978 2748 Ancillas
1005 2694 1220 2749 demum
1250 2694 1435 2748 habuit
1463 2710 1557 2764 pro
1584 2697 1838 2751 uxoribus
1857 2738 1872 2762 ,
1910 2706 1962 2752 et
1989 2697 2177 2767 dilige-

595 2786 749 2839 batur
779 2786 1001 2852 abillis,
1034 2788 1116 2841 cui
1145 2788 1468 2856 possessioni
1501 2788 1643 2841 nulla
1672 2790 1903 2844 conferri
1943 2791 2176 2859 poterit:

596 2876 725 2929 nihil
751 2877 892 2930 enim
919 2878 1199 2946 pretiosius
1228 2894 1384 2947 quam
1412 2880 1574 2932 amari
1601 2880 1669 2934 ab
1699 2895 1885 2946 uxore,
1914 2891 1967 2936 et
1998 2896 2180 2938 amare

594 2965 758 3019 illam.
787 2965 852 3018 Et
883 2984 1033 3031 uxor,
1058 2966 1248 3037 inquit,
1277 2969 1383 3021 viro
1410 2972 1727 3025 consentiens
1757 2970 1948 3039 (Eccli.
1976 2973 2064 3027 25.
2093 2971 2175 3041 2).

596 3058 742 3113 llane
774 3074 933 3112 unam
972 3060 1108 3115 inter
1137 3060 1493 3115 beatitudines
1519 3063 1667 3131 ponit
1701 3063 1922 3133 Sapiens
1949 3082 1963 3119 :
1992 3068 2044 3119 in
2076 3064 2180 3120 hoc

594 3149 737 3202 enim
776 3165 963 3205 omnes
996 3151 1228 3215 divitize,
1273 3153 1449 3207 omnis
1476 3151 1702 3208 felicitas
1731 3156 2014 3211 consistit:
2044 3157 2183 3211 sicut

598 3243 638 3293 si
670 3242 794 3296 illud
826 3257 927 3296 non
960 3243 1048 3306 sit,
1080 3244 1176 3295 alia
1208 3243 1339 3297 nihil
1366 3244 1585 3313 juvant,
1616 3245 1710 3299 sed
1741 3246 1992 3301 subversa
2022 3258 2176 3315 sunt,

597 3344 653 3386 (τι
694 3335 1005 3389 insuavitatc
1035 3335 1453 3405 confusioneque
1484 3336 1661 3405 plena.
1688 3336 1850 3406 Igitur
1870 3347 1924 3393 et
1952 3354 2049 3393 nos
2080 3340 2183 3394 hoc

600 3442 707 3494 pra:
734 3427 979 3482 omnibus
1017 3442 1339 3495 qumramus.
1379 3428 1477 3494 Qui
1514 3431 1769 3499 pecunias
1804 3432 2030 3500 quaerit,
2075 3447 2179 3486 non

598 3521 697 3573 hoc
726 3520 935 3588 qtttt't‘it.
968 3518 1092 3573 Haec
1117 3534 1440 3588 qumramus,
1470 3535 1589 3589 qua:
1612 3522 1763 3575 ﬁrma
1788 3536 1909 3577 esse
1935 3534 2179 3593 possunt.

599 3675 877 3784 “iuuaret.
906 3684 956 3725 et
978 3675 1171 3737 quddam
1196 3674 1277 3725 alii
1306 3675 1493 3738 legunt,
1531 3679 1915 3742 peregrinatione
1933 3717 1946 3743 ,
1967 3695 2074 3745 pro,
2101 3670 2179 3732 01"-

617 3748 679 3784 'tt
713 3750 757 3784 θ.

617 3748 757 3784 ’ΝΙαᾶ

728 3862 915 3869 —.—.——

920 3862 1019 3869 -ρ

1478 3865 1847 3877 ._______.____

1316 377 1371 433 S.
1413 342 1687 433 .IO.tNNlS
1725 372 2195 429 ειιῐιγδοετολιι
2240 370 2552 427 ARCHIEP.
2594 369 3121 426 CONS'IANTtNOP.

3778 369 3873 425 δη

2357 484 2497 539 Uxor
2526 500 2756 553 quwnam
2778 484 3031 538 ducenda.
3057 515 3121 524 --
3143 482 3219 539 Nc
3238 498 3543 554 qumramus
3568 485 3785 555 nuptias
3812 500 3877 541 es

2281 576 2576 645 opulentis,
2611 591 2678 629 ne
2701 591 2833 646 opes
2861 578 3037 630 nimizc
3061 577 3209 631 uxori
3238 575 3497 631 suadeant
3518 585 3578 630 ut
3600 578 3770 631 altum
3797 591 3879 631 sa-

2283 670 2409 737 piat,
2442 682 2509 722 ne
2538 680 2731 721 sensus
2760 668 2849 722 ille
2878 683 3038 723 causa
3070 671 3140 723 sit
3169 668 3547 738 corruptionis.
3577 668 3697 723 Non
3729 669 3881 725 vides

2281 762 2407 832 quid
2454 761 2642 817 fecerit
2682 761 2862 815 Deus?
2893 762 3163 831 quomodo
3210 762 3352 815 illam
3392 760 3749 816 subdiderit?
3774 762 3881 816 Cur

2283 854 2523 925 ingratus
2542 853 2638 909 es?
2660 868 2758 908 cur
2782 854 2899 909 sine
2921 856 3117 908 sensu?
3145 855 3297 921 Quod
3328 854 3418 908 tibi
3443 869 3507 907 ex
3536 863 3729 907 natura
3752 868 3880 909 cou-

2281 946 2477 1012 cessit,
2508 945 2609 1000 hoc
2650 953 2704 999 tu
2747 962 2813 999 ne
2852 959 3165 1012 corrumpas
3195 946 3470 999 auxilium.
3508 944 3624 1000 Non
3660 954 3719 1000 ut
3747 960 3879 1015 opu-

2282 1039 2480 1093 lentam
2511 1053 2754 1106 quaerere
2784 1046 3017 1108 oportet,
3048 1036 3141 1104 sed
3170 1047 3225 1090 ut
3246 1037 3368 1091 vita:
3390 1048 3696 1117 consortem
3727 1037 3795 1091 ad
3822 1034 3883 1090 li~

2282 1132 2441 1186 bcros
2471 1130 2853 1201 procreandos.
2886 1130 2999 1185 Non
3035 1130 3154 1184 ideo
3187 1146 3409 1185 uxorem
3440 1130 3589 1185 dedit
3620 1130 3792 1193 Deus,
3824 1137 3885 1182 ut

2282 1225 2534 1293 pecunias
2561 1223 2797 1290 afferret,
2830 1223 2925 1278 sed
2953 1233 3008 1277 ut
3034 1222 3263 1292 adjutrix
3287 1232 3450 1277 esset.
3484 1224 3614 1290 Qua:
3637 1237 3771 1277 vero
3794 1233 3885 1292 pe-

2280 1316 2463 1369 cunias
2489 1314 2661 1379 affert,
2683 1316 2843 1371 etiam
2862 1315 3142 1370 insidiatur
3160 1315 3175 1345 ¹
3199 1313 3276 1386 [et
3300 1314 3513 1369 domina
3538 1316 3593 1369 fit
3621 1330 3722 1385 pro
3747 1330 3884 1368 eon-

2276 1407 2435 1476 juge;
2472 1408 2578 1461 imo
2602 1407 2769 1461 bestia
2803 1422 2898 1477 pro
2920 1408 3143 1462 muliere
3171 1406 3219 1479 ],
3252 1408 3526 1477 altumque
3553 1422 3749 1477 sapere
3770 1406 3887 1461 vult

2281 1498 2349 1553 ob
2378 1498 2609 1553 divitias.
2643 1498 2783 1552 Nihil
2808 1500 3015 1569 turpius
3044 1499 3182 1565 viro,
3212 1499 3301 1569 qui
3329 1500 3399 1553 ita
3432 1498 3701 1554 ditescere
3732 1500 3879 1554 velit.

2281 1590 2412 1645 Nam
2445 1591 2488 1645 si
2513 1591 2622 1660 ipsa
2649 1591 2995 1660 pecuniarum
3026 1591 3290 1661 cupiditas
3313 1592 3701 1647 tentationibus
3726 1593 3882 1660 plena

2282 1689 2386 1745 est,
2418 1681 2484 1735 de
2510 1681 2809 1751 hujusmodi
2836 1681 3036 1735 divitiis
3061 1682 3188 1751 quid
3212 1681 3493 1738 dicemus?
3523 1680 3602 1737 Ne
3628 1683 3774 1736 enim
3806 1693 3888 1735 at-

2285 1775 2491 1840 tendas,
2526 1775 2568 1828 si
2598 1790 2720 1828 raro
2742 1775 2983 1841 accidat,
3018 1774 3063 1831 si
3086 1791 3235 1842 casu,
3274 1776 3316 1830 si
3347 1784 3545 1846 praeter
3570 1777 3842 1832 rationem
3870 1792 3883 1829 :

2283 1881 2457 1935 neque
2479 1866 2619 1920 enim
2651 1866 2771 1921 aliis
2798 1866 2981 1933 rebus,
3007 1869 3201 1937 quibus
3230 1868 3478 1923 fruuntur
3499 1869 3685 1938 aliqui,
3710 1878 3767 1922 et
3798 1870 3887 1922 in-

2282 1967 2496 2028 sperato
2521 1958 2795 2027 obtinent,
2830 1959 3219 2015 attendendum
3251 1970 3363 2026 est;
3396 1960 3489 2015 sed
3521 1960 3647 2031 quid
3684 1976 3887 2016 secun-

2281 2048 2405 2104 dum
2430 2050 2688 2105 rationem
2713 2051 2782 2105 sit
2808 2051 3107 2119 videamus,
3136 2067 3314 2106 annon
3340 2052 3484 2107 mille
3510 2053 3776 2107 moIeStiis
3798 2068 3890 2107 res

2285 2143 2441 2212 plena
2472 2144 2560 2198 sit.
2589 2144 2704 2199 Non
2738 2142 2886 2199 solus
2912 2145 3102 2214 ipsein
3132 2146 3420 2215 ignominia
3444 2146 3573 2211 eris,
3598 2145 3691 2201 sed
3720 2146 3888 2199 etiam

2287 2233 2427 2289 ﬁlios
2460 2235 2747 2305 deturpas,
2783 2251 3044 2307 pauperes
3076 2237 3416 2308 relinquens,
3450 2237 3494 2292 si
3518 2237 3811 2308 contigerit
3837 2247 3888 2293 te

2287 2327 2518 2396 priorem
2550 2328 2717 2392 mori;
2754 2328 2983 2398 hincque
3015 2328 3209 2382 multas
3235 2328 3331 2382 das
3361 2329 3513 2381 uxori
3544 2328 3885 2392 occasiones,

2286 2430 2341 2473 ut
2364 2421 2592 2474 alterum
2618 2431 2821 2489 quterat
2846 2421 3118 2475 maritum.
3143 2422 3334 2475 Annon
3362 2419 3532 2484 vides,
3558 2421 3697 2475 hanc
3722 2420 3891 2475 fuisse

2285 2512 2466 2567 multis
2493 2511 2853 2567 secundarum
2888 2510 3192 2582 nuptiarum
3227 2527 3445 2567 causam
3465 2554 3481 2578 ,
3520 2521 3580 2566 ut
3612 2527 3719 2567 non
3751 2527 3888 2566 con-

2286 2611 2672 2667 temnerentur,
2706 2612 2757 2657 et
2784 2615 2841 2658 ut
2861 2613 3168 2673 quaererent
3188 2604 3324 2659 alios
3350 2604 3438 2673 qui
3470 2618 3583 2660 rem
3614 2619 3771 2660 suam
3793 2620 3887 2659 cu-

2286 2698 2502 2749 rarent'!
2528 2694 2604 2749 Nc
2632 2696 2811 2764 igitur,
2840 2710 3043 2764 quaeso,
3078 2706 3297 2766 propter
3336 2710 3467 2765 opes
3503 2704 3648 2748 tanta
3681 2710 3881 2763 opere-
3971 2688 3982 2703 °

2288 2804 2469 2843 remur
2507 2789 2683 2853 mala;
2730 2787 2825 2843 sed
2876 2788 3055 2841 omnia
3101 2787 3505 2858 relinquamus,
3550 2796 3604 2842 et
3648 2788 3886 2841 animant

2285 2881 2813 2951 quaeramusbonam
2836 2922 2850 2946 ,
2884 2890 2941 2934 ιιι
2982 2890 3035 2936 et
3072 2880 3350 2935 caritatem
3386 2894 3761 2950 assequamur.
3796 2880 3889 2934 Ha:

2286 2982 2413 3028 sunt
2440 2988 2644 3043 magna:
2669 2972 2887 3037 divitiaa,
2922 2971 3009 3027 hic
3044 2988 3271 3043 magnus
3302 2971 3614 3036 thesaurus,
3653 2971 3771 3026 hzee
3804 2973 3887 3025 in-

2289 3080 2511 3119 numera
2548 3064 2684 3119 bona
2712 3082 2723 3115 :
2760 3063 2952 3134 quibus
2984 3064 3186 3117 utinam
3216 3078 3315 3118 nos
3349 3078 3538 3118 omnes
3567 3061 3810 3118 fruamur
3838 3071 3891 3117 ct

2289 3156 2581 3209 secundum
2610 3155 2755 3225 leges
2781 3155 2875 3209 Dei
2900 3157 3163 3219 vivamus,
3194 3165 3248 3209 ut
3269 3164 3322 3209 et
3346 3155 3524 3210 futura
3553 3155 3690 3210 bona
3716 3157 3891 3225 possi-

2289 3262 2409 3301 mus
2431 3246 2677 3316 adipisci,
2705 3246 2875 3317 gratia
2898 3257 2945 3301 et
2977 3247 3305 3316 benignitate
3329 3248 3537 3302 Domini
3567 3250 3735 3303 nostri
3760 3250 3889 3305 .lcsu

2289 3339 2507 3405 Christi,
2540 3339 2753 3408 quicum
2788 3338 2929 3391 Patri
2951 3347 3001 3391 et
3030 3338 3250 3409 Spiritui
3281 3349 3466 3393 sancto
3489 3340 3682 3410 gloria,
3718 3341 3890 3410 impe-

2290 3434 2461 3495 rium,
2496 3432 2689 3495 honor,
2725 3445 2866 3485 nunc
2903 3438 2955 3485 et
2997 3445 3230 3501 semper,
3255 3440 3309 3487 et
3340 3432 3393 3486 in
3430 3430 3625 3486 saecula
3655 3432 3890 3488 smculo-

2290 3540 2429 3578 rum.
2457 3524 2647 3577 Amen.

2356 3686 2371 3715 ί
2398 3690 2512 3740 Qua:
2545 3681 2735 3730 uncinis
2757 3678 3061 3742 clauduntur,
3088 3679 3269 3730 desunt
3293 3680 3341 3729 in
3378 3678 3562 3741 Moutf.,
3587 3688 3640 3730 et
3663 3694 3692 3729 c
3735 3680 3887 3731 Codd

2289 3744 2511 3809 suppleta
2536 3751 2667 3793 sunt.

2009 3946 2355 4009 HOMILIA
2413 3943 2485 4002 L.

598 4083 723 4138 Car.
751 4083 839 4138 23.
870 4099 921 4135 v.
950 4084 1035 4137 5i.
1075 4082 1262 4137 Milites
1301 4100 1440 4155 ergo,
1491 4094 1543 4138 ut
1571 4099 1874 4157 praeceptum
1910 4100 2018 4144 erat
2062 4092 2177 4156 sibi,

669 4186 974 4228 assumentes
1004 4174 1247 4237 Paulum,
1277 4176 1527 4230 duxerunt
1555 4195 1642 4246 per
1678 4190 1870 4233 noctem
1902 4183 2181 4252 Antipatri-

669 4268 800 4320 dem.
834 4267 921 4321 52.
953 4268 1015 4319 Et
1044 4277 1241 4335 postera
1284 4270 1364 4323 die
1407 4270 1594 4324 relictis
1635 4272 1877 4340 equitibus
1908 4285 1958 4327 ut
1985 4292 2096 4327 cum
2124 4293 2181 4330 eo

672 4358 818 4419 irmt,
851 4360 1161 4411 reversisunt
1192 4360 1259 4411 ad
1271 4371 1454 4413 castra.
1474 4347 1573 4416 '55.
1607 4363 1668 4415 At
1689 4362 1765 4416 illi
1795 4382 1907 4417 cum
1937 4367 2183 4419 venissent

669 4449 954 4503 Caesaream
972 4491 984 4507 ,
1010 4462 1056 4501 et
1085 4452 1409 4504 tradidissent
1436 4455 1698 4521 epistolam
1728 4457 1933 4526 prasidi
1955 4498 1969 4522 ,
1995 4467 2181 4512 statue-

670 4550 785 4593 runt
813 4550 927 4593 ante
958 4540 1100 4593 illum
1119 4550 1163 4593 et
1186 4538 1426 4593 Paulum.

670 4636 720 4686 1.
765 4632 925 4700 Quasi
985 4645 1164 4701 regem
1206 4632 1490 4701 quemdam
1538 4636 1856 4691 satellitibus
1905 4639 2177 4705 stipatum,

599 4724 964 4778 transmittunt
1026 4738 1145 4776 cum
1199 4732 1341 4777 tanta
1391 4725 1731 4779 multitudine
1787 4736 1840 4780 ct
1897 4728 1947 4780 itt
2002 4738 2175 4794 nocte,

603 4816 850 4867 timentes
899 4815 1029 4867 iram
1070 4824 1122 4869 et
1152 4815 1406 4884 impetum
1440 4818 1643 4885 pOpuli.
1688 4818 1972 4887 Postquam
2022 4822 2179 4889 igitur

600 4906 873 4972 eiecerunt
915 4905 1061 4958 illum
1106 4920 1170 4958 ex
1226 4907 1458 4973 civitate,
1512 4917 1635 4963 tunc
1682 4909 1964 4964 desistunt.
1997 4912 2179 4981 Neque

600 4998 846 5050 tribunus
874 5012 995 5051 cum
1028 5006 1169 5051 tanta
1194 4997 1340 5051 illum
1386 5001 1616 5055 misisset
1661 5005 1968 5069 securitate,
2002 5006 2099 5059 nisi
2129 5015 2181 5060 et

600 5092 772 5158 ipsum
812 5090 1085 5143 innoxium
1128 5099 1365 5159 putasset
1392 5132 1405 5156 ,
1443 5100 1495 5144 et
1528 5092 1737 5145 illorum
1781 5097 2176 5163 sanguinarium

598 5184 831 5235 animum
861 5183 1112 5236 novisset.
1146 5200 1161 5232 t
1194 5182 1281 5236 54.
1302 5183 1430 5237 Cum
1464 5194 1639 5238 autem
1669 5186 1901 5254 legisset,
1932 5183 1982 5241 et
2011 5190 2179 5243 inter-

600 5284 838 5343 rogasset
865 5274 930 5327 de
958 5289 1059 5343 qua
1092 5276 1357 5343 provincia
1390 5287 1551 5343 esset,
1580 5276 1921 5347 audissetque
1946 5282 2083 5348 quod
2113 5300 2176 5335 ex

598 5367 776 5419 Cilicia
812 5385 823 5417 :
855 5367 942 5423 35.
978 5352 1203 5419 Audiam
1234 5376 1299 5432 te,
1341 5368 1527 5437 inquit,
1562 5384 1681 5422 cum
1733 5382 2072 5426 aecusatores
2104 5374 2174 5426 ttti

599 5462 840 5513 venerint
872 5479 883 5514 :
912 5461 1176 5530 jussitqtte
1201 5461 1345 5514 illum
1376 5466 1423 5515 in
1463 5464 1711 5531 przetorio
1743 5464 1970 5518 Herodis
1995 5478 2173 5520 custo-

596 5551 720 5609 diri.
754 5570 768 5598 ι
794 5552 906 5605 Jam
938 5554 1139 5620 proillo
1163 5554 1419 5607 rationem
1444 5556 1663 5611 dederat
1685 5558 1906 5627 Lysias;
1940 5570 2172 5615 attamen

599 5642 771 5695 adhuc
807 5643 909 5695 illic
939 5644 1085 5699 illum
1118 5644 1285 5699 Judaei
1319 5646 1632 5702 adoriuntur
1655 5691 1669 5714 ,
1717 5663 1767 5704 et
1800 5666 2174 5721 pra'occupant

596 5734 913 5800 auditorem,
958 5748 1011 5791 et
1054 5739 1242 5791 iterum
1294 5740 1343 5791 in
1394 5740 1598 5795 vincula
1648 5742 1931 5812 conjicitur
1990 5764 2001 5798 :
2051 5747 2170 5799 audi

599 5828 904 5893 quomodo:
941 5828 1239 5900 $017.21.)
1302 5832 1348 5885 1,
1408 5830 1527 5885 l’ost
1587 5839 1801 5905 qttittqne
1856 5854 2018 5892 autem
2063 5840 2166 5891 dies

2285 4084 2539 4141 descendit
2575 4083 2808 4153 princeps
2836 4080 3153 4135 sacerdotum
3181 4079 3406 4135 .tnanias
3448 4097 3562 4134 cum
3605 4082 3889 4139 senioribus

2284 4190 2329 4232 et
2380 4177 2608 4231 Tertullo
2656 4176 2873 4245 quodam
2918 4183 3154 4239 oratore,
3206 4176 3291 4245 qui
3333 4176 3568 4228 adierunt
3619 4178 3892 4244 prasidem

2286 4271 2522 4322 adversus
2565 4267 2810 4321 Paulum.
2836 4266 2970 4320 Vide
3012 4267 3281 4335 quomodo
3332 4284 3505 4337 neque
3546 4268 3617 4321 ita
3660 4268 3889 4324 destite-

2286 4371 2433 4426 runt,
2480 4361 2571 4415 sed
2624 4361 2866 4425 veniunt,
2910 4358 3035 4413 licet
3086 4360 3233 4415 mille
3279 4369 3567 4414 occurrant
3593 4361 3796 4429 obices,
3832 4374 3891 4418 ut

2289 4457 2397 4510 illic
2447 4456 2859 4509 confundantur.
2905 4473 2923 4506 ι
2958 4455 3011 4509 2.
3065 4455 3129 4510 Et
3162 4457 3329 4511 citato
3376 4458 3470 4511 illo
3520 4460 3680 4527 cmpit
3721 4475 3890 4515 accu-

2287 4563 2407 4602 sare
2436 4546 2723 4610 Tertullus,
2755 4546 2939 4602 dicens
2973 4564 2986 4601 :
3021 4548 3153 4601 Cum
3188 4548 3240 4602 in
3293 4549 3456 4603 multa
3490 4564 3616 4618 pace
3661 4567 3891 4620 agamus

2286 4655 2383 4709 per
2412 4650 2481 4705 te,
2507 4650 2559 4695 et
2610 4640 2770 4695 multa
2824 4638 2963 4695 bona
3004 4656 3165 4710 opera
3208 4640 3339 4697 ﬁant
3370 4643 3421 4696 in
3459 4642 3559 4697 hac
3600 4655 3757 4708 gente
3791 4662 3893 4714 per

2288 4741 2429 4786 tuam
2459 4732 2873 4801 providentiam,
2906 4735 2957 4786 5.
2986 4748 3199 4802 semper
3230 4744 3281 4788 et
3310 4736 3506 4805 ubique
3530 4738 3887 4804 suscipimus,

2285 4826 2487 4893 Optime
2522 4826 2693 4893 Felix,
2726 4842 2845 4881 cum
2891 4827 3037 4879 omni
3082 4827 3373 4896 gratiarum
3418 4830 3647 4883 actione.
3696 4842 3749 4883 4.
3803 4830 3893 4886 Ne

2284 4916 2482 4971 diutius
2509 4928 2686 4972 autem
2721 4928 2771 4971 te
2799 4916 3128 4984 protraham,
3163 4932 3279 4984 oro,
3307 4918 3541 4974 breviter
3563 4920 3749 4975 audias
3782 4938 3891 4976 nos

2286 5025 2381 5077 pro
2434 5020 2518 5064 tua
2571 5010 2880 5064 clementia.
2922 5028 2946 5060 ι.
2988 5011 3143 5080 Atqui
3176 5026 3270 5066 vos
3313 5011 3413 5067 hoc
3470 5012 3671 5068 fecistis
3706 5031 3716 5065 :
3753 5016 3890 5084 quid

2286 5103 2444 5170 igitur
2475 5118 2610 5170 opus
2638 5110 2756 5156 erat
2782 5103 3031 5156 oratore?
3066 5103 3196 5159 Vide
3222 5106 3497 5173 quomodo
3547 5104 3634 5159 hic
3665 5122 3890 5176 quoque

2283 5194 2459 5247 statim
2492 5195 2558 5247 ab
2586 5194 2807 5247 exordio
2836 5195 2982 5248 illum
3006 5205 3061 5248 ut
3086 5207 3394 5251 novatorem
3426 5197 3735 5254 seditiosum
3766 5202 3891 5258 vult

2285 5288 2582 5351 traducere,
2607 5286 2845 5342 laudibus
2865 5303 2991 5342 vero
3015 5290 3248 5357 judicem
3274 5300 3628 5359 prmoccupat.
3650 5292 3886 5361 Deinde,

2281 5381 2429 5448 quasi
2488 5380 2651 5432 multa
2696 5378 2919 5434 dicenda
2970 5380 3183 5445 habeat,
3236 5386 3618 5450 prastercurrit,
3675 5395 3727 5438 et
3773 5384 3891 5442 hoc

2282 5490 2441 5526 ttnum
2489 5472 2617 5525 dicit
2650 5488 2661 5523 :
2693 5471 2773 5524 Ne
2824 5473 3016 5525 diutius
3065 5483 3234 5525 autem
3287 5484 3331 5526 te
3378 5477 3695 5541 protrahunt.
3740 5477 3889 5536 Vide

2281 5564 2549 5633 quomodo
2583 5564 2834 5631 puniendi
2862 5564 3191 5618 desiderium
3214 5566 3375 5633 judici
3403 5568 3677 5633 immittat,
3713 5573 3886 5639 quasi

2279 5653 2737 5722 comprehensum
2791 5671 2953 5720 cuiu,
3013 5655 3101 5723 qui
3155 5658 3337 5712 orhem
3396 5658 3771 5723 subverteret,
3822 5672 3885 5718 et

2282 5746 2432 5814 quasi
2482 5745 2547 5797 de
2600 5747 2856 5814 pra‘claro
2901 5761 3063 5814 opere
3109 5750 3365 5803 sentiunt.
3419 5768 3438 5801 ‹
3478 5752 3531 5805 5.
3567 5750 3886 5809 invenimus

2284 5846 2417 5894 hunc
2454 5841 2719 5894 hominem
2752 5839 3085 5907 pestiferum,
3119 5851 3165 5895 et
3195 5844 3549 5899 concitantem
3576 5844 3881 5904 seditiones
