4094 6336
131 430 219 482 ’515

130 535 363 590 «ιιιιιιὶὺιιε
393 532 603 590 ,ιιιιιωίε
632 534 685 588 in
714 530 964 588 universo
991 528 1147 595 orbe,
1180 538 1237 582 et
1266 536 1543 581 auctorem
1574 522 1719 577 sedi-

132 629 276 682 tionis
321 638 490 683 seet-1:
538 626 961 688 Nazareuorum,
1012 621 1066 677 6.
1119 622 1210 692 qui
1260 624 1421 675 etiam
1467 615 1724 685 templum

132 720 321 774 violare
342 727 574 773 conatus
601 726 684 771 est
708 735 723 771 :
755 729 914 786 quem
940 722 996 768 et
1030 712 1428 782 apprehensum
1458 707 1727 762 voluimus

132 811 424 864 serundum
457 810 630 878 legem
660 816 899 861 n0stram
945 804 1211 875 judicare.
1244 803 1296 856 7.
1328 798 1727 869 Superveniens

131 913 296 957 autem
344 902 599 956 tribunus
643 899 854 969 Lysias,
901 913 1021 951 cum
1055 896 1102 949 vi
1142 908 1333 965 magna
1377 891 1573 961 eripuit
1601 904 1725 944 eum

130 996 185 1048 ile
212 994 469 1047 manibus
498 991 723 1055 nostris,
752 990 806 1044 8.
834 988 1038 1059 jubens
1066 994 1413 1042 accusatores
1442 982 1558 1052 ejus
1580 979 1645 1033 ad
1676 987 1729 1033 te

136 1086 308 1138 vt-nire
334 1100 350 1149 ;
380 1098 411 1136 a
442 1096 550 1153 quo
576 1081 780 1151 poteris
812 1081 929 1150 ipse
949 1079 1204 1149 judicans
1248 1075 1318 1130 de
1348 1073 1597 1128 omnibus
1619 1069 1729 1125 illis

130 1189 471 1244 tognmcre,
516 1172 584 1227 de
620 1172 814 1243 quibus
861 1186 960 1225 nos
989 1182 1308 1224 accusamus
1337 1181 1483 1221 cum.
1527 1162 1725 1218 Conci-

133 1278 344 1328 taatem,
383 1285 405 1319 ι
460 1266 672 1335 inquit,
727 1283 747 1316 ι
781 1262 1079 1318 seditiones
1118 1260 1369 1314 omnibus
1410 1256 1613 1312 Judwis
1672 1256 1727 1307 in

131 1359 375 1411 universo
399 1356 551 1412 urbe.
592 1374 613 1407 ι
652 1355 714 1409 Ut
747 1353 1063 1424 pestiferum
1092 1361 1148 1406 et
1178 1363 1522 1405 communem
1550 1354 1727 1415 genus

132 1453 331 1506 Instent
361 1450 513 1505 illum
554 1448 956 1503 calumniantur
976 1487 990 1511 ,
1023 1460 1087 1500 ac
1117 1453 1282 1499 secta:
1327 1442 1724 1495 Nazarcnnrum

130 1547 528 1619 principem=(a)
550 1545 690 1617 [lloc
715 1544 1006 1598 maximum
1034 1541 1243 1596 crimen
1272 1537 1555 1593 videbatur
1585 1532 1726 1603 quod

129 1651 260 1695 esset
289 1631 657 1705 Nazarenus.]
719 1636 841 1691 ideo
868 1634 973 1689 hoc
995 1632 1383 1703 produxerunt,
1406 1638 1461 1685 et
1486 1643 1549 1682 ea
1577 1626 1644 1680 dc
1670 1639 1730 1679 re

131 1733 315 1786 iterum
346 1726 813 1785 calumniahantur
832 1742 987 1786 eum;
1019 1724 1247 1780 Nazaret
1273 1723 1415 1779 enim
1440 1721 1560 1775 vilis
1590 1730 1725 1775 erat.

133 1822 187 1875 Et
215 1823 555 1885 invadentes,
590 1821 783 1890 inquit.
820 1818 953 1873 Vide
976 1860 990 1882 ,
1024 1832 1185 1886 quam
1229 1824 1449 1871 versute
1492 1812 1640 1867 illutn
1672 1820 1731 1865 ut

132 1912 414 1983 profugum
466 1912 890 1975 calumuicntur,
925 1910 1008 1962 vix
1059 1908 1207 1962 illum
1260 1906 1557 1974 aSscquuti,
1606 1918 1726 1957 cum

128 2016 327 2074 septem
358 2004 552 2059 diebus
580 2004 631 2056 in
664 2002 865 2073 templo
890 2002 1069 2055 fuerit.
1094 2000 1259 2067 Quem
1280 2007 1324 2051 et
1354 1996 1730 2066 apprehensum

129 2102 374 2151 roluimus
404 2097 686 2151 secundum
714 2096 873 2166 legem
900 2102 1123 2147 nostram
1145 2091 1405 2162 judicare.
1435 2088 1565 2143 Vide
1594 2102 1730 2157 quo-

132 2192 283 2244 modo
312 2201 369 2245 et
396 2190 572 2259 legem
592 2188 918 2243 contumelia
948 2185 1187 2240 afﬁciant
1221 2203 1234 2237 :
1266 2184 1367 2238 nisi
1397 2183 1623 2237 fortasse
1645 2196 1732 2235 se-

129 2282 357 2336 cundum
411 2281 586 2351 legem
636 2289 775 2341 erat,
806 2280 1117 2343 verberare,
1160 2274 1432 2339 occidere,
1467 2273 1726 2328 insidiari.

130 2373 377 2443 Sequitur
406 2372 584 2444 Lysiae
612 2372 903 2427 acettsatin.
953 2370 1328 2439 Superveniens
1354 2377 1521 2420 autem
1549 2364 1732 2435 Lysias

131 2467 354 2517 tribunus
376 2481 494 2517 cum
522 2464 570 2515 vi
600 2479 789 2533 magna
810 2462 995 2531 eripuit
1022 2468 1135 2514 eum
1165 2476 1229 2513 ea:
1254 2458 1486 2512 manibus
1524 2458 1728 2511 nostris.

131 2558 236 2612 Non
264 2557 633 2613 conveniebat
664 2556 761 2621 illi,
798 2555 992 2625 inquit,
1024 2570 1140 2608 rem
1171 2553 1309 2608 hanc
1337 2551 1537 2616 facere,
1572 2566 1731 2621 quam

132 2660 303 2703 tamen
334 2648 488 2703 fecit.
530 2647 611 2701 Ex
637 2663 737 2715 quo
764 2647 953 2715 poteris
974 2646 1220 2717 judicans
1264 2645 1329 2698 de
1377 2643 1456 2697 his
1500 2644 1735 2697 omnibus

132 2757 454 2811 cognoscere,
486 2743 549 2793 de
576 2740 757 2807 quibus
788 2756 880 2793 nos
912 2753 1215 2791 accusamus
1234 2737 1402 2789 illum.
1430 2741 1483 2789 9.
1519 2736 1735 2803 Adjecco

132 2845 238 2888 runt
268 2847 445 2889 autem
481 2844 527 2887 et
554 2833 759 2895 Jndwi,
794 2833 1014 2885 dicentes
1042 2832 1148 2885 Iuec
1180 2830 1248 2882 ita
1284 2845 1338 2882 se
1366 2828 1566 2882 habere.
1597 2827 1735 2894 Quid

129 2943 251 2993 ergo
284 2924 525 2978 l'aulus?
557 2940 683 2977 nutn
708 2924 773 2977 ad
803 2923 916 2977 haec
963 2922 1143 2976 tacet?
1173 2920 1411 2984 Minime,
1443 2918 1537 2973 sed
1568 2918 1738 2999 libere

131 3020 144 3072 l
168 3021 362 3088 lquitur
393 3020 592 3073 iterum
621 3026 675 3071 et
706 3015 1019 3085 reSpondet,
1051 3014 1212 3083 idque
1236 3013 1454 3066 volente
1481 3010 1732 3079 pricside;

130 3112 364 3165 subdidit
394 3110 545 3165 enim
579 3127 591 3162 :
627 3126 647 3161 ι
690 3110 779 3163 10.
812 3108 1111 3177 Respondit
1155 3114 1337 3159 autent
1370 3104 1604 3170 Paulus,
1637 3118 1738 3156 an-

133 3217 329 3261 nuente
357 3204 464 3257 sibi
508 3202 735 3272 prmside
774 3212 830 3254 ut
876 3201 1118 3254 diceret:
1154 3198 1229 3252 Ex
1280 3197 1461 3251 inultis
1500 3197 1655 3250 anuis
1688 3205 1739 3250 te

130 3295 736 3365 essejustumjudicem
764 3292 911 3362 genti
943 3290 1068 3344 huic
1106 3292 1286 3344 sciens
1313 3330 1327 3352 ,
1379 3289 1519 3343 houo
1557 3288 1740 3341 animo

133 3406 221 3456 pre
252 3406 341 3442 uie
374 3385 727 3440 satisfaciam.
761 3385 849 3438 11.
882 3381 1041 3437 Putes
1062 3382 1206 3435 enim
1231 3394 1581 3456 cognoscere,
1616 3379 1738 3448 quia

132 3495 230 3533 non
296 3479 421 3548 plus
472 3486 597 3531 sunt
660 3475 789 3528 mihi
839 3474 995 3538 dies,
1075 3488 1236 3541 quam
1282 3471 1606 3536 duodecim,
1675 3460 1742 3524 ex

130 3588 232 3639 quo
260 3570 489 3625 ascendi
514 3569 741 3623 adorare
788 3568 840 3621 in
881 3566 1181 3622 Jerusalem
1220 3584 1233 3620 :
1271 3567 1354 3621 l2.
1390 3576 1445 3622 et
1479 3581 1653 3636 neque
1687 3568 1737 3620 in

132 3663 337 3732 templo
390 3662 715 3715 invenerunt
744 3673 830 3713 me
866 3674 987 3715 cum
1029 3658 1211 3727 aliquo
1255 3658 1619 3726 disputantem
1650 3669 1743 3713 aut

132 3769 463 3809 concursum
497 3752 780 3821 facientem
808 3750 1002 3812 turhte,
1027 3759 1203 3819 neque
1225 3750 1276 3803 in
1310 3750 1617 3821 synagogis,
1651 3752 1738 3805 15.

133 3863 307 3917 neque
356 3846 409 3900 iu
454 3814 714 3899 civitate\:
754 3858 927 3913 neque
968 3843 1197 3919 probare
1239 3852 1464 3912 pissuut
1524 3860 1621 3905 ea,
1675 3845 1747 3901 de

131 3942 328 4007 quith
365 3953 509 3991 nunc
536 3952 621 3989 me
647 3943 920 3989 accusant.
958 3954 975 3985 ι
1022 3934 1135 3986 Non
1169 3944 1294 3988 sunt
1328 3935 1442 3989 hmc
1474 3936 1745 3992 adulatio-

134 4038 213 4087 nis
244 4033 440 4094 verba,
480 4031 754 4086 testificari
781 4029 939 4097 iudici
966 4028 1229 4097 justitiam
1254 4045 1268 4093 ;
1303 4030 1397 4084 sed
1432 4031 1518 4083 illa
1544 4032 1744 4100 petitis,

132 4128 257 4179 Cum
290 4128 350 4178 in
398 4124 562 4176 malm
606 4138 729 4192 pace
765 4138 977 4191 agamus
1023 4138 1111 4190 per
1156 4131 1219 4174 te.
1255 4120 1363 4175 Cur
1392 4137 1521 4192 ergo
1551 4125 1748 4193 injuste

135 4218 443 4269 seditiones
471 4213 669 4282 agitis?
704 4212 983 4281 Perpende
1005 4221 1210 4278 autem,
1247 4212 1323 4266 illi
1343 4215 1407 4266 ad
1431 4216 1747 4283 injustitiatu

139 4309 445 4375 pellebant,
484 4306 569 4357 hic
612 4304 875 4373 justitiam
925 4305 1204 4369 qumrebat
1246 4322 1259 4356 :
1311 4304 1435 4360 ideo
1488 4305 1747 4362 dicebat:

139 4400 279 4453 Bono
329 4400 507 4451 animo
555 4414 647 4466 pro
700 4413 780 4450 me
817 4397 1164 4465 satisfaciam;
1207 4396 1401 4453 deinde
1446 4414 1474 4451 a
1510 4411 1753 4470 tempore

137 4494 434 4547 rutiliriuat
461 4510 474 4542 ε
516 4489 577 4543 Et
610 4490 781 4542 multis
817 4489 985 4555 antiis,
1021 4490 1214 4558 inqttit,
1246 4502 1294 4543 te
1322 4492 1542 4549 iudicem
1568 4497 1750 4550 sciens.

142 4587 204 4639 Et
241 4585 382 4655 quid
418 4585 521 4637 hoc
562 4583 629 4636 ad
670 4583 1187 4637 detnonstratiOnetn
1219 4584 1553 4640 Condttccbat
1576 4587 1598 4639 ?
1624 4587 1755 4642 Mul-

140 4688 248 4729 tum
286 4694 299 4727 :
337 4674 583 4727 ostendit
628 4673 773 4726 enim
802 4674 976 4742 ipsum
1028 4690 1244 4743 quoque
1291 4677 1466 4740 scire,
1520 4680 1653 4732 nihil
1698 4695 1757 4735 se

139 4782 335 4821 eorum
390 4765 620 4825 iet-isse,
662 4764 729 4818 de
767 4766 960 4833 quibus
996 4772 1366 4822 accusabatur.
1420 4770 1473 4823 Si
1519 4787 1647 4826 vero
1674 4789 1759 4828 sc-

138 4861 411 4913 ditionem
440 4857 787 4917 concitasset,
817 4857 929 4924 ipse
956 4858 1119 4927 judex
1151 4869 1371 4926 nosset,
1403 4878 1575 4931 neque
1609 4865 1759 4919 illum

142 4962 290 5004 tanta
322 4964 412 5003 res
446 4951 660 5001 lateret.
694 4948 897 5003 Deinde
926 4950 1351 5018 quiaaccusator
1376 4953 1505 5007 nihil
1528 4956 1749 5024 ργοικιη

143 5052 404 5113 potuerat
446 5042 834 5112 Jerosolymis,
867 5044 988 5098 vide
1018 5046 1142 5113 quid
1177 5047 1319 5101 dicat
1352 5067 1363 5100 :
1404 5049 1648 5104 Omnibus
1676 5056 1762 5122 qui

142 5139 195 5189 in
243 5147 360 5190 toto
389 5136 512 5189 orbe
540 5145 658 5187 sunt
695 5133 918 5200 ludatis,
956 5139 1292 5192 mendacium
1338 5143 1619 5197 mendacio
1663 5148 1760 5199 ati-

144 5232 282 5285 dens
311 5232 357 5283 ¹.
386 5230 513 5283 Ideo
545 5228 741 5283 Paulus
770 5229 894 5285 inde
922 5230 1068 5285 illum
1091 5232 1408 5298 deturbatis,
1442 5237 1516 5289 ait
1566 5256 1577 5288 :
1621 5239 1757 5293 Αιιυ-

147 5333 364 5376 mturus
386 5320 635 5384 escendi;
665 5323 815 5390 quasi
843 5338 902 5376 se
934 5324 1011 5378 sic
1038 5340 1270 5395 purgans
1298 5326 1558 5384 :Tantum
1591 5334 1764 5394 abest.

149 5423 201 5466 ul
230 5412 548 5467 seditiones
578 5413 809 5466 excitem
838 5429 854 5477 ;
883 5425 935 5468 et
970 5416 1021 5469 in
1058 5419 1161 5473 hoc
1191 5433 1431 5474 moratur
1461 5424 1765 5490 ratioei:.ie,

147 5506 298 5574 quod
326 5514 479 5558 certe
503 5504 738 5559 validum
761 5516 917 5572 erat;
952 5508 1100 5563 addit
1130 5513 1273 5566 enim
1308 5530 1319 5565 :
1356 5511 1537 5584 Neque
1562 5518 1613 5569 in
1646 5530 1772 5571 tem-

148 5598 256 5666 plo,
290 5614 461 5663 neque
485 5597 534 5650 in
557 5598 779 5664 civitate,
805 5616 960 5670 neque
980 5602 1031 5655 in
1062 5606 1333 5675 synagogis
1364 5606 1660 5662 invenerunt
1693 5628 1770 5664 me

222 5736 235 5797 ἐ
284 5734 434 5791 Illud,
459 5734 796 5794 mendacium,
816 5736 1070 5787 mendacio
1092 5738 1300 5797 addens,
1341 5742 1489 5792 deest
1513 5743 1560 5792 in
1587 5758 1706 5795 uno.

214 5796 295 5855 (α)
316 5802 435 5868 Quae
463 5797 591 5868 inter
616 5798 824 5868 uncinos
845 5797 1003 5868 clausa
1024 5806 1134 5851 sunt
1156 5813 1252 5850 non
1277 5796 1567 5867 legtmturiu
1588 5808 1770 5868 Menti,

154 5864 311 5919 itque
343 5869 375 5903 e
392 5858 560 5905 sasilo
578 5858 811 5920 suppleta
834 5867 964 5908 amt.

1162 414 1228 471 ΙΝ
1269 413 1452 470 ACTA
1492 406 2015 467 APOSTOLURIEM.
2062 408 2289 462 llOMlL.
2337 407 2395 462 L.

3333 407 3439 462 3-56

1832 537 1945 572 cum
1978 521 2151 590 aliqua
2192 523 2559 592 disputantem.
2602 523 2754 590 Quod
2800 524 2965 579 etiam
2997 539 3182 580 verum
3210 533 3345 581 erat.
3384 524 3448 579 Et

1835 612 1923 666 ille
1953 613 2171 683 quidem
2208 614 2355 668 illum
2383 612 2678 684 Principem
2701 615 2854 681 dicit,
2883 618 3035 686 quasi
3068 618 3120 672 iu
3146 632 3324 688 pugna
3352 628 3448 669 aut

1834 710 2097 769 tumultu;
2131 709 2218 764 hic
2242 724 2375 763 vero
2410 710 2533 765 vide
2557 726 2719 780 quam
2750 722 3032 767 mansuete
3072 711 3399 781 respondeat
3429 729 3443 764 :

1838 820 1858 853 α
1901 803 1989 858 id.
2038 801 2317 858 Confiteor
2364 814 2543 857 autem
2589 803 2682 857 tibi
2729 804 2873 873 quod
2925 804 3225 859 secundum
3279 804 3442 868 viam,

1831 909 1991 964 quam
2023 904 2214 949 vocant
2246 896 2519 963 limresim,
2548 896 2628 951 sic
2658 899 2831 967 patrio
2855 897 2963 952 Deo
2982 895 3182 959 servio.
3214 897 3446 953 credens

1829 988 2106 1049 omnibus,
2139 1003 2260 1059 qum
2290 989 2341 1042 in
2376 990 2493 1060 lege
2524 1000 2578 1046 et
2599 989 2882 1061 prophetis
2914 992 3113 1062 Scripta
3143 1000 3311 1058 sunt;
3352 991 3443 1049 15.

1833 1093 1984 1147 spem
2011 1079 2218 1134 habens
2241 1082 2292 1135 in
2326 1080 2495 1135 Deum
2517 1124 2531 1149 ,
2564 1098 2725 1151 quant
2769 1092 2822 1138 ct
2877 1084 2975 1152 ipsi
3021 1085 3444 1159 amplectuntur,

1836 1170 2068 1225 futuram
2102 1174 2557 1228 resurrectionem
2585 1176 2854 1243 justortnn
2886 1187 2934 1229 et
2967 1176 3314 1245 iujustorum.
3350 1195 3369 1228 ι

1904 1264 1956 1318 Ξ.
2000 1264 2168 1320 Vide:
2205 1266 2375 1335 ipsum
2412 1267 2483 1320 illi
2512 1268 2858 1335 separabant,
2886 1269 2972 1322 hic
2999 1284 3128 1322 vero
3155 1283 3215 1321 se
3244 1268 3440 1337 adjun-

1833 1356 1908 1425 git
1949 1357 2047 1427 legi
2096 1372 2217 1410 sese
2250 1358 2547 1427 purgando.
2583 1359 2649 1413 Et
2686 1359 2828 1428 quod
2854 1359 3060 1414 dixerat
3094 1358 3445 1426 confirmans,

1837 1450 2029 1503 iterum
2061 1449 2244 1517 adjicit
2274 1466 2287 1504 :
2321 1449 2407 1505 16.
2443 1449 2506 1503 In
2532 1450 2626 1503 hoc
2655 1461 2698 1504 et
2726 1452 2834 1519 ipse
2862 1452 3043 1505 studeo
3074 1452 3184 1506 sine
3218 1450 3447 1519 offendi-

1834 1543 1951 1595 culo
1977 1542 2334 1595 conscientiam
2376 1542 2560 1597 habere
2585 1544 2653 1596 ad
2683 1542 2849 1596 Deum
2878 1554 2926 1598 et
2954 1544 3022 1596 ad
3061 1544 3289 1597 homines
3318 1561 3451 1599 sem-

1836 1651 1942 1699 per.
1974 1633 2056 1687 l7.
2091 1632 2213 1687 Post
2240 1650 2402 1686 annos
2423 1646 2590 1687 autem
2610 1635 2800 1702 plures,
2821 1636 3169 1705 eleemosynas
3216 1640 3448 1707 facturus

1832 1726 1885 1777 in
1922 1735 2118 1795 gentem
2162 1741 2345 1789 meam,
2400 1726 2531 1787 veni,
2574 1735 2619 1779 et
2667 1725 2969 1780 oblationes.
3016 1727 3105 1781 18.
3154 1726 3221 1781 In
3267 1728 3449 1797 quibus

1833 1827 2127 1870 invenerunt
2166 1833 2244 1869 me
2279 1818 2610 1885 puriﬁcatam
2652 1818 2705 1870 in
2734 1817 2924 1886 templo
2948 1858 2965 1884 ,
3000 1834 3102 1872 non
3134 1834 3250 1871 cum
3275 1819 3440 1879 turba,

1833 1924 1991 1975 neque
2018 1924 2129 1960 cum
2157 1908 2393 1959 ttttnulm.
2428 1907 2539 1962 Cur
2561 1923 2690 1979 ergo
2720 1909 3010 1963 ascendisti
3032 1910 3055 1963 ?
3080 1924 3177 1965 cur
3203 1910 3399 1965 venisti
3426 1912 3449 1964 '.'

1834 2000 2171 2063 Adoratnrus,
2193 2001 2556 2071 elemosynas,
2578 2002 2767 2071 inquit,
2789 2007 3042 2073 facturus.
3063 2002 3246 2075 Itaque
3269 2003 3319 2059 id
3339 2019 3445 2059 non

1834 2103 1952 2147 crat
1983 2093 2245 2147 seditiosi.
2296 2093 2501 2149 Deinde
2532 2094 2745 2149 illorum
2795 2095 2978 2166 dejicit
3007 2113 3327 2166 personam,
3359 2100 3447 2154 di-

1836 2202 1966 2241 cens
1998 2188 2115 2241 sine
2157 2186 2511 2241 discrimine:
2568 2186 2633 2241 In
2661 2190 2841 2257 quibus
2886 2206 2968 2244 nte
3012 2191 3310 2246 invenerunt
3355 2194 3445 2247 19.

1835 2277 2044 2345 quidam
2077 2293 2139 2330 ea:
2186 2276 2306 2329 Asia
2332 2276 2526 2342 Juda’i,
2553 2294 2680 2347 quos
2721 2279 2984 2348 oportebat
3010 2283 3151 2349 apud
3182 2290 3229 2335 te
3258 2292 3446 2351 prmio

1838 2384 1969 2432 esse,
2020 2378 2065 2421 et
2115 2383 2355 2421 accusare
2381 2409 2395 2432 ,
2420 2369 2461 2421 si
2483 2368 2609 2437 quid
2637 2368 2879 2422 haberent
2906 2370 3175 2424 adversum
3217 2389 3295 2427 me
3318 2389 3336 2424 .·
3355 2373 3447 2428 20.

1837 2468 1923 2510 aut
1955 2460 2006 2510 hi
2038 2458 2137 2526 ipsi
2165 2458 2370 2522 dicant,
2404 2459 2446 2511 si
2472 2458 2594 2525 quid
2618 2458 2916 2513 invenerunt
2951 2462 3003 2514 in
3034 2479 3112 2515 me
3143 2464 3447 2529 iniquitatis,

1837 2570 1951 2605 eum
1976 2562 2099 2605 slent
2120 2552 2426 2615 inconcilio,
2449 2552 2538 2606 9-1.
2564 2553 2663 2606 nisi
2694 2554 2758 2605 de
2787 2554 2882 2605 huc
2909 2572 3013 2607 una
3041 2572 3182 2620 voce,
3212 2573 3313 2622 qua
3340 2558 3452 2609 cla-

1839 2646 1973 2695 mavi
2014 2644 2144 2696 inter
2171 2658 2255 2696 eos
2278 2652 2420 2696 stans
2462 2659 2479 2695 :
2512 2644 2575 2696 de
2605 2646 2971 2698 resurrectione
3001 2655 3318 2699 mortuorum
3358 2664 3452 2718 ego

1841 2735 1991 2790 hodie
2002 2734 2211 2805 judicor
2237 2753 2269 2789 a
2290 2738 2448 2789 vobis.
2481 2736 2606 2790 llaec
2627 2748 2708 2791 est
2739 2739 2958 2806 copiosa
2977 2740 3313 2809 justiﬁcatin,
3346 2757 3452 2797 non

1841 2828 2025 2895 fugere
2054 2828 2122 2881 ab
2152 2828 2559 2881 accusatoribus
2580 2869 2595 2894 ,
2642 2829 2737 2882 scd
2770 2839 3015 2898 paratum
3044 2846 3164 2885 esse
3208 2833 3274 2885 ad
3326 2834 3451 2886 red-

1840 2919 2072 2973 dentiant
2100 2919 2349 2973 omnibus
2379 2920 2661 2974 rationem.
2698 2920 2777 2975 De
2810 2925 3179 2977 resurrectione
3225 2934 3451 2978 mortuo-

1840 3027 1955 3063 rum
1998 3026 2111 3080 ego,
2148 3011 2341 3080 iuquit,
2379 3011 2531 3065 hodie
2561 3012 2773 3083 judicor
2798 3014 3010 3069 avobis.
3051 3015 3117 3069 Et
3147 3016 3277 3070 nihil
3324 3017 3457 3072 dixit

1841 3115 2051 3167 eorum,
2086 3115 2207 3169 quae
2231 3101 2353 3168 jure
2386 3102 2799 3170 poteratdicere
2826 3122 2838 3158 :
2865 3104 3009 3175 quod
3041 3106 3278 3162 insidiati
3308 3119 3457 3173 sunt,

1842 3191 2193 3247 detinuerunt
2237 3194 2433 3262 ipsum,
2478 3194 2701 3249 insidias
2730 3205 3046 3251 struxerunt
3097 3198 3115 3268 (
3139 3199 3254 3253 haec
3309 3200 3458 3254 enim

1843 3285 1911 3338 ab
1942 3286 2076 3351 ipsis
2108 3285 2246 3340 facta
2291 3296 2611 3349 narrantur;
2646 3289 2713 3342 ab
2744 3290 2845 3344 hoc
2875 3300 3055 3345 autem
3077 3333 3090 3354 ,
3123 3292 3247 3346 licet
3274 3292 3325 3347 in
3359 3310 3457 3365 pe-

1843 3378 2014 3433 riculo
2043 3388 2289 3433 versante
2310 3421 2324 3443 ,
2354 3395 2462 3434 non
2490 3380 2641 3451 item)
2667 3425 2680 3444 ,
2738 3381 2833 3436 sed
2866 3393 3025 3448 tacet,
3057 3394 3110 3439 et
3136 3385 3309 3439 solum
3340 3402 3461 3442 sese

1846 3480 2059 3539 purgat,
2094 3480 2147 3525 et
2179 3471 2223 3523 si
2253 3465 2533 3526 innumera
2557 3471 2740 3527 dicere
2767 3475 3047 3541 potuisset.
3078 3475 3191 3529 Hoc
3222 3476 3372 3530 illum
3407 3479 3459 3531 in

1844 3563 2091 3616 Cmsarea
2133 3562 2339 3616 clarum
2373 3562 2666 3625 reddebat,
2698 3565 2842 3634 quod
2874 3580 3000 3620 cum
3044 3576 3194 3621 tanto
3244 3570 3462 3638 agmine

1846 3653 2107 3707 venisset.
2136 3651 2203 3706 In
2225 3653 2410 3720 quibus
2441 3654 2738 3708 invenerunt
2766 3673 2866 3723 me,
2896 3657 3095 3725 inquit,
3134 3660 3464 3729 puri/iculum

1846 3748 1901 3799 in
1944 3746 2151 3816 templo.
2204 3745 2487 3813 Quomodo
2517 3762 2647 3817 ergo
2694 3748 2952 3803 violavit?
2990 3768 3095 3805 neu
3125 3755 3269 3807 cnim
3307 3754 3451 3824 ejus-

1846 3839 1968 3894 dem
2013 3840 2248 3894 homiuis
2275 3848 2420 3906 erat,
2482 3840 2777 3910 puritieari,
2807 3842 3070 3908 adorare,
3103 3855 3155 3899 et
3195 3846 3316 3902 ideo
3367 3864 3461 3903 ve-

1850 3934 2001 3999 nire,
2063 3942 2118 3988 et
2191 3934 2416 3987 violare.
2491 3934 2605 3991 Hoc
2661 3947 2840 3990 autent
2894 3938 2958 3989 ad
3024 3939 3465 4007 justiiit-atimetu

1850 4028 2101 4083 Conferre
2148 4028 2417 4088 videatur.
2452 4030 2594 4098 quod
2626 4044 2729 4082 non
2760 4030 2813 4084 in
2847 4031 3067 4103 longum
3114 4035 3314 4089 incidat
3346 4052 3467 4091 ser-

1853 4135 2092 4174 monem.
2136 4120 2203 4173 Et
2240 4119 2577 4185 gratificatur
2622 4121 2811 4189 jndici.
2849 4123 2976 4177 Mihi
3026 4136 3204 4179 autem
3258 4128 3468 4182 videtur

1854 4212 2014 4265 etiam
2047 4211 2149 4267 hoc
2193 4209 2568 4264 defensionem
2594 4226 2745 4264 suam
2781 4213 3123 4269 contrahere.
3158 4216 3263 4271 Sed
3304 4234 3468 4287 supc-

1855 4304 1966 4357 rius
1996 4303 2137 4358 dicta
2170 4313 2501 4373 repetamus.
2531 4303 2666 4371 Quia
2699 4306 2933 4360 antehac
2974 4309 3200 4364 multum
3246 4315 3468 4365 concio-

1858 4404 2014 4447 natus
2036 4406 2151 4449 erat
2168 4394 2461 4463 Tertullus,
2489 4396 2781 4451 ostendens
2804 4414 2865 4452 se
2883 4401 3205 4468 compendio
3228 4404 3468 4466 studere,

1859 4505 1963 4541 non
1994 4488 2149 4553 dixit,
2184 4488 2320 4543 Audi
2351 4503 2502 4553 rem;
2538 4489 2653 4555 sed,
2690 4489 2772 4545 Ne
2806 4502 2853 4545 te
2902 4493 3093 4547 diutius
3122 4513 3311 4562 morer,
3350 4515 3472 4567 rage

1860 4580 2040 4632 audias
2067 4597 2158 4633 nos
2186 4596 2278 4649 pro
2307 4596 2395 4633 tua
2424 4580 2758 4637 humanitate.
2811 4584 2973 4641 Forte
3001 4596 3056 4639 ut
3083 4593 3307 4657 gratiam
3356 4592 3475 4660 ejus

1861 4680 2158 4737 aucupetur
2207 4672 2285 4724 sic
2332 4686 2637 4727 sermonem
2681 4686 2907 4744 apparat
2940 4694 2954 4732 :
2991 4680 3071 4731 vel
3117 4683 3279 4733 etiam
3312 4698 3470 4736 man-

1864 4764 2163 4818 suctudinis
2189 4765 2400 4833 signum
2445 4776 2547 4830 est,
2578 4782 2700 4820 cum
2725 4770 2846 4837 quis
2876 4771 3024 4838 plura
3056 4771 3239 4828 dicere
3269 4776 3477 4837 valens,

1867 4870 2031 4925 pauca
2062 4855 2211 4919 dicit,
2247 4864 2303 4906 ut
2359 4870 2425 4910 ne
2455 4856 2758 4911 molestiam
2794 4862 2989 4927 pariat.
3025 4862 3349 4927 Invenimus.
3398 4869 3480 4920 in-

1866 4949 2000 5017 quit,
2036 4949 2169 4999 hunc
2199 4948 2362 4999 virum
2405 4948 2704 5018 pestiferum
2734 4967 2752 5005 :
2784 4953 2890 5021 qui,
2932 4955 3122 5023 inquit,
3162 4968 3207 5009 et
3233 4959 3480 5026 templmn

1870 5041 2064 5095 uiolare
2086 5040 2310 5091 tentavit.
2342 5040 2480 5107 Ergo
2501 5055 2605 5093 non
2628 5040 2871 5097 violavit.
2908 5045 3045 5113 Quid
3068 5049 3245 5117 igitur;
3280 5052 3324 5104 si
3357 5053 3483 5107 alibi

1869 5130 1975 5186 hoc
2008 5130 2174 5184 fecit?
2206 5130 2423 5184 Minime
2453 5149 2465 5180 :
2497 5134 2630 5187 alias
2652 5136 2795 5188 enim
2849 5136 3105 5205 dixisset;
3156 5141 3266 5209 jam
3316 5159 3445 5199 vero
3470 5186 3484 5207 .

1872 5220 2125 5287 Tentavit,
2165 5221 2332 5285 dicit;
2363 5237 2469 5292 quo
2492 5234 2674 5277 autem
2703 5226 2886 5291 modo,
2921 5243 3028 5283 non
3061 5230 3230 5284 addit.
3270 5233 3329 5287 Et
3358 5251 3479 5303 quae

1873 5314 2098 5368 Paulum
2131 5315 2349 5384 quidem
2394 5318 2751 5385 spectabant,
2784 5320 2863 5375 sic
2894 5323 3119 5387 extulit;
3154 5326 3276 5382 vide
3304 5341 3484 5384 autem

1874 5405 2146 5477 qttOtnodo
2173 5423 2293 5475 qua:
2321 5422 2415 5460 sua
2446 5418 2571 5462 Sunt
2589 5409 2814 5464 minuat.
2844 5412 3007 5477 Quem
3028 5419 3483 5485 appro/tendimus,

1876 5498 2067 5566 inquit,
2100 5506 2146 5553 et
2178 5499 2426 5551 voluimus
2459 5500 2700 5570 judicare
2728 5508 3007 5558 secundum
3052 5508 3209 5577 legem
3237 5523 3483 5567 nostrain.

1879 5588 2250 5659 Superveniens
2280 5602 2453 5645 autem
2483 5591 2667 5662 Lysias
2718 5597 2952 5653 tribunus
3004 5616 3121 5653 cum
3154 5606 3315 5657 multa
3346 5608 3392 5659 υἱ
3422 5624 3486 5660 (κε

1879 5682 2111 5735 manibus
2135 5686 2321 5736 nostris
2362 5685 2603 5755 abripuit.
2646 5687 2742 5743 ilic
2763 5690 3035 5759 ostendit,
3066 5694 3167 5749 sibi
3200 5699 3486 5753 molestum

1878 5790 1998 5829 esse
2029 5775 2095 5829 ad
2128 5786 2385 5832 extranea
2435 5781 2722 5837 tribunalia
2753 5786 2959 5847 venire,
2992 5796 3047 5840 et
3074 5789 3212 5857 quod
3248 5807 3350 5844 non
3389 5795 3484 5860 ιιι-ἰ

1882 5868 2091 5923 molesti
2148 5868 2400 5937 fuissent,
2454 5874 2555 5927 nisi
2610 5876 2720 5944 ipse
2774 5879 3068 5947 t‘t‘f’gisSCl,
3102 5883 3349 5951 qundth
3383 5902 3487 5940 nun
