4094 6336
661 443 761 499 347

662 559 725 612 ad
770 556 913 609 illum
970 548 1260 619 pertineret
1311 543 1477 595 virum
1526 535 1770 602 abripere
1802 547 1815 583 :
1846 540 1967 579 nam
2024 519 2233 588 injuria:

663 656 841 699 cotitra
870 615 1166 704 nosverant,
1192 647 1245 691 et
1278 632 1532 703 judicium
1565 624 1703 694 apud
1736 635 1832 674 nos
1874 615 1985 671 fieri
2017 619 2234 704 oporte-

664 740 696 790 b
716 748 769 791 -t.
800 735 949 801 Quod
968 702 1254 786 autemires
1277 702 1353 780 sic
1384 722 1594 783 habeat,
1624 712 1897 783 sequentia
1927 706 2043 760 vide
2070 722 2081 756 :
2114 702 2240 756 Cum

665 830 825 882 multa
846 829 913 894 vi,
947 824 1137 895 inquit.
1170 822 1257 875 Vis
1282 818 1422 873 enim
1450 821 1583 867 erat.
1633 810 1668 861 Α
1701 823 1800 876 quo
1846 802 2026 872 poteris
2055 812 2242 866 cogno-

665 938 818 975 srere.
852 894 1031 989 Neque
1060 926 1311 969 accusare
1341 907 1502 964 audet
1526 922 1538 958 :
1560 912 1671 958 erat
1695 902 1836 955 enim
1863 897 1943 949 vir
1968 894 2238 947 clemens:

671 1028 842 1081 neque
884 1012 999 1064 sine
1028 1020 1185 1060 causa
1217 997 1597 1073 praztercurrit.
1651 990 1854 1048 Deinde
1898 989 2121 1046 iterum,
2176 996 2243 1035 ne

669 1079 881 1156 mentiri
913 1098 1208 1157 videretur,
1244 1093 1416 1161 ipsum
1460 1087 1678 1143 Paulum
1723 1082 1802 1135 sui
1835 1079 1998 1147 ipsius
2023 1087 2243 1127 accusa-

669 1205 835 1246 torem
868 1187 1087 1242 inducit.
1120 1184 1163 1237 Α
1202 1198 1298 1251 quo
1331 1191 1468 1251 potes
1495 1218 1509 1242 ,
1562 1174 1749 1243 inquit,
1800 1172 1861 1224 de
1908 1169 1984 1220 Itis
2013 1165 2241 1217 omnibus

668 1284 953 1351 dijudicans
997 1291 1318 1347 cognoscere.
1352 1270 1625 1326 Accedunt
1667 1274 1844 1334 postea
1873 1260 2131 1313 dictorum
2164 1266 2245 1308 te-

668 1349 779 1427 stes
813 1390 827 1426 :
860 1371 1163 1440 Adjecerunt
1193 1375 1357 1417 autem
1380 1371 1424 1415 et
1451 1359 1640 1419 Judtei,
1677 1357 1892 1408 dicentes
1938 1350 2043 1402 ha‘c
2084 1349 2154 1399 ita
2195 1362 2248 1398 se

674 1464 872 1517 habere.
904 1438 1255 1514 Accusatores
1277 1463 1398 1507 sunt
1428 1462 1481 1503 et
1511 1459 1675 1503 testes
1702 1455 1755 1498 et
1783 1451 2142 1509 accusatores.
2178 1438 2248 1490 Λι

670 1555 868 1611 Paulus
899 1549 1181 1620 respondet
1213 1563 1225 1598 :
1259 1545 1433 1599 Sciens
1461 1558 1522 1594 ea:
1552 1535 1892 1614 multisannis
1934 1544 1979 1585 te
2019 1548 2123 1585 esse
2157 1531 2251 1598 ju-

674 1646 1067 1716 stumjudicem.
1099 1640 1210 1693 Non
1243 1651 1369 1706 ergo
1403 1632 1713 1702 peregrinus
1744 1638 1826 1681 est
1850 1639 2019 1692 neque
2046 1623 2250 1674 alienus

675 1754 846 1808 neque
891 1744 1133 1797 novator,
1163 1733 1203 1784 si
1234 1745 1263 1782 a
1293 1727 1472 1781 multis
1502 1725 1657 1778 annis
1703 1721 1852 1774 novit
1876 1716 2130 1786 jndicem.
2183 1711 2253 1765 Et

677 1804 819 1885 recte
846 1828 1046 1882 addidit
1077 1824 1226 1885 illud,
1257 1820 1485 1884 Justum,
1515 1826 1571 1869 ut
1594 1830 1659 1868 ne
1688 1813 1753 1866 ad
1776 1824 2039 1865 summum
2072 1804 2248 1876 petiti-

679 1924 831 1978 ﬁccm
862 1921 1172 1989 resliicerct,
1218 1916 1297 1968 vel
1328 1914 1391 1965 ad
1428 1909 1681 1978 populum
1709 1947 1723 1970 ,
1759 1904 1839 1956 vel
1873 1901 1936 1955 ad
1971 1905 2249 1952 accusato-

682 2032 814 2071 rem.
850 1986 1002 2074 Viile,
1036 2005 1305 2079 quomodo
1333 2019 1436 2057 non
1470 1998 1731 2071 processit
1756 1994 1821 2048 ad
1849 1989 2249 2048 contumeliam,

680 2108 777 2162 εικί
811 2104 1097 2165 necessitas
1125 2107 1288 2152 esset.
1320 2096 1557 2156 Credens,
1592 2090 1780 2159 inquit,
1830 2084 2058 2139 onmibus
2079 2123 2093 2145 ,
2144 2094 2256 2148 qua!

678 2200 731 2251 in
754 2211 859 2265 tege
878 2202 1009 2247 sunt.
1041 2192 1150 2245 Hoc
1179 2190 1311 2243 dixit
1336 2228 1350 2251 ,
1391 2183 1680 2238 ostendens
1710 2179 1915 2232 nullum
1959 2174 2250 2235 hominem,

681 2288 770 2356 qui
820 2284 1002 2340 credat
1043 2278 1490 2336 resurrectionem
1516 2274 1779 2333 futuram,
1824 2269 1942 2322 talia
1997 2265 2257 2319 facturum

684 2354 837 2440 esse;
863 2389 1017 2445 quam
1050 2381 1103 2426 et
1140 2370 1211 2423 illi
1238 2374 1565 2435 exspectant.
1600 2363 1713 2415 Non
1733 2361 1865 2413 dixit
1889 2360 1955 2411 de
1986 2358 2085 2417 his,
2115 2354 2255 2423 quod

684 2467 904 2520 credant
948 2464 1029 2527 iis,
1072 2475 1191 2530 qua:
1222 2459 1274 2513 in
1326 2455 1601 2525 prophetis
1640 2452 1835 2520 scripta
1878 2459 2001 2503 sunt
2048 2454 2259 2515 (neque

687 2560 828 2611 enim
856 2553 1211 2622 credebant);
1262 2550 1354 2604 sed
1388 2550 1472 2602 hic
1513 2547 1760 2600 omnibus
1801 2542 2089 2605 credebat,
2156 2554 2260 2591 non

691 2645 1108 2715 illizquomodo
1161 2652 1361 2715 autem,
1410 2641 1621 2707 longum
1675 2645 1817 2691 esset
1878 2647 2016 2687 nunc
2063 2632 2259 2684 dicere.

690 2738 860 2791 Tanta
887 2738 1038 2800 dixit,
1079 2744 1133 2790 et
1158 2748 1414 2803 nusquam
1446 2731 1638 2786 Christi
1670 2728 1929 2782 meminit.
1968 2726 2059 2778 llic
2088 2734 2263 2777 autem

694 2842 750 2883 ut
776 2831 924 2893 dixit,
951 2828 1194 2890 Creticus,
1224 2826 1380 2878 etiam
1404 2839 1485 2887 ea,
1513 2818 1911 2890 quazChristmn
1933 2815 2262 2883 spectabant,

693 2922 1089 2991 complectitur;
1128 2917 1221 2973 sed
1250 2917 1459 2970 interim
1505 2917 1554 2967 in
1583 2910 1989 2966 resurrectivnis
2018 2922 2268 2961 sermone

696 3023 953 3075 moratur,
984 3011 1123 3080 quod
1152 3010 1342 3078 dogma
1363 3008 1490 3076 ipsis
1512 3019 1797 3060 commune
1819 3013 1951 3063 crat,
1982 3012 2033 3054 et
2054 3015 2267 3053 omnem

696 3104 972 3160 seditionis
993 3102 1348 3169 suspicionem
1382 3099 1572 3152 aufert.
1610 3096 1808 3150 Deinde
1831 3108 2083 3147 ascensus
2110 3105 2268 3143 causa

696 3197 953 3265 sequitur.
979 3194 1352 3263 Elecmosynas,
1372 3192 1561 3260 inquit,
1588 3198 1635 3241 et
1658 3189 1932 3241 oblationes
1962 3189 2192 3253 factum:
2220 3185 2271 3235 in

699 3297 892 3357 gentem
933 3301 1115 3348 meam,
1144 3284 1274 3345 veni,
1302 3282 1449 3349 idque
1474 3297 1561 3349 per
1582 3296 1741 3331 annos
1773 3278 1961 3345 plures.
1996 3274 2275 3342 Quomodo

700 3392 825 3445 ergo
876 3378 1138 3429 turbasset
1186 3388 1313 3436 eos,
1372 3372 1562 3441 quibus
1604 3370 2000 3437 elecmosynam
2053 3367 2275 3417 daturus

702 3475 902 3519 tantum
937 3466 1036 3517 iter
1073 3461 1426 3531 susceperat?
1458 3460 1576 3513 Non
1606 3476 1718 3511 cum
1749 3458 1912 3519 turba,
1949 3458 2152 3524 inquit,
2186 3472 2275 3508 nec

700 3573 813 3609 cum
841 3556 1073 3610 tumultu.
1109 3555 1312 3622 tibique
1341 3551 1655 3605 seditionem
1678 3550 1959 3605 iuliciatur.
1991 3548 2153 3601 Recte
2182 3563 2274 3599 au-

705 3659 808 3702 tem
846 3650 1063 3702 advocat
1093 3658 1432 3700 accusatores
1459 3646 1545 3713 qui
1573 3643 1640 3696 ab
1672 3642 1792 3696 Asia
1813 3685 1826 3706 ,
1874 3643 2059 3693 dicens
2089 3658 2100 3693 :
2138 3639 2276 3704 Quos

708 3742 961 3809 oportebat
986 3739 1123 3806 apud
1150 3750 1194 3790 te
1218 3754 1471 3809 accusare,
1504 3737 1545 3787 si
1591 3735 1712 3802 quid
1738 3734 1973 3786 haberent
2013 3734 2278 3784 adversum

710 3850 802 3886 me.
840 3832 910 3885 Ila
940 3830 1270 3894 confidebat,
1304 3844 1358 3879 se
1390 3827 1639 3879 mundum
1683 3841 1801 3879 esse
1847 3840 1875 3877 a
1931 3824 2171 3885 crimine,
2224 3832 2279 3874 ut

708 3924 868 3975 etiam
900 3929 1148 3990 provocet
1184 3935 1295 3973 eos.
1327 3918 1393 3971 Et
1426 3933 1526 3969 non
1558 3931 1649 3968 eos
1680 3918 1884 3977 solum,
1919 3916 2006 3983 qui
2058 3915 2124 3968 ab
2154 3915 2278 3968 Asia

712 4023 879 4077 erant,
912 4028 1093 4064 verum
1136 4010 1291 4063 etiam
1325 4023 1435 4072 eos,
1462 4010 1544 4075 qui
1576 4023 1640 4060 cx
1656 4006 1972 4070 Jerusalem,
2004 4016 2283 4060 accusato-

710 4120 796 4157 res
817 4119 921 4157 non
946 4104 1146 4169 rejicit;
1177 4100 1266 4154 sed
1293 4101 1389 4153 hos
1417 4113 1627 4167 quoque
1648 4107 1835 4151 evocat
1857 4097 2112 4164 adjiciens
2138 4113 2150 4148 :
2184 4097 2281 4147 Aut

716 4196 766 4245 hi
794 4194 890 4261 ipsi
934 4193 1120 4245 dicant.
1159 4190 1365 4244 Etenim
1412 4190 1529 4241 ideo
1568 4188 1635 4240 ab
1662 4186 1812 4239 initio
1842 4201 1981 4254 aegre
2022 4184 2280 4246 ferebant,

714 4286 853 4353 quod
886 4284 1328 4337 resurrectionem
1369 4280 1701 4349 prardicarct.
1738 4280 1800 4331 Et
1849 4279 1981 4332 bene
2012 4278 2089 4331 sic
2120 4277 2284 4331 facie-

715 4379 801 4431 bat
829 4396 840 4431 :
867 4378 965 4429 hoc
992 4376 1131 4429 enim
1154 4384 1392 4436 ostenso,
1424 4372 1574 4424 facile
1601 4381 1654 4424 et
1677 4371 1943 4423 Christum
1967 4380 2019 4423 et
2044 4385 2285 4423 resurre-

712 4468 944 4520 ctionem
975 4466 1091 4532 ejus
1138 4462 1437 4517 inducebat.
1477 4462 1609 4527 Quid
1650 4461 1963 4522 invenerunt,
1998 4462 2199 4528 inquit,
2234 4461 2285 4513 in

712 4575 789 4611 me
830 4557 1108 4627 injustitiar,
1145 4570 1259 4606 cum
1284 4563 1467 4605 starem
1489 4553 1539 4604 in
1563 4551 1814 4604 concilio?
1848 4549 1906 4603 In
1934 4552 2167 4617 concilio,
2202 4552 2285 4604 in-

712 4651 861 4717 quit,
893 4646 1180 4699 ostendcns
1209 4646 1325 4696 illos
1358 4641 1487 4695 nihil
1533 4642 1819 4704 invenisse,
1874 4656 1981 4693 non
2040 4642 2283 4709 privatim

716 4738 1055 4806 inquisitione
1082 4738 1232 4799 facta,
1268 4734 1361 4789 sed
1387 4732 1723 4786 multitudine
1752 4743 2016 4801 praasente
2044 4742 2097 4786 et
2126 4748 2285 4785 accu-

715 4842 827 4883 rate
857 4828 1193 4897 dijudicante.

786 4921 837 4973 5.
880 4919 1027 4985 Quod
1058 4926 1232 4969 autem
1265 4916 1378 4968 haec
1409 4930 1530 4968 vera
1575 4915 1699 4975 sint,
1731 4916 2076 4969 testificantur
2103 4917 2167 4982 ii,
2199 4918 2288 4985 qui

714 5012 781 5067 de
812 5014 911 5065 hoc
935 5020 1202 5064 accusant.
1234 5008 1354 5061 Ideo
1380 5008 1590 5062 dicebat
1616 5024 1629 5059 :
1661 5005 1685 5057 l
1696 5024 1726 5058 ιι
1758 5007 1849 5059 hoc
1880 5017 2045 5059 autem
2076 5010 2270 5071 studeo,

720 5115 768 5158 It
794 5108 902 5159 sine
925 5102 1228 5169 oﬂ'endiculo
1258 5100 1615 5153 conscientiam
1660 5100 1869 5151 habeam
1899 5116 2019 5169 erga
2052 5099 2212 5151 Deum
2247 5110 2292 5151 et

717 5216 835 5270 erga
874 5199 1117 5251 homines.
1153 5194 1384 5248 Perfecta
1412 5194 1551 5247 enim
1582 5193 1695 5247 inec
1723 5192 1891 5246 virtus
1921 5203 2001 5246 est
2027 5235 2038 5253 ,
2082 5193 2293 5261 quando

725 5290 1021 5343 hominibus
1069 5287 1380 5341 occasiones
1427 5302 1530 5338 non
1575 5284 1798 5347 damus,
1845 5293 1899 5337 et
1940 5284 2080 5353 apud
2127 5285 2291 5339 Deum

720 5384 993 5437 studemus
1020 5396 1138 5435 esse
1166 5380 1281 5433 sine
1308 5375 1650 5432 offendicula.
1678 5374 1789 5440 Qua
1813 5375 2026 5428 cluuiani
2052 5376 2102 5429 in
2128 5377 2295 5428 conci—

725 5479 826 5540 h'o,
871 5476 1055 5545 inquit.
1098 5474 1417 5527 \‘iolentiam
1458 5470 1668 5523 illorum
1708 5470 1939 5523 ostendit
1966 5484 2085 5523 cum
2126 5468 2289 5533 dicit,

726 5569 986 5631 Slamavi;
1016 5580 1077 5619 ac
1101 5566 1143 5617 si
1174 5564 1377 5618 diceret
1404 5578 1415 5614 :
1446 5561 1561 5616 Non
1591 5570 1812 5630 possunt
1839 5561 2018 5615 dicere
2046 5575 2131 5614 me
2157 5561 2297 5615 elee«-

725 5672 959 5729 :nosynaa
987 5655 1203 5710 obtentu
1233 5655 1346 5707 haec
1378 5652 1567 5707 fecisse
1592 5668 1605 5703 :
1650 5667 1753 5705 non
1782 5652 1922 5705 enim
1952 5666 2072 5704 cum
2102 5652 2252 5705 turba
2277 5691 2292 5714 ,

741 5766 892 5818 usque
930 5765 1048 5804 cum
1081 5747 1305 5802 tumultu
1333 5746 1433 5801 hoc
1461 5744 1713 5798 faciebam
1745 5762 1756 5797 :
1807 5741 2039 5813 alioquin
2064 5758 2192 5797 vero
2221 5743 2296 5795 in-

1359 426 1415 483 S.
1455 416 1728 481 JOANNIS
1764 402 2237 471 CllliYSOSTOlll
2277 399 2592 455 ARCHIEP.
2633 395 3166 453 CONSTANTINOP.

3834 382 3935 439 δίει

2345 516 2630 585 quisitione
2670 513 2767 566 hac
2809 514 2876 567 de
2909 527 2965 566 re
2994 512 3127 564 facta
3152 552 3166 574 ,
3194 507 3323 561 nihil
3370 506 3486 575 plus
3531 500 3933 557 inveniebatur.

2347 607 2533 661 Vidisti
2574 606 2625 658 in
2656 605 2905 673 periculis
2949 600 3409 657 mansuetudinem
3433 597 3455 649 ?
3482 595 3660 648 vidisti
3697 593 3934 660 linguam

2347 700 2569 753 honesta
2602 698 2945 764 loquentem,
2976 705 3028 748 ct
3060 692 3329 761 quomodo
3364 704 3523 741 unmn
3548 694 3764 739 tantum
3794 697 3941 751 qum-

2346 802 2468 857 rat,
2521 800 2578 843 ut
2623 790 2724 843 sibi
2769 788 2975 857 objecta
3026 786 3259 847 refutet,
3310 798 3408 835 nec
3456 782 3574 833 illos
3619 774 3941 831 criminibus
3983 772 3991 782 ”

2346 886 2573 949 obruat,
2625 882 2721 935 nisi
2753 895 2873 933 cum
2904 877 2968 931 ad
3001 876 3369 930 defensionem
3410 869 3737 941 cogeretur?
3786 880 3845 919 ut
3890 874 3943 919 et

2346 977 2592 1030 Christus
2618 973 2831 1028 dicrbat
2859 990 2871 1024 :
2908 970 3014 1039 Ego
3046 968 3349 1020 dwmonium
3377 981 3474 1017 non
3506 965 3661 1015 h'abco
3687 1002 3702 1024 ,
3731 962 3823 1013 sed
3854 959 3943 1010 Ito-

2348 1068 2559 1133 nuriﬁco
2590 1065 2800 1118 Patrem
2830 1080 2995 1117 meum
3020 1104 3031 1119 .
3062 1074 3105 1114 et
3134 1078 3217 1113 ros
3246 1055 3587 1111 inhonorostis
3614 1070 3693 1106 me
3733 1054 3749 1118 (
3777 1050 3940 1102 Joan.

2348 1162 2399 1214 8.
2429 1161 2541 1227 49).
2593 1160 2743 1212 llunc
2769 1167 2822 1211 et
2864 1172 2963 1209 nos
2992 1155 3262 1208 imitemur
3291 1172 3301 1204 :
3345 1151 3464 1219 quia
3496 1158 3548 1202 et
3588 1150 3702 1214 ipsc
3740 1145 3943 1199 Christi

2352 1252 2589 1304 imitator
2619 1258 2753 1302 erat.
2805 1247 2859 1301 Si
2895 1248 2985 1300 illc
3015 1247 3144 1298 nihil
3180 1246 3242 1297 iis
3268 1284 3281 1307 ,
3329 1243 3416 1310 qui
3446 1242 3509 1293 ad
3539 1241 3743 1291 ca'dem
3772 1253 3943 1288 vene-

2350 1352 2491 1404 rant,
2524 1354 2773 1409 asperum
2806 1337 2959 1401 dixit,
2991 1353 3092 1404 qua
3122 1350 3219 1388 nos
3247 1336 3396 1386 venia
3424 1332 3565 1400 digni
3596 1330 3807 1382 erimus
3833 1371 3846 1393 ,
3895 1328 3943 1379 in

2351 1433 2608 1488 conviciis
2639 1442 2692 1485 et
2737 1429 3077 1484 contumeliis
3120 1426 3346 1485 efferati,
3390 1424 3479 1491 qui
3525 1422 3787 1475 scelestos
3829 1433 3941 1471 sce-

2353 1524 2777 1591 lestissimosque
2808 1535 3061 1575 vocamus
3090 1518 3331 1572 inimicos
3362 1526 3571 1568 nostros
3597 1514 3622 1565 ?
3659 1528 3822 1580 quam
3855 1510 3947 1562 de-

2355 1616 2645 1669 ῘιΊιδῘΟΠΘΙΙ]
2668 1614 3000 1669 habebimus.
3023 1612 3109 1678 qui
3131 1610 3374 1662 inimicos
3389 1606 3606 1659 omnino
3629 1603 3949 1657 habeamus?

2356 1712 2546 1764 Annon
2573 1706 2724 1760 audis
2751 1720 2869 1758 eum
2900 1745 2913 1766 ,
2949 1704 3036 1771 qui
3072 1704 3297 1753 honorat
3323 1741 3335 1762 ,
3366 1700 3597 1766 seipsum
3632 1692 3950 1748 honorare?

2357 1802 2462 1854 Nos
2489 1808 2666 1852 autem
2699 1812 2795 1850 nos
2828 1797 2971 1886 ipsos
2998 1793 3319 1846 contumelia
3350 1791 3628 1842 afficiam»
3680 1788 3950 1847 Accusas,

2356 1891 2495 1960 quod
2542 1875 2863 1942 contumelia
2895 1885 3119 1939 allectus
3145 1884 3218 1937 sis
3248 1900 3262 1936 :
3310 1899 3405 1935 cur
3436 1882 3590 1949 igitur
3625 1880 3739 1945 ipse
3770 1878 3819 1928 in
3852 1875 3953 1927 hoc

2357 1985 2559 2036 crimen
2590 1979 2822 2035 incidis?
2848 1994 2943 2031 cur
2965 1979 3189 2044 teipsum
3217 1973 3495 2028 COIIlOdi3?
3524 1970 3674 2023 Mane
3705 1970 3955 2036 μξιεδίιιιιο

2362 2088 2583 2138 vacuus,
2614 2087 2770 2125 mane
2799 2070 3163 2124 invulncratus
3194 2086 3205 2121 ;
3237 2084 3323 2130 nc,
3353 2067 3476 2118 dum
3507 2065 3585 2115 vis
3617 2064 3849 2115 alterum
3882 2065 3955 2113 fc-

2364 2169 2489 2232 rire,
2522 2168 2749 2234 teipsmn
2780 2164 2933 2217 malis
2960 2164 3218 2215 involvas.
3264 2159 3378 2212 Non
3410 2158 3605 2211 sufficit
3638 2155 3790 2208 nobis
3818 2154 3959 2205 alius

2362 2258 2522 2310 animi
2541 2255 2817 2316 tumultus,
2844 2254 3056 2307 nemine
3083 2251 3385 2305 concitante
3409 2258 3602 2309 motus,
3631 2256 3687 2298 ut
3707 2244 3961 2298 absurdae

2363 2347 2831 2415 concupiscentim,
2865 2358 3149 2407 nimi-ores,
3182 2343 3411 2395 tristitiae
3441 2352 3494 2394 et
3524 2340 3738 2402 similia,
3771 2350 3828 2389 ιιι
3858 2338 3963 2390 alia

2366 2442 2519 2496 nobis
2554 2438 2996 2493 accnmulemus?

2440 2532 2767 2586 Contumelia:
2794 2531 3044 2599 quomodo
3075 2528 3312 2596 ferendw.
3342 2556 3412 2564 —-
3442 2526 3506 2577 Et
3536 2522 3808 2594 quomodo
3845 2539 3968 2591 pos-

2368 2627 2524 2682 sibilc
2566 2634 2686 2690 est,
2738 2624 2982 2691 inquies,
3025 2620 3376 2673 contumelias
3410 2618 3590 2670 fet‘t‘e‘.’
3640 2617 3927 2681 Quomodo
3953 2656 3969 2677 ,

2370 2731 2586 2784 qnazso,
2622 2713 2949 2782 impossibile
2978 2712 3095 2765 est?
3127 2710 3316 2762 vulnus
3347 2709 3500 2761 nobis
3527 2726 3552 2761 a
3586 2708 3761 2761 verbis
3795 2708 3970 2760 nasci-

2374 2808 2501 2860 tur?
2528 2807 2805 2859 cicatrices
2838 2806 2888 2857 in
2920 2802 3233 2871 corporibus
3262 2811 3383 2853 sunt
3405 2804 3427 2851 '3
3448 2804 3600 2868 quate
3629 2801 3789 2864 igitur
3818 2799 3970 2851 nobis

2372 2899 2625 2951 damnum
2656 2895 2894 2950 accidit?
2927 2895 3106 2963 Itaque
3136 2896 3178 2946 si
3210 2894 3451 2955 velimus,
3488 2895 3628 2944 ferre
3659 2907 3973 2959 ιιοδδιιιιιιις.

2377 2990 2643 3041 Ponamus
2684 2986 2838 3040 nobis
2886 2986 3055 3053 legem
3107 3000 3173 3037 ne
3222 2983 3535 3045 doleamus,
3583 2995 3635 3036 et
3674 2984 3974 3035 sustinebi-

2377 3096 2495 3133 mus
2524 3099 2533 3132 :
2573 3080 2725 3132 nobis
2759 3079 2889 3147 ipsis
2917 3079 3157 3131 dicamus
3182 3096 3193 3126 :
3220 3076 3331 3129 Non
3361 3086 3440 3130 est
3472 3076 3784 3140 inimicitize,
3820 3078 3976 3129 infir-

2378 3171 2578 3245 mitatis
2621 3179 2743 3225 est:
2790 3185 2916 3223 vere
2958 3170 3099 3222 enim
3144 3167 3469 3221 infirmitatis
3500 3178 3599 3219 est.
3648 3167 3783 3220 Nam
3833 3167 3979 3235 quod

2380 3282 2486 3320 non
2515 3264 2582 3318 sit
2609 3280 2673 3317 ex
2708 3263 2983 3316 inimicitia
3016 3262 3099 3315 vel
3134 3260 3479 3327 malignitate,
3514 3259 3864 3312 voluitetiam
3892 3260 3980 3311 ille

2380 3374 2437 3413 se
2476 3357 2763 3417 cohibere,
2812 3356 3055 3425 quamvis
3100 3355 3148 3406 in
3198 3354 3374 3406 multis
3417 3360 3483 3405 sit
3536 3352 3715 3405 laesus.
3773 3352 3829 3405 Si
3880 3353 3981 3406 hoc

2380 3451 2781 3504 eonsiderenms
2810 3450 2983 3501 solum
3012 3489 3025 3510 ,
3059 3445 3197 3514 quod
3228 3462 3291 3498 ex
3332 3445 3639 3497 infirmitate
3669 3446 3736 3497 sit
3766 3486 3781 3507 ,
3834 3443 3983 3500 fere-

2382 3558 2499 3595 tnus
2528 3583 2541 3603 ,
2576 3550 2629 3594 et
2675 3541 3011 3609 ignesccmns
3053 3538 3267 3606 quidem
3303 3536 3414 3599 illi,
3448 3536 3875 3605 Conahimurqne
3918 3552 3985 3589 ue

2382 3645 2432 3686 et
2464 3634 2560 3700 ipsi
2610 3634 2880 3685 eudamus.
2924 3630 3053 3683 Nam
3086 3644 3275 3681 omnes
3298 3669 3314 3693 ,
3357 3628 3445 3696 qui
3478 3637 3770 3695 praisentes
3812 3636 3941 3679 sunt
3964 3668 3982 3691 ,

2385 3724 2728 3789 interrogabo
2760 3741 2770 3773 :
2816 3738 2941 3773 num
2977 3722 3043 3772 ita
3076 3720 3436 3787 philosophari
3468 3719 3688 3786 potestis
3711 3760 3723 3777 ,
3758 3730 3811 3769 ut
3848 3736 3985 3769 cun-

2387 3817 2635 3870 tumelias
2670 3812 2891 3867 feratis?
2939 3812 3134 3879 Utique
3174 3821 3319 3879 puto.
3369 3810 3505 3875 Ergo
3554 3809 3640 3860 ille
3687 3809 3889 3861 invitus
3936 3821 3986 3864 te

2384 3906 2706 3960 Contumelia
2739 3903 2916 3957 affecit
2941 3946 2952 3963 .
2991 3918 3095 3954 non
3127 3902 3310 3954 volens
3334 3941 3348 3961 ,
3379 3900 3471 3953 ειη]
3514 3899 3581 3953 ab
3620 3899 3816 3951 affectu
3859 3917 3987 3952 coa-

2385 4010 2502 4052 ctns
2534 4016 2543 4049 :
2584 4006 2636 4051 te
2667 3996 2902 4048 contine.
2948 3993 3062 4046 Non
3097 3992 3246 4045 vides
3276 3990 3677 4044 daemoniacos?
3710 3991 3865 4043 Sicut
3898 3994 3986 4045 ilte

2388 4107 2493 4145 non
2535 4101 2639 4143 tam
2669 4104 2732 4142 ex
2766 4088 3039 4141 inimicitia
3061 4126 3075 4148 ,
3106 4100 3261 4152 quam
3293 4100 3354 4136 ex
3388 4084 3696 4135 infirmitate
3739 4084 3844 4137 hoc
3867 4102 3989 4138 sus-

2391 4183 2522 4234 tinet
2558 4198 2571 4233 :
2602 4181 2680 4233 sic
2704 4188 2758 4232 et
2799 4192 2898 4231 nos
2941 4192 3044 4229 non
3095 4185 3200 4228 tam
3233 4190 3261 4227 a
3298 4174 3746 4228 eontunu-liarnm
3794 4185 3987 4229 natura

2392 4286 2670 4325 movemur
2690 4311 2703 4333 ,
2737 4284 2897 4338 quam
2923 4284 2952 4321 a
2986 4268 3139 4320 nobis
3168 4266 3314 4335 ipsis.
3347 4265 3557 4319 Etenim
3587 4267 3866 4333 quomodo
3913 4270 3991 4319 in-

2391 4365 2662 4417 sauientes
2693 4361 2909 4415 easdem
2954 4360 3305 4413 contumelias
3333 4358 3617 4411 inferentes
3647 4359 3991 4411 toleramus?

2392 4457 2598 4509 Rursus
2627 4454 2670 4508 si
2699 4453 2854 4507 amici
2882 4460 3006 4505 sunt
3036 4452 3090 4514 ii,
3120 4451 3208 4520 qui
3240 4452 3587 4503 contumelias
3616 4450 3878 4517 inferunt,
3909 4455 3992 4505 \el

2394 4550 2435 4603 si
2463 4547 2692 4616 majores
2717 4588 2729 4610 ,
2776 4545 2995 4599 ferimus
3021 4562 3033 4595 :
3068 4543 3337 4612 quomodo
3367 4558 3493 4609 ergo
3540 4556 3643 4594 non
3686 4543 3990 4598 absurdum

2391 4638 2583 4702 fuerit,
2616 4652 2735 4691 cum
2768 4649 2877 4689 tres
2908 4637 3012 4688 sint
3037 4677 3051 4699 ,
3085 4650 3277 4701 nempe
3300 4633 3493 4696 amici,
3528 4632 3697 4685 insani
3727 4642 3782 4686 ct
3813 4636 3993 4703 majo.

2393 4747 2500 4796 res,
2533 4731 2671 4784 ferre
2698 4731 2853 4791 illos;
2886 4744 3037 4796 pares
3064 4737 3242 4779 autem
3275 4726 3353 4777 vel
3387 4726 3619 4779 minores
3651 4740 3762 4779 non
3800 4727 3994 4782 ferre?

2393 4824 2548 4893 διξερε
2578 4822 2692 4876 dixi
2720 4841 2733 4875 :
2777 4819 3035 4873 Montem:
3074 4832 3146 4871 .ea
3177 4832 3261 4871 res
3291 4825 3372 4869 est
3400 4827 3453 4870 et
3493 4816 3661 4870 subita
3690 4817 3949 4887 abreptio
3978 4837 3994 4873 ι

2396 4931 2581 4985 parum
2608 4915 2919 4976 toleremus,
2948 4920 3001 4963 et
3022 4921 3187 4962 totmn
3218 4907 3555 4977 perfecimus.
3584 4907 3799 4973 Quanto
3820 4913 3995 4980 "iugis

2394 5006 2769 5060 contumeliam
2795 5002 2974 5066 infert,
2996 5010 3141 5055 tanto
3160 4998 3419 5053 infirmior
3432 5008 3534 5052 est.
3549 4997 3756 5052 Nostin’
3771 5002 3993 5068 quando

2396 5111 2638 5171 oporteat
2666 5098 2892 5154 dolere?
2919 5096 3142 5163 Quando
3170 5096 3319 5150 nobis
3342 5095 3719 5149 contumeliam
3753 5096 3995 5154 inferen-

2397 5196 2538 5251 tibus
2566 5195 2653 5249 ille
2685 5193 2913 5257 tacebit;
2961 5199 3085 5244 tunc
3113 5190 3255 5246 enim
3286 5189 3376 5243 ille
3405 5188 3619 5256 quidem
3648 5186 3808 5241 fortis
3835 5232 3852 5255 ,
3901 5208 3999 5245 nos

2398 5297 2572 5341 autem
2602 5285 2799 5340 infirmi
2828 5298 3051 5337 sumus:
3096 5284 3138 5336 si
3168 5297 3296 5337 vero
3323 5281 3650 5335 contrarium
3679 5280 3960 5336 efticiatnr
3984 5325 3998 5346 ,

2398 5378 2555 5431 etiam
2600 5376 2833 5446 gaudere
2873 5384 3121 5443 oportet:
3166 5382 3453 5425 coronatus
3489 5386 3579 5434 es,
3628 5373 4001 5440 proclamatns

2398 5484 2494 5531 es;
2550 5486 2655 5522 non
2695 5469 2744 5520 in
2796 5482 3018 5535 agonem
3064 5466 3255 5519 ductus
3282 5506 3297 5530 ,
3331 5479 3435 5517 non
3465 5464 3594 5519 solis
3666 5464 3957 5520 radiorum
3985 5509 4000 5530 ,

2400 5560 2630 5629 pulveris
2659 5560 2900 5613 molestia
2931 5557 3175 5620 allectus,
3210 5570 3316 5610 non
3341 5557 3604 5611 consertis
3632 5558 3896 5611 manibus
3921 5557 4000 5612 vel

2400 5653 2545 5706 ansis
2596 5653 2774 5717 datis;
2822 5652 2916 5706 sed
2964 5651 3237 5703 voluntate
3285 5658 3487 5703 tantum
3515 5691 3529 5713 ,
3563 5658 3616 5703 et
3664 5648 3878 5706 sedens
3921 5652 4000 5705 vel

2402 5755 2585 5809 stans,
2630 5759 2875 5812 magnam
2918 5741 3164 5811 accepisti
3199 5756 3490 5807 coronam;
3538 5755 3633 5795 nec
3666 5743 3839 5796 modo
3884 5761 3999 5799 ma-
