  <div class='ocr_page' id='page_1' title='image "/cluster/home/n/w/nwhite01/storage/ocr_20150623/60/pst.000005712601/354.png"; bbox 0 0 4094 6336; ppageno 0'>
   <div class='ocr_carea' id='block_1_1' title="bbox 160 340 1740 408">
    <p class='ocr_par' dir='ltr' id='par_1_1' title="bbox 160 342 1740 408">
     <span class='ocr_line' id='line_1_1' title="bbox 160 342 1740 408; baseline -0.007 0"><span class='ocrx_word' id='word_1_1' title='bbox 160 354 245 408; x_wconf 59' lang='grc' dir='ltr'><strong>Ξζῦ</strong></span> <span class='ocrx_word' id='word_1_2' title='bbox 1155 346 1220 403; x_wconf 74' lang='grc' dir='ltr'><strong>ΙΝ</strong></span> <span class='ocrx_word' id='word_1_3' title='bbox 1262 346 1437 403; x_wconf 70' lang='lat' dir='ltr'><strong>ACTA</strong></span> <span class='ocrx_word' id='word_1_4' title='bbox 1481 342 1740 400; x_wconf 76' lang='lat' dir='ltr'><strong>APOSTU</strong></span> 
     </span>
    </p>
   </div>
   <div class='ocr_carea' id='block_1_2' title="bbox 1849 340 2385 408">
    <p class='ocr_par' dir='ltr' id='par_1_2' title="bbox 1849 340 2385 399">
     <span class='ocr_line' id='line_1_2' title="bbox 1849 340 2385 399; baseline -0.007 -3"><span class='ocrx_word' id='word_1_5' title='bbox 1849 340 2005 399; x_wconf 77' lang='grc' dir='ltr'>ιιωι.</span> <span class='ocrx_word' id='word_1_6' title='bbox 2051 340 2279 397; x_wconf 68' lang='grc' dir='ltr'>ιιοιιιι..</span> <span class='ocrx_word' id='word_1_7' title='bbox 2325 340 2385 396; x_wconf 86' lang='lat' dir='ltr'><strong>L.</strong></span> 
     </span>
    </p>
   </div>
   <div class='ocr_carea' id='block_1_3' title="bbox 157 466 1712 544">
    <p class='ocr_par' dir='ltr' id='par_1_3' title="bbox 157 466 1712 544">
     <span class='ocr_line' id='line_1_3' title="bbox 157 466 1712 544; baseline -0.005 -18"><span class='ocrx_word' id='word_1_8' title='bbox 157 489 325 544; x_wconf 69' lang='lat' dir='ltr'><strong>gnam,</strong></span> <span class='ocrx_word' id='word_1_9' title='bbox 352 472 441 528; x_wconf 82' lang='lat' dir='ltr'><strong>sed</strong></span> <span class='ocrx_word' id='word_1_10' title='bbox 473 470 579 528; x_wconf 86' lang='lat' dir='ltr'><strong>illis</strong></span> <span class='ocrx_word' id='word_1_11' title='bbox 616 471 775 543; x_wconf 76' lang='lat' dir='ltr'><strong>longe</strong></span> <span class='ocrx_word' id='word_1_12' title='bbox 801 469 1056 538; x_wconf 86' lang='lat' dir='ltr'><strong>majorem</strong></span> <span class='ocrx_word' id='word_1_13' title='bbox 1081 469 1098 501; x_wconf 79' lang='grc' dir='ltr'>ί</span> <span class='ocrx_word' id='word_1_14' title='bbox 1130 484 1143 523; x_wconf 90' lang='lat'><strong>:</strong></span> <span class='ocrx_word' id='word_1_15' title='bbox 1178 483 1282 523; x_wconf 91' lang='lat' dir='ltr'><strong>nou</strong></span> <span class='ocrx_word' id='word_1_16' title='bbox 1315 483 1411 538; x_wconf 76' lang='lat' dir='ltr'><strong>par</strong></span> <span class='ocrx_word' id='word_1_17' title='bbox 1447 476 1529 534; x_wconf 83' lang='lat' dir='ltr'><strong>est</strong></span> <span class='ocrx_word' id='word_1_18' title='bbox 1568 466 1712 521; x_wconf 89' lang='lat' dir='ltr'><strong>enim</strong></span> 
     </span>
    </p>
   </div>
   <div class='ocr_carea' id='block_1_4' title="bbox 161 561 1719 636">
    <p class='ocr_par' dir='ltr' id='par_1_4' title="bbox 161 561 1719 636">
     <span class='ocr_line' id='line_1_4' title="bbox 161 561 1719 636; baseline -0.003 -19"><span class='ocrx_word' id='word_1_19' title='bbox 161 566 405 619; x_wconf 76' lang='lat' dir='ltr'><strong>inimicent</strong></span> <span class='ocrx_word' id='word_1_20' title='bbox 454 576 851 636; x_wconf 82' lang='lat' dir='ltr'><strong>Oppugoantetu</strong></span> <span class='ocrx_word' id='word_1_21' title='bbox 893 564 1093 629; x_wconf 89' lang='lat' dir='ltr'><strong>ferire,</strong></span> <span class='ocrx_word' id='word_1_22' title='bbox 1135 571 1189 617; x_wconf 85' lang='lat' dir='ltr'><strong>et</strong></span> <span class='ocrx_word' id='word_1_23' title='bbox 1230 563 1333 617; x_wconf 89' lang='lat' dir='ltr'><strong>tela</strong></span> <span class='ocrx_word' id='word_1_24' title='bbox 1364 562 1457 615; x_wconf 64' lang='lat' dir='ltr'><strong>iraa</strong></span> <span class='ocrx_word' id='word_1_25' title='bbox 1484 561 1719 614; x_wconf 92' lang='lat' dir='ltr'><strong>vincere.</strong></span> 
     </span>
    </p>
   </div>
   <div class='ocr_carea' id='block_1_5' title="bbox 162 652 1721 721">
    <p class='ocr_par' dir='ltr' id='par_1_5' title="bbox 162 652 1721 721">
     <span class='ocr_line' id='line_1_5' title="bbox 162 652 1721 721; baseline -0.001 -13"><span class='ocrx_word' id='word_1_26' title='bbox 162 657 320 711; x_wconf 72' lang='lat' dir='ltr'><strong>Vicisti</strong></span> <span class='ocrx_word' id='word_1_27' title='bbox 358 656 499 712; x_wconf 78' lang='lat' dir='ltr'><strong>utilia</strong></span> <span class='ocrx_word' id='word_1_28' title='bbox 539 659 663 712; x_wconf 81' lang='lat' dir='ltr'><strong>data</strong></span> <span class='ocrx_word' id='word_1_29' title='bbox 699 671 827 711; x_wconf 88' lang='lat' dir='ltr'><strong>ansa</strong></span> <span class='ocrx_word' id='word_1_30' title='bbox 849 697 865 721; x_wconf 94' lang='lat'><strong>,</strong></span> <span class='ocrx_word' id='word_1_31' title='bbox 900 656 1148 711; x_wconf 85' lang='lat' dir='ltr'><strong>morbum</strong></span> <span class='ocrx_word' id='word_1_32' title='bbox 1177 655 1340 709; x_wconf 89' lang='lat' dir='ltr'><strong>animi</strong></span> <span class='ocrx_word' id='word_1_33' title='bbox 1383 665 1530 708; x_wconf 92' lang='lat' dir='ltr'><strong>tuum</strong></span> <span class='ocrx_word' id='word_1_34' title='bbox 1571 652 1721 721; x_wconf 83' lang='lat' dir='ltr'><strong>deje-</strong></span> 
     </span>
    </p>
   </div>
   <div class='ocr_carea' id='block_1_6' title="bbox 156 743 1725 815">
    <p class='ocr_par' dir='ltr' id='par_1_6' title="bbox 156 743 1725 815">
     <span class='ocr_line' id='line_1_6' title="bbox 156 743 1725 815; baseline -0.003 -15"><span class='ocrx_word' id='word_1_35' title='bbox 156 750 257 801; x_wconf 90' lang='lat' dir='ltr'><strong>cisti</strong></span> <span class='ocrx_word' id='word_1_36' title='bbox 278 788 291 810; x_wconf 91' lang='lat'><strong>,</strong></span> <span class='ocrx_word' id='word_1_37' title='bbox 319 758 641 801; x_wconf 90' lang='lat' dir='ltr'><strong>conunotam</strong></span> <span class='ocrx_word' id='word_1_38' title='bbox 674 752 837 801; x_wconf 84' lang='lat' dir='ltr'><strong>feram</strong></span> <span class='ocrx_word' id='word_1_39' title='bbox 865 746 1119 815; x_wconf 85' lang='lat' dir='ltr'><strong>jngulasti</strong></span> <span class='ocrx_word' id='word_1_40' title='bbox 1143 784 1160 811; x_wconf 94' lang='lat'><strong>,</strong></span> <span class='ocrx_word' id='word_1_41' title='bbox 1191 756 1244 798; x_wconf 89' lang='lat' dir='ltr'><strong>et</strong></span> <span class='ocrx_word' id='word_1_42' title='bbox 1278 743 1511 797; x_wconf 90' lang='lat' dir='ltr'><strong>furorem</strong></span> <span class='ocrx_word' id='word_1_43' title='bbox 1561 758 1725 796; x_wconf 82' lang='lat' dir='ltr'><strong>com—</strong></span> 
     </span>
    </p>
   </div>
   <div class='ocr_carea' id='block_1_7' title="bbox 160 831 1722 907">
    <p class='ocr_par' dir='ltr' id='par_1_7' title="bbox 160 831 1722 907">
     <span class='ocr_line' id='line_1_7' title="bbox 160 831 1722 907; baseline -0.003 -17"><span class='ocrx_word' id='word_1_44' title='bbox 160 839 411 905; x_wconf 85' lang='lat' dir='ltr'><strong>pressisti,</strong></span> <span class='ocrx_word' id='word_1_45' title='bbox 460 848 514 891; x_wconf 92' lang='lat' dir='ltr'><strong>ut</strong></span> <span class='ocrx_word' id='word_1_46' title='bbox 560 846 745 906; x_wconf 88' lang='lat' dir='ltr'><strong>pastor</strong></span> <span class='ocrx_word' id='word_1_47' title='bbox 774 837 989 907; x_wconf 87' lang='lat' dir='ltr'><strong>quidam</strong></span> <span class='ocrx_word' id='word_1_48' title='bbox 1027 837 1298 905; x_wconf 90' lang='lat' dir='ltr'><strong>optimus:</strong></span> <span class='ocrx_word' id='word_1_49' title='bbox 1339 835 1496 889; x_wconf 87' lang='lat' dir='ltr'><strong>civile</strong></span> <span class='ocrx_word' id='word_1_50' title='bbox 1527 831 1722 887; x_wconf 86' lang='lat' dir='ltr'><strong>bellum</strong></span> 
     </span>
    </p>
   </div>
   <div class='ocr_carea' id='block_1_8' title="bbox 158 923 1723 996">
    <p class='ocr_par' dir='ltr' id='par_1_8' title="bbox 158 923 1723 996">
     <span class='ocr_line' id='line_1_8' title="bbox 158 923 1723 996; baseline -0.003 -15"><span class='ocrx_word' id='word_1_51' title='bbox 158 930 370 982; x_wconf 84' lang='lat' dir='ltr'><strong>futurum</strong></span> <span class='ocrx_word' id='word_1_52' title='bbox 408 936 557 992; x_wconf 86' lang='lat' dir='ltr'><strong>erat,</strong></span> <span class='ocrx_word' id='word_1_53' title='bbox 589 928 881 981; x_wconf 71' lang='lat' dir='ltr'><strong>domestico</strong></span> <span class='ocrx_word' id='word_1_54' title='bbox 930 942 1123 996; x_wconf 81' lang='lat' dir='ltr'><strong>pugna.</strong></span> <span class='ocrx_word' id='word_1_55' title='bbox 1157 924 1288 980; x_wconf 86' lang='lat' dir='ltr'><strong>Nam</strong></span> <span class='ocrx_word' id='word_1_56' title='bbox 1335 926 1473 979; x_wconf 90' lang='lat' dir='ltr'><strong>sicut</strong></span> <span class='ocrx_word' id='word_1_57' title='bbox 1517 923 1587 984; x_wconf 88' lang='lat' dir='ltr'><strong>ii,</strong></span> <span class='ocrx_word' id='word_1_58' title='bbox 1634 923 1723 991; x_wconf 84' lang='lat' dir='ltr'><strong>qui</strong></span> 
     </span>
    </p>
   </div>
   <div class='ocr_carea' id='block_1_9' title="bbox 159 1016 1726 1084">
    <p class='ocr_par' dir='ltr' id='par_1_9' title="bbox 159 1016 1726 1084">
     <span class='ocr_line' id='line_1_9' title="bbox 159 1016 1726 1084; baseline -0.003 -11"><span class='ocrx_word' id='word_1_59' title='bbox 159 1022 331 1075; x_wconf 71' lang='lat' dir='ltr'><strong>inmitia</strong></span> <span class='ocrx_word' id='word_1_60' title='bbox 372 1020 499 1074; x_wconf 91' lang='lat' dir='ltr'><strong>foris</strong></span> <span class='ocrx_word' id='word_1_61' title='bbox 548 1020 841 1084; x_wconf 88' lang='lat' dir='ltr'><strong>obsident,</strong></span> <span class='ocrx_word' id='word_1_62' title='bbox 891 1018 1051 1072; x_wconf 82' lang='lat' dir='ltr'><strong>civile</strong></span> <span class='ocrx_word' id='word_1_63' title='bbox 1100 1016 1297 1071; x_wconf 90' lang='lat' dir='ltr'><strong>bellmn</strong></span> <span class='ocrx_word' id='word_1_64' title='bbox 1348 1016 1621 1079; x_wconf 80' lang='lat' dir='ltr'><strong>excitant,</strong></span> <span class='ocrx_word' id='word_1_65' title='bbox 1673 1023 1726 1068; x_wconf 89' lang='lat' dir='ltr'><strong>et</strong></span> 
     </span>
    </p>
   </div>
   <div class='ocr_carea' id='block_1_10' title="bbox 160 1105 1724 1179">
    <p class='ocr_par' dir='ltr' id='par_1_10' title="bbox 160 1105 1724 1179">
     <span class='ocr_line' id='line_1_10' title="bbox 160 1105 1724 1179; baseline -0.004 -16"><span class='ocrx_word' id='word_1_66' title='bbox 160 1114 219 1163; x_wconf 86' lang='lat' dir='ltr'><strong>ita</strong></span> <span class='ocrx_word' id='word_1_67' title='bbox 248 1112 456 1165; x_wconf 81' lang='lat' dir='ltr'><strong>vincunt</strong></span> <span class='ocrx_word' id='word_1_68' title='bbox 484 1128 498 1163; x_wconf 88' lang='lat'><strong>:</strong></span> <span class='ocrx_word' id='word_1_69' title='bbox 550 1110 630 1165; x_wconf 87' lang='lat' dir='ltr'><strong>sic</strong></span> <span class='ocrx_word' id='word_1_70' title='bbox 659 1110 747 1179; x_wconf 88' lang='lat' dir='ltr'><strong>qtti</strong></span> <span class='ocrx_word' id='word_1_71' title='bbox 778 1109 1161 1164; x_wconf 88' lang='lat' dir='ltr'><strong>contumeliam</strong></span> <span class='ocrx_word' id='word_1_72' title='bbox 1193 1106 1353 1161; x_wconf 77' lang='lat' dir='ltr'><strong>infert</strong></span> <span class='ocrx_word' id='word_1_73' title='bbox 1382 1149 1394 1168; x_wconf 91' lang='lat'><strong>,</strong></span> <span class='ocrx_word' id='word_1_74' title='bbox 1441 1107 1485 1159; x_wconf 90' lang='lat' dir='ltr'><strong>si</strong></span> <span class='ocrx_word' id='word_1_75' title='bbox 1517 1105 1724 1175; x_wconf 90' lang='lat' dir='ltr'><strong>passio-</strong></span> 
     </span>
    </p>
   </div>
   <div class='ocr_carea' id='block_1_11' title="bbox 163 1197 1724 1267">
    <p class='ocr_par' dir='ltr' id='par_1_11' title="bbox 163 1197 1724 1267">
     <span class='ocr_line' id='line_1_11' title="bbox 163 1197 1724 1267; baseline -0.005 -10"><span class='ocrx_word' id='word_1_76' title='bbox 163 1219 268 1257; x_wconf 84' lang='lat' dir='ltr'><strong>netu</strong></span> <span class='ocrx_word' id='word_1_77' title='bbox 300 1204 347 1256; x_wconf 91' lang='lat' dir='ltr'><strong>in</strong></span> <span class='ocrx_word' id='word_1_78' title='bbox 379 1203 535 1256; x_wconf 89' lang='lat' dir='ltr'><strong>nobis</strong></span> <span class='ocrx_word' id='word_1_79' title='bbox 564 1218 670 1256; x_wconf 90' lang='lat' dir='ltr'><strong>non</strong></span> <span class='ocrx_word' id='word_1_80' title='bbox 702 1204 931 1264; x_wconf 80' lang='lat' dir='ltr'><strong>excitet,</strong></span> <span class='ocrx_word' id='word_1_81' title='bbox 963 1203 1177 1255; x_wconf 80' lang='lat' dir='ltr'><strong>vincere</strong></span> <span class='ocrx_word' id='word_1_82' title='bbox 1219 1215 1324 1254; x_wconf 91' lang='lat' dir='ltr'><strong>non</strong></span> <span class='ocrx_word' id='word_1_83' title='bbox 1359 1198 1551 1267; x_wconf 89' lang='lat' dir='ltr'><strong>poterit</strong></span> <span class='ocrx_word' id='word_1_84' title='bbox 1578 1214 1591 1261; x_wconf 92' lang='lat'><strong>;</strong></span> <span class='ocrx_word' id='word_1_85' title='bbox 1625 1197 1724 1251; x_wconf 89' lang='lat' dir='ltr'><strong>nisi</strong></span> 
     </span>
    </p>
   </div>
   <div class='ocr_carea' id='block_1_12' title="bbox 160 1290 1730 1365">
    <p class='ocr_par' dir='ltr' id='par_1_12' title="bbox 160 1290 1730 1365">
     <span class='ocr_line' id='line_1_12' title="bbox 160 1290 1730 1365; baseline -0.003 -16"><span class='ocrx_word' id='word_1_86' title='bbox 160 1312 243 1351; x_wconf 91' lang='lat' dir='ltr'><strong>nos</strong></span> <span class='ocrx_word' id='word_1_87' title='bbox 271 1296 363 1365; x_wconf 83' lang='lat' dir='ltr'><strong>ipsi</strong></span> <span class='ocrx_word' id='word_1_88' title='bbox 397 1311 495 1349; x_wconf 91' lang='lat' dir='ltr'><strong>nos</strong></span> <span class='ocrx_word' id='word_1_89' title='bbox 529 1296 907 1357; x_wconf 76' lang='lat' dir='ltr'><strong>incendamus,</strong></span> <span class='ocrx_word' id='word_1_90' title='bbox 940 1294 1030 1349; x_wconf 87' lang='lat' dir='ltr'><strong>ille</strong></span> <span class='ocrx_word' id='word_1_91' title='bbox 1062 1294 1259 1349; x_wconf 89' lang='lat' dir='ltr'><strong>nullam</strong></span> <span class='ocrx_word' id='word_1_92' title='bbox 1292 1294 1397 1346; x_wconf 91' lang='lat' dir='ltr'><strong>vim</strong></span> <span class='ocrx_word' id='word_1_93' title='bbox 1435 1291 1613 1345; x_wconf 93' lang='lat' dir='ltr'><strong>habet.</strong></span> <span class='ocrx_word' id='word_1_94' title='bbox 1648 1290 1730 1346; x_wconf 88' lang='lat' dir='ltr'><strong>Sit</strong></span> 
     </span>
    </p>
   </div>
   <div class='ocr_carea' id='block_1_13' title="bbox 134 1383 1726 1454">
    <p class='ocr_par' dir='ltr' id='par_1_13' title="bbox 134 1383 1726 1454">
     <span class='ocr_line' id='line_1_13' title="bbox 134 1383 1726 1454; baseline -0.005 -12"><span class='ocrx_word' id='word_1_95' title='bbox 134 1388 283 1447; x_wconf 77' lang='lat' dir='ltr'><strong>,enim</strong></span> <span class='ocrx_word' id='word_1_96' title='bbox 315 1388 467 1441; x_wconf 88' lang='lat' dir='ltr'><strong>nobis</strong></span> <span class='ocrx_word' id='word_1_97' title='bbox 501 1388 594 1441; x_wconf 77' lang='lat' dir='ltr'><strong>ira:</strong></span> <span class='ocrx_word' id='word_1_98' title='bbox 625 1387 855 1441; x_wconf 78' lang='lat' dir='ltr'><strong>scintilla</strong></span> <span class='ocrx_word' id='word_1_99' title='bbox 884 1428 900 1450; x_wconf 97' lang='lat'><strong>,</strong></span> <span class='ocrx_word' id='word_1_100' title='bbox 940 1396 995 1439; x_wconf 93' lang='lat' dir='ltr'><strong>ut</strong></span> <span class='ocrx_word' id='word_1_101' title='bbox 1025 1394 1326 1454; x_wconf 84' lang='lat' dir='ltr'><strong>opportune</strong></span> <span class='ocrx_word' id='word_1_102' title='bbox 1364 1383 1687 1438; x_wconf 71' lang='lat' dir='ltr'><strong>accendatur</strong></span> <span class='ocrx_word' id='word_1_103' title='bbox 1711 1424 1726 1443; x_wconf 89' lang='lat'><strong>,</strong></span> 
     </span>
    </p>
   </div>
   <div class='ocr_carea' id='block_1_14' title="bbox 161 1473 1727 1545">
    <p class='ocr_par' dir='ltr' id='par_1_14' title="bbox 161 1473 1727 1545">
     <span class='ocr_line' id='line_1_14' title="bbox 161 1473 1727 1545; baseline -0.004 -15"><span class='ocrx_word' id='word_1_104' title='bbox 161 1493 250 1530; x_wconf 89' lang='lat' dir='ltr'><strong>non</strong></span> <span class='ocrx_word' id='word_1_105' title='bbox 277 1486 454 1531; x_wconf 88' lang='lat' dir='ltr'><strong>contra</strong></span> <span class='ocrx_word' id='word_1_106' title='bbox 490 1493 588 1531; x_wconf 88' lang='lat' dir='ltr'><strong>nos</strong></span> <span class='ocrx_word' id='word_1_107' title='bbox 613 1478 777 1545; x_wconf 85' lang='lat' dir='ltr'><strong>ipsos.</strong></span> <span class='ocrx_word' id='word_1_108' title='bbox 804 1491 871 1529; x_wconf 91' lang='lat' dir='ltr'><strong>ne</strong></span> <span class='ocrx_word' id='word_1_109' title='bbox 893 1490 991 1530; x_wconf 87' lang='lat' dir='ltr'><strong>nos</strong></span> <span class='ocrx_word' id='word_1_110' title='bbox 1019 1476 1312 1529; x_wconf 85' lang='lat' dir='ltr'><strong>innumeris</strong></span> <span class='ocrx_word' id='word_1_111' title='bbox 1339 1474 1529 1528; x_wconf 83' lang='lat' dir='ltr'><strong>afiiciat</strong></span> <span class='ocrx_word' id='word_1_112' title='bbox 1552 1473 1727 1526; x_wconf 85' lang='lat' dir='ltr'><strong>malis.</strong></span> 
     </span>
    </p>
   </div>
   <div class='ocr_carea' id='block_1_15' title="bbox 160 1566 1730 1638">
    <p class='ocr_par' dir='ltr' id='par_1_15' title="bbox 160 1566 1730 1638">
     <span class='ocr_line' id='line_1_15' title="bbox 160 1566 1730 1638; baseline -0.001 -17"><span class='ocrx_word' id='word_1_113' title='bbox 160 1569 255 1623; x_wconf 77' lang='lat' dir='ltr'><strong>Non</strong></span> <span class='ocrx_word' id='word_1_114' title='bbox 282 1570 467 1624; x_wconf 84' lang='lat' dir='ltr'><strong>videtis</strong></span> <span class='ocrx_word' id='word_1_115' title='bbox 496 1571 548 1623; x_wconf 92' lang='lat' dir='ltr'><strong>in</strong></span> <span class='ocrx_word' id='word_1_116' title='bbox 578 1570 827 1624; x_wconf 84' lang='lat' dir='ltr'><strong>domibus</strong></span> <span class='ocrx_word' id='word_1_117' title='bbox 856 1570 1031 1638; x_wconf 84' lang='lat' dir='ltr'><strong>ignem</strong></span> <span class='ocrx_word' id='word_1_118' title='bbox 1072 1568 1403 1623; x_wconf 87' lang='lat' dir='ltr'><strong>reconditum</strong></span> <span class='ocrx_word' id='word_1_119' title='bbox 1430 1608 1444 1630; x_wconf 94' lang='lat'><strong>,</strong></span> <span class='ocrx_word' id='word_1_120' title='bbox 1476 1581 1574 1621; x_wconf 91' lang='lat' dir='ltr'><strong>nec</strong></span> <span class='ocrx_word' id='word_1_121' title='bbox 1612 1566 1730 1619; x_wconf 85' lang='lat' dir='ltr'><strong>ubi-</strong></span> 
     </span>
    </p>
   </div>
   <div class='ocr_carea' id='block_1_16' title="bbox 160 1659 1729 1730">
    <p class='ocr_par' dir='ltr' id='par_1_16' title="bbox 160 1659 1729 1730">
     <span class='ocr_line' id='line_1_16' title="bbox 160 1659 1729 1730; baseline 0.001 -20"><span class='ocrx_word' id='word_1_122' title='bbox 160 1676 245 1729; x_wconf 89' lang='lat' dir='ltr'><strong>que</strong></span> <span class='ocrx_word' id='word_1_123' title='bbox 271 1661 561 1730; x_wconf 87' lang='lat' dir='ltr'><strong>projectum</strong></span> <span class='ocrx_word' id='word_1_124' title='bbox 588 1701 602 1723; x_wconf 89' lang='lat'><strong>,</strong></span> <span class='ocrx_word' id='word_1_125' title='bbox 637 1676 742 1713; x_wconf 90' lang='lat' dir='ltr'><strong>non</strong></span> <span class='ocrx_word' id='word_1_126' title='bbox 774 1659 827 1714; x_wconf 87' lang='lat' dir='ltr'><strong>in</strong></span> <span class='ocrx_word' id='word_1_127' title='bbox 863 1660 1005 1714; x_wconf 74' lang='lat' dir='ltr'><strong>fama</strong></span> <span class='ocrx_word' id='word_1_128' title='bbox 1030 1701 1042 1722; x_wconf 93' lang='lat'><strong>,</strong></span> <span class='ocrx_word' id='word_1_129' title='bbox 1077 1674 1183 1714; x_wconf 88' lang='lat' dir='ltr'><strong>non</strong></span> <span class='ocrx_word' id='word_1_130' title='bbox 1217 1660 1268 1713; x_wconf 93' lang='lat' dir='ltr'><strong>in</strong></span> <span class='ocrx_word' id='word_1_131' title='bbox 1300 1659 1537 1713; x_wconf 78' lang='lat' dir='ltr'><strong>vestibus</strong></span> <span class='ocrx_word' id='word_1_132' title='bbox 1562 1700 1576 1722; x_wconf 89' lang='lat'><strong>,</strong></span> <span class='ocrx_word' id='word_1_133' title='bbox 1625 1673 1729 1711; x_wconf 91' lang='lat' dir='ltr'><strong>non</strong></span> 
     </span>
    </p>
   </div>
   <div class='ocr_carea' id='block_1_17' title="bbox 164 1750 1730 1815">
    <p class='ocr_par' dir='ltr' id='par_1_17' title="bbox 164 1750 1730 1815">
     <span class='ocr_line' id='line_1_17' title="bbox 164 1750 1730 1815; baseline 0 -13"><span class='ocrx_word' id='word_1_134' title='bbox 164 1763 341 1805; x_wconf 84' lang='lat' dir='ltr'><strong>temere</strong></span> <span class='ocrx_word' id='word_1_135' title='bbox 365 1793 378 1814; x_wconf 93' lang='lat'><strong>,</strong></span> <span class='ocrx_word' id='word_1_136' title='bbox 409 1766 476 1806; x_wconf 86' lang='lat' dir='ltr'><strong>ne</strong></span> <span class='ocrx_word' id='word_1_137' title='bbox 506 1752 668 1805; x_wconf 80' lang='lat' dir='ltr'><strong>ﬂante</strong></span> <span class='ocrx_word' id='word_1_138' title='bbox 699 1760 860 1805; x_wconf 80' lang='lat' dir='ltr'><strong>vento</strong></span> <span class='ocrx_word' id='word_1_139' title='bbox 889 1751 1207 1806; x_wconf 87' lang='lat' dir='ltr'><strong>incendatur</strong></span> <span class='ocrx_word' id='word_1_140' title='bbox 1232 1768 1247 1815; x_wconf 87' lang='lat'><strong>;</strong></span> <span class='ocrx_word' id='word_1_141' title='bbox 1279 1751 1372 1805; x_wconf 86' lang='lat' dir='ltr'><strong>sed</strong></span> <span class='ocrx_word' id='word_1_142' title='bbox 1404 1750 1517 1805; x_wconf 87' lang='lat' dir='ltr'><strong>sive</strong></span> <span class='ocrx_word' id='word_1_143' title='bbox 1542 1750 1730 1803; x_wconf 86' lang='lat' dir='ltr'><strong>ancilla</strong></span> 
     </span>
    </p>
   </div>
   <div class='ocr_carea' id='block_1_18' title="bbox 164 1840 1734 1907">
    <p class='ocr_par' dir='ltr' id='par_1_18' title="bbox 164 1840 1734 1907">
     <span class='ocr_line' id='line_1_18' title="bbox 164 1840 1734 1907; baseline 0.002 -15"><span class='ocrx_word' id='word_1_144' title='bbox 164 1840 408 1895; x_wconf 80' lang='lat' dir='ltr'><strong>lucernam</strong></span> <span class='ocrx_word' id='word_1_145' title='bbox 450 1841 642 1896; x_wconf 82' lang='lat' dir='ltr'><strong>habeat</strong></span> <span class='ocrx_word' id='word_1_146' title='bbox 666 1884 681 1907; x_wconf 93' lang='lat'><strong>,</strong></span> <span class='ocrx_word' id='word_1_147' title='bbox 721 1842 834 1896; x_wconf 85' lang='lat' dir='ltr'><strong>sive</strong></span> <span class='ocrx_word' id='word_1_148' title='bbox 863 1857 1026 1897; x_wconf 87' lang='lat' dir='ltr'><strong>cocus</strong></span> <span class='ocrx_word' id='word_1_149' title='bbox 1061 1842 1356 1907; x_wconf 89' lang='lat' dir='ltr'><strong>accendat,</strong></span> <span class='ocrx_word' id='word_1_150' title='bbox 1388 1842 1734 1895; x_wconf 83' lang='lat' dir='ltr'><strong>denuntiatur</strong></span> 
     </span>
    </p>
   </div>
   <div class='ocr_carea' id='block_1_19' title="bbox 162 1934 1736 2005">
    <p class='ocr_par' dir='ltr' id='par_1_19' title="bbox 162 1934 1736 2005">
     <span class='ocr_line' id='line_1_19' title="bbox 162 1934 1736 2005; baseline 0.003 -22"><span class='ocrx_word' id='word_1_151' title='bbox 162 1934 265 1997; x_wconf 84' lang='lat' dir='ltr'><strong>illis,</strong></span> <span class='ocrx_word' id='word_1_152' title='bbox 292 1950 359 1989; x_wconf 90' lang='lat' dir='ltr'><strong>ne</strong></span> <span class='ocrx_word' id='word_1_153' title='bbox 381 1934 446 1988; x_wconf 87' lang='lat' dir='ltr'><strong>ad</strong></span> <span class='ocrx_word' id='word_1_154' title='bbox 476 1944 723 2000; x_wconf 81' lang='lat' dir='ltr'><strong>ventum,</strong></span> <span class='ocrx_word' id='word_1_155' title='bbox 758 1951 825 1989; x_wconf 91' lang='lat' dir='ltr'><strong>ne</strong></span> <span class='ocrx_word' id='word_1_156' title='bbox 858 1950 1025 2005; x_wconf 91' lang='lat' dir='ltr'><strong>prope</strong></span> <span class='ocrx_word' id='word_1_157' title='bbox 1058 1936 1314 1998; x_wconf 86' lang='lat' dir='ltr'><strong>tabulam,</strong></span> <span class='ocrx_word' id='word_1_158' title='bbox 1350 1952 1415 1990; x_wconf 91' lang='lat' dir='ltr'><strong>ne</strong></span> <span class='ocrx_word' id='word_1_159' title='bbox 1446 1946 1603 1991; x_wconf 91' lang='lat' dir='ltr'><strong>noctu</strong></span> <span class='ocrx_word' id='word_1_160' title='bbox 1633 1936 1736 1989; x_wconf 90' lang='lat' dir='ltr'><strong>hoc</strong></span> 
     </span>
    </p>
   </div>
   <div class='ocr_carea' id='block_1_20' title="bbox 165 2022 1734 2097">
    <p class='ocr_par' dir='ltr' id='par_1_20' title="bbox 165 2022 1734 2097">
     <span class='ocr_line' id='line_1_20' title="bbox 165 2022 1734 2097; baseline 0.004 -23"><span class='ocrx_word' id='word_1_161' title='bbox 165 2022 375 2091; x_wconf 79' lang='lat' dir='ltr'><strong>faciant;</strong></span> <span class='ocrx_word' id='word_1_162' title='bbox 409 2026 506 2080; x_wconf 88' lang='lat' dir='ltr'><strong>sed</strong></span> <span class='ocrx_word' id='word_1_163' title='bbox 534 2027 855 2082; x_wconf 83' lang='lat' dir='ltr'><strong>adveniente</strong></span> <span class='ocrx_word' id='word_1_164' title='bbox 887 2038 1044 2082; x_wconf 91' lang='lat' dir='ltr'><strong>nocte</strong></span> <span class='ocrx_word' id='word_1_165' title='bbox 1073 2028 1250 2097; x_wconf 88' lang='lat' dir='ltr'><strong>ignem</strong></span> <span class='ocrx_word' id='word_1_166' title='bbox 1280 2028 1550 2097; x_wconf 76' lang='lat' dir='ltr'><strong>sapimus,</strong></span> <span class='ocrx_word' id='word_1_167' title='bbox 1582 2029 1734 2082; x_wconf 86' lang='lat' dir='ltr'><strong>veriti</strong></span> 
     </span>
    </p>
   </div>
   <div class='ocr_carea' id='block_1_21' title="bbox 162 2117 1735 2176">
    <p class='ocr_par' dir='ltr' id='par_1_21' title="bbox 162 2117 1735 2176">
     <span class='ocr_line' id='line_1_21' title="bbox 162 2117 1735 2176; baseline 0.004 -9"><span class='ocrx_word' id='word_1_168' title='bbox 162 2131 217 2169; x_wconf 91' lang='lat' dir='ltr'><strong>nc</strong></span> <span class='ocrx_word' id='word_1_169' title='bbox 254 2117 379 2172; x_wconf 87' lang='lat' dir='ltr'><strong>forte</strong></span> <span class='ocrx_word' id='word_1_170' title='bbox 412 2119 807 2174; x_wconf 79' lang='lat' dir='ltr'><strong>dormientibus</strong></span> <span class='ocrx_word' id='word_1_171' title='bbox 847 2121 1003 2174; x_wconf 89' lang='lat' dir='ltr'><strong>nobis</strong></span> <span class='ocrx_word' id='word_1_172' title='bbox 1041 2131 1096 2175; x_wconf 88' lang='lat' dir='ltr'><strong>et</strong></span> <span class='ocrx_word' id='word_1_173' title='bbox 1135 2124 1349 2174; x_wconf 70' lang='lat' dir='ltr'><strong>nem’ne</strong></span> <span class='ocrx_word' id='word_1_174' title='bbox 1377 2133 1598 2176; x_wconf 84' lang='lat' dir='ltr'><strong>curante</strong></span> <span class='ocrx_word' id='word_1_175' title='bbox 1642 2136 1735 2174; x_wconf 80' lang='lat' dir='ltr'><strong>ae-</strong></span> 
     </span>
    </p>
   </div>
   <div class='ocr_carea' id='block_1_22' title="bbox 160 2208 1732 2283">
    <p class='ocr_par' dir='ltr' id='par_1_22' title="bbox 160 2208 1732 2283">
     <span class='ocr_line' id='line_1_22' title="bbox 160 2208 1732 2283; baseline 0.003 -22"><span class='ocrx_word' id='word_1_176' title='bbox 160 2208 428 2278; x_wconf 84' lang='lat' dir='ltr'><strong>cendatur,</strong></span> <span class='ocrx_word' id='word_1_177' title='bbox 463 2222 521 2265; x_wconf 90' lang='lat' dir='ltr'><strong>et</strong></span> <span class='ocrx_word' id='word_1_178' title='bbox 557 2228 749 2268; x_wconf 88' lang='lat' dir='ltr'><strong>oumcs</strong></span> <span class='ocrx_word' id='word_1_179' title='bbox 779 2214 1011 2268; x_wconf 81' lang='lat' dir='ltr'><strong>exurat?</strong></span> <span class='ocrx_word' id='word_1_180' title='bbox 1043 2212 1153 2267; x_wconf 87' lang='lat' dir='ltr'><strong>[loc</strong></span> <span class='ocrx_word' id='word_1_181' title='bbox 1183 2214 1235 2267; x_wconf 90' lang='lat' dir='ltr'><strong>in</strong></span> <span class='ocrx_word' id='word_1_182' title='bbox 1264 2213 1340 2266; x_wconf 87' lang='lat' dir='ltr'><strong>ira</strong></span> <span class='ocrx_word' id='word_1_183' title='bbox 1367 2229 1578 2283; x_wconf 84' lang='lat' dir='ltr'><strong>quoque</strong></span> <span class='ocrx_word' id='word_1_184' title='bbox 1607 2216 1695 2267; x_wconf 87' lang='lat' dir='ltr'><strong>tiat</strong></span> <span class='ocrx_word' id='word_1_185' title='bbox 1721 2233 1732 2265; x_wconf 92' lang='lat'><strong>:</strong></span> 
     </span>
    </p>
   </div>
   <div class='ocr_carea' id='block_1_23' title="bbox 163 2303 1735 2375">
    <p class='ocr_par' dir='ltr' id='par_1_23' title="bbox 163 2303 1735 2375">
     <span class='ocr_line' id='line_1_23' title="bbox 163 2303 1735 2375; baseline 0.005 -24"><span class='ocrx_word' id='word_1_186' title='bbox 163 2318 218 2354; x_wconf 87' lang='lat' dir='ltr'><strong>ne</strong></span> <span class='ocrx_word' id='word_1_187' title='bbox 240 2303 449 2356; x_wconf 89' lang='lat' dir='ltr'><strong>omnino</strong></span> <span class='ocrx_word' id='word_1_188' title='bbox 479 2303 532 2356; x_wconf 93' lang='lat' dir='ltr'><strong>in</strong></span> <span class='ocrx_word' id='word_1_189' title='bbox 562 2304 977 2372; x_wconf 77' lang='lat' dir='ltr'><strong>cegitationibus</strong></span> <span class='ocrx_word' id='word_1_190' title='bbox 1003 2306 1206 2360; x_wconf 89' lang='lat' dir='ltr'><strong>nostris</strong></span> <span class='ocrx_word' id='word_1_191' title='bbox 1233 2305 1575 2375; x_wconf 83' lang='lat' dir='ltr'><strong>dispergatur</strong></span> <span class='ocrx_word' id='word_1_192' title='bbox 1596 2346 1609 2365; x_wconf 92' lang='lat'><strong>,</strong></span> <span class='ocrx_word' id='word_1_193' title='bbox 1640 2304 1735 2359; x_wconf 83' lang='lat' dir='ltr'><strong>sed</strong></span> 
     </span>
    </p>
   </div>
   <div class='ocr_carea' id='block_1_24' title="bbox 163 2393 1735 2466">
    <p class='ocr_par' dir='ltr' id='par_1_24' title="bbox 163 2393 1735 2466">
     <span class='ocr_line' id='line_1_24' title="bbox 163 2393 1735 2466; baseline 0.004 -22"><span class='ocrx_word' id='word_1_194' title='bbox 163 2393 205 2445; x_wconf 88' lang='lat' dir='ltr'><strong>in</strong></span> <span class='ocrx_word' id='word_1_195' title='bbox 230 2394 447 2461; x_wconf 86' lang='lat' dir='ltr'><strong>quodam</strong></span> <span class='ocrx_word' id='word_1_196' title='bbox 476 2393 972 2466; x_wconf 73' lang='lat' dir='ltr'><strong>mentis’profundo</strong></span> <span class='ocrx_word' id='word_1_197' title='bbox 1005 2406 1232 2465; x_wconf 86' lang='lat' dir='ltr'><strong>ponatur</strong></span> <span class='ocrx_word' id='word_1_198' title='bbox 1253 2438 1266 2462; x_wconf 97' lang='lat'><strong>,</strong></span> <span class='ocrx_word' id='word_1_199' title='bbox 1296 2406 1354 2450; x_wconf 92' lang='lat' dir='ltr'><strong>ut</strong></span> <span class='ocrx_word' id='word_1_200' title='bbox 1384 2413 1450 2451; x_wconf 88' lang='lat' dir='ltr'><strong>ne</strong></span> <span class='ocrx_word' id='word_1_201' title='bbox 1476 2406 1668 2451; x_wconf 86' lang='lat' dir='ltr'><strong>ventus</strong></span> <span class='ocrx_word' id='word_1_202' title='bbox 1707 2412 1735 2451; x_wconf 86' lang='lat' dir='ltr'><strong>a</strong></span> 
     </span>
    </p>
   </div>
   <div class='ocr_carea' id='block_1_25' title="bbox 163 2485 1737 2551">
    <p class='ocr_par' dir='ltr' id='par_1_25' title="bbox 163 2485 1737 2551">
     <span class='ocr_line' id='line_1_25' title="bbox 163 2485 1737 2551; baseline 0.004 -17"><span class='ocrx_word' id='word_1_203' title='bbox 163 2485 316 2539; x_wconf 90' lang='lat' dir='ltr'><strong>verbis</strong></span> <span class='ocrx_word' id='word_1_204' title='bbox 342 2485 640 2541; x_wconf 82' lang='lat' dir='ltr'><strong>adversarii</strong></span> <span class='ocrx_word' id='word_1_205' title='bbox 684 2487 839 2542; x_wconf 78' lang='lat' dir='ltr'><strong>facile</strong></span> <span class='ocrx_word' id='word_1_206' title='bbox 870 2488 1156 2551; x_wconf 82' lang='lat' dir='ltr'><strong>adveniat,</strong></span> <span class='ocrx_word' id='word_1_207' title='bbox 1190 2487 1284 2542; x_wconf 87' lang='lat' dir='ltr'><strong>sed</strong></span> <span class='ocrx_word' id='word_1_208' title='bbox 1315 2504 1344 2542; x_wconf 89' lang='lat' dir='ltr'><strong>a</strong></span> <span class='ocrx_word' id='word_1_209' title='bbox 1378 2488 1534 2543; x_wconf 89' lang='lat' dir='ltr'><strong>nobis</strong></span> <span class='ocrx_word' id='word_1_210' title='bbox 1565 2489 1737 2542; x_wconf 87' lang='lat' dir='ltr'><strong>susei-</strong></span> 
     </span>
    </p>
   </div>
   <div class='ocr_carea' id='block_1_26' title="bbox 162 2575 1742 2651">
    <p class='ocr_par' dir='ltr' id='par_1_26' title="bbox 162 2575 1742 2651">
     <span class='ocr_line' id='line_1_26' title="bbox 162 2575 1742 2651; baseline 0.005 -24"><span class='ocrx_word' id='word_1_211' title='bbox 162 2575 315 2643; x_wconf 83' lang='lat' dir='ltr'><strong>pialttr</strong></span> <span class='ocrx_word' id='word_1_212' title='bbox 338 2590 550 2641; x_wconf 77' lang='lat' dir='ltr'><strong>ventus,</strong></span> <span class='ocrx_word' id='word_1_213' title='bbox 584 2580 879 2635; x_wconf 85' lang='lat' dir='ltr'><strong>scientibus</strong></span> <span class='ocrx_word' id='word_1_214' title='bbox 907 2580 1055 2634; x_wconf 83' lang='lat' dir='ltr'><strong>illurn</strong></span> <span class='ocrx_word' id='word_1_215' title='bbox 1087 2590 1383 2651; x_wconf 80' lang='lat' dir='ltr'><strong>temperate</strong></span> <span class='ocrx_word' id='word_1_216' title='bbox 1409 2591 1463 2636; x_wconf 91' lang='lat' dir='ltr'><strong>et</strong></span> <span class='ocrx_word' id='word_1_217' title='bbox 1492 2589 1604 2635; x_wconf 89' lang='lat' dir='ltr'><strong>tuto</strong></span> <span class='ocrx_word' id='word_1_218' title='bbox 1626 2596 1742 2635; x_wconf 84' lang='lat' dir='ltr'><strong>mo-</strong></span> 
     </span>
    </p>
   </div>
   <div class='ocr_carea' id='block_1_27' title="bbox 163 2670 1740 2741">
    <p class='ocr_par' dir='ltr' id='par_1_27' title="bbox 163 2670 1740 2741">
     <span class='ocr_line' id='line_1_27' title="bbox 163 2670 1740 2741; baseline 0.004 -20"><span class='ocrx_word' id='word_1_219' title='bbox 163 2683 285 2723; x_wconf 80' lang='lat' dir='ltr'><strong>vere.</strong></span> <span class='ocrx_word' id='word_1_220' title='bbox 321 2670 375 2725; x_wconf 88' lang='lat' dir='ltr'><strong>Si</strong></span> <span class='ocrx_word' id='word_1_221' title='bbox 404 2671 612 2725; x_wconf 70' lang='lat' dir='ltr'><strong>deforis</strong></span> <span class='ocrx_word' id='word_1_222' title='bbox 644 2681 858 2725; x_wconf 90' lang='lat' dir='ltr'><strong>ventmn</strong></span> <span class='ocrx_word' id='word_1_223' title='bbox 890 2672 1139 2741; x_wconf 88' lang='lat' dir='ltr'><strong>accipiat,</strong></span> <span class='ocrx_word' id='word_1_224' title='bbox 1175 2673 1344 2727; x_wconf 87' lang='lat' dir='ltr'><strong>nescit</strong></span> <span class='ocrx_word' id='word_1_225' title='bbox 1372 2672 1613 2737; x_wconf 87' lang='lat' dir='ltr'><strong>modum,</strong></span> <span class='ocrx_word' id='word_1_226' title='bbox 1645 2673 1740 2727; x_wconf 90' lang='lat' dir='ltr'><strong>sed</strong></span> 
     </span>
    </p>
   </div>
   <div class='ocr_carea' id='block_1_28' title="bbox 162 2761 1741 2831">
    <p class='ocr_par' dir='ltr' id='par_1_28' title="bbox 162 2761 1741 2831">
     <span class='ocr_line' id='line_1_28' title="bbox 162 2761 1741 2831; baseline 0.005 -22"><span class='ocrx_word' id='word_1_227' title='bbox 162 2761 316 2813; x_wconf 82' lang='lat' dir='ltr'><strong>omnia</strong></span> <span class='ocrx_word' id='word_1_228' title='bbox 344 2763 640 2816; x_wconf 83' lang='lat' dir='ltr'><strong>accendet:</strong></span> <span class='ocrx_word' id='word_1_229' title='bbox 670 2778 814 2831; x_wconf 76' lang='lat' dir='ltr'><strong>sa-pe</strong></span> <span class='ocrx_word' id='word_1_230' title='bbox 843 2763 1000 2817; x_wconf 87' lang='lat' dir='ltr'><strong>nobis</strong></span> <span class='ocrx_word' id='word_1_231' title='bbox 1026 2762 1415 2819; x_wconf 88' lang='lat' dir='ltr'><strong>dormientibus</strong></span> <span class='ocrx_word' id='word_1_232' title='bbox 1442 2775 1628 2818; x_wconf 84' lang='lat' dir='ltr'><strong>ventus</strong></span> <span class='ocrx_word' id='word_1_233' title='bbox 1652 2764 1741 2817; x_wconf 90' lang='lat' dir='ltr'><strong>ille</strong></span> 
     </span>
    </p>
   </div>
   <div class='ocr_carea' id='block_1_29' title="bbox 164 2849 1739 2926">
    <p class='ocr_par' dir='ltr' id='par_1_29' title="bbox 164 2849 1739 2926">
     <span class='ocr_line' id='line_1_29' title="bbox 164 2849 1739 2926; baseline 0.005 -25"><span class='ocrx_word' id='word_1_234' title='bbox 164 2849 341 2906; x_wconf 85' lang='lat' dir='ltr'><strong>incidet</strong></span> <span class='ocrx_word' id='word_1_235' title='bbox 380 2862 435 2907; x_wconf 91' lang='lat' dir='ltr'><strong>et</strong></span> <span class='ocrx_word' id='word_1_236' title='bbox 466 2853 651 2908; x_wconf 86' lang='lat' dir='ltr'><strong>omnia</strong></span> <span class='ocrx_word' id='word_1_237' title='bbox 676 2855 978 2909; x_wconf 89' lang='lat' dir='ltr'><strong>comburet.</strong></span> <span class='ocrx_word' id='word_1_238' title='bbox 1026 2854 1107 2909; x_wconf 90' lang='lat' dir='ltr'><strong>Sit</strong></span> <span class='ocrx_word' id='word_1_239' title='bbox 1136 2870 1267 2926; x_wconf 83' lang='lat' dir='ltr'><strong>ergo</strong></span> <span class='ocrx_word' id='word_1_240' title='bbox 1298 2856 1453 2910; x_wconf 89' lang='lat' dir='ltr'><strong>nobis</strong></span> <span class='ocrx_word' id='word_1_241' title='bbox 1495 2866 1697 2910; x_wconf 87' lang='lat' dir='ltr'><strong>tantum</strong></span> <span class='ocrx_word' id='word_1_242' title='bbox 1722 2897 1739 2923; x_wconf 88' lang='lat'><strong>,</strong></span> 
     </span>
    </p>
   </div>
   <div class='ocr_carea' id='block_1_30' title="bbox 163 2944 1744 3017">
    <p class='ocr_par' dir='ltr' id='par_1_30' title="bbox 163 2944 1744 3017">
     <span class='ocr_line' id='line_1_30' title="bbox 163 2944 1744 3017; baseline 0.005 -24"><span class='ocrx_word' id='word_1_243' title='bbox 163 2952 209 2995; x_wconf 92' lang='lat' dir='ltr'><strong>ut</strong></span> <span class='ocrx_word' id='word_1_244' title='bbox 232 2944 389 2999; x_wconf 87' lang='lat' dir='ltr'><strong>lucem</strong></span> <span class='ocrx_word' id='word_1_245' title='bbox 412 2946 715 3001; x_wconf 79' lang='lat' dir='ltr'><strong>accendat:</strong></span> <span class='ocrx_word' id='word_1_246' title='bbox 750 2946 924 3002; x_wconf 86' lang='lat' dir='ltr'><strong>lucem</strong></span> <span class='ocrx_word' id='word_1_247' title='bbox 954 2947 1097 3001; x_wconf 89' lang='lat' dir='ltr'><strong>enim</strong></span> <span class='ocrx_word' id='word_1_248' title='bbox 1126 2947 1373 3002; x_wconf 89' lang='lat' dir='ltr'><strong>accendit</strong></span> <span class='ocrx_word' id='word_1_249' title='bbox 1399 2948 1495 3011; x_wconf 77' lang='lat' dir='ltr'><strong>im,</strong></span> <span class='ocrx_word' id='word_1_250' title='bbox 1526 2948 1744 3017; x_wconf 82' lang='lat' dir='ltr'><strong>quando</strong></span> 
     </span>
    </p>
   </div>
   <div class='ocr_carea' id='block_1_31' title="bbox 160 3035 1742 3110">
    <p class='ocr_par' dir='ltr' id='par_1_31' title="bbox 160 3035 1742 3110">
     <span class='ocr_line' id='line_1_31' title="bbox 160 3035 1742 3110; baseline 0.003 -21"><span class='ocrx_word' id='word_1_251' title='bbox 160 3035 391 3092; x_wconf 82' lang='lat' dir='ltr'><strong>decenter</strong></span> <span class='ocrx_word' id='word_1_252' title='bbox 412 3049 665 3095; x_wconf 86' lang='lat' dir='ltr'><strong>movetur</strong></span> <span class='ocrx_word' id='word_1_253' title='bbox 691 3057 703 3093; x_wconf 92' lang='lat'>:</span> <span class='ocrx_word' id='word_1_254' title='bbox 725 3051 777 3094; x_wconf 86' lang='lat' dir='ltr'><strong>et</strong></span> <span class='ocrx_word' id='word_1_255' title='bbox 804 3038 949 3094; x_wconf 80' lang='lat' dir='ltr'><strong>faces</strong></span> <span class='ocrx_word' id='word_1_256' title='bbox 976 3040 1269 3094; x_wconf 86' lang='lat' dir='ltr'><strong>habeamus</strong></span> <span class='ocrx_word' id='word_1_257' title='bbox 1290 3049 1476 3094; x_wconf 86' lang='lat' dir='ltr'><strong>cootra</strong></span> <span class='ocrx_word' id='word_1_258' title='bbox 1506 3055 1623 3104; x_wconf 89' lang='lat' dir='ltr'><strong>eos,</strong></span> <span class='ocrx_word' id='word_1_259' title='bbox 1653 3041 1742 3110; x_wconf 89' lang='lat' dir='ltr'><strong>qui</strong></span> 
     </span>
    </p>
   </div>
   <div class='ocr_carea' id='block_1_32' title="bbox 161 3129 1746 3201">
    <p class='ocr_par' dir='ltr' id='par_1_32' title="bbox 161 3129 1746 3201">
     <span class='ocr_line' id='line_1_32' title="bbox 161 3129 1746 3201; baseline 0.005 -22"><span class='ocrx_word' id='word_1_260' title='bbox 161 3129 277 3183; x_wconf 84' lang='lat' dir='ltr'><strong>alios</strong></span> <span class='ocrx_word' id='word_1_261' title='bbox 303 3131 501 3185; x_wconf 69' lang='lat' dir='ltr'><strong>Iredunt</strong></span> <span class='ocrx_word' id='word_1_262' title='bbox 521 3173 536 3195; x_wconf 88' lang='lat'><strong>,</strong></span> <span class='ocrx_word' id='word_1_263' title='bbox 560 3140 750 3185; x_wconf 86' lang='lat' dir='ltr'><strong>contra</strong></span> <span class='ocrx_word' id='word_1_264' title='bbox 778 3131 1071 3185; x_wconf 86' lang='lat' dir='ltr'><strong>diabolum.</strong></span> <span class='ocrx_word' id='word_1_265' title='bbox 1100 3130 1177 3185; x_wconf 88' lang='lat' dir='ltr'><strong>Ne</strong></span> <span class='ocrx_word' id='word_1_266' title='bbox 1202 3133 1397 3201; x_wconf 90' lang='lat' dir='ltr'><strong>ubique</strong></span> <span class='ocrx_word' id='word_1_267' title='bbox 1418 3134 1617 3201; x_wconf 87' lang='lat' dir='ltr'><strong>jaceat,</strong></span> <span class='ocrx_word' id='word_1_268' title='bbox 1648 3147 1746 3187; x_wconf 87' lang='lat' dir='ltr'><strong>oce</strong></span> 
     </span>
    </p>
   </div>
   <div class='ocr_carea' id='block_1_33' title="bbox 165 3220 1745 3287">
    <p class='ocr_par' dir='ltr' id='par_1_33' title="bbox 165 3220 1745 3287">
     <span class='ocr_line' id='line_1_33' title="bbox 165 3220 1745 3287; baseline 0.003 -15"><span class='ocrx_word' id='word_1_269' title='bbox 165 3220 455 3287; x_wconf 84' lang='lat' dir='ltr'><strong>projiciatur</strong></span> <span class='ocrx_word' id='word_1_270' title='bbox 487 3222 747 3287; x_wconf 85' lang='lat' dir='ltr'><strong>scintilla,</strong></span> <span class='ocrx_word' id='word_1_271' title='bbox 777 3221 869 3276; x_wconf 89' lang='lat' dir='ltr'><strong>sed</strong></span> <span class='ocrx_word' id='word_1_272' title='bbox 914 3221 965 3275; x_wconf 92' lang='lat' dir='ltr'><strong>in</strong></span> <span class='ocrx_word' id='word_1_273' title='bbox 1006 3222 1190 3277; x_wconf 90' lang='lat' dir='ltr'><strong>cinere</strong></span> <span class='ocrx_word' id='word_1_274' title='bbox 1219 3238 1497 3278; x_wconf 87' lang='lat' dir='ltr'><strong>servenms</strong></span> <span class='ocrx_word' id='word_1_275' title='bbox 1524 3242 1537 3278; x_wconf 89' lang='lat'><strong>:</strong></span> <span class='ocrx_word' id='word_1_276' title='bbox 1569 3225 1618 3276; x_wconf 92' lang='lat' dir='ltr'><strong>in</strong></span> <span class='ocrx_word' id='word_1_277' title='bbox 1650 3225 1745 3277; x_wconf 87' lang='lat' dir='ltr'><strong>lm-</strong></span> 
     </span>
    </p>
   </div>
   <div class='ocr_carea' id='block_1_34' title="bbox 163 3311 1748 3384">
    <p class='ocr_par' dir='ltr' id='par_1_34' title="bbox 163 3311 1748 3384">
     <span class='ocr_line' id='line_1_34' title="bbox 163 3311 1748 3384; baseline 0.004 -21"><span class='ocrx_word' id='word_1_278' title='bbox 163 3311 354 3367; x_wconf 85' lang='lat' dir='ltr'><strong>ntilibus</strong></span> <span class='ocrx_word' id='word_1_279' title='bbox 390 3313 808 3383; x_wconf 78' lang='lat' dir='ltr'><strong>cogitationibus</strong></span> <span class='ocrx_word' id='word_1_280' title='bbox 852 3313 1127 3384; x_wconf 83' lang='lat' dir='ltr'><strong>sopiamns</strong></span> <span class='ocrx_word' id='word_1_281' title='bbox 1174 3314 1486 3382; x_wconf 47' lang='lat' dir='ltr'><strong>illam..Nnn</strong></span> <span class='ocrx_word' id='word_1_282' title='bbox 1532 3330 1748 3384; x_wconf 72' lang='lat' dir='ltr'><strong>semper</strong></span> 
     </span>
    </p>
   </div>
   <div class='ocr_carea' id='block_1_35' title="bbox 164 3402 1747 3475">
    <p class='ocr_par' dir='ltr' id='par_1_35' title="bbox 164 3402 1747 3475">
     <span class='ocr_line' id='line_1_35' title="bbox 164 3402 1747 3475; baseline 0.003 -20"><span class='ocrx_word' id='word_1_283' title='bbox 164 3402 233 3455; x_wconf 78' lang='lat' dir='ltr'><strong>illi</strong></span> <span class='ocrx_word' id='word_1_284' title='bbox 257 3418 381 3473; x_wconf 90' lang='lat' dir='ltr'><strong>opus</strong></span> <span class='ocrx_word' id='word_1_285' title='bbox 407 3406 693 3470; x_wconf 81' lang='lat' dir='ltr'><strong>habemus,</strong></span> <span class='ocrx_word' id='word_1_286' title='bbox 721 3404 814 3459; x_wconf 87' lang='lat' dir='ltr'><strong>sed</strong></span> <span class='ocrx_word' id='word_1_287' title='bbox 844 3405 1060 3473; x_wconf 82' lang='lat' dir='ltr'><strong>quando</strong></span> <span class='ocrx_word' id='word_1_288' title='bbox 1082 3406 1291 3473; x_wconf 87' lang='lat' dir='ltr'><strong>operari</strong></span> <span class='ocrx_word' id='word_1_289' title='bbox 1314 3407 1439 3475; x_wconf 87' lang='lat' dir='ltr'><strong>quid</strong></span> <span class='ocrx_word' id='word_1_290' title='bbox 1459 3416 1669 3475; x_wconf 72' lang='lat' dir='ltr'><strong>oportet</strong></span> <span class='ocrx_word' id='word_1_291' title='bbox 1694 3417 1747 3460; x_wconf 78' lang='lat' dir='ltr'><strong>et</strong></span> 
     </span>
    </p>
   </div>
   <div class='ocr_carea' id='block_1_36' title="bbox 162 3495 1748 3566">
    <p class='ocr_par' dir='ltr' id='par_1_36' title="bbox 162 3495 1748 3566">
     <span class='ocr_line' id='line_1_36' title="bbox 162 3495 1748 3566; baseline 0.003 -21"><span class='ocrx_word' id='word_1_292' title='bbox 162 3495 382 3550; x_wconf 83' lang='lat' dir='ltr'><strong>emollire</strong></span> <span class='ocrx_word' id='word_1_293' title='bbox 402 3539 416 3561; x_wconf 87' lang='lat'><strong>,</strong></span> <span class='ocrx_word' id='word_1_294' title='bbox 445 3496 667 3566; x_wconf 88' lang='lat' dir='ltr'><strong>quando</strong></span> <span class='ocrx_word' id='word_1_295' title='bbox 699 3498 1045 3566; x_wconf 88' lang='lat' dir='ltr'><strong>pertinaciam</strong></span> <span class='ocrx_word' id='word_1_296' title='bbox 1075 3510 1357 3565; x_wconf 85' lang='lat' dir='ltr'><strong>superare,</strong></span> <span class='ocrx_word' id='word_1_297' title='bbox 1387 3498 1601 3566; x_wconf 84' lang='lat' dir='ltr'><strong>quando</strong></span> <span class='ocrx_word' id='word_1_298' title='bbox 1633 3500 1748 3550; x_wconf 85' lang='lat' dir='ltr'><strong>ani-</strong></span> 
     </span>
    </p>
   </div>
   <div class='ocr_carea' id='block_1_37' title="bbox 164 3588 657 3657">
    <p class='ocr_par' dir='ltr' id='par_1_37' title="bbox 164 3588 657 3657">
     <span class='ocr_line' id='line_1_37' title="bbox 164 3588 657 3657; baseline 0.008 -20"><span class='ocrx_word' id='word_1_299' title='bbox 164 3601 285 3638; x_wconf 87' lang='lat' dir='ltr'><strong>tnam</strong></span> <span class='ocrx_word' id='word_1_300' title='bbox 312 3588 657 3657; x_wconf 80' lang='lat' dir='ltr'><strong>redarguere.</strong></span> 
     </span>
    </p>
   </div>
   <div class='ocr_carea' id='block_1_38' title="bbox 221 3679 1748 3751">
    <p class='ocr_par' dir='ltr' id='par_1_38' title="bbox 221 3679 1748 3751">
     <span class='ocr_line' id='line_1_38' title="bbox 221 3679 1748 3751; baseline 0.001 -19"><span class='ocrx_word' id='word_1_301' title='bbox 221 3680 269 3732; x_wconf 76' lang='grc'><strong>4.</strong></span> <span class='ocrx_word' id='word_1_302' title='bbox 305 3679 669 3733; x_wconf 83' lang='lat' dir='ltr'><strong>Rcconciliatio</strong></span> <span class='ocrx_word' id='word_1_303' title='bbox 694 3681 947 3750; x_wconf 82' lang='lat' dir='ltr'><strong>quomodo</strong></span> <span class='ocrx_word' id='word_1_304' title='bbox 971 3683 1551 3751; x_wconf 66' lang='lat' dir='ltr'><strong>quaerenda.—-Qnanta</strong></span> <span class='ocrx_word' id='word_1_305' title='bbox 1576 3684 1648 3737; x_wconf 87' lang='lat' dir='ltr'><strong>ira</strong></span> <span class='ocrx_word' id='word_1_306' title='bbox 1670 3682 1748 3734; x_wconf 83' lang='lat' dir='ltr'><strong>fu-</strong></span> 
     </span>
    </p>
   </div>
   <div class='ocr_carea' id='block_1_39' title="bbox 166 3774 1748 3846">
    <p class='ocr_par' dir='ltr' id='par_1_39' title="bbox 166 3774 1748 3846">
     <span class='ocr_line' id='line_1_39' title="bbox 166 3774 1748 3846; baseline 0.003 -25"><span class='ocrx_word' id='word_1_307' title='bbox 166 3786 337 3838; x_wconf 83' lang='lat' dir='ltr'><strong>rorque</strong></span> <span class='ocrx_word' id='word_1_308' title='bbox 361 3774 497 3826; x_wconf 87' lang='lat' dir='ltr'><strong>mala</strong></span> <span class='ocrx_word' id='word_1_309' title='bbox 521 3784 842 3841; x_wconf 81' lang='lat' dir='ltr'><strong>pepererunt</strong></span> <span class='ocrx_word' id='word_1_310' title='bbox 870 3775 883 3827; x_wconf 80' lang='grc' dir='ltr'><strong>ι</strong></span> <span class='ocrx_word' id='word_1_311' title='bbox 906 3774 1165 3843; x_wconf 85' lang='lat' dir='ltr'><strong>Quodque</strong></span> <span class='ocrx_word' id='word_1_312' title='bbox 1182 3777 1395 3844; x_wconf 91' lang='lat' dir='ltr'><strong>gravius</strong></span> <span class='ocrx_word' id='word_1_313' title='bbox 1412 3792 1462 3830; x_wconf 61' lang='lat' dir='ltr'><strong>Cr</strong></span> <span class='ocrx_word' id='word_1_314' title='bbox 1477 3786 1512 3834; x_wconf 81' lang='grc' dir='ltr'>ι,</span> <span class='ocrx_word' id='word_1_315' title='bbox 1534 3777 1748 3846; x_wconf 84' lang='lat' dir='ltr'><strong>quando</strong></span> 
     </span>
    </p>
   </div>
   <div class='ocr_carea' id='block_1_40' title="bbox 168 3866 1747 3936">
    <p class='ocr_par' dir='ltr' id='par_1_40' title="bbox 168 3866 1747 3936">
     <span class='ocr_line' id='line_1_40' title="bbox 168 3866 1747 3936; baseline 0.007 -25"><span class='ocrx_word' id='word_1_316' title='bbox 168 3866 438 3931; x_wconf 79' lang='lat' dir='ltr'><strong>surgimus,</strong></span> <span class='ocrx_word' id='word_1_317' title='bbox 477 3881 582 3918; x_wconf 91' lang='lat' dir='ltr'><strong>non</strong></span> <span class='ocrx_word' id='word_1_318' title='bbox 614 3866 750 3920; x_wconf 89' lang='lat' dir='ltr'><strong>ultra</strong></span> <span class='ocrx_word' id='word_1_319' title='bbox 780 3866 941 3921; x_wconf 90' lang='lat' dir='ltr'><strong>simul</strong></span> <span class='ocrx_word' id='word_1_320' title='bbox 969 3868 1258 3921; x_wconf 90' lang='lat' dir='ltr'><strong>convenire</strong></span> <span class='ocrx_word' id='word_1_321' title='bbox 1286 3868 1580 3936; x_wconf 89' lang='lat' dir='ltr'><strong>poterimus</strong></span> <span class='ocrx_word' id='word_1_322' title='bbox 1602 3910 1614 3930; x_wconf 94' lang='lat'><strong>,</strong></span> <span class='ocrx_word' id='word_1_323' title='bbox 1654 3870 1747 3922; x_wconf 88' lang='lat' dir='ltr'><strong>sed</strong></span> 
     </span>
    </p>
   </div>
   <div class='ocr_carea' id='block_1_41' title="bbox 166 3955 1749 4026">
    <p class='ocr_par' dir='ltr' id='par_1_41' title="bbox 166 3955 1749 4026">
     <span class='ocr_line' id='line_1_41' title="bbox 166 3955 1749 4026; baseline 0.002 -19"><span class='ocrx_word' id='word_1_324' title='bbox 166 3955 281 4008; x_wconf 80' lang='lat' dir='ltr'><strong>alios</strong></span> <span class='ocrx_word' id='word_1_325' title='bbox 307 3968 689 4026; x_wconf 58' lang='lat' dir='ltr'><strong>exspectamus</strong></span> <span class='ocrx_word' id='word_1_326' title='bbox 718 3973 731 4008; x_wconf 87' lang='lat'><strong>:</strong></span> <span class='ocrx_word' id='word_1_327' title='bbox 762 3957 1129 4026; x_wconf 84' lang='lat' dir='ltr'><strong>unusquisque</strong></span> <span class='ocrx_word' id='word_1_328' title='bbox 1158 3957 1506 4011; x_wconf 88' lang='lat' dir='ltr'><strong>confunditur</strong></span> <span class='ocrx_word' id='word_1_329' title='bbox 1536 3974 1591 4011; x_wconf 86' lang='lat' dir='ltr'><strong>et</strong></span> <span class='ocrx_word' id='word_1_330' title='bbox 1621 3976 1749 4010; x_wconf 74' lang='lat' dir='ltr'><strong>orn-</strong></span> 
     </span>
    </p>
   </div>
   <div class='ocr_carea' id='block_1_42' title="bbox 167 4043 1747 4113">
    <p class='ocr_par' dir='ltr' id='par_1_42' title="bbox 167 4043 1747 4113">
     <span class='ocr_line' id='line_1_42' title="bbox 167 4043 1747 4113; baseline 0.004 -17"><span class='ocrx_word' id='word_1_331' title='bbox 167 4043 313 4098; x_wconf 71' lang='lat' dir='ltr'><strong>ln&#39;scit</strong></span> <span class='ocrx_word' id='word_1_332' title='bbox 339 4047 557 4101; x_wconf 81' lang='lat' dir='ltr'><strong>rediens</strong></span> <span class='ocrx_word' id='word_1_333' title='bbox 585 4048 649 4099; x_wconf 91' lang='lat' dir='ltr'><strong>ad</strong></span> <span class='ocrx_word' id='word_1_334' title='bbox 680 4048 1143 4102; x_wconf 89' lang='lat' dir='ltr'><strong>reconciliandum</strong></span> <span class='ocrx_word' id='word_1_335' title='bbox 1173 4048 1359 4102; x_wconf 89' lang='lat' dir='ltr'><strong>alittm.</strong></span> <span class='ocrx_word' id='word_1_336' title='bbox 1391 4049 1552 4113; x_wconf 81' lang='lat' dir='ltr'><strong>Vide,</strong></span> <span class='ocrx_word' id='word_1_337' title='bbox 1586 4050 1747 4105; x_wconf 86' lang='lat' dir='ltr'><strong>dividi</strong></span> 
     </span>
    </p>
   </div>
   <div class='ocr_carea' id='block_1_43' title="bbox 166 4137 1751 4207">
    <p class='ocr_par' dir='ltr' id='par_1_43' title="bbox 166 4137 1751 4207">
     <span class='ocr_line' id='line_1_43' title="bbox 166 4137 1751 4207; baseline 0.004 -16"><span class='ocrx_word' id='word_1_338' title='bbox 166 4147 206 4191; x_wconf 79' lang='lat' dir='ltr'><strong>et</strong></span> <span class='ocrx_word' id='word_1_339' title='bbox 232 4137 448 4193; x_wconf 90' lang='lat' dir='ltr'><strong>discindi</strong></span> <span class='ocrx_word' id='word_1_340' title='bbox 483 4155 591 4193; x_wconf 90' lang='lat' dir='ltr'><strong>non</strong></span> <span class='ocrx_word' id='word_1_341' title='bbox 622 4141 910 4206; x_wconf 71' lang='lat' dir='ltr'><strong>erubescit,</strong></span> <span class='ocrx_word' id='word_1_342' title='bbox 945 4140 1038 4194; x_wconf 89' lang='lat' dir='ltr'><strong>sed</strong></span> <span class='ocrx_word' id='word_1_343' title='bbox 1072 4140 1129 4193; x_wconf 86' lang='lat' dir='ltr'><strong>fit</strong></span> <span class='ocrx_word' id='word_1_344' title='bbox 1158 4142 1279 4195; x_wconf 62' lang='lat' dir='ltr'><strong>unali</strong></span> <span class='ocrx_word' id='word_1_345' title='bbox 1311 4143 1417 4196; x_wconf 83' lang='lat' dir='ltr'><strong>dux</strong></span> <span class='ocrx_word' id='word_1_346' title='bbox 1446 4158 1459 4207; x_wconf 92' lang='lat'>;</span> <span class='ocrx_word' id='word_1_347' title='bbox 1491 4143 1751 4197; x_wconf 87' lang='lat' dir='ltr'><strong>accedere</strong></span> 
     </span>
    </p>
   </div>
   <div class='ocr_carea' id='block_1_44' title="bbox 165 4232 1749 4303">
    <p class='ocr_par' dir='ltr' id='par_1_44' title="bbox 165 4232 1749 4303">
     <span class='ocr_line' id='line_1_44' title="bbox 165 4232 1749 4303; baseline 0.007 -25"><span class='ocrx_word' id='word_1_348' title='bbox 165 4241 322 4284; x_wconf 80' lang='lat' dir='ltr'><strong>autent</strong></span> <span class='ocrx_word' id='word_1_349' title='bbox 350 4242 403 4287; x_wconf 90' lang='lat' dir='ltr'><strong>et</strong></span> <span class='ocrx_word' id='word_1_350' title='bbox 434 4232 670 4285; x_wconf 66' lang='lat' dir='ltr'><strong>SCisﬂlm</strong></span> <span class='ocrx_word' id='word_1_351' title='bbox 700 4247 967 4287; x_wconf 74' lang='lat' dir='ltr'><strong>censuere</strong></span> <span class='ocrx_word' id='word_1_352' title='bbox 992 4234 1281 4288; x_wconf 83' lang='lat' dir='ltr'><strong>erubescit.</strong></span> <span class='ocrx_word' id='word_1_353' title='bbox 1314 4236 1490 4303; x_wconf 82' lang='lat' dir='ltr'><strong>Atque</strong></span> <span class='ocrx_word' id='word_1_354' title='bbox 1520 4235 1749 4303; x_wconf 76' lang='lat' dir='ltr'><strong>idipsunt</strong></span> 
     </span>
    </p>
   </div>
   <div class='ocr_carea' id='block_1_45' title="bbox 167 4323 1750 4393">
    <p class='ocr_par' dir='ltr' id='par_1_45' title="bbox 167 4323 1750 4393">
     <span class='ocr_line' id='line_1_45' title="bbox 167 4323 1750 4393; baseline 0.006 -22"><span class='ocrx_word' id='word_1_355' title='bbox 167 4323 388 4393; x_wconf 77' lang='lat' dir='ltr'><strong>contigit,</strong></span> <span class='ocrx_word' id='word_1_356' title='bbox 413 4339 479 4377; x_wconf 82' lang='lat' dir='ltr'><strong>ac</strong></span> <span class='ocrx_word' id='word_1_357' title='bbox 511 4324 553 4377; x_wconf 91' lang='lat' dir='ltr'><strong>si</strong></span> <span class='ocrx_word' id='word_1_358' title='bbox 582 4324 701 4393; x_wconf 90' lang='lat' dir='ltr'><strong>quis</strong></span> <span class='ocrx_word' id='word_1_359' title='bbox 730 4323 1029 4378; x_wconf 76' lang='lat' dir='ltr'><strong>membrum</strong></span> <span class='ocrx_word' id='word_1_360' title='bbox 1057 4324 1271 4393; x_wconf 84' lang='lat' dir='ltr'><strong>quidem</strong></span> <span class='ocrx_word' id='word_1_361' title='bbox 1299 4326 1616 4380; x_wconf 82' lang='lat' dir='ltr'><strong>abscindere</strong></span> <span class='ocrx_word' id='word_1_362' title='bbox 1644 4342 1750 4381; x_wconf 92' lang='lat' dir='ltr'><strong>nou</strong></span> 
     </span>
    </p>
   </div>
   <div class='ocr_carea' id='block_1_46' title="bbox 166 4415 1749 4485">
    <p class='ocr_par' dir='ltr' id='par_1_46' title="bbox 166 4415 1749 4485">
     <span class='ocr_line' id='line_1_46' title="bbox 166 4415 1749 4485; baseline 0.006 -21"><span class='ocrx_word' id='word_1_363' title='bbox 166 4425 397 4479; x_wconf 78' lang='lat' dir='ltr'><strong>gravetur</strong></span> <span class='ocrx_word' id='word_1_364' title='bbox 422 4457 437 4478; x_wconf 96' lang='lat'><strong>,</strong></span> <span class='ocrx_word' id='word_1_365' title='bbox 482 4415 815 4485; x_wconf 67' lang='lat' dir='ltr'><strong>conjungere</strong></span> <span class='ocrx_word' id='word_1_366' title='bbox 854 4426 1031 4469; x_wconf 82' lang='lat' dir='ltr'><strong>autem</strong></span> <span class='ocrx_word' id='word_1_367' title='bbox 1076 4418 1376 4471; x_wconf 78' lang='lat' dir='ltr'><strong>erttthCaI.</strong></span> <span class='ocrx_word' id='word_1_368' title='bbox 1407 4418 1543 4485; x_wconf 84' lang='lat' dir='ltr'><strong>Quid</strong></span> <span class='ocrx_word' id='word_1_369' title='bbox 1576 4419 1711 4473; x_wconf 74' lang='lat' dir='ltr'><strong>dicis</strong></span> <span class='ocrx_word' id='word_1_370' title='bbox 1734 4459 1749 4482; x_wconf 92' lang='lat'><strong>,</strong></span> 
     </span>
    </p>
   </div>
   <div class='ocr_carea' id='block_1_47' title="bbox 171 4506 1752 4578">
    <p class='ocr_par' dir='ltr' id='par_1_47' title="bbox 171 4506 1752 4578">
     <span class='ocr_line' id='line_1_47' title="bbox 171 4506 1752 4578; baseline 0.004 -22"><span class='ocrx_word' id='word_1_371' title='bbox 171 4506 354 4561; x_wconf 61' lang='lat' dir='ltr'><strong>homo?</strong></span> <span class='ocrx_word' id='word_1_372' title='bbox 384 4508 616 4562; x_wconf 89' lang='lat' dir='ltr'><strong>multum</strong></span> <span class='ocrx_word' id='word_1_373' title='bbox 648 4507 829 4561; x_wconf 81' lang='lat' dir='ltr'><strong>la-sisti</strong></span> <span class='ocrx_word' id='word_1_374' title='bbox 850 4550 864 4571; x_wconf 90' lang='lat'><strong>,</strong></span> <span class='ocrx_word' id='word_1_375' title='bbox 895 4518 949 4561; x_wconf 89' lang='lat' dir='ltr'><strong>ct</strong></span> <span class='ocrx_word' id='word_1_376' title='bbox 982 4509 1092 4578; x_wconf 41' lang='lat' dir='ltr'><strong>ipse</strong></span> <span class='ocrx_word' id='word_1_377' title='bbox 1120 4518 1305 4563; x_wconf 89' lang='lat' dir='ltr'><strong>auctor</strong></span> <span class='ocrx_word' id='word_1_378' title='bbox 1335 4509 1478 4562; x_wconf 74' lang='lat' dir='ltr'><strong>fuisti</strong></span> <span class='ocrx_word' id='word_1_379' title='bbox 1522 4510 1752 4578; x_wconf 66' lang='lat' dir='ltr'><strong>pugna)?</strong></span> 
     </span>
    </p>
   </div>
   <div class='ocr_carea' id='block_1_48' title="bbox 170 4598 1750 4671">
    <p class='ocr_par' dir='ltr' id='par_1_48' title="bbox 170 4598 1750 4671">
     <span class='ocr_line' id='line_1_48' title="bbox 170 4598 1750 4671; baseline 0.006 -25"><span class='ocrx_word' id='word_1_380' title='bbox 170 4598 329 4667; x_wconf 87' lang='lat' dir='ltr'><strong>Itaque</strong></span> <span class='ocrx_word' id='word_1_381' title='bbox 370 4602 495 4668; x_wconf 88' lang='lat' dir='ltr'><strong>jure</strong></span> <span class='ocrx_word' id='word_1_382' title='bbox 528 4600 675 4667; x_wconf 87' lang='lat' dir='ltr'><strong>prior</strong></span> <span class='ocrx_word' id='word_1_383' title='bbox 702 4615 799 4655; x_wconf 84' lang='lat' dir='ltr'><strong>eas</strong></span> <span class='ocrx_word' id='word_1_384' title='bbox 834 4612 887 4655; x_wconf 91' lang='lat' dir='ltr'><strong>et</strong></span> <span class='ocrx_word' id='word_1_385' title='bbox 916 4602 1280 4655; x_wconf 73' lang='lat' dir='ltr'><strong>reconcilieris</strong></span> <span class='ocrx_word' id='word_1_386' title='bbox 1304 4644 1316 4667; x_wconf 88' lang='lat'><strong>,</strong></span> <span class='ocrx_word' id='word_1_387' title='bbox 1347 4611 1532 4671; x_wconf 87' lang='lat' dir='ltr'><strong>utpote</strong></span> <span class='ocrx_word' id='word_1_388' title='bbox 1562 4603 1650 4671; x_wconf 89' lang='lat' dir='ltr'><strong>qtti</strong></span> <span class='ocrx_word' id='word_1_389' title='bbox 1697 4603 1750 4656; x_wconf 92' lang='lat' dir='ltr'><strong>in</strong></span> 
     </span>
    </p>
   </div>
   <div class='ocr_carea' id='block_1_49' title="bbox 168 4692 1752 4757">
    <p class='ocr_par' dir='ltr' id='par_1_49' title="bbox 168 4692 1752 4757">
     <span class='ocr_line' id='line_1_49' title="bbox 168 4692 1752 4757; baseline 0.004 -15"><span class='ocrx_word' id='word_1_390' title='bbox 168 4706 307 4743; x_wconf 72' lang='lat' dir='ltr'><strong>causa</strong></span> <span class='ocrx_word' id='word_1_391' title='bbox 340 4692 527 4746; x_wconf 90' lang='lat' dir='ltr'><strong>fueris.</strong></span> <span class='ocrx_word' id='word_1_392' title='bbox 561 4695 629 4746; x_wconf 73' lang='lat' dir='ltr'><strong>At</strong></span> <span class='ocrx_word' id='word_1_393' title='bbox 673 4693 832 4749; x_wconf 74' lang='lat' dir='ltr'><strong>la-sus</strong></span> <span class='ocrx_word' id='word_1_394' title='bbox 873 4709 931 4747; x_wconf 86' lang='lat' dir='ltr'><strong>es</strong></span> <span class='ocrx_word' id='word_1_395' title='bbox 956 4735 970 4757; x_wconf 97' lang='lat'><strong>,</strong></span> <span class='ocrx_word' id='word_1_396' title='bbox 1004 4702 1061 4747; x_wconf 89' lang='lat' dir='ltr'><strong>et</strong></span> <span class='ocrx_word' id='word_1_397' title='bbox 1107 4695 1194 4747; x_wconf 84' lang='lat' dir='ltr'><strong>ille</strong></span> <span class='ocrx_word' id='word_1_398' title='bbox 1238 4696 1288 4746; x_wconf 90' lang='lat' dir='ltr'><strong>in</strong></span> <span class='ocrx_word' id='word_1_399' title='bbox 1331 4711 1489 4747; x_wconf 80' lang='lat' dir='ltr'><strong>causa</strong></span> <span class='ocrx_word' id='word_1_400' title='bbox 1522 4697 1647 4749; x_wconf 87' lang='lat' dir='ltr'><strong>est?</strong></span> <span class='ocrx_word' id='word_1_401' title='bbox 1687 4695 1752 4751; x_wconf 83' lang='lat' dir='ltr'><strong>Et</strong></span> 
     </span>
    </p>
   </div>
   <div class='ocr_carea' id='block_1_50' title="bbox 170 4781 1751 4855">
    <p class='ocr_par' dir='ltr' id='par_1_50' title="bbox 170 4781 1751 4855">
     <span class='ocr_line' id='line_1_50' title="bbox 170 4781 1751 4855; baseline 0.005 -24"><span class='ocrx_word' id='word_1_402' title='bbox 170 4781 273 4835; x_wconf 78' lang='lat' dir='ltr'><strong>ideo</strong></span> <span class='ocrx_word' id='word_1_403' title='bbox 299 4784 459 4855; x_wconf 78' lang='lat' dir='ltr'><strong>igitur</strong></span> <span class='ocrx_word' id='word_1_404' title='bbox 483 4827 499 4849; x_wconf 91' lang='lat'><strong>,</strong></span> <span class='ocrx_word' id='word_1_405' title='bbox 538 4795 594 4837; x_wconf 93' lang='lat' dir='ltr'><strong>nt</strong></span> <span class='ocrx_word' id='word_1_406' title='bbox 636 4787 803 4853; x_wconf 81' lang='lat' dir='ltr'><strong>magis</strong></span> <span class='ocrx_word' id='word_1_407' title='bbox 831 4784 1173 4837; x_wconf 79' lang='lat' dir='ltr'><strong>admirationi</strong></span> <span class='ocrx_word' id='word_1_408' title='bbox 1208 4786 1451 4839; x_wconf 67' lang='lat' dir='ltr'><strong>habeat-is</strong></span> <span class='ocrx_word' id='word_1_409' title='bbox 1473 4828 1486 4849; x_wconf 93' lang='lat'><strong>,</strong></span> <span class='ocrx_word' id='word_1_410' title='bbox 1521 4796 1576 4839; x_wconf 90' lang='lat' dir='ltr'><strong>ut</strong></span> <span class='ocrx_word' id='word_1_411' title='bbox 1607 4796 1660 4841; x_wconf 87' lang='lat' dir='ltr'><strong>et</strong></span> <span class='ocrx_word' id='word_1_412' title='bbox 1701 4790 1751 4840; x_wconf 91' lang='lat' dir='ltr'><strong>in</strong></span> 
     </span>
    </p>
   </div>
   <div class='ocr_carea' id='block_1_51' title="bbox 172 4866 1754 4945">
    <p class='ocr_par' dir='ltr' id='par_1_51' title="bbox 172 4866 1754 4945">
     <span class='ocr_line' id='line_1_51' title="bbox 172 4866 1754 4945; baseline 0.003 -19"><span class='ocrx_word' id='word_1_413' title='bbox 172 4874 324 4939; x_wconf 80' lang='lat' dir='ltr'><strong>primo</strong></span> <span class='ocrx_word' id='word_1_414' title='bbox 354 4886 404 4931; x_wconf 88' lang='lat' dir='ltr'><strong>et</strong></span> <span class='ocrx_word' id='word_1_415' title='bbox 438 4879 491 4929; x_wconf 85' lang='lat' dir='ltr'><strong>in</strong></span> <span class='ocrx_word' id='word_1_416' title='bbox 521 4876 761 4929; x_wconf 84' lang='lat' dir='ltr'><strong>secundo</strong></span> <span class='ocrx_word' id='word_1_417' title='bbox 789 4878 985 4945; x_wconf 82' lang='lat' dir='ltr'><strong>primas</strong></span> <span class='ocrx_word' id='word_1_418' title='bbox 1020 4878 1236 4929; x_wconf 73' lang='lat' dir='ltr'><strong>habeas.</strong></span> <span class='ocrx_word' id='word_1_419' title='bbox 1268 4866 1378 4931; x_wconf 69' lang='lat' dir='ltr'><strong>Non</strong></span> <span class='ocrx_word' id='word_1_420' title='bbox 1411 4878 1551 4931; x_wconf 74' lang='lat' dir='ltr'><strong>fuisti</strong></span> <span class='ocrx_word' id='word_1_421' title='bbox 1581 4879 1754 4931; x_wconf 86' lang='lat' dir='ltr'><strong>inimi-</strong></span> 
     </span>
    </p>
   </div>
   <div class='ocr_carea' id='block_1_52' title="bbox 170 4967 1755 5036">
    <p class='ocr_par' dir='ltr' id='par_1_52' title="bbox 170 4967 1755 5036">
     <span class='ocr_line' id='line_1_52' title="bbox 170 4967 1755 5036; baseline 0.007 -21"><span class='ocrx_word' id='word_1_422' title='bbox 170 4967 291 5018; x_wconf 66' lang='lat' dir='ltr'><strong>citia:</strong></span> <span class='ocrx_word' id='word_1_423' title='bbox 324 4983 489 5023; x_wconf 73' lang='lat' dir='ltr'><strong>causa</strong></span> <span class='ocrx_word' id='word_1_424' title='bbox 516 5009 529 5030; x_wconf 94' lang='lat'><strong>,</strong></span> <span class='ocrx_word' id='word_1_425' title='bbox 577 4967 648 5021; x_wconf 87' lang='lat' dir='ltr'><strong>ita</strong></span> <span class='ocrx_word' id='word_1_426' title='bbox 696 4984 794 5022; x_wconf 89' lang='lat' dir='ltr'><strong>nec</strong></span> <span class='ocrx_word' id='word_1_427' title='bbox 820 4984 981 5021; x_wconf 84' lang='lat' dir='ltr'><strong>causa</strong></span> <span class='ocrx_word' id='word_1_428' title='bbox 1012 4981 1127 5021; x_wconf 81' lang='lat' dir='ltr'><strong>esto</strong></span> <span class='ocrx_word' id='word_1_429' title='bbox 1156 4971 1294 5036; x_wconf 89' lang='lat' dir='ltr'><strong>quod</strong></span> <span class='ocrx_word' id='word_1_430' title='bbox 1324 4987 1382 5023; x_wconf 84' lang='lat' dir='ltr'><strong>ea</strong></span> <span class='ocrx_word' id='word_1_431' title='bbox 1415 4971 1634 5025; x_wconf 77' lang='lat' dir='ltr'><strong>ulterius</strong></span> <span class='ocrx_word' id='word_1_432' title='bbox 1661 4988 1755 5025; x_wconf 80' lang='lat' dir='ltr'><strong>ex-</strong></span> 
     </span>
    </p>
   </div>
   <div class='ocr_carea' id='block_1_53' title="bbox 174 5060 1755 5117">
    <p class='ocr_par' dir='ltr' id='par_1_53' title="bbox 174 5060 1755 5117">
     <span class='ocr_line' id='line_1_53' title="bbox 174 5060 1755 5117; baseline 0.006 -10"><span class='ocrx_word' id='word_1_433' title='bbox 174 5060 437 5114; x_wconf 86' lang='lat' dir='ltr'><strong>tendatur:</strong></span> <span class='ocrx_word' id='word_1_434' title='bbox 490 5061 731 5115; x_wconf 73' lang='lat' dir='ltr'><strong>fortassis</strong></span> <span class='ocrx_word' id='word_1_435' title='bbox 776 5071 829 5112; x_wconf 87' lang='lat' dir='ltr'><strong>et</strong></span> <span class='ocrx_word' id='word_1_436' title='bbox 879 5061 969 5113; x_wconf 84' lang='lat' dir='ltr'><strong>ille</strong></span> <span class='ocrx_word' id='word_1_437' title='bbox 1021 5063 1307 5113; x_wconf 81' lang='lat' dir='ltr'><strong>multorum</strong></span> <span class='ocrx_word' id='word_1_438' title='bbox 1356 5063 1457 5115; x_wconf 85' lang='lat' dir='ltr'><strong>sibi</strong></span> <span class='ocrx_word' id='word_1_439' title='bbox 1505 5065 1755 5117; x_wconf 76' lang='lat' dir='ltr'><strong>Conscius</strong></span> 
     </span>
    </p>
   </div>
   <div class='ocr_carea' id='block_1_54' title="bbox 172 5150 1755 5225">
    <p class='ocr_par' dir='ltr' id='par_1_54' title="bbox 172 5150 1755 5225">
     <span class='ocr_line' id='line_1_54' title="bbox 172 5150 1755 5225; baseline 0.006 -26"><span class='ocrx_word' id='word_1_440' title='bbox 172 5150 440 5205; x_wconf 78' lang='lat' dir='ltr'><strong>erubescit.</strong></span> <span class='ocrx_word' id='word_1_441' title='bbox 477 5151 582 5205; x_wconf 81' lang='lat' dir='ltr'><strong>Sed</strong></span> <span class='ocrx_word' id='word_1_442' title='bbox 616 5166 873 5219; x_wconf 70' lang='lat' dir='ltr'><strong>arrogans</strong></span> <span class='ocrx_word' id='word_1_443' title='bbox 904 5152 1026 5205; x_wconf 74' lang='lat'><strong>05!?</strong></span> <span class='ocrx_word' id='word_1_444' title='bbox 1068 5153 1191 5205; x_wconf 80' lang='lat' dir='ltr'><strong>Ideo</strong></span> <span class='ocrx_word' id='word_1_445' title='bbox 1223 5154 1453 5207; x_wconf 78' lang='lat' dir='ltr'><strong>maxime</strong></span> <span class='ocrx_word' id='word_1_446' title='bbox 1482 5172 1547 5208; x_wconf 89' lang='lat' dir='ltr'><strong>ne</strong></span> <span class='ocrx_word' id='word_1_447' title='bbox 1576 5156 1755 5225; x_wconf 76' lang='lat' dir='ltr'><strong>segnis</strong></span> 
     </span>
    </p>
   </div>
   <div class='ocr_carea' id='block_1_55' title="bbox 174 5242 1752 5316">
    <p class='ocr_par' dir='ltr' id='par_1_55' title="bbox 174 5242 1752 5316">
     <span class='ocr_line' id='line_1_55' title="bbox 174 5242 1752 5316; baseline 0.006 -23"><span class='ocrx_word' id='word_1_448' title='bbox 174 5242 235 5293; x_wconf 72' lang='lat' dir='ltr'><strong>L-is</strong></span> <span class='ocrx_word' id='word_1_449' title='bbox 263 5243 328 5296; x_wconf 82' lang='lat' dir='ltr'><strong>ad</strong></span> <span class='ocrx_word' id='word_1_450' title='bbox 355 5242 724 5297; x_wconf 75' lang='lat' dir='ltr'><strong>accedi-udum</strong></span> <span class='ocrx_word' id='word_1_451' title='bbox 753 5260 764 5295; x_wconf 92' lang='lat'><strong>:</strong></span> <span class='ocrx_word' id='word_1_452' title='bbox 798 5260 916 5296; x_wconf 88' lang='lat' dir='ltr'><strong>nam</strong></span> <span class='ocrx_word' id='word_1_453' title='bbox 946 5244 1138 5313; x_wconf 77' lang='lat' dir='ltr'><strong>duplex</strong></span> <span class='ocrx_word' id='word_1_454' title='bbox 1172 5256 1254 5299; x_wconf 89' lang='lat' dir='ltr'><strong>est</strong></span> <span class='ocrx_word' id='word_1_455' title='bbox 1283 5248 1420 5314; x_wconf 85' lang='lat' dir='ltr'><strong>apud</strong></span> <span class='ocrx_word' id='word_1_456' title='bbox 1454 5248 1597 5300; x_wconf 87' lang='lat' dir='ltr'><strong>illum</strong></span> <span class='ocrx_word' id='word_1_457' title='bbox 1634 5266 1752 5316; x_wconf 88' lang='lat' dir='ltr'><strong>pas-</strong></span> 
     </span>
    </p>
   </div>
   <div class='ocr_carea' id='block_1_56' title="bbox 175 5330 1753 5406">
    <p class='ocr_par' dir='ltr' id='par_1_56' title="bbox 175 5330 1753 5406">
     <span class='ocr_line' id='line_1_56' title="bbox 175 5330 1753 5406; baseline 0.007 -25"><span class='ocrx_word' id='word_1_458' title='bbox 175 5330 275 5396; x_wconf 81' lang='lat' dir='ltr'><strong>sio,</strong></span> <span class='ocrx_word' id='word_1_459' title='bbox 324 5334 630 5404; x_wconf 75' lang='lat' dir='ltr'><strong>arrogantia</strong></span> <span class='ocrx_word' id='word_1_460' title='bbox 680 5345 734 5387; x_wconf 91' lang='lat' dir='ltr'><strong>et</strong></span> <span class='ocrx_word' id='word_1_461' title='bbox 784 5335 881 5387; x_wconf 85' lang='lat' dir='ltr'><strong>ira.</strong></span> <span class='ocrx_word' id='word_1_462' title='bbox 930 5335 1008 5389; x_wconf 88' lang='lat' dir='ltr'><strong>Tu</strong></span> <span class='ocrx_word' id='word_1_463' title='bbox 1040 5338 1254 5403; x_wconf 85' lang='lat' dir='ltr'><strong>quidem</strong></span> <span class='ocrx_word' id='word_1_464' title='bbox 1286 5354 1503 5393; x_wconf 82' lang='lat' dir='ltr'><strong>cau3am</strong></span> <span class='ocrx_word' id='word_1_465' title='bbox 1532 5339 1753 5406; x_wconf 78' lang='lat' dir='ltr'><strong>dixisti,</strong></span> 
     </span>
    </p>
   </div>
   <div class='ocr_carea' id='block_1_57' title="bbox 180 5425 1753 5499">
    <p class='ocr_par' dir='ltr' id='par_1_57' title="bbox 180 5425 1753 5499">
     <span class='ocr_line' id='line_1_57' title="bbox 180 5425 1753 5499; baseline 0.01 -29"><span class='ocrx_word' id='word_1_466' title='bbox 180 5434 378 5490; x_wconf 84' lang='lat' dir='ltr'><strong>propter</strong></span> <span class='ocrx_word' id='word_1_467' title='bbox 405 5442 569 5493; x_wconf 86' lang='lat' dir='ltr'><strong>quam</strong></span> <span class='ocrx_word' id='word_1_468' title='bbox 603 5426 749 5494; x_wconf 86' lang='lat' dir='ltr'><strong>prior</strong></span> <span class='ocrx_word' id='word_1_469' title='bbox 777 5425 1035 5481; x_wconf 86' lang='lat' dir='ltr'><strong>accedere</strong></span> <span class='ocrx_word' id='word_1_470' title='bbox 1074 5427 1241 5481; x_wconf 82' lang='lat' dir='ltr'><strong>debes</strong></span> <span class='ocrx_word' id='word_1_471' title='bbox 1266 5470 1279 5492; x_wconf 89' lang='lat'><strong>,</strong></span> <span class='ocrx_word' id='word_1_472' title='bbox 1310 5430 1428 5498; x_wconf 86' lang='lat' dir='ltr'><strong>quia</strong></span> <span class='ocrx_word' id='word_1_473' title='bbox 1463 5444 1625 5485; x_wconf 83' lang='lat' dir='ltr'><strong>sanus</strong></span> <span class='ocrx_word' id='word_1_474' title='bbox 1655 5447 1711 5485; x_wconf 84' lang='lat' dir='ltr'><strong>es</strong></span> <span class='ocrx_word' id='word_1_475' title='bbox 1741 5477 1753 5499; x_wconf 93' lang='lat'><strong>,</strong></span> 
     </span>
    </p>
   </div>
   <div class='ocr_carea' id='block_1_58' title="bbox 179 5515 1758 5587">
    <p class='ocr_par' dir='ltr' id='par_1_58' title="bbox 179 5515 1758 5587">
     <span class='ocr_line' id='line_1_58' title="bbox 179 5515 1758 5587; baseline 0.011 -28"><span class='ocrx_word' id='word_1_476' title='bbox 179 5515 284 5577; x_wconf 79' lang='lat' dir='ltr'><strong>quia</strong></span> <span class='ocrx_word' id='word_1_477' title='bbox 313 5515 495 5570; x_wconf 84' lang='lat' dir='ltr'><strong>videre</strong></span> <span class='ocrx_word' id='word_1_478' title='bbox 529 5531 564 5585; x_wconf 87' lang='lat' dir='ltr'><strong>p</strong></span> <span class='ocrx_word' id='word_1_479' title='bbox 588 5525 682 5571; x_wconf 75' lang='lat' dir='ltr'><strong>rtcs</strong></span> <span class='ocrx_word' id='word_1_480' title='bbox 710 5533 723 5568; x_wconf 83' lang='lat'><strong>:</strong></span> <span class='ocrx_word' id='word_1_481' title='bbox 758 5515 849 5570; x_wconf 89' lang='lat' dir='ltr'><strong>ille</strong></span> <span class='ocrx_word' id='word_1_482' title='bbox 881 5532 1109 5587; x_wconf 83' lang='lat' dir='ltr'><strong>namque</strong></span> <span class='ocrx_word' id='word_1_483' title='bbox 1142 5519 1192 5571; x_wconf 90' lang='lat' dir='ltr'><strong>in</strong></span> <span class='ocrx_word' id='word_1_484' title='bbox 1223 5520 1459 5573; x_wconf 86' lang='lat' dir='ltr'><strong>tenebris</strong></span> <span class='ocrx_word' id='word_1_485' title='bbox 1492 5530 1606 5586; x_wconf 85' lang='lat' dir='ltr'><strong>est;</strong></span> <span class='ocrx_word' id='word_1_486' title='bbox 1639 5523 1758 5577; x_wconf 86' lang='lat' dir='ltr'><strong>talis</strong></span> 
     </span>
    </p>
   </div>
   <div class='ocr_carea' id='block_1_59' title="bbox 181 5605 1759 5677">
    <p class='ocr_par' dir='ltr' id='par_1_59' title="bbox 181 5605 1759 5677">
     <span class='ocr_line' id='line_1_59' title="bbox 181 5605 1759 5677; baseline 0.009 -23"><span class='ocrx_word' id='word_1_487' title='bbox 181 5605 359 5674; x_wconf 86' lang='lat' dir='ltr'><strong>quippe</strong></span> <span class='ocrx_word' id='word_1_488' title='bbox 388 5616 469 5661; x_wconf 84' lang='lat' dir='ltr'><strong>est</strong></span> <span class='ocrx_word' id='word_1_489' title='bbox 501 5609 575 5660; x_wconf 84' lang='lat' dir='ltr'><strong>ira</strong></span> <span class='ocrx_word' id='word_1_490' title='bbox 607 5616 661 5661; x_wconf 90' lang='lat' dir='ltr'><strong>et</strong></span> <span class='ocrx_word' id='word_1_491' title='bbox 690 5608 1015 5677; x_wconf 80' lang='lat' dir='ltr'><strong>arrogantia.</strong></span> <span class='ocrx_word' id='word_1_492' title='bbox 1051 5608 1131 5663; x_wconf 89' lang='lat' dir='ltr'><strong>Tu</strong></span> <span class='ocrx_word' id='word_1_493' title='bbox 1160 5625 1287 5663; x_wconf 86' lang='lat' dir='ltr'><strong>vero</strong></span> <span class='ocrx_word' id='word_1_494' title='bbox 1318 5609 1385 5664; x_wconf 87' lang='lat' dir='ltr'><strong>ab</strong></span> <span class='ocrx_word' id='word_1_495' title='bbox 1414 5611 1517 5665; x_wconf 88' lang='lat' dir='ltr'><strong>illis</strong></span> <span class='ocrx_word' id='word_1_496' title='bbox 1551 5612 1759 5668; x_wconf 83' lang='lat' dir='ltr'><strong>liberet</strong></span> 
     </span>
    </p>
   </div>
   <div class='ocr_carea' id='block_1_60' title="bbox 246 5743 1760 5809">
    <p class='ocr_par' dir='ltr' id='par_1_60' title="bbox 246 5743 1760 5809">
     <span class='ocr_line' id='line_1_60' title="bbox 246 5743 1760 5809; baseline 0.004 -18"><span class='ocrx_word' id='word_1_497' title='bbox 246 5743 481 5809; x_wconf 67' lang='lat' dir='ltr'><strong>&#39;_t,‘tuidam</strong></span> <span class='ocrx_word' id='word_1_498' title='bbox 499 5746 696 5809; x_wconf 75' lang='lat' dir='ltr'><strong>legunt,</strong></span> <span class='ocrx_word' id='word_1_499' title='bbox 723 5755 949 5809; x_wconf 69' lang='lat' dir='ltr'><strong>nmmum:</strong></span> <span class='ocrx_word' id='word_1_500' title='bbox 968 5743 1197 5806; x_wconf 73' lang='lat' dir='ltr'><strong>ucccristi</strong></span> <span class='ocrx_word' id='word_1_501' title='bbox 1220 5758 1475 5803; x_wconf 70' lang='lat' dir='ltr'><strong>coronam.</strong></span> <span class='ocrx_word' id='word_1_502' title='bbox 1502 5746 1597 5795; x_wconf 77' lang='lat' dir='ltr'><strong>illis</strong></span> <span class='ocrx_word' id='word_1_503' title='bbox 1624 5746 1760 5809; x_wconf 53' lang='lat' dir='ltr'><strong>It‘ngc</strong></span> 
     </span>
    </p>
   </div>
   <div class='ocr_carea' id='block_1_61' title="bbox 189 5801 972 5872">
    <p class='ocr_par' dir='ltr' id='par_1_61' title="bbox 189 5801 972 5872">
     <span class='ocr_line' id='line_1_61' title="bbox 189 5801 972 5872; baseline 0.001 -21"><span class='ocrx_word' id='word_1_504' title='bbox 189 5801 467 5872; x_wconf 59' lang='grc' dir='ltr'><strong>ηταΐονρηιρ</strong></span> <span class='ocrx_word' id='word_1_505' title='bbox 488 5801 637 5857; x_wconf 62' lang='grc' dir='ltr'>ιιιδὲὶδ</span> <span class='ocrx_word' id='word_1_506' title='bbox 655 5807 972 5866; x_wconf 63' lang='lat' dir='ltr'><strong>interpositis.</strong></span> 
     </span>
    </p>
   </div>
   <div class='ocr_carea' id='block_1_62' title="bbox 3329 342 3433 394">
    <p class='ocr_par' dir='ltr' id='par_1_62' title="bbox 3329 342 3433 394">
     <span class='ocr_line' id='line_1_62' title="bbox 3329 342 3433 394; baseline 0.019 -2"><span class='ocrx_word' id='word_1_507' title='bbox 3329 342 3433 394; x_wconf 60' lang='grc' dir='ltr'>ἷὲιέὶ</span> 
     </span>
    </p>
   </div>
   <div class='ocr_carea' id='block_1_63' title="bbox 1831 458 3477 531">
    <p class='ocr_par' dir='ltr' id='par_1_63' title="bbox 1831 458 3477 531">
     <span class='ocr_line' id='line_1_63' title="bbox 1831 458 3477 531; baseline -0.007 -11"><span class='ocrx_word' id='word_1_508' title='bbox 1831 482 1993 521; x_wconf 76' lang='lat' dir='ltr'><strong>sanus</strong></span> <span class='ocrx_word' id='word_1_509' title='bbox 2032 468 2227 520; x_wconf 76' lang='lat' dir='ltr'><strong>areede</strong></span> <span class='ocrx_word' id='word_1_510' title='bbox 2258 465 2322 518; x_wconf 90' lang='lat' dir='ltr'><strong>ad</strong></span> <span class='ocrx_word' id='word_1_511' title='bbox 2369 478 2568 531; x_wconf 43' lang='lat' dir='ltr'><strong>argi-unt</strong></span> <span class='ocrx_word' id='word_1_512' title='bbox 2615 459 2872 514; x_wconf 70' lang='lat' dir='ltr'><strong>medicus.</strong></span> <span class='ocrx_word' id='word_1_513' title='bbox 2922 458 3056 513; x_wconf 82' lang='lat' dir='ltr'><strong>Nunt</strong></span> <span class='ocrx_word' id='word_1_514' title='bbox 3099 460 3219 529; x_wconf 88' lang='lat' dir='ltr'><strong>quis</strong></span> <span class='ocrx_word' id='word_1_515' title='bbox 3261 461 3436 511; x_wconf 82' lang='lat' dir='ltr'><strong>tuedi-</strong></span> <span class='ocrx_word' id='word_1_516' title='bbox 3470 474 3477 481; x_wconf 66' lang='grc' dir='ltr'><strong><em>ί</em></strong></span> 
     </span>
    </p>
   </div>
   <div class='ocr_carea' id='block_1_64' title="bbox 1829 546 3435 623">
    <p class='ocr_par' dir='ltr' id='par_1_64' title="bbox 1829 546 3435 623">
     <span class='ocr_line' id='line_1_64' title="bbox 1829 546 3435 623; baseline -0.007 -10"><span class='ocrx_word' id='word_1_517' title='bbox 1829 574 2014 613; x_wconf 86' lang='lat' dir='ltr'><strong>eorum</strong></span> <span class='ocrx_word' id='word_1_518' title='bbox 2048 557 2263 619; x_wconf 75' lang='lat' dir='ltr'><strong>dixerit,</strong></span> <span class='ocrx_word' id='word_1_519' title='bbox 2312 555 2445 623; x_wconf 89' lang='lat' dir='ltr'><strong>Quia</strong></span> <span class='ocrx_word' id='word_1_520' title='bbox 2496 554 2739 606; x_wconf 73' lang='lat' dir='ltr'><strong>iniit-mus</strong></span> <span class='ocrx_word' id='word_1_521' title='bbox 2783 563 2906 617; x_wconf 88' lang='lat' dir='ltr'><strong>est,</strong></span> <span class='ocrx_word' id='word_1_522' title='bbox 2942 567 3047 605; x_wconf 87' lang='lat' dir='ltr'><strong>non</strong></span> <span class='ocrx_word' id='word_1_523' title='bbox 3094 550 3274 605; x_wconf 77' lang='lat' dir='ltr'><strong>vado?</strong></span> <span class='ocrx_word' id='word_1_524' title='bbox 3322 546 3435 604; x_wconf 81' lang='lat' dir='ltr'><strong>lino</strong></span> 
     </span>
    </p>
   </div>
   <div class='ocr_carea' id='block_1_65' title="bbox 1832 644 3436 712">
    <p class='ocr_par' dir='ltr' id='par_1_65' title="bbox 1832 644 3436 712">
     <span class='ocr_line' id='line_1_65' title="bbox 1832 644 3436 712; baseline -0.004 -10"><span class='ocrx_word' id='word_1_525' title='bbox 1832 649 1954 705; x_wconf 88' lang='lat' dir='ltr'><strong>ideo</strong></span> <span class='ocrx_word' id='word_1_526' title='bbox 1984 652 2217 705; x_wconf 75' lang='lat' dir='ltr'><strong>maxime</strong></span> <span class='ocrx_word' id='word_1_527' title='bbox 2248 648 2447 701; x_wconf 88' lang='lat' dir='ltr'><strong>vadunt</strong></span> <span class='ocrx_word' id='word_1_528' title='bbox 2475 688 2489 709; x_wconf 94' lang='lat'><strong>,</strong></span> <span class='ocrx_word' id='word_1_529' title='bbox 2522 661 2642 701; x_wconf 90' lang='lat' dir='ltr'><strong>cum</strong></span> <span class='ocrx_word' id='word_1_530' title='bbox 2685 644 2899 698; x_wconf 88' lang='lat' dir='ltr'><strong>videant</strong></span> <span class='ocrx_word' id='word_1_531' title='bbox 2945 644 3091 697; x_wconf 89' lang='lat' dir='ltr'><strong>illutn</strong></span> <span class='ocrx_word' id='word_1_532' title='bbox 3139 659 3244 696; x_wconf 91' lang='lat' dir='ltr'><strong>non</strong></span> <span class='ocrx_word' id='word_1_533' title='bbox 3277 656 3436 712; x_wconf 86' lang='lat' dir='ltr'><strong>posse</strong></span> 
     </span>
    </p>
   </div>
   <div class='ocr_carea' id='block_1_66' title="bbox 1831 737 3433 807">
    <p class='ocr_par' dir='ltr' id='par_1_66' title="bbox 1831 737 3433 807">
     <span class='ocr_line' id='line_1_66' title="bbox 1831 737 3433 807; baseline -0.003 -16"><span class='ocrx_word' id='word_1_534' title='bbox 1831 742 2035 795; x_wconf 90' lang='lat' dir='ltr'><strong>venire.</strong></span> <span class='ocrx_word' id='word_1_535' title='bbox 2077 740 2207 796; x_wconf 86' lang='lat' dir='ltr'><strong>Nam</strong></span> <span class='ocrx_word' id='word_1_536' title='bbox 2238 756 2352 803; x_wconf 77' lang='lat' dir='ltr'><strong>eos,</strong></span> <span class='ocrx_word' id='word_1_537' title='bbox 2376 740 2463 807; x_wconf 89' lang='lat' dir='ltr'><strong>qui</strong></span> <span class='ocrx_word' id='word_1_538' title='bbox 2498 738 2749 793; x_wconf 86' lang='lat' dir='ltr'><strong>incedere</strong></span> <span class='ocrx_word' id='word_1_539' title='bbox 2773 738 2985 799; x_wconf 81' lang='lat' dir='ltr'><strong>valent,</strong></span> <span class='ocrx_word' id='word_1_540' title='bbox 3012 737 3190 789; x_wconf 85' lang='lat' dir='ltr'><strong>minus</strong></span> <span class='ocrx_word' id='word_1_541' title='bbox 3220 743 3433 793; x_wconf 84' lang='lat' dir='ltr'><strong>curant,</strong></span> 
     </span>
    </p>
   </div>
   <div class='ocr_carea' id='block_1_67' title="bbox 1829 828 3433 899">
    <p class='ocr_par' dir='ltr' id='par_1_67' title="bbox 1829 828 3433 899">
     <span class='ocr_line' id='line_1_67' title="bbox 1829 828 3433 899; baseline -0.005 -15"><span class='ocrx_word' id='word_1_542' title='bbox 1829 832 1969 899; x_wconf 88' lang='lat' dir='ltr'><strong>quod</strong></span> <span class='ocrx_word' id='word_1_543' title='bbox 2000 847 2105 886; x_wconf 91' lang='lat' dir='ltr'><strong>non</strong></span> <span class='ocrx_word' id='word_1_544' title='bbox 2138 832 2360 885; x_wconf 90' lang='lat' dir='ltr'><strong>nimium</strong></span> <span class='ocrx_word' id='word_1_545' title='bbox 2404 838 2704 898; x_wconf 74' lang='lat' dir='ltr'><strong>mgrotent;</strong></span> <span class='ocrx_word' id='word_1_546' title='bbox 2750 828 2798 881; x_wconf 61' lang='lat' dir='ltr'><strong>di</strong></span> <span class='ocrx_word' id='word_1_547' title='bbox 2820 828 3137 881; x_wconf 83' lang='lat' dir='ltr'><strong>cumbentes</strong></span> <span class='ocrx_word' id='word_1_548' title='bbox 3164 841 3290 881; x_wconf 87' lang='lat' dir='ltr'><strong>vero</strong></span> <span class='ocrx_word' id='word_1_549' title='bbox 3329 842 3433 879; x_wconf 90' lang='lat' dir='ltr'><strong>non</strong></span> 
     </span>
    </p>
   </div>
   <div class='ocr_carea' id='block_1_68' title="bbox 1833 906 3436 987">
    <p class='ocr_par' dir='ltr' id='par_1_68' title="bbox 1833 906 3436 987">
     <span class='ocr_line' id='line_1_68' title="bbox 1833 906 3436 987; baseline -0.003 -12"><span class='ocrx_word' id='word_1_550' title='bbox 1833 925 1980 976; x_wconf 88' lang='lat' dir='ltr'><strong>item.</strong></span> <span class='ocrx_word' id='word_1_551' title='bbox 2016 925 2207 976; x_wconf 84' lang='lat' dir='ltr'><strong>Annon</strong></span> <span class='ocrx_word' id='word_1_552' title='bbox 2242 921 2452 977; x_wconf 90' lang='lat' dir='ltr'><strong>videtur</strong></span> <span class='ocrx_word' id='word_1_553' title='bbox 2496 921 2588 980; x_wconf 82' lang='lat' dir='ltr'><strong>tibi</strong></span> <span class='ocrx_word' id='word_1_554' title='bbox 2636 919 2944 972; x_wconf 74' lang='lat' dir='ltr'><strong>infirmitate</strong></span> <span class='ocrx_word' id='word_1_555' title='bbox 2979 919 3283 987; x_wconf 78' lang='lat' dir='ltr'><strong>graviorem</strong></span> <span class='ocrx_word' id='word_1_556' title='bbox 3314 906 3436 971; x_wconf 78' lang='lat' dir='ltr'><strong>esse</strong></span> 
     </span>
    </p>
   </div>
   <div class='ocr_carea' id='block_1_69' title="bbox 1830 1009 3431 1086">
    <p class='ocr_par' dir='ltr' id='par_1_69' title="bbox 1830 1009 3431 1086">
     <span class='ocr_line' id='line_1_69' title="bbox 1830 1009 3431 1086; baseline -0.003 -17"><span class='ocrx_word' id='word_1_557' title='bbox 1830 1017 2193 1086; x_wconf 70' lang='lat' dir='ltr'><strong>arrogantiam</strong></span> <span class='ocrx_word' id='word_1_558' title='bbox 2224 1025 2279 1070; x_wconf 89' lang='lat' dir='ltr'><strong>et</strong></span> <span class='ocrx_word' id='word_1_559' title='bbox 2318 1016 2497 1071; x_wconf 76' lang='lat' dir='ltr'><strong>iram?</strong></span> <span class='ocrx_word' id='word_1_560' title='bbox 2538 1027 2718 1067; x_wconf 88' lang='lat' dir='ltr'><strong>annon</strong></span> <span class='ocrx_word' id='word_1_561' title='bbox 2772 1010 2861 1065; x_wconf 87' lang='lat' dir='ltr'><strong>illa</strong></span> <span class='ocrx_word' id='word_1_562' title='bbox 2912 1012 3219 1065; x_wconf 84' lang='lat' dir='ltr'><strong>vehementi</strong></span> <span class='ocrx_word' id='word_1_563' title='bbox 3259 1009 3431 1077; x_wconf 89' lang='lat' dir='ltr'><strong>febri,</strong></span> 
     </span>
    </p>
   </div>
   <div class='ocr_carea' id='block_1_70' title="bbox 1833 1102 3431 1172">
    <p class='ocr_par' dir='ltr' id='par_1_70' title="bbox 1833 1102 3431 1172">
     <span class='ocr_line' id='line_1_70' title="bbox 1833 1102 3431 1172; baseline -0.005 -10"><span class='ocrx_word' id='word_1_564' title='bbox 1833 1110 1949 1164; x_wconf 79' lang='lat' dir='ltr'><strong>haec</strong></span> <span class='ocrx_word' id='word_1_565' title='bbox 1974 1122 2103 1162; x_wconf 88' lang='lat' dir='ltr'><strong>vero</strong></span> <span class='ocrx_word' id='word_1_566' title='bbox 2141 1107 2366 1161; x_wconf 85' lang='lat' dir='ltr'><strong>tmnenti</strong></span> <span class='ocrx_word' id='word_1_567' title='bbox 2398 1116 2452 1160; x_wconf 88' lang='lat' dir='ltr'><strong>ct</strong></span> <span class='ocrx_word' id='word_1_568' title='bbox 2482 1105 2669 1159; x_wconf 79' lang='lat' dir='ltr'><strong>inflato</strong></span> <span class='ocrx_word' id='word_1_569' title='bbox 2699 1104 2913 1172; x_wconf 85' lang='lat' dir='ltr'><strong>corpori</strong></span> <span class='ocrx_word' id='word_1_570' title='bbox 2951 1102 3145 1156; x_wconf 90' lang='lat' dir='ltr'><strong>similis</strong></span> <span class='ocrx_word' id='word_1_571' title='bbox 3170 1104 3291 1156; x_wconf 86' lang='lat' dir='ltr'><strong>est?</strong></span> <span class='ocrx_word' id='word_1_572' title='bbox 3327 1102 3431 1157; x_wconf 83' lang='lat' dir='ltr'><strong>Co-</strong></span> 
     </span>
    </p>
   </div>
   <div class='ocr_carea' id='block_1_71' title="bbox 1806 1194 3434 1270">
    <p class='ocr_par' dir='ltr' id='par_1_71' title="bbox 1806 1194 3434 1270">
     <span class='ocr_line' id='line_1_71' title="bbox 1806 1194 3434 1270; baseline -0.006 -16"><span class='ocrx_word' id='word_1_573' title='bbox 1806 1202 1939 1269; x_wconf 72' lang='lat' dir='ltr'><strong>gita</strong></span> <span class='ocrx_word' id='word_1_574' title='bbox 1966 1212 2227 1270; x_wconf 84' lang='lat' dir='ltr'><strong>quantum</strong></span> <span class='ocrx_word' id='word_1_575' title='bbox 2280 1202 2347 1253; x_wconf 85' lang='lat' dir='ltr'><strong>sit</strong></span> <span class='ocrx_word' id='word_1_576' title='bbox 2394 1199 2585 1254; x_wconf 80' lang='lat' dir='ltr'><strong>febrim</strong></span> <span class='ocrx_word' id='word_1_577' title='bbox 2637 1205 2694 1253; x_wconf 88' lang='lat' dir='ltr'><strong>et</strong></span> <span class='ocrx_word' id='word_1_578' title='bbox 2742 1196 3024 1251; x_wconf 89' lang='lat' dir='ltr'><strong>humorem</strong></span> <span class='ocrx_word' id='word_1_579' title='bbox 3058 1194 3297 1250; x_wconf 83' lang='lat' dir='ltr'><strong>habere:</strong></span> <span class='ocrx_word' id='word_1_580' title='bbox 3342 1198 3434 1247; x_wconf 68' lang='lat' dir='ltr'><strong>va;</strong></span> 
     </span>
    </p>
   </div>
   <div class='ocr_carea' id='block_1_72' title="bbox 1832 1286 3434 1361">
    <p class='ocr_par' dir='ltr' id='par_1_72' title="bbox 1832 1286 3434 1361">
     <span class='ocr_line' id='line_1_72' title="bbox 1832 1286 3434 1361; baseline -0.007 -14"><span class='ocrx_word' id='word_1_581' title='bbox 1832 1293 1921 1357; x_wconf 81' lang='lat' dir='ltr'><strong>de,</strong></span> <span class='ocrx_word' id='word_1_582' title='bbox 1953 1292 2235 1361; x_wconf 63' lang='lat' dir='ltr'><strong>esstiugue</strong></span> <span class='ocrx_word' id='word_1_583' title='bbox 2266 1293 2442 1361; x_wconf 81' lang='lat' dir='ltr'><strong>ignem</strong></span> <span class='ocrx_word' id='word_1_584' title='bbox 2474 1308 2486 1342; x_wconf 89' lang='lat'><strong>:</strong></span> <span class='ocrx_word' id='word_1_585' title='bbox 2522 1298 2675 1359; x_wconf 90' lang='lat' dir='ltr'><strong>potes</strong></span> <span class='ocrx_word' id='word_1_586' title='bbox 2716 1289 2860 1343; x_wconf 91' lang='lat' dir='ltr'><strong>enim</strong></span> <span class='ocrx_word' id='word_1_587' title='bbox 2906 1302 3002 1356; x_wconf 90' lang='lat' dir='ltr'><strong>per</strong></span> <span class='ocrx_word' id='word_1_588' title='bbox 3045 1288 3271 1357; x_wconf 70' lang='lat' dir='ltr'><strong>gratiam</strong></span> <span class='ocrx_word' id='word_1_589' title='bbox 3307 1286 3393 1340; x_wconf 83' lang='lat' dir='ltr'><strong>Dei</strong></span> <span class='ocrx_word' id='word_1_590' title='bbox 3424 1304 3434 1335; x_wconf 92' lang='lat'>:</span> 
     </span>
    </p>
   </div>
   <div class='ocr_carea' id='block_1_73' title="bbox 1834 1379 3438 1454">
    <p class='ocr_par' dir='ltr' id='par_1_73' title="bbox 1834 1379 3438 1454">
     <span class='ocr_line' id='line_1_73' title="bbox 1834 1379 3438 1454; baseline -0.002 -17"><span class='ocrx_word' id='word_1_591' title='bbox 1834 1388 1985 1453; x_wconf 85' lang='lat' dir='ltr'><strong>quasi</strong></span> <span class='ocrx_word' id='word_1_592' title='bbox 2015 1400 2151 1454; x_wconf 88' lang='lat' dir='ltr'><strong>aqua</strong></span> <span class='ocrx_word' id='word_1_593' title='bbox 2195 1399 2479 1453; x_wconf 88' lang='lat' dir='ltr'><strong>compesce</strong></span> <span class='ocrx_word' id='word_1_594' title='bbox 2507 1383 2779 1436; x_wconf 89' lang='lat' dir='ltr'><strong>ardorem.</strong></span> <span class='ocrx_word' id='word_1_595' title='bbox 2825 1381 2964 1448; x_wconf 86' lang='lat' dir='ltr'><strong>Quid</strong></span> <span class='ocrx_word' id='word_1_596' title='bbox 2994 1397 3153 1451; x_wconf 87' lang='lat' dir='ltr'><strong>ergo,</strong></span> <span class='ocrx_word' id='word_1_597' title='bbox 3188 1379 3396 1449; x_wconf 89' lang='lat' dir='ltr'><strong>inquies</strong></span> <span class='ocrx_word' id='word_1_598' title='bbox 3421 1421 3438 1445; x_wconf 91' lang='lat'><strong>,</strong></span> 
     </span>
    </p>
   </div>
   <div class='ocr_carea' id='block_1_74' title="bbox 1835 1472 3439 1545">
    <p class='ocr_par' dir='ltr' id='par_1_74' title="bbox 1835 1472 3439 1545">
     <span class='ocr_line' id='line_1_74' title="bbox 1835 1472 3439 1545; baseline -0.004 -16"><span class='ocrx_word' id='word_1_599' title='bbox 1835 1476 1878 1529; x_wconf 90' lang='lat' dir='ltr'><strong>si</strong></span> <span class='ocrx_word' id='word_1_600' title='bbox 1910 1475 2011 1531; x_wconf 87' lang='lat' dir='ltr'><strong>hoc</strong></span> <span class='ocrx_word' id='word_1_601' title='bbox 2054 1477 2169 1544; x_wconf 90' lang='lat' dir='ltr'><strong>ipso</strong></span> <span class='ocrx_word' id='word_1_602' title='bbox 2212 1480 2382 1545; x_wconf 81' lang='lat' dir='ltr'><strong>magis</strong></span> <span class='ocrx_word' id='word_1_603' title='bbox 2420 1473 2751 1529; x_wconf 79' lang='lat' dir='ltr'><strong>extollatur?</strong></span> <span class='ocrx_word' id='word_1_604' title='bbox 2783 1472 2925 1528; x_wconf 77' lang='lat' dir='ltr'><strong>Nihil</strong></span> <span class='ocrx_word' id='word_1_605' title='bbox 2970 1472 3038 1526; x_wconf 88' lang='lat' dir='ltr'><strong>ad</strong></span> <span class='ocrx_word' id='word_1_606' title='bbox 3088 1482 3177 1526; x_wconf 89' lang='lat' dir='ltr'><strong>te:</strong></span> <span class='ocrx_word' id='word_1_607' title='bbox 3211 1480 3267 1525; x_wconf 90' lang='lat' dir='ltr'><strong>tu</strong></span> <span class='ocrx_word' id='word_1_608' title='bbox 3297 1472 3439 1525; x_wconf 89' lang='lat' dir='ltr'><strong>enim</strong></span> 
     </span>
    </p>
   </div>
   <div class='ocr_carea' id='block_1_75' title="bbox 1837 1564 3443 1638">
    <p class='ocr_par' dir='ltr' id='par_1_75' title="bbox 1837 1564 3443 1638">
     <span class='ocr_line' id='line_1_75' title="bbox 1837 1564 3443 1638; baseline 0 -20"><span class='ocrx_word' id='word_1_609' title='bbox 1837 1569 1977 1638; x_wconf 84' lang='lat' dir='ltr'><strong>quod</strong></span> <span class='ocrx_word' id='word_1_610' title='bbox 2020 1569 2072 1622; x_wconf 91' lang='lat' dir='ltr'><strong>in</strong></span> <span class='ocrx_word' id='word_1_611' title='bbox 2118 1578 2167 1621; x_wconf 87' lang='lat' dir='ltr'><strong>te</strong></span> <span class='ocrx_word' id='word_1_612' title='bbox 2211 1578 2326 1623; x_wconf 87' lang='lat' dir='ltr'><strong>erat</strong></span> <span class='ocrx_word' id='word_1_613' title='bbox 2356 1567 2526 1623; x_wconf 87' lang='lat' dir='ltr'><strong>fecisti</strong></span> <span class='ocrx_word' id='word_1_614' title='bbox 2554 1609 2568 1635; x_wconf 89' lang='lat'><strong>,</strong></span> <span class='ocrx_word' id='word_1_615' title='bbox 2601 1566 2690 1621; x_wconf 90' lang='lat' dir='ltr'><strong>ille</strong></span> <span class='ocrx_word' id='word_1_616' title='bbox 2718 1566 2818 1620; x_wconf 88' lang='lat' dir='ltr'><strong>sibi</strong></span> <span class='ocrx_word' id='word_1_617' title='bbox 2848 1565 2946 1634; x_wconf 86' lang='lat' dir='ltr'><strong>ipsi</strong></span> <span class='ocrx_word' id='word_1_618' title='bbox 2982 1565 3246 1634; x_wconf 90' lang='lat' dir='ltr'><strong>imputet:</strong></span> <span class='ocrx_word' id='word_1_619' title='bbox 3282 1564 3443 1618; x_wconf 89' lang='lat' dir='ltr'><strong>modo</strong></span> 
     </span>
    </p>
   </div>
   <div class='ocr_carea' id='block_1_76' title="bbox 1840 1654 3445 1726">
    <p class='ocr_par' dir='ltr' id='par_1_76' title="bbox 1840 1654 3445 1726">
     <span class='ocr_line' id='line_1_76' title="bbox 1840 1654 3445 1726; baseline -0.004 -13"><span class='ocrx_word' id='word_1_620' title='bbox 1840 1674 1905 1714; x_wconf 87' lang='lat' dir='ltr'><strong>ne</strong></span> <span class='ocrx_word' id='word_1_621' title='bbox 1935 1660 2264 1714; x_wconf 82' lang='lat' dir='ltr'><strong>condemnet</strong></span> <span class='ocrx_word' id='word_1_622' title='bbox 2294 1675 2393 1713; x_wconf 90' lang='lat' dir='ltr'><strong>nos</strong></span> <span class='ocrx_word' id='word_1_623' title='bbox 2416 1659 2748 1714; x_wconf 85' lang='lat' dir='ltr'><strong>conscientia</strong></span> <span class='ocrx_word' id='word_1_624' title='bbox 2780 1666 2984 1720; x_wconf 88' lang='lat' dir='ltr'><strong>nostra,</strong></span> <span class='ocrx_word' id='word_1_625' title='bbox 3017 1657 3158 1726; x_wconf 86' lang='lat' dir='ltr'><strong>quod</strong></span> <span class='ocrx_word' id='word_1_626' title='bbox 3193 1655 3319 1710; x_wconf 90' lang='lat' dir='ltr'><strong>illud</strong></span> <span class='ocrx_word' id='word_1_627' title='bbox 3351 1654 3445 1709; x_wconf 84' lang='lat' dir='ltr'><strong>fiat</strong></span> 
     </span>
    </p>
   </div>
   <div class='ocr_carea' id='block_1_77' title="bbox 1840 1746 3447 1821">
    <p class='ocr_par' dir='ltr' id='par_1_77' title="bbox 1840 1746 3447 1821">
     <span class='ocr_line' id='line_1_77' title="bbox 1840 1746 3447 1821; baseline -0.002 -18"><span class='ocrx_word' id='word_1_628' title='bbox 1840 1750 1994 1806; x_wconf 91' lang='lat' dir='ltr'><strong>nobis</strong></span> <span class='ocrx_word' id='word_1_629' title='bbox 2034 1767 2155 1821; x_wconf 75' lang='lat' dir='ltr'><strong>qua:</strong></span> <span class='ocrx_word' id='word_1_630' title='bbox 2198 1751 2615 1820; x_wconf 89' lang='lat' dir='ltr'><strong>requirebantur</strong></span> <span class='ocrx_word' id='word_1_631' title='bbox 2644 1749 3032 1803; x_wconf 80' lang='lat' dir='ltr'><strong>omittentibus.</strong></span> <span class='ocrx_word' id='word_1_632' title='bbox 3070 1746 3236 1801; x_wconf 82' lang='lat' dir='ltr'><strong>Posce</strong></span> <span class='ocrx_word' id='word_1_633' title='bbox 3274 1748 3447 1801; x_wconf 76' lang='lat' dir='ltr'><strong>inimi~</strong></span> 
     </span>
    </p>
   </div>
   <div class='ocr_carea' id='block_1_78' title="bbox 1838 1840 3447 1914">
    <p class='ocr_par' dir='ltr' id='par_1_78' title="bbox 1838 1840 3447 1914">
     <span class='ocr_line' id='line_1_78' title="bbox 1838 1840 3447 1914; baseline -0.002 -18"><span class='ocrx_word' id='word_1_634' title='bbox 1838 1860 1953 1896; x_wconf 87' lang='lat' dir='ltr'><strong>cum</strong></span> <span class='ocrx_word' id='word_1_635' title='bbox 2001 1853 2143 1896; x_wconf 85' lang='lat' dir='ltr'><strong>tuum</strong></span> <span class='ocrx_word' id='word_1_636' title='bbox 2175 1882 2190 1908; x_wconf 89' lang='lat'><strong>,</strong></span> <span class='ocrx_word' id='word_1_637' title='bbox 2238 1844 2450 1914; x_wconf 90' lang='lat' dir='ltr'><strong>inquit,</strong></span> <span class='ocrx_word' id='word_1_638' title='bbox 2502 1844 2598 1895; x_wconf 83' lang='lat' dir='ltr'><strong>hoc</strong></span> <span class='ocrx_word' id='word_1_639' title='bbox 2640 1841 2774 1895; x_wconf 88' lang='lat' dir='ltr'><strong>enim</strong></span> <span class='ocrx_word' id='word_1_640' title='bbox 2808 1842 3000 1911; x_wconf 78' lang='lat' dir='ltr'><strong>faciens</strong></span> <span class='ocrx_word' id='word_1_641' title='bbox 3030 1842 3273 1893; x_wconf 81' lang='lat' dir='ltr'><strong>carbones</strong></span> <span class='ocrx_word' id='word_1_642' title='bbox 3312 1840 3447 1913; x_wconf 87' lang='lat' dir='ltr'><strong>ignis</strong></span> 
     </span>
    </p>
   </div>
   <div class='ocr_carea' id='block_1_79' title="bbox 1839 1930 3445 2004">
    <p class='ocr_par' dir='ltr' id='par_1_79' title="bbox 1839 1930 3445 2004">
     <span class='ocr_line' id='line_1_79' title="bbox 1839 1930 3445 2004; baseline -0.002 -16"><span class='ocrx_word' id='word_1_643' title='bbox 1839 1933 2132 1988; x_wconf 68' lang='lat' dir='ltr'><strong>accumula:</strong></span> <span class='ocrx_word' id='word_1_644' title='bbox 2156 1951 2309 2004; x_wconf 72' lang='lat' dir='ltr'><strong>super</strong></span> <span class='ocrx_word' id='word_1_645' title='bbox 2339 1943 2491 2003; x_wconf 82' lang='lat' dir='ltr'><strong>caput</strong></span> <span class='ocrx_word' id='word_1_646' title='bbox 2527 1935 2638 2001; x_wconf 77' lang='lat' dir='ltr'><strong>eius</strong></span> <span class='ocrx_word' id='word_1_647' title='bbox 2663 1932 2681 2003; x_wconf 90' lang='lat'><strong>(</strong></span> <span class='ocrx_word' id='word_1_648' title='bbox 2709 1931 2860 1986; x_wconf 84' lang='lat' dir='ltr'><strong>Rom.</strong></span> <span class='ocrx_word' id='word_1_649' title='bbox 2895 1930 2981 1986; x_wconf 71' lang='lat' dir='ltr'><strong>l2.</strong></span> <span class='ocrx_word' id='word_1_650' title='bbox 3010 1930 3083 1985; x_wconf 75' lang='lat'><strong>9.0</strong></span> <span class='ocrx_word' id='word_1_651' title='bbox 3103 1930 3144 2001; x_wconf 92' lang='lat'><strong>).</strong></span> <span class='ocrx_word' id='word_1_652' title='bbox 3178 1931 3241 1985; x_wconf 85' lang='lat' dir='ltr'><strong>Et</strong></span> <span class='ocrx_word' id='word_1_653' title='bbox 3267 1941 3445 1985; x_wconf 87' lang='lat' dir='ltr'><strong>tamen</strong></span> 
     </span>
    </p>
   </div>
   <div class='ocr_carea' id='block_1_80' title="bbox 1840 2025 3448 2097">
    <p class='ocr_par' dir='ltr' id='par_1_80' title="bbox 1840 2025 3448 2097">
     <span class='ocr_line' id='line_1_80' title="bbox 1840 2025 3448 2097; baseline -0.001 -16"><span class='ocrx_word' id='word_1_654' title='bbox 1840 2041 1962 2081; x_wconf 90' lang='lat' dir='ltr'><strong>cum</strong></span> <span class='ocrx_word' id='word_1_655' title='bbox 2004 2042 2091 2081; x_wconf 89' lang='lat' dir='ltr'><strong>res</strong></span> <span class='ocrx_word' id='word_1_656' title='bbox 2123 2027 2192 2081; x_wconf 90' lang='lat' dir='ltr'><strong>ita</strong></span> <span class='ocrx_word' id='word_1_657' title='bbox 2226 2026 2441 2092; x_wconf 85' lang='lat' dir='ltr'><strong>habeat,</strong></span> <span class='ocrx_word' id='word_1_658' title='bbox 2467 2026 2619 2097; x_wconf 86' lang='lat' dir='ltr'><strong>jubet</strong></span> <span class='ocrx_word' id='word_1_659' title='bbox 2646 2026 2794 2080; x_wconf 89' lang='lat' dir='ltr'><strong>abire</strong></span> <span class='ocrx_word' id='word_1_660' title='bbox 2818 2066 2831 2089; x_wconf 90' lang='lat'><strong>,</strong></span> <span class='ocrx_word' id='word_1_661' title='bbox 2865 2025 3208 2081; x_wconf 87' lang='lat' dir='ltr'><strong>reconciliari</strong></span> <span class='ocrx_word' id='word_1_662' title='bbox 3256 2034 3311 2082; x_wconf 87' lang='lat' dir='ltr'><strong>et</strong></span> <span class='ocrx_word' id='word_1_663' title='bbox 3354 2026 3448 2079; x_wconf 84' lang='lat' dir='ltr'><strong>be-</strong></span> 
     </span>
    </p>
   </div>
   <div class='ocr_carea' id='block_1_81' title="bbox 1842 2116 3447 2189">
    <p class='ocr_par' dir='ltr' id='par_1_81' title="bbox 1842 2116 3447 2189">
     <span class='ocr_line' id='line_1_81' title="bbox 1842 2116 3447 2189; baseline 0.001 -17"><span class='ocrx_word' id='word_1_664' title='bbox 1842 2116 2092 2173; x_wconf 84' lang='lat' dir='ltr'><strong>nefacere</strong></span> <span class='ocrx_word' id='word_1_665' title='bbox 2114 2159 2128 2183; x_wconf 92' lang='lat'><strong>,</strong></span> <span class='ocrx_word' id='word_1_666' title='bbox 2163 2133 2270 2172; x_wconf 92' lang='lat' dir='ltr'><strong>non</strong></span> <span class='ocrx_word' id='word_1_667' title='bbox 2303 2128 2361 2172; x_wconf 91' lang='lat' dir='ltr'><strong>ut</strong></span> <span class='ocrx_word' id='word_1_668' title='bbox 2401 2117 2667 2173; x_wconf 87' lang='lat' dir='ltr'><strong>carbones</strong></span> <span class='ocrx_word' id='word_1_669' title='bbox 2695 2118 2832 2189; x_wconf 75' lang='lat' dir='ltr'><strong>ignis</strong></span> <span class='ocrx_word' id='word_1_670' title='bbox 2862 2119 3307 2183; x_wconf 87' lang='lat' dir='ltr'><strong>accumulemus;</strong></span> <span class='ocrx_word' id='word_1_671' title='bbox 3353 2123 3447 2173; x_wconf 85' lang='lat' dir='ltr'><strong>sed</strong></span> 
     </span>
    </p>
   </div>
   <div class='ocr_carea' id='block_1_82' title="bbox 1845 2213 3451 2283">
    <p class='ocr_par' dir='ltr' id='par_1_82' title="bbox 1845 2213 3451 2283">
     <span class='ocr_line' id='line_1_82' title="bbox 1845 2213 3451 2283; baseline -0.001 -14"><span class='ocrx_word' id='word_1_672' title='bbox 1845 2224 1901 2269; x_wconf 93' lang='lat' dir='ltr'><strong>ut</strong></span> <span class='ocrx_word' id='word_1_673' title='bbox 1930 2215 2023 2271; x_wconf 87' lang='lat' dir='ltr'><strong>ille</strong></span> <span class='ocrx_word' id='word_1_674' title='bbox 2053 2214 2154 2269; x_wconf 92' lang='lat' dir='ltr'><strong>hoc</strong></span> <span class='ocrx_word' id='word_1_675' title='bbox 2184 2216 2363 2269; x_wconf 87' lang='lat' dir='ltr'><strong>sciens</strong></span> <span class='ocrx_word' id='word_1_676' title='bbox 2393 2225 2804 2283; x_wconf 56' lang='lat' dir='ltr'><strong>compescitur,</strong></span> <span class='ocrx_word' id='word_1_677' title='bbox 2841 2224 2899 2268; x_wconf 90' lang='lat' dir='ltr'><strong>ut</strong></span> <span class='ocrx_word' id='word_1_678' title='bbox 2931 2224 3126 2270; x_wconf 89' lang='lat' dir='ltr'><strong>tremat</strong></span> <span class='ocrx_word' id='word_1_679' title='bbox 3168 2213 3451 2269; x_wconf 87' lang='lat' dir='ltr'><strong>formidet-</strong></span> 
     </span>
    </p>
   </div>
   <div class='ocr_carea' id='block_1_83' title="bbox 1843 2305 3453 2376">
    <p class='ocr_par' dir='ltr' id='par_1_83' title="bbox 1843 2305 3453 2376">
     <span class='ocr_line' id='line_1_83' title="bbox 1843 2305 3453 2376; baseline 0.001 -18"><span class='ocrx_word' id='word_1_680' title='bbox 1843 2322 1947 2376; x_wconf 89' lang='lat' dir='ltr'><strong>que</strong></span> <span class='ocrx_word' id='word_1_681' title='bbox 1995 2308 2165 2376; x_wconf 81' lang='lat' dir='ltr'><strong>magis</strong></span> <span class='ocrx_word' id='word_1_682' title='bbox 2214 2305 2475 2361; x_wconf 82' lang='lat' dir='ltr'><strong>beneficia</strong></span> <span class='ocrx_word' id='word_1_683' title='bbox 2518 2320 2678 2376; x_wconf 87' lang='lat' dir='ltr'><strong>quam</strong></span> <span class='ocrx_word' id='word_1_684' title='bbox 2712 2305 3055 2370; x_wconf 88' lang='lat' dir='ltr'><strong>inimicitias,</strong></span> <span class='ocrx_word' id='word_1_685' title='bbox 3087 2315 3142 2360; x_wconf 90' lang='lat' dir='ltr'><strong>et</strong></span> <span class='ocrx_word' id='word_1_686' title='bbox 3188 2305 3453 2360; x_wconf 85' lang='lat' dir='ltr'><strong>amicitias</strong></span> 
     </span>
    </p>
   </div>
   <div class='ocr_carea' id='block_1_84' title="bbox 1846 2397 3453 2469">
    <p class='ocr_par' dir='ltr' id='par_1_84' title="bbox 1846 2397 3453 2469">
     <span class='ocr_line' id='line_1_84' title="bbox 1846 2397 3453 2469; baseline -0.001 -17"><span class='ocrx_word' id='word_1_687' title='bbox 1846 2398 2016 2469; x_wconf 87' lang='lat' dir='ltr'><strong>magis</strong></span> <span class='ocrx_word' id='word_1_688' title='bbox 2057 2414 2218 2469; x_wconf 91' lang='lat' dir='ltr'><strong>quam</strong></span> <span class='ocrx_word' id='word_1_689' title='bbox 2267 2397 2511 2453; x_wconf 91' lang='lat' dir='ltr'><strong>insidias.</strong></span> <span class='ocrx_word' id='word_1_690' title='bbox 2563 2397 2681 2452; x_wconf 82' lang='lat' dir='ltr'><strong>Non</strong></span> <span class='ocrx_word' id='word_1_691' title='bbox 2722 2398 2865 2451; x_wconf 88' lang='lat' dir='ltr'><strong>enim</strong></span> <span class='ocrx_word' id='word_1_692' title='bbox 2900 2398 3149 2453; x_wconf 69' lang='lat' dir='ltr'><strong>inimicus</strong></span> <span class='ocrx_word' id='word_1_693' title='bbox 3194 2399 3453 2451; x_wconf 78' lang='grc' dir='ltr'>ιιΙιίυιιι-ιιι</span> 
     </span>
    </p>
   </div>
   <div class='ocr_carea' id='block_1_85' title="bbox 1846 2490 3456 2560">
    <p class='ocr_par' dir='ltr' id='par_1_85' title="bbox 1846 2490 3456 2560">
     <span class='ocr_line' id='line_1_85' title="bbox 1846 2490 3456 2560; baseline -0.001 -17"><span class='ocrx_word' id='word_1_694' title='bbox 1846 2490 2115 2544; x_wconf 86' lang='lat' dir='ltr'><strong>meditans</strong></span> <span class='ocrx_word' id='word_1_695' title='bbox 2145 2492 2214 2545; x_wconf 88' lang='lat' dir='ltr'><strong>ita</strong></span> <span class='ocrx_word' id='word_1_696' title='bbox 2244 2490 2390 2546; x_wconf 63' lang='lat' dir='ltr'><strong>la&#39;dit</strong></span> <span class='ocrx_word' id='word_1_697' title='bbox 2419 2506 2478 2546; x_wconf 92' lang='lat' dir='ltr'><strong>se</strong></span> <span class='ocrx_word' id='word_1_698' title='bbox 2504 2490 2801 2550; x_wconf 88' lang='lat' dir='ltr'><strong>odientcm.</strong></span> <span class='ocrx_word' id='word_1_699' title='bbox 2840 2500 2899 2545; x_wconf 92' lang='lat' dir='ltr'><strong>ut</strong></span> <span class='ocrx_word' id='word_1_700' title='bbox 2928 2491 3016 2560; x_wconf 91' lang='lat' dir='ltr'><strong>qui</strong></span> <span class='ocrx_word' id='word_1_701' title='bbox 3041 2490 3257 2559; x_wconf 86' lang='lat' dir='ltr'><strong>adjuvat</strong></span> <span class='ocrx_word' id='word_1_702' title='bbox 3287 2501 3338 2545; x_wconf 89' lang='lat' dir='ltr'><strong>ct</strong></span> <span class='ocrx_word' id='word_1_703' title='bbox 3364 2492 3456 2543; x_wconf 87' lang='lat' dir='ltr'><strong>be.-</strong></span> 
     </span>
    </p>
   </div>
   <div class='ocr_carea' id='block_1_86' title="bbox 1847 2577 3453 2652">
    <p class='ocr_par' dir='ltr' id='par_1_86' title="bbox 1847 2577 3453 2652">
     <span class='ocr_line' id='line_1_86' title="bbox 1847 2577 3453 2652; baseline 0 -18"><span class='ocrx_word' id='word_1_704' title='bbox 1847 2581 2065 2636; x_wconf 83' lang='lat' dir='ltr'><strong>nefaeit.</strong></span> <span class='ocrx_word' id='word_1_705' title='bbox 2098 2581 2310 2635; x_wconf 84' lang='lat' dir='ltr'><strong>Etenim</strong></span> <span class='ocrx_word' id='word_1_706' title='bbox 2343 2584 2434 2652; x_wconf 91' lang='lat' dir='ltr'><strong>qui</strong></span> <span class='ocrx_word' id='word_1_707' title='bbox 2468 2582 2729 2637; x_wconf 90' lang='lat' dir='ltr'><strong>ultionem</strong></span> <span class='ocrx_word' id='word_1_708' title='bbox 2759 2577 3051 2637; x_wconf 70' lang='lat' dir='ltr'><strong>meditatur</strong></span> <span class='ocrx_word' id='word_1_709' title='bbox 3076 2623 3091 2645; x_wconf 97' lang='lat'><strong>,</strong></span> <span class='ocrx_word' id='word_1_710' title='bbox 3122 2591 3177 2633; x_wconf 89' lang='lat' dir='ltr'><strong>et</strong></span> <span class='ocrx_word' id='word_1_711' title='bbox 3207 2596 3265 2635; x_wconf 88' lang='lat' dir='ltr'><strong>se</strong></span> <span class='ocrx_word' id='word_1_712' title='bbox 3309 2582 3453 2633; x_wconf 71' lang='lat' dir='ltr'><strong>Imdit</strong></span> 
     </span>
    </p>
   </div>
   <div class='ocr_carea' id='block_1_87' title="bbox 1846 2671 3459 2743">
    <p class='ocr_par' dir='ltr' id='par_1_87' title="bbox 1846 2671 3459 2743">
     <span class='ocr_line' id='line_1_87' title="bbox 1846 2671 3459 2743; baseline 0.002 -18"><span class='ocrx_word' id='word_1_713' title='bbox 1846 2682 1899 2726; x_wconf 89' lang='lat' dir='ltr'><strong>et</strong></span> <span class='ocrx_word' id='word_1_714' title='bbox 1927 2674 2073 2726; x_wconf 86' lang='lat' dir='ltr'><strong>illum</strong></span> <span class='ocrx_word' id='word_1_715' title='bbox 2109 2671 2249 2727; x_wconf 89' lang='lat' dir='ltr'><strong>forte</strong></span> <span class='ocrx_word' id='word_1_716' title='bbox 2281 2688 2503 2743; x_wconf 88' lang='lat' dir='ltr'><strong>parum;</strong></span> <span class='ocrx_word' id='word_1_717' title='bbox 2538 2674 2627 2743; x_wconf 92' lang='lat' dir='ltr'><strong>qui</strong></span> <span class='ocrx_word' id='word_1_718' title='bbox 2659 2683 2841 2729; x_wconf 89' lang='lat' dir='ltr'><strong>autem</strong></span> <span class='ocrx_word' id='word_1_719' title='bbox 2872 2672 3162 2737; x_wconf 85' lang='lat' dir='ltr'><strong>benefacit,</strong></span> <span class='ocrx_word' id='word_1_720' title='bbox 3194 2673 3459 2728; x_wconf 79' lang='lat' dir='ltr'><strong>carbones</strong></span> 
     </span>
    </p>
   </div>
   <div class='ocr_carea' id='block_1_88' title="bbox 1849 2763 3457 2835">
    <p class='ocr_par' dir='ltr' id='par_1_88' title="bbox 1849 2763 3457 2835">
     <span class='ocr_line' id='line_1_88' title="bbox 1849 2763 3457 2835; baseline 0.001 -19"><span class='ocrx_word' id='word_1_721' title='bbox 1849 2764 1985 2835; x_wconf 81' lang='lat' dir='ltr'><strong>ignis</strong></span> <span class='ocrx_word' id='word_1_722' title='bbox 2012 2765 2318 2819; x_wconf 86' lang='lat' dir='ltr'><strong>accumulat</strong></span> <span class='ocrx_word' id='word_1_723' title='bbox 2344 2781 2509 2833; x_wconf 87' lang='lat' dir='ltr'><strong>super</strong></span> <span class='ocrx_word' id='word_1_724' title='bbox 2534 2774 2695 2833; x_wconf 86' lang='lat' dir='ltr'><strong>caput</strong></span> <span class='ocrx_word' id='word_1_725' title='bbox 2722 2765 2861 2833; x_wconf 88' lang='lat' dir='ltr'><strong>ejus.</strong></span> <span class='ocrx_word' id='word_1_726' title='bbox 2892 2764 3033 2833; x_wconf 80' lang='lat' dir='ltr'><strong>Ergo</strong></span> <span class='ocrx_word' id='word_1_727' title='bbox 3066 2765 3115 2817; x_wconf 92' lang='lat' dir='ltr'><strong>id</strong></span> <span class='ocrx_word' id='word_1_728' title='bbox 3145 2763 3322 2818; x_wconf 79' lang='lat' dir='ltr'><strong>faecre</strong></span> <span class='ocrx_word' id='word_1_729' title='bbox 3350 2782 3457 2818; x_wconf 91' lang='lat' dir='ltr'><strong>non</strong></span> 
     </span>
    </p>
   </div>
   <div class='ocr_carea' id='block_1_89' title="bbox 1848 2856 3463 2921">
    <p class='ocr_par' dir='ltr' id='par_1_89' title="bbox 1848 2856 3463 2921">
     <span class='ocr_line' id='line_1_89' title="bbox 1848 2856 3463 2921; baseline 0.002 -13"><span class='ocrx_word' id='word_1_730' title='bbox 1848 2856 2150 2921; x_wconf 86' lang='lat' dir='ltr'><strong>debemus,</strong></span> <span class='ocrx_word' id='word_1_731' title='bbox 2205 2872 2273 2911; x_wconf 88' lang='lat' dir='ltr'><strong>ne</strong></span> <span class='ocrx_word' id='word_1_732' title='bbox 2322 2858 2726 2912; x_wconf 87' lang='lat' dir='ltr'><strong>accumulemns</strong></span> <span class='ocrx_word' id='word_1_733' title='bbox 2772 2856 3080 2911; x_wconf 86' lang='lat' dir='ltr'><strong>carbones?</strong></span> <span class='ocrx_word' id='word_1_734' title='bbox 3130 2856 3234 2911; x_wconf 84' lang='lat' dir='ltr'><strong>Sed</strong></span> <span class='ocrx_word' id='word_1_735' title='bbox 3282 2857 3463 2912; x_wconf 90' lang='lat' dir='ltr'><strong>alioue</strong></span> 
     </span>
    </p>
   </div>
   <div class='ocr_carea' id='block_1_90' title="bbox 1850 2947 3463 3018">
    <p class='ocr_par' dir='ltr' id='par_1_90' title="bbox 1850 2947 3463 3018">
     <span class='ocr_line' id='line_1_90' title="bbox 1850 2947 3463 3018; baseline 0.002 -18"><span class='ocrx_word' id='word_1_736' title='bbox 1850 2947 2012 3001; x_wconf 89' lang='lat' dir='ltr'><strong>modo</strong></span> <span class='ocrx_word' id='word_1_737' title='bbox 2059 2948 2140 3001; x_wconf 86' lang='lat' dir='ltr'><strong>vis</strong></span> <span class='ocrx_word' id='word_1_738' title='bbox 2190 2947 2453 3002; x_wconf 85' lang='lat' dir='ltr'><strong>carbones</strong></span> <span class='ocrx_word' id='word_1_739' title='bbox 2498 2962 2794 3018; x_wconf 82' lang='lat' dir='ltr'><strong>congerere</strong></span> <span class='ocrx_word' id='word_1_740' title='bbox 2851 2962 3015 3017; x_wconf 77' lang='lat' dir='ltr'><strong>super</strong></span> <span class='ocrx_word' id='word_1_741' title='bbox 3054 2958 3219 3017; x_wconf 89' lang='lat' dir='ltr'><strong>caput</strong></span> <span class='ocrx_word' id='word_1_742' title='bbox 3264 2950 3463 3003; x_wconf 87' lang='lat' dir='ltr'><strong>tuum?</strong></span> 
     </span>
    </p>
   </div>
   <div class='ocr_carea' id='block_1_91' title="bbox 1849 3038 3463 3111">
    <p class='ocr_par' dir='ltr' id='par_1_91' title="bbox 1849 3038 3463 3111">
     <span class='ocr_line' id='line_1_91' title="bbox 1849 3038 3463 3111; baseline 0.002 -19"><span class='ocrx_word' id='word_1_743' title='bbox 1849 3039 2050 3092; x_wconf 89' lang='lat' dir='ltr'><strong>etenim</strong></span> <span class='ocrx_word' id='word_1_744' title='bbox 2100 3038 2206 3093; x_wconf 89' lang='lat' dir='ltr'><strong>hoc</strong></span> <span class='ocrx_word' id='word_1_745' title='bbox 2258 3039 2387 3093; x_wconf 81' lang='lat' dir='ltr'><strong>facit</strong></span> <span class='ocrx_word' id='word_1_746' title='bbox 2431 3040 2651 3095; x_wconf 89' lang='lat' dir='ltr'><strong>ultionis</strong></span> <span class='ocrx_word' id='word_1_747' title='bbox 2690 3040 2978 3109; x_wconf 89' lang='lat' dir='ltr'><strong>cupiditas.</strong></span> <span class='ocrx_word' id='word_1_748' title='bbox 3013 3039 3123 3095; x_wconf 88' lang='lat' dir='ltr'><strong>Sed</strong></span> <span class='ocrx_word' id='word_1_749' title='bbox 3167 3042 3336 3111; x_wconf 87' lang='lat' dir='ltr'><strong>magis</strong></span> <span class='ocrx_word' id='word_1_750' title='bbox 3382 3042 3463 3096; x_wconf 86' lang='lat' dir='ltr'><strong>vis</strong></span> 
     </span>
    </p>
   </div>
   <div class='ocr_carea' id='block_1_92' title="bbox 1850 3131 3463 3197">
    <p class='ocr_par' dir='ltr' id='par_1_92' title="bbox 1850 3131 3463 3197">
     <span class='ocr_line' id='line_1_92' title="bbox 1850 3131 3463 3197; baseline 0.002 -11"><span class='ocrx_word' id='word_1_751' title='bbox 1850 3131 2143 3186; x_wconf 78' lang='lat' dir='ltr'><strong>extendam</strong></span> <span class='ocrx_word' id='word_1_752' title='bbox 2168 3134 2191 3184; x_wconf 63' lang='grc' dir='ltr'><em>ἲ</em></span> <span class='ocrx_word' id='word_1_753' title='bbox 2213 3131 2432 3187; x_wconf 79' lang='lat' dir='ltr'><strong>Minime</strong></span> <span class='ocrx_word' id='word_1_754' title='bbox 2459 3149 2471 3185; x_wconf 90' lang='lat'><strong>:</strong></span> <span class='ocrx_word' id='word_1_755' title='bbox 2499 3146 2607 3186; x_wconf 91' lang='lat' dir='ltr'><strong>non</strong></span> <span class='ocrx_word' id='word_1_756' title='bbox 2633 3133 2776 3187; x_wconf 90' lang='lat' dir='ltr'><strong>enim</strong></span> <span class='ocrx_word' id='word_1_757' title='bbox 2808 3141 2863 3186; x_wconf 92' lang='lat' dir='ltr'><strong>tu</strong></span> <span class='ocrx_word' id='word_1_758' title='bbox 2892 3132 2995 3187; x_wconf 86' lang='lat' dir='ltr'><strong>hoc.</strong></span> <span class='ocrx_word' id='word_1_759' title='bbox 3014 3132 3167 3197; x_wconf 90' lang='lat' dir='ltr'><strong>facis,</strong></span> <span class='ocrx_word' id='word_1_760' title='bbox 3198 3134 3292 3188; x_wconf 86' lang='lat' dir='ltr'><strong>sed</strong></span> <span class='ocrx_word' id='word_1_761' title='bbox 3321 3134 3463 3189; x_wconf 89' lang='lat' dir='ltr'><strong>illius</strong></span> 
     </span>
    </p>
   </div>
   <div class='ocr_carea' id='block_1_93' title="bbox 1854 3222 3465 3280">
    <p class='ocr_par' dir='ltr' id='par_1_93' title="bbox 1854 3222 3465 3280">
     <span class='ocr_line' id='line_1_93' title="bbox 1854 3222 3465 3280; baseline 0.003 -5"><span class='ocrx_word' id='word_1_762' title='bbox 1854 3222 2059 3279; x_wconf 85' lang='lat' dir='ltr'><strong>feritas.</strong></span> <span class='ocrx_word' id='word_1_763' title='bbox 2088 3223 2143 3279; x_wconf 91' lang='lat' dir='ltr'><strong>Si</strong></span> <span class='ocrx_word' id='word_1_764' title='bbox 2176 3224 2322 3277; x_wconf 90' lang='lat' dir='ltr'><strong>enim</strong></span> <span class='ocrx_word' id='word_1_765' title='bbox 2358 3233 2409 3278; x_wconf 93' lang='lat' dir='ltr'><strong>te</strong></span> <span class='ocrx_word' id='word_1_766' title='bbox 2439 3223 2809 3279; x_wconf 87' lang='lat' dir='ltr'><strong>benefaciente</strong></span> <span class='ocrx_word' id='word_1_767' title='bbox 2832 3233 2887 3278; x_wconf 91' lang='lat' dir='ltr'><strong>et</strong></span> <span class='ocrx_word' id='word_1_768' title='bbox 2918 3224 3225 3279; x_wconf 89' lang='lat' dir='ltr'><strong>honorante</strong></span> <span class='ocrx_word' id='word_1_769' title='bbox 3254 3234 3309 3279; x_wconf 87' lang='lat' dir='ltr'><strong>et</strong></span> <span class='ocrx_word' id='word_1_770' title='bbox 3334 3240 3465 3280; x_wconf 89' lang='lat' dir='ltr'><strong>eon-</strong></span> 
     </span>
    </p>
   </div>
   <div class='ocr_carea' id='block_1_94' title="bbox 1853 3315 3462 3381">
    <p class='ocr_par' dir='ltr' id='par_1_94' title="bbox 1853 3315 3462 3381">
     <span class='ocr_line' id='line_1_94' title="bbox 1853 3315 3462 3381; baseline 0.002 -12"><span class='ocrx_word' id='word_1_771' title='bbox 1853 3315 2037 3369; x_wconf 87' lang='lat' dir='ltr'><strong>ciliare</strong></span> <span class='ocrx_word' id='word_1_772' title='bbox 2067 3315 2340 3381; x_wconf 81' lang='lat' dir='ltr'><strong>studente,</strong></span> <span class='ocrx_word' id='word_1_773' title='bbox 2372 3315 2466 3369; x_wconf 89' lang='lat' dir='ltr'><strong>ille</strong></span> <span class='ocrx_word' id='word_1_774' title='bbox 2500 3325 2717 3370; x_wconf 88' lang='lat' dir='ltr'><strong>maneat</strong></span> <span class='ocrx_word' id='word_1_775' title='bbox 2748 3331 2977 3370; x_wconf 88' lang='lat' dir='ltr'><strong>servans</strong></span> <span class='ocrx_word' id='word_1_776' title='bbox 3004 3317 3333 3381; x_wconf 90' lang='lat' dir='ltr'><strong>inimicitias,</strong></span> <span class='ocrx_word' id='word_1_777' title='bbox 3358 3318 3462 3373; x_wconf 90' lang='lat' dir='ltr'><strong>sibi</strong></span> 
     </span>
    </p>
   </div>
   <div class='ocr_carea' id='block_1_95' title="bbox 1856 3407 3465 3479">
    <p class='ocr_par' dir='ltr' id='par_1_95' title="bbox 1856 3407 3465 3479">
     <span class='ocr_line' id='line_1_95' title="bbox 1856 3407 3465 3479; baseline 0.004 -20"><span class='ocrx_word' id='word_1_778' title='bbox 1856 3408 1954 3474; x_wconf 89' lang='lat' dir='ltr'><strong>ipsi</strong></span> <span class='ocrx_word' id='word_1_779' title='bbox 1999 3407 2177 3475; x_wconf 84' lang='lat' dir='ltr'><strong>ignem</strong></span> <span class='ocrx_word' id='word_1_780' title='bbox 2219 3407 2507 3471; x_wconf 89' lang='lat' dir='ltr'><strong>accendit;</strong></span> <span class='ocrx_word' id='word_1_781' title='bbox 2555 3408 2671 3475; x_wconf 83' lang='lat' dir='ltr'><strong>ipse</strong></span> <span class='ocrx_word' id='word_1_782' title='bbox 2712 3423 2869 3461; x_wconf 90' lang='lat' dir='ltr'><strong>suum</strong></span> <span class='ocrx_word' id='word_1_783' title='bbox 2903 3408 3112 3463; x_wconf 80' lang='lat' dir='ltr'><strong>exussit</strong></span> <span class='ocrx_word' id='word_1_784' title='bbox 3153 3419 3352 3479; x_wconf 87' lang='lat' dir='ltr'><strong>caput:</strong></span> <span class='ocrx_word' id='word_1_785' title='bbox 3408 3420 3465 3465; x_wconf 91' lang='lat' dir='ltr'><strong>tu</strong></span> 
     </span>
    </p>
   </div>
   <div class='ocr_carea' id='block_1_96' title="bbox 1855 3492 3464 3572">
    <p class='ocr_par' dir='ltr' id='par_1_96' title="bbox 1855 3492 3464 3572">
     <span class='ocr_line' id='line_1_96' title="bbox 1855 3492 3464 3572; baseline 0.004 -22"><span class='ocrx_word' id='word_1_786' title='bbox 1855 3514 1984 3552; x_wconf 87' lang='lat' dir='ltr'><strong>vero</strong></span> <span class='ocrx_word' id='word_1_787' title='bbox 2015 3492 2320 3567; x_wconf 84' lang='lat' dir='ltr'><strong>inculpatus</strong></span> <span class='ocrx_word' id='word_1_788' title='bbox 2360 3513 2440 3552; x_wconf 87' lang='lat' dir='ltr'><strong>es.</strong></span> <span class='ocrx_word' id='word_1_789' title='bbox 2496 3498 2572 3553; x_wconf 82' lang='lat' dir='ltr'><strong>Ne</strong></span> <span class='ocrx_word' id='word_1_790' title='bbox 2621 3499 2697 3552; x_wconf 86' lang='lat' dir='ltr'><strong>sis</strong></span> <span class='ocrx_word' id='word_1_791' title='bbox 2738 3500 2909 3568; x_wconf 81' lang='lat' dir='ltr'><strong>magis</strong></span> <span class='ocrx_word' id='word_1_792' title='bbox 2949 3501 3259 3555; x_wconf 87' lang='lat' dir='ltr'><strong>misericors</strong></span> <span class='ocrx_word' id='word_1_793' title='bbox 3304 3517 3464 3572; x_wconf 89' lang='lat' dir='ltr'><strong>quam</strong></span> 
     </span>
    </p>
   </div>
   <div class='ocr_carea' id='block_1_97' title="bbox 1858 3592 3469 3662">
    <p class='ocr_par' dir='ltr' id='par_1_97' title="bbox 1858 3592 3469 3662">
     <span class='ocr_line' id='line_1_97' title="bbox 1858 3592 3469 3662; baseline 0.002 -17"><span class='ocrx_word' id='word_1_794' title='bbox 1858 3593 2019 3657; x_wconf 85' lang='lat' dir='ltr'><strong>Deus,</strong></span> <span class='ocrx_word' id='word_1_795' title='bbox 2049 3592 2170 3662; x_wconf 87' lang='lat' dir='ltr'><strong>quia</strong></span> <span class='ocrx_word' id='word_1_796' title='bbox 2203 3592 2488 3646; x_wconf 79' lang='lat' dir='ltr'><strong>innumera</strong></span> <span class='ocrx_word' id='word_1_797' title='bbox 2522 3592 2741 3661; x_wconf 87' lang='lat' dir='ltr'><strong>patieris</strong></span> <span class='ocrx_word' id='word_1_798' title='bbox 2771 3593 2925 3647; x_wconf 89' lang='lat' dir='ltr'><strong>malis</strong></span> <span class='ocrx_word' id='word_1_799' title='bbox 2953 3594 3089 3647; x_wconf 80' lang='lat' dir='ltr'><strong>mala</strong></span> <span class='ocrx_word' id='word_1_800' title='bbox 3116 3610 3131 3658; x_wconf 90' lang='lat'><strong>;</strong></span> <span class='ocrx_word' id='word_1_801' title='bbox 3168 3594 3275 3648; x_wconf 91' lang='lat' dir='ltr'><strong>imo</strong></span> <span class='ocrx_word' id='word_1_802' title='bbox 3302 3596 3345 3648; x_wconf 90' lang='lat' dir='ltr'><strong>si</strong></span> <span class='ocrx_word' id='word_1_803' title='bbox 3374 3611 3469 3648; x_wconf 88' lang='lat' dir='ltr'><strong>vo-</strong></span> 
     </span>
    </p>
   </div>
   <div class='ocr_carea' id='block_1_98' title="bbox 1858 3682 3466 3752">
    <p class='ocr_par' dir='ltr' id='par_1_98' title="bbox 1858 3682 3466 3752">
     <span class='ocr_line' id='line_1_98' title="bbox 1858 3682 3466 3752; baseline 0.003 -18"><span class='ocrx_word' id='word_1_804' title='bbox 1858 3683 2050 3746; x_wconf 81' lang='lat' dir='ltr'><strong>ltu-ris,</strong></span> <span class='ocrx_word' id='word_1_805' title='bbox 2082 3697 2187 3736; x_wconf 91' lang='lat' dir='ltr'><strong>non</strong></span> <span class='ocrx_word' id='word_1_806' title='bbox 2222 3683 2423 3751; x_wconf 86' lang='lat' dir='ltr'><strong>peteris</strong></span> <span class='ocrx_word' id='word_1_807' title='bbox 2443 3723 2460 3749; x_wconf 90' lang='lat'><strong>,</strong></span> <span class='ocrx_word' id='word_1_808' title='bbox 2488 3697 2555 3737; x_wconf 89' lang='lat' dir='ltr'><strong>ne</strong></span> <span class='ocrx_word' id='word_1_809' title='bbox 2582 3683 2863 3736; x_wconf 88' lang='lat' dir='ltr'><strong>minimum</strong></span> <span class='ocrx_word' id='word_1_810' title='bbox 2890 3682 3128 3752; x_wconf 89' lang='lat' dir='ltr'><strong>quidem.</strong></span> <span class='ocrx_word' id='word_1_811' title='bbox 3178 3684 3466 3751; x_wconf 88' lang='lat' dir='ltr'><strong>Quomodo</strong></span> 
     </span>
    </p>
   </div>
   <div class='ocr_carea' id='block_1_99' title="bbox 1856 3775 3461 3847">
    <p class='ocr_par' dir='ltr' id='par_1_99' title="bbox 1856 3775 3461 3847">
     <span class='ocr_line' id='line_1_99' title="bbox 1856 3775 3461 3847; baseline 0.002 -20"><span class='ocrx_word' id='word_1_812' title='bbox 1856 3777 1997 3829; x_wconf 72' lang='lat' dir='ltr'><strong>enim</strong></span> <span class='ocrx_word' id='word_1_813' title='bbox 2022 3779 2044 3829; x_wconf 69' lang='grc' dir='ltr'><strong>’ί</strong></span> <span class='ocrx_word' id='word_1_814' title='bbox 2074 3776 2335 3840; x_wconf 82' lang='lat' dir='ltr'><strong>Quamum</strong></span> <span class='ocrx_word' id='word_1_815' title='bbox 2367 3775 2523 3828; x_wconf 79' lang='lat' dir='ltr'><strong>distat</strong></span> <span class='ocrx_word' id='word_1_816' title='bbox 2554 3775 2735 3829; x_wconf 79' lang='lat' dir='ltr'><strong>cwlum</strong></span> <span class='ocrx_word' id='word_1_817' title='bbox 2763 3792 2795 3828; x_wconf 84' lang='grc' dir='ltr'><strong><em>α</em></strong></span> <span class='ocrx_word' id='word_1_818' title='bbox 2824 3787 2959 3829; x_wconf 83' lang='lat' dir='ltr'><strong>terra</strong></span> <span class='ocrx_word' id='word_1_819' title='bbox 2984 3817 2998 3840; x_wconf 96' lang='lat'><strong>,</strong></span> <span class='ocrx_word' id='word_1_820' title='bbox 3029 3777 3233 3847; x_wconf 88' lang='lat' dir='ltr'><strong>inquit,</strong></span> <span class='ocrx_word' id='word_1_821' title='bbox 3264 3788 3461 3832; x_wconf 81' lang='lat' dir='ltr'><strong>tantum</strong></span> 
     </span>
    </p>
   </div>
   <div class='ocr_carea' id='block_1_100' title="bbox 1856 3867 3463 3940">
    <p class='ocr_par' dir='ltr' id='par_1_100' title="bbox 1856 3867 3463 3940">
     <span class='ocr_line' id='line_1_100' title="bbox 1856 3867 3463 3940; baseline 0.004 -21"><span class='ocrx_word' id='word_1_822' title='bbox 1856 3871 2047 3921; x_wconf 76' lang='lat' dir='ltr'><strong>distant</strong></span> <span class='ocrx_word' id='word_1_823' title='bbox 2077 3868 2291 3921; x_wconf 77' lang='lat' dir='ltr'><strong>consilio</strong></span> <span class='ocrx_word' id='word_1_824' title='bbox 2318 3884 2427 3919; x_wconf 83' lang='lat' dir='ltr'><strong>mea</strong></span> <span class='ocrx_word' id='word_1_825' title='bbox 2467 3884 2497 3919; x_wconf 90' lang='lat' dir='ltr'><strong>a</strong></span> <span class='ocrx_word' id='word_1_826' title='bbox 2538 3867 2767 3920; x_wconf 80' lang='lat' dir='ltr'><strong>consiliis</strong></span> <span class='ocrx_word' id='word_1_827' title='bbox 2810 3870 2987 3923; x_wconf 78' lang='lat' dir='ltr'><strong>vestris</strong></span> <span class='ocrx_word' id='word_1_828' title='bbox 3034 3867 3204 3940; x_wconf 82' lang='lat' dir='ltr'><strong>(lsai.</strong></span> <span class='ocrx_word' id='word_1_829' title='bbox 3361 3871 3463 3938; x_wconf 84' lang='lat'><strong>9};</strong></span> 
     </span>
    </p>
   </div>
   <div class='ocr_carea' id='block_1_101' title="bbox 1857 3957 3463 4027">
    <p class='ocr_par' dir='ltr' id='par_1_101' title="bbox 1857 3957 3463 4027">
     <span class='ocr_line' id='line_1_101' title="bbox 1857 3957 3463 4027; baseline 0 -14"><span class='ocrx_word' id='word_1_830' title='bbox 1857 3971 1908 4013; x_wconf 85' lang='lat' dir='ltr'><strong>et</strong></span> <span class='ocrx_word' id='word_1_831' title='bbox 1937 3975 2147 4013; x_wconf 88' lang='lat' dir='ltr'><strong>rursum</strong></span> <span class='ocrx_word' id='word_1_832' title='bbox 2180 3978 2190 4011; x_wconf 94' lang='lat'><strong>:</strong></span> <span class='ocrx_word' id='word_1_833' title='bbox 2240 3958 2301 4011; x_wconf 78' lang='lat' dir='ltr'><strong>Si</strong></span> <span class='ocrx_word' id='word_1_834' title='bbox 2331 3974 2437 4022; x_wconf 78' lang='lat' dir='ltr'><strong>vos,</strong></span> <span class='ocrx_word' id='word_1_835' title='bbox 2465 3957 2658 4027; x_wconf 86' lang='lat' dir='ltr'><strong>inquit,</strong></span> <span class='ocrx_word' id='word_1_836' title='bbox 2686 3974 2799 4011; x_wconf 86' lang='lat' dir='ltr'><strong>cum</strong></span> <span class='ocrx_word' id='word_1_837' title='bbox 2824 3958 2935 4011; x_wconf 83' lang='lat' dir='ltr'><strong>sitis</strong></span> <span class='ocrx_word' id='word_1_838' title='bbox 2961 3958 3105 4020; x_wconf 83' lang='lat' dir='ltr'><strong>mali,</strong></span> <span class='ocrx_word' id='word_1_839' title='bbox 3138 3960 3298 4011; x_wconf 82' lang='lat' dir='ltr'><strong>nostis</strong></span> <span class='ocrx_word' id='word_1_840' title='bbox 3331 3960 3463 4013; x_wconf 87' lang='lat' dir='ltr'><strong>bona</strong></span> 
     </span>
    </p>
   </div>
   <div class='ocr_carea' id='block_1_102' title="bbox 1856 4046 3467 4118">
    <p class='ocr_par' dir='ltr' id='par_1_102' title="bbox 1856 4046 3467 4118">
     <span class='ocr_line' id='line_1_102' title="bbox 1856 4046 3467 4118; baseline 0.002 -17"><span class='ocrx_word' id='word_1_841' title='bbox 1856 4050 1982 4102; x_wconf 78' lang='lat' dir='ltr'><strong>dare</strong></span> <span class='ocrx_word' id='word_1_842' title='bbox 2018 4050 2139 4116; x_wconf 78' lang='lat' dir='ltr'><strong>ﬁliis</strong></span> <span class='ocrx_word' id='word_1_843' title='bbox 2178 4049 2401 4109; x_wconf 77' lang='lat' dir='ltr'><strong>vestris;</strong></span> <span class='ocrx_word' id='word_1_844' title='bbox 2451 4058 2644 4118; x_wconf 82' lang='lat' dir='ltr'><strong>quanto</strong></span> <span class='ocrx_word' id='word_1_845' title='bbox 2688 4050 2853 4118; x_wconf 83' lang='lat' dir='ltr'><strong>magis</strong></span> <span class='ocrx_word' id='word_1_846' title='bbox 2883 4046 3038 4101; x_wconf 80' lang='lat' dir='ltr'><strong>Pater</strong></span> <span class='ocrx_word' id='word_1_847' title='bbox 3060 4060 3222 4102; x_wconf 81' lang='lat' dir='ltr'><strong>vester</strong></span> <span class='ocrx_word' id='word_1_848' title='bbox 3252 4051 3467 4105; x_wconf 81' lang='lat' dir='ltr'><strong>cwlcstis</strong></span> 
     </span>
    </p>
   </div>
   <div class='ocr_carea' id='block_1_103' title="bbox 1858 4139 3466 4209">
    <p class='ocr_par' dir='ltr' id='par_1_103' title="bbox 1858 4139 3466 4209">
     <span class='ocr_line' id='line_1_103' title="bbox 1858 4139 3466 4209; baseline -0.001 -13"><span class='ocrx_word' id='word_1_849' title='bbox 1858 4143 1995 4196; x_wconf 77' lang='lat' dir='ltr'><strong>dabit</strong></span> <span class='ocrx_word' id='word_1_850' title='bbox 2028 4143 2167 4195; x_wconf 75' lang='lat' dir='ltr'><strong>robis</strong></span> <span class='ocrx_word' id='word_1_851' title='bbox 2218 4140 2437 4209; x_wconf 79' lang='lat' dir='ltr'><strong>(Matth.</strong></span> <span class='ocrx_word' id='word_1_852' title='bbox 2485 4142 2539 4193; x_wconf 91' lang='lat'><strong>7.</strong></span> <span class='ocrx_word' id='word_1_853' title='bbox 2576 4139 2708 4209; x_wconf 78' lang='lat' dir='ltr'><strong>ll)?</strong></span> <span class='ocrx_word' id='word_1_854' title='bbox 2751 4140 2857 4195; x_wconf 88' lang='lat' dir='ltr'><strong>Sed</strong></span> <span class='ocrx_word' id='word_1_855' title='bbox 2893 4142 3007 4195; x_wconf 67' lang='lat' dir='ltr'><strong>ba&#39;c</strong></span> <span class='ocrx_word' id='word_1_856' title='bbox 3036 4140 3289 4195; x_wconf 76' lang='lat' dir='ltr'><strong>obtentus</strong></span> <span class='ocrx_word' id='word_1_857' title='bbox 3319 4152 3466 4195; x_wconf 91' lang='lat' dir='ltr'><strong>sunt.</strong></span> 
     </span>
    </p>
   </div>
   <div class='ocr_carea' id='block_1_104' title="bbox 1858 4232 3470 4305">
    <p class='ocr_par' dir='ltr' id='par_1_104' title="bbox 1858 4232 3470 4305">
     <span class='ocr_line' id='line_1_104' title="bbox 1858 4232 3470 4305; baseline -0.001 -15"><span class='ocrx_word' id='word_1_858' title='bbox 1858 4236 1935 4290; x_wconf 87' lang='lat' dir='ltr'><strong>Nc</strong></span> <span class='ocrx_word' id='word_1_859' title='bbox 1980 4236 2141 4305; x_wconf 81' lang='lat' dir='ltr'><strong>igitur</strong></span> <span class='ocrx_word' id='word_1_860' title='bbox 2185 4232 2480 4303; x_wconf 90' lang='lat' dir='ltr'><strong>sophistice</strong></span> <span class='ocrx_word' id='word_1_861' title='bbox 2510 4232 2931 4301; x_wconf 89' lang='lat' dir='ltr'><strong>interpretemur</strong></span> <span class='ocrx_word' id='word_1_862' title='bbox 2958 4233 3209 4286; x_wconf 87' lang='lat' dir='ltr'><strong>mandata</strong></span> <span class='ocrx_word' id='word_1_863' title='bbox 3242 4233 3354 4287; x_wconf 91' lang='lat' dir='ltr'><strong>Dei.</strong></span> <span class='ocrx_word' id='word_1_864' title='bbox 3405 4235 3470 4289; x_wconf 87' lang='lat' dir='ltr'><strong>Et</strong></span> 
     </span>
    </p>
   </div>
   <div class='ocr_carea' id='block_1_105' title="bbox 1858 4324 3470 4398">
    <p class='ocr_par' dir='ltr' id='par_1_105' title="bbox 1858 4324 3470 4398">
     <span class='ocr_line' id='line_1_105' title="bbox 1858 4324 3470 4398; baseline -0.002 -16"><span class='ocrx_word' id='word_1_865' title='bbox 1858 4326 2131 4398; x_wconf 88' lang='lat' dir='ltr'><strong>quomodo</strong></span> <span class='ocrx_word' id='word_1_866' title='bbox 2173 4326 2470 4395; x_wconf 85' lang='lat' dir='ltr'><strong>sophistice</strong></span> <span class='ocrx_word' id='word_1_867' title='bbox 2502 4324 2968 4394; x_wconf 86' lang='lat' dir='ltr'><strong>interpretamur?</strong></span> <span class='ocrx_word' id='word_1_868' title='bbox 3004 4325 3184 4391; x_wconf 77' lang='lat' dir='ltr'><strong>Dixit,</strong></span> <span class='ocrx_word' id='word_1_869' title='bbox 3232 4324 3347 4379; x_wconf 83' lang='lat' dir='ltr'><strong>Hoc</strong></span> <span class='ocrx_word' id='word_1_870' title='bbox 3389 4326 3470 4395; x_wconf 78' lang='lat' dir='ltr'><strong>{u-</strong></span> 
     </span>
    </p>
   </div>
   <div class='ocr_carea' id='block_1_106' title="bbox 1858 4420 3472 4489">
    <p class='ocr_par' dir='ltr' id='par_1_106' title="bbox 1858 4420 3472 4489">
     <span class='ocr_line' id='line_1_106' title="bbox 1858 4420 3472 4489; baseline -0.001 -14"><span class='ocrx_word' id='word_1_871' title='bbox 1858 4424 2015 4487; x_wconf 73' lang='lat' dir='ltr'><strong>cietts,</strong></span> <span class='ocrx_word' id='word_1_872' title='bbox 2045 4424 2287 4474; x_wconf 83' lang='lat' dir='ltr'><strong>carbones</strong></span> <span class='ocrx_word' id='word_1_873' title='bbox 2315 4420 2447 4489; x_wconf 82' lang='lat' dir='ltr'><strong>ignis</strong></span> <span class='ocrx_word' id='word_1_874' title='bbox 2469 4420 2700 4489; x_wconf 81' lang='lat' dir='ltr'><strong>congeris</strong></span> <span class='ocrx_word' id='word_1_875' title='bbox 2730 4434 2882 4487; x_wconf 83' lang='lat' dir='ltr'><strong>super</strong></span> <span class='ocrx_word' id='word_1_876' title='bbox 2906 4426 3061 4484; x_wconf 81' lang='lat' dir='ltr'><strong>caput</strong></span> <span class='ocrx_word' id='word_1_877' title='bbox 3082 4420 3191 4486; x_wconf 78' lang='lat' dir='ltr'><strong>ejus</strong></span> <span class='ocrx_word' id='word_1_878' title='bbox 3217 4436 3233 4480; x_wconf 85' lang='lat'><em>;</em></span> <span class='ocrx_word' id='word_1_879' title='bbox 3263 4430 3317 4472; x_wconf 83' lang='grc' dir='ltr'><strong>ιιι</strong></span> <span class='ocrx_word' id='word_1_880' title='bbox 3343 4436 3472 4474; x_wconf 89' lang='lat' dir='ltr'><strong>vero</strong></span> 
     </span>
    </p>
   </div>
   <div class='ocr_carea' id='block_1_107' title="bbox 1859 4511 3467 4581">
    <p class='ocr_par' dir='ltr' id='par_1_107' title="bbox 1859 4511 3467 4581">
     <span class='ocr_line' id='line_1_107' title="bbox 1859 4511 3467 4581; baseline 0 -15"><span class='ocrx_word' id='word_1_881' title='bbox 1859 4515 1995 4568; x_wconf 81' lang='lat' dir='ltr'><strong>dicis</strong></span> <span class='ocrx_word' id='word_1_882' title='bbox 2017 4556 2031 4580; x_wconf 95' lang='lat'><strong>,</strong></span> <span class='ocrx_word' id='word_1_883' title='bbox 2062 4514 2253 4568; x_wconf 85' lang='lat' dir='ltr'><strong>Timeo</strong></span> <span class='ocrx_word' id='word_1_884' title='bbox 2282 4513 2558 4566; x_wconf 89' lang='lat' dir='ltr'><strong>inimicum</strong></span> <span class='ocrx_word' id='word_1_885' title='bbox 2582 4553 2595 4575; x_wconf 94' lang='lat'><strong>,</strong></span> <span class='ocrx_word' id='word_1_886' title='bbox 2628 4512 2749 4581; x_wconf 88' lang='lat' dir='ltr'><strong>quia</strong></span> <span class='ocrx_word' id='word_1_887' title='bbox 2781 4528 2866 4566; x_wconf 90' lang='lat' dir='ltr'><strong>me</strong></span> <span class='ocrx_word' id='word_1_888' title='bbox 2898 4511 3053 4565; x_wconf 88' lang='lat' dir='ltr'><strong>valde</strong></span> <span class='ocrx_word' id='word_1_889' title='bbox 3087 4513 3239 4567; x_wconf 81' lang='lat' dir='ltr'><strong>Ia-sit.</strong></span> <span class='ocrx_word' id='word_1_890' title='bbox 3274 4515 3467 4567; x_wconf 79' lang='lat' dir='ltr'><strong>Annon</strong></span> 
     </span>
    </p>
   </div>
   <div class='ocr_carea' id='block_1_108' title="bbox 1862 4602 3471 4671">
    <p class='ocr_par' dir='ltr' id='par_1_108' title="bbox 1862 4602 3471 4671">
     <span class='ocr_line' id='line_1_108' title="bbox 1862 4602 3471 4671; baseline 0 -12"><span class='ocrx_word' id='word_1_891' title='bbox 1862 4607 1964 4660; x_wconf 90' lang='lat' dir='ltr'><strong>hoc</strong></span> <span class='ocrx_word' id='word_1_892' title='bbox 1993 4606 2169 4659; x_wconf 88' lang='lat' dir='ltr'><strong>dicis?</strong></span> <span class='ocrx_word' id='word_1_893' title='bbox 2207 4602 2491 4671; x_wconf 90' lang='lat' dir='ltr'><strong>Quomodo</strong></span> <span class='ocrx_word' id='word_1_894' title='bbox 2540 4603 2819 4657; x_wconf 89' lang='lat' dir='ltr'><strong>inimicum</strong></span> <span class='ocrx_word' id='word_1_895' title='bbox 2866 4602 3070 4657; x_wconf 88' lang='lat' dir='ltr'><strong>babes?</strong></span> <span class='ocrx_word' id='word_1_896' title='bbox 3121 4603 3299 4658; x_wconf 89' lang='lat' dir='ltr'><strong>&#39;l&#39;imes</strong></span> <span class='ocrx_word' id='word_1_897' title='bbox 3347 4620 3471 4663; x_wconf 86' lang='lat' dir='ltr'><strong>eum</strong></span> 
     </span>
    </p>
   </div>
   <div class='ocr_carea' id='block_1_109' title="bbox 1861 4693 3542 4763">
    <p class='ocr_par' dir='ltr' id='par_1_109' title="bbox 1861 4693 3542 4763">
     <span class='ocr_line' id='line_1_109' title="bbox 1861 4693 3542 4763; baseline 0.001 -15"><span class='ocrx_word' id='word_1_898' title='bbox 1861 4701 1947 4763; x_wconf 88' lang='lat' dir='ltr'><strong>qtli</strong></span> <span class='ocrx_word' id='word_1_899' title='bbox 1996 4708 2047 4751; x_wconf 88' lang='lat' dir='ltr'><strong>te</strong></span> <span class='ocrx_word' id='word_1_900' title='bbox 2092 4696 2224 4750; x_wconf 84' lang='lat' dir='ltr'><strong>la-sit</strong></span> <span class='ocrx_word' id='word_1_901' title='bbox 2253 4736 2265 4757; x_wconf 93' lang='lat'><strong>,</strong></span> <span class='ocrx_word' id='word_1_902' title='bbox 2316 4695 2547 4758; x_wconf 85' lang='lat' dir='ltr'><strong>tcipsum</strong></span> <span class='ocrx_word' id='word_1_903' title='bbox 2591 4708 2719 4747; x_wconf 84' lang='lat' dir='ltr'><strong>vero</strong></span> <span class='ocrx_word' id='word_1_904' title='bbox 2753 4710 2857 4745; x_wconf 88' lang='lat' dir='ltr'><strong>non</strong></span> <span class='ocrx_word' id='word_1_905' title='bbox 2895 4693 3093 4747; x_wconf 84' lang='lat' dir='ltr'><strong>times?</strong></span> <span class='ocrx_word' id='word_1_906' title='bbox 3134 4693 3348 4749; x_wconf 87' lang='lat' dir='ltr'><strong>Utinam</strong></span> <span class='ocrx_word' id='word_1_907' title='bbox 3393 4701 3467 4749; x_wconf 87' lang='grc' dir='ltr'><strong>ιιιὶ</strong></span> <span class='ocrx_word' id='word_1_908' title='bbox 3533 4730 3542 4742; x_wconf 70' lang='grc' dir='ltr'><strong>ι</strong></span> 
     </span>
    </p>
   </div>
   <div class='ocr_carea' id='block_1_110' title="bbox 1862 4784 3470 4854">
    <p class='ocr_par' dir='ltr' id='par_1_110' title="bbox 1862 4784 3470 4854">
     <span class='ocr_line' id='line_1_110' title="bbox 1862 4784 3470 4854; baseline -0.001 -12"><span class='ocrx_word' id='word_1_909' title='bbox 1862 4804 2045 4842; x_wconf 73' lang='lat' dir='ltr'><strong>curam</strong></span> <span class='ocrx_word' id='word_1_910' title='bbox 2081 4787 2335 4841; x_wconf 82' lang='lat' dir='ltr'><strong>haberes!</strong></span> <span class='ocrx_word' id='word_1_911' title='bbox 2361 4785 2437 4839; x_wconf 82' lang='lat' dir='ltr'><strong>Ne</strong></span> <span class='ocrx_word' id='word_1_912' title='bbox 2467 4784 2599 4839; x_wconf 87' lang='lat' dir='ltr'><strong>illud</strong></span> <span class='ocrx_word' id='word_1_913' title='bbox 2632 4785 2734 4838; x_wconf 84' lang='lat' dir='ltr'><strong>hoc</strong></span> <span class='ocrx_word' id='word_1_914' title='bbox 2776 4801 2942 4854; x_wconf 79' lang='lat' dir='ltr'><strong>scopo</strong></span> <span class='ocrx_word' id='word_1_915' title='bbox 2975 4784 3178 4849; x_wconf 77' lang='lat' dir='ltr'><strong>facias;</strong></span> <span class='ocrx_word' id='word_1_916' title='bbox 3227 4787 3333 4839; x_wconf 85' lang='lat' dir='ltr'><strong>imo</strong></span> <span class='ocrx_word' id='word_1_917' title='bbox 3364 4790 3470 4843; x_wconf 82' lang='lat' dir='ltr'><strong>sal-</strong></span> 
     </span>
    </p>
   </div>
   <div class='ocr_carea' id='block_1_111' title="bbox 1866 4876 3471 4946">
    <p class='ocr_par' dir='ltr' id='par_1_111' title="bbox 1866 4876 3471 4946">
     <span class='ocr_line' id='line_1_111' title="bbox 1866 4876 3471 4946; baseline 0 -13"><span class='ocrx_word' id='word_1_918' title='bbox 1866 4893 1971 4933; x_wconf 83' lang='lat' dir='ltr'><strong>tem</strong></span> <span class='ocrx_word' id='word_1_919' title='bbox 2018 4880 2117 4933; x_wconf 87' lang='lat' dir='ltr'><strong>hoc</strong></span> <span class='ocrx_word' id='word_1_920' title='bbox 2148 4893 2313 4946; x_wconf 82' lang='lat' dir='ltr'><strong>scepo</strong></span> <span class='ocrx_word' id='word_1_921' title='bbox 2353 4876 2537 4930; x_wconf 86' lang='lat' dir='ltr'><strong>facias.</strong></span> <span class='ocrx_word' id='word_1_922' title='bbox 2584 4876 2689 4931; x_wconf 89' lang='lat' dir='ltr'><strong>Sed</strong></span> <span class='ocrx_word' id='word_1_923' title='bbox 2725 4892 2828 4930; x_wconf 92' lang='lat' dir='ltr'><strong>non</strong></span> <span class='ocrx_word' id='word_1_924' title='bbox 2861 4876 3012 4931; x_wconf 84' lang='lat' dir='ltr'><strong>facis.</strong></span> <span class='ocrx_word' id='word_1_925' title='bbox 3066 4876 3178 4931; x_wconf 85' lang='lat' dir='ltr'><strong>Non</strong></span> <span class='ocrx_word' id='word_1_926' title='bbox 3223 4879 3343 4931; x_wconf 78' lang='lat' dir='ltr'><strong>diro</strong></span> <span class='ocrx_word' id='word_1_927' title='bbox 3378 4881 3471 4933; x_wconf 91' lang='lat' dir='ltr'><strong>tibi</strong></span> 
     </span>
    </p>
   </div>
   <div class='ocr_carea' id='block_1_112' title="bbox 1864 4968 3473 5041">
    <p class='ocr_par' dir='ltr' id='par_1_112' title="bbox 1864 4968 3473 5041">
     <span class='ocr_line' id='line_1_112' title="bbox 1864 4968 3473 5041; baseline 0.001 -18"><span class='ocrx_word' id='word_1_928' title='bbox 1864 4974 2006 5041; x_wconf 83' lang='lat' dir='ltr'><strong>quod</strong></span> <span class='ocrx_word' id='word_1_929' title='bbox 2039 4972 2303 5026; x_wconf 80' lang='lat' dir='ltr'><strong>carboth</strong></span> <span class='ocrx_word' id='word_1_930' title='bbox 2332 4970 2467 5040; x_wconf 80' lang='lat' dir='ltr'><strong>ignis</strong></span> <span class='ocrx_word' id='word_1_931' title='bbox 2494 4985 2777 5038; x_wconf 80' lang='lat' dir='ltr'><strong>congercs.</strong></span> <span class='ocrx_word' id='word_1_932' title='bbox 2810 4968 2904 5024; x_wconf 90' lang='lat' dir='ltr'><strong>sed</strong></span> <span class='ocrx_word' id='word_1_933' title='bbox 2934 4970 3094 5022; x_wconf 86' lang='lat' dir='ltr'><strong>etiam</strong></span> <span class='ocrx_word' id='word_1_934' title='bbox 3128 4970 3270 5024; x_wconf 78' lang='lat' dir='ltr'><strong>aliud</strong></span> <span class='ocrx_word' id='word_1_935' title='bbox 3302 4973 3473 5038; x_wconf 72' lang='lat' dir='ltr'><strong>majus</strong></span> 
     </span>
    </p>
   </div>
   <div class='ocr_carea' id='block_1_113' title="bbox 1873 5062 3474 5134">
    <p class='ocr_par' dir='ltr' id='par_1_113' title="bbox 1873 5062 3474 5134">
     <span class='ocr_line' id='line_1_113' title="bbox 1873 5062 3474 5134; baseline 0.001 -15"><span class='ocrx_word' id='word_1_936' title='bbox 1873 5066 2029 5119; x_wconf 72' lang='lat' dir='ltr'><strong>lico:</strong></span> <span class='ocrx_word' id='word_1_937' title='bbox 2079 5074 2283 5117; x_wconf 88' lang='lat' dir='ltr'><strong>tantum</strong></span> <span class='ocrx_word' id='word_1_938' title='bbox 2328 5063 2430 5117; x_wconf 86' lang='lat' dir='ltr'><strong>fac.</strong></span> <span class='ocrx_word' id='word_1_939' title='bbox 2473 5062 2598 5117; x_wconf 74' lang='lat' dir='ltr'><strong>[hcc</strong></span> <span class='ocrx_word' id='word_1_940' title='bbox 2631 5066 2773 5115; x_wconf 91' lang='lat' dir='ltr'><strong>enim</strong></span> <span class='ocrx_word' id='word_1_941' title='bbox 2812 5064 2991 5115; x_wconf 84' lang='lat' dir='ltr'><strong>omnia</strong></span> <span class='ocrx_word' id='word_1_942' title='bbox 3027 5075 3081 5115; x_wconf 91' lang='lat' dir='ltr'><strong>ut</strong></span> <span class='ocrx_word' id='word_1_943' title='bbox 3127 5074 3175 5118; x_wconf 93' lang='lat' dir='ltr'><strong>Ie</strong></span> <span class='ocrx_word' id='word_1_944' title='bbox 3217 5078 3474 5134; x_wconf 71' lang='lat' dir='ltr'><strong>provocet</strong></span> 
     </span>
    </p>
   </div>
   <div class='ocr_carea' id='block_1_114' title="bbox 1869 5158 3473 5225">
    <p class='ocr_par' dir='ltr' id='par_1_114' title="bbox 1869 5158 3473 5225">
     <span class='ocr_line' id='line_1_114' title="bbox 1869 5158 3473 5225; baseline 0.001 -13"><span class='ocrx_word' id='word_1_945' title='bbox 1869 5159 2063 5212; x_wconf 78' lang='lat' dir='ltr'><strong>l’aulus</strong></span> <span class='ocrx_word' id='word_1_946' title='bbox 2106 5158 2274 5219; x_wconf 87' lang='lat' dir='ltr'><strong>dicit,</strong></span> <span class='ocrx_word' id='word_1_947' title='bbox 2324 5160 2733 5224; x_wconf 81' lang='lat' dir='ltr'><strong>exspectatione</strong></span> <span class='ocrx_word' id='word_1_948' title='bbox 2781 5171 2954 5225; x_wconf 69' lang='lat' dir='ltr'><strong>ponite</strong></span> <span class='ocrx_word' id='word_1_949' title='bbox 2986 5158 3200 5211; x_wconf 83' lang='lat' dir='ltr'><strong>solvere</strong></span> <span class='ocrx_word' id='word_1_950' title='bbox 3240 5159 3473 5213; x_wconf 86' lang='lat' dir='ltr'><strong>inimici-</strong></span> 
     </span>
    </p>
   </div>
   <div class='ocr_carea' id='block_1_115' title="bbox 1868 5247 3473 5318">
    <p class='ocr_par' dir='ltr' id='par_1_115' title="bbox 1868 5247 3473 5318">
     <span class='ocr_line' id='line_1_115' title="bbox 1868 5247 3473 5318; baseline -0.003 -14"><span class='ocrx_word' id='word_1_951' title='bbox 1868 5253 2017 5305; x_wconf 88' lang='lat' dir='ltr'><strong>tiam.</strong></span> <span class='ocrx_word' id='word_1_952' title='bbox 2063 5250 2327 5318; x_wconf 87' lang='lat' dir='ltr'><strong>Quoniam</strong></span> <span class='ocrx_word' id='word_1_953' title='bbox 2362 5248 2513 5304; x_wconf 91' lang='lat' dir='ltr'><strong>fcrini</strong></span> <span class='ocrx_word' id='word_1_954' title='bbox 2548 5262 2753 5308; x_wconf 85' lang='lat' dir='ltr'><strong>smnus,</strong></span> <span class='ocrx_word' id='word_1_955' title='bbox 2788 5263 2961 5316; x_wconf 88' lang='lat' dir='ltr'><strong>neque</strong></span> <span class='ocrx_word' id='word_1_956' title='bbox 2991 5248 3149 5301; x_wconf 89' lang='lat' dir='ltr'><strong>aliter</strong></span> <span class='ocrx_word' id='word_1_957' title='bbox 3174 5247 3473 5304; x_wconf 72' lang='lat' dir='ltr'><strong>adducere-</strong></span> 
     </span>
    </p>
   </div>
   <div class='ocr_carea' id='block_1_116' title="bbox 1869 5337 3478 5407">
    <p class='ocr_par' dir='ltr' id='par_1_116' title="bbox 1869 5337 3478 5407">
     <span class='ocr_line' id='line_1_116' title="bbox 1869 5337 3478 5407; baseline 0.001 -13"><span class='ocrx_word' id='word_1_958' title='bbox 1869 5358 1988 5394; x_wconf 87' lang='lat' dir='ltr'><strong>tnur</strong></span> <span class='ocrx_word' id='word_1_959' title='bbox 2036 5340 2098 5393; x_wconf 87' lang='lat' dir='ltr'><strong>ad</strong></span> <span class='ocrx_word' id='word_1_960' title='bbox 2151 5340 2427 5392; x_wconf 87' lang='lat' dir='ltr'><strong>inimicum</strong></span> <span class='ocrx_word' id='word_1_961' title='bbox 2463 5337 2830 5406; x_wconf 85' lang='lat' dir='ltr'><strong>diligendum,</strong></span> <span class='ocrx_word' id='word_1_962' title='bbox 2879 5339 2977 5391; x_wconf 87' lang='lat' dir='ltr'><strong>nisi</strong></span> <span class='ocrx_word' id='word_1_963' title='bbox 3012 5340 3331 5407; x_wconf 86' lang='lat' dir='ltr'><strong>supplicium</strong></span> <span class='ocrx_word' id='word_1_964' title='bbox 3380 5360 3478 5398; x_wconf 73' lang='lat' dir='ltr'><strong>cv-</strong></span> 
     </span>
    </p>
   </div>
   <div class='ocr_carea' id='block_1_117' title="bbox 1868 5429 3471 5500">
    <p class='ocr_par' dir='ltr' id='par_1_117' title="bbox 1868 5429 3471 5500">
     <span class='ocr_line' id='line_1_117' title="bbox 1868 5429 3471 5500; baseline 0.001 -15"><span class='ocrx_word' id='word_1_965' title='bbox 1868 5443 2260 5500; x_wconf 74' lang='lat' dir='ltr'><strong>Spcctaretnus,</strong></span> <span class='ocrx_word' id='word_1_966' title='bbox 2286 5430 2435 5498; x_wconf 85' lang='lat' dir='ltr'><strong>quasi</strong></span> <span class='ocrx_word' id='word_1_967' title='bbox 2467 5430 2677 5482; x_wconf 86' lang='lat' dir='ltr'><strong>cuidam</strong></span> <span class='ocrx_word' id='word_1_968' title='bbox 2710 5430 2834 5481; x_wconf 85' lang='lat' dir='ltr'><strong>fer:e</strong></span> <span class='ocrx_word' id='word_1_969' title='bbox 2865 5429 3003 5483; x_wconf 88' lang='lat' dir='ltr'><strong>hanc</strong></span> <span class='ocrx_word' id='word_1_970' title='bbox 3034 5447 3265 5483; x_wconf 80' lang='lat' dir='ltr'><strong>massam</strong></span> <span class='ocrx_word' id='word_1_971' title='bbox 3292 5436 3471 5486; x_wconf 80' lang='lat' dir='ltr'><strong>tradit.</strong></span> 
     </span>
    </p>
   </div>
   <div class='ocr_carea' id='block_1_118' title="bbox 1870 5520 3477 5592">
    <p class='ocr_par' dir='ltr' id='par_1_118' title="bbox 1870 5520 3477 5592">
     <span class='ocr_line' id='line_1_118' title="bbox 1870 5520 3477 5592; baseline -0.001 -15"><span class='ocrx_word' id='word_1_972' title='bbox 1870 5524 1999 5579; x_wconf 70' lang='lat' dir='ltr'><strong>Nam</strong></span> <span class='ocrx_word' id='word_1_973' title='bbox 2032 5522 2296 5592; x_wconf 81' lang='lat' dir='ltr'><strong>apostolis</strong></span> <span class='ocrx_word' id='word_1_974' title='bbox 2332 5536 2436 5575; x_wconf 90' lang='lat' dir='ltr'><strong>non</strong></span> <span class='ocrx_word' id='word_1_975' title='bbox 2467 5520 2571 5575; x_wconf 90' lang='lat' dir='ltr'><strong>hoc</strong></span> <span class='ocrx_word' id='word_1_976' title='bbox 2597 5520 2844 5574; x_wconf 84' lang='lat' dir='ltr'><strong>Christus</strong></span> <span class='ocrx_word' id='word_1_977' title='bbox 2871 5522 3031 5581; x_wconf 87' lang='lat' dir='ltr'><strong>dicit,</strong></span> <span class='ocrx_word' id='word_1_978' title='bbox 3067 5524 3160 5574; x_wconf 86' lang='lat' dir='ltr'><strong>sed</strong></span> <span class='ocrx_word' id='word_1_979' title='bbox 3199 5524 3367 5590; x_wconf 86' lang='lat' dir='ltr'><strong>quid?</strong></span> <span class='ocrx_word' id='word_1_980' title='bbox 3406 5522 3477 5580; x_wconf 84' lang='lat' dir='ltr'><strong>Ut</strong></span> 
     </span>
    </p>
   </div>
   <div class='ocr_carea' id='block_1_119' title="bbox 1870 5613 3473 5684">
    <p class='ocr_par' dir='ltr' id='par_1_119' title="bbox 1870 5613 3473 5684">
     <span class='ocr_line' id='line_1_119' title="bbox 1870 5613 3473 5684; baseline -0.002 -15"><span class='ocrx_word' id='word_1_981' title='bbox 1870 5619 1976 5669; x_wconf 82' lang='lat' dir='ltr'><strong>suis</strong></span> <span class='ocrx_word' id='word_1_982' title='bbox 2003 5613 2192 5668; x_wconf 78' lang='lat' dir='ltr'><strong>similes</strong></span> <span class='ocrx_word' id='word_1_983' title='bbox 2227 5613 2371 5665; x_wconf 82' lang='lat' dir='ltr'><strong>Patri</strong></span> <span class='ocrx_word' id='word_1_984' title='bbox 2394 5623 2575 5674; x_wconf 79' lang='lat' dir='ltr'><strong>vestro,</strong></span> <span class='ocrx_word' id='word_1_985' title='bbox 2599 5613 2685 5681; x_wconf 84' lang='lat' dir='ltr'><strong>qui</strong></span> <span class='ocrx_word' id='word_1_986' title='bbox 2708 5624 2777 5667; x_wconf 82' lang='lat' dir='ltr'><strong>es!</strong></span> <span class='ocrx_word' id='word_1_987' title='bbox 2810 5614 2858 5666; x_wconf 87' lang='lat' dir='ltr'><strong>in</strong></span> <span class='ocrx_word' id='word_1_988' title='bbox 2879 5614 3014 5667; x_wconf 76' lang='lat' dir='ltr'><strong>cwlis</strong></span> <span class='ocrx_word' id='word_1_989' title='bbox 3046 5614 3257 5684; x_wconf 53' lang='lat' dir='ltr'><strong>(tl/mlh.</strong></span> <span class='ocrx_word' id='word_1_990' title='bbox 3283 5615 3337 5670; x_wconf 87' lang='lat'><strong>5.</strong></span> <span class='ocrx_word' id='word_1_991' title='bbox 3357 5619 3473 5683; x_wconf 64' lang='grc'><strong>45).</strong></span> 
     </span>
    </p>
   </div>
   <div class='ocr_carea' id='block_1_120' title="bbox 1871 5704 3480 5776">
    <p class='ocr_par' dir='ltr' id='par_1_120' title="bbox 1871 5704 3480 5776">
     <span class='ocr_line' id='line_1_120' title="bbox 1871 5704 3480 5776; baseline 0.002 -17"><span class='ocrx_word' id='word_1_992' title='bbox 1871 5705 2120 5776; x_wconf 80' lang='lat' dir='ltr'><strong>Alioquin</strong></span> <span class='ocrx_word' id='word_1_993' title='bbox 2148 5720 2273 5758; x_wconf 89' lang='lat' dir='ltr'><strong>vero</strong></span> <span class='ocrx_word' id='word_1_994' title='bbox 2298 5704 2411 5758; x_wconf 84' lang='lat' dir='ltr'><strong>fieri</strong></span> <span class='ocrx_word' id='word_1_995' title='bbox 2439 5720 2543 5759; x_wconf 91' lang='lat' dir='ltr'><strong>non</strong></span> <span class='ocrx_word' id='word_1_996' title='bbox 2570 5715 2765 5773; x_wconf 83' lang='lat' dir='ltr'><strong>potest,</strong></span> <span class='ocrx_word' id='word_1_997' title='bbox 2793 5714 2849 5757; x_wconf 89' lang='lat' dir='ltr'><strong>nt</strong></span> <span class='ocrx_word' id='word_1_998' title='bbox 2874 5707 2962 5775; x_wconf 88' lang='lat' dir='ltr'><strong>qui</strong></span> <span class='ocrx_word' id='word_1_999' title='bbox 2988 5706 3244 5760; x_wconf 70' lang='lat' dir='ltr'><strong>benefit-ia</strong></span> <span class='ocrx_word' id='word_1_1000' title='bbox 3272 5711 3407 5762; x_wconf 62' lang='lat' dir='ltr'><strong>cont}</strong></span> <span class='ocrx_word' id='word_1_1001' title='bbox 3434 5724 3480 5767; x_wconf 89' lang='lat' dir='ltr'><strong>rt</strong></span> 
     </span>
    </p>
   </div>
   <div class='ocr_carea' id='block_1_121' title="bbox 1873 5798 3473 5870">
    <p class='ocr_par' dir='ltr' id='par_1_121' title="bbox 1873 5798 3473 5870">
     <span class='ocr_line' id='line_1_121' title="bbox 1873 5798 3473 5870; baseline 0.003 -19"><span class='ocrx_word' id='word_1_1002' title='bbox 1873 5812 1923 5852; x_wconf 80' lang='lat' dir='ltr'><strong>et</strong></span> <span class='ocrx_word' id='word_1_1003' title='bbox 1955 5814 2042 5868; x_wconf 86' lang='lat' dir='ltr'><strong>qut</strong></span> <span class='ocrx_word' id='word_1_1004' title='bbox 2077 5798 2306 5868; x_wconf 83' lang='lat' dir='ltr'><strong>accipit,</strong></span> <span class='ocrx_word' id='word_1_1005' title='bbox 2340 5808 2589 5852; x_wconf 83' lang='lat' dir='ltr'><strong>maneant</strong></span> <span class='ocrx_word' id='word_1_1006' title='bbox 2638 5800 2858 5850; x_wconf 61' lang='lat' dir='ltr'><strong>inimici.</strong></span> <span class='ocrx_word' id='word_1_1007' title='bbox 2896 5800 3097 5853; x_wconf 72' lang='lat' dir='ltr'><strong>ldrircn</strong></span> <span class='ocrx_word' id='word_1_1008' title='bbox 3128 5800 3241 5855; x_wconf 67' lang='lat' dir='ltr'><strong>hn&#39;c</strong></span> <span class='ocrx_word' id='word_1_1009' title='bbox 3279 5803 3473 5870; x_wconf 68' lang='lat' dir='ltr'><strong>posuit.</strong></span> 
     </span>
    </p>
   </div>
  </div>
