4094 6336
664 375 759 428 551

666 486 775 541 Cur
832 484 957 538 dum
1014 479 1192 535 verbis
1245 470 1671 547 philosopharis,
1734 467 1785 518 in
1829 476 1992 532 opere
2034 461 2249 512 modum

670 591 775 630 non
805 573 1026 628 servas?
1069 571 1246 630 Bene,
1288 582 1393 620 non
1437 562 1606 631 pascis
1647 558 1792 611 illum
1818 594 1833 616 ,
1879 569 1945 607 ne
1990 552 2250 605 carbones

671 667 805 735 ignis
835 675 1094 731 congeras
1125 678 1137 710 :
1173 671 1301 726 ergo
1332 652 1541 724 pari-is?
1571 663 1700 715 ergo
1726 646 1937 713 diligis,
1969 651 2023 696 et
2064 655 2128 693 ex
2158 637 2249 735 tali

665 730 832 826 scopo.
871 730 972 808 hoc
1013 750 1187 805 facis?
1229 749 1341 803 Scit
1381 747 1556 807 Deus,
1603 748 1779 794 utrum
1827 735 1914 826 tali
1959 746 2122 801 scopo
2169 730 2250 826 di-

669 822 794 901 ras:
836 854 981 899 certe
1026 841 1163 911 apud
1212 854 1310 893 nos
1350 834 1643 905 sephistam
1692 828 1827 898 agis.
1872 825 2063 879 Curam
2107 822 2250 889 geris

666 939 890 1000 inimici,
914 946 967 990 et
996 936 1149 989 times
1178 946 1244 986 ne
1272 925 1559 999 puniatur?
1583 924 1721 992 lirgo
1750 921 1880 973 iram
1903 912 2203 971 exsiinxisti
2231 928 2245 964 :

665 1030 753 1097 qui
788 1029 930 1081 enim
961 1028 1038 1079 sic
1064 1023 1252 1091 diligit,
1287 1028 1341 1074 ut
1371 1019 1487 1087 ejus
1517 1014 1797 1070 utilitatem
1824 1023 1934 1063 sua:
1961 1002 2213 1097 prail'erat

668 1094 773 1174 non
805 1120 961 1172 habet
999 1115 1291 1170 inimicum.
1327 1110 1438 1164 [loc
1482 1108 1662 1161 dicere
1703 1099 1914 1172 possis:
1964 1094 2249 1162 Usquequo

668 1211 909 1264 Indemus
936 1210 985 1260 in
1014 1205 1174 1261 rebus
1207 1219 1315 1258 non
1348 1200 1568 1255 ludicris
1592 1205 1647 1251 et
1674 1194 1881 1248 veniam
1912 1203 2015 1241 non
2048 1183 2249 1237 haben-

668 1301 842 1355 tilins?
883 1299 1220 1366 Quapropter
1266 1308 1395 1363 rogo
1426 1287 1854 1363 [fraternitatem
1886 1286 2119 1333 nostrain
2168 1271 2247 1322 di—

1437 358 1493 413 S.
1535 350 1809 411 JDANNIS
1833 341 2302 403 CHRYSOSTOMI
2345 337 2662 394 AllClllEP.
2699 333 3229 391 CONSTANTINOP.

3842 331 3948 387 ‘55!

2359 462 2545 509 lectam
2577 469 2606 507 a
2638 454 2860 507 Domino
2879 454 2988 507 Deo
3004 462 3056 507 et
3071 452 3344 507 Salvatore
3360 459 3544 504 nostro
3557 448 3688 504 Jesu
3704 445 3919 503 Christo
3933 495 3949 516 ,

2356 561 2453 602 oro
2479 558 2532 599 et
2557 545 2780 598 obsecro
2808 558 2902 598 vos
2946 584 2960 606 .
3003 546 3254 597 ohlentns
3283 540 3583 610 hujusmodi
3629 539 3947 594 rescinden-

2358 648 2458 697 tes,
2485 652 2551 690 ne
2575 644 2983 690 contemnamus
3012 634 3156 704 leges
3186 633 3276 686 Dei
3303 631 3511 704 [neque
3535 640 3805 702 prmcepta
3831 632 3948 702 ejus

2354 726 2731 799 speriiamus],
2768 737 2822 781 nt
2856 727 3126 796 possimus
3156 726 3382 780 Domino
3407 726 3678 794 placentes
3707 740 3947 795 pratsen-

2357 828 2461 873 tein
2494 819 2652 872 vitam
2684 818 2979 887 transigere
3002 857 3019 883 ,
3065 827 3120 871 et
3162 819 3424 886 promissa
3462 818 3718 887 consequi
3764 817 3941 881 bona,

2353 909 2521 977 gratia
2550 918 2605 963 et
2630 908 2959 977 benignitate
2992 908 3201 961 Domini
3228 907 3396 960 nostri
3421 906 3546 961 Jcsu
3574 907 3794 972 Christi,
3825 908 3946 976 qui-

2353 1017 2473 1053 cum
2502 1000 2641 1053 Patri
2672 999 2862 1069 gloria,
2888 998 3191 1067 imperium,
3211 998 3405 1063 honor,
3431 1013 3551 1052 cum
3574 1000 3942 1063 sanctissimo,

2354 1090 2496 1143 bono
2522 1100 2575 1144 et
2602 1090 2811 1144 viviﬁco
2837 1089 3059 1158 Spiritu,
3092 1102 3235 1143 nunc
3260 1098 3316 1143 et
3345 1104 3559 1160 semper
3584 1131 3600 1155 ,
3641 1099 3696 1145 et
3740 1090 3794 1143 in
3839 1104 3941 1144 ςτ-

2353 1182 2471 1233 cnla
2518 1180 2857 1234 surculorum.
2910 1181 3097 1235 Amen.

672 1424 913 1434 Μ’*
968 1454 971 1457 ·
2081 1447 2414 1515 HOMILIA
2462 1447 2560 1506 LI.

663 1624 791 1681 Cir.
848 1625 936 1679 9.4.
989 1642 1039 1678 v.
1084 1623 1171 1678 22.
1208 1620 1416 1675 Distulit
1470 1626 1636 1670 autem
1682 1614 1798 1666 illos
1841 1606 2030 1666 Felix,
2076 1599 2247 1654 certis-

732 1720 857 1772 sime
884 1719 1042 1770 sciens
1068 1717 1130 1768 de
1154 1715 1232 1767 via
1253 1714 1347 1765 hac
1373 1754 1386 1775 ,
1415 1711 1582 1762 dicens
1606 1723 1625 1761 :
1651 1704 1779 1758 Cum
1806 1700 1986 1770 Lysias
2018 1695 2245 1748 tribunus

733 1807 1081 1871 descenderit,
1133 1807 1427 1875 dignoscam
1473 1816 1552 1853 res
1598 1806 1807 1851 vestras.
1854 1791 1944 1846 23.
1992 1787 2249 1885 Iussitque

734 1898 1078 1953 centurionem
1123 1894 1373 1948 custodire
1421 1890 1682 1951 Paulum,
1728 1885 1988 1954 ipsumque
2032 1891 2248 1943 requnun

736 1994 915 2044 habere
940 2032 953 2050 ,
997 1989 1338 2054 neminemque
1368 1980 1697 2051 familiarium
1724 1971 1975 2045 prohiberi
2001 2011 2017 2033 ,
2055 1966 2242 2033 quomi-

738 2098 834 2133 nus
858 2080 1161 2133 ministraret
1188 2077 1232 2129 ei
1257 2116 1272 2141 ,
1303 2074 1377 2126 vel
1401 2070 1659 2124 accederet
1685 2067 1751 2119 ad
1780 2080 1912 2118 eum.

738 2176 788 2226 l.
853 2172 985 2225 Vide
1033 2152 1226 2241 quanta
1278 2167 1368 2220 ﬁat
1414 2162 1694 2234 probatio,
1742 2158 1916 2228 primo
1954 2152 2167 2223 quidem
2218 2166 2245 2201 ιι

665 2265 846 2319 multis
870 2306 884 2327 ,
913 2261 1109 2316 deinde
1141 2260 1306 2313 multo
1332 2266 1574 2324 tempore
1598 2293 1615 2319 ,
1647 2260 1706 2304 ut
1732 2265 1798 2303 ne
1826 2246 1929 2301 dici
1963 2252 2141 2314 posset
2160 2241 2246 2308 ju-

665 2357 860 2409 dii-ium
885 2354 1077 2423 raptim
1104 2354 1296 2405 factum
1326 2348 1509 2401 fuisse.
1532 2344 1665 2411 Quia
1693 2340 1835 2395 enim
1863 2342 2247 2391 memoraverat

668 2448 876 2517 Lysiam
908 2453 1090 2499 orator
1114 2486 1127 2507 ,
1158 2442 1341 2495 dicens
1372 2439 1515 2491 illum
1564 2434 1615 2488 vi
1661 2431 1943 2486 abduxisse
1986 2428 2202 2480 Paulum
2230 2467 2243 2488 ,

666 2549 959 2604 opportune
986 2534 1163 2588 subdit
1188 2532 1378 2587 Felicis
1408 2529 1569 2583 verba
1591 2568 1604 2592 ,
1632 2536 1685 2579 et
1711 2526 1785 2577 ait
1810 2542 1824 2577 :
1854 2520 2058 2574 Distulit
2082 2526 2248 2568 autem

666 2631 779 2681 illos
815 2629 960 2680 l-‘rh'r
985 2669 997 2688 ,
1033 2624 1306 2678 certissime
1332 2622 1492 2675 sciens
1518 2618 1580 2670 de
1609 2617 1688 2669 ria
1714 2616 1845 2677 hac;
1878 2611 1927 2664 id
1959 2620 2034 2661 est
2066 2649 2079 2671 ,
2109 2617 2246 2659 teni-

668 2719 866 2787 pestii-e
900 2717 1137 2775 remisit;
1192 2730 1294 2767 non
1336 2726 1471 2781 opus
1516 2709 1719 2761 habens
1765 2705 2009 2763 discere,

666 2810 938 2879 repelleret
973 2807 1207 2861 Judaios.
1256 2804 1527 2857 Diinitterc
1559 2808 1777 2868 propter
1818 2796 1935 2849 illos
1994 2791 2243 2853 nolebat;

668 2901 854 2968 punire
904 2914 1008 2952 non
1065 2905 1311 2966 poterat;
1361 2892 1642 2961 impudens
1678 2888 1817 2942 enim
1866 2885 2068 2937 luisset.
2126 2880 2245 2933 ideo

666 2990 837 3044 dill'ert
864 3032 879 3054 ,
906 2990 1089 3043 dicens
1120 3007 1131 3041 :
1162 2987 1286 3039 Cum
1320 2984 1495 3053 Lysias
1528 2982 1757 3034 tribunus
1785 2975 2093 3030 descenderit
2122 3014 2134 3029 .
2163 2973 2243 3023 di—

666 3084 901 3151 gnoscam
935 3098 1012 3132 res
1060 3088 1266 3131 vestras.
1313 3075 1572 3142 Jussitque
1614 3071 1951 3124 centurionem
1996 3064 2248 3117 custodire

674 3172 891 3225 Paulam
917 3213 929 3233 ,
958 3173 1219 3237 ipsumque
1245 3168 1461 3230 requiem
1487 3165 1667 3216 habere
1689 3204 1701 3223 ,
1730 3161 2070 3226 neminemque
2093 3155 2243 3225 {arni-

673 3264 871 3316 liarium
901 3260 1153 3330 pro/uberi
1177 3301 1191 3322 ,
1219 3260 1485 3321 quominus
1514 3254 1813 3306 ministraret
1854 3250 1932 3311 ei,
1984 3249 2056 3300 vel
2100 3263 2245 3298 acce-

668 3356 803 3405 deret
831 3354 896 3404 ad
927 3368 1056 3404 cum.
1112 3349 1344 3418 Requiem
1394 3346 1611 3407 habere,
1661 3341 1847 3410 inquit.
1896 3338 1982 3392 Sic
2024 3338 2169 3390 illum
2214 3350 2241 3386 a

665 3444 975 3499 criminibus
1008 3444 1232 3494 liberum
1266 3439 1488 3507 juilicat.
1520 3437 1628 3490 Cur
1673 3448 1800 3503 ergo
1837 3432 2039 3486 detinet
2079 3445 2199 3482 eum
2222 3429 2245 3477 2’

665 3536 720 3589 ιιι
747 3536 1048 3589 Jiida-oruin
1078 3533 1299 3603 gratiam
1326 3573 1340 3595 ,
1372 3531 1452 3583 vel
1484 3530 1641 3583 etiam
1666 3541 1888 3594 sperans
1909 3540 1967 3577 se
1996 3523 2244 3590 pecunias

663 3636 999 3695 accepturum
1033 3640 1173 3678 esse.
1211 3622 1410 3675 Idcirco
1443 3619 1662 3673 Paulum
1695 3626 1921 3677 evocat;
1967 3612 2104 3683 quod
2147 3628 2243 3663 aii-

670 3731 773 3770 lem
802 3716 919 3769 ideo
948 3716 1250 3769 cvoeavcrit
1270 3754 1285 3778 ,
1318 3712 1514 3765 iudicat
1536 3709 1687 3761 uobis
1715 3709 1984 3774 scriptor,
2019 3703 2241 3771 subjun-

663 3824 793 3877 gens
819 3821 879 3859 ac
909 3807 1134 3859 dicens:
1167 3804 1258 3858 2i.
1298 3803 1415 3854 Post
1457 3803 1645 3869 aliquot
1685 3810 1850 3851 autem
1900 3798 2005 3849 dies
2047 3795 2246 3847 ueniens

668 3898 817 3951 Felix
847 3914 958 3948 cum
994 3894 1217 3947 Drusilla
1246 3911 1398 3946 uxore
1425 3910 1514 3943 sua
1537 3933 1550 3953 ,
1581 3906 1692 3959 qua:
1719 3899 1824 3941 erat
1850 3888 2031 3939 Juda'a
2057 3926 2069 3947 ,
2104 3902 2246 3937 voca-

663 3992 730 4042 rit
764 3988 982 4041 Paulum
1008 4031 1023 4053 ,
1053 3998 1099 4041 et
1130 3988 1317 4040 audivit
1343 3986 1403 4038 ab
1433 4002 1488 4037 eo
1516 3985 1666 4052 [idem
1693 4026 1705 4046 ,
1735 3998 1847 4050 quw
1884 3992 1953 4034 est
1998 3982 2049 4032 in
2096 3978 2246 4031 Chri-

659 4092 791 4134 stum
817 4079 1011 4134 Jesum.
1043 4080 1133 4133 25.
1181 4078 1483 4148 Disputantc
1527 4088 1692 4128 au'em
1732 4073 1821 4126 illo
1866 4073 1927 4125 de
1964 4071 2164 4142 justitia
2199 4080 2246 4122 et

662 4175 889 4226 castitate
912 4182 958 4225 et
978 4174 1039 4225 de
1060 4172 1258 4242 judicio
1284 4172 1453 4237 futuro
1474 4213 1487 4231 ,
1515 4167 1833 4236 tremefactus
1864 4164 2013 4217 Felix
2034 4180 2245 4232 respon-

666 4267 737 4317 dit
764 4283 782 4319 :
812 4266 959 4328 Quod
985 4282 1117 4317 nunc
1146 4267 1353 4323 attinet,
1385 4262 1545 4325 vade;
1592 4271 1814 4327 tempore
1848 4269 2015 4310 autem
2055 4273 2243 4326 oppor-

668 4368 788 4409 tuno
819 4372 1067 4408 aerei-son
1094 4365 1139 4406 te
1168 4370 1184 4405 :
1210 4353 1299 4406 26.
1324 4352 1472 4404 simul
1497 4366 1706 4419 sperans
1729 4354 1834 4419 fore
1856 4359 1907 4399 ut
1935 4349 2145 4416 pecunia
2172 4347 2248 4399 illi

667 4450 875 4499 duretur
900 4464 930 4498 a
963 4446 1126 4499 Paulo
1158 4457 1210 4497 ut
1239 4446 1447 4497 soli-erct
1477 4460 1588 4494 eum
1619 4457 1637 4493 :
1670 4449 1873 4510 propter
1910 4439 2044 4509 quod
2074 4447 2118 4489 et
2144 4441 2247 4499 fre-

664 4550 867 4606 quenter
894 4554 1149 4591 accersens
1174 4552 1285 4589 eum
1310 4577 1323 4601 ,
1349 4534 1639 4604 loquebatur
1678 4548 1790 4584 cum
1831 4547 1907 4585 eo.
1955 4530 2087 4584 Vide
2114 4545 2243 4597 quo-

669 4629 828 4682 modo
872 4645 990 4696 qua}
1031 4629 1226 4697 scripta
1274 4637 1434 4692 sunt,
1480 4628 1758 4679 veritatem
1802 4642 1909 4693 pra:
1958 4640 2015 4677 se
2056 4624 2244 4678 lerant.

672 4722 991 4775 Accerscliat
1032 4736 1151 4773 cum
1203 4720 1548 4789 frequenter,
1600 4733 1705 4771 non
1749 4717 2019 4771 admirans
2064 4717 2244 4777 illiilli,

666 4827 833 4878 neque
865 4812 1001 4863 dicta
1039 4810 1298 4875 laudans,
1344 4826 1441 4864 nec
1486 4811 1625 4879 quod
1665 4809 1825 4862 vellet
1856 4808 2111 4869 credere;
2155 4807 2245 4860 sed

666 4900 839 4968 quid?
869 4900 1216 4969 Exspectans,
1253 4902 1420 4967 inquit
1447 4942 1461 4965 ,
1499 4911 1549 4952 ut
1586 4903 1809 4967 pecunia:
1853 4900 1946 4951 sibi
1985 4901 2244 4951 darentur.

667 4991 799 5045 Vide
831 4992 1098 5059 quomodo
1131 5008 1233 5045 non
1265 4993 1495 5045 occultct
1545 4993 1628 5045 hic
1667 4993 1858 5061 judicis
1902 4992 2244 5047 sententiam.

665 5083 825 5152 Atqui
856 5085 898 5136 si
921 5085 1227 5137 damnasset
1259 5126 1272 5147 ,
1303 5100 1407 5137 non
1438 5083 1538 5137 hoc
1566 5083 1777 5137 iecisset
1803 5125 1817 5146 ,
1850 5100 2021 5153 neque
2047 5084 2247 5136 voluis-

666 5183 747 5228 sct
778 5174 965 5226 audire
990 5172 1300 5226 damnatum
1328 5184 1379 5225 et
1408 5174 1711 5227 scelestum.
1747 5172 1813 5226 Et
1841 5173 1958 5229 vide
1991 5174 2208 5225 Paulum

666 5276 762 5317 etsi
795 5280 913 5317 cum
948 5264 1186 5333 principe
1232 5266 1567 5332 loquentem,
1618 5265 1745 5319 nihil
1794 5280 1977 5319 eorum
2027 5265 2245 5329 dicere,

667 5370 784 5421 qua:
811 5354 1127 5409 videbantur
1157 5373 1314 5423 poSse
1356 5358 1589 5409 animum
1623 5358 1737 5423 ejus
1773 5356 2115 5419 demulcere;
2155 5357 2247 5410 sed

672 5462 790 5512 qua:
821 5444 963 5497 illum
995 5447 1269 5499 terrebunt
1292 5488 1305 5507 ,
1339 5448 1559 5517 ejusque
1592 5458 1823 5502 mentem
1850 5450 2244 5502 concutiebant.

674 5537 947 5604 Disputans
974 5578 987 5598 ,
1017 5538 1187 5607 inquit
1211 5581 1225 5603 ,
1255 5540 1317 5593 de
1336 5541 1539 5609 justitia
1565 5583 1578 5603 ,
1611 5542 1672 5594 de
1697 5542 1924 5592 castitate
1948 5553 1992 5593 et
2021 5543 2081 5593 de
2105 5543 2247 5600 judi-

672 5627 746 5679 cio
772 5627 963 5692 futuro.
988 5625 1336 5697 Tremefactus
1365 5639 1435 5682 est
1465 5628 1633 5682 Felix.
1665 5630 1829 5683 Tanta
1863 5631 1939 5683 vis
1961 5641 2071 5683 eial
2103 5632 2245 5684 l‘auli

673 5718 993 5783 verborum,
1030 5728 1086 5772 ιιι
1116 5720 1405 5788 principem
1451 5730 1732 5775 terrerent.
1784 5722 1843 5773 lit
1900 5721 1985 5775 hic
2032 5724 2245 5791 quidem

674 5825 1046 5867 bttt‘ts‘sbtil‘t‘nt
1084 5814 1317 5882 aci‘ipit,
1377 5823 1429 5867 ct
1478 5814 1613 5869 hunc
1675 5815 1903 5869 vinctum
1963 5818 2239 5886 relinquit,

2054 2701 2146 2752 scd
2194 2709 2249 2751 ιιι
2288 2700 2303 2723 ί

2354 1589 2595 1658 quamvis
2625 1604 2730 1643 non
2761 1590 3078 1659 oportebat,
3110 1599 3165 1645 et
3211 1590 3334 1646 linis
3380 1594 3735 1662 imponendus
3782 1606 3947 1661 erat;

2353 1680 2447 1733 sed
2478 1681 2567 1735 ille
2595 1681 2646 1734 in
2672 1681 2977 1736 Iuda-orum
3006 1663 3226 1752 gratiam
3253 1686 3470 1755 reliquit
3495 1687 3663 1740 illum.
3698 1687 3777 1741 llli
3811 1704 3950 1743 vero

2353 1772 2429 1824 sic
2472 1773 2772 1841 urgebant,
2826 1783 2882 1827 ιιι
2928 1775 3117 1828 iterum
3173 1773 3311 1843 apud
3359 1775 3592 1845 judicem
3643 1780 3948 1845 instarent;

2353 1863 2595 1931 quamvis
2613 1863 2749 1931 apud
2781 1865 2983 1917 nullum
3016 1880 3262 1935 umquam
3288 1867 3654 1934 apostolorum
3685 1869 3760 1921 sic
3793 1886 3954 1923 urse-

2355 1956 2498 2018 rint,
2529 1954 2621 2008 sed
2658 1966 2935 2024 postquam
2967 1958 3018 2009 in
3050 1958 3171 2011 illos
3201 1959 3569 2023 incesserant,
3612 1961 3950 2016 destiterint.

2354 2043 2427 2097 lta
2460 2046 2725 2112 provisum
2754 2057 2876 2113 est,
2907 2058 2962 2101 ut
2991 2050 3320 2119 .lerosiilyma
3354 2050 3633 2105 recederet
3662 2094 3672 2113 ,
3705 2070 3827 2107 cum
3867 2067 3952 2109 ta-

2355 2140 2490 2192 lilius
2523 2140 2646 2192 leris
2675 2140 2956 2195 decertans
2984 2158 2997 2203 ;
3027 2151 3080 2195 et
3112 2154 3285 2197 tamen
3339 2142 3411 2195 illi
3449 2154 3638 2214 rogant
3674 2146 3849 2215 ipsum
3884 2165 3954 2202 eo

2352 2230 2542 2283 adduci
2588 2232 2954 2299 ju‘lieandum.
3005 2233 3109 2287 Sed
3160 2234 3246 2288 hie
3291 2251 3503 2289 rursum
3547 2239 3794 2307 apparuit
3853 2240 3951 2294 Dei

2355 2324 2681 2389 providentia
2714 2364 2729 2387 ,
2764 2325 2850 2391 qui
2902 2325 2952 2377 id
2987 2324 3223 2394 judicem
3274 2325 3453 2381 facere
3497 2344 3602 2381 non
3650 2331 3899 2398 permisit
3935 2349 3950 2386 :

2354 2412 2643 2468 ierisiinile
2688 2426 2834 2467 certe
2881 2424 2994 2468 erat
3038 2417 3208 2485 ipsum
3260 2433 3427 2485 nuper
3470 2418 3534 2470 ad
3586 2422 3951 2489 principatum

2350 2516 2591 2557 evectum
2617 2546 2629 2563 ,
2666 2505 2715 2558 id
2745 2506 3008 2559 facturum
3040 2508 3091 2561 in
3121 2508 3331 2562 illorum
3373 2513 3599 2580 gratiam
3643 2529 3804 2578 esse;
3852 2516 3950 2568 sed

2354 2610 2456 2646 non
2488 2595 2736 2647 eoin-edit
2771 2596 2930 2649 Deus.
2980 2596 3267 2666 Postquam
3301 2609 3478 2653 autem
3510 2602 3905 2658 descenderant
3934 2648 3952 2673 ,

2355 2687 2712 2752 impudentius
2743 2698 2798 2742 et
2829 2689 3193 2743 vehementius
3222 2698 3592 2748 accusationes
3626 2697 3896 2752 intentant
3930 2720 3944 2754 :

2350 2794 2577 2856 cumque
2605 2797 2707 2833 non
2745 2794 2959 2849 possent
2994 2784 3141 2837 illum
3170 2802 3232 2838 ex
3268 2787 3524 2855 legal.hus
3554 2805 3749 2858 capere
3775 2835 3790 2857 ,
3824 2810 3948 2847 rur-

2350 2888 2441 2926 sus
2470 2889 2564 2941 pro
2592 2888 2739 2926 more
2767 2891 2865 2927 suo
2894 2874 3159 2929 Cic-sarem
3194 2879 3488 2945 inducunt,
3520 2893 3575 2933 ut
3602 2882 3821 2937 Christo
3852 2887 3953 2940 oh-

2345 2964 2609 3030 jecernnt.
2639 2965 2855 3019 Paulum
2887 2967 3029 3020 enim
3054 2983 3112 3020 se
3143 2968 3434 3024 defendere
3463 2974 3528 3026 de
3558 2974 3790 3043 objectis
3817 2994 3954 3032 cnn-

2353 3066 2429 3108 ti-a
2492 3058 2759 3111 Cursarem
2821 3061 3093 3129 peccatis,
3157 3062 3327 3129 palam
3397 3075 3547 3129 erat,
3623 3070 3768 3123 unde
3832 3071 3952 3128 huic

2351 3146 2630 3201 declarans
2656 3150 2826 3216 pergit
2858 3167 2870 3201 :
2903 3149 2992 3202 27.
3025 3149 3238 3203 Biennio
3266 3164 3432 3205 autem
3465 3155 3661 3223 expleto
3681 3201 3697 3224 ,
3749 3166 3953 3234 accepit

2350 3255 2680 3293 successorem
2738 3240 2891 3294 Felix
2945 3241 3186 3295 Porcium
3244 3243 3473 3298 Festum.
3536 3246 3720 3302 Valens
3775 3266 3951 3310 autem

2350 3335 2565 3400 gratiam
2597 3346 2837 3400 priestare
2858 3333 3057 3390 Iuda-is
3088 3337 3235 3391 Felix
3259 3382 3272 3404 ,
3317 3342 3519 3409 reliquit
3563 3342 3791 3399 Paulum
3832 3351 3949 3402 vin-

2349 3433 2501 3475 ctum.
2538 3423 2686 3491 (Cap.
2717 3425 2839 3500 25.)
2885 3428 2933 3479 1.
2987 3427 3167 3482 Festus
3209 3447 3325 3499 ergo
3364 3445 3597 3501 suscepta
3639 3440 3905 3505 prouincia
3930 3483 3947 3504 ,

2354 3528 2459 3576 post
2491 3518 2712 3569 triduum
2758 3521 2980 3572 ascendit
3024 3520 3254 3575 (Imsarca
3284 3522 3678 3595 Jerosolymam.
3706 3529 3763 3583 9..
3790 3531 3952 3586 Adic-

2350 3622 2562 3677 runtque
2592 3610 2735 3663 illum
2763 3613 3013 3681 principes
3039 3616 3356 3667 sacerdotum
3386 3627 3434 3669 et
3462 3620 3612 3685 primi
3637 3619 3948 3679 Judteorum

2348 3704 2588 3757 adversus
2640 3703 2897 3769 Paulum,
2941 3716 2999 3758 ct‘
3035 3707 3278 3775 rogabant
3327 3726 3477 3770 eum;
3525 3713 3578 3764 5.
3625 3716 3951 3780 postulantes

2350 3798 2567 3863 gratiam
2594 3798 2835 3850 adversus
2864 3814 2975 3849 eum
2994 3842 3006 3860 ,
3036 3808 3091 3850 ut
3108 3800 3308 3868 jubere!
3338 3802 3543 3865 perduci
3569 3821 3682 3856 eum
3711 3806 3763 3858 in
3791 3806 3951 3861 Jeruo

2350 3887 2505 3939 salem
2530 3928 2543 3951 ,
2580 3889 2789 3941 insidias
2818 3890 3073 3943 tendentes
3115 3900 3167 3942 ut
3199 3893 3534 3959 interficerent
3580 3914 3691 3949 eum
3738 3899 3790 3951 in
3839 3904 3945 3958 cia.

2353 3982 2405 4033 Ιι.
2442 3980 2621 4033 Festus
2653 3999 2765 4034 ιγτο
2796 3984 3051 4050 respondit
3078 4026 3091 4047 ,
3124 3994 3176 4036 ut
3204 3998 3489 4038 servaretur
3514 3992 3714 4055 quidem
3748 3990 3952 4048 Paulus

2350 4071 2594 4126 Cursarem
2617 4114 2630 4137 ,
2661 4092 2713 4125 se
2740 4090 2851 4126 vero
2879 4075 3010 4126 brevi
3046 4075 3138 4127 illo
3177 4078 3541 4145 profecturmn.
3582 4082 3633 4135 5.
3681 4082 3785 4145 Qui
3830 4102 3949 4139 tero

2349 4164 2479 4216 inter
2502 4180 2586 4215 vos
2613 4206 2624 4223 ,
2659 4165 2821 4231 inquit
2854 4206 2868 4226 ,
2905 4175 3127 4232 potentes
3151 4178 3266 4218 sunt
3292 4208 3306 4228 ,
3352 4169 3703 4223 descendentes
3744 4175 3905 4228 simul
3931 4221 3945 4241 ,

2351 4254 2391 4304 si
2422 4254 2554 4320 quod
2580 4264 2650 4306 est
2675 4256 2897 4317 crimen,
2928 4266 3159 4307 accusent
3185 4272 3317 4310 eum.
3361 4258 3416 4312 6.
3450 4259 3749 4317 Demaratus
3772 4277 3947 4321 autem

2352 4343 2481 4395 inter
2501 4359 2583 4395 eos
2606 4344 2779 4395 diebus
2802 4343 2917 4412 plus
2943 4361 3091 4413 quam
3117 4348 3284 4399 decem
3310 4388 3324 4411 ,
3349 4348 3601 4403 descendit
3623 4351 3912 4411 Ctvsaream
3930 4401 3945 4422 ,

2354 4448 2397 4489 et
2429 4447 2625 4501 postero
2667 4438 2749 4489 die
2790 4438 2917 4497 sedit
2960 4454 3053 4507 pro
3096 4438 3378 4507 tribunali,
3410 4444 3665 4513 jussitquc
3713 4445 3947 4503 Paulum

2352 4529 2558 4580 adduci.
2596 4530 2645 4582 7.
2681 4529 2780 4594 Qui
2818 4547 2931 4581 cum
2978 4530 3249 4590 perductus
3296 4544 3455 4599 esset,
3504 4538 3947 4595 circumsteterunt

2353 4638 2463 4671 eum
2490 4661 2504 4683 ,
2533 4622 2621 4689 qui
2650 4638 2681 4672 a
2708 4619 2995 4673 Jerusalem
3026 4623 3384 4677 descenderant
3408 4626 3579 4685 Judtei
3599 4670 3613 4695 ,
3664 4630 3853 4684 multas
3902 4648 3946 4686 cl

2352 4731 2527 4783 graves
2574 4731 2755 4767 causas
2802 4713 3091 4782 obiiciente:
3130 4714 3301 4769 Paulo
3328 4757 3341 4776 ,
3397 4735 3521 4786 quas
3560 4736 3661 4773 non
3710 4734 3947 4789 poterant

2354 4806 2565 4873 probare
2590 4822 2607 4858 :
2630 4806 2681 4859 8.
2716 4805 2880 4858 Paulo
2907 4807 3153 4859 rationein
3180 4807 3417 4861 reddente
3441 4851 3455 4874 ,
3497 4813 3735 4880 quoniam
3787 4832 3948 4885 neque.

2354 4898 2402 4949 in
2431 4900 2585 4966 legem
2616 4896 2914 4949 Judreorum
2940 4938 2953 4959 ,
2986 4914 3143 4965 neque
3172 4899 3223 4950 in
3248 4900 3525 4968 templum,
3564 4919 3722 4973 neque
3746 4906 3797 4958 in
3826 4908 3944 4960 Ca!-

2353 5007 2514 5041 sari'iu
2547 4990 2763 5060 peccavi.
2796 4989 2848 5043 9.
2892 4987 3077 5042 Festus
3118 5000 3285 5043 mitem
3328 4994 3499 5045 colens
3544 4998 3762 5061 gratiam
3803 5017 3945 5067 prce-

2352 5092 2485 5133 stare
2508 5080 2707 5133 Jud-iis
2730 5122 2743 5142 ,
2776 5081 3084 5149 respondens
3115 5081 3278 5135 Paulo
3300 5122 3318 5149 ,
3347 5085 3475 5137 dixit
3504 5102 3521 5137 :
3558 5084 3644 5140 Vis
3665 5085 3914 5160 Jercsoly
3933 5128 3946 5135 -

2356 5189 2485 5223 main
2517 5173 2816 5225 descendere
2840 5215 2852 5235 ,
2882 5183 2927 5224 et
2954 5172 3021 5225 ibi
3048 5175 3109 5226 de
3133 5174 3211 5227 liis
3225 5177 3451 5246 jadicari
3475 5179 3616 5245 apud
3647 5185 3765 5249 pic?
3809 5182 3947 5239 Vide

2354 5266 2619 5335 quomodo
2645 5277 2701 5321 et
2734 5267 2821 5319 ille
2848 5266 2911 5319 Ju
2937 5268 3044 5319 linis
3068 5270 3428 5337 gi-atiliratnr,
3460 5272 3709 5326 uiiiverso
3744 5280 3905 5346 popni
3933 5301 3943 5328 ι

2354 5369 2405 5411 ct
2459 5359 2679 5411 civitati.
2730 5359 2852 5412 ideo
2902 5375 3086 5414 rursus
3139 5362 3286 5415 illum
3337 5362 3644 5431 terroracit,
3694 5367 3949 5425 humanis

2356 5463 2508 5505 utens
2535 5446 2699 5506 armis
2728 5469 2741 5504 ε
2772 5461 2824 5504 et
2851 5452 2970 5504 ainli
3001 5454 3287 5520 quomodo.
3322 5456 3408 5509 10.
3444 5456 3581 5510 Dixit
3606 5469 3775 5512 autem
3803 5461 3949 5515 Pau-

2358 5543 2434 5596 lus
2466 5560 2482 5596 :
2515 5545 2591 5595 Ad
2613 5544 3072 5599 tribunalCirsaris
3098 5558 3173 5600 sto
3197 5549 3305 5611 ,‘ibi
3344 5566 3423 5603 me
3457 5563 3649 5620 oportet
3681 5554 3934 5622 judicon'.

2356 5634 2552 5688 Jndtcls
2581 5637 2711 5688 nihil
2740 5638 2886 5688 nocui
2911 5680 2923 5699 ,
2949 5640 3075 5690 sicut
3105 5650 3158 5691 tu
3189 5643 3363 5693 melius
3389 5644 3540 5696 nosti.
3574 5646 3592 5694 l
3617 5648 3659 5697 l.
3704 5644 3763 5699 Si
3811 5652 3945 5703 enim

2358 5728 2502 5777 nocui
2521 5768 2534 5789 ,
2558 5737 2642 5778 aut
2660 5727 2867 5794 dignum
2892 5742 3049 5783 morte
3069 5732 3263 5797 aliquid
3287 5733 3383 5799 [sci
3408 5775 3420 5791 ,
3448 5749 3545 5788 non
3570 5752 3745 5787 Iccusn
3769 5743 3901 5792 mori
3929 5758 3946 5794 :

2364 5838 2394 5867 2'
2429 5834 2538 5870 t‘ci'o
2582 5820 2707 5871 nihil
2754 5831 2822 5873 est
2869 5838 3079 5889 cornei,
3131 5841 3240 5892 iper
3269 5828 3317 5876 lii
3365 5840 3598 5879 in'rtwnnt
3644 5846 3759 5889 mc,
3812 5850 3933 5885 ψέγῃ.
