4120 6334
226 361 332 417 553

236 486 393 549 potest
421 490 499 528 tne
526 472 632 527 illis
661 470 872 525 donare.
922 465 1173 522 Caesarem
1216 460 1442 530 appello.
1488 454 1592 510 Sed
1639 451 1833 549 dixerit

237 545 499 638 quispiam
529 581 543 618 :
576 563 685 618 Cur
711 575 834 616 cum
858 558 1097 613 audisset
1121 595 1137 620 ,
1167 552 1376 623 Oportet
1405 563 1453 604 te
1474 549 1627 603 etiam
1656 545 1835 600 Roma:

240 659 496 727 testiﬁcari
523 657 585 710 de
609 672 689 711 me
710 655 730 726 (
751 655 868 708 Act.
888 651 979 706 ‘25.
1004 651 1064 705 li
1092 648 1133 718 ),
1158 646 1307 717 quasi
1332 658 1436 698 non
1465 639 1692 696 credens
1720 638 1834 691 tunc

242 747 507 803 faciebat?
532 745 716 810 Absit;
738 743 831 800 sed
852 750 908 797 et
928 739 1082 795 valde
1108 736 1359 793 credens.
1379 732 1544 801 Magis
1570 744 1697 784 vero
1715 737 1833 782 ten-

240 840 400 894 tantis
433 837 619 893 fuisset
649 836 791 890 illius
816 831 1099 888 sententia:
1128 827 1314 891 ﬁdere,
1341 836 1570 892 seseque
1598 821 1649 874 in
1690 817 1838 873 mille

243 932 474 1001 pericula
507 928 778 997 conjicere
803 967 818 989 ,
850 938 913 979 ac
935 922 1153 977 dicem:
1184 917 1478 973 Videamus
1506 927 1631 966 num
1666 908 1835 979 possit

245 1024 380 1079 ιιι-υς
402 1024 564 1079 etiam
589 1022 665 1075 sic
688 1018 897 1086 eripere
929 1032 1034 1071 me.
1059 1012 1164 1069 Sed
1190 1012 1292 1064 hoc
1322 1023 1429 1063 non
1456 1005 1581 1059 facit
1604 1002 1799 1057 Paulus
1816 1040 1832 1065 ,

246 1131 430 1170 verum
460 1130 577 1183 qua:
612 1125 777 1180 penes
802 1124 861 1165 se
893 1116 1049 1163 erant
1075 1103 1255 1159 omnia
1287 1100 1461 1155 adfert
1487 1139 1500 1161 ,
1533 1104 1699 1150 totum
1732 1094 1839 1147 Deo

244 1208 580 1276 permittens.
611 1202 742 1258 Sese
772 1214 904 1255 vero
926 1195 1224 1253 defendens
1245 1233 1261 1259 ,
1310 1192 1502 1247 leviter
1539 1185 1837 1276 principem

246 1274 595 1365 perstringit,
627 1306 692 1346 ac
718 1291 765 1345 si
793 1290 1040 1344 diceret:
1070 1284 1125 1340 Si
1166 1283 1363 1351 injuste
1404 1279 1529 1364 egi,
1572 1277 1746 1337 bene;
1797 1274 1842 1327 si

249 1364 353 1441 non
381 1386 579 1454 injuste
601 1385 682 1452 egi
710 1425 725 1448 ,
749 1397 846 1435 cur
868 1394 952 1432 me
976 1375 1141 1431 tradis
1161 1374 1185 1415 9
1220 1372 1386 1427 Nemo
1410 1378 1568 1441 potest
1593 1409 1608 1429 ,
1636 1364 1840 1431 inquit,

251 1495 329 1531 me
353 1477 562 1529 donare.
594 1474 788 1527 Metam
818 1471 893 1523 illi
926 1469 1151 1530 incutit,
1190 1474 1248 1518 ttt
1284 1480 1390 1517 non
1434 1459 1601 1530 possit
1642 1457 1845 1509 donare

255 1568 301 1624 si
324 1566 473 1629 velit,
505 1562 598 1618 sed
619 1559 784 1615 etiam
813 1556 957 1627 apud
983 1556 1107 1609 illos
1139 1568 1237 1624 pro
1256 1551 1617 1607 excusatione
1646 1548 1848 1603 habeat

251 1654 691 1727 appellationem.
726 1649 813 1705 ιε.
850 1647 993 1702 Tunc
1029 1645 1219 1699 Festus
1248 1660 1367 1697 cum
1398 1642 1624 1696 concilio
1652 1642 1843 1711 loquu-

252 1760 359 1811 tus,
390 1745 696 1814 respondit:
720 1743 985 1797 Ctesarem
1003 1741 1318 1810 appellasti;
1341 1740 1409 1792 ad
1432 1739 1699 1794 Casuram
1717 1737 1839 1791 ibis.

320 1836 377 1891 2.
422 1834 558 1890 Vide
584 1876 599 1901 ,
627 1849 745 1889 rem
774 1831 1024 1903 Agrippa:
1047 1829 1411 1883 communicat
1433 1866 1451 1890 .
1484 1832 1542 1878 ut
1570 1825 1732 1877 etiam
1762 1819 1851 1874 alii

250 1929 358 1983 sint
383 1926 659 1982 auditores
684 1969 699 1989 ,
718 1935 773 1981 et
790 1938 891 1979 rex
913 1931 967 1978 et
992 1920 1264 1977 exercitus
1289 1926 1345 1972 et
1370 1917 1615 1971 Bernice.
1648 1912 1853 1968 Deinde

254 2034 468 2073 rursum
503 2015 767 2071 defensio.
805 2033 824 2066 ι
866 2014 953 2069 15.
982 2012 1043 2067 Et
1074 2027 1197 2066 cum
1224 2008 1341 2064 dies
1369 2008 1573 2077 aliquot
1601 2004 1854 2058 transacti

254 2116 474 2174 essent,
509 2107 741 2177 Agrippa
773 2120 861 2160 rex
892 2114 946 2159 et
983 2104 1208 2160 Bernice
1246 2098 1645 2155 descenderunt
1674 2095 1854 2151 Casa-

258 2215 403 2254 ream
431 2198 495 2252 ad
524 2196 863 2252 salutandum
914 2194 1152 2249 Festum.
1180 2192 1269 2247 li.
1302 2191 1370 2245 Et
1413 2204 1535 2244 cum
1580 2189 1694 2242 dies
1739 2185 1857 2255 plu-

257 2306 347 2346 res
390 2291 457 2344 ibi
496 2289 938 2352 detnorarentnr,
977 2285 1167 2341 Festus
1208 2284 1319 2353 regi
1363 2281 1543 2337 retulit
1563 2278 1633 2334 de
1670 2277 1856 2342 Paulo,

256 2382 446 2437 dicens
474 2398 485 2432 :
521 2379 613 2434 \‘tr
640 2379 856 2448 quidam
885 2389 968 2432 est
1002 2376 1291 2431 derelictus
1331 2390 1361 2426 ει
1394 2372 1573 2427 Felice
1605 2372 1815 2423 vinctus
1845 2385 1858 2421 :

263 2478 352 2531 i5.
385 2476 455 2531 de
481 2490 587 2545 quo
615 2517 630 2541 ,
659 2490 781 2529 cum
830 2488 1007 2527 essem
1045 2471 1399 2543 Jerosolymis
1422 2511 1437 2536 ,
1482 2468 1733 2523 adierunt
1776 2480 1863 2520 me

265 2569 533 2639 principes
586 2566 928 2621 sacerdotum
984 2573 1036 2618 et
1085 2562 1329 2618 seniores
1373 2560 1719 2623 Judaiorum,
1769 2570 1867 2624 po-

266 2656 531 2711 stulantes
580 2655 839 2710 adversus
869 2654 1014 2708 illum
1070 2653 1490 2707 damnationem.
1533 2649 1620 2705 16.
1662 2648 1866 2718 Quibus

266 2747 567 2817 respondi:
616 2746 731 2801 Non
776 2755 861 2801 est
906 2745 1165 2799 Romanis
1211 2741 1550 2798 consuetudo
1601 2740 1864 2795 damnare

267 2840 501 2909 aliquem
536 2838 808 2893 hominem
838 2877 852 2899 ,
889 2837 1198 2905 priusquam
1231 2836 1276 2888 is
1306 2834 1399 2903 qui
1424 2839 1707 2887 accusatur
1728 2846 1865 2899 prae-

267 2942 450 2987 sentes
504 2931 702 2985 habeat
752 2939 1134 2991 accusatores,
1196 2928 1486 2996 locumque
1539 2922 1868 2979 defendendi

270 3024 501 3095 accipiat
550 3024 616 3077 ad
664 3021 926 3077 abluenda
984 3022 1233 3076 crimina.
1281 3020 1370 3076 ΓΙ.
1413 3020 1548 3074 Cum
1595 3033 1724 3087 ergo
1766 3015 1873 3070 huc

268 3116 653 3173 eomenissent
678 3154 692 3177 ,
721 3115 838 3168 sine
870 3112 975 3166 ulla
1007 3112 1266 3165 dilatione
1293 3110 1538 3179 sequenti
1566 3108 1651 3161 die
1678 3106 1874 3161 sedens

274 3222 375 3277 pro
444 3205 693 3259 tribunali
754 3203 937 3273 jussi.
960 3201 1150 3256 adduci
1201 3203 1396 3255 virum.
1451 3200 1535 3254 18.
1601 3199 1676 3253 De
1732 3213 1869 3266 quo,

272 3312 395 3351 cum
426 3298 705 3353 stetissent
734 3306 1077 3350 accusatores
1101 3334 1117 3359 ,
1162 3294 1367 3348 nullam
1406 3308 1623 3347 causam
1662 3290 1873 3346 defere-

275 3388 444 3454 bant,
500 3388 569 3442 de
615 3386 811 3456 quibus
858 3400 960 3455 ego
1001 3384 1352 3454 suspicabar;
1411 3382 1500 3439 19.
1554 3384 1877 3452 quaestiones

274 3494 406 3533 vt-ro
430 3477 687 3547 quasdam
713 3476 782 3533 de
811 3492 909 3530 sua
941 3476 1328 3546 superstitione
1371 3474 1644 3529 habebant
1688 3474 1879 3528 adver-

275 3582 372 3621 sus
394 3582 517 3621 eum
543 3608 558 3631 ,
592 3578 647 3621 et
679 3567 745 3622 de
770 3566 1003 3636 quodam
1048 3567 1175 3622 Jesu
1217 3566 1510 3629 defuncto,
1542 3582 1701 3636 quem
1728 3566 1877 3620 afﬁr-

281 3659 462 3713 mabat
508 3658 703 3713 Paulus
746 3658 947 3712 vivere.
1003 3656 1094 3713 20.
1145 3657 1413 3713 Htesitans
1460 3669 1640 3712 autem
1686 3672 1785 3727 ego
1813 3658 1881 3711 de

279 3750 586 3820 hujusmodi
618 3751 938 3821 quastione,
980 3749 1223 3805 dicebam
1250 3791 1264 3814 ,
1292 3766 1419 3805 num
1444 3750 1606 3804 vellet
1632 3750 1709 3804 ire
1728 3748 1881 3804 Jero-

279 3843 656 3913 solymam,et
706 3841 778 3896 ibi
814 3841 1043 3911 jttdirari
1084 3840 1152 3896 de
1200 3842 1329 3895 illis.
1369 3839 1462 3895 2|.
1507 3841 1672 3895 Paulo
1699 3848 1879 3896 autem

278 3932 585 4000 appellante
609 3972 625 3998 ,
658 3942 712 3985 ut
742 3942 1055 3986 servaretur
1089 3932 1156 3986 ad
1196 3932 1421 4001 Augusti
1472 3932 1836 3999 cognitionem
1864 3973 1880 3996 ,

278 4022 414 4091 jttssi
458 4023 661 4076 servari
689 4038 810 4076 eum
833 4064 847 4087 ,
882 4022 1052 4076 donec
1080 4023 1283 4076 mittam
1314 4038 1436 4077 eum
1483 4022 1548 4075 ad
1590 4022 1881 4078 CmSarcm.

280 4112 373 4166 ἥ.
424 4112 656 4181 Agrippa
720 4122 897 4165 autem
963 4113 1126 4167 Fesm
1190 4113 1365 4166 dixit:
1420 4112 1623 4167 Vellem
1667 4123 1721 4167 et
1771 4113 1885 4182 ipse

284 4206 557 4259 hominem
585 4205 788 4259 audire.
820 4204 951 4260 Cras
972 4246 986 4271 ,
1019 4206 1212 4275 inquit,
1262 4205 1452 4260 audies
1484 4207 1650 4258 illum.
1700 4224 1718 4257 ι
1755 4205 1885 4261 Vide

291 4312 502 4351 rursum
529 4297 927 4351 accusationem
961 4297 1269 4351 inda-orum
1305 4313 1409 4352 non
1443 4313 1469 4349 a
1507 4297 1670 4351 Paulo
1693 4338 1707 4361 ,
1738 4298 1887 4353 Setia

286 4389 528 4457 principe
567 4398 855 4443 narratam.
912 4390 1161 4442 Attici-unt
1198 4405 1315 4454 me,
1367 4390 1573 4457 inquit,
1635 4391 1888 4459 principes

288 4480 607 4535 sacerdotum
629 4490 674 4534 et
696 4481 917 4534 seniores
939 4479 1242 4533 Judteorutn
1265 4519 1279 4544 ,
1308 4482 1623 4548 postulantes
1646 4480 1889 4535 adversus

288 4588 403 4625 eum
448 4572 845 4626 danmationem.
898 4570 1090 4637 Quibus
1140 4588 1230 4641 ego
1269 4572 1531 4639 respondi.
1586 4571 1717 4625 Vide
1761 4573 1888 4640 quid

292 4661 620 4731 respondeat
648 4661 714 4715 ad
744 4662 955 4715 illorum
992 4660 1363 4714 confusionem
1392 4677 1407 4712 ε
1438 4660 1559 4714 Non
1582 4670 1653 4714 est
1682 4677 1890 4715 consue-

293 4753 415 4805 tudo
449 4751 693 4806 Romanis
719 4758 911 4805 donare
935 4753 1155 4821 aliquem
1191 4752 1444 4806 hominem
1472 4794 1483 4815 ,
1515 4763 1569 4806 ut
1596 4765 1767 4824 pereat
1790 4770 1807 4818 ;
1839 4756 1889 4809 id

293 4853 414 4907 est,
451 4853 739 4913 antequam
786 4844 1049 4898 rationem
1090 4842 1321 4910 reddat,
1350 4859 1456 4897 non
1504 4855 1680 4913 potest
1722 4850 1890 4900 vestri

292 4933 460 5003 gratia
495 4933 652 4987 tradi.
678 4933 748 4989 Ut
777 4949 904 4988 vero
935 4935 1226 4988 St'Clllttlllm
1256 4949 1457 4987 morem
1487 4934 1644 4997 fecit,
1674 4952 1889 4990 causam

295 5041 400 5080 non
452 5027 888 5096 itn'cnittqitat'e
946 5027 1043 5079 hac
1095 5028 1159 5080 de
1209 5042 1266 5081 rt‘.
1312 5027 1565 5081 haesitat?
1620 5039 1675 5081 ut
1730 5031 1892 5097 liquet

294 5135 358 5173 ct
418 5114 771 5188 sequentibus
829 5137 842 5172 :
900 5118 1160 5172 Htcsituns
1214 5130 1384 5171 autem
1438 5137 1528 5188 ego
1589 5121 1651 5173 de
1708 5121 1891 5183 liuius-

293 5212 434 5265 modi
462 5212 756 5282 quastione.
788 5211 880 5267 Sic
910 5212 1159 5281 loquitur,
1210 5228 1365 5265 suum
1414 5212 1741 5267 adumbratis
1776 5229 1889 5281 pec-

298 5312 499 5359 catum.
532 5303 600 5358 Et
629 5304 718 5359 ille
748 5305 961 5373 quidem
999 5304 1277 5356 adumbrat
1305 5344 1315 5363 ,
1344 5308 1573 5372 Agrippa
1600 5321 1727 5358 vero
1749 5316 1894 5374 cupzt

298 5394 447 5449 illutn
473 5395 674 5449 videre.
722 5393 856 5449 Vide
885 5394 1153 5463 principes
1195 5408 1408 5461 semper
1440 5395 1769 5449 inimicitiam
1797 5396 1888 5451 Ju-

297 5486 507 5540 dsicam
540 5485 803 5553 repellere
828 5526 844 5551 ,
876 5494 932 5541 et
960 5484 1259 5553 przetcrjus
1288 5499 1429 5553 smpe
1460 5501 1618 5553 agerc
1649 5488 1763 5555 cogi
1790 5530 1803 5552 ,
1832 5504 1894 5541 ac

296 5576 573 5632 dilationis
599 5590 760 5633 ansas
787 5592 1031 5646 qutererc
1063 5596 1076 5628 :
1114 5592 1218 5630 ιιοιι
1248 5578 1390 5631 enim
1441 5577 1692 5645 ignorans
1743 5580 1891 5633 dilic-

298 5667 452 5721 rcbat
476 5709 490 5733 ,
522 5668 614 5722 sed
640 5682 859 5737 gnarus.
910 5668 1141 5738 Agrippa
1176 5683 1305 5721 vero
1340 5683 1443 5721 non
1480 5669 1637 5721 modo
1668 5687 1771 5725 non
1806 5689 1888 5727 rc-

296 5757 478 5825 pellit,
504 5759 597 5814 scd
621 5768 674 5814 et
697 5758 884 5813 audire
905 5769 1087 5828 optat:
1114 5759 1254 5829 qttod
1279 5759 1629 5815 admiratione
1651 5763 1887 5833 dignum,

1297 348 1359 402 ΙΝ
1401 345 1577 401 ACTA
1622 336 2145 396 APOSTOLORUSI.
2191 337 2422 392 llUillL.
2466 336 2552 391 Li.

3429 339 3538 397 εει

1944 445 2087 503 unde
2114 449 2166 502 itt
2195 448 2524 503 desiderium
2549 448 2758 503 venerit
2783 446 2995 503 videndi
3022 447 3296 505 hominem
3322 464 3546 507 accusa-

1943 551 2053 595 tum
2083 541 2205 595 licet
2234 542 2453 611 injuste.
2487 541 2562 597 ita
2595 552 2646 596 et
2672 542 2774 597 hoc
2804 558 2899 611 per
2926 542 3319 611 providentiam
3346 543 3548 599 factum

1941 642 2042 687 est.
2085 630 2446 698 Quamobrem
2495 642 2549 688 et
2593 649 2729 688 uxor
2776 634 2894 702 ejus
2932 634 3089 689 simul
3140 634 3328 700 audit,
3377 651 3476 690 nec
3517 649 3549 690 a

1942 727 2205 779 concione
2236 725 2409 781 abest.
2443 725 2555 780 Nec
2581 727 2756 781 solum
2802 727 2987 792 audit,
3035 727 3129 782 sed
3171 742 3297 782 cum
3342 726 3552 783 honore

1942 831 2159 885 magno.
2189 816 2371 872 Talem
2407 818 2596 873 habuit
2626 818 2981 889 cupiditatem
3009 837 3023 873 :
3048 833 3157 874 non
3186 820 3332 874 enim
3362 820 3552 874 audire

1946 909 2190 978 petiisset
2216 951 2231 975 ,
2264 904 2367 963 nisi
2400 909 2451 964 id
2479 918 2719 977 Optasset
2744 953 2758 977 ,
2812 927 2985 981 neque
3013 914 3214 967 sociam
3243 912 3553 968 admisisset

1945 1014 2166 1055 uxorem
2194 1039 2208 1062 ,
2241 1000 2345 1053 nisi
2374 1014 2629 1068 magnum
2680 1000 2955 1071 quidpiam
3008 1002 3078 1058 de
3132 1002 3224 1057 illo
3270 1003 3550 1058 sensisset.

1948 1088 2169 1143 Videtur
2196 1099 2375 1145 autem
2406 1090 2535 1146 mihi
2566 1091 2716 1146 illam
2762 1107 2977 1162 quoque
3027 1094 3143 1148 haec
3190 1093 3550 1150 desiderasse.

1949 1181 2013 1234 Et
2038 1180 2159 1234 vide
2188 1180 2409 1235 Paulum
2440 1182 2620 1236 statim
2648 1197 2754 1238 non
2781 1182 2849 1237 de
2877 1183 2982 1238 ﬁde
3021 1185 3196 1239 solum
3250 1194 3306 1240 et
3350 1185 3418 1239 de
3462 1199 3556 1239 re-

1948 1273 2206 1327 missione
2238 1283 2582 1342 peccatorum
2611 1313 2623 1338 ,
2659 1273 2756 1329 sed
2786 1275 2951 1329 etiam
3004 1275 3073 1329 de
3122 1275 3285 1330 rebus
3333 1275 3557 1346 agendis

1948 1367 2325 1431 disserentem.
2359 1365 2464 1421 Sed
2494 1366 2742 1434 superius
2770 1368 2912 1421 dicta
2943 1378 3270 1436 repetamus.
3318 1366 3384 1421 In
3418 1383 3556 1437 pra:-

1950 1456 2104 1520 srnti,
2133 1456 2305 1525 inquit
2332 1498 2345 1523 ,
2371 1457 2453 1510 ubi
2476 1472 2495 1521 ;
2515 1458 2949 1527 Opportunitatem
2971 1468 3139 1511 autent
3166 1469 3365 1525 nactus,
3391 1474 3560 1513 accer-

1951 1566 2063 1603 sam
2088 1561 2155 1604 te.
2188 1548 2321 1606 Vide
2369 1552 2715 1605 ciccitatcm:
2765 1549 2883 1604 haec
2929 1550 3157 1605 audiens
3206 1551 3458 1619 sperabat
3502 1567 3561 1607 se

1954 1643 2208 1712 pecunias
2229 1652 2574 1710 accepturum
2593 1642 2663 1696 ab
2689 1656 2775 1697 eo.
2801 1641 2867 1696 Et
2892 1657 2999 1695 non
3032 1642 3207 1695 solum
3236 1642 3336 1696 hoc
3358 1657 3559 1713 grave;

1955 1735 2048 1790 sed
2076 1737 2239 1790 etiam
2271 1736 2526 1800 loquutus
2554 1751 2677 1790 cum
2704 1750 2771 1790 eo
2796 1777 2812 1802 ,
2847 1750 2953 1789 non
3003 1734 3205 1789 dimisit
3254 1751 3376 1789 eum
3402 1750 3418 1799 ;
3466 1734 3561 1790 sed

1956 1826 2079 1895 quia
2111 1827 2163 1880 in
2198 1827 2534 1896 principatus
2562 1827 2722 1881 linem
2754 1836 2975 1882 venerat
3004 1868 3019 1892 ,
3052 1829 3269 1897 reliquit
3294 1843 3418 1882 eum
3448 1829 3565 1883 vin-

1957 1925 2101 1971 ctum
2128 1958 2145 1981 ,
2177 1927 2234 1971 ut
2259 1918 2657 1987 gratiﬁcaretur
2687 1917 2889 1974 Judzcis
2918 1936 2933 1973 :
2967 1920 3147 1990 itaque
3176 1936 3281 1974 non
3309 1920 3566 1991 pecunias

1960 2008 2121 2062 modo
2148 2050 2163 2074 ,
2192 2008 2287 2062 sed
2320 2018 2375 2063 et
2401 2009 2629 2078 gloriam
2660 2010 2931 2079 cupiebat.
2987 2010 3099 2065 Cur
3123 2052 3136 2076 ,
3168 2012 3430 2079 sceleste,
3473 2027 3567 2083 pe-

1960 2100 2148 2152 cunias
2172 2098 2375 2167 quarris
2399 2114 2430 2152 a
2457 2100 2575 2153 viro
2616 2101 2949 2155 contrarium
2992 2100 3318 2169 praedicante
3347 2101 3372 2156 ἲ
3412 2103 3567 2171 Quod

1962 2199 2141 2244 autem
2170 2204 2277 2244 non
2304 2190 2607 2260 receperit,
2634 2191 2808 2261 palam
2830 2202 2914 2247 est
2940 2207 3005 2246 es
3028 2206 3095 2247 eo
3118 2233 3135 2261 ,
3164 2192 3305 2263 quod
3332 2194 3566 2248 vinctum

1964 2281 2281 2351 reliquerit,
2311 2282 2590 2337 soluturus
2637 2283 2683 2338 si
2727 2285 3048 2353 accepisset.
3101 2286 3178 2341 De
3213 2290 3569 2358 temperantia

1967 2374 2053 2428 hic
2084 2373 2392 2443 disputabat
2418 2414 2433 2441 ,
2463 2383 2516 2428 et
2548 2374 2637 2430 ille
2666 2390 2694 2428 a
2730 2376 2847 2429 viro
2880 2377 3004 2430 talia
3034 2377 3292 2448 loquente
3320 2379 3572 2450 sperabat

1966 2478 2027 2519 se
2055 2465 2334 2533 pecuniam
2364 2475 2732 2534 accepturum.
2776 2466 2844 2521 Et
2874 2475 3061 2536 petere
3086 2468 3306 2538 quidem
3335 2484 3443 2525 non
3470 2484 3573 2525 au-

1970 2557 2130 2613 debat
2164 2575 2177 2611 :
2207 2558 2331 2612 talis
2356 2559 2556 2629 quippe
2584 2570 2667 2614 est
2694 2559 2919 2623 malitia,
2946 2559 3021 2633 (α)
3054 2558 3265 2633 [timida
3296 2578 3491 2633 nempe
3518 2574 3574 2618 et

1969 2650 2150 2705 omnia
2172 2659 2419 2720 suspecta
2446 2650 2706 2724 habens];
2738 2653 2993 2721 sperabat
3014 2662 3197 2710 autem
3216 2671 3229 2707 :
3254 2655 3435 2725 itaque
3452 2656 3576 2724 jure

1972 2743 2078 2796 illis
2108 2742 2510 2813 gratiﬁcabatur
2535 2786 2549 2808 ,
2584 2755 2769 2813 utpote
2795 2745 2885 2815 qui
2916 2745 2987 2800 ibi
3021 2754 3169 2802 tanto
3198 2757 3442 2818 tempore
3471 2748 3576 2803 im-

1974 2841 2236 2902 perasset.
2265 2833 2438 2903 Igitur
2468 2833 2679 2889 Festum
2702 2877 2717 2900 ,
2750 2836 2835 2890 ubi
2881 2837 3200 2905 provinciam
3236 2840 3535 2910 suscepisset
3560 2881 3575 2909 ,

1974 2928 2212 2980 adierunt
2258 2928 2513 2999 principes
2572 2929 2895 2983 sacerdotum
2942 2937 2989 2983 et
3032 2930 3184 3002 primi
3232 2929 3534 2985 Judatorurn
3563 2974 3577 2997 ,

1976 3018 2237 3073 adversus
2259 3018 2481 3073 Paulum
2508 3060 2524 3085 ,
2550 3019 2743 3088 inquit.
2768 3019 2961 3075 Statim
2980 3028 3037 3077 et
3060 3036 3091 3075 a
3116 3022 3380 3093 principio
3399 3038 3583 3081 acceso

1978 3117 2166 3165 serunt
2191 3108 2542 3173 sacerdotes,
2584 3112 2676 3179 qui
2727 3125 2834 3165 non
2880 3112 3089 3182 gravati
3133 3112 3361 3169 fuissent
3398 3113 3583 3169 Caesa-

1980 3216 2125 3257 ream
2155 3202 2338 3256 vcnire
2365 3243 2380 3267 ,
2414 3202 2515 3255 nisi
2547 3203 2905 3271 praevenisset
2931 3204 3155 3259 veniens
3184 3204 3273 3267 ille
3299 3246 3315 3272 ,
3337 3206 3585 3276 quando-

1979 3292 2197 3362 quidem
2221 3292 2311 3346 ubi
2334 3292 2551 3348 advenit
2578 3336 2592 3360 ,
2627 3294 2807 3349 statim
2854 3295 3003 3349 illum
3048 3295 3315 3351 adierunt.
3354 3296 3420 3378 {Et
3471 3316 3586 3352 cum

1980 3383 2320 3439 descendisset
2372 3383 2659 3438 Cwsaream
2682 3426 2699 3451 ,
2758 3386 3056 3439 morabatur
3109 3386 3178 3441 ibi
3232 3387 3405 3441 decem
3456 3390 3584 3444 dies.

1981 3477 2145 3533 Forte
2168 3519 2185 3545 ,
2214 3477 2408 3545 opinor
2430 3517 2445 3541 ,
2477 3484 2536 3529 ιιι
2567 3487 2837 3545 prostat-et
2863 3477 2942 3531 eis
2966 3519 2983 3543 ,
3030 3480 3121 3549 qui
3162 3479 3367 3535 vellent
3412 3482 3586 3551 ipsum

1983 3582 2352 3635 corrumpere.
2380 3566 2574 3621 Paulus
2597 3582 2727 3622 vero
2751 3576 2871 3622 erat
2901 3569 2951 3621 in
2980 3584 3223 3626 carcere.
3250 3570 3320 3625 Et
3339 3576 3589 3644 rogabant

1984 3674 2099 3713 eum
2123 3698 2138 3723 ,
2170 3657 2382 3727 inquit,
2409 3666 2463 3709 ut
2493 3656 2663 3726 ipsum
2695 3659 3054 3714 transmitteret
3090 3661 3143 3714 in
3171 3659 3478 3717 Jerusalem.
3525 3666 3589 3720 Et

1986 3764 2083 3803 cur
2112 3749 2339 3819 gratiam
2372 3749 2663 3818 petierunt,
2708 3750 2753 3804 si
2782 3749 2986 3818 justum
3018 3761 3135 3806 erat
3164 3762 3222 3807 ut
3249 3757 3592 3811 moreretur?

1987 3844 2094 3899 Sed
2130 3848 2199 3899 ita
2230 3846 2304 3901 illi
2346 3846 2645 3903 manifesta:
2685 3850 2901 3905 fuerunt
2941 3850 3189 3917 insidiae,
3240 3861 3300 3908 ut
3343 3852 3590 3911 diceret:

2000 3932 2110 3990 Viri
2131 3939 2216 4008 qui
2247 3949 2517 4007 pressantes
2543 3941 2847 4009 estis,videte
2876 3941 3014 3995 lianc
3036 3983 3051 4007 ,
3079 3942 3142 3995 de
3180 3958 3280 4012 quo
3320 3934 3595 4001 multitudo

1989 4028 2296 4082 Judmorum
2338 4048 2419 4086 me
2462 4030 2824 4101 interpellavit.
2876 4032 2979 4088 Per
3026 4033 3157 4088 illud
3198 4036 3385 4103 enim,
3427 4034 3596 4091 Inter-

1991 4120 2232 4189 pellavit,
2283 4123 2510 4190 gratiam
2561 4130 2750 4177 c0ntra
2808 4122 2961 4177 illum
3031 4125 3254 4193 petiisse
3307 4126 3593 4197 signiﬁcat.

1993 4212 2174 4283 itaque
2234 4214 2345 4282 jam
2398 4216 2652 4270 Volebant
2701 4216 2849 4270 illum
2906 4217 2973 4271 ad
3034 4220 3359 4275 sententiam
3410 4219 3596 4277 feren-

1992 4305 2114 4359 dam
2166 4306 2454 4373 inducere,
2496 4307 2729 4377 linguam
2770 4307 2923 4363 Pauli
2968 4308 3240 4365 timentes.
3273 4309 3411 4379 Quid
3443 4316 3598 4368 time-

1995 4396 2103 4450 tis?
2132 4396 2257 4465 quid
2296 4396 2604 4451 festinatis?
2631 4398 2812 4451 Palam
2842 4408 2925 4453 est
2954 4399 3104 4453 illum
3128 4402 3411 4456 custodiri.
3457 4402 3595 4459 Num

1994 4487 2202 4557 fugiet?
2227 4488 2324 4553 Qui
2348 4506 2466 4560 ergo
2492 4490 2542 4542 iu
2570 4491 2707 4544 vobis
2733 4532 2746 4551 .
2772 4491 2945 4560 inquit
2969 4532 2984 4556 ,
3011 4500 3236 4559 potentes
3262 4502 3378 4547 sunt
3404 4537 3417 4558 ,
3449 4511 3598 4549 accu-

1994 4589 2101 4630 sent
2131 4577 2298 4631 illum.
2334 4578 2567 4633 Rursum
2598 4592 2943 4636 accusatores
2965 4580 3230 4639 Caesareo:
3254 4625 3270 4649 ,
3304 4595 3358 4638 et
3385 4600 3595 4640 rursum

1995 4671 2244 4724 educitur
2290 4671 2508 4725 Paulus.
2564 4671 2801 4741 Sequenti
2845 4672 2969 4739 die,
3017 4672 3230 4741 inquit,
3277 4675 3456 4731 sedens
3504 4694 3598 4745 pro

1996 4762 2259 4814 tribunali.

2068 4855 2123 4908 ὅ.
2169 4840 2335 4917 Vide,
2384 4854 2564 4907 statim
2616 4855 2837 4909 veniens
2882 4856 3022 4911 sedit
3065 4874 3163 4927 pro
3210 4859 3600 4922 tribunalizsic

2000 4945 2149 4999 illum
2205 4955 2259 4998 ct
2312 4961 2434 4998 cum
2491 4954 2641 5001 tanto
2704 4946 2882 5001 studio
2939 4949 3310 5017 impellebant,
3368 4952 3447 5005 sic
3505 4968 3600 5006 ur-

2000 5040 2213 5107 gebanl.
2261 5037 2527 5102 Quamdiu
2576 5053 2706 5107 ergo
2760 5040 2998 5093 nondum
3046 5052 3299 5108 expertus
3348 5052 3460 5096 erat
3502 5043 3600 5098 Ju-

2001 5132 2146 5185 daeos
2194 5139 2257 5195 et
2298 5131 2556 5184 honorem
2610 5132 2847 5198 illorum,
2882 5141 3028 5186 recte
3087 5134 3397 5203 respondit;
3448 5148 3599 5204 post-

2000 5240 2157 5295 quam
2208 5232 2386 5277 autem
2441 5224 2587 5277 venit
2633 5222 3049 5295 Jerostilymam,
3085 5224 3172 5279 hic
3219 5242 3433 5297 quoque
3479 5244 3599 5298 grao

2003 5317 2231 5372 [meatur
2286 5317 2424 5381 illis;
2486 5316 2581 5370 sed
2634 5332 2756 5371 cum
2806 5316 2936 5370 dolo
2985 5319 3087 5374 hoc
3143 5317 3304 5385 facit;
3354 5330 3408 5375 et
3460 5338 3596 5391 quos

2002 5409 2160 5464 modo
2181 5454 2193 5475 ,
2237 5410 2359 5463 audi
2392 5426 2404 5462 :
2432 5408 2579 5462 addit
2604 5410 2747 5464 enim
2777 5428 2790 5462 :
2826 5408 2975 5465 l'isne
3011 5410 3387 5483 Jerosolgmam
3419 5432 3599 5469 ascen-

2001 5504 2144 5569 dens,
2172 5503 2277 5555 illic
2304 5502 2367 5555 de
2391 5501 2469 5555 Itis
2484 5503 2715 5572 jadicari
2735 5521 2763 5553 (ι
2790 5502 2908 5555 me?
2937 5506 3012 5556 Ac
3038 5504 3078 5556 si
3101 5502 3329 5572 diceret,
3354 5508 3466 5561 Non
3495 5510 3600 5564 illis

2004 5606 2053 5651 te
2099 5595 2251 5649 trado
2277 5637 2290 5662 ,
2340 5594 2434 5649 sed
2478 5596 2590 5664 ipse
2614 5594 2778 5665 jndex
2821 5610 2934 5649 ero.
2967 5594 3079 5651 Hoc
3115 5611 3241 5651 vero
3273 5596 3441 5666 dicit,
3488 5616 3600 5656 rem

2070 5776 2140 5835 fa)
2176 5783 2287 5832 Quae
2315 5775 2502 5823 uncinis
2528 5771 2840 5836 clauduntur,
2860 5774 3035 5823 absunt
3054 5786 3081 5823 τι
3105 5774 3413 5838 quibusdam.
