4094 6336
575 366 682 420 355

579 483 722 536 illius
747 474 965 530 arbitrio
992 469 1322 541 permittens,
1354 475 1409 518 ut
1436 464 1536 516 hoc
1560 463 1760 514 honore
1781 459 1953 525 ipsum
1975 454 2156 507 allice-

582 583 696 630 ret;
727 570 846 637 quia
879 565 922 618 si
957 566 1057 616 hoc
1104 563 1454 628 imperasset,
1497 552 1650 605 valde
1681 548 1959 618 impudens
1988 545 2158 598 visum

581 663 797 723 fuisset,
838 673 960 712 eum
1009 656 1095 724 qui
1135 652 1293 706 isthic
1334 647 1609 703 convictus
1659 659 1762 698 non
1811 643 2028 705 fuisset,
2070 638 2160 691 illo
2193 660 2196 663 -

579 751 862 806 abducere.

654 838 809 891 I'auli
851 834 1084 902 loquendi
1124 831 1332 900 ﬁducia.
1357 826 1648 881 —Paulus
1689 838 1817 877 vero
1855 835 1960 874 non
2004 817 2159 882 dixit,

583 932 718 986 Nolo
744 947 759 979 :
782 944 848 982 ne
875 925 1322 980 vehementiorem
1351 919 1597 973 redderet
1623 916 1883 984 judieem;
1913 911 2006 966 sed
2041 927 2160 964 rur-

581 1037 699 1076 sum
749 1019 914 1072 libere
944 1017 1178 1082 loquitur
1205 1011 1287 1064 bis
1312 1010 1523 1064 verbis:
1547 1009 1677 1061 Ante
1700 1003 1920 1059 tribunal
1947 1001 2161 1057 Ctesaris

583 1123 659 1166 sto
684 1128 702 1164 :
723 1111 791 1163 ibi
815 1125 890 1161 me
910 1114 1101 1176 oportet
1109 1102 1356 1174 judicari.
1383 1100 1568 1169 Magna
1592 1096 1837 1166 loquendi
1863 1093 2071 1147 ﬁducia.
2097 1091 2164 1144 Et

579 1203 700 1256 vide
718 1196 982 1266 quomodo
1005 1196 1124 1249 illos
1145 1191 1427 1247 ratiocinio
1448 1190 1590 1258 capit
1613 1205 1625 1242 :
1645 1186 1792 1256 quasi
1817 1185 2063 1238 nimirum
2087 1183 2164 1236 sic

581 1307 677 1364 pro
698 1288 1005 1344 defensione
1034 1302 1128 1339 sua
1153 1287 1419 1353 loquatur.
1443 1281 1524 1335 Mc
1555 1280 1627 1333 illi
1659 1277 1824 1332 semel
1854 1276 2124 1344 cjecerunt
2144 1314 2159 1340 ,

584 1393 636 1435 et
668 1381 792 1433 hinc
819 1394 904 1432 me
934 1374 1292 1431 damnandum
1325 1382 1539 1441 putant,
1586 1370 1724 1438 quod
1765 1367 2049 1421 ostendant
2079 1381 2165 1419 me

584 1474 637 1527 in
680 1470 946 1525 Caesarem
981 1481 1266 1537 peccasse:
1293 1464 1430 1532 apud
1463 1465 1610 1516 illum
1645 1462 1814 1531 ipsum
1841 1502 1855 1523 ,
1884 1461 1972 1527 qui
2005 1459 2163 1512 hesus

584 1573 699 1626 est,
739 1561 963 1631 judicari
993 1560 1132 1612 volo.
1165 1558 1260 1612 His
1285 1556 1442 1611 dictis
1469 1555 1739 1622 subjungit
1764 1569 1775 1603 :
1799 1551 1997 1611 Juda’is
2038 1551 2165 1603 nihil

585 1654 768 1716 nocui,
801 1662 855 1704 ut
882 1652 1032 1703 etiam
1063 1660 1115 1701 tu
1143 1648 1322 1700 melius
1354 1646 1499 1699 nosti.
1536 1644 1848 1711 Perstringit
1883 1642 2026 1694 illum
2054 1641 2162 1709 jam

590 1743 738 1814 quasi
781 1741 976 1796 Judaeis
1020 1739 1423 1808 gratiﬁcantem.
1479 1733 1679 1788 Deinde
1726 1744 2002 1802 postquam
2049 1746 2166 1800 per-

585 1835 914 1897 strinxerat,
949 1846 1132 1884 rursus
1162 1829 1324 1882 solvit
1354 1842 1656 1881 sermonem
1681 1868 1695 1891 ,
1728 1825 1930 1878 addens
1952 1843 1963 1876 :
1985 1823 2168 1892 Itaque

581 1928 625 1979 si
659 1926 860 1993 quidem
899 1925 1084 1992 injuste
1124 1923 1233 1990 egi,
1277 1918 1355 1973 vel
1396 1919 1604 1988 dignum
1629 1917 1824 1987 aliquid
1854 1927 2011 1969 morte
2035 1917 2162 1986 feci,

585 2033 684 2068 non
713 2031 885 2069 recuso
915 2014 1061 2066 mori.
1090 2011 1282 2066 Contra
1316 2024 1400 2063 me
1433 2010 1748 2063 sententiam
1783 2008 1898 2062 fero
1918 2050 1932 2070 ,
1977 2009 2163 2076 inquit.

583 2107 697 2160 lloc
729 2121 833 2158 non
870 2113 951 2158 est
976 2118 1096 2156 sese
1121 2101 1412 2156 occidentis
1433 2141 1448 2165 ,
1477 2099 1571 2154 sed
1601 2100 1754 2154 valde
1779 2099 1935 2154 dictis
1965 2106 2073 2153 suis
2107 2101 2165 2152 ﬁ-

581 2195 755 2249 dentis
775 2213 786 2246 :
805 2208 920 2245 nam
943 2207 1061 2246 cum
1082 2190 1329 2260 loquendi
1355 2189 1545 2242 ﬁducia
1569 2189 1726 2253 adsit,
1742 2189 2167 2256 oportetjustitia

584 2285 649 2338 ad
677 2283 1078 2338 eonfutandum.
1113 2281 1175 2336 Si
1214 2290 1380 2333 autem
1422 2280 1550 2332 nihil
1576 2290 1646 2333 est
1669 2296 1873 2346 eorum,
1903 2281 1965 2332 de
1992 2281 2168 2348 quibus

583 2377 661 2429 illi
689 2385 959 2439 accusant,
998 2389 1142 2425 nemo
1182 2381 1336 2440 potest
1377 2388 1453 2423 nte
1499 2370 1710 2424 donare.
1753 2370 1975 2423 Etiamsi
2005 2370 2164 2432 velit,

586 2467 790 2536 inquit,
825 2481 928 2518 non
963 2464 1174 2532 poterit.
1207 2462 1321 2515 Non
1349 2461 1516 2525 dixit,
1565 2460 1677 2513 Non
1707 2459 1898 2529 dignus
1929 2475 2045 2513 sum
2077 2462 2164 2527 qui

585 2557 804 2619 moriar,
834 2570 1024 2622 neque,
1056 2552 1153 2618 Qui
1179 2551 1457 2616 absolvar;
1489 2552 1605 2616 sed,
1637 2551 1857 2605 Paratus
1886 2567 2000 2604 sum
2029 2549 2169 2620 judi-

586 2649 694 2701 cari
736 2647 870 2715 apud
900 2646 1166 2700 Caesarem
1195 2663 1208 2698 :
1233 2645 1387 2697 simul
1425 2644 1617 2698 somnii
1649 2658 1881 2706 memor,
1920 2644 2170 2697 ﬁdentius

588 2748 858 2808 provocat.
893 2735 1074 2803 Neque
1112 2734 1280 2796 digit,
1315 2734 1393 2787 Tu
1414 2775 1428 2799 ,
1460 2734 1585 2796 sed,
1622 2733 1825 2796 Nemo;
1855 2745 1905 2787 et
1934 2733 2166 2798 addidit,

591 2827 841 2884 Cttsarem
861 2825 1082 2896 appello,
1109 2842 1174 2880 ne
1199 2826 1268 2879 illi
1289 2824 1666 2879 centumeliam
1693 2823 1887 2877 inferre
1907 2825 2165 2878 videatur.

593 2920 732 2973 Tum:
781 2918 961 2972 Festus
1006 2917 1238 2984 loquutus
1281 2933 1396 2969 cum
1447 2917 1660 2968 concilio
1708 2916 1890 2968 dixit:
1917 2914 2168 2968 Caesarem

590 3012 899 3080 appellasti;
925 3008 992 3061 ad
1020 3008 1268 3061 Casuram
1293 3008 1404 3060 ibis.
1441 3006 1682 3060 Vidistin‘
1711 3005 1976 3074 quomodo
2002 3007 2166 3074 grati-

592 3101 810 3153 iicetur?
848 3099 1026 3154 Gratia
1057 3099 1198 3152 enim
1241 3107 1390 3159 erat,
1432 3098 1659 3165 colloqui
1700 3113 1819 3149 cum
1852 3099 2172 3150 accusatori-

591 3193 690 3245 bus
709 3231 724 3256 ,
757 3191 895 3259 quod
923 3200 1006 3243 est
1033 3191 1265 3254 corrupti
1293 3187 1490 3249 animi,
1521 3197 1574 3241 et
1614 3186 1855 3240 ordinem
1890 3187 2166 3240 turbantis.

595 3281 730 3335 Vide
759 3282 946 3334 iterum
981 3279 1118 3331 illius
1151 3287 1488 3348 prorogatum
1532 3276 1822 3344 judicium,
1863 3287 1918 3331 et
1955 3277 2172 3330 insidias

595 3369 985 3443 pra~dicationis
1019 3371 1354 3422 occasionem
1397 3367 1582 3421 factas.
1626 3367 1750 3422 Haec
1786 3367 1927 3421 enim
1959 3367 2172 3435 dispen-

593 3472 798 3526 sautur,
830 3471 884 3514 ut
913 3460 1065 3513 facile
1093 3469 1145 3513 et
1174 3474 1293 3511 cum
1317 3458 1559 3512 custodia
1585 3457 1978 3528 Jerosolymam
2005 3458 2170 3511 addu-

592 3567 764 3614 catur,
810 3551 1021 3605 nemine
1068 3550 1387 3602 insidiante:
1414 3564 1518 3602 non
1559 3549 1695 3601 idem
1737 3559 1852 3602 erat
1886 3549 2009 3603 illnc
2046 3552 2172 3604 sim-

593 3643 798 3712 pliciter
820 3641 1126 3705 adventare,
1150 3650 1339 3692 etcum
1367 3638 1455 3690 tali
1477 3653 1633 3692 causa
1659 3639 1860 3693 venire.
1881 3639 1994 3693 [loc
2013 3641 2170 3693 etiam

595 3735 642 3786 id
673 3731 849 3785 ell‘ecit
869 3773 883 3794 ,
914 3739 970 3782 ut
998 3729 1164 3783 Juda'i
1198 3730 1318 3780 illuc
1347 3729 1715 3782 c0nvenirent.
1753 3729 1950 3783 Deinde
1983 3729 2170 3782 iterum

597 3839 759 3875 inorce
786 3830 929 3885 sunt,
953 3821 1076 3873 dum
1107 3820 1194 3871 ille
1216 3818 1566 3889 Jerosolymis
1595 3830 1870 3874 versatur:
1897 3831 1958 3874 ut
1975 3821 2171 3887 diseas,

595 3915 754 3966 etiam
773 3926 891 3964 cum
913 3920 1118 3977 tempus
1137 3919 1296 3971 esset,
1320 3910 1534 3963 insidias
1558 3913 1842 3978 prmi-alere
1865 3927 1969 3965 non
1995 3929 2171 3980 posse,

598 4004 706 4055 lico
738 4017 839 4054 non
866 3999 1211 4053 concedente.
1237 4000 1463 4068 Agrippa
1487 4010 1654 4053 autem
1685 4001 1765 4052 hic
1786 4018 1874 4054 rex
1899 4013 1944 4055 et
1965 4001 2175 4057 Bernice

594 4093 955 4145 descenderunt
991 4089 1293 4144 Cwsaream.
1339 4090 1433 4144 llic
1462 4092 1693 4160 Agrippa
1715 4132 1728 4155 ,
1761 4094 1846 4160 qui
1879 4095 2037 4147 etiam
2073 4095 2174 4149 Ile-

592 4186 773 4250 rodes,
829 4184 964 4237 alius
1011 4190 1092 4234 est
1146 4191 1264 4249 post
1316 4197 1436 4235 eum
1490 4183 1578 4252 qui
1633 4182 1887 4237 Jacobum
1942 4185 2172 4250 occidit,

594 4285 651 4328 ut
701 4275 769 4328 sit
820 4285 1058 4342 quartus.
1119 4273 1250 4327 Vide
1307 4273 1550 4328 inimicos
1589 4276 1674 4328 vel
1715 4275 1906 4330 invitos
1964 4280 2178 4346 conspi-

596 4381 736 4420 rare.
795 4363 866 4419 Ut
906 4380 1031 4416 vero
1074 4379 1261 4432 magna
1305 4363 1602 4418 auditorum
1652 4365 1943 4435 frequentia
1990 4380 2174 4432 esset,

598 4459 650 4510 in
693 4454 1018 4510 desiderium
1067 4453 1250 4507 incidit
1291 4455 1519 4524 Agrippa
1560 4456 1729 4523 ipsum
1767 4458 2054 4513 audiendi:
2084 4477 2179 4514 nec

595 4561 885 4617 utcumque
915 4546 1134 4610 audivit,
1165 4546 1257 4600 sed
1300 4562 1419 4600 cum
1449 4558 1726 4617 apparatu.
1754 4550 1819 4603 Et
1849 4551 1970 4604 vide
1996 4551 2182 4605 defen-

595 4644 824 4703 sionem,
856 4655 1009 4706 quam
1044 4654 1245 4707 przescs
1271 4639 1472 4708 profert
1497 4659 1508 4692 :
1531 4639 1658 4693 Cum
1681 4652 1845 4694 autent
1876 4661 1982 4712 ipse
2007 4647 2182 4713 appel-

598 4733 747 4785 lasset
781 4733 846 4783 ad
872 4733 1169 4801 Augustum,
1190 4733 1419 4802 judicuvi
1441 4733 1633 4786 mittere
1656 4733 1799 4785 illum
1824 4750 1842 4786 :
1860 4737 1922 4786 de
1947 4753 2044 4802 quo
2065 4738 2184 4803 quid

602 4838 791 4879 certum
821 4828 1032 4878 scribant
1063 4827 1286 4889 domino,
1320 4842 1417 4877 non
1447 4825 1624 4877 habeo.
1649 4823 1738 4879 Sic
1764 4827 1945 4880 scribit
1975 4826 2180 4890 Festus,

603 4926 652 4968 et
681 4915 970 4967 traducitur
986 4915 1200 4968 Judaica
1216 4915 1501 4968 crudelitas
1524 4932 1536 4966 :
1556 4931 1674 4969 cum
1697 4916 1838 4970 enim
1863 4916 1961 4971 hoc
1986 4934 2181 4987 prreses

600 5009 764 5070 dicat,
797 5017 1100 5072 suspectum
1131 5022 1233 5058 non
1266 5014 1367 5058 est.
1402 5006 1528 5060 ldeo
1558 5016 1736 5060 autem
1761 5008 1904 5072 dicit,
1941 5019 1997 5061 nt
2024 5010 2091 5064 ab
2118 5025 2184 5062 eo

606 5101 722 5160 ipso
743 5097 1066 5150 damnentur
1090 5095 1258 5148 Judu-i
1287 5117 1298 5149 :
1327 5106 1604 5166 postquam
1637 5107 1810 5150 autem
1839 5114 2023 5151 onmes
2051 5115 2183 5152 con-

607 5189 929 5240 denmarunt
945 5191 1106 5255 ipsos,
1124 5199 1246 5239 tunc
1266 5189 1516 5240 ultionem
1535 5188 1767 5240 immittit
1783 5189 1939 5242 Dcns‘.
1953 5190 2183 5242 Observa

613 5287 787 5331 autem
814 5294 825 5329 :
852 5278 1117 5330 damnavit
1151 5276 1334 5346 Lysias
1361 5319 1373 5339 ,
1406 5278 1677 5331 damnavit
1707 5278 1850 5332 Felix
1874 5321 1887 5342 ,
1917 5280 2186 5334 damnavit

619 5366 804 5422 Festus
827 5380 880 5423 et
908 5371 938 5420 ii
962 5370 1046 5437 qui
1074 5369 1503 5437 gratiﬁcahantur
1525 5371 1620 5431 eis,
1647 5371 1908 5425 damnavit
1936 5376 2183 5443 Agrippa.

618 5459 753 5526 Quid
796 5461 966 5512 ulna?
1009 5463 1406 5514 lbuurizwerunt
1452 5476 1545 5515 eos
1592 5464 1686 5532 ipsi
1729 5463 2001 5527 Pbarisa~j.
2037 5468 2186 5532 Quod

612 5553 702 5607 ille
730 5553 1088 5614 damnaverit,
1123 5553 1240 5603 audi
1274 5553 1443 5621 ipsum
1485 5553 1745 5608 dicentem
1774 5573 1786 5607 :
1814 5555 2028 5610 Nuliam
2070 5575 2190 5610 cau-

617 5659 726 5698 sam
753 5643 1059 5710 deferebant,
1085 5660 1145 5696 ea:
1169 5646 1342 5711 quibus
1366 5663 1456 5715 rgo
1482 5647 1793 5715 sitspicnbur.
1819 5648 1975 5703 Certe
1998 5653 2189 5705 attule-

620 5747 765 5797 runt.
789 5732 881 5788 sed
906 5748 1013 5792 non
1034 5737 1378 5792 conviccrunt
1407 5757 1415 5791 :
1440 5738 1642 5793 insidia:
1669 5756 1892 5810 namque
1915 5752 1963 5796 et
1990 5741 2191 5797 facinus

1299 351 1356 408 S.
1395 348 1670 407 JOANNIS
1707 339 2180 402 CHRYSOSTOMI
2222 341 2535 398 AﬂClllEP.
2566 339 3096 398 CONSTANTINOP.
3752 334 3862 389 3216

2271 455 2405 507 hanc
2441 455 2801 522 suspicionem
2845 453 3144 521 pariebant,
3189 449 3459 518 inquisitio
3499 463 3679 500 autem
3725 448 3861 496 Ιίίὶιιι

2271 545 2395 597 tale.
2431 540 2496 594 Et
2527 544 2590 596 de
2614 546 2831 612 quodam
2857 543 3004 606 Jesu,
3040 542 3229 608 inquit,
3264 541 3519 607 defuncto.
3551 539 3679 589 Jnre
3709 536 3863 594 dicit,

2268 635 2346 688 De
2377 636 2627 704 quodam,
2669 647 2856 705 utpote
2886 636 2974 704 qui
3009 635 3370 703 magistratum
3403 641 3644 697 gereret,
3689 643 3869 696 neque

2270 726 2386 780 lucc
2414 738 2648 782 curaret.
2681 728 2881 781 Eadem
2911 728 2978 778 de
3007 739 3166 779 causa
3195 723 3324 776 dicit
3348 741 3360 774 :
3395 721 3652 774 stitnns
3679 737 3773 790 ego
3803 722 3871 773 de

2269 820 2561 888 hujusmodi
2588 822 2882 888 quastione.
2915 820 3124 872 Etenim
3159 818 3340 870 talium
3377 833 3552 869 rerum
3586 814 3866 881 inquisitio

2269 912 2386 964 talis
2410 911 2605 977 jndicis
2631 925 2786 965 aures
2817 927 2942 964 vero
2971 907 3397 962 transcendebat.
3435 907 3501 960 Et
3532 908 3573 959 si
3609 908 3829 959 Il:t'Sil.'H
3851 947 3864 968 ,

2267 1020 2364 1056 cur
2392 1003 2783 1074 Jerosolymam
2817 1002 3018 1056 trahis?
3051 1002 3172 1054 ldeo
3217 999 3409 1052 Paulus
3453 999 3570 1065 ejus
3603 998 3865 1062 judicium

2267 1096 2596 1161 detrectans,
2625 1095 2999 1164 Caesaremque
3020 1093 3312 1162 appellans,
3341 1092 3469 1145 dicit
3495 1109 3506 1142 :
3533 1092 3612 1144 Ad
3641 1092 3870 1144 tribunal

2270 1185 2484 1240 δίεισι-ιε
2522 1196 2620 1251 sto,
2662 1187 2746 1239 ubi
2785 1203 2862 1238 me
2899 1195 3088 1254 oportet
3119 1185 3345 1253 judirari
3368 1199 3385 1246 ,'
3415 1182 3609 1238 etenim
3653 1183 3720 1235 de
3765 1183 3868 1236 hoc

2267 1279 2612 1332 accusabant.
2645 1279 2814 1332 Audis
2844 1278 3301 1347 appellationem?
3328 1277 3481 1331 audis
3514 1277 3736 1330 insidias
3767 1277 3864 1330 Ju-

2267 1368 2536 1421 daaorum?
2564 1368 2716 1422 audis
2743 1368 3097 1422 seditionem?

2339 1457 2390 1510 4.
2428 1457 2550 1511 Ila'c
2588 1459 2764 1511 omnia
2805 1460 3089 1528 Agrippam
3131 1459 3196 1511 ad
3238 1457 3488 1512 audiendi
3528 1457 3868 1512 desiderium

2267 1550 2621 1602 concitarunt.
2665 1550 2732 1602 Et
2773 1550 2862 1604 dat
2911 1549 3099 1604 Festus
3148 1550 3410 1619 gratiam,
3461 1559 3515 1604 et
3567 1550 3623 1602 ﬁt
3676 1562 3865 1620 postea

2271 1641 2462 1694 Paulus
2486 1641 2699 1695 clarior.
2731 1643 2875 1696 Talia
2896 1686 2909 1708 ,
2957 1653 3013 1695 nt
3056 1643 3162 1695 di.\i
3185 1685 3199 1707 ,
3245 1643 3449 1696 insidize
3479 1644 3864 1697 conciliarunt.

2269 1732 2323 1785 Si
2358 1734 2470 1787 hinc
2503 1751 2606 1787 non
2637 1735 2894 1800 fuissent,
2930 1736 3107 1789 nullus
3140 1737 3437 1804 principum
3473 1737 3647 1805 ipsum
3678 1736 3870 1790 audire

2269 1825 2515 1892 dignatus
2546 1835 2721 1888 esset,
2755 1825 2929 1878 nullus
2956 1842 3075 1878 eum
3117 1835 3263 1878 tanto
3294 1827 3526 1880 silentio.
3563 1827 3626 1880 Et
3655 1827 3870 1881 videtur

2268 1915 2483 1983 quidem
2514 1916 2599 1969 ille
2623 1917 2819 1972 docere
2845 1929 2897 1970 et
2927 1932 3046 1971 sese
3074 1917 3387 1984 defendere,
3413 1919 3506 1973 sed
3538 1920 3715 1987 potius
3742 1935 3868 1973 cum

2269 2010 2527 2080 dignitate
2567 2026 2754 2080 magna
2786 2013 3157 2066 concionatur.
3199 2011 3275 2066 Ne
3303 2027 3430 2082 ergo
3458 2021 3712 2080 putemus
3750 2028 3866 2067 rem

2269 2119 2483 2172 gravem
2514 2104 2734 2157 insidias
2760 2119 2901 2158 esse.

2344 2192 2508 2246 Nemo
2539 2193 2740 2246 lwditur
2776 2195 2873 2247 nisi
2910 2212 2940 2245 a
2979 2195 3160 2260 seipse.
3195 2192 3445 2261 Rupinam
3478 2194 3870 2248 insectatur.—

2273 2283 2428 2337 lllodo
2470 2284 2622 2338 nobis
2652 2285 2782 2352 ipsis
2814 2302 2916 2337 non
2960 2285 3270 2338 insidientur
3294 2325 3310 2349 ,
3354 2300 3510 2340 nemo
3543 2287 3700 2339 nobis
3732 2287 3868 2340 insi-

2271 2376 2402 2428 diari
2424 2377 2644 2443 poterit;
2669 2377 2773 2428 imo
2793 2376 3111 2428 insidiantur
3127 2376 3364 2444 quidem,
3384 2377 3474 2430 sed
3494 2376 3624 2429 nihil
3647 2390 3868 2441 nocent,

2271 2466 2362 2518 sed
2397 2466 2629 2519 maxime
2675 2477 2917 2534 prosunt.
2965 2466 3145 2535 Itaque
3175 2482 3342 2535 penes
3369 2482 3466 2519 nos
3496 2476 3608 2529 est,
3643 2477 3692 2521 et
3724 2468 3871 2520 malo

2273 2555 2409 2608 afﬁt-i
2451 2566 2505 2608 et
2545 2572 2648 2610 non
2681 2555 2838 2609 afﬁci.
2873 2557 3008 2610 Ecce
3041 2556 3298 2611 testiﬁcor
3325 2566 3380 2610 et
3409 2572 3595 2625 magna
3622 2557 3871 2625 tubaque

2271 2651 2501 2703 clariore
2538 2665 2668 2703 voce
2687 2649 2824 2713 dico,
2849 2659 2902 2703 et
2923 2651 2965 2703 si
2993 2651 3172 2703 liceret
3213 2650 3263 2700 in
3287 2650 3452 2702 altum
3477 2649 3652 2702 locum
3678 2665 3872 2702 ascen-

2273 2737 2423 2802 dere,
2444 2755 2548 2792 non
2574 2755 2874 2793 recusarem
2903 2756 2913 2791 :
2939 2739 3300 2792 Christianum
3318 2754 3421 2792 non
3444 2754 3600 2807 posse
3622 2756 3650 2792 a
3672 2741 3872 2807 quovis

2276 2830 2556 2884 hominein
2584 2842 2718 2882 terra
2741 2829 3012 2883 habitante
3040 2829 3178 2885 lmdi.
3202 2829 3263 2882 Et
3285 2829 3409 2898 quid
3437 2831 3579 2895 dico,
3604 2829 3827 2883 homine
3846 2832 3874 2883 τ

2272 2919 2348 2973 Ne
2382 2921 2494 2988 ipse
2523 2920 2736 2989 quidem
2769 2922 3002 2981 dromon,
3049 2922 3128 2973 vel
3177 2931 3434 2990 tyrannus
3457 2962 3470 2984 ,
3505 2922 3587 2974 vel
3619 2921 3874 2976 diabolus

2273 3023 2470 3078 potest,
2499 3013 2600 3064 nisi
2633 3027 2690 3065 se
2720 3012 2831 3079 ipse
2875 3011 3048 3064 bedat.
3083 3011 3138 3065 Si
3171 3027 3298 3078 ergo
3327 3014 3447 3080 quis
3477 3013 3630 3066 nobis
3663 3016 3871 3068 malum

2277 3103 2473 3156 inferre
2497 3103 2658 3165 velit,
2690 3102 2953 3154 incassum
2989 3103 3234 3155 tentahit.
3267 3103 3416 3156 Sicut
3441 3105 3585 3156 enim
3614 3104 3868 3171 angelum

2277 3192 2453 3245 nullus
2481 3193 2533 3244 in
2565 3203 2700 3245 terra
2732 3193 2890 3244 homo
2921 3193 3078 3245 laedat
3101 3234 3116 3257 ,
3147 3194 3225 3246 sic
3252 3209 3350 3246 nec
3381 3195 3542 3248 homo
3570 3195 3870 3252 hominem.

2277 3285 2382 3338 Sed
2427 3299 2598 3352 neque
2641 3285 2755 3351 ipse
2793 3285 2952 3336 alium
2989 3285 3178 3337 Ia'dcro
3212 3285 3436 3352 poterit,
3483 3285 3656 3340 donec
3697 3288 3874 3341 bonus

2275 3377 2399 3429 erit.
2431 3375 2566 3440 Quid
2597 3390 2724 3441 ergo
2749 3374 2870 3426 huic
2901 3391 2993 3441 par
3022 3391 3139 3427 esse
3163 3377 3349 3443 possit,
3375 3393 3531 3443 quem
3563 3378 3738 3430 nullus
3771 3378 3871 3430 la:-

2275 3468 2425 3532 dere,
2458 3467 2545 3534 qui
2577 3467 2777 3518 nullutn
2806 3466 2999 3519 lmderc
3030 3466 3240 3518 valeat?
3269 3482 3387 3518 nam
3425 3469 3525 3521 hoc
3556 3484 3658 3520 non
3692 3469 3873 3522 minus

2278 3558 2369 3610 illo
2398 3569 2500 3618 est,
2531 3556 2672 3624 quod
2709 3556 2909 3609 nullum
2939 3557 3132 3609 la-derc
3166 3558 3310 3610 velit.
3343 3555 3480 3624 Ergo
3511 3558 3728 3628 angelus
3749 3560 3875 3627 qui-

2276 3650 2397 3701 dant
2429 3658 2510 3701 est
2537 3659 2590 3701 et
2620 3648 2729 3701 Deo
2769 3648 2978 3700 similis.
3014 3647 3160 3699 Talis
3188 3648 3326 3699 enim
3361 3658 3412 3702 et
3446 3648 3585 3701 Dens
3611 3659 3725 3710 est;
3771 3651 3871 3704 sed

2279 3740 2365 3793 ille
2397 3749 2580 3792 natura
2609 3778 2626 3802 ,
2670 3738 2758 3791 hic
2801 3739 3090 3805 proposito.
3135 3737 3314 3806 Neque
3347 3753 3475 3805 ergo
3507 3739 3652 3804 laedi,
3694 3754 3873 3807 neque

2279 3830 2471 3883 laedere
2502 3836 2692 3897 potest.
2725 3826 2853 3879 lllnd
2883 3843 3030 3890 vero,
3058 3843 3160 3879 uoa
3193 3837 3386 3893 potest,
3424 3845 3488 3882 ne
3517 3838 3667 3896 putes
3695 3830 3872 3884 imbe-

2279 3919 2514 3972 cillitatis
2543 3934 2664 3971 esse
2695 3918 3046 3987 (contrarium
3080 3918 3218 3969 enim
3251 3917 3585 3972 imbecillitas
3611 3921 3744 3990 est);
3775 3921 3873 3975 sed

2281 4025 2386 4063 non
2405 4023 2523 4062 esse
2544 4023 2791 4075 capacem
2810 4006 2950 4059 diro.
2971 4006 3057 4059 Illa
3082 4006 3274 4075 quippe
3299 4015 3480 4060 natura
3501 4022 3599 4062 nec
3614 4008 3873 4063 dammun

2280 4104 2473 4170 accipit
2499 4142 2511 4163 ,
2556 4116 2653 4154 nec
2693 4099 2848 4154 infert
2887 4118 2898 4151 :
2935 4116 3055 4152 nam
3099 4099 3198 4152 hoc
3237 4099 3378 4152 aliud
3413 4100 3660 4153 damnum
3702 4111 3874 4157 esset.

2283 4193 2494 4246 Etenim
2519 4207 2620 4242 non
2645 4191 2751 4242 alio
2776 4204 2873 4242 nos
2902 4189 3048 4255 ipsos
3074 4189 3232 4240 modo
3264 4189 3522 4253 Itedimus,
3549 4206 3707 4260 quam
3735 4192 3879 4246 alios

2288 4283 2551 4342 hedcndo,
2582 4290 2637 4335 et
2666 4281 2891 4333 maxima
2928 4289 3144 4348 peccata
3180 4290 3359 4332 nostra
3387 4295 3456 4333 ex
3489 4279 3685 4334 damno
3717 4283 3879 4336 nobis

2287 4375 2575 4442 importato
2618 4373 2769 4425 ﬁunt.
2820 4370 2941 4422 ldeo
2979 4385 3104 4438 ergo
3135 4369 3470 4423 Christianus
3503 4371 3618 4425 ἱερόί
3653 4374 3876 4440 nequit,

2285 4464 2425 4530 quod
2453 4462 2649 4517 laedere
2674 4479 2776 4514 non
2810 4461 2990 4529 possit.
3022 4460 3300 4526 Quomodo
3328 4461 3462 4516 alios
3494 4461 3747 4517 lmdenti-s
3777 4479 3880 4517 nos

2287 4558 2431 4624 ipsos
2460 4555 2737 4614 la-damus,
2771 4568 2979 4622 agc,res
3005 4554 3239 4622 singulas
3269 4554 3641 4621 pervadentes,
3672 4556 3878 4610 dictum

2287 4646 2646 4715 esploremus.
2677 4644 2860 4698 chtlat
2892 4645 3031 4712 quis,
3063 4646 3385 4697 contumelia
3414 4645 3631 4711 ofﬁciat,
3663 4648 3840 4713 rapiat
3873 4669 3884 4704 :

2287 4753 2442 4806 quem
2486 4736 2652 4790 la-sit‘?
2695 4749 2872 4787 nonne
2912 4735 3058 4802 prius
3097 4733 3541 4800 seq-sum?Nulli
3582 4745 3728 4790 certe
3773 4754 3886 4792 non

2290 4829 2628 4884 manifestmu
2657 4837 2758 4882 est.
2793 4827 2943 4880 Lasso
2971 4826 3111 4879 enim
3145 4825 3195 4878 in
3228 4828 3465 4894 pecuniis
3489 4828 3740 4882 damnum
3774 4843 3883 4890 est,

2290 4921 2412 4974 huic
2443 4921 2492 4972 in
2521 4920 2694 4971 anima
2721 4935 2735 4972 ι
2763 4934 2880 4970 nam
2907 4907 3063 4985 hujus
3086 4918 3258 4971 anima
3285 4919 3335 4971 in
3361 4921 3649 4988 perniciem
3672 4931 3725 4975 et
3753 4936 3887 4991 snp-

2295 5015 2506 5082 plicium
2537 5013 2714 5065 datur.
2748 5012 2949 5063 Rursus
2977 5011 3208 5065 invideat
3237 5012 3373 5066 alter
3397 5032 3410 5067 :
3433 5030 3591 5082 quem
3627 5016 3672 5068 is
3700 5016 3884 5069 laesit?

2296 5120 2492 5168 nonne,
2518 5117 2718 5172 quaeso,
2746 5101 3017 5168 seipsum?
3039 5101 3180 5155 Talis
3205 5113 3287 5156 est
3313 5105 3454 5158 enim
3487 5106 3755 5170 iniustitia:
3785 5122 3884 5158 na-

2296 5206 2432 5258 tura,
2485 5211 2602 5264 quze
2653 5196 2696 5247 si
2740 5195 3043 5262 gignentem
3087 5196 3276 5249 millies
3318 5196 3495 5260 hrdat,
3538 5197 3698 5250 alium
3749 5213 3886 5252 vero

2295 5303 2520 5357 parum;
2567 5288 2674 5339 imo
2723 5285 2843 5337 huic.
2869 5287 3027 5339 etiam
3059 5287 3246 5353 prosit.
3280 5289 3347 5340 At
3374 5288 3501 5341 nihil
3535 5289 3634 5341 ﬁde
3656 5288 3890 5357 dignum

2295 5380 2543 5432 dixerim.
2578 5379 2703 5431 Esto
2731 5377 2986 5445 igitm‘(iu
3016 5379 3098 5431 his
3123 5379 3264 5432 enim
3293 5380 3522 5433 maxime
3551 5390 3714 5434 totum
3743 5397 3899 5436 cun-

2297 5469 2457 5540 sistit)
2487 5485 2685 5537 pauper
2710 5469 2969 5521 tantillum
2997 5471 3196 5522 habens
3221 5471 3552 5537 pecuuiaget
3579 5475 3897 5530 necessm'io

2301 5561 2588 5613 instructus
2626 5560 2777 5620 cibo;
2820 5559 2955 5613 alLus
2995 5575 3121 5612 vero
3161 5562 3309 5613 dives
3347 5572 3398 5613 et
3439 5563 3741 5631 opulentus,
3786 5579 3890 5633 po.

2305 5663 2489 5706 testate
2518 5653 2721 5717 valens,
2755 5654 2840 5721 qui
2870 5670 2930 5708 ea
2962 5671 3080 5722 qua:
3108 5665 3231 5708 sum
3259 5657 3503 5724 pauperis
3536 5658 3742 5726 rapiat,
3788 5676 3893 5714 nu-

2305 5750 2428 5797 dum
2459 5746 2600 5798 illum
2633 5746 2819 5800 reddat
2846 5757 2894 5800 el
2921 5747 3256 5812 famelicum;
3290 5748 3374 5802 illc.
3405 5766 3526 5803 vero
3556 5765 3620 5803 ex
3654 5745 3742 5811 iis,
3763 5762 3907 5817 qua:
