4094 6336
202 438 302 499 38".

204 558 401 627 injuste
440 550 546 622 Ipsi
588 547 786 617 rapuit,
829 544 882 598 in
922 537 1130 595 deliciis
1168 535 1312 587 vivat
1338 550 1350 584 :
1376 530 1466 627 hic
1504 540 1616 627 non
1641 521 1813 627 .modo

207 619 498 722 pauperem
528 659 635 697 non
664 640 820 699 laesit,
853 634 945 689 sed
975 631 1135 685 etiam
1167 626 1264 695 ipsi
1294 621 1522 695 profuit;
1554 619 1652 721 sibi
1686 628 1814 722 vero

207 708 325 797 non.
355 739 519 795 modo
563 751 671 790 non
719 729 938 802 profuit,
982 724 1074 778 sed
1117 722 1276 776 etiam
1317 717 1574 772 damnum
1616 708 1811 763 intulit.

206 829 535 902 Quomodo?
582 800 765 883 Primo
794 817 1013 890 quidem
1041 831 1071 868 a
1101 812 1237 867 mala
1266 805 1595 864 conscientia
1629 800 1818 855 verbe-

207 896 358 979 ratus
382 964 397 987 ,
441 931 499 976 et
526 915 767 990 quotidie
794 909 1088 969 cruciatus,
1121 903 1189 957 ab
1217 900 1470 955 omnibus
1493 896 1814 951 damnatus;

210 1014 517 1083 deindeque
546 986 600 1065 in
649 1011 828 1062 futuro
854 1000 1081 1072 judicio.
1123 995 1229 1052 Sed
1257 991 1399 1063 quod
1431 990 1519 1043 hic
1548 986 1817 1083 laedatur,

213 1110 342 1161 hinc
374 1078 550 1171 palam
580 1110 696 1164 est;
738 1094 1010 1168 quomodo
1039 1098 1220 1145 autem
1249 1086 1338 1140 ille
1366 1083 1653 1138 utilitatem
1679 1078 1818 1132 acci-

214 1200 311 1269 pit,
342 1196 518 1252 dicas.
553 1191 688 1258 Quia
719 1188 859 1244 male
884 1184 1026 1239 aftici
1054 1192 1109 1235 et
1136 1178 1348 1233 fortiter
1372 1175 1537 1239 ferre,
1564 1184 1819 1269 magn-nm

213 1263 377 1345 habet
400 1290 613 1345 lucrmn
640 1301 653 1336 :
677 1291 756 1337 est
788 1278 931 1333 enim
961 1282 1304 1345 peccatorum
1335 1266 1556 1330 solutio,
1585 1263 1825 1334 graviter

212 1381 401 1450 afﬂigi,
432 1388 511 1434 est
547 1371 900 1446 philosOphia'.
924 1364 1286 1438 gymnasium,
1315 1358 1528 1415 virtutis
1551 1355 1816 1410 doctrina.

214 1446 511 1528 Videamus
535 1482 667 1539 ergo
695 1474 811 1520 uter
839 1464 890 1516 in
921 1460 1076 1514 malis
1102 1458 1191 1522 sit,
1227 1454 1315 1509 hic
1344 1468 1411 1506 an
1445 1452 1553 1505 ille.
1585 1448 1680 1504 Ille
1707 1446 1824 1517 qui-

213 1565 337 1620 dem
366 1562 413 1617 si
443 1557 798 1631 philosophus
819 1555 909 1617 sit,
942 1551 1151 1605 fortiter
1179 1550 1347 1608 feret;
1378 1545 1465 1598 hic
1494 1559 1620 1597 vero
1646 1539 1825 1610 qttnti-

213 1657 303 1712 die
332 1656 389 1709 in
415 1664 655 1709 tremore
679 1658 732 1704 et
760 1646 1065 1715 suspicione
1106 1642 1210 1696 erit
1237 1658 1250 1693 :
1280 1649 1403 1692 uter
1427 1651 1558 1706 ergo
1587 1634 1821 1697 laeditur,

214 1746 304 1802 hic
344 1760 417 1800 an
458 1742 590 1798 ille?
628 1738 857 1794 Fabulas
896 1749 1108 1795 narras,
1158 1730 1368 1799 inquies
1401 1747 1414 1782 :
1449 1724 1667 1797 quando
1705 1724 1827 1794 quis

218 1838 366 1907 quod
399 1836 525 1892 edat
552 1848 660 1888 non
687 1830 867 1895 habet,
895 1838 948 1883 et
974 1823 1257 1881 lamentari
1290 1820 1706 1888 mendicareque
1735 1832 1826 1873 co.

221 1933 391 2004 gitur,
434 1944 535 1983 nec
571 1925 785 1994 accipit,
821 1937 1000 1977 nonne
1039 1919 1200 1975 simul
1230 1925 1285 1972 et
1312 1930 1543 1986 corpore
1568 1922 1625 1968 et.
1649 1912 1826 1967 anima

219 2023 410 2096 perit?
456 2022 569 2074 lino
618 2017 823 2071 fabulas
866 2026 922 2069 tu
965 2027 1184 2075 narras;
1226 2025 1328 2079 ego
1369 2022 1459 2063 res
1499 2007 1643 2076 ipsas
1681 2020 1830 2059 eom-

221 2124 491 2173 monstro.
529 2113 623 2165 Dic
654 2111 797 2165 enim
830 2107 959 2162 mihi
985 2149 1000 2170 ,
1036 2106 1291 2160 nullusne
1321 2102 1545 2158 divitum
1578 2100 1681 2155 fert
1708 2115 1833 2153 crn-

219 2206 464 2264 ciatum?
491 2202 630 2271 Quid
665 2199 864 2271 igitur?
893 2214 962 2253 an
1007 2198 1058 2252 id
1104 2212 1169 2252 ex
1204 2203 1521 2265 paupertate
1554 2191 1832 2267 provenit?

221 2301 329 2357 Sed
372 2313 483 2353 non
522 2296 732 2351 esurit?
760 2293 826 2348 Et
864 2292 990 2360 quid
1030 2290 1132 2344 hoc
1172 2289 1297 2344 est?
1328 2287 1496 2358 Major
1535 2287 1636 2342 erit
1679 2286 1831 2348 ultio,

222 2390 445 2463 quando
475 2404 599 2444 cum
635 2386 840 2441 divitiis
870 2387 970 2438 hoc
1004 2382 1208 2437 fecerit.
1243 2380 1425 2450 Neque
1452 2371 1600 2434 enim
1632 2376 1835 2431 divitia:

224 2484 422 2538 fortem
454 2479 711 2544 reddunt,
737 2491 911 2546 neque
934 2484 1220 2545 paupertas
1244 2471 1606 2532 imbecillum;
1637 2469 1835 2534 aliaqui

226 2574 411 2629 nullus
440 2571 823 2642 opulentorum
849 2567 1101 2621 miseram
1124 2573 1308 2634 ageret
1331 2565 1518 2627 vitam,
1548 2560 1839 2628 nullusque

228 2680 531 2736 pauperum
582 2662 683 2716 sibi
740 2658 1111 2715 malediceret.
1165 2654 1319 2723 Quod
1373 2670 1506 2707 vero
1558 2667 1839 2707 sermones

228 2759 399 2814 vestri
433 2772 564 2811 vere
597 2753 771 2809 fabula
802 2754 929 2816 sTnt,
967 2751 1091 2804 hinc
1120 2748 1294 2818 palam
1330 2746 1541 2802 faciam.
1574 2745 1843 2800 Paulusne

230 2856 282 2908 in
323 2851 533 2906 divitiis
571 2857 711 2913 erat,
753 2862 820 2901 an
864 2847 915 2899 in
952 2826 1321 2914 paupertate?
1363 2840 1502 2894 fame
1541 2838 1841 2905 laborabat,

231 2942 450 2999 annon?
482 2938 661 3011 Ipsum
690 2935 879 2991 audire
906 2935 1035 2989 licet
1063 2932 1337 2987 dicentem
1366 2973 1379 2993 ,
1426 2929 1489 2984 In
1521 2931 1657 2999 {ante
1684 2937 1730 2982 et
1761 2929 1845 2981 siti

236 3034 316 3101 (2.
346 3032 469 3087 Cor.
516 3030 605 3085 Η.
640 3028 756 3097 27).
786 3025 1072 3095 Propheta:
1117 3021 1465 3078 csuricbant?
1504 3021 1722 3074 annon?
1766 3019 1843 3073 Illi

234 3142 455 3197 quoque
484 3124 537 3177 in
569 3121 725 3175 malis
750 3129 925 3174 erant.
959 3118 1165 3171 Rursus
1196 3115 1415 3169 Paulum
1444 3114 1577 3169 mihi
1614 3112 1843 3181 profers.

236 3230 431 3272 rursus
478 3212 793 3284 prophetas,
837 3208 1025 3263 decem
1071 3217 1166 3261 aut
1202 3206 1386 3277 viginti
1429 3203 1696 3260 homines.
1741 3204 1847 3261 Sed

239 3311 385 3364 unde
440 3308 560 3361 vis?
612 3305 693 3360 Ex
740 3302 1107 3367 multitudine,
1156 3301 1386 3370 inquies,
1439 3300 1668 3354 ostende
1718 3298 1852 3353 mihi

240 3400 511 3473 quosdam
542 3400 631 3467 qui
662 3397 871 3451 fortiter
902 3394 1096 3448 ferant.
1143 3392 1247 3448 Sed
1282 3408 1461 3445 rarum
1505 3406 1721 3460 semper
1750 3391 1853 3448 hoc

240 3504 351 3561 est,
403 3492 556 3562 pauci
597 3491 722 3545 boni
767 3497 913 3543 sunt.
956 3487 1013 3541 Si
1064 3485 1144 3540 vis
1179 3496 1382 3549 autem,
1431 3500 1547 3539 rem
1592 3486 1643 3539 in
1675 3484 1853 3555 seipsa

240 3587 641 3642 examinemus.
667 3580 959 3635 Videamus
986 3578 1140 3647 cujus
1169 3576 1478 3631 sollicitudo
1501 3578 1675 3646 major
1706 3578 1775 3632 sit
1802 3588 1857 3631 et

244 3678 503 3747 gravior,
537 3675 690 3743 cujus
722 3673 910 3727 levior.
959 3669 1149 3727 Nonne
1180 3667 1267 3724 hic
1296 3684 1393 3740 pro
1421 3671 1729 3725 necessario
1761 3671 1856 3726 ali-

248 3779 437 3826 mento
466 3765 734 3821 sollicitus
774 3770 893 3825 est,
924 3763 1013 3817 ille
1042 3776 1139 3831 pro
1171 3761 1471 3817 innumeris
1492 3761 1653 3815 rebus
1684 3763 1857 3831 ipsmu

248 3860 435 3915 cibum
480 3857 776 3926 relinquit?
822 3855 938 3909 Non
986 3852 1181 3908 famem
1234 3856 1388 3906 timet
1417 3852 1588 3915 dives,
1632 3854 1726 3908 scd
1758 3857 1859 3909 alia

254 3950 553 4015 formidat;
595 3963 740 4019 smpe
770 3962 867 4017 pro
893 3946 1067 4001 salute
1097 3949 1268 4002 timet.
1300 3945 1417 3999 Non
1446 3957 1597 4001 vacat
1619 3948 1721 4001 cibi
1750 3951 1861 4002 stil-

257 4043 537 4097 licitndine
578 4058 806 4113 pauper,
856 4043 950 4098 sed
998 4043 1120 4097 aliis
1171 4053 1325 4097 vacat
1372 4044 1863 4108 sollicitudinibus,

259 4139 613 4192 securitatem
646 4136 827 4201 habet,
856 4137 1117 4207 quietem,
1148 4138 1613 4207 tranquillitatem.

336 4232 392 4286 5.
426 4229 676 4300 Alioquin
710 4243 871 4294 vero,
904 4231 947 4283 si
977 4230 1174 4298 injuste
1204 4245 1366 4300 agere
1396 4233 1590 4288 malum
1618 4249 1722 4287 non
1750 4242 1831 4289 est
1851 4274 1868 4299 ,

262 4323 362 4379 sed
390 4324 616 4389 bonum,
645 4337 741 4377 cur
767 4322 1189 4378 confundimur?
1216 4340 1312 4377 cur
1342 4325 1749 4383 erubescimus?
1777 4344 1875 4383 cur

270 4415 487 4487 probris
536 4415 711 4469 affecti
763 4415 1125 4484 indignamur,
1177 4431 1320 4486 a‘gre
1363 4418 1622 4472 ferimus?
1667 4418 1723 4475 Si
1768 4438 1873 4475 non

268 4509 471 4564 bonum
509 4515 593 4561 est
626 4507 823 4575 injuste
863 4506 1027 4577 afﬂigi
1052 4550 1065 4570 ,
1097 4523 1195 4562 cur
1221 4524 1282 4562 ea
1308 4494 1376 4563 de
1410 4526 1467 4564 re
1495 4511 1795 4580 gaudemus
1823 4524 1878 4567 et

268 4598 602 4669 gloriamur,
636 4606 690 4651 et
720 4614 818 4651 nos
856 4597 1213 4665 justifieamus
1239 4616 1299 4653 ea
1332 4601 1397 4654 de
1436 4604 1640 4656 eausa?
1669 4602 1762 4657 Vis
1794 4604 1845 4657 di
1867 4634 1880 4644 -

273 4706 429 4745 scere
456 4688 726 4759 quomodo
751 4692 853 4743 hoc.
877 4691 969 4744 illo
991 4693 1062 4745 sit
1082 4694 1313 4747 melius?
1342 4695 1472 4750 Vide
1494 4696 1705 4763 ambos,
1736 4699 1880 4753 hunc

272 4792 333 4837 et
354 4782 521 4835 illum.
549 4780 657 4835 Cur
687 4780 838 4852 leges
877 4784 1045 4837 sunt?
1068 4799 1163 4837 cur
1193 4786 1522 4841 tribunalia?
1550 4804 1647 4842 cur
1676 4791 1882 4859 suppli—

275 4874 406 4929 cia?
452 4887 631 4926 nonne
674 4882 894 4942 propter
936 4874 1059 4927 illos
1086 4885 1143 4928 ut
1172 4879 1531 4946 mgrotantes?
1562 4881 1666 4936 Sed
1717 4881 1883 4937 multa

276 4965 530 5033 voluptas
552 4972 656 5029 est,
686 4964 915 5034 inquies.
947 4964 1143 5019 Futura
1168 4979 1575 5037 praetereamus,
1600 4977 1883 5041 praisentia

279 5054 651 5121 exploremus.
692 5054 829 5119 Quid
872 5057 1120 5111 miserius
1168 5058 1387 5115 homine
1441 5063 1600 5117 talem
1655 5064 1887 5124 habente

279 5148 691 5217 suspicionem?
719 5148 844 5217 quid
875 5149 939 5200 ad
969 5150 1229 5203 rucmlum
1272 5154 1597 5221 proclivius?
1624 5162 1750 5228 quid
1786 5181 1880 5231 pu-

284 5245 2003 5277 .——————————____________._

1636 5324 1983 5390 HOMIIJA
2034 5328 2156 5388 LII.

282 5455 421 5511 CAP.
473 5455 563 5511 9.5.
624 5472 678 5512 ν.
724 5456 815 5511 25.
893 5456 1106 5511 Postera
1158 5470 1326 5513 autem
1373 5462 1455 5515 die
1499 5481 1611 5516 cum
1680 5469 1897 5522 vertisset

364 5550 595 5618 Agrippa
622 5557 669 5601 et
699 5547 911 5602 Bernice
936 5566 1052 5602 cum
1079 5554 1241 5604 multa
1268 5554 1541 5607 ambitione
1567 5598 1579 5619 ,
1604 5567 1649 5609 et
1690 5558 1898 5613 introis-

363 5651 477 5692 s'ru
526 5639 578 5691 iu
625 5640 941 5692 auditorium
972 5656 1086 5693 cum
1129 5641 1343 5695 tribunis
1374 5655 1418 5697 ct
1447 5647 1568 5698 vim
1596 5650 1900 5718 principali-

368 5730 463 5798 bus
489 5732 705 5784 civitatis
732 5772 746 5790 ,
771 5731 981 5801 jubeute
1010 5731 1163 5785 Festo
1185 5775 1199 5798 ,
1226 5736 1475 5788 adductus
1499 5750 1569 5791 est
1604 5738 1826 5793 Paulus.

375 5825 399 5881 Ι
485 5824 617 5878 Vide
644 5824 819 5893 qualis
872 5822 1172 5893 frequentia
1204 5842 1231 5878 a
1270 5828 1435 5880 Paulo
1490 5844 1854 5900 eongregetur
1887 5851 1901 5887 :

300 5920 437 5974 Cum
482 5914 603 5969 viris
625 5955 640 5982 ,
701 5916 868 5985 inquit
896 5958 908 5982 ,
942 5914 1310 5987 principalibus
1361 5922 1573 5978 cipimus
1603 5941 1618 5974 _-
1652 5928 1905 5982 omnibus

1211 412 1276 470 IN
1317 409 1498 468 ACTA
1540 394 2067 460 APOSTOLORL‘M.
2109 391 2337 449 llOlllL.
2382 392 2467 446 Lli

3424 385 3530 449 533

1921 512 2121 567 lidius?
2148 527 2331 565 annon
2377 523 2594 578 semper
2618 508 2671 561 in
2697 505 2978 575 naufragio
3007 504 3126 558 est?
3155 503 3209 557 Si
3235 502 3361 571 qttid
3387 502 3535 570 juste

1923 604 2132 670 fecerit,
2166 620 2271 658 non
2299 603 2562 667 creditur,
2594 603 2663 655 ob
2694 601 2979 653 facultates
3007 599 3074 652 ab
3099 598 3352 653 omnibus
3377 602 3532 648 dam-

1922 709 2081 751 natus
2102 714 2116 759 ;
2141 710 2335 751 Omnes
2358 695 2501 750 enim
2525 693 2947 748 contubernales
2968 704 3312 744 accusatores
3333 688 3533 744 habet:

1925 806 2028 843 non
2048 790 2282 842 amicitia
2304 788 2377 842 liti
2404 796 2616 857 potest;
2644 800 2802 839 nemo
2825 784 3023 854 quippe
3046 780 3204 836 facile
3224 780 3353 835 velit
3375 790 3537 834 tanta:

1922 884 2111 953 gloritu
2143 882 2383 935 hominis
2411 880 2618 935 amicus
2642 894 2784 940 esse,
2831 892 2898 931 ne
2939 877 3057 945 ejus
3086 875 3240 928 make
3270 875 3340 927 sit
3381 875 3539 927 famae

1924 989 2170 1029 consors.
2206 973 2357 1028 lllum
2391 983 2448 1026 nt
2481 972 2647 1026 feram
2676 984 2868 1024 omnes
2904 977 3245 1031 aversantur,
3271 976 3329 1019 ut
3351 966 3541 1035 perui-

1926 1067 2170 1129 ciosum,
2201 1068 2517 1132 inimicum,
2549 1063 2873 1120 homicidam
2900 1106 2914 1128 ,
2952 1074 3158 1117 naturm
3186 1061 3416 1121 hostem.
3451 1062 3536 1114 iu~

1922 1158 2126 1229 justum
2157 1158 2455 1213 hominem.
2487 1157 2543 1212 Si
2567 1157 2632 1211 ad
2667 1156 2899 1209 tribunal
2927 1153 3129 1208 incidat
3156 1155 3200 1207 is
3224 1154 3314 1225 qtti
3343 1154 3540 1223 injuria

1927 1252 2110 1307 affecit
2131 1292 2145 1316 ,
2179 1267 2288 1307 non
2317 1266 2454 1322 opus
2482 1252 2587 1305 erit
2615 1259 2953 1312 accusatore,
2989 1248 3127 1301 fama
3156 1246 3330 1317 ipsum
3372 1248 3546 1318 magis

1928 1360 2090 1416 quam
2118 1353 2438 1399 accusatore
2469 1342 2723 1411 quopiam
2755 1343 3176 1396 eondemnante.
3216 1342 3286 1394 At
3315 1355 3425 1393 non
3472 1340 3543 1393 ita

1930 1451 1990 1491 se
2037 1435 2198 1489 habet
2243 1436 2308 1500 is,
2352 1437 2440 1504 qui
2472 1435 2670 1504 injuste
2699 1434 2989 1504 affligitur;
3032 1434 3125 1488 sed
3168 1448 3360 1487 omnes
3384 1432 3548 1489 habet

1933 1540 2212 1600 patronos,
2239 1530 2614 1593 eoudolenles,
2643 1543 2860 1582 manum
2894 1529 3268 1596 lim-rigentes;
3301 1527 3352 1580 in
3384 1542 3544 1581 secu-

1934 1622 2098 1677 ritate
2124 1632 2249 1676 stat.
2280 1622 2333 1676 Si
2384 1622 2580 1676 bonmn
2610 1630 2695 1676 est
2726 1631 2779 1674 et
2823 1629 2994 1673 tutum
3029 1620 3226 1691 injuste.
3256 1636 3440 1690 agerc,
3472 1619 3551 1675 fa-

1937 1722 2113 1768 teatur
2137 1715 2259 1783 quis
2285 1730 2343 1768 se
2375 1714 2636 1783 injustum
2675 1728 2797 1767 esse
2823 1731 2836 1767 :
2862 1713 2956 1767 sed
2986 1714 3031 1769 si
3065 1729 3173 1766 non
3215 1713 3412 1778 audet,
3453 1728 3552 1769 cur

1934 1822 2071 1877 ergo
2118 1806 2221 1861 hoc
2264 1817 2321 1859 ut
2366 1806 2569 1860 bonum
2618 1804 2971 1876 aggreditur?
3014 1805 3311 1861 Videamus
3356 1808 3552 1875 porro,‘

1935 1901 2209 1972 quomodo
2237 1902 2401 1956 etiam
2435 1902 2486 1955 in
2517 1901 2672 1954 nobis
2701 1900 2833 1970 ipsis
2859 1900 2903 1954 si
2936 1900 3051 1955 lucc
3082 1900 3233 1967 fiant,
3257 1911 3390 1971 quot
3425 1902 3551 1955 inde

1937 1994 2096 2048 mala.
2113 1993 2446 2062 Dic,qu:cso,
2471 1995 2515 2048 si
2538 1993 2663 2064 quid
2689 1994 2740 2047 in
2762 1994 2937 2059 nobis,
2967 2004 3222 2063 superato
3247 1994 3408 2049 modo
3429 2010 3550 2055 suo,

1938 2088 2168 2142 alterum
2215 2088 2457 2155 invadat,
2491 2093 2535 2142 si
2567 2090 2746 2158 Splcn,
2778 2089 2969 2143 relicto
3010 2089 3131 2143 loco
3158 2104 3277 2151 suo,
3312 2088 3551 2142 alienum

1939 2181 2071 2234 velit
2099 2196 2219 2234 cum
2248 2195 2345 2234 suo
2371 2183 2638 2252 arripere,
2671 2198 2852 2236 annon
2895 2181 2998 2238 hoc
3023 2182 3245 2237 morbus
3268 2183 3410 2237 erit?
3440 2183 3553 2235 llu-

1942 2272 2146 2327 midum
2198 2273 2325 2328 item
2370 2284 2513 2344 quoa
2561 2274 2613 2328 in
2656 2274 2814 2328 nobis
2862 2283 2946 2329 est
2991 2274 3035 2327 si
3083 2274 3261 2329 omnia
3311 2274 3553 2343 inqleat,

1942 2379 2127 2419 nonne
2170 2364 2483 2434 bydmpisis
2531 2364 2671 2419 erit?
2723 2365 2992 2420 Praeterea
3042 2365 3164 2419 bil.s
3216 2366 3555 2420 latitudinem

1942 2470 2173 2529 qumrat,
2206 2470 2259 2513 ct
2308 2458 2507 2528 ubique
2550 2458 2884 2513 diffundatur
2924 2460 3161 2530 Sanguis.
3195 2460 3332 2528 Quid
3374 2471 3555 2516 autem

1946 2552 1999 2607 in
2048 2554 2229 2605 anima
2273 2553 2373 2617 ira,
2422 2553 2861 2623 concupiscentia
2903 2564 2957 2609 et
3010 2554 3215 2625 reliqua
3265 2557 3471 2623 omnia,
3512 2559 3559 2611 si

1950 2645 2417 2715 transgrediuntur
2442 2663 2776 2711 mensuram,
2812 2662 2992 2702 nonne
3015 2662 3074 2701 sc
3100 2649 3259 2702 simul
3291 2649 3561 2718 perdunt?

1952 2740 2024 2794 lta
2053 2750 2107 2795 et
2133 2740 2287 2795 cibus
2312 2759 2325 2794 :
2350 2741 2394 2794 si
2439 2741 2563 2811 plus
2590 2757 2752 2811 quam
2798 2742 3061 2813 concoqui
3092 2745 3261 2813 puSsil
3292 2755 3558 2807 sumatur,

1950 2834 2154 2888 morbis
2174 2850 2373 2903 corpus
2401 2835 2638 2889 infestat.
2660 2834 2816 2891 Unde
2844 2852 3076 2906 namque
3103 2837 3393 2908 podagra‘?
3422 2841 3563 2893 unde

1953 2926 2218 2996 paralysis
2242 2937 2297 2980 et
2319 2927 2542 2995 agitatio
2566 2929 2854 2997 corporis?
2893 2943 3074 2982 annon
3112 2946 3176 2983 ex
3208 2930 3566 2987 immoderato

1952 3019 2114 3073 cibo?
2141 3020 2349 3075 Rursus
2374 3022 2426 3074 in
2452 3037 2684 3091 corpore
2710 3023 2753 3074 si
2779 3023 2899 3091 plus
2927 3024 3057 3078 velit
3078 3023 3268 3077 oculus
3293 3024 3563 3093 accipere.

1954 3122 2007 3164 et
2034 3113 2150 3180 plus
2176 3113 2356 3167 videre
2380 3130 2537 3183 quam
2568 3113 2849 3168 definitum
2879 3116 2969 3181 sit,
3002 3115 3091 3169 vel
3122 3117 3164 3169 si
3195 3117 3452 3185 majorem
3480 3133 3569 3169 ac-

1955 3204 2120 3273 cipiat
2143 3205 2318 3259 lucem
2342 3222 2356 3270 ;
2382 3205 2523 3275 quod
2554 3222 2714 3276 supra
2742 3222 3052 3261 mensuram
3081 3217 3163 3263 est
3192 3224 3313 3279 mag
3335 3225 3361 3262 s
3390 3219 3569 3275 uocet,

1957 3309 2116 3364 quam
2145 3298 2335 3364 prosit.
2369 3296 2425 3350 Si
2460 3312 2610 3363 vero,
2644 3315 2767 3353 cum
2800 3298 2888 3352 lux
2938 3300 3076 3353 bona
3108 3300 3199 3366 sit,
3242 3302 3451 3365 oculus,
3480 3302 3572 3370 qui

1961 3388 2082 3459 plus
2119 3406 2280 3460 quam
2319 3406 2419 3466 par
2458 3392 2526 3444 sit
2570 3393 2684 3447 vult
2722 3392 2931 3456 videre,
2975 3394 3111 3463 perit
3146 3412 3157 3446 :
3189 3397 3405 3462 quando
3444 3397 3575 3466 quid

1960 3485 2297 3553 splendidius
2329 3487 2586 3555 respicit,
2616 3488 2790 3556 cogita
2818 3498 3077 3557 quantum
3110 3488 3178 3541 sit
3208 3488 3429 3541 malum.
3464 3492 3575 3542 Au-

1963 3575 2107 3629 ditus
2146 3576 2192 3629 si
2240 3590 2487 3646 magnam
2518 3578 2749 3646 excipiat
2782 3593 2992 3638 vocem,
3037 3593 3191 3633 mens
3220 3580 3532 3647 percellitur
3563 3598 3576 3633 :

1966 3684 2122 3722 mens
2164 3670 2208 3723 si
2239 3683 2299 3723 ea
2328 3684 2451 3738 qua:
2478 3686 2538 3724 se
2567 3680 2828 3737 superant
2874 3671 3094 3740 cogitet,
3125 3672 3351 3724 attonita
3394 3683 3497 3730 est.
3528 3683 3581 3726 et

1969 3765 2018 3817 id
2048 3764 2188 3832 quod
2225 3764 2440 3816 modum
2473 3776 2763 3835 exsuperat
2796 3765 2991 3834 perdit.
3026 3765 3138 3820 lloc
3167 3775 3252 3820 est
3281 3768 3423 3820 enim
3455 3782 3581 3821 aia-

1970 3861 2090 3914 ritia
2122 3875 2282 3929 quam
2314 3867 2582 3924 πὶιονεείαν
2608 3870 2827 3923 vocant,
2864 3860 2981 3926 plus
3013 3859 3235 3921 habere,
3265 3874 3425 3929 quam
3455 3877 3585 3912 cnn-

1971 3954 2213 4004 stitutum
2244 3953 2332 4005 sit.
2360 3951 2447 4005 Sic
2468 3950 2603 4004 etin
2630 3953 2875 4020 pecuniis
2894 3966 3017 4004 cum
3044 3951 3293 4005 volumus
3323 3952 3585 4020 majorem

1974 4047 2243 4098 sort-inani
2280 4046 2579 4114 imponere,
2629 4046 2751 4098 licet
2779 4061 2884 4097 non
2915 4044 3215 4098 si-ntiatnus
3240 4087 3255 4110 ,
3286 4062 3501 4114 gravem
3536 4051 3588 4100 in

1975 4140 2133 4195 nobis
2164 4141 2356 4193 alimus
2389 4140 2580 4202 feram,
2616 4139 2781 4193 multa
2816 4136 3101 4202 habentes,
3132 4139 3318 4193 multis
3344 4149 3535 4206 egente
3572 4182 3589 4205 ,

1980 4233 2274 4287 innumeris
2297 4246 2395 4285 nos
2415 4231 2561 4285 curis
2585 4231 2949 4301 implicantes,
2972 4232 3169 4286 multas
3191 4232 3407 4286 diabolo
3430 4249 3590 4284 ausas

1981 4326 2310 4395 prmbcntes.
2348 4325 2473 4380 Ideo
2502 4325 2551 4379 in
2578 4325 2834 4379 divitibus
2859 4324 3109 4379 diabolus
3138 4342 3242 4379 non
3268 4341 3403 4393 opus
3433 4325 3593 4380 habet

1986 4418 2214 4472 labore:
2244 4432 2366 4471 nam
2397 4426 2563 4487 captu
2593 4416 2782 4471 faciles
2810 4416 2887 4469 illi
2914 4427 3043 4470 sunt
3073 4430 3103 4469 a
3133 4416 3354 4470 divitiis.
3387 4418 3455 4469 At
3483 4433 3595 4471 non

1984 4513 2062 4566 sic
2094 4513 2144 4565 in
2176 4511 2501 4583 pauperibus
2522 4552 2537 4572 ,
2579 4506 2691 4563 imo
2730 4510 3087 4564 contrarium.
3120 4509 3193 4564 Ita
3223 4526 3308 4565 res
3342 4511 3470 4580 ipsa:
3500 4526 3598 4580 per

1988 4622 2047 4662 se
2101 4606 2351 4675 perdunt.
2407 4605 2589 4673 Quare
2629 4619 2760 4675 rogo
2798 4605 2866 4657 ab
2909 4604 3100 4657 harum
3155 4604 3594 4671 coacniiscentia

1988 4699 2360 4753 abstineamus
2384 4737 2399 4761 ,
2435 4704 2493 4749 ut
2525 4695 2795 4764 possimus
2840 4694 3057 4761 maligni
3090 4694 3313 4763 laqueos
3339 4694 3597 4763 effugere,

1991 4803 2042 4846 ct
2072 4791 2414 4863 apprehensa
2446 4791 2649 4843 virtute
2678 4800 2881 4842 a-terna
2912 4789 3168 4857 Consequi
3218 4788 3353 4841 bona
3383 4831 3396 4852 ,
3429 4790 3602 4857 gratia

1993 4894 2049 4941 et
2096 4885 2429 4954 benignitate
2474 4882 2681 4937 Domini
2737 4881 2905 4934 nostri
2954 4880 3079 4934 Jesn
3114 4880 3350 4942 Christi,
3385 4883 3606 4949 quicum

1994 4979 2139 5035 Patri
2160 4976 2450 5048 ctSpii-itui
2474 4984 2661 5029 sancto
2681 4974 2875 5044 gloria,
2902 4972 3212 5041 imperimu,
3242 4971 3435 5037 honor,
3465 4990 3607 5027 mine

1996 5085 2050 5129 ct
2079 5088 2317 5142 cemper,
2345 5081 2399 5125 et
2426 5072 2476 5123 in
2507 5069 2705 5123 smcula
2735 5066 3085 5121 sa-culorum.
3117 5066 3313 5119 Anien.

2066 5249 3206 5275 __________________.__.____

2010 5470 2157 5524 enim
2204 5466 2520 5522 convocatis
2548 5464 2873 5517 satellitibus
2904 5460 3191 5530 perfectus
3223 5469 3274 5513 et
3315 5476 3405 5513 rex
3460 5476 3619 5514 acce-

2012 5562 2168 5615 dunt.
2219 5560 2357 5616 Cum
2386 5561 2517 5629 ipsis
2547 5559 2709 5613 etiam
2745 5556 2945 5611 tribuni
2977 5565 3032 5611 et
3081 5556 3348 5625 primores
3389 5554 3623 5608 civitatis

2015 5652 2303 5705 adfuerunt
2343 5669 2356 5703 :
2392 5652 2490 5704 hos
2534 5651 2677 5703 enim
2734 5648 3061 5717 principales
3110 5656 3286 5699 vocat.
3334 5646 3393 5699 Et
3457 5644 3625 5711 vide,

2016 5747 2286 5816 quomodo
2318 5747 2431 5813 ipse
2457 5745 2651 5798 ductus
2687 5743 3011 5814 pra‘dicatnr
3039 5758 3066 5795 a
3097 5740 3259 5797 Festo
3287 5760 3297 5793 :
3332 5756 3435 5792 non
3467 5739 3631 5791 modo

2017 5839 2162 5891 enim
2214 5838 2363 5890 illum
2397 5838 2623 5890 crimine
2656 5836 2883 5889 liberum
2913 5835 3080 5899 dicit,
3112 5835 3204 5887 Sed
3236 5835 3397 5888 etiam
3446 5832 3628 5885 defuit.

2019 5932 2119 5984 dit:
2149 5932 2283 5999 Quid
2318 5934 2444 5987 dicit
2467 5933 2489 5984 ?
2516 5932 2606 5985 ΞΗ.
2648 5930 2876 6000 Agrippa
2908 5946 2994 5982 iur
3021 5971 3034 5997 ,
3068 5938 3112 5981 rt
3147 5944 3319 5981 omnes
3349 5925 3433 5994 qui
3479 5925 3630 5980 sintut
