4094 6336
592 406 700 460 ’559

594 514 777 566 σαι-δεῖς
804 512 1058 565 uobiscum
1090 508 1202 571 viri,
1238 506 1414 559 ridetis
1444 506 1596 566 Iumc,
1627 502 1689 554 de
1719 518 1816 568 quo
1847 500 2009 552 omnis
2036 497 2170 548 mul-

596 607 753 657 titudo
786 602 1080 654 Juda'orum
1126 597 1458 665 interpellavit
1491 611 1564 646 me
1593 592 1927 661 Jerosolgmis
1972 598 2016 640 et
2058 588 2136 638 ltic
2156 628 2169 649 ,

596 698 927 748 acclamantes
958 712 1056 745 non
1081 703 1309 762 oportere
1334 704 1446 740 eum
1475 688 1695 752 amplius
1727 686 1908 736 vivere.
1938 682 2028 735 ‘25.
2065 678 2174 750 Ego

598 803 707 837 tero
738 786 958 853 comperi
987 784 1116 835 nihil
1146 784 1352 850 dignum
1402 788 1561 828 morte
1593 793 1702 827 eum
1747 774 2026 825 admisisse.
2073 770 2174 823 Illo

592 887 757 927 autem
785 875 1075 943 appellante
1104 874 1171 923 ad
1211 873 1491 939 Augustum
1521 908 1532 926 ,
1573 865 1802 936 judicari
1830 866 1972 915 illum
2002 863 2171 914 mitte-

592 982 661 1017 re.
683 965 771 1017 ‘26.
808 966 879 1016 Ue
905 981 1002 1032 quo
1027 964 1145 1029 quid
1172 972 1360 1014 certum
1384 959 1599 1011 scribant
1628 958 1848 1015 domino,
1873 971 1969 1005 non
1993 954 2170 1005 lmbeo.

597 1056 815 1123 Propter
855 1053 989 1123 quod
1016 1052 1234 1121 produxi
1266 1066 1377 1101 cum
1406 1050 1472 1099 ad
1518 1064 1601 1099 ros
1623 1089 1637 1109 ,
1671 1060 1715 1097 et
1748 1045 1962 1096 maxime
1989 1043 2055 1093 ad
2086 1051 2132 1094 te
2155 1081 2169 1104 ,

593 1166 683 1202 rea:
736 1150 997 1217 Agrippa,
1030 1156 1081 1197 ut
1130 1144 1524 1213 interrogatione
1571 1146 1741 1210 facta,
1777 1138 1983 1188 habeant
2038 1134 2174 1199 quod

590 1242 825 1293 scribant.
858 1237 946 1290 ‘27.
998 1237 1123 1290 Siue
1151 1235 1347 1286 ratione
1377 1234 1507 1285 euint
1537 1230 1659 1282 milii
1702 1230 1895 1281 videtur
1921 1266 1933 1288 ,
1980 1224 2175 1275 ntitterc

596 1336 814 1383 cinctum
836 1373 849 1391 ,
880 1338 925 1380 et
949 1343 1126 1380 causas
1150 1326 1257 1395 ejus
1284 1342 1383 1375 non
1412 1323 1715 1392 signiﬁcare.
1746 1317 1875 1369 Vide
1903 1328 2173 1384 quomoao

588 1424 709 1477 illos
740 1420 956 1489 quidem
989 1427 1232 1474 accusat,
1280 1415 1417 1465 lmnc
1449 1429 1575 1464 vero
1604 1409 1849 1461 absolvit.
1882 1406 1924 1457 0
1951 1404 2173 1471 justitiat

586 1514 805 1580 copiosa
836 1507 1184 1578 argumenta!
1219 1506 1452 1558 Plurima
1486 1502 1618 1553 facta
1652 1498 2035 1565 pertpiisitione
2065 1509 2169 1546 non

591 1602 790 1655 invenit
822 1614 1018 1668 pracses
1051 1594 1315 1665 quomodo
1345 1592 1705 1645 condemnet:
1739 1590 1810 1640 illi
1842 1602 1967 1639 vero
2001 1592 2171 1637 morte

590 1695 804 1762 dignum
827 1692 1099 1745 dicebant.
1136 1688 1257 1741 Ideo
1280 1686 1486 1738 dicebat
1513 1684 1598 1736 ille
1627 1701 1638 1735 :
1672 1680 1783 1750 Ego
1812 1696 1924 1732 vero
1952 1676 2172 1744 comperi

588 1788 717 1839 nihil
749 1788 957 1855 dignum
1004 1792 1161 1834 morte
1204 1796 1315 1832 eum
1360 1777 1663 1837 admisisse;
1712 1772 1905 1826 deinde
1944 1770 2169 1839 adjicit:

588 1876 664 1929 De
710 1894 805 1944 quo
832 1875 952 1943 quid
981 1883 1167 1926 certum
1195 1870 1408 1923 scribam
1436 1868 1502 1918 ad
1552 1867 1813 1918 dominum
1846 1879 2009 1915 meum
2029 1901 2043 1923 ,
2071 1876 2171 1913 non

587 1970 763 2019 habeo.
798 1966 861 2019 Et
902 1965 1000 2016 hoc
1030 1978 1095 2017 ex
1123 1962 1267 2014 l’auli
1313 1957 1612 2013 innocentia
1648 1956 1823 2024 [.l‘odil
1846 1995 1859 2017 ,
1895 1951 2033 2021 quod
2076 1951 2166 2019 ju-

583 2060 689 2112 (lcx
722 2058 853 2111 nihil
881 2057 1071 2110 habeat
1090 2056 1155 2107 de
1185 2055 1271 2105 illo
1291 2051 1598 2105 dica'udum.
1628 2046 1753 2100 Ideo
1782 2047 2000 2115 produxi
2030 2061 2165 2110 eum,

584 2152 754 2219 inquit
775 2192 790 2215 ,
837 2149 903 2201 ad
948 2163 1053 2201 vos.
1104 2145 1230 2201 Siue
1260 2145 1454 2197 ratione
1484 2144 1615 2194 enim
1648 2142 1767 2192 tui/ti
1798 2138 1995 2190 videtur
2020 2153 2127 2189 esse
2152 2177 2168 2201 ,

584 2245 781 2294 mittere
826 2242 1043 2293 vinctum
1065 2281 1079 2303 ,
1112 2249 1159 2291 et
1204 2254 1382 2291 causas
1414 2238 1523 2302 ejus
1553 2250 1652 2286 non
1698 2231 2007 2301 significare.
2041 2228 2172 2282 Vide

583 2336 891 2401 inqualitas
932 2330 1201 2398 angustias
1242 2327 1412 2381 dutitlfl
1461 2325 1725 2393 principes
1764 2338 1887 2376 suos
1918 2322 2171 2388 coniece-

585 2428 711 2477 rinl.
746 2425 881 2490 Quid
914 2439 1040 2476 vero
1071 2421 1349 2489 Agrippa?
1382 2420 1456 2472 De
1488 2420 1570 2471 his
1608 2418 1795 2470 Valens
1843 2415 2039 2483 aliquid
2086 2413 2172 2466 di-

583 2532 733 2570 Scere
755 2520 791 2578 ‘,
828 2516 987 2569 Paulo
1011 2516 1143 2568 dixit
1173 2534 1185 2566 :
1213 2512 1365 2586 (Cap.
1408 2503 1586 2573 ﬁ6.)1.
1616 2509 1936 2565 Permittitur
1979 2509 2067 2561 tibi
2098 2509 2173 2561 lo-

583 2610 666 2675 qui
715 2624 805 2674 pro
836 2609 1119 2673 temetipso.
1170 2605 1247 2658 Ex
1297 2605 1465 2657 multo
1496 2602 1746 2656 audiendi
1776 2600 2046 2655 desiderio
2094 2599 2170 2652 illi

588 2716 677 2751 rex
711 2699 891 2751 dicere
922 2697 1201 2765 permittit.
1247 2695 1442 2748 Paulus
1477 2709 1605 2748 vero
1628 2710 1751 2747 cum
1792 2692 1980 2746 fiducia
2024 2692 2173 2744 dein—

586 2807 711 2859 ecps
746 2791 1009 2856 loquitur,
1060 2803 1163 2841 nou
1209 2786 1505 2851 adulando;
1554 2786 1647 2840 sed
1696 2785 1813 2839 ideo
1860 2801 1917 2838 se
1960 2786 2169 2837 beatum

583 2896 705 2934 esse
735 2879 903 2943 dicit,
938 2878 1078 2948 quod
1107 2878 1169 2931 ei
1202 2877 1481 2947 loquatur,
1516 2877 1607 2945 qui
1652 2877 1831 2929 onmia
1877 2876 2041 2929 sciret
2070 2891 2083 2927 :
2118 2882 2172 2927 et

585 2974 723 3040 quod
758 2974 907 3035 ideo,
940 2972 1059 3024 audi
1088 2988 1207 3040 quae
1249 2971 1362 3039 ipse
1392 2970 1635 3037 profert:
1666 2968 1809 3022 Tunc
1855 2968 2053 3021 Paulus
2078 2983 2169 3020 esc-

587 3074 720 3113 tcttttt
752 3079 903 3114 manu
933 3068 1077 3130 cmpit
1107 3062 1354 3113 rationem
1400 3060 1629 3114 reddere.
1671 3060 1726 3111 εὶ.
1782 3057 1859 3112 De
1897 3060 2126 3112 omnibus
2154 3099 2169 3124 ,

587 3156 769 3225 quibus
800 3170 1005 3209 accusor
1032 3170 1062 3203 a
1092 3151 1311 3214 Judwis,
1340 3168 1431 3203 rex
1462 3152 1709 3221 Agrippa,
1738 3151 1932 3203 a'stimo
1954 3167 2031 3203 me
2060 3150 2175 3203 bea-

588 3263 694 3302 tum
713 3292 725 3311 ,
756 3249 895 3315 apud
922 3258 969 3300 te
998 3261 1109 3299 cum
1140 3245 1235 3300 sint
1264 3244 1560 3313 defensurus
1594 3259 1673 3293 me
1703 3242 1853 3293 hodie
1873 3283 1886 3306 ,
1921 3242 1973 3295 ὃ.
2008 3242 2174 3293 maxi-

588 3360 666 3396 me
691 3356 735 3395 te
764 3348 950 3395 sciente
978 3358 1170 3405 omnes,
1201 3356 1314 3407 quw
1340 3342 1477 3406 apud
1504 3336 1713 3391 Juda'os
1744 3345 1879 3401 sunt,
1909 3343 2173 3389 consuetu-

588 3436 729 3485 dines
780 3444 824 3485 et
868 3432 1171 3503 qua-stiones
1197 3447 1215 3483 :
1258 3441 1467 3499 propter
1505 3428 1639 3498 quod
1685 3429 1886 3481 obsecro
1931 3429 2173 3497 patienter

586 3542 663 3578 me
688 3525 885 3577 audias.
940 3523 1217 3586 Profecto,
1264 3522 1307 3575 si
1338 3522 1473 3575 male
1504 3522 1605 3574 sibi
1645 3520 1895 3574 conscius
1943 3520 2168 3586 fuisset,

586 3615 789 3669 turbari
813 3614 1116 3682 oportebat,
1143 3613 1266 3665 dum
1299 3612 1437 3680 apud
1465 3628 1609 3676 eum,
1639 3611 1730 3681 qui
1757 3612 1937 3664 omnia
1967 3611 2130 3666 sciret
2154 3651 2170 3675 ,

585 3722 800 3761 causam
824 3707 1064 3768 diceret;
1098 3705 1190 3759 sed
1222 3704 1348 3757 illud
1378 3716 1460 3759 est
1492 3720 1636 3773 pura:
1667 3704 2033 3769 conscientizr,
2066 3720 2171 3758 non

589 3812 838 3850 recusare
884 3796 1117 3864 judicent
1150 3810 1239 3848 res
1268 3804 1443 3863 gestas
1470 3805 1717 3848 accurate
1749 3796 2005 3848 scicntem
2029 3836 2042 3857 ,
2078 3793 2173 3848 sed

589 3897 640 3941 ct
688 3888 941 3955 gaudere.
988 3885 1142 3940 Unde
1186 3886 1277 3939 ille
1324 3902 1383 3939 se
1434 3886 1647 3938 beatum
1696 3894 1881 3953 putat,
1913 3894 1968 3936 et
1994 3884 2170 3939 dicit:

592 3980 813 4034 Obsecro
862 3980 1108 4047 patienter
1152 3994 1230 4031 me
1276 3978 1479 4031 audias.
1528 3977 1661 4045 Quia
1706 3992 2009 4031 sermonem
2058 3986 2172 4031 erat

599 4075 956 4145 producturus
985 4080 1042 4125 et
1071 4070 1268 4141 aliquid
1298 4070 1363 4123 de
1395 4071 1573 4139 seipse
1598 4069 1857 4129 dicturus,
1893 4069 2011 4123 ideo
2038 4085 2173 4137 pra:-

585 4181 853 4235 occupaus
882 4165 1137 4234 rogabat.
1166 4162 1349 4216 dicens
1375 4178 1387 4213 :
1412 4162 1466 4215 4.
1501 4160 1567 4213 Et
1595 4162 1798 4229 quidem
1827 4162 1978 4213 vitam
2009 4177 2171 4212 meum

586 4280 618 4312 tt
644 4263 933 4329 juventute,
966 4273 1079 4322 qua:
1104 4256 1164 4307 ab
1192 4256 1334 4307 initio
1369 4256 1461 4323 [uit
1491 4256 1540 4305 in
1574 4264 1718 4322 gente
1749 4270 1858 4306 mea
1886 4255 1939 4305 in
1966 4252 2174 4305 ειειόδο-

589 4352 761 4419 (ginis,
798 4359 1039 4401 noverunt
1084 4363 1253 4399 omnes
1300 4345 1491 4409 Judaei,
1625 4346 1711 4413 qui
1752 4344 1891 4411 prius
1936 4353 2175 4395 noverant

590 4459 670 4494 sue
697 4442 757 4494 ab
790 4442 937 4493 initio
957 4482 968 4502 ,
1007 4440 1050 4491 si
1078 4438 1229 4491 velint
1260 4438 1597 4490 testimonium
1627 4436 1905 4505 perbibere,
1935 4436 2068 4504 quod
2098 4453 2175 4487 se-

587 4536 811 4587 cundum
852 4532 1289 4585 accuratissimant
1333 4543 1515 4582 sectam
1546 4540 1733 4581 nostrce
1757 4528 2014 4597 religionis
2042 4527 2177 4579 rixe-

590 4632 685 4682 n‘m
724 4626 1035 4679 I’Itarisazus.
1071 4624 1125 4677 ld
1156 4635 1239 4678 est
1266 4640 1277 4673 :
1311 4621 1593 4689 Quomodo
1626 4622 1913 4674 seditiosus
1944 4620 2128 4673 fuerim
2156 4660 2170 4681 ,

593 4733 697 4772 tam
725 4717 935 4786 juvenis
965 4726 1017 4769 et
1044 4714 1404 4769 testimonium
1440 4712 1640 4765 habens
1670 4711 1947 4764 Omnium?
1977 4710 2175 4764 Deinde

598 4814 646 4864 id
673 4812 858 4879 probat
882 4825 911 4860 a
942 4816 1110 4870 secta,
1142 4805 1290 4859 addit
1316 4806 1456 4857 enim
1485 4822 1496 4855 :
1534 4803 1826 4855 Secundum
1853 4801 2175 4853 accuratissi-

592 4920 729 4956 mam
756 4900 1014 4971 religionis
1053 4908 1238 4951 nostra:
1278 4909 1459 4963 sectam
1486 4896 1611 4948 vixi.
1640 4894 1703 4948 Et
1733 4894 1856 4963 quia
1884 4892 2175 4947 verisimile

591 5004 747 5057 erat,
792 4992 1055 5061 quosdam
1086 4991 1325 5043 dicturos
1372 5002 1528 5041 esse:
1572 4986 1706 5052 Quid
1751 5001 1909 5055 ergo,
1942 4986 1985 5038 si
2030 4995 2171 5037 secta

588 5086 805 5153 quidem
840 5082 1096 5137 mirabilis
1140 5081 1245 5144 sit,
1280 5090 1333 5133 tu
1365 5094 1495 5134 vero
1522 5078 1731 5131 malus?
1760 5079 1880 5131 vide
1907 5079 2175 5144 quomodo

590 5180 715 5232 ltnic
740 5186 986 5231 occurrat
1025 5174 1309 5243 objectioni
1348 5189 1361 5224 :
1397 5180 1562 5225 testes
1608 5169 1753 5221 enim
1798 5166 2025 5220 advocat
2055 5182 2171 5220 0m—

594 5286 687 5324 ucs
736 5269 950 5323 Judceos
975 5308 989 5331 ,
1020 5267 1108 5335 qui
1140 5265 1253 5334 ejus
1285 5265 1440 5316 vitam
1470 5272 1525 5315 et
1563 5259 2026 5313 ennversationem
2074 5274 2174 5311 no-

594 5372 730 5415 raut.
781 5362 1000 5423 Sciunt,
1050 5359 1261 5425 inquit,
1294 5371 1463 5407 omnes
1508 5352 1717 5417 Judwi,
1770 5351 1855 5419 qui
1908 5366 1987 5403 nte
2032 5350 2175 5419 prius

592 5465 856 5517 noverunt,
890 5454 932 5505 si
985 5452 1136 5505 velint
1187 5447 1523 5501 testimonium
1551 5446 1699 5513 ferre.
1745 5443 1797 5497 6.
1845 5440 1912 5494 Et
1944 5457 2075 5495 nunc
2121 5443 2173 5494 in

589 5564 679 5615 spe
723 5546 1124 5615 repromissionis
1148 5586 1160 5606 ,
1193 5556 1306 5611 qua:
1332 5540 1398 5592 ad
1423 5549 1589 5608 patres
1619 5547 1819 5589 nostros
1859 5539 1995 5606 facta
2040 5544 2111 5588 est
2142 5551 2172 5585 a

590 5638 719 5705 Deo,
750 5649 827 5692 sto
861 5638 1059 5707 judicio
1083 5634 1334 5703 subjectus
1359 5646 1381 5685 :
1411 5631 1461 5683 7.
1512 5634 1563 5682 in
1590 5644 1741 5698 quam
1771 5626 2036 5680 duodecim
2083 5626 2173 5679 tri-

597 5808 632 5856 ε
715 5759 823 5800 ttzcc
849 5790 861 5805 ,
890 5751 949 5799 de
996 5744 1071 5796 his
1110 5745 1272 5795 colens
1299 5741 1488 5804 aliquid
1536 5740 1752 5797 discere,
1785 5738 1963 5789 desunt
2000 5741 2047 5787 in
2073 5751 2173 5788 uno

634 5818 696 5853 ou

634 5818 696 5853 UU

1367 398 1423 450 S.
1463 392 1737 449 JOANNIS
1774 387 2254 444 CllltYSOSTOMi
2287 384 2602 438 AltClllEP.
2644 379 3180 437 CUNSTANTINOP.

3777 373 3888 432 560

2282 496 2372 545 bus
2402 504 2608 557 nostra’,
2638 506 2782 546 nocte
2808 511 2867 544 ac
2898 494 2980 545 die
3004 492 3357 557 deservientes,
3379 503 3586 559 sperant
3611 492 3848 545 devenire
3868 535 3880 546 .

2284 588 2344 637 de
2371 602 2469 654 qua
2500 600 2609 650 spe,
2643 601 2732 636 rex
2776 586 3023 653 Agrippa,
3060 600 3272 635 accusor
3304 599 3332 633 a
3362 583 3561 635 Judteis
3618 580 3670 636 8.
3711 585 3891 646 Quid?

2284 676 2571 727 incredibile
2610 676 2878 743 judicatnr
2906 677 3043 743 apud
3070 690 3154 727 cos
3180 717 3194 741 ,
3228 676 3270 726 si
3298 670 3433 727 Deus
3462 687 3687 728 mortuos
3714 677 3877 726 susci-

2282 780 2351 819 tat
2378 771 2401 820 ?
2434 771 2570 819 Imus
2589 770 2653 820 dc
2680 771 3072 821 resurrectione
3106 769 3341 821 rationes
3373 770 3557 835 ponit:
3591 770 3817 819 alterum
3857 783 3884 818 α

2285 861 2469 928 propin
2495 862 2599 921 tis;
2633 869 2684 912 ct
2716 861 2918 912 nullum
2950 861 3163 913 adducit
3197 860 3510 927 propin-tam
3536 902 3548 920 ,
3593 860 3686 912 scd
3733 860 3881 912 illam

2280 952 2587 1005 Judacurutu
2623 966 2745 1006 CSse
2774 953 3080 1019 Opinionem
3116 953 3282 1015 dicit;
3330 954 3554 1005 alterum
3585 962 3639 1005 et
3683 952 3881 1006 fortio-

2284 1063 2394 1099 l‘t‘lll
2442 1062 2504 1099 ex
2539 1049 2699 1099 rebus
2743 1045 2893 1113 ipsis.
2927 1046 3095 1110 Quam
3132 1044 3313 1095 illam?
3354 1044 3504 1108 Quod
3557 1045 3810 1097 Christus
3855 1061 3882 1097 εἱ

2284 1140 2509 1191 lllttl'luls
2562 1138 2847 1191 suscitatus
2880 1152 2936 1189 se
2966 1136 3271 1203 alluquutus
3307 1137 3396 1188 sit.
3449 1134 3515 1187 Et
3549 1136 3677 1188 illud
3717 1139 3885 1189 ratio-

2280 1227 2436 1279 ciniis
2463 1228 2685 1294 probat,
2721 1229 2951 1295 priscam
2983 1226 3244 1279 insaniam
3287 1241 3438 1278 suam
3470 1238 3720 1279 accurate
3752 1245 3881 1280 nare

2280 1336 2407 1374 rans
2437 1339 2448 1373 τ
2480 1320 2675 1373 deinde
2703 1321 2863 1373 etiam
2896 1335 3015 1371 cum
3065 1320 3220 1372 laude
3248 1319 3579 1373 Judmurum.
3640 1320 3808 1373 Nocte
3835 1334 3881 1373 et

2282 1414 2362 1463 die
2391 1414 2609 1464 colentes
2631 1454 2642 1473 ,
2680 1413 2880 1481 inquit,
2911 1422 3117 1477 sperant
3166 1412 3414 1463 devenire.
3451 1412 3631 1478 Itaque
3665 1413 3877 1465 t‘iinllhi

2282 1505 2566 1571 inculpata:
2596 1505 2719 1557 vita:
2751 1520 2856 1557 non
2902 1519 3077 1557 essent
3106 1546 3118 1563 ,
3154 1519 3316 1572 super
3345 1505 3427 1557 liis
3458 1520 3560 1558 neu
3596 1518 3880 1575 oporteret

2277 1594 2505 1659 judicari
2534 1636 2547 1655 ,
2584 1610 2675 1646 rex
2723 1596 2977 1662 Agrippa.
3027 1593 3289 1646 Subditur
3330 1594 3431 1646 alia
3477 1596 3635 1648 ratio.
3690 1598 3828 1660 Quid
3856 1599 3881 1649 .’

2281 1686 2575 1737 incredibile
2604 1686 2860 1748 iudicatur
2885 1702 2915 1736 α
2945 1684 3102 1747 vobis,
3135 1686 3179 1737 si
3210 1683 3345 1739 Deus
3374 1696 3598 1739 mortuos
3626 1689 3881 1741 suscitat!

2279 1778 2409 1831 Nam
2431 1819 2443 1837 ,
2475 1779 2515 1830 si
2551 1778 2663 1832 lucc
2690 1794 2794 1829 non
2820 1787 2962 1830 csSct
2992 1778 3175 1845 Opinio
3202 1820 3216 1842 ,
3248 1779 3290 1831 si
3320 1778 3370 1831 in
3408 1780 3490 1831 liis
3531 1781 3880 1849 dogmatibus

2277 1869 2486 1921 ctlucati
2541 1885 2643 1921 non
2688 1877 2899 1933 essent,
2931 1878 2986 1922 et
3032 1885 3174 1922 nunc
3205 1884 3265 1921 ea
3297 1869 3617 1923 efferrentur
3648 1914 3662 1936 ,
3697 1873 3879 1927 forsan

2277 1962 2397 2029 quis
2428 1976 2731 2015 Sermonem
2778 1976 2885 2013 non
2921 1962 3233 2030 recepisset.
3295 1962 3494 2015 Deinde
3540 1963 3707 2029 dicit,
3744 1981 3881 2033 quo-

2279 2057 2440 2109 modo
2482 2055 2943 2124 persequebatur:
2978 2055 3118 2122 quod
3152 2056 3215 2107 ad
3252 2055 3585 2123 probandum
3619 2056 3877 2111 idoneum

2279 2160 2382 2203 est.
2419 2149 2485 2202 Et
2513 2148 2780 2216 principes
2812 2146 3149 2201 sacerdotum
3180 2147 3397 2201 adducit
3434 2157 3596 2201 tcsws
3617 2159 3671 2202 et
3699 2160 3881 2204 exter-

2282 2261 2375 2297 nas
2424 2244 2669 2297 civitates
2694 2283 2705 2305 ,
2739 2252 2792 2295 et
2837 2241 2977 2308 quod
3010 2240 3242 2295 audierit
3271 2240 3539 2295 dicentem
3572 2242 3675 2296 sibi
3707 2262 3720 2295 :
3760 2242 3881 2295 Du-

2276 2353 2391 2387 rum
2420 2345 2493 2387 est
2534 2334 2619 2387 tibi
2651 2344 2825 2387 contra
2855 2334 3113 2386 stimulum
3141 2334 3429 2386 calcitrare.
3461 2334 3663 2388 Deinde
3692 2345 3880 2387 ostcn-

2276 2429 2354 2481 dit
2390 2427 2482 2481 Dei
2525 2424 2865 2481 clementiam
2899 2423 3051 2493 quod
3086 2426 3247 2479 etiam
3295 2440 3417 2478 cum
3455 2439 3880 2495 persequeretur

2279 2522 2450 2589 ipsum
2498 2518 2726 2584 Saulus,
2758 2520 2858 2587 ipsi
2901 2520 3187 2587 apparuit:
3219 2518 3327 2572 Nec
3373 2517 3501 2573 mihi
3550 2520 3763 2583 solum,
3799 2524 3883 2572 in-

2278 2612 2431 2681 quit,
2467 2612 2601 2665 bene
2625 2609 2785 2673 fecit,
2821 2610 2912 2663 sed
2950 2619 3004 2663 et
3034 2608 3154 2662 aliis
3182 2609 3459 2663 doctorem
3487 2611 3651 2663 misit.

2350 2725 2402 2778 2.
2430 2724 2675 2778 Ostendit
2706 2724 2831 2777 item
2862 2722 3195 2791 prophetiam
3227 2736 3384 2790 quam
3417 2720 3639 2776 audivit.
3690 2720 3752 2773 lu
3787 2722 3880 2775 hoc

2278 2819 2497 2888 apparui
2526 2817 2635 2880 tibi,
2670 2817 2889 2885 eripiens
2918 2827 2963 2868 te
2994 2816 3056 2867 de
3086 2814 3273 2883 populo
3298 2826 3344 2867 et
3372 2814 3626 2883 gentibus,
3659 2816 3729 2866 ad
3753 2832 3881 2882 quas

2278 2915 2392 2966 misi
2418 2925 2484 2966 te.
2518 2912 2640 2965 llaec
2668 2910 2843 2963 omnia
2866 2910 3158 2962 ostendens
3186 2909 3400 2963 dicebat
3431 2927 3444 2961 :
3477 2908 3527 2963 9.
3565 2908 3632 2960 Et
3654 2925 3749 2977 ego
3777 2909 3884 2973 qui.

2277 3007 2391 3059 dent
2415 3004 2844 3066 existimaveram,
2877 3018 2953 3053 me
2981 3003 3222 3053 adversus
3251 3015 3430 3051 nomen
3461 2996 3589 3051 Jcsu
3617 2997 3883 3051 Nazareni

2279 3098 2455 3150 debere
2480 3097 2639 3148 multa
2667 3094 2920 3146 contraria
2954 3097 3135 3161 facere.
3165 3092 3251 3145 10.
3296 3092 3444 3155 Quod
3472 3102 3518 3143 et
3546 3092 3647 3157 feci
3672 3089 3884 3145 Jeroso-

2280 3192 2450 3261 lymis,
2475 3198 2520 3240 et
2552 3189 2736 3240 multos
2778 3196 3066 3239 stmctorunt
3099 3202 3187 3252 ego
3215 3186 3266 3237 in
3294 3185 3579 3236 carceribus
3611 3184 3819 3246 inclusi,
3849 3201 3881 3235 a

2281 3282 2592 3352 principibus
2618 3280 2938 3333 sacerdotum
2974 3288 3219 3347 potestate
3244 3288 3451 3346 accepta
3481 3292 3498 3329 :
3524 3287 3570 3327 et
3606 3294 3723 3328 cum
3750 3277 3881 3329 occi-

2279 3377 2516 3430 derentur
2538 3373 2695 3426 detuli
2726 3372 3023 3424 sententiam
3048 3388 3064 3423 :
3090 3372 3174 3423 1t.
3211 3380 3255 3423 et
3282 3387 3370 3437 per
3393 3386 3564 3421 omnes
3592 3386 3883 3439 synagogas

2280 3474 2566 3542 frequenter
2592 3467 2806 3537 puniens
2851 3482 2955 3527 eos,
3008 3462 3368 3529 compellebnnt
3400 3462 3758 3530 blaspltentare
3788 3478 3805 3514 :
3834 3472 3885 3514 et

2278 3565 2499 3633 amplius
2524 3562 2780 3615 insaniens
2810 3561 2862 3611 in
2896 3573 2999 3621 eos,
3030 3554 3361 3624 persequebar
3383 3571 3539 3621 usque
3564 3554 3615 3606 in
3645 3564 3882 3607 externas

2279 3657 2523 3709 civitates.
2555 3654 2643 3707 12.
2673 3651 2816 3705 Inter
2839 3651 2945 3704 lure
2970 3650 3092 3700 dum
3122 3649 3249 3701 irent
3280 3645 3590 3699 Damascum
3631 3662 3751 3697 cum
3786 3662 3880 3713 po—

2280 3761 2455 3804 testate
2474 3759 2518 3802 et
2543 3747 2789 3815 permissu
2817 3744 3103 3813 principum
3126 3742 3467 3803 sacerdotum,
3498 3739 3580 3793 15.
3610 3739 3695 3791 die
3717 3739 3882 3790 media

2280 3845 2331 3895 in
2361 3843 2438 3894 via
2460 3841 2579 3901 ridi,
2612 3856 2722 3899 rex,
2746 3838 2810 3889 de
2837 3836 2961 3887 ca'lo
2986 3851 3144 3900 supra
3164 3833 3487 3901 splendorem
3515 3832 3635 3883 solis
3670 3831 3867 3883 circum

2283 3935 2483 4005 fulsisse
2517 3947 2593 3984 me
2619 3932 2807 3987 lumen,
2846 3935 2893 3980 et
2920 3942 3005 3978 eos
3038 3925 3125 3993 qui
3164 3939 3358 3975 mecum
3404 3922 3557 3975 simul
3587 3930 3751 3973 erant.
3794 3921 3862 3974 14

2283 4030 2568 4095 Omnesque
2598 4042 2686 4077 nos
2716 4040 2830 4076 cant
2870 4021 3231 4073 decidissentus
3264 4018 3316 4069 in
3347 4026 3554 4077 terram,
3592 4015 3765 4067 audivi
3793 4031 3884 4067 voc

2278 4139 2387 4175 cent
2412 4120 2697 4189 loquentem
2734 4116 2859 4168 milii
2905 4111 3159 4165 Hebraica
3209 4109 3387 4179 lingua
3417 4124 3435 4161 :
3468 4108 3647 4171 Saule,
3698 4106 3879 4169 Saule,

2280 4215 2403 4285 quid
2428 4229 2505 4267 me
2549 4208 2904 4280 persequeris?
2953 4204 3153 4256 Durum
3190 4212 3261 4255 est
3306 4201 3396 4253 tibi
3438 4208 3616 4252 contra
3648 4197 3880 4250 stimul..s

2280 4284 2566 4359 calcitrare.
2605 4304 2688 4355 15.
2733 4298 2840 4369 Ego
2872 4308 3039 4349 autem
3070 4293 3199 4356 (illi,
3229 4284 3356 4358 Quis
3386 4306 3458 4355 es,
3492 4288 3751 4341 Domine!
3785 4287 3887 4340 llte

2283 4409 2447 4451 autent
2470 4398 2596 4449 dixit
2626 4410 2642 4447 :
2667 4392 2777 4461 Ego
2814 4408 2926 4443 sum
2959 4387 3132 4451 Iesus,
3156 4402 3301 4452 quem
3344 4394 3397 4436 tu
3429 4382 3760 4453 persequeris.
3796 4382 3881 4434 16.

2287 4493 2391 4544 Sed
2422 4505 2633 4557 exsurge
2660 4495 2704 4539 et
2734 4496 2811 4542 sta
2841 4498 2992 4553 super
3019 4480 3171 4551 pedes
3204 4489 3315 4531 tuos
3346 4492 3362 4530 :
3391 4477 3458 4527 ad
3488 4476 3581 4527 hoc
3608 4475 3742 4527 enim
3782 4490 3884 4542 ap-

2285 4582 2433 4651 parui
2453 4581 2561 4645 tibi,
2586 4588 2637 4630 ut
2666 4577 2963 4629 constituam
2994 4583 3040 4624 te
3074 4572 3363 4623 ministrum
3400 4576 3446 4620 et
3492 4576 3666 4619 testem
3706 4581 3885 4617 eormr.

2281 4690 2393 4744 quce
2418 4672 2604 4735 vidisti,
2629 4682 2674 4723 et
2697 4686 2870 4721 eorum
2896 4665 3076 4735 quibus
3110 4661 3363 4731 apparebo
3388 4660 3497 4724 tibi,
3542 4660 3629 4712 17.
3661 4658 3885 4727 eripiens

2282 4778 2327 4819 te
2348 4767 2408 4820 de
2434 4767 2626 4833 populo
2652 4772 2697 4813 et
2719 4760 2969 4830 gentibus,
2994 4758 3046 4809 in
3070 4772 3195 4824 quas
3221 4769 3356 4806 nunc
3382 4770 3472 4822 ego
3499 4752 3640 4803 mitto
3668 4759 3734 4813 te,
3759 4765 3885 4819 ape-

2282 4862 2381 4911 rire
2406 4857 2583 4910 oculos
2613 4868 2803 4915 eorum,
2839 4860 2891 4901 ut
2914 4858 3271 4901 convertantur
3297 4862 3329 4897 a
3358 4843 3570 4897 tenebris
3597 4846 3664 4894 ad
3693 4842 3882 4903 lucctu,

2282 4962 2325 5003 et
2350 4950 2411 5002 de
2440 4956 2687 5017 potestate
2720 4953 2915 4996 satana:
2943 4943 3008 4992 ad
3042 4940 3224 5002 Deum,
3253 4949 3307 4989 ut
3335 4938 3592 5006 accipiant
3619 4934 3881 4988 remissio-

2284 5060 2394 5095 nem
2423 5051 2761 5110 peccatorunt.
2793 5046 2837 5088 et
2866 5044 3049 5086 sortem
3076 5034 3207 5085 inter
3225 5039 3429 5084 sanctos
3460 5046 3548 5099 per
3571 5028 3745 5095 ﬁdem,
3768 5042 3886 5094 quas

2283 5143 2354 5187 est
2377 5137 2427 5186 in
2453 5148 2548 5185 me.
2584 5126 2885 5197 Perpende,
2918 5140 3073 5193 quam
3104 5130 3384 5179 mansuete
3411 5121 3681 5186 loquatur.
3716 5117 3883 5181 Deus,

2285 5226 2474 5291 inquit,
2522 5223 2651 5275 dixit
2691 5220 2758 5271 ad
2797 5234 2876 5270 me
2908 5233 2927 5270 :
2954 5216 3187 5286 Apparui
3226 5213 3336 5275 tibi,
3385 5222 3441 5263 ut
3484 5210 3787 5268 constituam
3839 5222 3884 5263 te

2284 5318 2571 5369 ministrum
2591 5323 2637 5367 et
2662 5322 2831 5365 testem
2870 5327 3040 5362 eorum
3061 5323 3177 5381 quia
3200 5305 3391 5369 vidisti,
3420 5314 3469 5357 et
3499 5319 3672 5357 eorum
3698 5302 3885 5369 quibus

2282 5410 2539 5479 apparebo
2562 5406 2668 5469 tibi,
2695 5405 2909 5471 eripiens
2940 5412 2985 5454 te
3011 5405 3077 5454 de
3101 5400 3290 5471 populo
3321 5407 3367 5451 et
3391 5396 3646 5467 gentibus,
3679 5397 3733 5449 in
3756 5412 3885 5465 quos

2284 5520 2415 5556 nunc
2435 5519 2525 5572 ego
2553 5502 2695 5553 mitto
2720 5507 2784 5561 te,
2820 5497 2902 5549 18.
2931 5504 2985 5547 ut
3014 5492 3213 5562 aperias
3237 5490 3411 5544 oculos
3442 5505 3637 5553 eorum,
3667 5498 3724 5540 ut
3760 5504 3884 5540 con-

2282 5569 2542 5651 vertantur
2570 5612 2598 5646 rt
2623 5591 2834 5646 tenebris
2873 5589 2939 5641 ad
2967 5569 3129 5640 lucem
3156 5593 3202 5637 et
3226 5600 3258 5636 α
3293 5592 3541 5653 potestate
3575 5592 3773 5633 satana:
3814 5580 3884 5632 ad

2287 5691 2470 5756 Deum,
2500 5700 2551 5741 ut
2582 5685 2832 5753 accipiant
2856 5679 3202 5735 remissionem
3230 5685 3570 5745 peccatorum.
3596 5672 3673 5725 Ac
3711 5687 3755 5725 s1
3793 5672 3845 5725 di
3864 5702 3881 5712 -

2284 5790 2432 5833 ceret
2479 5797 2491 5830 :
2537 5779 2623 5834 llis
2652 5775 2871 5833 credidi.
2916 5773 3017 5826 hac
3055 5770 3258 5826 visione
3293 5782 3381 5822 me
3412 5764 3654 5833 adduxit,
3710 5772 3765 5820 et
3797 5763 3881 5819 sic
