4120 6334
509 331 602 386 3f»!

501 447 646 512 έτην
682 445 777 500 καί
811 445 1104 516 μάρτυρα,
1145 432 1231 494 ὧν
1262 457 1324 492 τε
1365 435 1550 501 εἶδες,
1591 431 1677 516 ῶν
1715 453 1774 516 τε
1814 435 2146 516 όφθήσομαι

504 510 624 590 σοι,
671 510 1082 590 ἐξαιρούμενός
1129 535 1202 572 σε
1230 519 1294 570 ἐκ
1325 517 1425 569 τοῦ
1465 515 1616 568 λαοῦ
1647 515 1742 567 καί
1779 513 1895 566 τῶν
1931 510 2132 577 ἐθνῶν,

506 606 592 668 είς
617 603 720 668 οὓς
749 601 862 670 ἐγώ
898 615 971 652 σε
996 596 1368 660 ἀποστέλλω,
1405 593 1634 656 ἀνοῖξαι
1678 590 2019 670 ὀφθαλμοὺς
2047 593 2150 670 αύ-

505 667 638 744 τῶν,
663 667 764 733 τοῦ
789 667 1163 746 ἀποστρέψαι
1187 676 1303 729 ἀπὸ
1325 673 1579 736 σκότους
1609 674 1694 736 είς
1731 671 1873 739 φῶς,
1914 668 2012 722 καί
2041 667 2152 734 τῆς

506 758 786 822 ἐξουσίας
815 755 920 809 τοῦ
949 755 1183 809 Σατανᾶ
1215 753 1309 806 ἐπὶ
1345 751 1447 804 τὸν
1477 749 1640 811 Θεὸν,
1672 750 1776 804 τοῦ
1805 748 2010 802 λαϐεῖν
2043 748 2150 800 αὐ-

506 837 644 901 τοὺς
673 836 890 903 ἄφεσιν
911 832 1222 904 ἀμαρτιῶν,
1260 832 1397 883 Ὠσεὶ
1422 829 1593 897 ἐλεγε-
1620 831 1838 891 Τούτοις
1869 825 2144 893 ἐπείσθην,

505 917 673 986 ταύτῃ
709 919 776 986 τῇ
820 913 1052 985 ὀπτασίᾳ
1092 930 1156 983 με
1199 912 1520 981 ἐπηγάγετο,
1573 910 1664 962 καὶ
1698 907 1868 972 οὕτως
1910 906 2148 969 ἔπεισεν,

505 994 640 1046 ὥστε
675 996 746 1064 μὴ
782 991 1187 1047 ἀναϐάλλεσθαι.
1223 991 1409 1053 Ὅθεν,
1434 988 1698 1053 βασιλεῦ
1717 988 2009 1056 Ἀῃοίππα,
2039 989 2148 1038 οὐκ

505 1073 792 1140 ἐγενόμην
826 1069 1072 1134 ἀπειθὴς
1108 1066 1182 1136 τῇ
1218 1068 1471 1135 οὐρανίῳ
1499 1067 1755 1132 ὀπτασίᾳ
1777 1081 1790 1096 ο
1836 1066 1993 1119 ἀλλὰ
2028 1066 2150 1128 τοῖς

505 1150 574 1202 ἐν
605 1149 892 1217 Δαμασκῷ
930 1146 1161 1214 πρῶτον
1193 1146 1285 1199 καί
1339 1145 1762 1212 Ἰεροσολύμοις
1783 1183 1796 1204 ,
1831 1145 1915 1207 είς
1947 1141 2152 1196 πᾶσάν

505 1245 568 1280 τε
594 1229 705 1294 τὴν
738 1226 930 1296 χώραν
960 1223 1066 1291 τῆς
1102 1223 1404 1288 Ἰουδαίας,
1433 1222 1530 1276 καί
1561 1222 1682 1286 τοῖς
1706 1221 1942 1274 ἔθνεσιν
1967 1223 2152 1288 ἀπαγ-

507 1307 697 1376 γέλλω
743 1303 1070 1374 μετανοεῖν,
1120 1302 1216 1355 καὶ
1266 1301 1643 1368 ἐπιστρέφειν
1700 1302 1794 1353 ἐπί
1844 1300 1949 1351 τὸν
1983 1303 2148 1361 Θεὸν,

507 1385 644 1449 ἀξια
672 1384 782 1451 τῆς
803 1383 1121 1452 μετανοίας
1159 1380 1299 1449 ἔργα
1325 1381 1730 1448 πράσσοντας.
1772 1379 1826 1431 '0
1853 1379 2030 1431 τοίνυν
2060 1380 2150 1431 καὶ

506 1464 631 1526 τοὺς
661 1463 848 1523 ἀλλους
884 1461 1150 1514 παιδεύων
1182 1460 1306 1528 περὶ
1340 1459 1450 1526 βίου
1481 1459 1719 1528 ἀρίστου,
1755 1454 1870 1518 πῶς
1898 1456 1963 1509 ἀν
1993 1456 2151 1516 αὐτὸς

509 1544 744 1604 στάσεως
761 1540 854 1595 καὶ
869 1539 1210 1610 φιλονεικίας,
1229 1539 1407 1606 φησιν,
1433 1535 1666 1605 ἀρχηγὸς
1684 1534 1906 1601 γέγονας
1935 1535 2152 1587 Ἕνεκα

507 1620 729 1674 τούτων
775 1621 827 1671 οι
865 1616 1139 1672 Ἰουδαῖοί
1181 1632 1254 1683 με
1291 1612 1730 1680 συλλαϐόμενοι
1779 1612 1848 1664 ὲν
1885 1610 1962 1676 τῷ
1996 1612 2148 1678 ιερῷ,

507 1695 820 1763 ἐπειρῶντο
866 1694 1358 1761 διαχειρίσασθαι.
1404 1690 1771 1758 Ἐπικουρίας
1811 1687 1923 1743 οὖν
1956 1690 2154 1756 τυχὼν

507 1773 614 1839 τῆς
637 1771 790 1839 παρά
813 1770 918 1824 τοῦ
947 1769 1092 1823 Θεοῦ
1112 1770 1247 1836 ἄχρι
1272 1767 1377 1832 τῆς
1410 1766 1629 1835 ἡμέρας
1655 1768 1872 1831 ταύτης
1904 1767 2149 1833 ἕστηκα,

503 1851 943 1920 μαρτυρόμενος
967 1847 1154 1916 μικρῷ
1179 1863 1240 1898 τε
1260 1845 1356 1897 καί
1377 1844 1636 1912 μεγάλῳ,
1661 1844 1838 1897 οὐδὲν
1865 1845 2034 1909 ἐκτὸς
2057 1844 2153 1897 λέ-

509 1947 625 1998 γων
666 1923 752 1981 ὦν
782 1944 843 1980 τε
892 1931 946 1980 οί
990 1923 1282 1994 προφῆται
1330 1923 1640 1990 ἐλάλησαν
1673 1925 2022 1990 μελλόντων
2068 1927 2153 1993 γί-

487 2000 736 2068 νεσθαι,
795 2003 891 2056 καί
940 2000 1230 2066 Μωῦσῆς·
1278 2001 1329 2051 εὶ
1372 1999 1633 2066 παθητὸς
1691 2003 1723 2052 ό
1777 2002 2048 2067 Χριστὸς,
2104 2004 2155 2054 εί

508 2084 735 2150 πρῶτος
778 2081 845 2145 ἐξ
887 2078 1273 2142 ἀναστάσεως
1303 2075 1528 2144 νεκρῶν
1547 2075 1671 2145 φῶς
1693 2077 1904 2145 μέλλει
1945 2095 2155 2147 καταγ.

508 2162 745 2230 γέλλειν
764 2159 841 2224 τῷ
861 2176 922 2212 τε
944 2156 1068 2222 λαῷ
1098 2156 1193 2210 καί
1218 2155 1340 2220 τοῖς
1367 2155 1625 2210 ἔθνεσιν.
1662 2157 1823 2226 Ὀρα.
1861 2157 1977 2220 πῶς
2003 2157 2157 2220 ἐκτὸς

510 2238 795 2300 κολακείας
841 2237 986 2289 ἐστὶν
1026 2236 1053 2286 ὁ
1097 2235 1250 2299 λόγος
1289 2232 1473 2294 αὑτοῦ,
1515 2233 1607 2284 καὶ⁸
1633 2231 1692 2283 τὸ
1717 2235 1822 2285 πᾶν
1864 2235 2157 2305 ἐπιγράφει

510 2319 588 2386 τῷ
609 2317 744 2385 Θεῷ.
779 2311 906 2367 Εἶτα
929 2316 962 2384 ἡ
987 2311 1280 2383 παρρησία.
1320 2311 1478 2363 Ἀλλ’
1504 2310 1642 2364 οὐδὲ
1662 2311 1775 2364 νῦν
1803 2312 2126 2380 ἀφίσταμαι
2143 2330 2155 2343 ’

512 2397 604 2448 καὶ
634 2394 692 2446 τὸ
723 2392 956 2459 ἀσφαλές
977 2409 990 2422 ο
1047 2388 1175 2440 Ἀπὸ
1219 2388 1327 2456 γὰρ
1361 2389 1652 2457 προφητῶν
1685 2389 2042 2458 ἰσχυρίζομαι,
2092 2392 2159 2443 Εἰ

513 2471 770 2538 παθητὸς
788 2473 821 2524 ό
841 2468 1107 2536 Χριστὸς,
1127 2468 1175 2519 εί
1197 2465 1419 2532 πρῶτος
1443 2466 1509 2527 ἐξ
1529 2466 1912 2530 ἀναστάσεως
1934 2467 2159 2534 νεκρῶν

511 2551 634 2619 φῶς
663 2549 871 2618 μέλλει
905 2546 1330 2613 καταγγέλλειν
1351 2560 1363 2572 ·
1403 2545 1534 2594 ὡσεὶ
1579 2544 1782 2610 ελεγεν,
1815 2545 1893 2596 ὃτι
1923 2543 2157 2612 Πρῶτος

513 2635 544 2682 ό
577 2628 826 2695 Χριστὸς
872 2625 1171 2687 ἀναστὰς,
1221 2620 1415 2674 οὐκέτι
1447 2622 1835 2687 ἀποθνήσκει.
1886 2624 2050 2692 Δῆλον
2097 2625 2160 2677 ἐκ

512 2706 605 2758 τοῦ
636 2707 766 2757 πᾶσι
793 2701 1143 2769 καταγγεῖλαι
1175 2698 1327 2750 τοῦτο
1357 2701 1450 2750 καὶ
1477 2701 1555 2760 είς
1584 2701 1806 2762 ἑαυτοὺς
1835 2703 2155 2770 προσδοκᾷν.

516 2779 646 2836 Εἶτα
677 2783 774 2852 τὴν
815 2780 1117 2851 παρρησίαν
1159 2779 1187 2829 δ
1229 2777 1432 2843 Φῆστος
1480 2775 1618 2838 ίδὼν,
1669 2779 1852 2848 ἐπειδὴ
1893 2780 2025 2846 πρὸς
2072 2778 2160 2830 τὸν

518 2861 736 2930 βασιλέα
781 2858 1074 2923 διελέγετο,
1121 2856 1192 2924 μὴ
1250 2853 1635 2922 μεθιστάμενος
1675 2854 1768 2906 τοῦ
1824 2857 1958 2925 πρὸς
2000 2856 2158 2907 αὑτὸν

514 2937 858 2998 ἀποϐλέπειν,
881 2937 1067 3004 ὥσπερ
1090 2932 1254 2986 ἔπαθέ
1286 2950 1356 2995 τι,
1388 2933 1480 2984 καί
1503 2949 1633 3002 φησι
1653 2951 1664 2962 ·
1691 2935 1907 3002 Μαίνη,
1936 2934 2154 2988 Παῦλε.

521 3019 637 3072 Ὅτι
664 3018 718 3070 δὲ
749 3014 933 3068 παθὼν
961 3013 1117 3067 τοῦτο
1153 3013 1318 3078 λέγει,
1353 3011 1515 3064 ἄκουε
1549 3012 1653 3063 τῶν
1685 3012 1836 3080 ἐξῆς-
1877 3013 2064 3066 Ταῦτα
2094 3013 2160 3064 δὲ

515 3096 700 3151 αὐτοῦ
742 3093 1184 3162 διαλεγομένου,
1222 3094 1253 3144 ό
1301 3089 1537 3157 Φῆστος
1577 3091 1810 3159 μεγάλη
1875 3091 1947 3160 τῇ
1992 3091 2160 3160 φωνῇ

516 3176 630 3245 ἔφη
657 3191 669 3204 ·
705 3174 919 3240 Μαίνῃ,
959 3170 1177 3232 Παῦλε,
1209 3171 1276 3222 τὰ
1299 3169 1494 3222 πολλά
1514 3186 1586 3223 σε
1606 3170 1910 3238 γράμματα
1939 3175 2024 3236 εις
2047 3188 2160 3240 μα·

515 3255 656 3307 νίαν
680 3251 1028 3319 περιτρέπει.
1049 3250 1111 3300 Τί
1133 3245 1222 3300 οὖν
1248 3251 1274 3300 ὀ
1297 3246 1533 3312 Παῦλοςς
1561 3248 1698 3317 μετά
1719 3249 2013 3312 ἐπιεικείας
2037 3253 2162 3302 ἀπο-

518 3331 854 3401 κρινόμενος,
874 3331 954 3382 Οὺ
971 3329 1267 3395 μαίνομαι,
1296 3325 1446 3396 φησὶ,
1470 3326 1742 3393 κράτιστε
1762 3325 1978 3392 Φῆστε,
2003 3329 2161 3382 ἀλλὰ

516 3411 791 3476 ἀληθείας
843 3408 935 3460 καί
981 3407 1376 3474 σωφροσύνης
1427 3404 1662 3471 ῥήματα
1701 3407 2158 3476 ἀποφθέγγομαι.

521 3483 651 3540 Εἶτα
681 3487 773 3538 καὶ
810 3485 905 3554 τὴν
937 3483 1113 3537 αἰτίαν
1156 3481 1412 3544 διδάσκει,
1456 3483 1521 3533 δι’
1557 3485 1620 3552 ἢν
1657 3483 1789 3552 πρὸς
1820 3485 1909 3535 τὸν
1943 3483 2162 3552 βασιλέα

519 3567 607 3619 τὸν
647 3566 802 3632 λόγον
844 3563 1210 3632 ἀπέστρεψεν·
1256 3563 1597 3615 Ἐπίσταται
1640 3563 1748 3630 γὰρ
1786 3564 2164 3631 περὶτούτων

521 3648 552 3698 ό
583 3642 898 3709 βασιλεὺς,
951 3642 1095 3709 πρὸς
1130 3641 1201 3693 ὃν
1245 3641 1340 3694 καὶ
1384 3642 1924 3710 παρρησιαζόμενος
1962 3643 2162 3696 λαλῶο

520 3720 840 3779 λανθάνειν
866 3719 974 3786 γὰρ
1000 3719 1224 3770 τούτων
1257 3719 1441 3771 αὐτόν
1470 3736 1521 3770 τι
1559 3721 1629 3772 οὐ
1660 3723 1926 3788 πείθομαι
1953 3720 2161 3773 οὐδέν*

521 3802 592 3854 οὐ
647 3797 754 3867 γάρ
791 3797 958 3848 ἐστιν
1005 3796 1073 3848 ἐν
1123 3797 1299 3863 γωνίᾳ
1352 3798 1765 3866 πεπραγμένον
1809 3799 2002 3851 τοῦτο.
2061 3803 2162 3852 Πι--

522 3878 776 3942 στεύεις,
802 3875 1062 3939 ,βασιλεῦ
1103 3875 1402 3941 Ἀγρίππα,
1447 3874 1570 3940 τοῖς
1617 3876 1975 3944 προφήταιςς
2001 3872 2163 3940 Οἶδα,

522 3957 610 4011 ὅτι
659 3955 977 4018 πιστεύεις.
1012 3951 1180 4005 Τοῦτο
1211 3953 1380 4015 οὕτως
1418 3949 1554 4015 εἷπε,
1593 3956 1869 4024 μονονουχὶ
1900 3954 2165 4026 διασύρων

522 4035 616 4087 καὶ
637 4034 806 4101 λέγων
838 4032 970 4101 πρὸς
993 4031 1184 4094 αύτούς
1203 4048 1218 4063 ·
1243 4027 1390 4098 Οἶδα,
1425 4034 1504 4085 ὅτι
1539 4033 1712 4085 πάντα
1739 4029 1876 4085 οἶδεν
1903 4033 2165 4103 ἀκριϐῶςο

523 4112 618 4164 καὶ
643 4111 747 4162 ἔδει
773 4110 867 4180 μὲν
888 4109 1134 4178 πρώτους
1153 4110 1294 4178 ὑμᾶς
1318 4109 1486 4162 ταῦτα
1512 4111 1703 4164 ειδέναι
1723 4111 1803 4179 (τὸ
1832 4111 1937 4180 γὰρ
1965 4111 2163 4176 ἐπαγό-

526 4205 684 4258 μενον
711 4188 866 4240 τοῦτο
885 4187 1051 4256 δηλοῖ,
1070 4188 1149 4252 τὸ,
1179 4189 1258 4240 Οὺ
1299 4187 1407 4256 γάρ
1427 4189 1596 4240 ἐστιν
1618 4189 1685 4240 ὲν
1709 4191 1888 4256 γωνίᾳ
1916 4203 2167 4256 πεπραγ-

521 4267 707 4336 μένον
750 4265 896 4336 [591]
930 4266 1163 4334 τοῦτο),
1204 4265 1314 4319 ἀλλ’
1360 4266 1457 4317 οὐκ
1484 4265 1799 4335 ἠθελήσατε.
1839 4269 2163 4332 Πιστεύεις,

518 4343 780 4408 ,ϐασιλεῦ
835 4343 1132 4410 Ἀγρίππα,
1180 4341 1300 4407 τοῖς
1349 4343 1712 4410 προφήταιςς
1763 4339 1903 4395 Οἶδα
1935 4343 2023 4395 ὅτι
2071 4359 2168 4396 πι-

524 4422 778 4485 στεύεις.
842 4420 902 4473 '0
948 4419 1014 4472 δὲ
1063 4419 1377 4488 Ἀγρίππας
1411 4421 1558 4486 πρὸς
1589 4419 1695 4471 τὸν
1741 4423 1986 4475 Παῦλον
2017 4421 2163 4489 ἔφη·

537 4500 630 4552 Ἐν
682 4499 860 4568 ὀλίγῳ
895 4515 971 4567 με
1007 4498 1230 4560 πείθεις
1275 4499 1630 4564 Χριστιανὸν
1663 4499 1955 4567 γενέσθαι.
2000 4501 2059 4551 '0
2101 4498 2169 4551 δὲ

523 4579 758 4643 Παῦλος
799 4573 965 4630 εἶπεν
985 4594 998 4606 ο
1027 4575 1334 4643 Εὐξαίμην
1361 4576 1437 4628 ἂν
1470 4577 1548 4641 τῷ
1582 4577 1719 4642 Θεῷ,
1754 4577 1851 4630 καὶ
1877 4579 1945 4629 ἐν
1969 4579 2164 4644 ὀλίγῳ,

524 4658 618 4708 καί
649 4657 714 4708 ἑν
741 4654 964 4720 πολλῷ,
1005 4657 1074 4708 οὐ
1108 4655 1296 4723 μόνον
1325 4654 1417 4718 σὲ,
1452 4656 1609 4709 ἀλλὰ
1639 4657 1734 4710 καί
1765 4657 1995 4721 πάντας
2030 4657 2161 4720 τοὺς

524 4733 853 4796 ἀκούοντάς
871 4751 983 4800 μου
1005 4733 1285 4800 σήμερον,
1310 4733 1582 4799 γενέσθαι
1611 4737 1933 4799 τοιούτους,
1968 4734 2168 4801 όποῖος

525 4810 686 4877 κάγώ
717 4812 852 4877 είμι,
881 4811 1164 4876 παρεκτὸς
1191 4809 1308 4862 τῶν
1350 4810 1582 4880 δεσμῶν
1619 4815 1860 4867 τούτων.
1889 4815 2027 4882 Ὅρα
2055 4814 2169 4875 πῶς

526 4887 945 4957 εύχεται,λέγων
967 4904 978 4916 ·
997 4887 1306 4956 Εὐξαίμην
1327 4887 1400 4940 ἂν
1424 4891 1601 4958 ἔγωγε
1631 4891 1707 4954 τῷ
1740 4892 1859 4956 Θεῷ
1887 4891 2029 4962 [οὐκ]
2052 4905 2075 4932 ι
2101 4893 2170 4945 ἐν

526 4968 722 5035 ὀλίγῳ,
759 4966 1022 5029 τουτέστι,
1055 4966 1202 5035 παρά
1230 4969 1441 5035 μικρόν.
1477 4968 1587 5020 Καὶ
1607 4969 1702 5037 οὐχ
1728 4971 1909 5032 ἁπλῶς
1929 4969 2164 5042 εὔχεται,

527 5044 660 5095 ἀλλὰ
706 5044 798 5096 καὶ
841 5044 1256 5113 ἐπιτεταμένως.
1310 5048 1637 5113 Τοιούτους,
1702 5049 1854 5116 φησὶ,
1895 5050 2170 5118 γενέσθαι

526 5122 771 5187 πάντας,
824 5125 894 5175 οὐ
939 5124 1129 5196 μόνον
1176 5125 1267 5187 σέ,
1321 5126 1478 5178 ἀλλὰ
1527 5127 1621 5179 καί
1671 5127 1919 5193 πάντας,
1969 5130 2170 5196 όποῖος

529 5199 685 5263 κάγώ
721 5203 851 5268 είμι.
906 5195 1038 5251 Εἶτα
1072 5202 1164 5252 καὶ
1204 5203 1521 5270 προστίθησι
1543 5219 1554 5231 '
1602 5208 1898 5272 Παρεκτὸς
1931 5206 2049 5260 τῶν
2080 5195 2171 5262 δεζ

529 5275 696 5341 σμῶν
741 5279 991 5330 τούτων·
1024 5279 1121 5331 ούκ
1169 5279 1548 5334 ἀποδυσπετῶν
1580 5283 1667 5334 διὰ
1712 5283 1780 5334 τὰ
1825 5285 2019 5355 δεσμὰ,
2051 5289 2170 5339 οὐδὲ

531 5355 904 5436 αἰσχυνόμενος
944 5357 1074 5436 διότι
1119 5358 1320 5409 ἐδέδετο
1355 5360 1548 5428 (τοῦτο
1585 5361 1691 5431 γὰρ
1723 5359 1788 5431 ἦν
1823 5365 1987 5431 αὐτῷ,
2015 5366 2171 5436 εἴπερ

529 5448 580 5518 τι
612 5431 755 5518 ἀλλο,
788 5433 928 5518 ἀξιον
949 5435 1102 5518 δόξης
1127 5438 1142 5497 )
1163 5452 1174 5465 '
1207 5437 1340 5518 ἀλλὰ
1366 5440 1497 5518 πρὸς
1535 5441 1633 5508 τὴν
1658 5443 1874 5494 ἐκείνων
1907 5431 2171 5512 ὑπόληψιν

531 5511 766 5590 ἀφορῶν,
793 5512 985 5590 ῖοῦτως
1020 5509 1156 5566 εἷπε.
1204 5517 1300 5567 Διά
1343 5517 1498 5568 τοῦτο
1533 5521 1836 5589 προσέθηκε
1886 5523 1962 5582 τὸ,
2025 5509 2172 5590 Παρ-

531 5589 699 5651 εκτὸς
739 5589 853 5640 τῶν
885 5589 1120 5658 δεσμῶν
1150 5596 1388 5646 τούτων.
1449 5595 1584 5646 Ἀλλ’
1638 5599 1829 5667 ἴδωμεν
1867 5602 2068 5655 ἀνωθεν
2105 5589 2172 5655 τὰ

595 5689 616 5713 ³
647 5688 878 5736 Inclusum
900 5694 1204 5749 negationem
1226 5695 1400 5742 hmonl
1427 5703 1526 5744 [res
1550 5712 1680 5753 mss,
1726 5701 1954 5748 Cummel.
1986 5707 2036 5747 (ιι
2059 5703 2148 5749 Sav

535 5744 661 5795 ἐστιν.

1316 323 1371 379 S.
1413 322 1694 380 JOANNIS
1732 316 2215 375 CIIRYSOSTOMI
2258 317 2572 374 ARCIllEP.
2607 317 3151 375 CONSTANTINOP.

3813 310 3918 362 7.6".

2256 436 2656 504 ἀνεγνωσμένα.
2700 437 2775 503 Τῇ
2826 434 2935 490 οὖν
2983 437 3262 503 ἐπαύριον
3291 435 3683 487 εἰσελθόντων
3725 438 3814 500 εἰς
3847 446 3908 494 τὸ

2253 517 2470 582 άκροατ
2483 515 2665 580 ήριον,
2700 517 3096 579 κελεύσαντος
3116 514 3220 567 τοῦ
3244 515 3502 580 Φήστου,
3537 516 3721 582 φησὶν,
3749 514 3910 583 ἤχθη

2254 599 2284 647 ό
2317 594 2570 657 Παῦλος.
2622 594 2957 665 ’Δπέστησαν
2985 594 3165 646 λοιπὸν
3191 595 3238 645 οἱ
3282 593 3516 646 Ἰουδαῖοι
3559 597 3622 663 τῇ
3658 596 3847 661 ἐφέσει
3882 596 3909 632 ι’

2247 672 2590 744 χρησαμένου
2627 673 2856 732 ἐκείνου,
2883 693 2975 727 και
3003 690 3120 725 τοτε
3154 671 3296 741 αὐτῷ
3321 672 3566 741 λαμπρὸν
3593 674 3653 724 τὸ
3675 673 3910 741 θέατρον

2249 752 2486 816 γίνεται·
2534 750 2669 820 μετὰ
2721 753 2917 820 πολλῆς
2964 753 3072 822 γὰρ
3104 754 3202 820 τῆς
3250 751 3545 819 φαντασίας
3582 755 3609 804 ὀ
3651 751 3910 820 βασιλεὺς

2251 832 2343 884 καὶ
2379 831 2486 881 πάν
2531 831 2591 880 τὸ
2621 830 2819 898 πλῆθος
2851 831 2957 883 τῶν
2997 831 3263 884 Ἰουδαίων
3285 830 3534 901 παρῆσαν
3571 830 3667 898 ούχ
3699 832 3745 880 οἱ
3779 829 3907 896 μὲν,

2249 911 2295 961 οἱ
2335 909 2389 961 δὲ
2424 907 2503 961 ού.
2543 911 2607 963 Τὸ
2628 908 2859 975 πλῆθος
2886 908 3002 962 τῶν
3042 909 3352 968 Ἰουδαίων,
3383 911 3533 979 φησι,
3563 909 3912 975 συνέτυχόι·

2245 1007 2365 1056 μοι,
2397 989 2464 1042 ἐν
2488 1006 2550 1041 τε
2591 989 3024 1057 Ἰεροσολύμοις
3058 987 3152 1040 καὶ
3183 988 3411 1050 ἐνθάδε,
3441 984 3786 1051 ἐπιϐοῶντες
3817 986 3910 1054 μὴ

2251 1067 2376 1120 δεῖν
2399 1069 2581 1121 αὐτὸν
2604 1068 2708 1135 ζῇν
2723 1067 2948 1136 μηκέτι.

2319 1153 2385 1214 γ’.
2414 1148 2553 1217 Ὅρα
2575 1148 2670 1216 τὴν
2706 1147 2897 1215 μανίαν
2917 1165 2928 1177 ·
2962 1145 3147 1208 ἐϐόων,
3181 1145 3288 1197 δεῖν
3311 1145 3471 1197 αὑτὸν
3505 1145 3789 1198 ἀποθανεῖν
3822 1142 3911 1194 λέ-

2249 1243 2452 1292 γοντες.
2503 1227 2777 1279 Ἐντεῦθεν
2825 1227 3111 1280 δείκνυσιν.
3163 1225 3243 1276 ὅτι
3280 1223 3500 1288 δικαίως
3537 1225 3913 1277 ἐπεκαλέσατο

2251 1306 2520 1375 Καίσαρα.
2558 1307 2620 1358 Et
2652 1307 2760 1376 γὰρ
2795 1306 2942 1357 οὐδὲν
2970 1305 3066 1374 μὲν
3099 1300 3244 1372 εἶχον
3278 1304 3450 1356 δεινὸν
3487 1305 3674 1363 είπεῖν,
3709 1304 3910 1354 ἐκεῖνοι

2249 1385 2304 1437 δὲ
2324 1385 2684 1454 ἐμεμήνεσαν,
2708 1385 2927 1446 είκότως
2961 1385 3046 1435 ἐπ’
3077 1385 3280 1436 ἐκεῖνον
3314 1382 3548 1453 ἔρχεται.
3575 1383 3772 1446 Ὀπως
3797 1379 3912 1445 τῆς

2249 1465 2617 1532 ἀνακρίσεως
2664 1465 2763 1532 ὑφ’
2815 1463 2978 1530 ὑμῶν
3025 1460 3367 1530 γενομένης,
3399 1460 3528 1527 σχῶ
3572 1461 3628 1512 τί
3662 1459 3913 1528 γράψαι,

2253 1544 2434 1612 φησίν.
2490 1545 2666 1612 Ὁρᾷς,
2702 1543 2816 1605 πῶς
2867 1541 3206 1610 βασανίζεται
3252 1539 3506 1600 πολλάκις
3538 1539 3598 1590 τὸ
3639 1539 3911 1609 πράγμας

2252 1622 2360 1673 Καὶ
2404 1621 2501 1690 τῆς
2533 1621 2824 1688 ἀπολογίας
2859 1622 3034 1672 τοίνυν
3087 1619 3287 1686 ταύτης
3329 1618 3568 1669 Ἰουδαῖοι
3612 1617 3796 1678 αἴτιοι,
3845 1619 3916 1685 ἣν

2252 1699 2472 1766 ἔμελλον
2521 1700 2807 1769 μανθάνειν
2841 1701 2932 1751 καὶ
2971 1700 3016 1750 οί
3048 1699 3104 1748 ἐν
3143 1699 3205 1765 τῇ
3253 1696 3454 1764 Ῥώμῃ.
3491 1694 3628 1761 Περὶ
3666 1693 3917 1746 πάντων

2252 1775 2339 1831 ὧν
2375 1779 2762 1847 ἐγκαλοῦμαι,
2807 1777 3069 1842 ,βασιλεῦ
3115 1778 3410 1843 Ἀγρίππα.
3452 1775 3632 1843 φησιν,
3685 1772 3916 1839 ἥγημαι

2255 1857 2512 1925 ἐμαυτὸν
2545 1856 2860 1924 μακάριον,
2895 1855 3134 1924 μέλλων
3170 1853 3265 1905 ἐπὶ
3312 1852 3425 1905 σοῦ
3461 1851 3913 1918 ἀπολογεῖσθαι.

2261 1938 2394 2007 Ὀρα
2440 1937 2556 1997 πῶς
2603 1937 2837 2004 κήρυκες
2886 1935 3105 1995 ἄκοντες
3147 1933 3240 1984 καὶ
3281 1932 3379 1998 τῆς
3421 1931 3622 1992 οίκείας
3667 1931 3916 1996 γίνονται

2258 2015 2448 2077 κακίας
2486 2014 2577 2066 καὶ
2602 2013 2699 2081 τῆς
2732 2011 2941 2064 Παύλου
2968 2010 3166 2079 ἀρετῆς
3203 2009 3294 2060 καὶ
3321 2008 3467 2077 αὐτῷ
3495 2008 3570 2077 τῷ
3597 2007 3913 2076 κρατοῦντι·

2257 2096 2392 2148 ὥστε
2421 2091 2791 2162 λαμπρότερον
2819 2091 3059 2158 ἀπήγετο
3094 2089 3317 2151 Παῦλος,
3355 2087 3384 2156 ἢ
3421 2090 3468 2138 εί
3500 2088 3662 2155 χωρὶς
3692 2085 3918 2153 δεσμῶν

2257 2173 2524 2240 ἀπῆλθεν·
2578 2172 2760 2223 οὐκέτι
2801 2170 2905 2238 γάρ
2958 2169 3031 2230 ὡς
3079 2167 3274 2230 πλάνος
3321 2169 3412 2218 καὶ
3462 2167 3592 2234 γόης
3639 2164 3918 2217 τοσούτων

2259 2251 2418 2303 αὑτὸν
2461 2252 2703 2317 ἀφέντων
2747 2249 3008 2301 δικαστῶν
3037 2248 3297 2314 ἀπήγετο.
3337 2246 3517 2298 Πάντα
3557 2243 3734 2296 τοίνυν
3767 2245 3917 2296 ἀπο-ι

2257 2330 2553 2399 δυσάμενος
2581 2330 2706 2398 παρ’
2737 2322 2814 2388 οἷς
2841 2327 3027 2395 ἐτέχθη
3052 2326 3142 2376 καὶ
3173 2326 3403 2394 ἐτράφη,
3435 2325 3529 2391 οὐχ
3555 2323 3756 2385 ἁπλῶς,
3785 2323 3916 2375 ἀλλ’

2256 2408 2396 2461 οῦτω
2442 2406 2674 2476 καθαρὸς
2703 2406 2931 2473 ὑποψίας
2962 2404 3224 2456 ἐπιϐαίνει
3253 2405 3350 2470 τῆς
3395 2403 3628 2471 Ῥώμης.
3662 2402 3766 2453 Καὶ
3802 2403 3920 2456 οὐκ

2256 2484 2396 2540 εἴπεο
2425 2489 2487 2540 Τί
2515 2487 2578 2558 δὴ
2606 2486 2791 2550 τοῦτο;
2838 2484 2982 2548 ἀπαξ
3031 2482 3446 2550 ἐπεκαὴσάμην
3490 2482 3741 2551 Καίσαρα
3761 2497 3772 2509 ·
3806 2501 3920 2551 μυ-

2260 2569 2434 2636 ριάκις
2477 2566 2725 2634 ἐκρίθην·
2774 2565 2931 2633 μέχρι
2982 2563 3144 2624 πότες
3194 2560 3326 2613 ἀλλά
3359 2561 3444 2620 τίς
3476 2560 3639 2613 Πάλιν
3693 2561 3919 2628 ἕτοιμος

2257 2649 2472 2714 ἐγένετο
2509 2647 2686 2698 δοῦναι
2717 2644 2942 2704 εὐθύνας
2976 2644 3065 2694 καὶ⁵
3094 2641 3182 2693 ἐπὶ
3219 2639 3310 2692 τοῦ
3346 2639 3576 2709 μάλιστα
3606 2641 3798 2700 εἰδότος
3844 2641 3919 2696 τὰ

2258 2728 2394 2779 κατὰ
2447 2725 2746 2786 Ἰουδαίους.
2787 2722 2874 2774 Διὸ
2906 2722 2994 2774 καὶ
3041 2720 3175 2790 μετά
3228 2718 3425 2787 πολλῆς
3467 2719 3563 2786 τῆς
3599 2721 3917 2788 παρρησίας

2257 2805 2620 2871 ἀπολογεῖται,
2652 2801 2743 2853 ἀτε
2775 2801 2872 2852 οὐκ
2892 2799 3056 2851 ὄντων
3082 2799 3282 2866 κυρίων
3310 2797 3415 2847 τῶν
3444 2795 3919 2858 καταδικαζόντων

2255 2885 2446 2938 αὐτόν·
2483 2883 2561 2946 ὃς,
2602 2881 2799 2949 καίπερ
2847 2879 2945 2930 οὐκ
2990 2877 3154 2928 ὄντων
3200 2876 3421 2945 κυρίων,
3464 2874 3596 2927 ἀλλὰ
3643 2874 3738 2944 τῆς
3769 2878 3919 2930 ἀπο-

2258 2964 2470 3031 φάσεως
2527 2960 2736 3028 ἐκείνης
2786 2955 3105 3028 κρατούσης,
3152 2954 3232 3006 ὅτι
3276 2953 3430 3019 Πρὸς
3481 2955 3746 3020 Καίσαρα
3801 2970 3921 3009 πο-

2249 3045 2460 3111 ρεύσῃ,
2497 3041 2673 3093 δίδωσι
2697 3039 2851 3105 λόγον
2879 3039 3044 3105 ὅμως,
3074 3035 3165 3088 καὶ
3194 3033 3390 3094 πολλὰς
3413 3034 3508 3095 τάς
3537 3034 3761 3095 εὐθύνας
3780 3035 3918 3105 περὶ

2259 3122 2503 3174 πάντωνο
2551 3121 2612 3171 ού
2661 3116 2918 3186 περὶτῶν
2961 3115 3078 3183 μὲν,
3113 3114 3240 3183 περὶ⁵
3271 3113 3377 3164 τῶν
3407 3113 3459 3165 δὲ
3498 3113 3580 3166 οῦ.
3611 3115 3924 3184 Μονονουχὶ

2256 3203 2313 3254 δὲ
2358 3200 2514 3253 τοῦτο
2548 3198 2690 3264 λέγει
2733 3197 2800 3250 δι’
2842 3188 2914 3247 ὧν
2947 3193 3329 3262 ἀποκρίνεται·
3366 3190 3514 3262 [592]
3562 3192 3924 3258 Ἐγκαλοῦσιν

2257 3283 2396 3350 ὑπὲρ
2440 3282 2699 3340 στάσεως,
2736 3275 3051 3344 ἐγκαλοῦσιν
3083 3274 3222 3342 ὑπὲρ
3259 3273 3541 3341 αἱρέσεως,
3583 3275 3676 3326 καὶ
3706 3273 3786 3324 ὅτι
3819 3274 3924 3325 τὸν

2257 3361 2381 3414 ναὸν
2419 3358 2754 3427 ἐὸεόήλωσα·
2806 3354 2932 3421 περὶ
2977 3353 3190 3405 πάντων
3220 3351 3615 3420 ἀπολογοῦμαι’
3652 3351 3768 3418 Τὴν
3792 3352 3925 3419 μὲν

2259 3436 2370 3493 οὖν
2395 3437 2617 3501 βίωσίν
2655 3451 2773 3503 μου
2812 3431 2924 3498 τὴν
2963 3433 3030 3483 ἐκ
3068 3431 3345 3494 νεότητος
3393 3430 3560 3481 ἴσασι
3604 3429 3821 3495 πάντες
3861 3434 3923 3486 οι

2273 3515 2571 3572 Ἰουδαῖοι·
2597 3515 2676 3566 ὅτι
2703 3513 2798 3582 μὲν
2820 3513 2879 3563 ού
2900 3509 2990 3562 τοῦ
3019 3508 3150 3578 ἐμοῦ
3178 3509 3378 3578 τρόπου
3402 3509 3460 3560 τὸ
3482 3511 3690 3571 στάσεις
3712 3512 3915 3574 ποιεῖν,

2260 3596 2412 3649 αὐτοὶ
2437 3594 2707 3664 μάρτυρες
2738 3593 2784 3642 οἱ
2819 3590 3127 3659 κατήγοροι.
3161 3587 3228 3640 '0
3254 3588 3345 3664 καὶ
3379 3586 3483 3656 πρὸ
3512 3587 3696 3639 τούτου
3721 3589 3873 3655 λέγε,⁵
3899 3605 3914 3618 .

2261 3663 2541 3741 Ζηλιυτὴς
2571 3671 2854 3737 ὑπάρχων
2878 3667 2992 3719 τῶν
3029 3663 3326 3732 πατρικῶν
3344 3682 3461 3732 μου
3497 3666 3915 3732 παραδόσεων,

2261 3753 2418 3805 τοῦτο
2442 3753 2533 3804 καὶ
2573 3748 2804 3801 ἐνταῦθα
2853 3747 3143 3798 αἰνίττεται
3179 3745 3265 3797 διὰ
3300 3744 3391 3796 τοῦ
3445 3747 3636 3809 εἰπεῖν,
3688 3745 3810 3812 Τὴν
3843 3748 3917 3802 ἐκ

2263 3830 2539 3896 νεότητός
2565 3845 2680 3896 μου
2717 3827 2954 3890 βίωσιν,
2985 3825 3092 3876 Καὶ
3122 3825 3208 3875 ὅτε
3239 3823 3355 3885 ὅλος
3383 3823 3448 3874 δε
3479 3824 3648 3892 δῆμος
3693 3826 3877 3895 παρῆν
3899 3867 3914 3888 ,

2262 3910 2380 3962 τότε
2415 3908 2566 3960 καλεῖ
2596 3905 2774 3959 αὐτῶν
2799 3904 2894 3972 τὴν
2919 3903 3237 3973 μαρτυρίαν.
3273 3902 3384 3954 υύκ
3414 3901 3505 3954 ἐπὶ
3536 3901 3628 3953 τοῦ
3658 3903 3917 3974 δικαστη-

2267 3989 2378 4058 ρίου
2401 3989 2454 4040 δὲ
2477 3987 2567 4039 τοῦ
2599 3984 2797 4038 Λυσίου
2836 3982 2991 4034 τοῦτο
3030 3984 3171 4033 ποιεῖ
3203 3982 3380 4050 μόνον,
3409 3981 3542 4034 ἀλλά
3573 3983 3664 4034 καὶ
3695 3984 3785 4034 ἐπὶ
3821 3985 3916 4036 τοῦ

2261 4069 2467 4136 Φήστου
2493 4081 2506 4096 ·
2553 4063 2646 4118 καὶ
2691 4061 2894 4114 πάλινά
2943 4059 3204 4120 ἐνταῦθα,
3252 4059 3339 4111 ὅτε
3374 4059 3586 4122 πλείους
3627 4063 3914 4130 παρῆσαν·

2262 4149 2376 4199 ἐκεῖ
2417 4145 2472 4197 δὲ
2507 4145 2565 4197 ού
2600 4142 2797 4211 πολλῆς
2835 4139 3124 4206 ἀπολογίας
3155 4139 3280 4200 ἔδει,
3309 4139 3416 4191 τῶν
3446 4141 3788 4209 γραμμάτων
3818 4139 3918 4193 τυῦ

2263 4223 2461 4277 Λυσίου
2509 4223 2772 4290 ἀφιέντων
2812 4218 2991 4271 αὐτόν.
3032 4219 3243 4277 "Icum,
3295 4219 3446 4286 φησι,
3493 4216 3714 4282 πάντες
3768 4219 3920 4272 Ἰουο

2265 4302 2414 4355 δαῖοι
2441 4296 2946 4368 προγινώσκοντές
2975 4312 3047 4363 με
3078 4295 3322 4349 ἀνωθεν.
3359 4297 3466 4349 Καὶ
3497 4297 3555 4347 ού
3592 4297 3756 4363 λέγει,
3816 4315 3910 4350 πο-

2264 4382 2432 4442 ταπὺς
2463 4377 2624 4430 αὑτοῦ
2668 4379 2695 4429 ὁ
2728 4375 2858 4444 βίος,
2884 4373 3016 4425 ἁλλά
3055 4373 3275 4443 ἀφίησιν
3303 4374 3479 4426 αὐτῶν
3517 4375 3591 4443 τῷ
3631 4375 3916 4438 συνειδότι,

2267 4463 2358 4514 καὶ
2382 4460 2440 4512 τὸ
2484 4459 2590 4511 πᾶν
2628 4459 2684 4509 ἐν
2720 4458 2783 4525 τῇ
2824 4454 3026 4529 αἱρέσει
3065 4453 3261 4529 τίθησι,
3297 4454 3509 4516 δεικνὺς
3538 4455 3785 4506 ἐντεῦθεν
3815 4457 3921 4508 ούκ

2269 4543 2333 4595 ἂν
2365 4539 2612 4607 ἐλόμενος
2638 4535 2822 4605 αὐτὴν,
2859 4528 2904 4585 εί
2937 4528 3256 4607 πονηρὸςῆν
3287 4532 3378 4583 καὶ
3413 4533 3697 4602 μοχθηρός.
3744 4535 3917 4606 ’Υπὲρ

2267 4619 2365 4686 τῆς
2404 4606 2661 4686 αἱρέσεως
2700 4612 2873 4665 τοίνυν
2901 4611 3121 4680 ταύτης,
3158 4606 3243 4682 ἦς,
3283 4611 3463 4680 φησὶν,
3491 4613 3694 4682 ἕστηκα
3730 4617 3911 4684 κρινό-

2271 4712 2447 4766 μενος.
2498 4694 2642 4764 Αὕτη
2675 4695 2764 4745 καὶ
2795 4694 2922 4762 παρ’
2954 4692 3136 4753 αὐτοῖς
3171 4691 3552 4758 πρεσϐεύεται,
3593 4694 3678 4745 διὰ
3712 4695 3922 4764 ταύτην

2267 4777 2511 4845 ηῠχοντο,
2556 4775 2640 4827 διὰ
2670 4775 2871 4842 ταύτην
2919 4771 3286 4838 λατρεύουσιν,
3323 4773 3405 4824 ἵνα
3438 4773 3638 4842 ταύτης
3678 4773 3914 4842 τύχωσιο

2267 4856 2466 4925 ταύτην
2510 4853 2617 4922 ἐγὼ
2651 4852 3018 4919 καταγγέλλω,
3049 4851 3142 4902 καὶ
3173 4851 3297 4921 περὶ
3327 4851 3425 4920 τῆς
3458 4853 3668 4914 ἐλπίδος
3713 4854 3919 4922 ταύτης

2270 4934 2618 5004 ἐγκαλοῦμαι.
2651 4934 2796 5001 ’Λρα
2829 4929 3164 4998 μαινομένων
3190 4931 3302 4981 ἐστὶ
3331 4931 3506 4984 πάντα
3535 4933 3630 4998 μὲν
3662 4932 3800 4999 ὑπὲρ
3822 4932 3918 4983 τοῦ

2269 5016 2445 5082 τυχεῖν
2468 5013 2666 5081 ταύτης
2691 5013 2886 5072 ποιεῖν,
2912 5009 3000 5059 τὸν
3026 5008 3079 5060 δὲ
3097 5010 3173 5070 εἰς
3193 5009 3392 5079 ταύτην
3417 5009 3736 5062 πιστεύοντα
3760 5009 3919 5062 ἐλαύο

2270 5112 2396 5147 νειν.
2455 5091 2600 5160 Ἐγὼ
2635 5091 2750 5160 μὲν
2799 5085 2909 5142 οὖν
2954 5089 3129 5152 ἔδοξα
3180 5089 3409 5157 ἐμαυτῷ
3439 5089 3587 5156 πρὸς
3622 5090 3687 5141 τὸ
3731 5089 3918 5156 ὄνομα

2281 5173 2469 5238 Ἰησοῦ
2516 5170 2622 5222 τοῦ
2665 5167 3014 5234 Ναζωραίου,
3060 5169 3212 5238 φησὶ,
3259 5168 3385 5220 δεῖν
3431 5167 3629 5220 πολλὰ
3675 5161 3919 5220 ἐναντία

2269 5250 2501 5315 πριῑξαν
2533 5249 2825 5311 τουτέστιν,
2861 5249 3084 5317 Ἕκρινα
3110 5249 3278 5302 ταῦτα
3310 5250 3502 5310 ποιεῖν,
3530 5247 3609 5298 ὅτι
3647 5247 3742 5297 of»:
3771 5247 3919 5314 ἤμην

2269 5330 2371 5380 τῶν
2404 5329 2654 5399 μαθητῶν
2687 5328 2775 5380 τοῦ
2805 5330 3058 5397 Χριστοῦ,
3090 5328 3224 5382 ἀλλὰ
3249 5327 3351 5378 τῶν
3377 5323 3746 5394 πολεμούντων
3772 5325 3920 5392 αύτῷ

2270 5408 2527 5476 ὑπῆρχον.
2570 5409 2728 5459 Ὅθεν
2784 5425 2876 5459 και
2931 5408 3231 5470 ἀξιόπιστος
3276 5405 3478 5472 γίνεται
3515 5404 3740 5473 μάρτυς,
3773 5404 3852 5454 ὅτι
3895 5405 3920 5454 ὸ

2275 5489 2437 5555 μυρία
2461 5488 2644 5547 ποιῶν,
2671 5487 2761 5537 καὶ
2783 5487 3024 5555 πολεμῶν
3053 5487 3175 5548 τοὺς
3197 5483 3562 5543 πιστεύοντας,
3595 5481 3689 5533 καὶ
3718 5479 3922 5535 πείθων

2275 5565 2626 5634 βλασφημεῖν,
2656 5568 2745 5617 καὶ
2783 5568 2953 5617 πάντα
2983 5566 3163 5629 κινῶν,
3188 5565 3386 5626 πόλεις,
3412 5563 3693 5632 ἀρχςντας,
3729 5563 3821 5612 καὶ
3853 5562 3921 5612 δι’

2334 5666 2359 5702 b
2396 5674 2462 5726 Τῇ
2491 5671 2651 5729 ἀφέσει
2676 5684 2816 5717 unus.
2889 5674 2907 5700 ε
2939 5671 3070 5719 ίῗηιιε
3105 5673 3321 5724 Ζηλωτής
3343 5670 3579 5730 ὗτῐάρςζιῡν,
3605 5668 3683 5712 καὶ
3714 5669 3790 5712 ὅτε
3815 5667 3925 5721 ὅλος

2273 5734 2310 5775 ὸ.
2355 5734 2385 5836 1“
2409 5733 2528 5779 Tros
2555 5745 2686 5790 (1155.,
2709 5733 2790 5777 οὐκ
2815 5734 2886 5778 ἐπὶ
2913 5731 2994 5779 τοῦ
3019 5735 3042 5779 ὀ
3071 5753 3081 5790 ς
3106 5734 3204 5779 ἁλὶ*
3233 5734 3303 5778 ἐπὶ
3331 5732 3412 5777 τοῦ
3437 5731 3628 5775 λυαίου·
3663 5731 3737 5774 καὶ
3765 5730 3924 5787 πάλιν,

2277 5805 2346 5835 ma
2371 5803 2398 5836 e

2277 5803 2398 5838 male
