4094 6336
201 402 268 433 ἔδει

205 496 484 566 persuasit,
517 508 572 547 ιιι
608 513 713 548 non
745 494 1036 549 dili'errem.
1082 492 1164 546 19.
1211 489 1380 554 Unde,
1425 503 1514 540 rex
1546 486 1792 558 Agrippa,

206 605 302 639 non
338 588 414 656 fui
450 586 750 639 incredulus
775 586 959 639 cwlesti
989 583 1202 645 visioni;
1231 581 1321 634 ‘20.
1346 579 1437 633 sed
1462 578 1544 640 iis,
1573 580 1656 645 qui
1679 586 1796 630 sunt

204 675 446 729 Damasci
478 677 701 745 primum
725 687 772 729 et
791 677 1142 744 .lerosolymis,
1173 684 1220 726 et
1245 673 1296 725 in
1323 687 1518 725 omnem
1542 669 1794 739 regionem

202 767 423 832 Jtttla‘tt,
453 779 498 821 et
524 771 754 840 gentibus
794 768 1153 822 annuutiabam
1196 775 1251 818 ut
1295 764 1636 835 pwnitentiam
1683 777 1794 831 age-

202 868 331 924 rint,
381 870 426 912 et
477 869 882 912 converterentur
927 859 992 910 ad
1046 857 1234 921 Deum,
1290 857 1444 926 digna
1491 853 1795 924 pamitcutice

201 965 354 1015 opera
389 951 650 1018 facientes.
702 950 800 1015 Qui
841 949 1000 1018 igitur
1037 948 1172 1002 alios
1199 947 1508 1002 erudiebam
1539 945 1679 999 circa
1713 942 1789 996 vi-

202 1049 306 1094 tam
356 1041 654 1110 optimam,
703 1040 969 1108 quomodo
1013 1038 1289 1093 seditionis
1339 1045 1394 1090 et
1434 1032 1790 1090 contentionis

199 1145 388 1189 auctor
425 1133 683 1188 fuissem?
711 1134 800 1186 ‘21.
832 1131 943 1184 llac
971 1147 1034 1185 ea:
1058 1147 1211 1184 causa
1241 1146 1319 1183 me
1347 1127 1536 1190 Judazi,
1573 1143 1685 1180 cum
1712 1142 1789 1179 es-

197 1243 300 1278 sem
339 1228 394 1279 in
424 1226 629 1295 templo,
657 1225 1066 1293 comprehensum
1090 1223 1342 1276 tentabant
1369 1221 1668 1288 interﬁcere.
1693 1218 1783 1273 22.

201 1318 405 1372 Auxilio
435 1329 601 1370 autem
638 1319 842 1384 adjutus
884 1316 993 1379 Dei,
1042 1332 1196 1383 usque
1234 1315 1284 1368 in
1323 1314 1618 1367 hodiernum
1654 1312 1785 1365 diem

193 1419 290 1470 sto,
322 1408 600 1474 testi/imus
643 1407 821 1459 minori
850 1415 996 1474 atque
1036 1405 1239 1474 majori,
1268 1403 1397 1456 nihil
1425 1410 1566 1456 extra
1591 1401 1778 1467 dicens,

191 1519 342 1570 quam
390 1518 470 1565 ea,
504 1517 616 1570 qua?
655 1499 914 1568 prophetat
955 1499 1146 1566 loquuti
1187 1506 1304 1551 sunt
1347 1498 1521 1564 futura
1563 1510 1688 1558 esse,
1736 1503 1782 1547 et

194 1592 423 1662 Moyses,
450 1591 539 1646 2'5.
574 1592 618 1643 si
649 1607 890 1658 passurus
916 1588 1165 1651 Christus,
1213 1587 1256 1640 si
1296 1588 1489 1657 primus
1517 1601 1579 1638 ex
1604 1601 1776 1638 resur-

188 1685 410 1737 rectione
436 1693 746 1735 mortuorum
779 1682 944 1735 lumen
983 1681 1374 1734 atmuntiaturus
1402 1687 1473 1732 est
1518 1677 1706 1747 populo
1731 1688 1778 1730 et

185 1775 438 1846 gentibus.
484 1773 633 1839 Vide,
677 1783 733 1827 ut
770 1788 948 1827 sermo
978 1773 1094 1841 ejus
1134 1772 1442 1825 adulatione
1481 1779 1679 1832 careat,
1723 1780 1778 1825 et

187 1876 358 1920 totum
391 1865 661 1920 adscrihat
687 1865 816 1918 Deo.
851 1864 981 1918 Vide
1009 1862 1290 1917 etdiccndi
1324 1863 1642 1925 libertatem,
1671 1860 1775 1914 Sed

185 1975 344 2026 neque
369 1974 504 2010 nunc
532 1957 754 2019 desisto;
785 1955 1090 2009 ﬁrmitatem
1123 1971 1135 2006 :
1170 1955 1209 2007 A
1256 1954 1532 2023 prophetis
1571 1953 1771 2006 conﬁr-

183 2066 320 2115 mor,
355 2052 434 2103 An
463 2065 704 2119 passurus
734 2049 882 2116 fuerit
911 2047 1160 2113 Christus,
1193 2062 1260 2099 an
1299 2047 1492 2115 primus
1517 2062 1579 2098 ea:
1602 2061 1770 2098 resur-

180 2143 402 2195 rectione
427 2151 738 2193 mortuorum
775 2139 941 2192 lumen
981 2139 1043 2192 sit
1072 2139 1501 2201 annuntiaturus;
1531 2154 1592 2190 ac
1621 2138 1662 2190 si
1687 2137 1769 2190 di—

177 2243 364 2286 ceret:
403 2231 633 2285 Christus
679 2231 872 2298 primus
919 2245 1219 2298 resurgens,
1260 2229 1376 2296 jant
1418 2245 1517 2282 non
1558 2230 1768 2282 moritur

178 2321 332 2392 (Rom
381 2323 434 2376 6.
460 2322 534 2390 9).
560 2322 892 2375 Manifestum
917 2329 998 2374 est
1024 2335 1088 2374 ex
1116 2335 1202 2386 eo,
1229 2319 1370 2388 quod
1394 2320 1641 2374 omnibus
1666 2319 1765 2374 hoc

175 2414 471 2471 denuntiet.
525 2423 578 2466 et
617 2414 669 2466 in
711 2412 1013 2480 semetipsis
1057 2421 1387 2481 exspectent.
1434 2411 1634 2466 Deinde
1666 2412 1763 2466 Fe-

174 2516 304 2569 stus,
341 2519 399 2557 Ill
435 2503 688 2574 loquendi
721 2505 1018 2558 libertatem
1045 2503 1196 2564 vidit,
1226 2519 1329 2572 qua
1357 2505 1467 2574 regi
1507 2506 1761 2574 loqueba-

173 2607 277 2660 tur,
315 2613 426 2650 non
469 2607 716 2650 avertens
745 2611 804 2650 se
829 2596 893 2648 ab
931 2606 1147 2664 aspectu
1194 2596 1330 2664 ejus,
1370 2612 1432 2651 ac
1473 2597 1516 2649 si
1562 2597 1758 2665 aliquid

174 2697 465 2756 pateretur.
500 2687 662 2740 dicit:
692 2686 918 2748 Insanis,
954 2686 1134 2739 Paule.
1173 2687 1320 2752 Quod
1347 2696 1522 2741 autem
1560 2689 1755 2756 aliquid

171 2795 358 2844 passus
385 2778 486 2831 hoc
515 2778 676 2841 dicat,
708 2778 832 2830 andi
864 2779 1140 2846 sequentia
1173 2795 1185 2829 :
1213 2778 1300 2832 24.
1333 2777 1460 2831 Ηωε
1480 2789 1646 2832 autem
1669 2780 1758 2832 illo

169 2869 458 2930 disserente,
506 2868 686 2921 Festus
715 2883 898 2934 magna
929 2883 1044 2920 voce
1072 2866 1201 2921 dixit
1234 2882 1253 2919 :
1291 2865 1516 2932 Insanis,
1553 2866 1718 2921 Paule
1737 2887 1755 2933 ;

168 2958 338 3012 multa
378 2960 537 3013 litera:
579 2969 625 3011 te
659 2959 727 3010 ad
756 2959 1008 3010 insaniam
1053 2967 1367 3012 convertunt.
1410 2958 1546 3025 Quid
1595 2960 1756 3028 igitur

167 3047 406 3101 Paulus?
434 3047 565 3102 Cum
592 3047 1000 3102 mansuetudine
1025 3047 1356 3116 respondens
1379 3049 1452 3100 ait
1481 3066 1493 3101 :
1521 3048 1610 3102 ‘25.
1638 3048 1752 3101 Non

165 3140 384 3201 insanio,
414 3138 600 3206 Optime.
629 3135 815 3200 Feste;
845 3139 933 3190 sed
961 3138 1184 3190 veritatis
1215 3148 1260 3191 et
1290 3138 1578 3191 sobrietatis
1605 3139 1752 3192 verba

163 3230 359 3296 loquor.
397 3229 584 3282 Postea
612 3229 770 3282 etiam
803 3243 1019 3282 causam
1046 3228 1225 3294 docet,
1257 3239 1477 3296 propter
1503 3244 1660 3297 quam
1684 3231 1748 3284 ad

162 3339 340 3394 regem
373 3337 679 3376 sermonem
722 3330 1057 3376 converteret
1086 3339 1098 3373 :
1131 3320 1222 3375 26.
1264 3321 1375 3375 Scit
1411 3323 1540 3374 enim
1573 3322 1636 3374 de
1675 3324 1751 3376 his

158 3431 267 3478 rex,
297 3416 368 3465 ad
393 3431 537 3482 quem
564 3423 610 3465 et
640 3421 924 3465 constanter
950 3412 1127 3480 loquor
1154 3427 1171 3464 :
1196 3413 1352 3465 latere
1378 3412 1509 3464 enim
1534 3428 1644 3464 eum
1672 3414 1750 3464 ni-

158 3507 228 3557 hil
257 3505 444 3555 horum
471 3503 688 3556 arbitror
717 3519 733 3556 :
757 3520 855 3556 non
879 3513 949 3556 est
970 3506 1102 3555 enim
1125 3503 1174 3555 in
1204 3504 1392 3572 angulo
1416 3504 1509 3557 hoc
1530 3515 1744 3574 gestant.

151 3597 241 3648 ‘27.
277 3593 476 3657 Credis,
510 3610 599 3647 rea:
629 3594 874 3663 Agrippa,
913 3593 1210 3662 prophetis?
1249 3595 1368 3646 Scio
1398 3596 1531 3663 quod
1561 3597 1742 3649 credis.

155 3687 266 3740 lloc
296 3686 374 3760 ita
404 3685 565 3748 dixit,
599 3684 747 3752 quasi
783 3684 1065 3740 traducens
1095 3684 1211 3738 illos
1258 3693 1311 3737 et
1349 3684 1534 3738 dicens
1561 3704 1572 3738 :
1597 3685 1741 3752 Scio,

152 3777 296 3845 quod
323 3777 505 3829 omnia
534 3785 780 3831 accurate
806 3777 939 3830 sciat
967 3794 979 3829 :
1008 3787 1060 3832 et
1081 3778 1362 3845 Oportebat
1395 3777 1610 3846 quidem
1650 3793 1744 3831 vos

153 3872 270 3923 lucc
291 3868 434 3922 scire
470 3868 670 3937 primos
701 3868 773 3936 (id
807 3868 946 3920 enim
976 3869 1249 3935 sequentia
1281 3867 1554 3921 declarant
1581 3886 1595 3924 ;
1623 3867 1743 3920 Non

149 3969 224 4013 est
252 3961 349 4013 hoc
379 3961 431 4011 in
463 3959 652 4028 angulo
680 3960 890 4027 gestum)
923 3975 934 4020 ;
969 3957 1060 4012 sed
1106 3958 1368 4026 noluistis.
1413 3958 1610 4021 Credis,
1655 3975 1744 4010 rea;

154 4053 405 4120 Agrippa,
443 4049 747 4119 prophetis?
787 4050 927 4113 Scio,
971 4049 1105 4118 quod
1147 4051 1327 4104 credis.
1371 4049 1462 4104 28.
1516 4049 1742 4120 Agrippa

147 4154 317 4195 autem
352 4143 419 4194 ad
467 4140 686 4192 Paulum
729 4140 856 4193 dixit
891 4138 1002 4192 :In
1032 4141 1229 4193 modico
1271 4141 1454 4194 suades
1481 4157 1559 4192 me
1587 4140 1738 4194 Citri-

146 4238 370 4289 stianum
397 4235 530 4301 ﬁeri.
569 4232 658 4288 ‘29.
695 4231 756 4285 Et
792 4231 983 4285 Paulus
1015 4249 1032 4284 :
1066 4231 1197 4301 Opto
1239 4232 1378 4300 apud
1421 4231 1581 4285 Deum
1612 4241 1657 4284 et
1688 4232 1740 4285 in

147 4327 349 4380 modico
373 4326 496 4378 etin
527 4341 728 4393 magno,
765 4340 863 4376 non
891 4333 1083 4376 tantum
1124 4333 1190 4387 te,
1228 4323 1315 4376 sed
1349 4324 1500 4377 etiam
1543 4340 1736 4389 omnes,

144 4419 232 4489 qui
261 4417 478 4470 audiunt
503 4433 599 4480 me,
625 4415 770 4468 hodie
796 4415 905 4482 fieri
931 4415 1074 4477 tales,
1105 4414 1268 4484 qualis
1295 4425 1343 4467 et
1369 4430 1460 4483 ego
1485 4431 1615 4479 sum,
1644 4431 1737 4468 ea:-

144 4508 303 4576 ceptis
333 4505 548 4558 vinculis
584 4505 681 4556 his.
724 4505 850 4557 Vide
893 4505 1163 4575 quomodo
1207 4515 1472 4572 precatur,
1505 4504 1687 4559 dicens
1721 4522 1734 4557 :

145 4599 284 4664 Opto
309 4595 453 4665 apud
478 4594 636 4647 Deum
659 4595 708 4646 in
735 4595 928 4647 modico
947 4613 965 4660 ;
987 4595 1088 4649 hoc
1112 4605 1213 4657 est,
1238 4605 1296 4648 ιιι
1324 4611 1388 4649 ne
1412 4611 1596 4663 parum
1620 4596 1736 4665 qui-

145 4689 269 4743 dem
297 4686 457 4740 absit.
491 4687 555 4740 Et
592 4702 696 4739 non
729 4686 898 4739 solum
931 4697 1069 4751 orat,
1117 4687 1207 4741 sed
1241 4686 1528 4741 ferventer.
1561 4687 1731 4751 Tales,

145 4780 342 4848 inquit,
374 4778 486 4844 ﬁeri
511 4793 702 4841 omnes,
742 4792 846 4829 non
889 4777 1045 4829 modo
1087 4787 1156 4842 te,
1200 4779 1292 4831 sed
1333 4793 1540 4844 t‘nnnes,
1573 4780 1735 4846 qualis

143 4888 258 4926 sum
285 4887 398 4940 ego.
443 4869 643 4924 Deinde
684 4872 777 4935 ait,
812 4869 1047 4938 Exceptis
1084 4871 1294 4924 vinculis
1324 4871 1401 4924 his
1429 4888 1448 4923 :
1475 4886 1579 4924 non
1621 4885 1735 4925 mo-

144 4965 282 5018 leste
321 4959 502 5015 ferens
528 4960 758 5025 vincula,
805 4976 975 5030 neque
1009 4961 1330 5016 erubescens
1361 4962 1502 5031 quod
1544 4963 1734 5031 ligatus

145 5064 292 5111 esset
318 5055 450 5123 (hoc
479 5057 618 5107 enim
648 5053 764 5122 ipsi,
799 5057 842 5109 si
881 5057 1005 5123 quid
1045 5056 1207 5121 aliud,
1240 5058 1528 5125 gloriosum
1560 5059 1730 5127 erat);

144 5147 240 5202 sed
271 5146 338 5198 ad
373 5145 584 5199 illorum
631 5146 934 5216 opinionem
978 5148 1283 5216 respiciens,
1321 5149 1388 5201 ita
1423 5149 1574 5202 dixit.
1611 5149 1734 5202 Ideo

148 5235 373 5299 addidit,
413 5235 652 5302 Exceptis
681 5237 890 5289 vinculis
931 5239 1025 5290 his.
1060 5237 1163 5293 Sed
1201 5239 1444 5306 superius
1483 5239 1613 5293 lecta
1649 5255 1732 5293 rc-

148 5335 415 5394 petamus.
447 5325 660 5380 Postera
699 5344 817 5398 ergo
857 5329 956 5393 die,
999 5340 1051 5381 ut
1086 5330 1136 5381 in
1176 5329 1482 5382 auditorium
1525 5332 1735 5400 ingressi

149 5426 285 5479 suist,
329 5417 532 5483 iubente
572 5417 722 5471 Festo
757 5419 1009 5474 adductus
1041 5431 1107 5471 est
1157 5420 1370 5474 Paulus.
1414 5422 1733 5474 Destiterant

147 5510 253 5577 jam
297 5508 493 5576 Judaei,
535 5526 599 5563 eo
648 5511 788 5579 quod
837 5511 922 5565 ille
963 5514 1300 5581 appellasset,
1351 5525 1404 5568 et
1455 5524 1577 5567 tunc
1632 5515 1728 5583 ipsi

152 5599 490 5670 splendidum
519 5600 670 5654 adest
701 5602 962 5657 theatrum
994 5621 1005 5656 :
1037 5621 1154 5660 cum
1199 5606 1366 5658 multo
1395 5608 1535 5660 enim
1572 5623 1732 5676 appa—

156 5701 268 5745 ratu
307 5706 396 5744 rex
436 5699 490 5746 et
530 5694 705 5745 omnis
734 5694 1011 5749 multitudo
1051 5696 1357 5751 Judzeorum
1399 5697 1681 5752 adfuerunt
1716 5718 1729 5753 :

161 5795 257 5836 non
297 5782 391 5836 alii
421 5783 676 5852 aderant,
734 5783 823 5837 alii
859 5789 1197 5849 aberant,scd
1227 5810 1402 5847 ι-ιιιιιρς
1439 5806 1732 5861 ι.ιι“;ι“δυιιιρς

202 380 295 433 33!
1172 376 1234 429 l.\’
1278 371 1456 466 ACTA
1500 367 2022 424 Ai’OS'l'ULORUM.
2066 370 2293 426 HOMIL.
2330 371 2429 426 Lll.

3399 374 3506 429 362

1907 491 2081 536 erant.
2107 484 2383 539 Mut'tituao
2399 484 2722 549 Judarornm,
2745 486 2934 556 inquit,
2953 487 3284 558 interpellavit
3307 505 3384 541 me
3403 488 3435 541 .I
3444 507 3470 542 ε
3484 521 3507 533 ο

1902 577 2167 646 rosolymis
2182 586 2228 630 et
2247 578 2637 642 hic,clamantes
2651 595 2750 631 non
2767 579 3142 645 oporterehnnc
3158 580 3292 632 ultra
3311 580 3495 636 vivere.

1973 666 2022 720 '5.
2055 666 2184 721 Vide
2210 668 2471 722 insaniam
2502 682 2516 721 :
2549 669 2872 733 clamabant,
2904 680 3154 739 oportere
3179 672 3325 726 illum
3356 675 3492 725 mori

1901 754 2157 812 dicentes.
2191 758 2325 813 llinc
2363 759 2597 823 ostendit
2633 775 2691 814 se
2713 761 2834 828 jure
2864 761 3130 815 Caesarem
3167 763 3490 830 appellasse.

1899 846 1952 901 Si
1980 851 2123 902 enim
2155 851 2286 904 nihil
2309 868 2474 921 grave
2504 852 2791 906 dicendum
2822 853 3108 918 habebant,
3141 856 3320 924 illique
3349 855 3491 908 fure-

1897 935 2044 1003 bant,
2069 939 2188 1008 jure
2211 942 2275 996 ad
2308 942 2456 996 illum
2482 944 2649 998 venit.
2687 943 2753 997 Ut
2776 944 3168 1015 interrogatione
3194 961 3226 996 a
3254 946 3385 997 vobis
3420 945 3492 1010 {a-

1894 1039 1975 1081 cta
2000 1031 2209 1086 habeam
2226 1036 2360 1103 quod
2376 1036 2612 1102 scribam,
2644 1038 2832 1106 inquit.
2868 1038 3030 1093 Vides
3056 1040 3326 1109 quomodo
3344 1054 3490 1108 same

1893 1133 2050 1175 causa
2098 1126 2489 1181 examinatur?
2541 1130 2604 1183 Et
2651 1129 2982 1185 delensionis
3036 1131 3196 1200 hujus
3239 1143 3486 1186 auctores

1891 1225 2014 1266 sunt
2059 1216 2252 1284 Jud:ei,
2286 1235 2443 1287 quam
2486 1223 2748 1291 cognituri
2797 1233 2951 1277 erant
2991 1224 3150 1277 etiam
3196 1227 3284 1294 qui
3332 1205 3488 1279 erant

1892 1302 2096 1359 Romm.
2124 1306 2292 1377 Super
2313 1313 2564 1378 omnibus,
2587 1313 2648 1366 de
2663 1315 2842 1382 quibus
2863 1332 3093 1382 accusor,
3119 1333 3208 1369 rea:
3233 1319 3482 1386 Agrippa,

1889 1395 2134 1464 existimo,
2163 1399 2351 1469 inquit,
2378 1420 2455 1456 me
2477 1405 2694 1471 beatum,
2722 1408 2807 1476 qui
2826 1425 2995 1462 coram
3026 1418 3073 1460 te
3095 1410 3338 1463 rationem
3366 1410 3481 1463 red-

1887 1486 2083 1542 diturus
2106 1506 2241 1545 sum.
2275 1492 2405 1548 Vide
2435 1497 2703 1564 quomodo
2734 1500 2814 1552 vel
2845 1500 2990 1553 inviti
3018 1510 3071 1554 et
3097 1503 3348 1570 nequitia:
3369 1517 3480 1556 sum:

1885 1588 1937 1632 et
1978 1581 2189 1636 virtutis
2235 1583 2384 1638 Pauli
2423 1595 2584 1642 testes
2618 1588 2749 1642 liunt
2784 1591 2944 1643 etiam
2989 1591 3129 1659 apud
3171 1607 3373 1660 regem,
3406 1593 3479 1646 ita

1884 1680 1938 1724 ut
1960 1674 2389 1742 magnificentius
2413 1679 2768 1734 abduceretur
2787 1681 3001 1745 Paulus,
3026 1698 3185 1750 quam
3207 1683 3250 1736 si
3274 1683 3479 1752 absque

1882 1763 2108 1818 vinculis
2139 1765 2377 1822 abiisset.
2413 1768 2531 1823 Non
2562 1770 2703 1824 enim
2731 1772 2868 1826 ultra
2901 1782 2955 1826 ut
2982 1773 3235 1842 deceptor
3257 1785 3310 1828 et
3343 1791 3478 1844 pra:—

1879 1855 2121 1922 stigialor
2145 1874 2174 1910 a
2204 1867 2281 1911 tot
2307 1859 2573 1926 iudicibus
2597 1862 2849 1917 dimissus
2874 1864 3262 1919 abducebatur.
3291 1867 3478 1921 Omni-

1879 1943 1975 1998 hus
2002 1960 2129 2015 ergo
2161 1948 2379 2014 relictis,
2417 1951 2554 2019 apud
2596 1967 2730 2022 quos
2761 1963 2911 2008 natus
2952 1955 3315 2025 educatusque
3355 1957 3473 2012 iue-

1876 2043 1976 2099 rat,
2009 2052 2112 2091 non
2147 2049 2452 2110 utcumque,
2475 2043 2566 2098 sed
2587 2045 2730 2097 omni
2751 2047 3056 2114 suspicione
3081 2047 3219 2102 liber
3245 2049 3470 2104 Romam

1876 2126 2085 2195 migrat.
2120 2128 2304 2199 Neque
2329 2132 2464 2187 dixit
2495 2152 2508 2186 :
2541 2135 2680 2202 Quid
2719 2136 2817 2189 hoc
2849 2139 2976 2191 est?
3004 2139 3172 2192 semel
3201 2139 3469 2208 appellavi

1873 2215 2159 2285 Cursarem,
2219 2223 2410 2278 millies
2451 2226 2724 2294 judicatus
2774 2243 2892 2282 sum
2943 2246 2956 2283 :
3005 2233 3320 2300 usquequo?
3373 2235 3468 2287 sed

1870 2311 2041 2376 quid?
2088 2312 2280 2367 Iterum
2323 2327 2540 2384 paratus
2585 2330 2701 2374 erat
2745 2321 2972 2376 reddere
3019 2325 3280 2379 rationem
3326 2326 3467 2394 apud

1870 2416 2013 2468 eum,
2044 2405 2134 2472 qui
2182 2421 2268 2461 res
2311 2407 2562 2464 Judaicas
2609 2413 2838 2467 maxime
2883 2424 3087 2468 nosset.
3122 2417 3301 2480 Quare
3339 2433 3463 2472 cuin

1867 2508 2058 2563 magna
2104 2497 2350 2555 libertate
2381 2517 2500 2555 sese
2529 2502 2787 2567 defendit,
2837 2509 2960 2575 quia
3009 2507 3067 2573 ii,
3104 2509 3193 2577 qui
3235 2525 3295 2564 se
3334 2524 3466 2564 con-

1865 2586 2212 2657 demnabant,
2245 2592 2441 2646 nullam
2460 2595 2569 2663 jam
2596 2596 2860 2651 habebant
2887 2599 3281 2654 auctoritatem.
3311 2601 3464 2656 Licet

1865 2689 2044 2734 autem
2073 2681 2204 2736 nihil
2231 2696 2468 2753 possent,
2497 2695 2551 2740 et
2569 2689 2834 2742 sententia
2859 2689 2968 2752 illa,
2993 2705 3095 2760 qua
3124 2691 3322 2746 dictum
3346 2692 3463 2749 fue-

1865 2777 1965 2835 rat,
1996 2769 2079 2822 Ad
2104 2770 2356 2826 Cwsarent
2388 2769 2501 2838 ibis,
2533 2785 2762 2842 teneret,
2788 2787 3026 2833 attamen
3054 2778 3146 2834 dat
3170 2781 3257 2836 ille
3284 2785 3456 2837 ratio-

1864 2875 1985 2914 nem
2013 2861 2359 2932 multiplicem
2388 2864 2454 2919 de
2495 2867 2763 2931 omnibus,
2797 2883 2897 2922 nec
2922 2870 2990 2925 de
3018 2871 3337 2940 quibusdam
3369 2890 3459 2929 so-

1863 2951 1993 3007 lum.
2025 2954 2091 3006 Et
2119 2957 2469 3026 responsione
2497 2973 2590 3013 sua
2615 2959 2731 3014 hinc
2755 2960 2867 3016 fere
2892 2962 3023 3017 dicit
3051 2980 3066 3016 :
3095 2965 3366 3020 Accusant
3395 2969 3459 3022 de
3505 3017 3508 3022 .

1859 3043 2145 3111 seditione,
2177 3058 2430 3102 accusant
2460 3049 2529 3104 de
2560 3052 2749 3106 hmresi
2792 3063 2847 3108 et
2878 3055 3019 3122 quod
3054 3055 3317 3125 templum'
3344 3062 3460 3113 vio-

1860 3131 2079 3188 laverim
2113 3153 2126 3188 :
2156 3136 2222 3191 de
2253 3139 2503 3196 omnibus
2531 3141 2793 3196 rationem
2841 3145 3047 3200 reddo:
3087 3145 3254 3201 Vitam
3293 3168 3459 3206 meum

1857 3240 1888 3275 α
1909 3226 2173 3295 jurentute
2202 3229 2363 3282 sciunt
2385 3246 2557 3284 omnes
2580 3231 2754 3287 Judan'
2781 3251 2799 3287 :
2827 3236 2970 3304 quod
2997 3251 3026 3290 a
3060 3240 3297 3294 moribus
3320 3244 3456 3298 meis

1856 3317 2144 3372 abhorreat
2171 3321 2462 3375 seditiones
2494 3323 2752 3387 excitare,
2785 3336 3127 3382 accusatores
3155 3331 3255 3399 ipsi
3291 3340 3454 3390 testes

1855 3414 1998 3462 sunt.
2032 3408 2184 3475 Quod
2210 3411 2371 3487 etiam
2412 3421 2567 3466 antea
2612 3413 2764 3479 dixit,
2797 3414 3098 3470 Ai‘mulator
3127 3430 3454 3488 paternarum

1857 3505 2081 3552 mearum
2121 3503 2471 3568 lraditionum,
2523 3504 2572 3558 id
2602 3513 2654 3558 et
2695 3505 2795 3561 hoc
2827 3506 2946 3561 loco
2984 3509 3324 3566 subindicat:
3367 3514 3455 3569 Vi-

1854 3591 2047 3642 tamab
2095 3591 2438 3645 adolescentia
2481 3611 2610 3647 mea.
2665 3596 2730 3648 Et
2778 3597 2997 3666 quando
3039 3603 3264 3668 populus
3309 3613 3453 3662 totus

1852 3679 2058 3742 aderat,
2093 3689 2217 3734 tunc
2245 3682 2455 3735 illorum
2487 3683 2717 3738 advocat
2749 3688 3135 3742 testimonium.
3160 3691 3345 3763 Neque
3361 3710 3452 3750 so~

1853 3769 1956 3822 lum
1985 3769 2049 3823 ad
2076 3770 2247 3841 Lysiae
2276 3773 2507 3826 tribunal
2537 3774 2639 3827 hoc
2663 3774 2809 3842 fecit,
2839 3779 2998 3832 etiam
3023 3782 3162 3850 apud
3186 3783 3405 3840 Festum
3432 3810 3444 3841 :

1850 3869 1903 3913 et
1930 3876 2114 3916 rursus
2159 3862 2265 3928 hic,
2298 3878 2419 3918 cum
2467 3865 2645 3934 plures
2674 3868 2919 3923 aderant.
2957 3871 3069 3926 Illic
3114 3885 3295 3930 autem
3339 3894 3445 3934 nou

1850 3955 2014 4007 multa
2044 3955 2359 4010 defensione
2389 3951 2687 4024 opus-erat,
2717 3973 2837 4012 eum
2870 3960 3040 4015 literae
3068 3963 3240 4035 Lysiae
3271 3967 3443 4036 ipsum

1849 4046 2199 4099 dimitterent.
2232 4046 2413 4100 Sciunt
2441 4063 2612 4102 omnes
2641 4046 2833 4114 Judaei,
2864 4052 3053 4121 inquit,
3083 4058 3297 4125 quijam
3324 4060 3448 4114 olint

1849 4156 1927 4193 me
1951 4148 2231 4192 noverunt.‘
2257 4140 2322 4194 Et
2359 4154 2464 4194 non
2491 4140 2650 4206 dixit,
2678 4143 2848 4211 qualis
2877 4159 2970 4198 sua
3001 4147 3144 4212 vita;
3192 4150 3288 4204 sed
3325 4152 3446 4207 illu—

1850 4248 1964 4286 rum
1988 4232 2333 4286 conscientias
2364 4233 2637 4303 relinquit,
2683 4245 2736 4289 et
2777 4245 2944 4290 totum
2979 4240 3030 4293 in
3063 4251 3264 4296 sectam
3313 4247 3443 4314 reji-

1845 4330 1917 4381 cit
1948 4347 1960 4381 :
1993 4327 2113 4380 hinc
2140 4327 2430 4380 ostendens
2473 4342 2533 4381 se
2562 4342 2668 4381 non
2699 4329 2844 4382 illam
2875 4331 3209 4387 delectorum
3254 4338 3438 4406 luisse,

1845 4421 1886 4472 si
1917 4420 2085 4472 malus
2108 4418 2296 4473 fuisset
2320 4429 2373 4472 ει
2396 4419 2688 4488 improbus.
2718 4420 2822 4475 Pro
2851 4433 2994 4476 secta
3029 4425 3189 4493 igitur
3211 4425 3329 4491 hac,
3358 4431 3445 4484 in-

1843 4513 1976 4581 quit,
2003 4510 2352 4580 stojudieium
2381 4510 2620 4564 subiens.
2639 4511 2762 4602 "ape
2789 4513 2855 4567 ab
2883 4514 2989 4569 illis
3011 4532 3224 4586 quoque
3251 4519 3440 4574 defcn~

1842 4602 2005 4668 ditur,
2025 4613 2240 4672 propter
2261 4601 2398 4654 hanc
2421 4605 2726 4669 precantur,
2749 4615 2968 4672 propter
2987 4605 3126 4660 hanc
3159 4607 3322 4662 Deum
3343 4626 3436 4662 cn-

1845 4697 1977 4759 ιιιιιι,
2009 4707 2065 4748 ut
2089 4696 2223 4749 hanc
2239 4701 2635 4762 consequantur
2667 4713 2679 4748 :
2715 4694 2853 4749 hanc
2884 4713 2982 4766 ego
3009 4703 3271 4755 annuntio
3290 4712 3342 4756 et
3369 4704 3436 4759 de

1845 4787 1940 4842 hac
1953 4803 2047 4856 spe
2063 4801 2303 4840 accusor.
2317 4785 2457 4855 Ergo
2469 4786 2847 4841 insanientium
2862 4797 2964 4850 est,
2983 4805 3067 4841 om
3077 4792 3159 4843 nia
3176 4791 3351 4846 facere
3368 4795 3434 4848 ad

1844 4879 1985 4931 illam
2005 4874 2417 4944 assequendam,
2433 4885 2487 4928 et
2503 4891 2622 4929 cum
2641 4875 2729 4944 qui
2748 4877 2798 4928 in
2820 4876 2962 4930 illam
2977 4878 3147 4932 credit
3167 4886 3435 4951 persequi.

1846 4968 1978 5020 Mihi
1997 4976 2166 5018 autem
2182 4967 2342 5019 uisum
2369 4976 2458 5030 est,
2486 4966 2676 5035 inquit,
2701 4967 2939 5020 adversus
2966 4984 3147 5021 nomen
3167 4970 3196 5022 J
3206 4987 3292 5025 esu
3317 4972 3429 5026 Na-

1843 5060 2016 5112 zareni
2038 5069 2269 5127 eporlere
2287 5060 2457 5111 omnia
2479 5059 2735 5111 contraria
2764 5063 2931 5130 facere
2953 5077 2969 5122 ;
2999 5059 3046 5113 id
3067 5070 3167 5123 est,
3189 5063 3431 5120 Jndicavi

1846 5155 1958 5204 lncc
1980 5150 2216 5204 facienda
2241 5165 2381 5215 esse,
2399 5152 2519 5218 quia
2542 5166 2645 5204 non
2665 5165 2810 5205 eratn
2830 5165 2898 5205 ex
2915 5150 3191 5221 discipulis
3209 5153 3432 5221 Christi,

1844 5245 1936 5298 sed
1967 5260 2028 5297 ex
2065 5244 2502 5313 impugnantibus
2545 5260 2687 5297 eum.
2739 5243 2864 5298 ideo
2904 5243 3008 5298 ﬁde
3049 5245 3241 5315 dignus
3287 5252 3437 5304 testis

1842 5345 1946 5397 est,
1979 5335 2099 5402 quia
2130 5335 2255 5387 dum
2287 5335 2453 5387 millia
2485 5333 2702 5398 faceret,
2754 5345 2811 5388 ut
2849 5335 3036 5389 ﬁdeles
3078 5337 3434 5407 impugnaret.

1843 5426 1968 5480 dum
2001 5427 2372 5496 blasphemarc
2401 5427 2674 5491 suaderet,
2705 5427 2990 5497 omniaque
3015 5442 3276 5496 moveret,
3302 5435 3439 5486 cit-i-

1845 5531 2000 5583 tates,
2031 5520 2318 5588 principes,
2353 5530 2405 5573 et
2437 5533 2533 5587 per
2563 5520 2794 5588 seipsum
2829 5519 2943 5574 haec
2971 5520 3190 5586 faceret,
3235 5526 3311 5579 sic
3341 5526 3438 5581 de-

1846 5619 2064 5677 repente
2094 5619 2325 5662 mutatus
2348 5619 2448 5662 est.
2479 5610 2679 5664 Deinde
2707 5626 2918 5664 rursum
2947 5621 3128 5676 testes,
3164 5617 3249 5684 qui
3279 5619 3437 5674 simul

1847 5702 2066 5755 aderant
2102 5722 2114 5756 :
2144 5703 2338 5756 deinde
2369 5703 2603 5757 ostendit
2645 5719 2700 5757 se
2726 5705 2846 5772 jure
2876 5706 3190 5768 credidisse,
3234 5725 3261 5761 a
3296 5711 3435 5777 lucc,

1848 5812 1870 5846 a
1903 5795 2195 5865 prophetis,
2246 5796 2309 5850 ab
2341 5795 2642 5862 eventibus,
2689 5807 2743 5852 et
2789 5798 2855 5852 ab
2886 5798 2949 5851 iis
2977 5814 3094 5868 quae
3133 5816 3269 5855 nunc
3303 5801 3435 5855 laeta
