4094 6336
705 364 806 418 563
1044 318 1063 375 ί

1432 362 1488 420 S.
1527 360 1797 418 JOANNIS
1833 355 2299 416 CIIRVSOSTOMI
2338 353 2651 419 ARCHIEP.
2693 358 3217 417 CONSTANTINOP.

3857 364 3954 418 εει

698 489 825 535 sunt
856 497 868 534 :
902 478 1079 533 subdit
1113 480 1254 534 enim
1289 497 1301 534 :
1336 478 1505 533 Media
1552 477 1631 529 die
1658 477 1711 529 in
1738 476 1839 539 uia,
1884 485 1929 529 et
1972 474 2075 527 vidi
2116 471 2274 526 lucem
2379 468 2518 523 bono
2540 485 2706 539 opere
2729 513 2742 536 ,
2776 471 3006 542 aliquam
3034 472 3451 529 consolationem
3474 473 3781 540 habuisset;
3815 490 3953 529 nunc

698 588 779 624 nte
810 572 1294 641 circamfslgentem,
1324 582 1371 625 et
1413 586 1514 635 eos,
1563 569 1647 638 qui
1692 584 1885 622 mecum
1935 567 2093 620 ibant.
2144 564 2274 619 Vide

698 676 847 731 ergo,
879 661 1148 731 quomodo
1178 670 1230 715 et
1258 676 1285 713 a
1314 658 1607 731 prophetis,
1638 668 1692 712 et
1723 657 1790 711 ab
1818 656 1923 722 his,
1956 654 2085 726 ipsis
2114 654 2266 709 ﬁdem

700 754 876 807 faciat.
901 752 976 808 Ne
1000 754 1141 809 eiiim
1168 752 1435 807 videretur
1457 752 1731 816 innovare,
1756 749 1855 805 etsi
1885 762 2073 817 magna
2094 747 2259 801 dicere

701 854 900 913 posset,
953 859 1163 898 rursum
1208 842 1273 897 ad
1322 841 1606 911 prophetas
1644 837 1896 909 conlugit,
1929 846 1983 892 et
2029 838 2171 907 ipsos
2216 836 2261 889 it-

699 935 874 990 medio
920 936 1089 1005 ponit.
1132 934 1242 990 Hoc
1295 932 1397 989 [ide
1449 932 1659 1003 dignius
1703 941 1858 988 erat:
1892 938 2072 1001 utpote
2123 927 2265 998 quod

698 1042 840 1081 nunc
854 1037 1146 1091 evenerat;
1178 1024 1270 1080 sed
1302 1025 1422 1095 quia
1468 1024 1582 1092 ipse
1609 1023 1754 1078 solus
1800 1020 2022 1085 viderat,
2053 1033 2263 1073 rursum

695 1133 723 1171 a
756 1118 1024 1187 prophetis
1054 1116 1352 1171 conﬁrmat.
1382 1115 1448 1170 Et
1475 1113 1743 1185 perpende
1768 1112 1911 1166 illum
1940 1125 2045 1165 non
2073 1109 2260 1164 eodem

690 1208 857 1263 modo
887 1210 936 1263 in
960 1208 1180 1277 judicio,
1211 1217 1265 1263 et
1308 1208 1358 1262 in
1390 1207 1614 1261 ecclesia
1660 1205 1925 1259 disserere
1956 1220 1969 1257 :
2002 1217 2124 1256 nam
2154 1201 2261 1256 illic

692 1300 903 1367 quidem
936 1299 1088 1366 dixit,
1120 1298 1431 1361 Occidistis;
1460 1298 1548 1352 hic
1575 1312 1702 1352 vero
1731 1295 1856 1350 nihil
1886 1295 2007 1359 tale,
2037 1308 2105 1348 ne
2141 1307 2257 1346 am-

685 1391 828 1459 plius
858 1389 1091 1445 furorem
1124 1390 1491 1455 succenderet,
1523 1388 1613 1443 sed
1642 1387 1778 1442 idem
1804 1387 1974 1456 ipsum
2002 1383 2252 1450 ostendit,

687 1479 874 1534 dicens
902 1496 915 1532 :
951 1480 1009 1534 Si
1054 1480 1304 1551 passibilis
1345 1477 1591 1534 Christus.
1622 1477 1709 1532 Sic
1735 1476 1852 1531 illos
1876 1491 1906 1530 a
1936 1475 2158 1530 crimine
2189 1474 2255 1527 li-

684 1572 858 1627 berat.
907 1572 1085 1642 Igitur,
1131 1572 1181 1625 id
1230 1572 1366 1641 quod
1412 1586 1511 1640 ego
1554 1569 1830 1633 annuntio,
1878 1583 2005 1622 num
2052 1568 2253 1637 primus

690 1670 1017 1715 mortuorum
1042 1662 1410 1725 resurrexerit,
1455 1659 1505 1714 id
1529 1675 1590 1714 ex
1616 1657 1888 1728 prophetis
1906 1658 2210 1711 demonstro
2234 1674 2248 1709 :

684 1770 806 1809 nam
842 1764 890 1809 et
935 1754 1207 1825 pmphetzn
1248 1754 1349 1808 hoc
1374 1753 1708 1807 annuntiant.
1746 1750 1926 1820 Itaque
1951 1763 2249 1803 sermonem

684 1861 859 1901 meum
891 1846 1134 1913 accipite,
1163 1856 1217 1899 ut
1239 1844 1326 1913 qui
1355 1853 1435 1898 est
1474 1843 1868 1913 prophetarum.
1911 1841 2042 1907 Quia
2072 1848 2247 1894 autem

685 1938 938 1992 visionem
970 1936 1190 1999 dixerat,
1227 1935 1438 1990 demum
1465 1949 1584 1989 cum
1612 1934 1853 1988 libertate
1882 1932 2132 2001 praeclara
2157 1945 2249 2000 ge-

680 2036 759 2080 sta
791 2036 988 2079 narrat.
1018 2025 1268 2092 Quaenam
1300 2025 1433 2077 illa?
1466 2023 1533 2078 Ut
1568 2023 1786 2093 aperias,
1836 2021 2021 2090 inquit,
2052 2020 2243 2084 oculos,

680 2124 723 2169 et
751 2124 1006 2169 convertas
1030 2132 1060 2167 a
1101 2114 1310 2167 tenebris
1335 2114 1402 2167 ad
1440 2114 1619 2181 lucem,
1651 2123 1698 2167 et
1728 2130 1758 2166 a
1788 2120 2031 2183 potestate
2055 2122 2247 2165 satanw

676 2207 742 2258 ad
768 2204 949 2259 Deum.
983 2205 1061 2257 Ad
1088 2206 1179 2258 hoc
1207 2206 1360 2268 enim,
1393 2203 1580 2272 inquit,
1612 2203 1829 2272 apparui
1857 2202 1963 2267 tibi,
2008 2202 2109 2256 hoc
2139 2211 2241 2267 est,

676 2310 780 2349 non
806 2304 860 2348 ut
889 2294 1121 2361 puniam,
1152 2292 1243 2347 sed
1273 2301 1329 2346 ut
1355 2291 1651 2362 apostolum
1678 2299 1730 2346 te
1761 2292 1974 2345 faciam.

743 2384 999 2438 lt'idelium
1030 2385 1157 2437 bona
1184 2400 1313 2451 qum.
1336 2412 1406 2425 -—
1428 2383 1577 2445 Vide,
1611 2382 1747 2437 mala
1779 2398 1897 2451 qua:
1939 2380 2241 2435 incredulos

672 2477 906 2531 detinent
938 2475 1193 2541 ostendit,
1240 2485 1475 2529 satanam
1520 2484 1569 2530 et
1614 2474 1899 2538 tenebras;
1931 2474 2068 2528 sicut
2112 2471 2239 2527 ﬂde-

671 2570 797 2622 lium
826 2569 960 2623 bona
993 2579 1115 2621 sunt
1141 2568 1249 2634 lux,
1285 2569 1444 2633 Deus,
1473 2582 1591 2622 sors
1632 2576 1960 2622 sanctorum.
2006 2566 2114 2621 Nec
2153 2581 2239 2621 so-

672 2661 777 2713 iam
800 2660 863 2713 ad
890 2659 1252 2727 paenitentiam
1279 2658 1541 2723 hortatur,
1564 2657 1658 2712 sed
1681 2658 1746 2712 ad
1770 2657 2061 2712 mirabilem
2088 2672 2240 2726 agen-

670 2751 787 2803 dam
811 2752 989 2803 vitam.
1017 2749 1082 2803 Et
1105 2748 1222 2804 vide
1246 2750 1436 2817 ubique
1456 2758 1641 2818 gentes
1660 2750 1891 2802 sermoni
1914 2748 2233 2817 permixtas;

671 2858 790 2895 nam
820 2842 909 2908 qui
956 2840 1195 2904 aderant,
1228 2856 1293 2895 ex
1322 2839 1569 2910 gentibus
1599 2848 1767 2893 erant.
1801 2838 2118 2908 Testiﬁcans,
2156 2841 2235 2894 in-

666 2931 799 3001 quit,
831 2940 933 2982 tum
961 2946 1113 2998 parvo
1141 2939 1244 2982 tum
1274 2944 1473 2999 magno.
1506 2929 1726 2998 Propter
1755 2929 1953 2984 milites
1982 2929 2051 2983 ita
2077 2929 2230 2984 dixit.

670 3020 870 3075 Deinde
886 3018 1220 3074 defendentis
1233 3034 1290 3074 se
1303 3019 1488 3073 ordine
1503 3018 1983 3082 dimisso,doctoris
1994 3018 2234 3074 ordinem

665 3113 869 3182 accepit
890 3129 902 3165 :
926 3110 1045 3165 ideo
1061 3110 1133 3165 ait
1158 3110 1345 3166 Festus
1363 3110 1435 3164 illi
1458 3128 1470 3164 :
1496 3109 1720 3164 Insanis.
1741 3108 1928 3165 Postea
1948 3125 2011 3164 ne
2027 3109 2237 3166 videre-

642 3264 644 3267 _
667 3217 752 3259 tur
782 3206 892 3274 ipse
912 3204 1097 3259 doctor
1116 3217 1253 3266 esse,
1287 3202 1480 3257 inducit
1501 3202 1784 3271 prophetas
1804 3211 1857 3255 et
1878 3202 2109 3272 Moysem
2134 3219 2147 3254 :
2174 3203 2235 3256 Si

666 3296 916 3364 passibilis
941 3337 954 3359 ,
999 3295 1199 3363 inquit,
1243 3293 1483 3357 Christus,
1516 3294 1561 3346 si
1584 3294 1775 3362 primus
1795 3308 1856 3346 ea:
1874 3295 2235 3346 resurrectione

662 3397 968 3441 mortuorum
998 3388 1156 3440 lucem
1184 3386 1572 3439 annuntiaturus
1601 3385 1663 3437 sit
1694 3384 1878 3453 papula
1905 3392 1951 3437 et
1980 3385 2225 3453 gentibus.

666 3478 846 3531 Festus
871 3494 1050 3547 magna
1084 3492 1197 3529 voce
1222 3475 1370 3528 dixit.
1415 3474 1502 3530 Sic
1545 3473 1739 3528 furoris
1766 3482 1822 3528 et
1847 3473 1938 3527 ira:
1964 3488 2065 3528 vox
2094 3482 2227 3529 erat.

734 3569 768 3622 4
822 3566 956 3634 Quid
985 3581 1113 3634 ergo
1144 3564 1379 3619 Paulus?
1426 3563 1546 3617 Non
1599 3574 1673 3618 est
1716 3566 1767 3617 in
1808 3565 1994 3635 angulo
2037 3574 2230 3636 gestum

662 3657 755 3710 hoc
780 3696 795 3721 ,
822 3656 915 3710 ait.
943 3655 1037 3708 Hic
1065 3654 1130 3708 de
1157 3669 1314 3707 cruce
1342 3653 1577 3722 loquitur
1606 3663 1658 3707 et
1684 3653 1750 3707 de
1796 3655 2224 3722 resurrectione,

662 3756 717 3800 et
741 3746 881 3816 quod
910 3746 1097 3813 dogma
1133 3745 1325 3813 ubique
1355 3753 1614 3799 terrarum
1660 3746 1973 3815 pervaserit.
2019 3746 2224 3812 Credis,

664 3839 868 3906 inquit,
900 3853 989 3890 rex
1018 3836 1263 3905 Agrippa.
1292 3831 1406 3888 Non
1448 3834 1617 3900 dixit,
1656 3834 2047 3890 Resurrectioni
2073 3876 2088 3899 ,
2134 3836 2252 3895 sed.

668 3925 955 3994 PrOphetis.
988 3923 1184 3978 Deinde
1213 3924 1545 3992 praeoccupat
1566 3922 1712 3977 illum
1734 3964 1748 3986 ,
1778 3932 1830 3976 et
1866 3924 1994 3977 dicit
2023 3942 2034 3977 :
2066 3923 2186 3978 Scio
2209 3966 2224 3990 ,

665 4018 799 4085 quod
825 4017 1004 4068 credis.
1034 4014 1125 4069 Cui
1156 4015 1384 4084 Agrippa
1414 4032 1426 4067 :
1460 4013 1523 4068 In
1550 4016 1742 4068 modico
1770 4016 1892 4068 mihi
1917 4018 2096 4071 suades
2116 4018 2228 4085 ﬁeri

661 4105 1021 4160 Christianum.
1071 4104 1184 4161 Non
1234 4104 1495 4159 intellexit
1544 4104 1775 4173 Paulus,
1822 4106 1949 4175 quid
2008 4108 2111 4172 sit,
2158 4108 2224 4163 In

663 4196 895 4260 modico;
941 4195 1032 4249 sed
1083 4195 1283 4265 putavit
1322 4194 1423 4250 hoc
1465 4195 1762 4264 significare
1786 4236 1801 4259 ,
1849 4195 1929 4251 Ex
1968 4198 2219 4253 modico:

664 4285 784 4338 ideo
816 4285 892 4338 sic
921 4284 1243 4353 respondet;
1284 4286 1353 4338 ita
1397 4284 1555 4339 idiota
1603 4292 1735 4338 erat.
1785 4286 1849 4338 Et
1897 4300 2000 4339 non
2050 4286 2221 4353 dixit,

666 4374 892 4438 Vellem,
924 4372 1017 4428 sed
1036 4416 1050 4439 ,
1082 4370 1340 4443 Optarent,
1370 4390 1468 4426 non
1494 4374 1657 4428 solum
1684 4383 1748 4441 te,
1773 4375 1862 4427 sed
1882 4376 2027 4428 etiam
2056 4393 2225 4433 omnes

667 4467 944 4518 audientes.
976 4464 1106 4519 Vide
1132 4464 1446 4519 adulationis
1478 4474 1746 4534 expertem
1774 4480 2093 4521 sermonem.
2115 4467 2223 4536 0p-

664 4566 821 4609 turem
842 4596 858 4622 ,
887 4554 1086 4625 inquit,
1120 4554 1267 4607 hodie
1295 4571 1461 4619 omnes
1492 4556 1601 4622 ﬁeri
1630 4556 1753 4609 tales
1773 4598 1787 4620 ,
1819 4558 1982 4625 qualis
2005 4575 2093 4627 ego
2114 4575 2225 4611 sunt

663 4646 880 4716 exceptis
901 4645 1113 4698 vinculis
1139 4646 1235 4698 his.
1265 4644 1396 4700 Vide
1429 4665 1439 4699 :
1470 4646 1559 4715 qui
1588 4646 1845 4716 gloriatur
1873 4649 1925 4700 in
1959 4649 2180 4703 vinculis
2204 4691 2219 4715 ,

664 4739 753 4806 qui
784 4736 984 4805 profert
1009 4736 1094 4789 illa
1118 4737 1254 4790 sicut
1276 4746 1515 4790 catenam
1562 4752 1774 4790 auream
1803 4778 1815 4801 ,
1846 4738 1931 4791 illa
1960 4754 2097 4793 nunc
2126 4740 2221 4795 de-

665 4836 930 4897 precatur.
984 4827 1049 4879 Et
1102 4841 1165 4879 ne
1207 4827 1655 4881 mireris:adhuc
1708 4829 1848 4882 enim
1905 4829 2223 4886 infirmiores

666 4926 841 4983 erant,
864 4926 917 4970 ct
942 4916 1014 4969 illi
1036 4925 1415 4985 atlemperatus
1436 4932 1609 4973 sermo
1636 4928 1768 4973 erat.
1792 4920 1921 4974 Nam
1947 4922 2085 4991 quod
2112 4924 2221 4977 vin-

664 5011 781 5061 cula
806 5008 981 5077 magni
1017 5007 1247 5073 faceret,
1277 5008 1394 5063 vide
1440 5010 1703 5078 quomodo
1742 5012 1790 5063 in
1846 5013 2097 5082 Epistolis
2139 5018 2223 5071 illa

668 5116 879 5169 semper
911 5110 1179 5169 przeponat
1202 5100 1350 5167 aliis,
1382 5101 1565 5156 dicens
1596 5122 1608 5157 :
1652 5103 1844 5161 Paulus
1874 5110 2063 5163 vinetus
2103 5112 2222 5164 Jesu

666 5191 1102 5260 Christi(Ephes.
1130 5193 1183 5245 5.
1222 5192 1316 5260 l);
1348 5203 1399 5245 et
1441 5203 1668 5259 rursum,
1714 5194 1837 5249 Ideo
1876 5197 2231 5266 circumposita

668 5293 737 5335 est
758 5283 876 5334 mihi
904 5292 1097 5346 catena,
1129 5281 1216 5335 sed
1242 5283 1440 5335 verbum
1475 5282 1563 5336 Dei
1585 5300 1684 5337 non
1716 5293 1785 5339 est
1812 5286 2112 5355 alligatum;
2151 5302 2224 5353 et,

674 5370 838 5441 Usque
862 5375 927 5425 ad
955 5375 1147 5426 vincula
1167 5374 1306 5442 quasi
1328 5373 1617 5443 malefaclor
1643 5374 1865 5445 (Coloss.
1898 5378 1951 5429 4.
1995 5379 2046 5440 5,
2082 5390 2127 5431 et
2170 5378 2225 5443 2,

671 5460 803 5516 Tim.
826 5464 879 5515 2.
907 5464 981 5531 9).
1007 5462 1156 5524 Vide,
1186 5479 1284 5517 non
1309 5463 1465 5516 modo
1490 5464 1691 5519 vincula
1725 5470 1904 5532 ponit;
1951 5466 2042 5520 sed
2071 5469 2224 5521 etiam

676 5554 831 5615 Quasi
862 5555 1151 5621 ntalefactor
1180 5553 1399 5618 addidit,
1423 5568 1619 5622 augens
1640 5553 1962 5609 vinculorum
1986 5556 2224 5625 gloriam.

674 5644 876 5712 Duplex
905 5644 1238 5712 supplicium,
1261 5646 1400 5714 quod
1429 5646 1619 5714 ligatus
1666 5658 1806 5700 esset
1833 5688 1845 5711 ,
1899 5657 1952 5703 ct
1993 5649 2133 5717 quod
2172 5661 2229 5705 ut

674 5737 997 5792 malefactor.
1030 5736 1159 5793 Nam
1190 5739 1231 5791 si
1274 5742 1340 5793 ita
1378 5740 1618 5810 alligatus
1667 5739 1883 5808 fuisset,
1938 5749 2085 5816 quasi
2138 5767 2229 5817 pro

2377 570 2556 615 autem
2588 571 2644 615 ut
2675 563 2985 620 malefactor
3005 606 3019 631 ,
3048 575 3101 619 et
3126 564 3276 635 quasi
3315 565 3366 619 in
3393 567 3719 635 gravissimis
3755 567 3951 635 depre-

2377 652 2574 706 hensus
2608 668 2620 703 :
2649 662 2704 707 et
2734 662 2907 708 tamen
2937 656 3068 709 nihil
3100 657 3213 709 haec
3240 654 3476 710 curabat.
3504 654 3648 710 Talis
3669 665 3753 711 est
3774 656 3950 711 anima

2372 741 2571 795 caelesti
2597 756 2780 798 amore
2816 730 3060 799 sublimis
3088 745 3295 799 eﬂ'ecta.
3331 744 3461 799 Nam
3509 746 3551 798 si
3599 746 3664 811 ii,
3709 746 3801 815 qui
3851 746 3954 800 hoc

2374 830 2513 898 turpi
2534 845 2717 886 amore
2738 830 2983 902 ﬂagrant,
3016 833 3146 887 nihil
3177 842 3364 903 putant
3392 835 3474 889 vel
3517 834 3809 904 gloriosum
3860 834 3943 888 vel

2372 922 2658 992 pretiosum
2679 964 2695 990 ,
2727 923 2823 979 sed
2848 939 2909 979 ea
2939 925 3112 980 solum
3131 967 3146 991 ,
3177 941 3296 995 qua:
3344 926 3788 995 concupiscentia:
3834 940 3947 980 su.e

2370 1014 2628 1071 inservire
2658 1026 2910 1086 possunt,
2942 1016 3175 1086 gloriosa
3209 1026 3263 1071 et
3293 1018 3525 1086 pretiosa
3557 1017 3802 1088 iudicant
3826 1056 3845 1083 ,
3894 1028 3947 1071 ct

2368 1108 2566 1162 amasio
2597 1108 2652 1161 lit
2678 1109 2755 1163 eis
2784 1111 2961 1163 omnia
2994 1126 3006 1161 :
3034 1108 3200 1163 multo
3230 1109 3399 1179 magis
3421 1110 3454 1162 ii
3476 1152 3491 1174 ,
3520 1112 3610 1179 qui
3636 1109 3737 1164 hoc
3759 1124 3947 1164 amore

2364 1202 2504 1270 capti
2528 1210 2651 1256 sunt
2671 1245 2684 1267 ,
2714 1200 2864 1255 nihili
2890 1200 3089 1256 faciunt
3113 1202 3364 1270 pretiosa.
3390 1201 3540 1267 Quod
3567 1201 3609 1254 si
3648 1202 3796 1257 dicta
3839 1216 3945 1255 non

2365 1291 2746 1362 intelligamus,
2772 1292 2903 1345 nihil
2929 1292 3120 1346 mirum
3148 1308 3161 1346 :
3190 1292 3242 1345 in
3270 1290 3370 1345 hac
3392 1291 3941 1361 quippephilosOphia

2362 1380 2590 1451 imperiti
2620 1396 2823 1435 sumus.
2849 1381 2902 1436 Si
2926 1382 3045 1449 quis
3068 1382 3208 1436 enim
3253 1382 3373 1452 igne
3412 1379 3610 1436 Christi
3654 1383 3904 1452 capiatur
3932 1424 3945 1446 ,

2361 1476 2479 1529 talis
2505 1475 2732 1530 efﬁcitur
2750 1515 2765 1542 ,
2791 1474 2963 1544 qualis
2994 1472 3153 1528 fuerit
3174 1473 3336 1529 homo
3355 1474 3501 1530 solus
3526 1474 3577 1529 in
3618 1484 3759 1529 terra
3785 1472 3944 1529 habi-

2360 1578 2477 1624 tans
2506 1586 2519 1621 :
2547 1570 2623 1624 sic
2648 1568 2781 1623 nihil
2809 1578 2977 1629 curat.
3001 1584 3109 1623 non
3135 1568 3381 1638 gloriam,
3415 1581 3519 1621 non
3548 1567 3899 1636 ignominiam
3923 1583 3935 1630 ;

2356 1662 2450 1717 sed
2481 1662 2618 1717 sicut
2643 1663 2686 1716 is
2707 1703 2721 1728 ,
2750 1662 2839 1731 qui
2890 1661 3036 1716 solus
3058 1661 3319 1715 habitaret
3343 1702 3357 1726 ,
3390 1660 3658 1714 neminem
3687 1669 3906 1715 curaret
3926 1699 3941 1722 ,

2355 1752 2433 1807 sic
2454 1752 2721 1808 neminem
2752 1752 2840 1807 ille
2860 1746 3037 1807 'Curat.
3064 1751 3412 1807 Tentationes
3438 1760 3617 1806 autem
3634 1792 3647 1815 ,
3686 1750 3899 1820 ﬂagella
3925 1791 3942 1815 ,

2353 1858 2598 1899 carceres
2628 1845 2699 1898 ita
2731 1844 3063 1908 contemnit,
3092 1858 3155 1898 ac
3182 1844 3226 1898 si
3267 1843 3319 1897 in
3348 1844 3523 1897 alieno
3561 1857 3791 1913 corpore
3830 1842 3944 1897 hac

2352 1943 2655 2003 pateretur,
2682 1942 2735 1987 ct
2766 1949 2827 1988 ac
2853 1933 2898 1988 si
2928 1933 3274 1989 adamantino
3308 1942 3453 1989 esset
3473 1948 3700 2004 corpore
3720 1951 3735 1998 ;
3759 1948 3828 1989 ea
3849 1950 3942 1988 au-

2352 2033 2480 2087 tem,
2512 2039 2632 2092 quae
2658 2023 2840 2078 suavia
2868 2022 2920 2076 in
2953 2022 3054 2077 hac
3079 2022 3184 2076 vita
3206 2031 3351 2088 sunt,
3373 2022 3442 2077 ita
3470 2022 3701 2088 deridet,
3733 2032 3791 2079 et
3812 2038 3939 2093 erga

2351 2114 2438 2167 illa
2471 2114 2795 2169 insensibilis
2825 2123 2907 2169 est
2928 2154 2941 2179 ,
2976 2122 3034 2167 ut
3059 2127 3157 2167 nos
3184 2127 3308 2183 erga
3334 2122 3541 2168 mortua
3569 2127 3823 2182 corpora,
3858 2113 3939 2167 vel

2349 2218 2411 2258 ac
2432 2209 2475 2258 si
2490 2204 2586 2274 ipsi
2611 2204 2803 2259 mortui
2831 2204 3019 2258 simus.
3038 2202 3267 2257 Tantum
3295 2216 3453 2272 porro
3477 2202 3648 2267 abest,
3670 2209 3732 2255 ut
3754 2201 3939 2271 aliquo

2348 2295 2537 2349 aﬂectu
2567 2295 2828 2365 capiatur,
2861 2302 3117 2363 quantum
3147 2308 3336 2347 aurum
3383 2294 3505 2363 igne
3550 2293 3843 2362 probatum
3883 2304 3939 2348 et

2350 2404 2537 2458 purum
2564 2402 2593 2440 a
2620 2386 2867 2441 sordibus
2902 2386 3129 2440 liberum
3160 2394 3260 2440 est.
3293 2384 3444 2441 Sicut
3471 2385 3615 2439 enim
3642 2400 3847 2440 muscas
3882 2387 3934 2439 in

2345 2478 2572 2533 mediam
2605 2476 2869 2531 ﬂammam
2914 2491 3022 2529 non
3065 2474 3390 2542 inciderint,
3428 2473 3522 2528 sed
3571 2474 3779 2544 fugiunt
3810 2492 3823 2527 :
3858 2474 3936 2529 sic

2344 2583 2443 2622 nec
2462 2567 2626 2621 animi
2649 2566 2872 2619 aﬂ‘ectus
2900 2565 2968 2619 ad
3012 2564 3151 2619 hunc
3179 2565 3354 2634 ignem
3397 2563 3658 2619 accedere
3698 2564 3929 2619 audent.

2345 2659 2412 2713 Et
2436 2658 2625 2714 horum
2650 2657 2844 2712 vellem
2875 2657 3119 2726 exempla
3161 2672 3225 2710 ex
3269 2655 3425 2710 nobis
3462 2655 3589 2724 ipsis
3636 2654 3931 2724 proferre;

2342 2748 2464 2819 quia
2487 2762 2615 2802 vero
2638 2747 2824 2815 inopes
2847 2760 3052 2812 sumus,
3083 2759 3302 2800 necesse
3325 2753 3446 2809 est,
3481 2757 3536 2799 ut
3557 2745 3622 2799 ad
3647 2746 3802 2799 illum
3852 2745 3932 2815 ip-

2342 2854 2457 2894 sum
2476 2838 2861 2908 confugiamus.
2887 2838 3019 2893 Vide
3040 2847 3238 2901 autem,
3260 2837 3531 2907 quomodo
3554 2837 3643 2893 ille
3667 2838 3782 2907 ipse
3805 2854 3931 2908 erga

2343 2938 2509 2985 totum
2534 2929 2789 2984 mundum
2812 2927 3033 2983 aﬂ‘ectus
3046 2938 3208 2982 esset.
3244 2926 3375 2980 Mihi
3401 2929 3623 2981 mundus
3647 2929 3931 2995 cruciﬁxus

2340 3032 2440 3087 est,
2471 3022 2661 3093 inquit,
2694 3030 2741 3076 et
2768 3038 2859 3093 ego
2885 3023 3075 3075 mundo
3108 3019 3263 3092 (Gal.
3293 3020 3348 3076 6.
3383 3021 3483 3091 H)
3508 3040 3521 3087 ;
3548 3023 3598 3075 id
3622 3033 3737 3087 est,
3770 3023 3921 3079 Mor-

2340 3122 2462 3169 tuus
2481 3130 2597 3170 sum
2624 3114 2841 3180 mundo,
2862 3123 2915 3167 et
2936 3113 3025 3167 ille
3045 3112 3173 3167 mihi
3198 3121 3439 3167 mortuus
3456 3121 3556 3167 est.
3581 3113 3643 3167 Et
3660 3130 3880 3169 rursum
3906 3131 3921 3167 :

2353 3203 2471 3258 Vivo
2496 3213 2662 3257 autem
2680 3205 2793 3271 jam
2822 3218 2923 3255 non
2955 3218 3066 3272 ego,
3090 3201 3207 3255 uiuit
3227 3217 3340 3255 vero
3356 3202 3409 3255 in
3430 3218 3507 3254 me
3542 3201 3777 3256 Christus
3806 3201 3919 3272 (Id.

2336 3294 2389 3348 2.
2424 3292 2558 3364 20).
2592 3293 2717 3347 "me
2735 3293 2915 3347 dicere
2935 3292 3102 3346 solius
3128 3301 3209 3345 est
3234 3290 3402 3346 Pauli.
3448 3291 3553 3346 Nos
3602 3305 3785 3348 autem
3835 3296 3926 3364 qui

2339 3394 2543 3439 tantum
2564 3384 2631 3439 ab
2661 3383 2753 3438 illo
2785 3383 3060 3449 absumus,
3093 3392 3347 3452 quantum
3369 3384 3555 3437 cadum
3579 3399 3606 3436 a
3632 3393 3799 3450 terra,
3826 3400 3927 3440 nos

2336 3475 2727 3530 abscondamus
2766 3489 2831 3529 ac
2871 3489 3043 3543 neque
3081 3488 3142 3530 os
3178 3474 3388 3543 aperire
3419 3474 3734 3529 audeamus.
3764 3476 3924 3543 Quod

2334 3576 2509 3620 autem
2538 3567 2685 3636 quasi
2710 3566 2761 3619 in
2792 3564 3081 3619 solitudine
3119 3574 3289 3631 esset,
3325 3574 3378 3619 et
3419 3566 3497 3619 sie
3528 3566 3816 3632 praesentia
3845 3583 3924 3621 re

2333 3658 2564 3725 spiceret
2588 3696 2601 3721 ,
2630 3656 2751 3709 audi
2784 3656 2930 3709 illum
2967 3655 3231 3709 dicentem
3263 3670 3277 3708 :
3311 3654 3431 3709 Non
3474 3656 3919 3712 considerantibus

2334 3747 2474 3800 nobis
2504 3762 2615 3813 qua:
2642 3746 2892 3810 videntur,
2924 3745 3012 3798 sed
3036 3760 3149 3813 qua:
3179 3761 3278 3797 non
3306 3745 3540 3799 uidentur
3578 3745 3667 3816 (2.
3704 3745 3828 3801 Cor.
3858 3750 3916 3803 4.

2336 3838 2445 3905 18).
2469 3836 2603 3903 Quid
2622 3835 2792 3890 dicis?
2820 3836 2976 3905 Atqui
3009 3844 3193 3891 contra
3224 3851 3384 3906 quam
3415 3836 3549 3891 dicis
3570 3878 3587 3902 ,
3618 3852 3705 3891 res
3733 3853 3793 3894 se
3824 3840 3920 3895 ba-

2333 3928 2423 3983 bet
2450 3945 2464 3982 :
2497 3943 2620 3981 nam
2650 3927 2931 3982 invisibilia
2960 3942 3066 3981 non
3098 3926 3339 3981 videmus
3361 3968 3377 3992 ,
3406 3937 3458 3982 et
3492 3929 3720 3984 visibilia
3764 3932 3919 3987 vide-

2332 4030 2469 4071 mus.
2529 4016 2725 4084 Quales
2777 4016 3011 4071 habebas
3062 4017 3281 4081 oculos,
3340 4017 3477 4072 tales
3529 4030 3684 4084 sunt,
3731 4023 3827 4089 qui
3884 4040 3915 4077 a

2329 4106 2544 4162 Christo
2576 4107 2684 4161 dati
2718 4124 2731 4159 :
2759 4109 2896 4161 sicut
2920 4107 3063 4161 enim
3090 4106 3141 4161 hi
3164 4106 3391 4161 visibilia
3431 4107 3643 4177 quidem
3686 4109 3911 4178 vident,

2331 4197 2611 4251 invisibilia
2656 4211 2787 4251 vero
2834 4212 2939 4250 non
2983 4195 3167 4250 vident
3198 4214 3210 4249 :
3238 4197 3317 4250 sic
3363 4197 3436 4250 illi
3482 4206 3667 4252 contra
3701 4217 3717 4254 :
3747 4216 3916 4257 nemo

2329 4287 2419 4354 qui
2447 4285 2726 4341 invisibilia
2760 4286 2957 4351 videat,
2990 4285 3216 4339 visibilia
3244 4284 3422 4350 videt;
3454 4302 3609 4341 nemo
3636 4291 3727 4358 qui
3774 4293 3911 4347 visi-

2332 4377 2455 4431 bilia
2476 4378 2673 4443 videat,
2698 4376 2982 4431 invisibilia
3012 4376 3175 4431 videt.
3206 4378 3399 4432 Annon
3432 4380 3592 4433 etiam
3624 4380 3765 4450 apud
3814 4398 3915 4440 nos

2332 4468 2433 4522 hoc
2462 4468 2561 4521 lit?
2590 4466 2814 4535 Quando
2840 4468 2982 4523 enim
3016 4482 3273 4525 conversa
3304 4479 3485 4524 mente
3514 4486 3577 4525 ex
3624 4472 3912 4530 invisibili-

2330 4559 2429 4613 bus
2452 4558 2647 4628 aliquid
2672 4560 2988 4628 cogitamus,
3018 4560 3275 4615 sublimes
3302 4561 3454 4617 nobis
3483 4572 3609 4617 sunt
3635 4567 3913 4635 operatio.

2330 4664 2453 4703 num
2494 4648 2655 4703 oculi.
2703 4647 3121 4705 Contemnamus
3175 4650 3431 4720 gloriam;
3476 4651 3640 4707 rideri
3686 4657 3902 4726 magis,

2329 4756 2487 4810 quam
2520 4740 2722 4794 laudari
2757 4741 3002 4794 velimus.
3032 4739 3164 4794 Nam
3197 4741 3285 4809 qui
3318 4740 3603 4808 irridetur,
3636 4744 3772 4799 nihil
3810 4746 3911 4802 lte-

2328 4832 2501 4897 ditur;
2533 4830 2619 4900 qui
2652 4830 2921 4898 laudatur,
2948 4832 3192 4885 multum.
3219 4831 3297 4886 Ne
3327 4839 3500 4903 magni
3530 4834 3791 4891 faciamus
3824 4853 3912 4901 ea,

2330 4938 2447 4992 quae
2479 4922 2722 4977 homines
2752 4930 2983 4985 terrent;
3018 4918 3108 4973 sed
3128 4919 3274 4973 dciis
3296 4921 3771 4992 utdepuerililusu
3806 4941 3913 4983 tra-

2330 5026 2566 5069 ctemus:
2598 5027 2771 5082 neque
2797 5011 2961 5076 enim,
2981 5013 3023 5065 si
3050 5028 3204 5081 quem
3231 5013 3504 5069 videamus
3534 5017 3787 5085 puerulos
3819 5035 3912 5074 cx-

2332 5114 2557 5159 terrentc
2602 5119 2618 5154 t
2648 5144 2662 5169 ,
2695 5104 2867 5171 ipsum
2898 5102 3221 5157 admiramur
3252 5122 3265 5158 :
3299 5120 3419 5159 nam
3447 5108 3688 5176 quisquis
3718 5117 3913 5179 terret,

2336 5196 2583 5251 hucrulos
2614 5202 2779 5248 terret
2807 5209 2822 5257 ;
2852 5192 3021 5247 virum
3053 5211 3281 5265 namque
3324 5206 3528 5251 terrere
3564 5213 3669 5253 non
3713 5204 3911 5269 possit.

2334 5285 2399 5339 Ει
2428 5284 2873 5353 quemadmodum
2900 5286 2986 5353 qui
3016 5294 3236 5349 terrent,
3267 5286 3351 5341 vel
3398 5290 3683 5356 supercilia
3731 5296 3912 5348 surri-

2332 5385 2492 5446 gunt,
2523 5375 2603 5428 vel
2635 5375 2788 5429 aliter
2819 5375 3017 5428 vultum
3042 5374 3415 5445 distorquent;
3445 5386 3500 5430 at
3529 5378 3573 5430 si
3622 5394 3816 5434 sanum
3862 5394 3921 5438 et

2335 5478 2666 5520 mansuetum
2688 5466 2897 5520 oculum
2917 5466 3165 5530 habeant,
3194 5465 3292 5520 hoc
3321 5467 3494 5521 facere
3522 5483 3627 5521 non
3662 5471 3875 5537 possint
3905 5494 3917 5527 :

2337 5559 2411 5610 sic
2437 5566 2492 5611 et
2524 5556 3064 5624 hi,perspicacitatem
3095 5557 3286 5610 mentis
3316 5556 3715 5627 distorquentes
3736 5600 3749 5623 ,
3811 5562 3921 5618 hoc

2336 5650 2556 5705 faciunt.
2583 5649 2759 5717 Itaque
2791 5658 3121 5703 mansuetum
3152 5640 3419 5703 hoininem
3450 5660 3503 5703 et
3532 5650 3687 5705 bona:
3713 5652 3921 5712 animm

2344 5768 2497 5806 nomo
2524 5760 2755 5807 “rem;
2779 5793 2793 5817 ,
2822 5742 2912 5796 sed
2948 5742 3089 5795 illum
3118 5757 3429 5795 veneramur
3475 5757 3693 5811 omnes,
3740 5743 3915 5801 Itono-
