4120 6334
203 470 316 529 εδδ

211 587 409 644 ἑαυτοῦ
448 586 621 640 ταῦτα
657 582 928 655 πράττων,
966 579 1138 643 οὕτως
1168 579 1427 649 ἐξαίφνης
1457 573 1879 647 μεταὸἑϐληται.

209 671 348 729 Εἶτα
370 673 531 729 πάλιν
551 674 598 724 οἱ
624 670 899 741 μάρτυρες
924 670 972 720 οί
1005 666 1252 727 συνόντες
1270 684 1283 697 ·
1314 660 1432 717 εἶτα
1462 664 1730 716 δείκνυσιν
1760 662 1882 713 ἐαυ-

210 765 300 817 16v
316 762 541 822 δικαίως
561 757 872 819 πεισθέντα,
889 756 995 808 ἀπό
1010 771 1067 807 τε
1085 753 1178 805 τοῦ
1201 753 1400 820 φωτὸς,
1426 751 1532 805 ἀπό
1549 768 1607 803 τε
1631 750 1738 803 τῶν
1756 764 1881 818 προ-

211 849 419 920 φητῶν,
452 845 560 900 ἀπό
580 861 638 898 τε
666 845 773 897 τῶν
796 843 1096 907 ἐκδάσεων,
1122 841 1229 894 ἀπό
1249 858 1307 892 τε
1327 838 1436 892 τῶν
1465 839 1560 892 νῦν
1588 832 1879 920 γεγενημέ-

380 936 658 1004 Ἐπήγαγε
681 932 812 1002 γάρ·
833 928 1076 1000 Ἡμέρας
1093 926 1293 997 μέσης
1312 926 1462 980 κατὰ
1486 925 1601 992 τὴν
1618 922 1783 985 ὀδόν,
1806 915 1888 973 εἷ·

208 1023 320 1078 δον
346 1021 807 1091 περιλάμψανμε
827 1016 972 1086 φῶς,
998 1016 1095 1069 καὶ
1118 1017 1260 1081 τούς
1280 1014 1405 1068 σὺν
1420 1012 1548 1083 ἐμοὶ
1566 1006 1883 1078 πορευομέ-

207 1128 378 1177 νους.
408 1112 552 1181 Ὅρα
588 1107 736 1175 γοῦν,
767 1105 885 1167 πῶς
913 1104 1007 1157 καὶ
1034 1103 1144 1157 ἀπὸ
1170 1102 1279 1155 τῶν
1306 1098 1624 1172 προφητῶν,
1656 1098 1749 1151 καὶ
1779 1094 1889 1148 ἀπὸ

204 1197 415 1250 τούτων
436 1195 633 1257 αὐτοὺς
657 1191 963 1245 πιστοῦται.
994 1192 1109 1243 Ἱνα
1136 1188 1239 1259 γὰρ
1272 1188 1345 1258 μὴ
1368 1186 1494 1258 δόξῃ
1520 1184 1883 1252 καινοτομεῖν,

208 1286 389 1337 καίτοι
426 1283 565 1353 ἔχων
613 1280 825 1351 μεγάλα
871 1280 1068 1341 εἰπεῖν,
1103 1277 1266 1330 πάλιν
1305 1276 1398 1329 ἐπὶ
1435 1274 1562 1337 τοὺς
1601 1271 1887 1343 προφήτας

204 1371 578 1439 καταφεύγει,
628 1368 720 1421 καὶ
760 1367 829 1420 τά
871 1365 1050 1419 αὐτῶν
1096 1366 1176 1427 είς
1217 1363 1379 1435 μέσον
1430 1362 1681 1431 τίθησιι.
1718 1356 1887 1411 Τοῦτο

208 1460 311 1530 μὲν
339 1456 431 1513 οὖν
470 1454 906 1525 ἀξιοπιστότερον
932 1454 1026 1507 ἀτε
1072 1452 1166 1507 νῦν
1192 1451 1482 1522 γενόμενον
1502 1465 1516 1480 ·
1556 1448 1671 1503 ἀλλ’
1699 1445 1886 1517 ἐπειδὴ

208 1547 375 1620 μόνος
399 1542 524 1605 εἶδε,
576 1544 738 1597 πάλιν
787 1542 919 1595 αὐτὸ
948 1541 1055 1593 ἀπὸ
1102 1540 1400 1611 προφητῶν
1434 1537 1736 1590 πιστοῦται.
1777 1533 1887 1587 Καὶ

205 1636 309 1706 δρα
340 1632 500 1686 αὑτὸν
531 1632 629 1701 οὐχ
662 1630 863 1701 ὁμοίως
891 1627 1275 1697 διαλεγόμενον
1309 1629 1366 1679 ἐν
1399 1623 1757 1694 δικαστηρίῳ,
1791 1621 1887 1674 καὶ

207 1724 265 1775 ἐν
316 1719 611 1789 ἐκκλησίᾳ·
642 1719 758 1770 ἐκεῖ
812 1716 911 1786 μέν
960 1711 1053 1768 οῦν
1095 1714 1266 1782 λέγει,
1313 1714 1395 1766 ὅτι
1440 1713 1535 1765 καὶ
1586 1709 1884 1763 Ἀνειλετε·

205 1802 442 1855 ἐνταῦθα
485 1801 541 1854 δέ
571 1799 722 1853 οὐδὲν
767 1796 1030 1863 τοιοῦτον,
1078 1795 1221 1849 ὥστε
1276 1796 1352 1865 μὴ
1400 1794 1564 1847 πλέον
1618 1791 1887 1846 ἐκκαῦσαι

204 1884 298 1938 τὸν
324 1883 494 1953 θυμόν
514 1900 528 1913 ·
572 1880 707 1935 ἀλλά
735 1881 794 1933 τὸ
822 1880 955 1933 αὐτὸ
976 1879 1269 1942 δείκνυσιν,
1308 1875 1496 1941 εἰπὼν,
1534 1878 1601 1929 El
1622 1874 1889 1941 παθητὸς

205 1969 241 2020 ὀ
268 1966 546 2035 Χριστός.
595 1964 782 2027 Οὕτως
805 1964 1029 2034 ἀφίησιν
1064 1963 1259 2024 αὐτοὺς
1290 1960 1674 2031 ἐγκλημάτων.
1709 1959 1888 2028 Ὅπερ

205 2057 301 2115 οῦν
328 2056 440 2127 ἐγὼ
472 2054 847 2124 καταγγέλλω,
877 2055 925 2107 εἱ
955 2052 1152 2123 ἀνέστη
1183 2051 1397 2123 πρῶτος
1426 2052 1490 2102 ἐκ
1515 2048 1623 2102 τῶν
1654 2048 1885 2119 νεκρῶν,

208 2145 275 2195 ἐκ
322 2140 431 2194 τῶν
474 2137 768 2210 προφητῶν
805 2136 1082 2205 δείκνυμι·
1128 2136 1223 2189 καὶ
1251 2134 1359 2204 γάρ
1400 2133 1493 2187 καὶ
1532 2135 1579 2185 οἱ
1610 2134 1885 2206 προφῆται

204 2220 364 2275 τοῦτο
401 2220 880 2288 καταγγέλλουσιν.
909 2216 1119 2271 Οὐκοῦν
1148 2215 1374 2281 δέξασθε
1396 2217 1487 2268 τὸν
1515 2215 1670 2283 λόγον
1693 2216 1769 2277 ὡς
1794 2215 1909 2272 τὸν,

204 2304 418 2360 αὑτοῦδ
462 2304 593 2357 ὄντα
632 2303 741 2355 τῶν
784 2300 1099 2373 προφητῶν.
1147 2301 1302 2353 Ἐπεὶ
1342 2300 1398 2351 δὲ
1448 2294 1567 2350 εἷπε
1610 2297 1711 2369 τὴν
1741 2297 1884 2366 ὄψιν,

205 2388 394 2441 λοιπὸν
452 2388 547 2439 καὶ
599 2385 737 2455 μετά
782 2384 964 2447 ἀδείας
1010 2384 1104 2437 καὶ
1155 2383 1223 2435 τά
1269 2380 1669 2451 κατορθώματα
1714 2379 1881 2448 λέγει.

206 2480 347 2533 Ποῖα
378 2476 582 2543 ταῦτα;
618 2476 727 2531 Τοῦ
757 2475 991 2539 ἀνοῖξαι
1014 2472 1232 2538 αὐτῶν,
1267 2474 1451 2543 φησὶν,
1483 2470 1634 2544 [395]
1660 2472 1885 2540 ὀφθαλ-

200 2566 379 2635 μοὺς,
406 2564 503 2619 καί
525 2562 901 2631 ἀποστρέψαι
933 2562 1049 2616 ἀπὸ
1075 2563 1336 2626 σκότους
1358 2562 1444 2625 εις
1466 2558 1613 2628 φῶς,
1639 2559 1735 2612 καί
1765 2557 1885 2613 ἀπὸ
1958 2588 1963 2596 -

209 2649 319 2718 τῆς
345 2650 636 2715 ἐξουσίας
662 2649 765 2702 τοῦ
808 2646 1047 2702 Σατανᾶ
1083 2646 1181 2699 ἐπὶ
1214 2646 1321 2700 τὸν
1358 2647 1525 2698 Θεόν.
1563 2645 1664 2709 Εὶς
1707 2642 1885 2697 τοῦτο

204 2740 317 2806 γὰρ
362 2738 570 2807 ὤφθην
621 2751 753 2791 σοι·
794 2733 1217 2804 τουτέστιν,οῦχ
1297 2733 1438 2786 ὥστε
1468 2732 1718 2797 κολάσαι,
1769 2732 1883 2786 ἀλλ’

204 2823 349 2876 ὥστε
380 2819 675 2874 ἀπόστολον
706 2818 954 2887 ποιῆσαι.

278 2904 441 2973 Ὅρα,
471 2902 538 2955 τά
573 2900 863 2971 συνέχοντα
886 2898 1031 2952 κακὰ
1058 2898 1184 2961 τοὺς
1212 2898 1471 2962 ἀπίστους
1501 2897 1761 2959 δείκνυσι,
1794 2892 1885 2947 τὸν

203 2987 472 3049 Σατανᾶν,
497 2984 557 3036 τὸ
582 2982 790 3046 σκότος,
810 2982 1000 3053 ῶσπερ
1027 2981 1121 3033 καὶ
1146 2992 1167 3019 ο
1202 2982 1269 3034 τὰ
1300 2981 1481 3049 ἀγαθά
1515 2981 1621 3033 τῶν
1653 2978 1881 3041 πιστῶν,

202 3080 267 3133 τὸ
294 3080 431 3149 φῶς,
454 3078 545 3131 τὸν
569 3077 723 3142 Θεὸν,
748 3076 837 3129 τὸν
865 3075 1065 3146 κλῆρον
1088 3073 1195 3127 τῶν
1217 3075 1409 3143 ἀγίων.
1442 3073 1551 3127 Καὶ
1572 3074 1667 3143 οὐχ
1698 3070 1885 3135 ἀπλῶς

208 3163 493 3233 μετανοεῖν
527 3161 803 3230 παραινεῖ,
848 3158 982 3212 ἀλλά
1011 3158 1104 3211 καὶ
1141 3157 1253 3227 βίον
1301 3155 1704 3209 ἐπιδείκνυσθαι
1753 3152 1885 3205 θαυ-

208 3246 435 3317 μαστόν.
486 3247 595 3299 Καὶ
636 3246 736 3314 ὅρα
782 3241 1058 3311 πανταχοῦ
1098 3241 1166 3294 τά
1194 3240 1321 3311 ἔθνη
1352 3238 1773 3309 συμπλεκόμενα
1807 3233 1885 3305 τῷ

204 3331 378 3399 λόγῳ·
408 3331 456 3382 οί
487 3329 596 3401 γάρ
631 3328 895 3401 παρόντες
919 3325 976 3393 ἐξ
1003 3324 1170 3377 ἐθνῶν
1205 3321 1365 3395 ἦσαν.
1401 3323 1881 3390 Μαρτυρόμενος,

204 3414 373 3482 φησὶ,
403 3410 593 3481 μικρῷ
636 3428 698 3465 τε
751 3410 850 3463 καὶ
880 3407 1146 3477 μεγάλῳ,
1199 3406 1447 3458 τουτέστι
1502 3405 1593 3457 καὶ
1626 3403 1883 3474 ἐπισήμῳ

204 3499 303 3549 καὶ
333 3496 529 3566 ἀσήμῳ
550 3495 598 3547 ἀ.
631 3494 802 3547 Τοῦτο
844 3494 933 3547 διά
964 3495 1088 3553 τοὺς
1122 3489 1459 3561 στρατιώτας
1506 3489 1678 3550 οὕτως
1708 3483 1879 3540 εἶπεν.

205 3575 345 3632 Εἶτα
383 3578 541 3646 ἀφεὶς
584 3578 683 3647 τὴν
714 3578 867 3643 τάξιν
899 3575 991 3628 τοῦ
1027 3573 1488 3644 ἀπολογουμένου,
1536 3573 1634 3642 τὴν
1667 3571 1760 3624 τοῦ
1805 3570 1883 3623 δι-

201 3670 475 3725 δασκάλου
523 3670 701 3723 ἔλαϐε.
756 3669 848 3721 Διὸ
893 3668 985 3721 καὶ
1025 3668 1052 3719 6
1080 3666 1289 3736 Φῆστός
1328 3682 1461 3737 φησι
1508 3664 1646 3735 πρὸς
1681 3663 1877 3717 αὐτόν·

204 3755 425 3822 Μαίνῃ.
454 3747 607 3820 Εἶτα,
630 3755 718 3807 ἵνα
761 3752 836 3823 μὴ
861 3752 989 3824 δόξῃ
1017 3750 1178 3813 αὐτὸς
1211 3749 1528 3811 διδάσκαλος
1562 3742 1724 3809 εἶναι,
1784 3750 1882 3799 ἐπ-

205 3838 469 3905 άγειτοῦς
500 3838 803 3907 προφήτας,
835 3835 926 3887 τὸν
955 3834 1187 3887 Μωσέα·
1222 3835 1291 3886 El
1318 3830 1603 3898 παθητὸς,
1634 3831 1814 3901 φησὶν,
1850 3832 1883 3883 ό

205 3924 481 3993 Χριστὸς,
513 3926 563 3977 εί
586 3922 814 3991 πρῶτος
841 3923 907 3987 ἐξ
934 3920 1328 3987 ἀναστάσεως
1351 3919 1578 3987 νεκρῶν
1596 3918 1721 3987 φῶς
1738 3919 1884 3987 μέλ·

202 4016 301 4065 ,ζει
336 4011 763 4080 καταγγέλλειν
802 4008 880 4073 τῷ
918 4025 980 4061 τε
1024 4006 1153 4071 λαῷ
1195 4008 1295 4058 καὶ
1347 4006 1471 4070 τοῖς
1515 4006 1777 4058 ἔθνεσιν.
1820 4005 1883 4057 '0

204 4098 449 4167 Φῆστος
495 4097 725 4168 μεγάλῃ
769 4095 841 4165 τῇ
888 4094 1056 4164 φωνῇ
1100 4094 1237 4164 ἔφη.
1295 4092 1451 4146 Οῦτω
1480 4090 1652 4162 θυμοῦ
1693 4086 1760 4163 ἦν
1790 4092 1884 4145 καὶ

204 4188 379 4259 ὀργῆς
413 4188 447 4258 ἡ
479 4186 652 4255 φωνήι

276 4272 340 4324 δ’.
372 4271 437 4321 Τί
461 4266 551 4323 οὖν
579 4271 607 4322 ό
640 4267 887 4333 Παῦλος,
923 4268 1003 4320 Οὐ
1032 4266 1143 4335 γάρ
1176 4265 1325 4328 ἐστι,
1362 4266 1544 4333 φησὶν,
1588 4264 1658 4316 ἐν
1702 4264 1884 4332 γωνίᾳ

206 4355 632 4425 πεπραγμένον
664 4354 859 4407 τοῦτο.
898 4353 1159 4405 Ἐνταῦθα
1182 4352 1309 4422 περὶ
1340 4350 1433 4404 τοῦ
1468 4350 1701 4421 σταυροῦ
1737 4350 1882 4417 λέγει

204 4441 390 4505 τοῦτο,
432 4440 558 4509 περὶ
589 4438 688 4507 τῆς
736 4437 1083 4498 ἀναστάσεως
1110 4452 1121 4463 ·
1171 4437 1266 4488 καὶ
1315 4437 1396 4489 ὃτι
1462 4432 1737 4504 πανταχοῦ
1782 4434 1883 4503 τῆς

206 4523 535 4592 οἰκουμένης
583 4521 771 4587 γέγονε
826 4519 888 4572 τὸ
933 4519 1139 4589 δόγμα,
1190 4519 1530 4584 Πιστεύεις,
1572 4516 1878 4581 βασιλεῦ,

174 4612 400 4679 νφησὶν,
446 4608 777 4676 Ἀγρίππα;
812 4608 922 4659 Οὐκ
971 4603 1091 4659 εἷπε
1117 4649 1131 4673 ,
1186 4608 1262 4676 Τῇ
1320 4607 1652 4669 ἀναστάσει,
1708 4604 1880 4667 ἀλλά,

214 4689 345 4757 Τοῖς
386 4690 736 4759 προφήταις.
788 4685 923 4741 Εἶτα
963 4689 1475 4759 προκαταλαμϐάνει
1527 4690 1725 4753 αὑτὸν,
1790 4689 1881 4740 καί

207 4791 396 4844 φησιν·
428 4769 591 4835 Οἶδα,
622 4772 709 4825 ὅτι
740 4773 1062 4837 πιστεύεις.
1100 4772 1239 4841 Πρὸς
1270 4773 1325 4824 δν
1356 4773 1451 4824 καὶ
1480 4775 1505 4825 6
1552 4772 1881 4842 Ἀγρίππας·

222 4864 329 4916 Ἐν
344 4862 523 4929 ὀλίγῳ
546 4878 623 4929 με
643 4861 867 4925 πείθεις
892 4860 1248 4927 Χριστιανὸν
1270 4860 1570 4928 γενέσθαι.
1597 4861 1711 4912 Οὐκ
1731 4860 1883 4931 ἐνόη-

211 4966 309 5002 σεν
339 4950 367 5000 ὁ
398 4948 606 5012 Παῦλος
650 4949 702 4999 τί
748 4950 915 5011 ἐστιν,
966 4950 1066 5000 Ἐν
1095 4948 1273 5014 ὀλίγῳ
1294 4987 1306 5010 ,
1341 4947 1453 5000 ἀλλ’
1497 4948 1767 5017 ἐνόμισεν,
1802 4950 1883 5000 ὅτι

226 5034 319 5097 Ἐξ
360 5034 538 5101 ὀλίγου
567 5050 581 5064 ·
617 5033 695 5085 διὸ
733 5034 824 5085 καὶ
877 5034 1011 5103 πρὸς
1064 5032 1219 5085 τοῦτο
1278 5032 1659 5100 ἀποκρίνεται·
1711 5031 1883 5094 οὕτως

214 5122 434 5189 ἰδιώτης
487 5116 575 5190 ἦν.
635 5121 742 5173 Kal
788 5120 887 5172 οὐκ
931 5116 1105 5183 εἶπεν,
1157 5121 1230 5171 Οὐ
1281 5120 1575 5189 βούλομαι,
1621 5119 1735 5172 ἀλλ’
1769 5122 1883 5173 Ei}-

211 5224 415 5279 χομαι,
445 5210 515 5261 οὐ
544 5209 730 5276 μόνον
763 5206 856 5270 σὲ,
892 5207 1053 5260 ἀλλὰ
1083 5208 1177 5259 καὶ
1204 5207 1433 5271 πάντας
1462 5208 1603 5267 τοὺς
1633 5208 1885 5262 ἀκούον-

213 5312 344 5359 τας.
384 5296 525 5362 Ὅρα
557 5295 844 5358 κολακείας
877 5295 1299 5364 ἀπηλλαγμένον
1345 5296 1437 5348 τὸν
1488 5295 1662 5363 λόγον.
1696 5296 1885 5365 Εῠχο-

206 5402 345 5453 μαι,
400 5384 550 5454 φησι,
613 5383 879 5453 σήμερον
930 5382 1207 5452 γενέσθαι
1262 5384 1493 5450 πάντας
1539 5386 1839 5452 τοιούτους
1865 5423 1881 5450 ,

215 5473 427 5540 ὁποῖος
467 5472 566 5527 καὶ
591 5474 705 5542 ἐγώ
733 5477 870 5543 εἰμι,
903 5475 1194 5542 παρεκτὸς
1220 5474 1337 5527 τῶν
1368 5474 1607 5545 δεσμῶν
1636 5478 1881 5545 τούτων,

216 5564 384 5630 Ὅρα·
406 5562 435 5614 6
462 5560 811 5631 καυχώμενος
823 5562 915 5615 ἐπὶ
939 5565 1048 5625 τοῖς
1076 5562 1355 5632 δεσμοῖς,ό
1377 5564 1662 5635 προφέρων
1689 5566 1881 5629 αὐτοὺς

215 5649 474 5722 καθάπερ
518 5650 708 5705 ἅλυσιν
761 5654 987 5721 χρυσῆν,
1044 5652 1251 5714 τούτοις
1283 5651 1579 5721 ἀπεύχεται
1622 5653 1736 5708 νῦν.
1779 5656 1886 5709 Καὶ

218 5743 300 5810 μὴ
337 5737 638 5809 θαυμάσῃς·
666 5738 744 5791 ἔτι
780 5741 885 5811 γὰρ
918 5740 1301 5811 ἀσθενέστερον
1325 5740 1606 5806 διέκειντο,
1638 5743 1730 5794 καὶ
1758 5758 1887 5806 συγ-

216 5824 731 5897 καταδατικώτερος
771 5823 837 5898 ἦν
887 5830 915 5880 ό
956 5827 1111 5897 λόγος
1158 5828 1323 5898 αὐτῷ.
1380 5829 1550 5893 Ἐπεὶ,
1593 5831 1672 5882 ὅτι
1705 5830 1772 5883 τὰ
1802 5831 1883 5883 δε-

284 5934 315 5960 ⁸
341 5932 477 5980 Alius
501 5933 579 5980 καὶ
601 5931 742 6008 τςῦτο
768 5936 911 6007 μέσον
933 5934 1102 6008 τίθησι.
1174 5938 1199 5975 ιι
1220 5935 1681 6008 Ῐ.ςςθὸ3ίιιτάύτὸν,
1708 5939 1882 6008 εζρηὶὶῇ

218 6007 348 6070 ξιιιιη¹
366 6005 423 6040 ex
446 6008 542 6070 un?
566 5995 673 6070 god:
702 5998 991 6068 recepimus.
1017 5999 1157 6070 Eltl‘l'.‘
1219 6002 1239 6026 ε
1266 5998 1520 6070 ’ᾨπερΙκαί
1542 5999 1686 6070 (Ιερει
1710 5995 1757 6069 fl}
1779 6000 1888 6058 qni-

216 6053 443 6121 bmfdam.
512 6056 535 6093 (Ι
566 6059 741 6111 γογιιη,
770 6053 983 6121 τῗοῦτέστι
1036 6095 1041 6103 .
1072 6060 1260 6118 ἀσήμῳ.
1291 6061 1347 6108 ab
1372 6053 1521 6108 c'dilis
1557 6053 1885 6121 absenti-11,111

218 6116 361 6164 codd.
388 6125 584 6179 I’L'L'Cpla
612 6129 729 6169 sunt
769 6120 896 6168 ιίυιτ,

1295 456 1359 513 IN
1404 455 1581 513 ACTA
1622 449 2153 509 APOSTOLORUM.
2197 453 2430 511 ιιωιιι..
2460 455 2570 510 Lﬂ'.

3566 450 3680 507 σπι

1992 572 2103 642 σμά
2131 574 2339 644 βέλτιον
2382 577 2587 645 ἡγεῖτο,
2637 572 2800 627 ἄκουε
2840 573 2953 637 πῶς
2997 574 3085 627 ἀεὶ
3117 574 3176 627 ἐν
3208 576 3327 638 ταῖς
3359 575 3674 639 ἐπιστολαῖς

1990 659 2206 713 πάντων
2238 660 2529 731 προτίθησι
2556 660 2666 712 τῶν
2695 660 2891 723 ἄλλων,
2926 660 3122 729 λέγω·
3158 662 3403 729 Παῦλος
3425 662 3675 732 δέσμιος

2002 747 2207 813 Ἰησοῦ
2223 749 2502 816 Χριστοῦ·
2530 749 2624 801 καὶ
2646 746 2829 811 πάλιν,
2868 748 3085 802 Τούτου
3105 749 3282 816 χάριν
3309 748 3423 818 τὴν
3447 751 3676 805 ἅλυσιν

1990 836 2343 903 περίκειμαι,
2376 837 2515 890 ἀλλ’
2546 839 2579 890 ό
2610 836 2795 905 λόγος
2828 835 2936 889 τοῦ
2968 835 3117 889 Θεοῦ
3160 839 3233 890 οὺ
3258 836 3509 891 δέδεται·
3555 839 3672 904 καὶ,

1994 923 2156 990 Ἄχρι
2184 923 2425 991 δεσμῶν
2454 925 2535 989 ὡς
2580 922 2933 992 κακοῦργος.
2989 926 3163 995 Ὅρα·
3215 927 3357 996 οὐχὶ,
3405 926 3680 995 Δεσμῶν,

1992 1011 2172 1080 μόνον,
2207 1010 2341 1064 ἀλλά
2375 1012 2497 1075 καὶ,
2541 1011 2638 1077 Ὠς
2683 1011 3040 1081 κακοῦργος,
3094 1014 3458 1085 προσέθηκεν,
3492 1012 3674 1081 αὔξων

1989 1098 2087 1168 τὴν
2116 1098 2224 1152 ἀπὸ
2258 1100 2368 1151 τῶν
2407 1099 2623 1168 δεσμῶν
2662 1096 2839 1164 δόξαν.
2874 1099 3049 1169 Διπλῆ
3082 1100 3138 1154 δὲ
3179 1102 3211 1172 ἡ
3252 1104 3495 1174 τιμωρία
3518 1146 3535 1171 ,
3582 1107 3685 1159 καὶ

1988 1186 2069 1239 ὅτι
2103 1184 2332 1250 ἐδέδετο,
2382 1188 2476 1238 καὶ
2520 1187 2602 1241 ὅτι
2644 1187 2718 1251 ὡς
2767 1187 3096 1258 κακοῦργος.
3135 1189 3195 1241 Εί
3229 1189 3330 1257 μὲν
3364 1193 3470 1263 γάρ
3499 1192 3674 1258 οὕτως

1989 1274 2197 1327 ἐδέδετο
2246 1274 2321 1339 ὡς
2375 1274 2461 1327 ἐπ’
2494 1274 2707 1344 ἀγαθῷ,
2756 1274 2920 1346 ἔφερέ
2958 1293 3079 1329 τινα
3128 1275 3195 1331 ἂν
3226 1279 3583 1350 παραμυθίαν
3612 1282 3675 1334 16

1991 1361 2245 1430 πρᾶγμα·
2277 1360 2372 1413 νῦν
2420 1360 2477 1414 δέ
2515 1360 2610 1413 καὶ
2654 1360 2731 1424 ὡς
2781 1360 3113 1433 κακοῦργος,
3168 1363 3263 1416 καὶ
3310 1365 3387 1428 ὡς
3439 1367 3531 1419 ἐπὶ
3564 1370 3675 1432 τοῖς

1988 1447 2183 1511 δεινοῖς
2212 1447 2373 1510 ἁλούς
2397 1465 2411 1479 ·
2461 1448 2557 1501 καὶ⁴
2604 1448 2753 1519 ὅμως
2811 1448 3024 1512 οὐδενὸς
3074 1450 3282 1504 τούτων
3310 1463 3333 1491 ε
3366 1452 3670 1524 ἐφρόντιζε.

1992 1537 2243 1591 Τοιοῦτον
2271 1537 2417 1610 ψυχὴ
2453 1538 2798 1610 πτερωθεῖσα
2843 1538 2920 1609 τῷ
2964 1539 3203 1611 οὐρανίῳ
3244 1541 3430 1612 ἔρωτι.
3465 1544 3524 1596 El
3565 1547 3675 1615 γὰρ

1989 1626 2037 1677 οἱ
2068 1625 2159 1677 τὸν
2190 1626 2413 1696 αίσχρὸν
2447 1625 2635 1678 τοῦτον
2683 1626 2917 1697 ἐρῶντες
2956 1626 3137 1697 ἔρωτα
3160 1669 3175 1694 ,
3215 1629 3368 1682 οὐδὲν
3413 1629 3673 1700 ἡγοῦνται

1989 1710 2112 1765 οὔτε
2144 1712 2351 1779 ἔνδοξον
2397 1710 2523 1766 οὔτε
2552 1713 2754 1783 τίμιον,
2788 1713 2902 1767 ἀλλ’
2937 1714 2956 1753 ί
2986 1716 3190 1781 ἐκεῖνα,
3228 1717 3327 1770 ὅσα
3376 1718 3441 1771 ἂν
3490 1720 3677 1783 αὐτοῖς

1992 1797 2127 1868 πρὸς
2152 1798 2253 1868 τὴν
2282 1798 2580 1869 ἐπιθυμίαν
2616 1800 2888 1873 συντείνῃ,
2936 1800 3109 1854 ταῦτα
3149 1802 3396 1873 κρίνεται
3443 1806 3536 1859 καὶ
3589 1806 3674 1859 ἐν·

1989 1884 2115 1950 δοξα
2146 1887 2238 1939 καὶ
2268 1886 2483 1957 ἔντιμα,
2516 1887 2611 1940 καὶ
2636 1887 2797 1941 τοῦτο
2845 1888 3024 1942 πάντα
3071 1890 3258 1954 αὐτοῖς
3299 1893 3448 1945 ἐστιν
3477 1894 3508 1962 ή
3537 1894 3675 1965 ἐρω-

1993 1972 2149 2041 μένη,
2180 1970 2359 2043 πολλῷ
2391 1973 2592 2042 μᾶλλον
2626 1973 2677 2026 οἱ
2706 1972 2881 2045 τούτῳ
2915 1975 3135 2039 ἁλόντες
3168 1977 3245 2047 τῷ
3288 1978 3476 2048 ἔρωτι,
3518 1980 3673 2032 οὐδὲν

1988 2057 2249 2125 ἡγοῦνται
2276 2059 2344 2112 τα
2390 2060 2665 2129 ἐπιτίμια.
2704 2062 2766 2113 El
2802 2061 2857 2113 δέ
2886 2061 2947 2113 ού
2989 2062 3219 2131 νοοῦμεν
3266 2065 3335 2119 τά
3380 2064 3682 2137 λεγόμενα,

1992 2144 2143 2217 [596]
2173 2146 2235 2199 οὐ
2264 2145 2596 2217 θαυμαστόν·
2633 2149 2853 2220 ἄπειροι
2886 2150 2996 2221 γάρ
3023 2152 3190 2221 ἐσμεν
3222 2151 3321 2223 τῆς
3352 2154 3672 2223 φιλοσοφίας

1988 2233 2214 2304 ταύτης.
2252 2235 2313 2287 Εἰ
2349 2234 2459 2303 γάρ
2483 2251 2569 2299 τις
2598 2235 2711 2307 ἁλῷ
2741 2236 2819 2306 τῷ
2849 2238 2984 2308 πυρὶ
3017 2237 3111 2292 τοῦ
3143 2240 3403 2313 Χριστοῦ,
3431 2241 3673 2307 τοιοῦτος

1989 2322 2219 2390 γίνεται,
2251 2315 2364 2386 οἷος
2399 2325 2464 2377 ἂν
2493 2324 2721 2393 γένηται
2764 2324 3054 2397 ἄνθρωπος
3092 2327 3253 2397 μόνος
3292 2329 3387 2381 ἐπὶ
3437 2332 3535 2401 τῆς
3567 2332 3670 2401 γῆς

1989 2410 2173 2463 οἰκῶν·
2209 2410 2379 2474 οὕτως
2427 2411 2641 2476 οὐδενος
2680 2411 2828 2483 αὐτῷ
2882 2413 3033 2484 μέλει
3070 2415 3229 2486 δόξης
3283 2418 3376 2470 καὶ
3424 2419 3668 2489 ἀτιμίας·

1989 2500 2102 2557 ἀλλ’
2131 2500 2320 2572 ῶσπερ
2364 2501 2430 2555 ἂν
2479 2504 2529 2556 εί
2585 2503 2746 2574 μόνος
2793 2504 2958 2558 οἰκῶν
2994 2506 3208 2570 οὐδενὸς
3233 2507 3300 2561 ἂν
3328 2508 3670 2579 ἐφρόντισεν,

1989 2586 2161 2651 οὕτως
2190 2588 2312 2641 οὑδέ
2358 2588 2478 2642 τότε
2524 2590 2552 2643 6
2602 2591 2844 2654 τοιοῦτος
2897 2595 3197 2663 φροντίζει.
3250 2596 3584 2668 Πειρασμῶν
3614 2600 3675 2653 δέ

1989 2673 2132 2728 οῦτω
2188 2679 2524 2748 καταφρονεῖ
2577 2680 2669 2731 καὶ
2728 2681 3013 2751 μαστίγων
3085 2684 3180 2737 καὶ
3239 2684 3630 2757 δεσμωτηρίων
3655 2730 3671 2750 ,

1988 2761 2176 2834 ὥσπερ
2220 2763 2285 2817 ἂν
2332 2764 2380 2815 εί
2425 2766 2484 2816 ἐν
2533 2764 2801 2838 ἀλλοτρίῳ
2856 2767 3071 2839 σώματι
3121 2771 3290 2826 ταῦτα
3334 2773 3592 2845 ἔπασχεν,
3638 2778 3683 2847 ῆ’

1987 2850 2177 2921 ῶσπερ
2208 2851 2273 2905 ἂν
2308 2851 2354 2904 εί
2384 2852 2746 2923 ἀδαμάντινον
2780 2854 3045 2928 ἐκέκτητο
3079 2859 3259 2929 σῶμα·
3281 2860 3391 2916 τῶν
3424 2863 3479 2917 δέ
3504 2865 3675 2935 ἡδέων

1987 2935 2094 2989 τῶν
2127 2938 2186 2989 ἐν
2218 2937 2295 3008 τῷ
2330 2937 2431 3008 βίῳ
2461 2938 2605 2992 οὕτω
2636 2942 2947 3015 καταγελᾷ,
3000 2945 3095 2999 καὶ
3142 2948 3541 3021 ἀνεπαίσθητος
3573 2953 3672 3006 αὖ-

1985 3024 2095 3076 τῶν
2124 3025 2295 3091 ἐστιν,
2324 3025 2510 3099 ῶσπερ
2542 3029 2651 3081 τῶν
2679 3031 2890 3101 νεκρῶν
2934 3036 3206 3102 σωμάτων
3246 3038 3429 3108 ἡμεῖς,
3459 3039 3490 3111 ἦ
3522 3042 3675 3095 αὐτοὶ

1987 3110 2137 3176 ὄντες
2165 3114 2370 3183 νεκροί.
2400 3115 2666 3169 Τοσοῦτον
2715 3117 2774 3171 δέ
2815 3120 3009 3189 ἀπέχει
3057 3122 3261 3177 ἁλῶναι
3310 3110 3487 3180 πάθει
3521 3130 3673 3197 τινὶῖ,

1986 3200 2110 3253 ὅσον
2137 3202 2336 3271 χρυσὸς
2364 3202 2704 3275 πυρούμενος
2733 3207 2762 3258 ό
2807 3208 3048 3279 καθαρὸς
3094 3211 3160 3264 ἂν
3190 3212 3483 3283 ἀπόσχοιτο
3514 3214 3675 3287 κηλτέ

1984 3287 2096 3376 δος.
2136 3289 2350 3361 Ὥσπερ
2382 3291 2490 3363 γάρ
2541 3295 2695 3362 μυῖαι
2748 3296 2827 3358 είς
2869 3295 3043 3367 μέσην
3094 3299 3270 3369 φλόγα
3312 3303 3413 3355 οὑκ
3459 3304 3524 3357 ἂν
3574 3306 3673 3376 ἐμ-

1988 3375 2222 3442 πέσοιεν,
2257 3377 2393 3430 ἀλλά
2426 3378 2742 3448 φεύγουσιν,
2782 3382 2923 3435 οὕτω
2954 3387 3049 3437 καὶ
3080 3385 3149 3439 τά
3180 3388 3327 3459 πάθη
3355 3391 3473 3443 ούδέ
3506 3375 3674 3461 ἐγγῦς

1986 3463 2239 3531 γενέσθαι
2265 3465 2455 3519 τούτου
2487 3468 2682 3538 τολμᾷ.
2722 3471 2835 3524 Καὶ
2873 3471 3080 3526 τούτων
3110 3474 3413 3549 ἐϐουλόμην
3445 3480 3543 3549 μὲν
3578 3482 3673 3549 ἀφ’

1987 3551 2145 3621 ἡμῶν
2194 3553 2263 3606 τὰ
2312 3555 2731 3627 παραδείγματα
2764 3564 3110 3630 παραγαγεῖν
3147 3564 3445 3618 δύνασθαι·
3484 3568 3674 3637 ἐπειδὴ

1984 3642 2041 3693 δέ
2079 3642 2411 3713 ἀποροῦμεν,
2444 3645 2660 3715 ἀνάγκη
2712 3647 2851 3717 πρὸς
2893 3649 3057 3703 αὐτὸν
3087 3651 3278 3705 τοῦτον
3309 3659 3669 3725 καταφυγεῖν.

1990 3728 2131 3799 Ὅρα
2164 3728 2297 3797 γοῦν
2327 3730 2489 3784 αὑτὸν
2525 3732 2661 3801 πρὸς
2693 3735 2873 3787 πάντα
2906 3736 2996 3791 τὸν
3034 3739 3240 3810 κόσμον
3272 3742 3387 3806 πῶς
3412 3744 3673 3801 διέκειτο.

1999 3817 2159 3885 Ἐμοὶ
2213 3818 2441 3886 κόσμος
2488 3819 2875 3889 ἐσταύρωται,
2912 3826 3067 3895 φησὶ,
3117 3829 3281 3899 κάγὼ
3317 3831 3395 3897 τῷ
3440 3835 3667 3904 κόσμῳ·

1983 3906 2254 3970 τουτέστι,
2275 3906 2487 3973 Νεκρός
2522 3910 2635 3977 είμι
2664 3910 2740 3978 τῷ
2777 3910 2988 3981 κόσμῳ,
3014 3915 3269 3979 κάκεῖνος
3297 3919 3423 3987 ἐμοὶ
3455 3922 3667 3994 νεκρός.

1985 3993 2093 4044 Καὶ
2124 3993 2305 4046 πάλιν·
2335 3991 2427 4046 Ζῶ
2454 3994 2521 4046 δὲ
2542 3996 2741 4049 οὐκέτι
2774 3997 2908 4066 ἐγὼ,
2943 3998 3009 4068 ζῇ
3032 4001 3101 4053 δὲ
3130 4002 3200 4055 ἐν
3226 4005 3356 4073 ἐμοὶ
3390 3991 3683 4076 Χριστός..

1984 4079 2156 4132 Τοῦτο
2184 4081 2345 4149 μόνου
2373 4079 2587 4133 Παύλου
2625 4082 2802 4151 λέγειν
2832 4087 3001 4151 ἐστιν,
3039 4089 3196 4159 ἡμῶν
3226 4092 3282 4144 δὲ
3310 4093 3419 4147 τῶν
3455 4097 3667 4151 ἐκείνου

1984 4165 2235 4219 τοσοῦτον
2269 4168 2739 4239 ἀπολειπομένων,
2795 4173 2920 4228 ὅσον
2962 4176 3062 4245 τῆς
3102 4177 3205 4247 γῆς
3234 4182 3261 4232 6
3290 4182 3539 4253 οὐρανὸς.
3572 4187 3666 4254 ἐγ-

1985 4255 2376 4323 καλύπτεσθαι,
2426 4258 2503 4322 ὡς
2566 4262 2699 4331 μηδέ
2737 4260 2797 4314 τὸ
2833 4263 3009 4333 στόμα
3043 4264 3227 4334 διᾶραι
3272 4269 3498 4341 τολμᾷν.
3546 4273 3666 4328 Ὅτι

1983 4342 2039 4430 δὲ
2081 4342 2156 4406 ὡς
2194 4345 2250 4396 ἐν
2297 4345 2503 4417 ἐρημίᾳ
2542 4342 2643 4417 ἦν,
2693 4352 2783 4402 καὶ
2834 4349 3006 4415 οὕτως
3061 4354 3207 4425 ἐώρα
3262 4358 3330 4411 τὰ
3382 4361 3665 4430 παρόντα,

1984 4428 2147 4483 ἄκουε
2180 4431 2342 4485 αὑτοῦ
2361 4432 2615 4502 λέγοντος
2636 4453 2649 4466 ·
2675 4435 2770 4505 Μὴ
2803 4442 3201 4494 σκοπούντων
3228 4445 3399 4513 ἡμῶν
3426 4428 3493 4501 τά
3514 4451 3666 4512 ,βλε-

1984 4517 2233 4585 πόμενα,
2265 4519 2424 4608 ἀλλρ
2454 4520 2525 4573 τὰ
2548 4520 2633 4589 μὴ
2657 4524 3033 4593 βλεπόμενα.
3067 4529 3131 4581 Τί
3164 4529 3381 4599 λέγεις;
3415 4534 3523 4589 Καὶ
3558 4537 3665 4608 μὴν

1983 4605 2043 4657 τὸ
2072 4606 2314 4660 ἐναντίον
2344 4601 2404 4660 οῦ
2434 4608 2613 4676 λέγεις
2643 4612 2781 4664 ἐστί·
2810 4614 2878 4666 τά
2928 4616 3025 4684 μὲν
3058 4616 3165 4688 γάρ
3200 4619 3406 4692 ἀόρατα
3439 4625 3498 4676 οὐ
3542 4601 3657 4695 $15;-

1987 4712 2182 4764 πομεν,
2214 4696 2283 4747 τά
2325 4696 2379 4748 δὲ
2426 4698 2596 4768 όρατά
2648 4699 2935 4771 βλέπομεν.
2981 4705 3233 4770 ὐποίους
3272 4708 3430 4779 ἔσχες
3466 4714 3665 4782 ὀφθαλ-

1988 4782 2139 4849 μοὺς,
2190 4782 2419 4835 τοιοῦτοί
2466 4786 2602 4837 εἰσιν
2636 4790 2684 4839 οί
2734 4789 2884 4857 παρά
2938 4791 3033 4843 τοῦ
3082 4795 3318 4863 Χριστοῦ
3368 4797 3660 4869 δεδομένοι·

1986 4867 2236 4956 καθάπερ
2280 4869 2387 4939 γὰρ
2436 4865 2579 4924 οὗτοι
2625 4874 2692 4925 τὰ
2741 4876 2839 4944 μέν
2879 4877 3129 4947 ὁρώμενα
3163 4880 3349 4949 ὁρῶσι,
3383 4884 3448 4935 τὰ
3481 4865 3536 4936 δέ
3565 4888 3661 4956 οὐχ

1984 4953 2236 5023 ὁρώμενα
2262 4956 2358 5025 οὐχ
2399 4956 2614 5027 ὁρῶσιν·
2661 4959 2832 5025 οῦτως
2874 4965 3070 5017 ἐκεῖνοι
3103 4968 3415 5022 τούναντίον
3440 4988 3453 5001 ·
3486 4953 3663 5035 οὐδεὶς

2077 5042 2282 5109 ἀόρατα
2324 5043 2555 5112 βλέπων,
2590 5047 2655 5099 τὰ
2682 5048 2853 5119 ὁρατά
2876 5049 3086 5119 βλέπει·
3113 5056 3288 5119 οὐδεὶς
3317 5058 3383 5110 τά
3410 5060 3663 5129 ὁρώμενα

1988 5128 2218 5197 βλέπων,
2275 5131 2343 5183 τὰ
2400 5132 2607 5203 ἀόρατα
2662 5134 2865 5203 βλέπει.
2904 5139 2973 5191 ’Ἡ
3028 5141 3146 5211 ούχὶ
3206 5144 3299 5195 καὶ
3350 5148 3480 5217 παρ’
3529 5128 3661 5217 ημῖν

1986 5217 2145 5303 τοῦτο
2169 5218 2409 5286 γίνεται;
2444 5222 2611 5275 Ὅταν
2641 5226 2749 5294 γάρ
2781 5225 2870 5277 τὸν
2904 5226 3028 5279 νοῦν
3069 5232 3475 5301 συστρέψαντες
3518 5234 3661 5303 λογι-

1990 5297 2209 5373 ζώμεθά
2242 5324 2295 5358 τι
2320 5308 2426 5359 τῶν
2457 5310 2726 5378 ἀοράτων,
2775 5314 3039 5384 μετέωροι
3068 5316 3174 5369 τῶν
3203 5297 3495 5388 ἐνεργειῶν
3529 5297 3661 5391 ἡμῖν

1985 5391 2222 5457 γίνονται
2267 5396 2321 5447 al
2371 5394 2541 5464 όψεις.
2594 5398 3111 5472 Καταφρονήσωμεν
3158 5404 3343 5476 δόξης,
3397 5408 3660 5475 γελᾶσθαι

1987 5481 2302 5552 βουλώμεθα
2352 5484 2572 5554 μᾶλλον,
2604 5488 2636 5554 ἦ
2676 5489 3039 5543 ἐπαινεῖσθαι.
3090 5493 3148 5544 '0
3193 5495 3290 5562 μὲν
3339 5497 3447 5566 γὰρ
3493 5498 3662 5565 γελώο

1992 5586 2169 5637 μενος,
2220 5572 2371 5624 ούδέν
2406 5571 2723 5641 βλάπτεται·
2775 5576 2802 5629 6
2847 5576 2901 5631 δὲ
2941 5579 3331 5650 ἐπαινούμενος
3357 5623 3371 5646 ,
3424 5586 3657 5653 μεγάλα.

1987 5658 2077 5727 Μὴ
2111 5659 2252 5727 μέγα
2288 5660 2572 5731 φρονῶμεν
2599 5662 2692 5713 ἐπὶ
2714 5666 2825 5726 τοῖς
2846 5666 3139 5733 ἐκφοϐοῦσι
3166 5670 3293 5732 τοὺς
3316 5671 3659 5741 ἀνθρώπους,

1987 5745 2101 5797 ἀλλ’
2128 5745 2201 5809 ὡς
2238 5748 2328 5799 ἐπὶ
2372 5746 2480 5799 τῶν
2511 5749 2718 5802 παίδων
2746 5750 2901 5803 τοῦτο
2932 5754 3287 5825 πράττωμεν·
3326 5758 3445 5811 οὐδὲ
3478 5761 3585 5832 γὰρ
3612 5764 3661 5813 εἰ

1986 5850 2106 5885 τινα
2139 5833 2342 5903 ἴδοιμεν
2389 5836 2724 5903 ἐκφοϐοῦντα
2775 5839 2959 5891 παιδία
2981 5881 2994 5904 ,
3045 5842 3397 5913 θαυμάζομεν
3429 5847 3616 5899 τοῦτον
3645 5866 3655 5879 ·

1988 5921 2035 5971 εἰ
2083 5921 2189 5990 γάρ
2245 5938 2326 5985 τις
2378 5923 2551 5991 φοϐεῖ,
2603 5924 2791 5978 παιδία
2842 5928 3032 5994 φοὸεἶ·
3078 5930 3245 6000 ἄνδρα
3300 5933 3406 6001 γὰρ
3461 5935 3560 5986 οὐκ
3594 5936 3658 5986 ἂν

2002 6046 2241 6155 “gynus,
2266 6049 2422 6114 ἁλοὺς,
2453 6051 2551 6098 ιη·
2598 6051 2781 6109 οὐδενὸς
2814 6053 3007 6105 τούτων.
3084 6055 3101 6094 τ
3136 6056 3287 6118 L'nus,
3324 6059 3431 6109 οὐτε
3454 6060 3655 6125 ἔντιμον,

2002 6126 2031 6155 νη
2074 6127 2131 6155 α.

1997 6126 2031 6156 7η
2056 6126 2131 6159 1-1.
