  <div class='ocr_page' id='page_1' title='image "/cluster/home/n/w/nwhite01/storage/ocr_20150623/60/pst.000005712601/370.png"; bbox 0 0 4094 6336; ppageno 0'>
   <div class='ocr_carea' id='block_1_1' title="bbox 183 464 282 521">
    <p class='ocr_par' dir='ltr' id='par_1_1' title="bbox 183 464 282 521">
     <span class='ocr_line' id='line_1_1' title="bbox 183 464 282 521; baseline -0.03 0"><span class='ocrx_word' id='word_1_1' title='bbox 183 464 282 521; x_wconf 73' lang='grc' dir='ltr'><strong>5οὺ</strong></span> 
     </span>
    </p>
   </div>
   <div class='ocr_carea' id='block_1_2' title="bbox 182 559 1761 636">
    <p class='ocr_par' dir='ltr' id='par_1_2' title="bbox 182 559 1761 636">
     <span class='ocr_line' id='line_1_2' title="bbox 182 559 1761 636; baseline -0.011 -5"><span class='ocrx_word' id='word_1_2' title='bbox 182 591 352 631; x_wconf 82' lang='lat' dir='ltr'><strong>tamus</strong></span> <span class='ocrx_word' id='word_1_3' title='bbox 380 616 393 636; x_wconf 88' lang='lat'>.</span> <span class='ocrx_word' id='word_1_4' title='bbox 423 588 758 630; x_wconf 79' lang='lat' dir='ltr'><strong>reveremur.</strong></span> <span class='ocrx_word' id='word_1_5' title='bbox 792 572 978 625; x_wconf 78' lang='lat' dir='ltr'><strong>Annon</strong></span> <span class='ocrx_word' id='word_1_6' title='bbox 1003 566 1193 621; x_wconf 91' lang='lat' dir='ltr'><strong>videtis</strong></span> <span class='ocrx_word' id='word_1_7' title='bbox 1213 605 1228 632; x_wconf 92' lang='lat'><strong>,</strong></span> <span class='ocrx_word' id='word_1_8' title='bbox 1256 561 1527 634; x_wconf 91' lang='lat' dir='ltr'><strong>quomodo</strong></span> <span class='ocrx_word' id='word_1_9' title='bbox 1557 562 1602 616; x_wconf 87' lang='lat' dir='ltr'><strong>is</strong></span> <span class='ocrx_word' id='word_1_10' title='bbox 1622 603 1637 626; x_wconf 95' lang='lat'><strong>,</strong></span> <span class='ocrx_word' id='word_1_11' title='bbox 1669 559 1761 629; x_wconf 90' lang='lat' dir='ltr'><strong>qui</strong></span> 
     </span>
    </p>
   </div>
   <div class='ocr_carea' id='block_1_3' title="bbox 183 651 1766 730">
    <p class='ocr_par' dir='ltr' id='par_1_3' title="bbox 183 651 1766 730">
     <span class='ocr_line' id='line_1_3' title="bbox 183 651 1766 730; baseline -0.011 -10"><span class='ocrx_word' id='word_1_12' title='bbox 183 665 433 720; x_wconf 86' lang='lat' dir='ltr'><strong>terribilis</strong></span> <span class='ocrx_word' id='word_1_13' title='bbox 461 674 568 730; x_wconf 89' lang='lat' dir='ltr'><strong>est,</strong></span> <span class='ocrx_word' id='word_1_14' title='bbox 603 664 854 718; x_wconf 70' lang='lat' dir='ltr'><strong>omnibus</strong></span> <span class='ocrx_word' id='word_1_15' title='bbox 884 662 952 714; x_wconf 90' lang='lat' dir='ltr'><strong>sit</strong></span> <span class='ocrx_word' id='word_1_16' title='bbox 982 659 1184 711; x_wconf 88' lang='lat' dir='ltr'><strong>invisus</strong></span> <span class='ocrx_word' id='word_1_17' title='bbox 1227 665 1282 710; x_wconf 91' lang='lat' dir='ltr'><strong>et</strong></span> <span class='ocrx_word' id='word_1_18' title='bbox 1327 651 1718 708; x_wconf 87' lang='lat' dir='ltr'><strong>abominandus</strong></span> <span class='ocrx_word' id='word_1_19' title='bbox 1742 654 1766 703; x_wconf 81' lang='lat'><strong>&#39;.&#39;</strong></span> 
     </span>
    </p>
   </div>
   <div class='ocr_carea' id='block_1_4' title="bbox 182 755 1762 824">
    <p class='ocr_par' dir='ltr' id='par_1_4' title="bbox 182 755 1762 824">
     <span class='ocr_line' id='line_1_4' title="bbox 182 755 1762 824; baseline -0.012 -12"><span class='ocrx_word' id='word_1_20' title='bbox 182 757 309 824; x_wconf 84' lang='lat' dir='ltr'><strong>Quid</strong></span> <span class='ocrx_word' id='word_1_21' title='bbox 343 755 486 811; x_wconf 90' lang='lat' dir='ltr'><strong>enim</strong></span> <span class='ocrx_word' id='word_1_22' title='bbox 514 772 578 809; x_wconf 79' lang='lat' dir='ltr'><strong>ex</strong></span> <span class='ocrx_word' id='word_1_23' title='bbox 609 755 708 818; x_wconf 89' lang='lat' dir='ltr'><strong>iis,</strong></span> <span class='ocrx_word' id='word_1_24' title='bbox 747 767 864 822; x_wconf 66' lang='lat' dir='ltr'><strong>quae</strong></span> <span class='ocrx_word' id='word_1_25' title='bbox 898 759 1102 804; x_wconf 85' lang='lat' dir='ltr'><strong>terrere</strong></span> <span class='ocrx_word' id='word_1_26' title='bbox 1130 755 1382 816; x_wconf 85' lang='lat' dir='ltr'><strong>possunt,</strong></span> <span class='ocrx_word' id='word_1_27' title='bbox 1405 759 1513 799; x_wconf 91' lang='lat' dir='ltr'><strong>non</strong></span> <span class='ocrx_word' id='word_1_28' title='bbox 1543 755 1762 798; x_wconf 85' lang='lat' dir='ltr'><strong>aversa-</strong></span> 
     </span>
    </p>
   </div>
   <div class='ocr_carea' id='block_1_5' title="bbox 184 835 1766 907">
    <p class='ocr_par' dir='ltr' id='par_1_5' title="bbox 184 835 1766 907">
     <span class='ocr_line' id='line_1_5' title="bbox 184 835 1766 907; baseline -0.01 -7"><span class='ocrx_word' id='word_1_29' title='bbox 184 847 337 900; x_wconf 84' lang='lat' dir='ltr'><strong>nmr?</strong></span> <span class='ocrx_word' id='word_1_30' title='bbox 371 862 550 901; x_wconf 83' lang='lat' dir='ltr'><strong>nonne</strong></span> <span class='ocrx_word' id='word_1_31' title='bbox 584 845 741 907; x_wconf 76' lang='lat' dir='ltr'><strong>iet-as,</strong></span> <span class='ocrx_word' id='word_1_32' title='bbox 777 855 952 896; x_wconf 87' lang='lat' dir='ltr'><strong>nonne</strong></span> <span class='ocrx_word' id='word_1_33' title='bbox 985 839 1182 904; x_wconf 85' lang='lat' dir='ltr'><strong>vultus,</strong></span> <span class='ocrx_word' id='word_1_34' title='bbox 1211 851 1387 892; x_wconf 89' lang='lat' dir='ltr'><strong>nonne</strong></span> <span class='ocrx_word' id='word_1_35' title='bbox 1418 835 1555 898; x_wconf 91' lang='lat' dir='ltr'><strong>loca,</strong></span> <span class='ocrx_word' id='word_1_36' title='bbox 1587 846 1766 886; x_wconf 86' lang='lat' dir='ltr'><strong>nonne</strong></span> 
     </span>
    </p>
   </div>
   <div class='ocr_carea' id='block_1_6' title="bbox 180 933 896 1008">
    <p class='ocr_par' dir='ltr' id='par_1_6' title="bbox 180 933 896 1008">
     <span class='ocr_line' id='line_1_6' title="bbox 180 933 896 1008; baseline -0.011 -14"><span class='ocrx_word' id='word_1_37' title='bbox 180 955 378 1002; x_wconf 86' lang='lat' dir='ltr'><strong>aerem,</strong></span> <span class='ocrx_word' id='word_1_38' title='bbox 404 939 592 1008; x_wconf 91' lang='lat' dir='ltr'><strong>quales</strong></span> <span class='ocrx_word' id='word_1_39' title='bbox 621 933 896 990; x_wconf 66' lang='lat' dir='ltr'><strong>tencbrmi</strong></span> 
     </span>
    </p>
   </div>
   <div class='ocr_carea' id='block_1_7' title="bbox 252 1018 1765 1093">
    <p class='ocr_par' dir='ltr' id='par_1_7' title="bbox 252 1018 1765 1093">
     <span class='ocr_line' id='line_1_7' title="bbox 252 1018 1765 1093; baseline -0.007 -10"><span class='ocrx_word' id='word_1_40' title='bbox 252 1032 304 1083; x_wconf 71' lang='lat' dir='ltr'><strong>Ei.</strong></span> <span class='ocrx_word' id='word_1_41' title='bbox 336 1030 462 1083; x_wconf 70' lang='lat' dir='ltr'><strong>Non</strong></span> <span class='ocrx_word' id='word_1_42' title='bbox 480 1029 541 1082; x_wconf 85' lang='lat' dir='ltr'><strong>ab</strong></span> <span class='ocrx_word' id='word_1_43' title='bbox 560 1029 848 1081; x_wconf 80' lang='lat' dir='ltr'><strong>hominibus</strong></span> <span class='ocrx_word' id='word_1_44' title='bbox 874 1026 1039 1080; x_wconf 78' lang='lat' dir='ltr'><strong>timeri</strong></span> <span class='ocrx_word' id='word_1_45' title='bbox 1062 1024 1360 1093; x_wconf 82' lang='lat' dir='ltr'><strong>optandum.</strong></span> <span class='ocrx_word' id='word_1_46' title='bbox 1393 1021 1652 1087; x_wconf 82' lang='lat' dir='ltr'><strong>Quantum</strong></span> <span class='ocrx_word' id='word_1_47' title='bbox 1681 1018 1765 1076; x_wconf 78' lang='lat' dir='ltr'><strong>be-</strong></span> 
     </span>
    </p>
   </div>
   <div class='ocr_carea' id='block_1_8' title="bbox 180 1109 1765 1188">
    <p class='ocr_par' dir='ltr' id='par_1_8' title="bbox 180 1109 1765 1188">
     <span class='ocr_line' id='line_1_8' title="bbox 180 1109 1765 1188; baseline -0.007 -14"><span class='ocrx_word' id='word_1_48' title='bbox 180 1139 301 1174; x_wconf 87' lang='lat' dir='ltr'><strong>nnm</strong></span> <span class='ocrx_word' id='word_1_49' title='bbox 333 1123 402 1177; x_wconf 73' lang='lat' dir='ltr'><strong>sil</strong></span> <span class='ocrx_word' id='word_1_50' title='bbox 429 1121 606 1175; x_wconf 76' lang='lat' dir='ltr'><strong>virtus.</strong></span> <span class='ocrx_word' id='word_1_51' title='bbox 630 1119 788 1174; x_wconf 79' lang='lat' dir='ltr'><strong>—Ne</strong></span> <span class='ocrx_word' id='word_1_52' title='bbox 811 1120 968 1188; x_wconf 81' lang='lat' dir='ltr'><strong>igitur</strong></span> <span class='ocrx_word' id='word_1_53' title='bbox 995 1131 1243 1185; x_wconf 83' lang='lat' dir='ltr'><strong>magnum</strong></span> <span class='ocrx_word' id='word_1_54' title='bbox 1279 1123 1521 1182; x_wconf 86' lang='lat' dir='ltr'><strong>putemus</strong></span> <span class='ocrx_word' id='word_1_55' title='bbox 1550 1125 1691 1175; x_wconf 88' lang='lat' dir='ltr'><strong>esse,</strong></span> <span class='ocrx_word' id='word_1_56' title='bbox 1721 1109 1765 1164; x_wconf 86' lang='lat' dir='ltr'><strong>si</strong></span> 
     </span>
    </p>
   </div>
   <div class='ocr_carea' id='block_1_9' title="bbox 179 1202 1766 1279">
    <p class='ocr_par' dir='ltr' id='par_1_9' title="bbox 179 1202 1766 1279">
     <span class='ocr_line' id='line_1_9' title="bbox 179 1202 1766 1279; baseline -0.008 -13"><span class='ocrx_word' id='word_1_57' title='bbox 179 1214 210 1266; x_wconf 90' lang='lat' dir='ltr'><strong>h</strong></span> <span class='ocrx_word' id='word_1_58' title='bbox 237 1211 427 1279; x_wconf 81' lang='lat' dir='ltr'><strong>unines</strong></span> <span class='ocrx_word' id='word_1_59' title='bbox 446 1227 542 1267; x_wconf 81' lang='lat' dir='ltr'><strong>nos</strong></span> <span class='ocrx_word' id='word_1_60' title='bbox 570 1212 807 1264; x_wconf 88' lang='lat' dir='ltr'><strong>timeant.</strong></span> <span class='ocrx_word' id='word_1_61' title='bbox 832 1209 1065 1262; x_wconf 88' lang='lat' dir='ltr'><strong>Primum</strong></span> <span class='ocrx_word' id='word_1_62' title='bbox 1093 1206 1236 1260; x_wconf 92' lang='lat' dir='ltr'><strong>enim</strong></span> <span class='ocrx_word' id='word_1_63' title='bbox 1262 1205 1438 1258; x_wconf 91' lang='lat' dir='ltr'><strong>nullus</strong></span> <span class='ocrx_word' id='word_1_64' title='bbox 1459 1218 1581 1256; x_wconf 89' lang='lat' dir='ltr'><strong>vere</strong></span> <span class='ocrx_word' id='word_1_65' title='bbox 1605 1202 1766 1255; x_wconf 89' lang='lat' dir='ltr'><strong>homo</strong></span> 
     </span>
    </p>
   </div>
   <div class='ocr_carea' id='block_1_10' title="bbox 172 1293 1763 1368">
    <p class='ocr_par' dir='ltr' id='par_1_10' title="bbox 172 1293 1763 1368">
     <span class='ocr_line' id='line_1_10' title="bbox 172 1293 1763 1368; baseline -0.006 -10"><span class='ocrx_word' id='word_1_66' title='bbox 172 1309 272 1358; x_wconf 79' lang='lat' dir='ltr'><strong>&#39;uos</strong></span> <span class='ocrx_word' id='word_1_67' title='bbox 305 1305 463 1358; x_wconf 86' lang='lat' dir='ltr'><strong>timet</strong></span> <span class='ocrx_word' id='word_1_68' title='bbox 498 1321 509 1354; x_wconf 92' lang='lat'><strong>:</strong></span> <span class='ocrx_word' id='word_1_69' title='bbox 542 1302 854 1364; x_wconf 88' lang='lat' dir='ltr'><strong>secundum,</strong></span> <span class='ocrx_word' id='word_1_70' title='bbox 886 1315 990 1354; x_wconf 91' lang='lat' dir='ltr'><strong>non</strong></span> <span class='ocrx_word' id='word_1_71' title='bbox 1020 1313 1267 1368; x_wconf 81' lang='lat' dir='ltr'><strong>magnum</strong></span> <span class='ocrx_word' id='word_1_72' title='bbox 1295 1305 1377 1350; x_wconf 90' lang='lat' dir='ltr'><strong>cst</strong></span> <span class='ocrx_word' id='word_1_73' title='bbox 1417 1294 1610 1350; x_wconf 82' lang='lat' dir='ltr'><strong>timeri.</strong></span> <span class='ocrx_word' id='word_1_74' title='bbox 1652 1293 1763 1348; x_wconf 86' lang='lat' dir='ltr'><strong>Ma-</strong></span> 
     </span>
    </p>
   </div>
   <div class='ocr_carea' id='block_1_11' title="bbox 177 1388 1760 1464">
    <p class='ocr_par' dir='ltr' id='par_1_11' title="bbox 177 1388 1760 1464">
     <span class='ocr_line' id='line_1_11' title="bbox 177 1388 1760 1464; baseline -0.004 -17"><span class='ocrx_word' id='word_1_75' title='bbox 177 1412 336 1464; x_wconf 68' lang='lat' dir='ltr'><strong>gnum</strong></span> <span class='ocrx_word' id='word_1_76' title='bbox 371 1395 569 1449; x_wconf 90' lang='lat' dir='ltr'><strong>bonum</strong></span> <span class='ocrx_word' id='word_1_77' title='bbox 603 1397 770 1464; x_wconf 84' lang='lat' dir='ltr'><strong>virtus</strong></span> <span class='ocrx_word' id='word_1_78' title='bbox 797 1402 876 1446; x_wconf 90' lang='lat' dir='ltr'><strong>est</strong></span> <span class='ocrx_word' id='word_1_79' title='bbox 903 1408 914 1442; x_wconf 95' lang='lat'>:</span> <span class='ocrx_word' id='word_1_80' title='bbox 949 1402 1003 1446; x_wconf 90' lang='lat' dir='ltr'><strong>et</strong></span> <span class='ocrx_word' id='word_1_81' title='bbox 1030 1390 1148 1444; x_wconf 89' lang='lat' dir='ltr'><strong>vide</strong></span> <span class='ocrx_word' id='word_1_82' title='bbox 1181 1388 1451 1459; x_wconf 88' lang='lat' dir='ltr'><strong>quomodo</strong></span> <span class='ocrx_word' id='word_1_83' title='bbox 1491 1401 1760 1454; x_wconf 74' lang='lat' dir='ltr'><strong>magnum.</strong></span> 
     </span>
    </p>
   </div>
   <div class='ocr_carea' id='block_1_12' title="bbox 181 1463 1762 1554">
    <p class='ocr_par' dir='ltr' id='par_1_12' title="bbox 181 1463 1762 1554">
     <span class='ocr_line' id='line_1_12' title="bbox 181 1463 1762 1554; baseline -0.004 -16"><span class='ocrx_word' id='word_1_84' title='bbox 181 1463 287 1540; x_wconf 70' lang='lat' dir='ltr'><strong>litsi</strong></span> <span class='ocrx_word' id='word_1_85' title='bbox 320 1501 410 1539; x_wconf 81' lang='lat' dir='ltr'><strong>res</strong></span> <span class='ocrx_word' id='word_1_86' title='bbox 439 1463 791 1554; x_wconf 75' lang='lat' dir='ltr'><strong>illas,qnibus</strong></span> <span class='ocrx_word' id='word_1_87' title='bbox 820 1491 1062 1549; x_wconf 76' lang='lat' dir='ltr'><strong>consmt,</strong></span> <span class='ocrx_word' id='word_1_88' title='bbox 1097 1482 1320 1535; x_wconf 83' lang='lat' dir='ltr'><strong>miseras</strong></span> <span class='ocrx_word' id='word_1_89' title='bbox 1360 1480 1724 1534; x_wconf 74' lang='lat' dir='ltr'><strong>exisumemus</strong></span> <span class='ocrx_word' id='word_1_90' title='bbox 1747 1518 1762 1544; x_wconf 94' lang='lat'><strong>,</strong></span> 
     </span>
    </p>
   </div>
   <div class='ocr_carea' id='block_1_13' title="bbox 180 1567 1766 1640">
    <p class='ocr_par' dir='ltr' id='par_1_13' title="bbox 180 1567 1766 1640">
     <span class='ocr_line' id='line_1_13' title="bbox 180 1567 1766 1640; baseline -0.005 -12"><span class='ocrx_word' id='word_1_91' title='bbox 180 1572 316 1628; x_wconf 84' lang='lat' dir='ltr'><strong>il‘am</strong></span> <span class='ocrx_word' id='word_1_92' title='bbox 351 1583 534 1630; x_wconf 82' lang='lat' dir='ltr'><strong>tamen</strong></span> <span class='ocrx_word' id='word_1_93' title='bbox 575 1573 872 1628; x_wconf 82' lang='lat' dir='ltr'><strong>mirabilem</strong></span> <span class='ocrx_word' id='word_1_94' title='bbox 892 1572 1206 1639; x_wconf 89' lang='lat' dir='ltr'><strong>beatamque</strong></span> <span class='ocrx_word' id='word_1_95' title='bbox 1229 1567 1600 1640; x_wconf 55' lang='lat' dir='ltr'><strong>praedicamus.</strong></span> <span class='ocrx_word' id='word_1_96' title='bbox 1632 1567 1766 1634; x_wconf 84' lang='lat' dir='ltr'><strong>Quis</strong></span> 
     </span>
    </p>
   </div>
   <div class='ocr_carea' id='block_1_14' title="bbox 177 1662 1763 1735">
    <p class='ocr_par' dir='ltr' id='par_1_14' title="bbox 177 1662 1763 1735">
     <span class='ocr_line' id='line_1_14' title="bbox 177 1662 1763 1735; baseline -0.004 -15"><span class='ocrx_word' id='word_1_97' title='bbox 177 1669 318 1721; x_wconf 89' lang='lat' dir='ltr'><strong>enim</strong></span> <span class='ocrx_word' id='word_1_98' title='bbox 353 1684 462 1722; x_wconf 91' lang='lat' dir='ltr'><strong>non</strong></span> <span class='ocrx_word' id='word_1_99' title='bbox 494 1667 705 1722; x_wconf 84' lang='lat' dir='ltr'><strong>beatum</strong></span> <span class='ocrx_word' id='word_1_100' title='bbox 737 1665 988 1735; x_wconf 70' lang='lat' dir='ltr'><strong>prmdicet</strong></span> <span class='ocrx_word' id='word_1_101' title='bbox 1018 1663 1396 1734; x_wconf 91' lang='lat' dir='ltr'><strong>philosophum</strong></span> <span class='ocrx_word' id='word_1_102' title='bbox 1421 1703 1438 1728; x_wconf 96' lang='lat'><strong>,</strong></span> <span class='ocrx_word' id='word_1_103' title='bbox 1488 1662 1586 1715; x_wconf 78' lang='lat' dir='ltr'><strong>etsi</strong></span> <span class='ocrx_word' id='word_1_104' title='bbox 1633 1676 1763 1730; x_wconf 81' lang='lat' dir='ltr'><strong>pau-</strong></span> 
     </span>
    </p>
   </div>
   <div class='ocr_carea' id='block_1_15' title="bbox 177 1749 1766 1825">
    <p class='ocr_par' dir='ltr' id='par_1_15' title="bbox 177 1749 1766 1825">
     <span class='ocr_line' id='line_1_15' title="bbox 177 1749 1766 1825; baseline -0.004 -17"><span class='ocrx_word' id='word_1_105' title='bbox 177 1768 358 1825; x_wconf 62' lang='lat' dir='ltr'><strong>partas</strong></span> <span class='ocrx_word' id='word_1_106' title='bbox 387 1767 440 1809; x_wconf 88' lang='lat' dir='ltr'><strong>et</strong></span> <span class='ocrx_word' id='word_1_107' title='bbox 467 1756 662 1809; x_wconf 86' lang='lat' dir='ltr'><strong>similia</strong></span> <span class='ocrx_word' id='word_1_108' title='bbox 690 1756 884 1809; x_wconf 78' lang='lat' dir='ltr'><strong>misera</strong></span> <span class='ocrx_word' id='word_1_109' title='bbox 925 1768 1046 1808; x_wconf 88' lang='lat' dir='ltr'><strong>esse</strong></span> <span class='ocrx_word' id='word_1_110' title='bbox 1091 1751 1415 1807; x_wconf 82' lang='lat' dir='ltr'><strong>videantur?</strong></span> <span class='ocrx_word' id='word_1_111' title='bbox 1460 1749 1588 1805; x_wconf 88' lang='lat' dir='ltr'><strong>Cum</strong></span> <span class='ocrx_word' id='word_1_112' title='bbox 1638 1765 1766 1820; x_wconf 82' lang='lat' dir='ltr'><strong>ergo</strong></span> 
     </span>
    </p>
   </div>
   <div class='ocr_carea' id='block_1_16' title="bbox 181 1843 1767 1922">
    <p class='ocr_par' dir='ltr' id='par_1_16' title="bbox 181 1843 1767 1922">
     <span class='ocr_line' id='line_1_16' title="bbox 181 1843 1767 1922; baseline -0.002 -23"><span class='ocrx_word' id='word_1_113' title='bbox 181 1864 270 1915; x_wconf 65' lang='lat' dir='ltr'><strong>l-er</strong></span> <span class='ocrx_word' id='word_1_114' title='bbox 298 1863 389 1914; x_wconf 90' lang='lat' dir='ltr'><strong>ea,</strong></span> <span class='ocrx_word' id='word_1_115' title='bbox 414 1863 534 1922; x_wconf 70' lang='lat' dir='ltr'><strong>quae</strong></span> <span class='ocrx_word' id='word_1_116' title='bbox 566 1849 757 1901; x_wconf 89' lang='lat' dir='ltr'><strong>misera</strong></span> <span class='ocrx_word' id='word_1_117' title='bbox 784 1861 903 1902; x_wconf 91' lang='lat' dir='ltr'><strong>esse</strong></span> <span class='ocrx_word' id='word_1_118' title='bbox 926 1846 1202 1912; x_wconf 90' lang='lat' dir='ltr'><strong>videntur,</strong></span> <span class='ocrx_word' id='word_1_119' title='bbox 1242 1845 1332 1900; x_wconf 90' lang='lat' dir='ltr'><strong>ille</strong></span> <span class='ocrx_word' id='word_1_120' title='bbox 1364 1844 1559 1913; x_wconf 79' lang='lat' dir='ltr'><strong>fulgeat</strong></span> <span class='ocrx_word' id='word_1_121' title='bbox 1583 1886 1598 1910; x_wconf 93' lang='lat'><strong>,</strong></span> <span class='ocrx_word' id='word_1_122' title='bbox 1648 1843 1767 1897; x_wconf 90' lang='lat' dir='ltr'><strong>vide</strong></span> 
     </span>
    </p>
   </div>
   <div class='ocr_carea' id='block_1_17' title="bbox 180 1933 1770 2006">
    <p class='ocr_par' dir='ltr' id='par_1_17' title="bbox 180 1933 1770 2006">
     <span class='ocr_line' id='line_1_17' title="bbox 180 1933 1770 2006; baseline -0.003 -16"><span class='ocrx_word' id='word_1_123' title='bbox 180 1939 575 1992; x_wconf 67' lang='lat' dir='ltr'><strong>excellentiam.</strong></span> <span class='ocrx_word' id='word_1_124' title='bbox 609 1938 790 1992; x_wconf 83' lang='lat' dir='ltr'><strong>Altum</strong></span> <span class='ocrx_word' id='word_1_125' title='bbox 818 1939 964 2006; x_wconf 80' lang='lat' dir='ltr'><strong>sapis</strong></span> <span class='ocrx_word' id='word_1_126' title='bbox 988 1937 1055 1991; x_wconf 90' lang='lat' dir='ltr'><strong>de</strong></span> <span class='ocrx_word' id='word_1_127' title='bbox 1085 1937 1318 2006; x_wconf 85' lang='lat' dir='ltr'><strong>putentia</strong></span> <span class='ocrx_word' id='word_1_128' title='bbox 1347 1976 1361 2001; x_wconf 95' lang='lat'><strong>,</strong></span> <span class='ocrx_word' id='word_1_129' title='bbox 1392 1952 1424 1990; x_wconf 87' lang='grc' dir='ltr'>ο</span> <span class='ocrx_word' id='word_1_130' title='bbox 1457 1935 1661 1988; x_wconf 82' lang='lat' dir='ltr'><strong>homo?</strong></span> <span class='ocrx_word' id='word_1_131' title='bbox 1703 1933 1770 1986; x_wconf 74' lang='lat' dir='ltr'><strong>Et</strong></span> 
     </span>
    </p>
   </div>
   <div class='ocr_carea' id='block_1_18' title="bbox 177 2025 1768 2098">
    <p class='ocr_par' dir='ltr' id='par_1_18' title="bbox 177 2025 1768 2098">
     <span class='ocr_line' id='line_1_18' title="bbox 177 2025 1768 2098; baseline -0.001 -18"><span class='ocrx_word' id='word_1_132' title='bbox 177 2044 294 2096; x_wconf 80' lang='lat' dir='ltr'><strong>qua:</strong></span> <span class='ocrx_word' id='word_1_133' title='bbox 326 2029 564 2096; x_wconf 87' lang='lat' dir='ltr'><strong>potentia</strong></span> <span class='ocrx_word' id='word_1_134' title='bbox 593 2069 607 2092; x_wconf 94' lang='lat'><strong>,</strong></span> <span class='ocrx_word' id='word_1_135' title='bbox 636 2042 849 2098; x_wconf 76' lang='lat' dir='ltr'><strong>qua-so,</strong></span> <span class='ocrx_word' id='word_1_136' title='bbox 883 2027 1129 2082; x_wconf 89' lang='lat' dir='ltr'><strong>ordinata</strong></span> <span class='ocrx_word' id='word_1_137' title='bbox 1169 2028 1288 2080; x_wconf 88' lang='lat' dir='ltr'><strong>est?</strong></span> <span class='ocrx_word' id='word_1_138' title='bbox 1337 2028 1419 2082; x_wconf 85' lang='lat' dir='ltr'><strong>Ab</strong></span> <span class='ocrx_word' id='word_1_139' title='bbox 1464 2025 1768 2079; x_wconf 88' lang='lat' dir='ltr'><strong>hominibus</strong></span> 
     </span>
    </p>
   </div>
   <div class='ocr_carea' id='block_1_19' title="bbox 183 2117 1769 2187">
    <p class='ocr_par' dir='ltr' id='par_1_19' title="bbox 183 2117 1769 2187">
     <span class='ocr_line' id='line_1_19' title="bbox 183 2117 1769 2187; baseline 0.002 -21"><span class='ocrx_word' id='word_1_140' title='bbox 183 2129 370 2185; x_wconf 84' lang='lat' dir='ltr'><strong>potens</strong></span> <span class='ocrx_word' id='word_1_141' title='bbox 415 2118 584 2172; x_wconf 87' lang='lat' dir='ltr'><strong>factus</strong></span> <span class='ocrx_word' id='word_1_142' title='bbox 631 2133 690 2172; x_wconf 90' lang='lat' dir='ltr'><strong>es</strong></span> <span class='ocrx_word' id='word_1_143' title='bbox 727 2131 740 2170; x_wconf 90' lang='lat'><strong>:</strong></span> <span class='ocrx_word' id='word_1_144' title='bbox 777 2119 918 2172; x_wconf 92' lang='lat' dir='ltr'><strong>intus</strong></span> <span class='ocrx_word' id='word_1_145' title='bbox 964 2118 1152 2172; x_wconf 87' lang='lat' dir='ltr'><strong>ordina</strong></span> <span class='ocrx_word' id='word_1_146' title='bbox 1206 2118 1456 2187; x_wconf 89' lang='lat' dir='ltr'><strong>teipsum.</strong></span> <span class='ocrx_word' id='word_1_147' title='bbox 1513 2117 1769 2185; x_wconf 84' lang='lat' dir='ltr'><strong>Princeps</strong></span> 
     </span>
    </p>
   </div>
   <div class='ocr_carea' id='block_1_20' title="bbox 179 2207 1770 2280">
    <p class='ocr_par' dir='ltr' id='par_1_20' title="bbox 179 2207 1770 2280">
     <span class='ocr_line' id='line_1_20' title="bbox 179 2207 1770 2280; baseline -0.002 -18"><span class='ocrx_word' id='word_1_148' title='bbox 179 2210 320 2262; x_wconf 90' lang='lat' dir='ltr'><strong>cnim</strong></span> <span class='ocrx_word' id='word_1_149' title='bbox 353 2222 458 2274; x_wconf 78' lang='lat' dir='ltr'><strong>est,</strong></span> <span class='ocrx_word' id='word_1_150' title='bbox 491 2224 596 2264; x_wconf 91' lang='lat' dir='ltr'><strong>non</strong></span> <span class='ocrx_word' id='word_1_151' title='bbox 623 2209 713 2280; x_wconf 88' lang='lat' dir='ltr'><strong>qui</strong></span> <span class='ocrx_word' id='word_1_152' title='bbox 744 2219 982 2274; x_wconf 89' lang='lat' dir='ltr'><strong>vocatur,</strong></span> <span class='ocrx_word' id='word_1_153' title='bbox 1013 2209 1106 2263; x_wconf 90' lang='lat' dir='ltr'><strong>sed</strong></span> <span class='ocrx_word' id='word_1_154' title='bbox 1157 2210 1246 2278; x_wconf 92' lang='lat' dir='ltr'><strong>qui</strong></span> <span class='ocrx_word' id='word_1_155' title='bbox 1296 2224 1422 2262; x_wconf 87' lang='lat' dir='ltr'><strong>vere</strong></span> <span class='ocrx_word' id='word_1_156' title='bbox 1468 2218 1570 2263; x_wconf 89' lang='lat' dir='ltr'><strong>est.</strong></span> <span class='ocrx_word' id='word_1_157' title='bbox 1623 2207 1770 2261; x_wconf 87' lang='lat' dir='ltr'><strong>Sicut</strong></span> 
     </span>
    </p>
   </div>
   <div class='ocr_carea' id='block_1_21' title="bbox 180 2296 1770 2368">
    <p class='ocr_par' dir='ltr' id='par_1_21' title="bbox 180 2296 1770 2368">
     <span class='ocr_line' id='line_1_21' title="bbox 180 2296 1770 2368; baseline -0.001 -16"><span class='ocrx_word' id='word_1_158' title='bbox 180 2315 210 2352; x_wconf 89' lang='lat' dir='ltr'><strong>e</strong></span> <span class='ocrx_word' id='word_1_159' title='bbox 234 2299 319 2350; x_wconf 64' lang='lat' dir='ltr'><strong>nim</strong></span> <span class='ocrx_word' id='word_1_160' title='bbox 358 2315 451 2353; x_wconf 84' lang='lat' dir='ltr'><strong>rex</strong></span> <span class='ocrx_word' id='word_1_161' title='bbox 487 2314 657 2368; x_wconf 82' lang='lat' dir='ltr'><strong>neque</strong></span> <span class='ocrx_word' id='word_1_162' title='bbox 690 2299 951 2353; x_wconf 87' lang='lat' dir='ltr'><strong>medicum</strong></span> <span class='ocrx_word' id='word_1_163' title='bbox 977 2313 1148 2367; x_wconf 91' lang='lat' dir='ltr'><strong>neque</strong></span> <span class='ocrx_word' id='word_1_164' title='bbox 1173 2298 1443 2352; x_wconf 90' lang='lat' dir='ltr'><strong>rhetorem</strong></span> <span class='ocrx_word' id='word_1_165' title='bbox 1479 2296 1659 2361; x_wconf 80' lang='lat' dir='ltr'><strong>faciet,</strong></span> <span class='ocrx_word' id='word_1_166' title='bbox 1693 2296 1770 2351; x_wconf 89' lang='lat' dir='ltr'><strong>sic</strong></span> 
     </span>
    </p>
   </div>
   <div class='ocr_carea' id='block_1_22' title="bbox 184 2389 1770 2458">
    <p class='ocr_par' dir='ltr' id='par_1_22' title="bbox 184 2389 1770 2458">
     <span class='ocr_line' id='line_1_22' title="bbox 184 2389 1770 2458; baseline 0 -16"><span class='ocrx_word' id='word_1_167' title='bbox 184 2406 354 2457; x_wconf 83' lang='lat' dir='ltr'><strong>neque</strong></span> <span class='ocrx_word' id='word_1_168' title='bbox 383 2390 678 2458; x_wconf 86' lang='lat' dir='ltr'><strong>principem</strong></span> <span class='ocrx_word' id='word_1_169' title='bbox 706 2405 720 2454; x_wconf 88' lang='lat'><strong>;</strong></span> <span class='ocrx_word' id='word_1_170' title='bbox 754 2405 926 2457; x_wconf 89' lang='lat' dir='ltr'><strong>neque</strong></span> <span class='ocrx_word' id='word_1_171' title='bbox 949 2390 1090 2443; x_wconf 90' lang='lat' dir='ltr'><strong>enim</strong></span> <span class='ocrx_word' id='word_1_172' title='bbox 1116 2389 1198 2443; x_wconf 86' lang='lat' dir='ltr'><strong>vel</strong></span> <span class='ocrx_word' id='word_1_173' title='bbox 1237 2390 1405 2443; x_wconf 60' lang='lat' dir='ltr'><strong>litera:</strong></span> <span class='ocrx_word' id='word_1_174' title='bbox 1445 2389 1526 2443; x_wconf 89' lang='lat' dir='ltr'><strong>vel</strong></span> <span class='ocrx_word' id='word_1_175' title='bbox 1577 2403 1770 2442; x_wconf 85' lang='lat' dir='ltr'><strong>nomen</strong></span> 
     </span>
    </p>
   </div>
   <div class='ocr_carea' id='block_1_23' title="bbox 186 2481 1772 2551">
    <p class='ocr_par' dir='ltr' id='par_1_23' title="bbox 186 2481 1772 2551">
     <span class='ocr_line' id='line_1_23' title="bbox 186 2481 1772 2551; baseline 0 -17"><span class='ocrx_word' id='word_1_176' title='bbox 186 2482 480 2549; x_wconf 73' lang='lat' dir='ltr'><strong>principem</strong></span> <span class='ocrx_word' id='word_1_177' title='bbox 515 2481 733 2535; x_wconf 77' lang='lat' dir='ltr'><strong>faciunt.</strong></span> <span class='ocrx_word' id='word_1_178' title='bbox 765 2481 916 2542; x_wconf 82' lang='lat' dir='ltr'><strong>Nam,</strong></span> <span class='ocrx_word' id='word_1_179' title='bbox 950 2482 992 2535; x_wconf 87' lang='lat' dir='ltr'><strong>si</strong></span> <span class='ocrx_word' id='word_1_180' title='bbox 1026 2481 1124 2544; x_wconf 91' lang='lat' dir='ltr'><strong>vis,</strong></span> <span class='ocrx_word' id='word_1_181' title='bbox 1153 2489 1393 2536; x_wconf 79' lang='lat' dir='ltr'><strong>exstruat</strong></span> <span class='ocrx_word' id='word_1_182' title='bbox 1434 2482 1551 2551; x_wconf 89' lang='lat' dir='ltr'><strong>quis</strong></span> <span class='ocrx_word' id='word_1_183' title='bbox 1598 2481 1772 2535; x_wconf 90' lang='lat' dir='ltr'><strong>medi-</strong></span> 
     </span>
    </p>
   </div>
   <div class='ocr_carea' id='block_1_24' title="bbox 184 2572 1770 2642">
    <p class='ocr_par' dir='ltr' id='par_1_24' title="bbox 184 2572 1770 2642">
     <span class='ocr_line' id='line_1_24' title="bbox 184 2572 1770 2642; baseline 0.001 -18"><span class='ocrx_word' id='word_1_184' title='bbox 184 2574 315 2624; x_wconf 65' lang='lat' dir='ltr'><strong>rium</strong></span> <span class='ocrx_word' id='word_1_185' title='bbox 354 2572 626 2626; x_wconf 82' lang='lat' dir='ltr'><strong>officinam</strong></span> <span class='ocrx_word' id='word_1_186' title='bbox 648 2613 660 2634; x_wconf 94' lang='lat'><strong>,</strong></span> <span class='ocrx_word' id='word_1_187' title='bbox 696 2573 888 2627; x_wconf 89' lang='lat' dir='ltr'><strong>habeat</strong></span> <span class='ocrx_word' id='word_1_188' title='bbox 916 2573 1077 2629; x_wconf 90' lang='lat' dir='ltr'><strong>etiam</strong></span> <span class='ocrx_word' id='word_1_189' title='bbox 1110 2573 1421 2642; x_wconf 78' lang='lat' dir='ltr'><strong>discipulos,</strong></span> <span class='ocrx_word' id='word_1_190' title='bbox 1454 2573 1648 2628; x_wconf 85' lang='lat' dir='ltr'><strong>habeat</strong></span> <span class='ocrx_word' id='word_1_191' title='bbox 1690 2573 1770 2626; x_wconf 82' lang='lat' dir='ltr'><strong>in-</strong></span> 
     </span>
    </p>
   </div>
   <div class='ocr_carea' id='block_1_25' title="bbox 183 2667 1772 2736">
    <p class='ocr_par' dir='ltr' id='par_1_25' title="bbox 183 2667 1772 2736">
     <span class='ocr_line' id='line_1_25' title="bbox 183 2667 1772 2736; baseline 0.001 -18"><span class='ocrx_word' id='word_1_192' title='bbox 183 2680 207 2718; x_wconf 88' lang='grc' dir='ltr'><strong>ε</strong></span> <span class='ocrx_word' id='word_1_193' title='bbox 235 2676 479 2719; x_wconf 83' lang='lat' dir='ltr'><strong>nimenta</strong></span> <span class='ocrx_word' id='word_1_194' title='bbox 509 2677 562 2720; x_wconf 94' lang='lat' dir='ltr'><strong>et</strong></span> <span class='ocrx_word' id='word_1_195' title='bbox 591 2667 872 2735; x_wconf 88' lang='lat' dir='ltr'><strong>pharmaca</strong></span> <span class='ocrx_word' id='word_1_196' title='bbox 892 2707 906 2731; x_wconf 95' lang='lat'><strong>,</strong></span> <span class='ocrx_word' id='word_1_197' title='bbox 939 2676 992 2721; x_wconf 94' lang='lat' dir='ltr'><strong>et</strong></span> <span class='ocrx_word' id='word_1_198' title='bbox 1027 2667 1219 2721; x_wconf 82' lang='lat' dir='ltr'><strong>invisat</strong></span> <span class='ocrx_word' id='word_1_199' title='bbox 1249 2677 1480 2736; x_wconf 61' lang='lat' dir='ltr'><strong>aegrotos</strong></span> <span class='ocrx_word' id='word_1_200' title='bbox 1513 2685 1523 2720; x_wconf 92' lang='lat'><strong>:</strong></span> <span class='ocrx_word' id='word_1_201' title='bbox 1554 2683 1621 2720; x_wconf 89' lang='lat' dir='ltr'><strong>an</strong></span> <span class='ocrx_word' id='word_1_202' title='bbox 1659 2667 1772 2720; x_wconf 70' lang='lat' dir='ltr'><strong>hmc</strong></span> 
     </span>
    </p>
   </div>
   <div class='ocr_carea' id='block_1_26' title="bbox 187 2755 1773 2826">
    <p class='ocr_par' dir='ltr' id='par_1_26' title="bbox 187 2755 1773 2826">
     <span class='ocr_line' id='line_1_26' title="bbox 187 2755 1773 2826; baseline 0.003 -20"><span class='ocrx_word' id='word_1_203' title='bbox 187 2766 408 2822; x_wconf 68' lang='lat' dir='ltr'><strong>possunt</strong></span> <span class='ocrx_word' id='word_1_204' title='bbox 445 2755 662 2811; x_wconf 79' lang='lat' dir='ltr'><strong>efficere</strong></span> <span class='ocrx_word' id='word_1_205' title='bbox 709 2758 1016 2812; x_wconf 87' lang='lat' dir='ltr'><strong>medicum?</strong></span> <span class='ocrx_word' id='word_1_206' title='bbox 1059 2757 1305 2823; x_wconf 77' lang='lat' dir='ltr'><strong>Minime;</strong></span> <span class='ocrx_word' id='word_1_207' title='bbox 1350 2758 1445 2813; x_wconf 89' lang='lat' dir='ltr'><strong>sed</strong></span> <span class='ocrx_word' id='word_1_208' title='bbox 1489 2766 1604 2812; x_wconf 90' lang='lat' dir='ltr'><strong>arte</strong></span> <span class='ocrx_word' id='word_1_209' title='bbox 1639 2772 1773 2826; x_wconf 90' lang='lat' dir='ltr'><strong>opus</strong></span> 
     </span>
    </p>
   </div>
   <div class='ocr_carea' id='block_1_27' title="bbox 186 2847 1773 2917">
    <p class='ocr_par' dir='ltr' id='par_1_27' title="bbox 186 2847 1773 2917">
     <span class='ocr_line' id='line_1_27' title="bbox 186 2847 1773 2917; baseline 0.003 -19"><span class='ocrx_word' id='word_1_210' title='bbox 186 2855 304 2912; x_wconf 85' lang='lat' dir='ltr'><strong>cst,</strong></span> <span class='ocrx_word' id='word_1_211' title='bbox 336 2857 394 2901; x_wconf 91' lang='lat' dir='ltr'><strong>et</strong></span> <span class='ocrx_word' id='word_1_212' title='bbox 419 2848 536 2902; x_wconf 88' lang='lat' dir='ltr'><strong>sine</strong></span> <span class='ocrx_word' id='word_1_213' title='bbox 564 2847 784 2904; x_wconf 80' lang='lat' dir='ltr'><strong>illa-non</strong></span> <span class='ocrx_word' id='word_1_214' title='bbox 825 2848 985 2904; x_wconf 87' lang='lat' dir='ltr'><strong>modo</strong></span> <span class='ocrx_word' id='word_1_215' title='bbox 1015 2849 1146 2903; x_wconf 90' lang='lat' dir='ltr'><strong>nihil</strong></span> <span class='ocrx_word' id='word_1_216' title='bbox 1198 2849 1314 2903; x_wconf 77' lang='lat' dir='ltr'><strong>inec</strong></span> <span class='ocrx_word' id='word_1_217' title='bbox 1365 2859 1585 2917; x_wconf 84' lang='lat' dir='ltr'><strong>prosunt</strong></span> <span class='ocrx_word' id='word_1_218' title='bbox 1615 2890 1629 2914; x_wconf 91' lang='lat'><strong>,</strong></span> <span class='ocrx_word' id='word_1_219' title='bbox 1680 2849 1773 2903; x_wconf 91' lang='lat' dir='ltr'><strong>sed</strong></span> 
     </span>
    </p>
   </div>
   <div class='ocr_carea' id='block_1_28' title="bbox 187 2939 1774 3009">
    <p class='ocr_par' dir='ltr' id='par_1_28' title="bbox 187 2939 1774 3009">
     <span class='ocr_line' id='line_1_28' title="bbox 187 2939 1774 3009; baseline 0.003 -21"><span class='ocrx_word' id='word_1_220' title='bbox 187 2939 344 2990; x_wconf 89' lang='lat' dir='ltr'><strong>etiam</strong></span> <span class='ocrx_word' id='word_1_221' title='bbox 372 2946 571 2992; x_wconf 87' lang='lat' dir='ltr'><strong>ocent</strong></span> <span class='ocrx_word' id='word_1_222' title='bbox 603 2955 618 2992; x_wconf 93' lang='lat'><strong>:</strong></span> <span class='ocrx_word' id='word_1_223' title='bbox 650 2953 770 2994; x_wconf 87' lang='lat' dir='ltr'><strong>eum</strong></span> <span class='ocrx_word' id='word_1_224' title='bbox 803 2942 966 3004; x_wconf 90' lang='lat' dir='ltr'><strong>enim,</strong></span> <span class='ocrx_word' id='word_1_225' title='bbox 1001 2940 1088 3009; x_wconf 90' lang='lat' dir='ltr'><strong>qui</strong></span> <span class='ocrx_word' id='word_1_226' title='bbox 1119 2939 1358 2994; x_wconf 90' lang='lat' dir='ltr'><strong>medicus</strong></span> <span class='ocrx_word' id='word_1_227' title='bbox 1391 2954 1494 2993; x_wconf 92' lang='lat' dir='ltr'><strong>non</strong></span> <span class='ocrx_word' id='word_1_228' title='bbox 1524 2948 1627 3006; x_wconf 64' lang='lat' dir='ltr'><strong>Cal,</strong></span> <span class='ocrx_word' id='word_1_229' title='bbox 1659 2954 1774 2993; x_wconf 82' lang='lat' dir='ltr'><strong>nte-</strong></span> 
     </span>
    </p>
   </div>
   <div class='ocr_carea' id='block_1_29' title="bbox 191 3030 1776 3102">
    <p class='ocr_par' dir='ltr' id='par_1_29' title="bbox 191 3030 1776 3102">
     <span class='ocr_line' id='line_1_29' title="bbox 191 3030 1776 3102; baseline 0.005 -23"><span class='ocrx_word' id='word_1_230' title='bbox 191 3030 287 3082; x_wconf 84' lang='lat' dir='ltr'><strong>lius</strong></span> <span class='ocrx_word' id='word_1_231' title='bbox 309 3039 393 3083; x_wconf 86' lang='lat' dir='ltr'><strong>est</strong></span> <span class='ocrx_word' id='word_1_232' title='bbox 424 3031 712 3098; x_wconf 89' lang='lat' dir='ltr'><strong>pharmaca</strong></span> <span class='ocrx_word' id='word_1_233' title='bbox 741 3046 845 3086; x_wconf 92' lang='lat' dir='ltr'><strong>non</strong></span> <span class='ocrx_word' id='word_1_234' title='bbox 874 3033 1096 3088; x_wconf 88' lang='lat' dir='ltr'><strong>habere.</strong></span> <span class='ocrx_word' id='word_1_235' title='bbox 1125 3033 1222 3101; x_wconf 87' lang='lat' dir='ltr'><strong>Qui</strong></span> <span class='ocrx_word' id='word_1_236' title='bbox 1257 3048 1362 3087; x_wconf 91' lang='lat' dir='ltr'><strong>non</strong></span> <span class='ocrx_word' id='word_1_237' title='bbox 1392 3032 1573 3099; x_wconf 82' lang='lat' dir='ltr'><strong>habet,</strong></span> <span class='ocrx_word' id='word_1_238' title='bbox 1603 3048 1776 3102; x_wconf 91' lang='lat' dir='ltr'><strong>neque</strong></span> 
     </span>
    </p>
   </div>
   <div class='ocr_carea' id='block_1_30' title="bbox 186 3122 1772 3193">
    <p class='ocr_par' dir='ltr' id='par_1_30' title="bbox 186 3122 1772 3193">
     <span class='ocr_line' id='line_1_30' title="bbox 186 3122 1772 3193; baseline 0.003 -20"><span class='ocrx_word' id='word_1_239' title='bbox 186 3131 369 3174; x_wconf 69' lang='lat' dir='ltr'><strong>Servat</strong></span> <span class='ocrx_word' id='word_1_240' title='bbox 408 3137 578 3189; x_wconf 91' lang='lat' dir='ltr'><strong>neque</strong></span> <span class='ocrx_word' id='word_1_241' title='bbox 607 3122 778 3192; x_wconf 90' lang='lat' dir='ltr'><strong>perdit</strong></span> <span class='ocrx_word' id='word_1_242' title='bbox 806 3141 821 3189; x_wconf 90' lang='lat'><strong>;</strong></span> <span class='ocrx_word' id='word_1_243' title='bbox 855 3125 944 3193; x_wconf 89' lang='lat' dir='ltr'><strong>qni</strong></span> <span class='ocrx_word' id='word_1_244' title='bbox 977 3135 1153 3178; x_wconf 87' lang='lat' dir='ltr'><strong>autem</strong></span> <span class='ocrx_word' id='word_1_245' title='bbox 1184 3125 1381 3188; x_wconf 88' lang='lat' dir='ltr'><strong>habet,</strong></span> <span class='ocrx_word' id='word_1_246' title='bbox 1432 3125 1772 3193; x_wconf 89' lang='lat' dir='ltr'><strong>pessumdat,</strong></span> 
     </span>
    </p>
   </div>
   <div class='ocr_carea' id='block_1_31' title="bbox 188 3211 1776 3284">
    <p class='ocr_par' dir='ltr' id='par_1_31' title="bbox 188 3211 1776 3284">
     <span class='ocr_line' id='line_1_31' title="bbox 188 3211 1776 3284; baseline 0.006 -23"><span class='ocrx_word' id='word_1_247' title='bbox 188 3211 435 3264; x_wconf 87' lang='lat' dir='ltr'><strong>nesciens</strong></span> <span class='ocrx_word' id='word_1_248' title='bbox 470 3211 572 3265; x_wconf 87' lang='lat' dir='ltr'><strong>illis</strong></span> <span class='ocrx_word' id='word_1_249' title='bbox 634 3214 758 3266; x_wconf 91' lang='lat' dir='ltr'><strong>uti:</strong></span> <span class='ocrx_word' id='word_1_250' title='bbox 807 3215 1068 3283; x_wconf 91' lang='lat' dir='ltr'><strong>siquidem</strong></span> <span class='ocrx_word' id='word_1_251' title='bbox 1113 3231 1216 3269; x_wconf 90' lang='lat' dir='ltr'><strong>non</strong></span> <span class='ocrx_word' id='word_1_252' title='bbox 1265 3217 1315 3269; x_wconf 92' lang='lat' dir='ltr'><strong>in</strong></span> <span class='ocrx_word' id='word_1_253' title='bbox 1368 3217 1776 3284; x_wconf 72' lang='lat' dir='ltr'><strong>pharmacorum</strong></span> 
     </span>
    </p>
   </div>
   <div class='ocr_carea' id='block_1_32' title="bbox 186 3303 1772 3372">
    <p class='ocr_par' dir='ltr' id='par_1_32' title="bbox 186 3303 1772 3372">
     <span class='ocr_line' id='line_1_32' title="bbox 186 3303 1772 3372; baseline 0.006 -22"><span class='ocrx_word' id='word_1_254' title='bbox 186 3311 376 3352; x_wconf 83' lang='lat' dir='ltr'><strong>natura</strong></span> <span class='ocrx_word' id='word_1_255' title='bbox 410 3310 611 3354; x_wconf 89' lang='lat' dir='ltr'><strong>tantum</strong></span> <span class='ocrx_word' id='word_1_256' title='bbox 638 3303 779 3358; x_wconf 86' lang='lat' dir='ltr'><strong>salus</strong></span> <span class='ocrx_word' id='word_1_257' title='bbox 802 3315 884 3358; x_wconf 93' lang='lat' dir='ltr'><strong>est</strong></span> <span class='ocrx_word' id='word_1_258' title='bbox 911 3345 927 3372; x_wconf 91' lang='lat'><strong>,</strong></span> <span class='ocrx_word' id='word_1_259' title='bbox 958 3304 1050 3359; x_wconf 87' lang='lat' dir='ltr'><strong>sed</strong></span> <span class='ocrx_word' id='word_1_260' title='bbox 1077 3305 1238 3360; x_wconf 89' lang='lat' dir='ltr'><strong>etiam</strong></span> <span class='ocrx_word' id='word_1_261' title='bbox 1268 3305 1320 3358; x_wconf 92' lang='lat' dir='ltr'><strong>in</strong></span> <span class='ocrx_word' id='word_1_262' title='bbox 1367 3316 1481 3360; x_wconf 89' lang='lat' dir='ltr'><strong>arte</strong></span> <span class='ocrx_word' id='word_1_263' title='bbox 1527 3307 1725 3359; x_wconf 88' lang='lat' dir='ltr'><strong>utentis</strong></span> <span class='ocrx_word' id='word_1_264' title='bbox 1761 3323 1772 3359; x_wconf 92' lang='lat'>:</span> 
     </span>
    </p>
   </div>
   <div class='ocr_carea' id='block_1_33' title="bbox 182 3393 1778 3465">
    <p class='ocr_par' dir='ltr' id='par_1_33' title="bbox 182 3393 1778 3465">
     <span class='ocr_line' id='line_1_33' title="bbox 182 3393 1778 3465; baseline 0.005 -23"><span class='ocrx_word' id='word_1_265' title='bbox 182 3406 304 3458; x_wconf 71' lang='lat' dir='ltr'><strong>qua:</strong></span> <span class='ocrx_word' id='word_1_266' title='bbox 331 3393 374 3443; x_wconf 91' lang='lat' dir='ltr'><strong>si</strong></span> <span class='ocrx_word' id='word_1_267' title='bbox 407 3407 510 3444; x_wconf 88' lang='lat' dir='ltr'><strong>non</strong></span> <span class='ocrx_word' id='word_1_268' title='bbox 543 3393 716 3459; x_wconf 88' lang='lat' dir='ltr'><strong>adsit,</strong></span> <span class='ocrx_word' id='word_1_269' title='bbox 746 3396 925 3448; x_wconf 88' lang='lat' dir='ltr'><strong>omnia</strong></span> <span class='ocrx_word' id='word_1_270' title='bbox 959 3405 1204 3465; x_wconf 89' lang='lat' dir='ltr'><strong>pereunt.</strong></span> <span class='ocrx_word' id='word_1_271' title='bbox 1237 3396 1382 3450; x_wconf 88' lang='lat' dir='ltr'><strong>Talis</strong></span> <span class='ocrx_word' id='word_1_272' title='bbox 1432 3406 1486 3449; x_wconf 91' lang='lat' dir='ltr'><strong>et</strong></span> <span class='ocrx_word' id='word_1_273' title='bbox 1529 3397 1778 3465; x_wconf 81' lang='lat' dir='ltr'><strong>princeps</strong></span> 
     </span>
    </p>
   </div>
   <div class='ocr_carea' id='block_1_34' title="bbox 181 3480 1776 3551">
    <p class='ocr_par' dir='ltr' id='par_1_34' title="bbox 181 3480 1776 3551">
     <span class='ocr_line' id='line_1_34' title="bbox 181 3480 1776 3551; baseline 0.003 -17"><span class='ocrx_word' id='word_1_274' title='bbox 181 3492 269 3534; x_wconf 73' lang='lat' dir='ltr'><strong>est</strong></span> <span class='ocrx_word' id='word_1_275' title='bbox 300 3499 313 3534; x_wconf 92' lang='lat'><strong><em>:</em></strong></span> <span class='ocrx_word' id='word_1_276' title='bbox 347 3480 507 3536; x_wconf 82' lang='lat' dir='ltr'><strong>habet</strong></span> <span class='ocrx_word' id='word_1_277' title='bbox 537 3483 914 3550; x_wconf 89' lang='lat' dir='ltr'><strong>instrumenta,</strong></span> <span class='ocrx_word' id='word_1_278' title='bbox 947 3500 1156 3551; x_wconf 88' lang='lat' dir='ltr'><strong>vocem,</strong></span> <span class='ocrx_word' id='word_1_279' title='bbox 1191 3487 1341 3550; x_wconf 88' lang='lat' dir='ltr'><strong>iram,</strong></span> <span class='ocrx_word' id='word_1_280' title='bbox 1377 3486 1609 3550; x_wconf 83' lang='lat' dir='ltr'><strong>lictores,</strong></span> <span class='ocrx_word' id='word_1_281' title='bbox 1632 3487 1776 3540; x_wconf 78' lang='lat' dir='ltr'><strong>exsi-</strong></span> 
     </span>
    </p>
   </div>
   <div class='ocr_carea' id='block_1_35' title="bbox 184 3572 1775 3647">
    <p class='ocr_par' dir='ltr' id='par_1_35' title="bbox 184 3572 1775 3647">
     <span class='ocr_line' id='line_1_35' title="bbox 184 3572 1775 3647; baseline 0.006 -25"><span class='ocrx_word' id='word_1_282' title='bbox 184 3572 288 3635; x_wconf 88' lang='lat' dir='ltr'><strong>lia,</strong></span> <span class='ocrx_word' id='word_1_283' title='bbox 341 3572 614 3642; x_wconf 88' lang='lat' dir='ltr'><strong>honores,</strong></span> <span class='ocrx_word' id='word_1_284' title='bbox 659 3575 836 3642; x_wconf 89' lang='lat' dir='ltr'><strong>dona,</strong></span> <span class='ocrx_word' id='word_1_285' title='bbox 886 3577 1105 3643; x_wconf 87' lang='lat' dir='ltr'><strong>laudes;</strong></span> <span class='ocrx_word' id='word_1_286' title='bbox 1150 3577 1311 3632; x_wconf 84' lang='lat' dir='ltr'><strong>habet</strong></span> <span class='ocrx_word' id='word_1_287' title='bbox 1348 3588 1402 3632; x_wconf 90' lang='lat' dir='ltr'><strong>et</strong></span> <span class='ocrx_word' id='word_1_288' title='bbox 1452 3578 1775 3647; x_wconf 79' lang='lat' dir='ltr'><strong>phermaca,</strong></span> 
     </span>
    </p>
   </div>
   <div class='ocr_carea' id='block_1_36' title="bbox 185 3663 1778 3737">
    <p class='ocr_par' dir='ltr' id='par_1_36' title="bbox 185 3663 1778 3737">
     <span class='ocr_line' id='line_1_36' title="bbox 185 3663 1778 3737; baseline 0.006 -23"><span class='ocrx_word' id='word_1_289' title='bbox 185 3663 361 3733; x_wconf 75' lang='lat' dir='ltr'><strong>leges;</strong></span> <span class='ocrx_word' id='word_1_290' title='bbox 400 3665 559 3720; x_wconf 84' lang='lat' dir='ltr'><strong>habet</strong></span> <span class='ocrx_word' id='word_1_291' title='bbox 589 3683 759 3737; x_wconf 80' lang='lat' dir='ltr'><strong>a-gros</strong></span> <span class='ocrx_word' id='word_1_292' title='bbox 780 3711 794 3733; x_wconf 95' lang='lat'><strong>,</strong></span> <span class='ocrx_word' id='word_1_293' title='bbox 829 3668 1108 3734; x_wconf 87' lang='lat' dir='ltr'><strong>homines;</strong></span> <span class='ocrx_word' id='word_1_294' title='bbox 1159 3670 1319 3724; x_wconf 85' lang='lat' dir='ltr'><strong>habet</strong></span> <span class='ocrx_word' id='word_1_295' title='bbox 1347 3671 1614 3725; x_wconf 85' lang='lat' dir='ltr'><strong>officinam</strong></span> <span class='ocrx_word' id='word_1_296' title='bbox 1637 3711 1650 3735; x_wconf 92' lang='lat'><strong>,</strong></span> <span class='ocrx_word' id='word_1_297' title='bbox 1681 3673 1778 3724; x_wconf 84' lang='lat' dir='ltr'><strong>tri-</strong></span> 
     </span>
    </p>
   </div>
   <div class='ocr_carea' id='block_1_37' title="bbox 183 3753 1779 3827">
    <p class='ocr_par' dir='ltr' id='par_1_37' title="bbox 183 3753 1779 3827">
     <span class='ocr_line' id='line_1_37' title="bbox 183 3753 1779 3827; baseline 0.006 -21"><span class='ocrx_word' id='word_1_298' title='bbox 183 3753 388 3820; x_wconf 89' lang='lat' dir='ltr'><strong>bunal;</strong></span> <span class='ocrx_word' id='word_1_299' title='bbox 426 3755 587 3810; x_wconf 84' lang='lat' dir='ltr'><strong>habet</strong></span> <span class='ocrx_word' id='word_1_300' title='bbox 614 3757 926 3827; x_wconf 87' lang='lat' dir='ltr'><strong>discipulos,</strong></span> <span class='ocrx_word' id='word_1_301' title='bbox 961 3759 1161 3814; x_wconf 87' lang='lat' dir='ltr'><strong>milites</strong></span> <span class='ocrx_word' id='word_1_302' title='bbox 1191 3778 1204 3814; x_wconf 91' lang='lat'><strong>:</strong></span> <span class='ocrx_word' id='word_1_303' title='bbox 1232 3770 1285 3812; x_wconf 92' lang='lat' dir='ltr'><strong>at</strong></span> <span class='ocrx_word' id='word_1_304' title='bbox 1307 3761 1350 3813; x_wconf 89' lang='lat' dir='ltr'><strong>si</strong></span> <span class='ocrx_word' id='word_1_305' title='bbox 1395 3776 1496 3814; x_wconf 92' lang='lat' dir='ltr'><strong>non</strong></span> <span class='ocrx_word' id='word_1_306' title='bbox 1520 3760 1657 3815; x_wconf 85' lang='lat' dir='ltr'><strong>adsit</strong></span> <span class='ocrx_word' id='word_1_307' title='bbox 1691 3775 1779 3816; x_wconf 87' lang='lat' dir='ltr'><strong>ars</strong></span> 
     </span>
    </p>
   </div>
   <div class='ocr_carea' id='block_1_38' title="bbox 188 3847 1778 3919">
    <p class='ocr_par' dir='ltr' id='par_1_38' title="bbox 188 3847 1778 3919">
     <span class='ocr_line' id='line_1_38' title="bbox 188 3847 1778 3919; baseline 0.005 -21"><span class='ocrx_word' id='word_1_308' title='bbox 188 3847 405 3900; x_wconf 89' lang='lat' dir='ltr'><strong>medica</strong></span> <span class='ocrx_word' id='word_1_309' title='bbox 427 3888 441 3910; x_wconf 89' lang='lat'><strong>,</strong></span> <span class='ocrx_word' id='word_1_310' title='bbox 471 3847 587 3902; x_wconf 64' lang='lat' dir='ltr'><strong>haec</strong></span> <span class='ocrx_word' id='word_1_311' title='bbox 611 3848 740 3902; x_wconf 90' lang='lat' dir='ltr'><strong>nihil</strong></span> <span class='ocrx_word' id='word_1_312' title='bbox 785 3850 863 3903; x_wconf 90' lang='lat' dir='ltr'><strong>illi</strong></span> <span class='ocrx_word' id='word_1_313' title='bbox 894 3851 1206 3919; x_wconf 88' lang='lat' dir='ltr'><strong>proderunt.</strong></span> <span class='ocrx_word' id='word_1_314' title='bbox 1236 3850 1408 3905; x_wconf 79' lang='lat' dir='ltr'><strong>Judex</strong></span> <span class='ocrx_word' id='word_1_315' title='bbox 1437 3852 1675 3906; x_wconf 90' lang='lat' dir='ltr'><strong>medicus</strong></span> <span class='ocrx_word' id='word_1_316' title='bbox 1697 3861 1778 3906; x_wconf 88' lang='lat' dir='ltr'><strong>est</strong></span> 
     </span>
    </p>
   </div>
   <div class='ocr_carea' id='block_1_39' title="bbox 180 3936 1777 4013">
    <p class='ocr_par' dir='ltr' id='par_1_39' title="bbox 180 3936 1777 4013">
     <span class='ocr_line' id='line_1_39' title="bbox 180 3936 1777 4013; baseline 0.005 -23"><span class='ocrx_word' id='word_1_317' title='bbox 180 3941 515 4004; x_wconf 84' lang='lat' dir='ltr'><strong>animarum,</strong></span> <span class='ocrx_word' id='word_1_318' title='bbox 546 3956 650 3995; x_wconf 89' lang='lat' dir='ltr'><strong>non</strong></span> <span class='ocrx_word' id='word_1_319' title='bbox 677 3936 963 4011; x_wconf 66' lang='lat' dir='ltr'><strong>corporum</strong></span> <span class='ocrx_word' id='word_1_320' title='bbox 999 3959 1011 3994; x_wconf 88' lang='lat'><strong>:</strong></span> <span class='ocrx_word' id='word_1_321' title='bbox 1041 3944 1086 3996; x_wconf 88' lang='lat' dir='ltr'><strong>si</strong></span> <span class='ocrx_word' id='word_1_322' title='bbox 1109 3955 1285 3998; x_wconf 88' lang='lat' dir='ltr'><strong>autem</strong></span> <span class='ocrx_word' id='word_1_323' title='bbox 1315 3958 1599 4013; x_wconf 85' lang='lat' dir='ltr'><strong>corporum</strong></span> <span class='ocrx_word' id='word_1_324' title='bbox 1628 3944 1777 3999; x_wconf 87' lang='lat' dir='ltr'><strong>vale-</strong></span> 
     </span>
    </p>
   </div>
   <div class='ocr_carea' id='block_1_40' title="bbox 181 4031 1774 4106">
    <p class='ocr_par' dir='ltr' id='par_1_40' title="bbox 181 4031 1774 4106">
     <span class='ocr_line' id='line_1_40' title="bbox 181 4031 1774 4106; baseline 0.005 -23"><span class='ocrx_word' id='word_1_325' title='bbox 181 4031 312 4085; x_wconf 87' lang='lat' dir='ltr'><strong>tudo</strong></span> <span class='ocrx_word' id='word_1_326' title='bbox 339 4040 488 4083; x_wconf 83' lang='lat' dir='ltr'><strong>tanta</strong></span> <span class='ocrx_word' id='word_1_327' title='bbox 513 4041 632 4099; x_wconf 76' lang='lat' dir='ltr'><strong>t-get</strong></span> <span class='ocrx_word' id='word_1_328' title='bbox 652 4046 814 4097; x_wconf 87' lang='lat' dir='ltr'><strong>cura,</strong></span> <span class='ocrx_word' id='word_1_329' title='bbox 860 4033 1028 4088; x_wconf 90' lang='lat' dir='ltr'><strong>multo</strong></span> <span class='ocrx_word' id='word_1_330' title='bbox 1065 4035 1232 4103; x_wconf 77' lang='lat' dir='ltr'><strong>magis</strong></span> <span class='ocrx_word' id='word_1_331' title='bbox 1272 4037 1603 4103; x_wconf 86' lang='lat' dir='ltr'><strong>animarum,</strong></span> <span class='ocrx_word' id='word_1_332' title='bbox 1653 4037 1774 4106; x_wconf 85' lang='lat' dir='ltr'><strong>quia</strong></span> 
     </span>
    </p>
   </div>
   <div class='ocr_carea' id='block_1_41' title="bbox 181 4120 1778 4197">
    <p class='ocr_par' dir='ltr' id='par_1_41' title="bbox 181 4120 1778 4197">
     <span class='ocr_line' id='line_1_41' title="bbox 181 4120 1778 4197; baseline 0.006 -27"><span class='ocrx_word' id='word_1_333' title='bbox 181 4120 359 4188; x_wconf 82' lang='lat' dir='ltr'><strong>major</strong></span> <span class='ocrx_word' id='word_1_334' title='bbox 400 4121 576 4173; x_wconf 89' lang='lat' dir='ltr'><strong>anima</strong></span> <span class='ocrx_word' id='word_1_335' title='bbox 608 4135 852 4190; x_wconf 86' lang='lat' dir='ltr'><strong>corpore.</strong></span> <span class='ocrx_word' id='word_1_336' title='bbox 883 4122 998 4175; x_wconf 85' lang='lat' dir='ltr'><strong>Non</strong></span> <span class='ocrx_word' id='word_1_337' title='bbox 1028 4139 1154 4193; x_wconf 84' lang='lat' dir='ltr'><strong>ergo</strong></span> <span class='ocrx_word' id='word_1_338' title='bbox 1178 4139 1371 4178; x_wconf 89' lang='lat' dir='ltr'><strong>nomen</strong></span> <span class='ocrx_word' id='word_1_339' title='bbox 1406 4126 1602 4181; x_wconf 86' lang='lat' dir='ltr'><strong>habere</strong></span> <span class='ocrx_word' id='word_1_340' title='bbox 1627 4127 1778 4197; x_wconf 87' lang='lat' dir='ltr'><strong>prin-</strong></span> 
     </span>
    </p>
   </div>
   <div class='ocr_carea' id='block_1_42' title="bbox 179 4211 1778 4288">
    <p class='ocr_par' dir='ltr' id='par_1_42' title="bbox 179 4211 1778 4288">
     <span class='ocr_line' id='line_1_42' title="bbox 179 4211 1778 4288; baseline 0.008 -25"><span class='ocrx_word' id='word_1_341' title='bbox 179 4211 338 4279; x_wconf 88' lang='lat' dir='ltr'><strong>cipis,</strong></span> <span class='ocrx_word' id='word_1_342' title='bbox 374 4221 458 4266; x_wconf 87' lang='lat' dir='ltr'><strong>est</strong></span> <span class='ocrx_word' id='word_1_343' title='bbox 491 4226 611 4267; x_wconf 86' lang='lat' dir='ltr'><strong>esse</strong></span> <span class='ocrx_word' id='word_1_344' title='bbox 657 4213 951 4284; x_wconf 87' lang='lat' dir='ltr'><strong>principem</strong></span> <span class='ocrx_word' id='word_1_345' title='bbox 989 4233 1002 4270; x_wconf 92' lang='lat'>:</span> <span class='ocrx_word' id='word_1_346' title='bbox 1035 4217 1467 4288; x_wconf 86' lang='lat' dir='ltr'><strong>quandoquidem</strong></span> <span class='ocrx_word' id='word_1_347' title='bbox 1521 4229 1778 4275; x_wconf 86' lang='lat' dir='ltr'><strong>vocantur</strong></span> 
     </span>
    </p>
   </div>
   <div class='ocr_carea' id='block_1_43' title="bbox 180 4301 1774 4378">
    <p class='ocr_par' dir='ltr' id='par_1_43' title="bbox 180 4301 1774 4378">
     <span class='ocr_line' id='line_1_43' title="bbox 180 4301 1774 4378; baseline 0.009 -26"><span class='ocrx_word' id='word_1_348' title='bbox 180 4310 232 4353; x_wconf 84' lang='lat' dir='ltr'><strong>ct</strong></span> <span class='ocrx_word' id='word_1_349' title='bbox 258 4301 351 4355; x_wconf 84' lang='lat' dir='ltr'><strong>alii</strong></span> <span class='ocrx_word' id='word_1_350' title='bbox 389 4303 597 4371; x_wconf 79' lang='lat' dir='ltr'><strong>magnis</strong></span> <span class='ocrx_word' id='word_1_351' title='bbox 625 4303 956 4371; x_wconf 82' lang='lat' dir='ltr'><strong>numinibus,</strong></span> <span class='ocrx_word' id='word_1_352' title='bbox 990 4307 1137 4361; x_wconf 81' lang='lat' dir='ltr'><strong>verbi</strong></span> <span class='ocrx_word' id='word_1_353' title='bbox 1178 4310 1346 4378; x_wconf 80' lang='lat' dir='ltr'><strong>gratia</strong></span> <span class='ocrx_word' id='word_1_354' title='bbox 1389 4309 1620 4376; x_wconf 86' lang='lat' dir='ltr'><strong>Paulus,</strong></span> <span class='ocrx_word' id='word_1_355' title='bbox 1671 4311 1774 4366; x_wconf 87' lang='lat' dir='ltr'><strong>Pe-</strong></span> 
     </span>
    </p>
   </div>
   <div class='ocr_carea' id='block_1_44' title="bbox 179 4390 1777 4462">
    <p class='ocr_par' dir='ltr' id='par_1_44' title="bbox 179 4390 1777 4462">
     <span class='ocr_line' id='line_1_44' title="bbox 179 4390 1777 4462; baseline 0.009 -19"><span class='ocrx_word' id='word_1_356' title='bbox 179 4399 318 4456; x_wconf 89' lang='lat' dir='ltr'><strong>trus,</strong></span> <span class='ocrx_word' id='word_1_357' title='bbox 346 4390 606 4462; x_wconf 65' lang='lat' dir='ltr'><strong>Iacobus,</strong></span> <span class='ocrx_word' id='word_1_358' title='bbox 633 4394 899 4461; x_wconf 85' lang='lat' dir='ltr'><strong>Joannes;</strong></span> <span class='ocrx_word' id='word_1_359' title='bbox 933 4396 1029 4452; x_wconf 91' lang='lat' dir='ltr'><strong>sed</strong></span> <span class='ocrx_word' id='word_1_360' title='bbox 1058 4414 1162 4452; x_wconf 92' lang='lat' dir='ltr'><strong>non</strong></span> <span class='ocrx_word' id='word_1_361' title='bbox 1184 4414 1247 4453; x_wconf 81' lang='lat' dir='ltr'><strong>ex</strong></span> <span class='ocrx_word' id='word_1_362' title='bbox 1269 4400 1574 4455; x_wconf 90' lang='lat' dir='ltr'><strong>nominibus</strong></span> <span class='ocrx_word' id='word_1_363' title='bbox 1600 4403 1632 4455; x_wconf 92' lang='lat' dir='ltr'><strong>ii</strong></span> <span class='ocrx_word' id='word_1_364' title='bbox 1653 4413 1777 4457; x_wconf 90' lang='lat' dir='ltr'><strong>sunt</strong></span> 
     </span>
    </p>
   </div>
   <div class='ocr_carea' id='block_1_45' title="bbox 179 4483 1778 4559">
    <p class='ocr_par' dir='ltr' id='par_1_45' title="bbox 179 4483 1778 4559">
     <span class='ocr_line' id='line_1_45' title="bbox 179 4483 1778 4559; baseline 0.011 -28"><span class='ocrx_word' id='word_1_365' title='bbox 179 4483 269 4549; x_wconf 84' lang='lat' dir='ltr'><strong>qni</strong></span> <span class='ocrx_word' id='word_1_366' title='bbox 304 4493 572 4538; x_wconf 87' lang='lat' dir='ltr'><strong>vocantur</strong></span> <span class='ocrx_word' id='word_1_367' title='bbox 607 4503 621 4538; x_wconf 91' lang='lat'><strong>:</strong></span> <span class='ocrx_word' id='word_1_368' title='bbox 655 4494 712 4539; x_wconf 91' lang='lat' dir='ltr'><strong>ttt</strong></span> <span class='ocrx_word' id='word_1_369' title='bbox 741 4497 795 4540; x_wconf 92' lang='lat' dir='ltr'><strong>et</strong></span> <span class='ocrx_word' id='word_1_370' title='bbox 824 4502 922 4556; x_wconf 79' lang='lat' dir='ltr'><strong>ego</strong></span> <span class='ocrx_word' id='word_1_371' title='bbox 953 4505 1069 4543; x_wconf 89' lang='lat' dir='ltr'><strong>sum</strong></span> <span class='ocrx_word' id='word_1_372' title='bbox 1094 4490 1308 4559; x_wconf 88' lang='lat' dir='ltr'><strong>quidem</strong></span> <span class='ocrx_word' id='word_1_373' title='bbox 1337 4490 1476 4545; x_wconf 83' lang='lat' dir='ltr'><strong>beati</strong></span> <span class='ocrx_word' id='word_1_374' title='bbox 1501 4493 1641 4547; x_wconf 90' lang='lat' dir='ltr'><strong>illius</strong></span> <span class='ocrx_word' id='word_1_375' title='bbox 1681 4494 1778 4548; x_wconf 92' lang='lat' dir='ltr'><strong>ho-</strong></span> 
     </span>
    </p>
   </div>
   <div class='ocr_carea' id='block_1_46' title="bbox 181 4574 1773 4654">
    <p class='ocr_par' dir='ltr' id='par_1_46' title="bbox 181 4574 1773 4654">
     <span class='ocr_line' id='line_1_46' title="bbox 181 4574 1773 4654; baseline 0.009 -31"><span class='ocrx_word' id='word_1_376' title='bbox 181 4588 478 4644; x_wconf 72' lang='lat' dir='ltr'><strong>monymus</strong></span> <span class='ocrx_word' id='word_1_377' title='bbox 505 4574 617 4630; x_wconf 86' lang='lat' dir='ltr'><strong>sive</strong></span> <span class='ocrx_word' id='word_1_378' title='bbox 647 4577 979 4645; x_wconf 81' lang='lat' dir='ltr'><strong>cognuminis</strong></span> <span class='ocrx_word' id='word_1_379' title='bbox 998 4620 1013 4645; x_wconf 89' lang='lat'><strong>,</strong></span> <span class='ocrx_word' id='word_1_380' title='bbox 1046 4594 1151 4633; x_wconf 91' lang='lat' dir='ltr'><strong>non</strong></span> <span class='ocrx_word' id='word_1_381' title='bbox 1181 4593 1369 4635; x_wconf 90' lang='lat' dir='ltr'><strong>autem.</strong></span> <span class='ocrx_word' id='word_1_382' title='bbox 1401 4598 1729 4654; x_wconf 84' lang='lat' dir='ltr'><strong>synonymns</strong></span> <span class='ocrx_word' id='word_1_383' title='bbox 1761 4602 1773 4638; x_wconf 92' lang='lat'>:</span> 
     </span>
    </p>
   </div>
   <div class='ocr_carea' id='block_1_47' title="bbox 178 4663 1778 4744">
    <p class='ocr_par' dir='ltr' id='par_1_47' title="bbox 178 4663 1778 4744">
     <span class='ocr_line' id='line_1_47' title="bbox 178 4663 1778 4744; baseline 0.01 -31"><span class='ocrx_word' id='word_1_384' title='bbox 178 4679 284 4718; x_wconf 79' lang='lat' dir='ltr'><strong>non</strong></span> <span class='ocrx_word' id='word_1_385' title='bbox 316 4679 443 4719; x_wconf 90' lang='lat' dir='ltr'><strong>sum</strong></span> <span class='ocrx_word' id='word_1_386' title='bbox 469 4665 725 4732; x_wconf 88' lang='lat' dir='ltr'><strong>Joannes,</strong></span> <span class='ocrx_word' id='word_1_387' title='bbox 756 4663 848 4722; x_wconf 87' lang='lat' dir='ltr'><strong>sed</strong></span> <span class='ocrx_word' id='word_1_388' title='bbox 874 4683 1050 4724; x_wconf 89' lang='lat' dir='ltr'><strong>vocor.</strong></span> <span class='ocrx_word' id='word_1_389' title='bbox 1079 4671 1166 4726; x_wconf 88' lang='lat' dir='ltr'><strong>Sic</strong></span> <span class='ocrx_word' id='word_1_390' title='bbox 1193 4682 1244 4726; x_wconf 92' lang='lat' dir='ltr'><strong>et</strong></span> <span class='ocrx_word' id='word_1_391' title='bbox 1274 4673 1343 4725; x_wconf 91' lang='lat' dir='ltr'><strong>illi</strong></span> <span class='ocrx_word' id='word_1_392' title='bbox 1369 4689 1474 4727; x_wconf 91' lang='lat' dir='ltr'><strong>non</strong></span> <span class='ocrx_word' id='word_1_393' title='bbox 1494 4685 1616 4728; x_wconf 91' lang='lat' dir='ltr'><strong>sunt</strong></span> <span class='ocrx_word' id='word_1_394' title='bbox 1635 4677 1778 4744; x_wconf 86' lang='lat' dir='ltr'><strong>prin-</strong></span> 
     </span>
    </p>
   </div>
   <div class='ocr_carea' id='block_1_48' title="bbox 179 4757 1776 4835">
    <p class='ocr_par' dir='ltr' id='par_1_48' title="bbox 179 4757 1776 4835">
     <span class='ocr_line' id='line_1_48' title="bbox 179 4757 1776 4835; baseline 0.009 -29"><span class='ocrx_word' id='word_1_395' title='bbox 179 4757 369 4824; x_wconf 82' lang='lat' dir='ltr'><strong>cipes,</strong></span> <span class='ocrx_word' id='word_1_396' title='bbox 401 4758 494 4830; x_wconf 69' lang='lat' dir='ltr'><strong>sed</strong></span> <span class='ocrx_word' id='word_1_397' title='bbox 530 4768 808 4813; x_wconf 87' lang='lat' dir='ltr'><strong>vocantur.</strong></span> <span class='ocrx_word' id='word_1_398' title='bbox 842 4761 976 4815; x_wconf 90' lang='lat' dir='ltr'><strong>Sunt</strong></span> <span class='ocrx_word' id='word_1_399' title='bbox 1003 4765 1287 4818; x_wconf 80' lang='lat' dir='ltr'><strong>autem..illi</strong></span> <span class='ocrx_word' id='word_1_400' title='bbox 1319 4767 1587 4835; x_wconf 89' lang='lat' dir='ltr'><strong>principes</strong></span> <span class='ocrx_word' id='word_1_401' title='bbox 1615 4768 1776 4821; x_wconf 87' lang='lat' dir='ltr'><strong>etiam</strong></span> 
     </span>
    </p>
   </div>
   <div class='ocr_carea' id='block_1_49' title="bbox 177 4848 1773 4926">
    <p class='ocr_par' dir='ltr' id='par_1_49' title="bbox 177 4848 1773 4926">
     <span class='ocr_line' id='line_1_49' title="bbox 177 4848 1773 4926; baseline 0.009 -26"><span class='ocrx_word' id='word_1_402' title='bbox 177 4850 296 4902; x_wconf 83' lang='lat' dir='ltr'><strong>sine</strong></span> <span class='ocrx_word' id='word_1_403' title='bbox 329 4848 421 4901; x_wconf 86' lang='lat' dir='ltr'><strong>bis</strong></span> <span class='ocrx_word' id='word_1_404' title='bbox 451 4864 465 4903; x_wconf 90' lang='lat'><strong>:</strong></span> <span class='ocrx_word' id='word_1_405' title='bbox 495 4850 635 4904; x_wconf 86' lang='lat' dir='ltr'><strong>sicut</strong></span> <span class='ocrx_word' id='word_1_406' title='bbox 663 4860 717 4906; x_wconf 93' lang='lat' dir='ltr'><strong>et</strong></span> <span class='ocrx_word' id='word_1_407' title='bbox 746 4853 986 4908; x_wconf 89' lang='lat' dir='ltr'><strong>medicus</strong></span> <span class='ocrx_word' id='word_1_408' title='bbox 1011 4854 1135 4909; x_wconf 90' lang='lat' dir='ltr'><strong>licet</strong></span> <span class='ocrx_word' id='word_1_409' title='bbox 1159 4865 1272 4910; x_wconf 89' lang='lat' dir='ltr'><strong>arte</strong></span> <span class='ocrx_word' id='word_1_410' title='bbox 1303 4871 1396 4910; x_wconf 91' lang='lat' dir='ltr'><strong>sua</strong></span> <span class='ocrx_word' id='word_1_411' title='bbox 1426 4875 1530 4913; x_wconf 91' lang='lat' dir='ltr'><strong>non</strong></span> <span class='ocrx_word' id='word_1_412' title='bbox 1561 4870 1738 4914; x_wconf 90' lang='lat' dir='ltr'><strong>utatur</strong></span> <span class='ocrx_word' id='word_1_413' title='bbox 1759 4902 1773 4926; x_wconf 94' lang='lat'><strong>,</strong></span> 
     </span>
    </p>
   </div>
   <div class='ocr_carea' id='block_1_50' title="bbox 179 4937 1778 5020">
    <p class='ocr_par' dir='ltr' id='par_1_50' title="bbox 179 4937 1778 5020">
     <span class='ocr_line' id='line_1_50' title="bbox 179 4937 1778 5020; baseline 0.009 -31"><span class='ocrx_word' id='word_1_414' title='bbox 179 4939 223 4990; x_wconf 78' lang='lat' dir='ltr'><strong>si</strong></span> <span class='ocrx_word' id='word_1_415' title='bbox 251 4937 408 4990; x_wconf 82' lang='lat' dir='ltr'><strong>illam</strong></span> <span class='ocrx_word' id='word_1_416' title='bbox 441 4939 492 4991; x_wconf 92' lang='lat' dir='ltr'><strong>in</strong></span> <span class='ocrx_word' id='word_1_417' title='bbox 522 4941 698 4994; x_wconf 88' lang='lat' dir='ltr'><strong>anima</strong></span> <span class='ocrx_word' id='word_1_418' title='bbox 731 4941 954 5010; x_wconf 85' lang='lat' dir='ltr'><strong>habeat,</strong></span> <span class='ocrx_word' id='word_1_419' title='bbox 987 4945 1228 5001; x_wconf 87' lang='lat' dir='ltr'><strong>medicus</strong></span> <span class='ocrx_word' id='word_1_420' title='bbox 1254 4956 1355 5001; x_wconf 90' lang='grc' dir='ltr'>εει.</span> <span class='ocrx_word' id='word_1_421' title='bbox 1401 4947 1536 5003; x_wconf 91' lang='lat' dir='ltr'><strong>Sunt</strong></span> <span class='ocrx_word' id='word_1_422' title='bbox 1581 4951 1778 5020; x_wconf 89' lang='lat' dir='ltr'><strong>princi-</strong></span> 
     </span>
    </p>
   </div>
   <div class='ocr_carea' id='block_1_51' title="bbox 182 5029 1776 5102">
    <p class='ocr_par' dir='ltr' id='par_1_51' title="bbox 182 5029 1776 5102">
     <span class='ocr_line' id='line_1_51' title="bbox 182 5029 1776 5102; baseline 0.01 -22"><span class='ocrx_word' id='word_1_423' title='bbox 182 5041 277 5096; x_wconf 85' lang='lat' dir='ltr'><strong>pes</strong></span> <span class='ocrx_word' id='word_1_424' title='bbox 306 5029 395 5082; x_wconf 90' lang='lat' dir='ltr'><strong>sui</strong></span> <span class='ocrx_word' id='word_1_425' title='bbox 423 5030 658 5099; x_wconf 90' lang='lat' dir='ltr'><strong>ipsorum</strong></span> <span class='ocrx_word' id='word_1_426' title='bbox 688 5033 974 5102; x_wconf 87' lang='lat' dir='ltr'><strong>principes.</strong></span> <span class='ocrx_word' id='word_1_427' title='bbox 1006 5035 1126 5089; x_wconf 87' lang='lat' dir='ltr'><strong>Tria</strong></span> <span class='ocrx_word' id='word_1_428' title='bbox 1155 5039 1297 5091; x_wconf 89' lang='lat' dir='ltr'><strong>enim</strong></span> <span class='ocrx_word' id='word_1_429' title='bbox 1333 5040 1445 5094; x_wconf 65' lang='lat' dir='ltr'><strong>haec</strong></span> <span class='ocrx_word' id='word_1_430' title='bbox 1490 5051 1610 5095; x_wconf 91' lang='lat' dir='ltr'><strong>sunt</strong></span> <span class='ocrx_word' id='word_1_431' title='bbox 1657 5044 1776 5096; x_wconf 91' lang='lat' dir='ltr'><strong>ani-</strong></span> 
     </span>
    </p>
   </div>
   <div class='ocr_carea' id='block_1_52' title="bbox 182 5118 1778 5202">
    <p class='ocr_par' dir='ltr' id='par_1_52' title="bbox 182 5118 1778 5202">
     <span class='ocr_line' id='line_1_52' title="bbox 182 5118 1778 5202; baseline 0.012 -34"><span class='ocrx_word' id='word_1_432' title='bbox 182 5132 312 5182; x_wconf 62' lang='lat' dir='ltr'><strong>mae,</strong></span> <span class='ocrx_word' id='word_1_433' title='bbox 343 5118 562 5185; x_wconf 86' lang='lat' dir='ltr'><strong>domus,</strong></span> <span class='ocrx_word' id='word_1_434' title='bbox 594 5121 800 5187; x_wconf 87' lang='lat' dir='ltr'><strong>civitas,</strong></span> <span class='ocrx_word' id='word_1_435' title='bbox 830 5123 977 5177; x_wconf 88' lang='lat' dir='ltr'><strong>orbis</strong></span> <span class='ocrx_word' id='word_1_436' title='bbox 1005 5142 1017 5190; x_wconf 93' lang='lat'><strong>;</strong></span> <span class='ocrx_word' id='word_1_437' title='bbox 1051 5136 1105 5180; x_wconf 91' lang='lat' dir='ltr'><strong>et</strong></span> <span class='ocrx_word' id='word_1_438' title='bbox 1131 5127 1213 5179; x_wconf 85' lang='lat' dir='ltr'><strong>via</strong></span> <span class='ocrx_word' id='word_1_439' title='bbox 1245 5129 1473 5197; x_wconf 87' lang='lat' dir='ltr'><strong>quadam</strong></span> <span class='ocrx_word' id='word_1_440' title='bbox 1518 5146 1606 5186; x_wconf 89' lang='lat' dir='ltr'><strong>res</strong></span> <span class='ocrx_word' id='word_1_441' title='bbox 1657 5149 1778 5202; x_wconf 90' lang='lat' dir='ltr'><strong>pro-</strong></span> 
     </span>
    </p>
   </div>
   <div class='ocr_carea' id='block_1_53' title="bbox 181 5211 1775 5290">
    <p class='ocr_par' dir='ltr' id='par_1_53' title="bbox 181 5211 1775 5290">
     <span class='ocr_line' id='line_1_53' title="bbox 181 5211 1775 5290; baseline 0.013 -32"><span class='ocrx_word' id='word_1_442' title='bbox 181 5211 406 5264; x_wconf 78' lang='lat' dir='ltr'><strong>cedunt.</strong></span> <span class='ocrx_word' id='word_1_443' title='bbox 437 5211 660 5280; x_wconf 78' lang='lat' dir='ltr'><strong>Oportet</strong></span> <span class='ocrx_word' id='word_1_444' title='bbox 691 5213 852 5282; x_wconf 84' lang='lat' dir='ltr'><strong>igitur</strong></span> <span class='ocrx_word' id='word_1_445' title='bbox 875 5231 997 5269; x_wconf 91' lang='lat' dir='ltr'><strong>eum</strong></span> <span class='ocrx_word' id='word_1_446' title='bbox 1025 5219 1113 5286; x_wconf 91' lang='lat' dir='ltr'><strong>qui</strong></span> <span class='ocrx_word' id='word_1_447' title='bbox 1141 5219 1321 5273; x_wconf 89' lang='lat' dir='ltr'><strong>domui</strong></span> <span class='ocrx_word' id='word_1_448' title='bbox 1367 5222 1736 5290; x_wconf 63' lang='lat' dir='ltr'><strong>praeficiendus</strong></span> <span class='ocrx_word' id='word_1_449' title='bbox 1761 5265 1775 5289; x_wconf 96' lang='lat'><strong>,</strong></span> 
     </span>
    </p>
   </div>
   <div class='ocr_carea' id='block_1_54' title="bbox 180 5302 1776 5378">
    <p class='ocr_par' dir='ltr' id='par_1_54' title="bbox 180 5302 1776 5378">
     <span class='ocr_line' id='line_1_54' title="bbox 180 5302 1776 5378; baseline 0.011 -27"><span class='ocrx_word' id='word_1_450' title='bbox 180 5312 233 5352; x_wconf 89' lang='lat' dir='ltr'><strong>ct</strong></span> <span class='ocrx_word' id='word_1_451' title='bbox 261 5302 439 5370; x_wconf 82' lang='lat' dir='ltr'><strong>ipsam</strong></span> <span class='ocrx_word' id='word_1_452' title='bbox 473 5312 618 5357; x_wconf 87' lang='lat' dir='ltr'><strong>recte</strong></span> <span class='ocrx_word' id='word_1_453' title='bbox 647 5305 1005 5361; x_wconf 69' lang='lat' dir='ltr'><strong>mdificatnrus</strong></span> <span class='ocrx_word' id='word_1_454' title='bbox 1034 5317 1134 5374; x_wconf 86' lang='lat' dir='ltr'><strong>est,</strong></span> <span class='ocrx_word' id='word_1_455' title='bbox 1172 5311 1343 5378; x_wconf 83' lang='lat' dir='ltr'><strong>primo</strong></span> <span class='ocrx_word' id='word_1_456' title='bbox 1371 5313 1600 5366; x_wconf 90' lang='lat' dir='ltr'><strong>animam</strong></span> <span class='ocrx_word' id='word_1_457' title='bbox 1626 5328 1776 5370; x_wconf 89' lang='lat' dir='ltr'><strong>suant</strong></span> 
     </span>
    </p>
   </div>
   <div class='ocr_carea' id='block_1_55' title="bbox 184 5395 1778 5477">
    <p class='ocr_par' dir='ltr' id='par_1_55' title="bbox 184 5395 1778 5477">
     <span class='ocr_line' id='line_1_55' title="bbox 184 5395 1778 5477; baseline 0.011 -34"><span class='ocrx_word' id='word_1_458' title='bbox 184 5406 517 5462; x_wconf 86' lang='lat' dir='ltr'><strong>componere</strong></span> <span class='ocrx_word' id='word_1_459' title='bbox 548 5414 559 5450; x_wconf 91' lang='lat'>:</span> <span class='ocrx_word' id='word_1_460' title='bbox 594 5410 715 5450; x_wconf 85' lang='lat' dir='ltr'><strong>nam</strong></span> <span class='ocrx_word' id='word_1_461' title='bbox 743 5395 938 5452; x_wconf 89' lang='lat' dir='ltr'><strong>domus</strong></span> <span class='ocrx_word' id='word_1_462' title='bbox 967 5413 1062 5453; x_wconf 88' lang='lat' dir='ltr'><strong>sua</strong></span> <span class='ocrx_word' id='word_1_463' title='bbox 1095 5410 1189 5454; x_wconf 87' lang='lat' dir='ltr'><strong>cst.</strong></span> <span class='ocrx_word' id='word_1_464' title='bbox 1223 5400 1276 5456; x_wconf 91' lang='lat' dir='ltr'><strong>Si</strong></span> <span class='ocrx_word' id='word_1_465' title='bbox 1300 5417 1427 5456; x_wconf 88' lang='lat' dir='ltr'><strong>vero</strong></span> <span class='ocrx_word' id='word_1_466' title='bbox 1456 5419 1604 5458; x_wconf 89' lang='lat' dir='ltr'><strong>suam</strong></span> <span class='ocrx_word' id='word_1_467' title='bbox 1628 5421 1778 5477; x_wconf 68' lang='lat' dir='ltr'><strong>rege-</strong></span> 
     </span>
    </p>
   </div>
   <div class='ocr_carea' id='block_1_56' title="bbox 1169 443 2442 506">
    <p class='ocr_par' dir='ltr' id='par_1_56' title="bbox 1169 443 2442 506">
     <span class='ocr_line' id='line_1_56' title="bbox 1169 443 2442 506; baseline -0.003 0"><span class='ocrx_word' id='word_1_468' title='bbox 1169 451 1231 506; x_wconf 70' lang='lat' dir='ltr'><strong>IN</strong></span> <span class='ocrx_word' id='word_1_469' title='bbox 1274 447 1452 504; x_wconf 74' lang='lat' dir='ltr'><strong>ACTA</strong></span> <span class='ocrx_word' id='word_1_470' title='bbox 1495 443 2013 502; x_wconf 80' lang='lat' dir='ltr'><strong>APOSTOLORUM.</strong></span> <span class='ocrx_word' id='word_1_471' title='bbox 2059 447 2288 503; x_wconf 77' lang='lat' dir='ltr'><strong>IIOMIL.</strong></span> <span class='ocrx_word' id='word_1_472' title='bbox 2333 445 2442 502; x_wconf 84' lang='lat' dir='ltr'><strong>LII.</strong></span> 
     </span>
    </p>
   </div>
   <div class='ocr_carea' id='block_1_57' title="bbox 3359 445 3463 500">
    <p class='ocr_par' dir='ltr' id='par_1_57' title="bbox 3359 445 3463 500">
     <span class='ocr_line' id='line_1_57' title="bbox 3359 445 3463 500; baseline -0.019 0"><span class='ocrx_word' id='word_1_473' title='bbox 3359 445 3463 500; x_wconf 72' lang='lat'><strong>566</strong></span> 
     </span>
    </p>
   </div>
   <div class='ocr_carea' id='block_1_58' title="bbox 1877 560 3465 631">
    <p class='ocr_par' dir='ltr' id='par_1_58' title="bbox 1877 560 3465 631">
     <span class='ocr_line' id='line_1_58' title="bbox 1877 560 3465 631; baseline 0.002 -16"><span class='ocrx_word' id='word_1_474' title='bbox 1877 577 1933 616; x_wconf 87' lang='lat' dir='ltr'><strong>re</strong></span> <span class='ocrx_word' id='word_1_475' title='bbox 1967 579 2072 617; x_wconf 92' lang='lat' dir='ltr'><strong>non</strong></span> <span class='ocrx_word' id='word_1_476' title='bbox 2098 565 2286 631; x_wconf 90' lang='lat' dir='ltr'><strong>possit,</strong></span> <span class='ocrx_word' id='word_1_477' title='bbox 2319 564 2406 619; x_wconf 91' lang='lat' dir='ltr'><strong>ubi</strong></span> <span class='ocrx_word' id='word_1_478' title='bbox 2438 578 2539 618; x_wconf 86' lang='lat' dir='ltr'><strong>una</strong></span> <span class='ocrx_word' id='word_1_479' title='bbox 2570 562 2746 617; x_wconf 86' lang='lat' dir='ltr'><strong>anima</strong></span> <span class='ocrx_word' id='word_1_480' title='bbox 2773 603 2788 628; x_wconf 93' lang='lat'><strong>,</strong></span> <span class='ocrx_word' id='word_1_481' title='bbox 2818 560 2906 616; x_wconf 91' lang='lat' dir='ltr'><strong>ubi</strong></span> <span class='ocrx_word' id='word_1_482' title='bbox 2959 561 3121 617; x_wconf 87' lang='lat' dir='ltr'><strong>herus</strong></span> <span class='ocrx_word' id='word_1_483' title='bbox 3165 563 3279 631; x_wconf 85' lang='lat' dir='ltr'><strong>ipse</strong></span> <span class='ocrx_word' id='word_1_484' title='bbox 3303 601 3320 628; x_wconf 93' lang='lat'><strong>,</strong></span> <span class='ocrx_word' id='word_1_485' title='bbox 3375 564 3465 618; x_wconf 88' lang='lat' dir='ltr'><strong>ubi</strong></span> 
     </span>
    </p>
   </div>
   <div class='ocr_carea' id='block_1_59' title="bbox 1873 653 3467 725">
    <p class='ocr_par' dir='ltr' id='par_1_59' title="bbox 1873 653 3467 725">
     <span class='ocr_line' id='line_1_59' title="bbox 1873 653 3467 725; baseline 0.001 -17"><span class='ocrx_word' id='word_1_486' title='bbox 1873 668 2085 724; x_wconf 85' lang='lat' dir='ltr'><strong>semper</strong></span> <span class='ocrx_word' id='word_1_487' title='bbox 2109 671 2290 711; x_wconf 86' lang='lat' dir='ltr'><strong>secum</strong></span> <span class='ocrx_word' id='word_1_488' title='bbox 2317 666 2435 722; x_wconf 90' lang='lat' dir='ltr'><strong>est,</strong></span> <span class='ocrx_word' id='word_1_489' title='bbox 2476 653 2747 725; x_wconf 88' lang='lat' dir='ltr'><strong>quomodo</strong></span> <span class='ocrx_word' id='word_1_490' title='bbox 2801 654 2937 708; x_wconf 88' lang='lat' dir='ltr'><strong>alios</strong></span> <span class='ocrx_word' id='word_1_491' title='bbox 2981 653 3313 708; x_wconf 77' lang='lat' dir='ltr'><strong>acdiflcabit?</strong></span> <span class='ocrx_word' id='word_1_492' title='bbox 3365 656 3467 720; x_wconf 88' lang='lat' dir='ltr'><strong>Qui</strong></span> 
     </span>
    </p>
   </div>
   <div class='ocr_carea' id='block_1_60' title="bbox 1874 745 3466 816">
    <p class='ocr_par' dir='ltr' id='par_1_60' title="bbox 1874 745 3466 816">
     <span class='ocr_line' id='line_1_60' title="bbox 1874 745 3466 816; baseline -0.001 -16"><span class='ocrx_word' id='word_1_493' title='bbox 1874 755 2050 813; x_wconf 89' lang='lat' dir='ltr'><strong>potest</strong></span> <span class='ocrx_word' id='word_1_494' title='bbox 2079 745 2314 800; x_wconf 88' lang='lat' dir='ltr'><strong>animam</strong></span> <span class='ocrx_word' id='word_1_495' title='bbox 2342 760 2668 815; x_wconf 84' lang='lat' dir='ltr'><strong>componere</strong></span> <span class='ocrx_word' id='word_1_496' title='bbox 2707 760 2857 800; x_wconf 89' lang='lat' dir='ltr'><strong>suam</strong></span> <span class='ocrx_word' id='word_1_497' title='bbox 2885 790 2896 807; x_wconf 78' lang='lat'><strong>.,</strong></span> <span class='ocrx_word' id='word_1_498' title='bbox 2933 745 3023 814; x_wconf 89' lang='lat' dir='ltr'><strong>qui</strong></span> <span class='ocrx_word' id='word_1_499' title='bbox 3053 745 3196 798; x_wconf 90' lang='lat' dir='ltr'><strong>aliud</strong></span> <span class='ocrx_word' id='word_1_500' title='bbox 3234 760 3426 816; x_wconf 82' lang='lat' dir='ltr'><strong>regere</strong></span> <span class='ocrx_word' id='word_1_501' title='bbox 3453 787 3466 805; x_wconf 89' lang='lat'><strong><em>.</em></strong></span> 
     </span>
    </p>
   </div>
   <div class='ocr_carea' id='block_1_61' title="bbox 1871 837 3469 908">
    <p class='ocr_par' dir='ltr' id='par_1_61' title="bbox 1871 837 3469 908">
     <span class='ocr_line' id='line_1_61' title="bbox 1871 837 3469 908; baseline 0.001 -19"><span class='ocrx_word' id='word_1_502' title='bbox 1871 837 2014 892; x_wconf 71' lang='lat' dir='ltr'><strong>aliud</strong></span> <span class='ocrx_word' id='word_1_503' title='bbox 2047 839 2156 908; x_wconf 79' lang='lat' dir='ltr'><strong>regi</strong></span> <span class='ocrx_word' id='word_1_504' title='bbox 2188 848 2373 902; x_wconf 90' lang='lat' dir='ltr'><strong>curat,</strong></span> <span class='ocrx_word' id='word_1_505' title='bbox 2407 838 2493 893; x_wconf 89' lang='lat' dir='ltr'><strong>hic</strong></span> <span class='ocrx_word' id='word_1_506' title='bbox 2517 847 2571 893; x_wconf 92' lang='lat' dir='ltr'><strong>et</strong></span> <span class='ocrx_word' id='word_1_507' title='bbox 2597 838 2815 892; x_wconf 90' lang='lat' dir='ltr'><strong>domum</strong></span> <span class='ocrx_word' id='word_1_508' title='bbox 2866 852 3053 908; x_wconf 81' lang='lat' dir='ltr'><strong>regere</strong></span> <span class='ocrx_word' id='word_1_509' title='bbox 3097 837 3331 907; x_wconf 89' lang='lat' dir='ltr'><strong>poterit;</strong></span> <span class='ocrx_word' id='word_1_510' title='bbox 3381 840 3469 907; x_wconf 83' lang='lat' dir='ltr'><strong>qui</strong></span> 
     </span>
    </p>
   </div>
   <div class='ocr_carea' id='block_1_62' title="bbox 1871 929 3508 1001">
    <p class='ocr_par' dir='ltr' id='par_1_62' title="bbox 1871 929 3508 1001">
     <span class='ocr_line' id='line_1_62' title="bbox 1871 929 3508 1001; baseline -0.002 -18"><span class='ocrx_word' id='word_1_511' title='bbox 1871 929 2111 992; x_wconf 85' lang='lat' dir='ltr'><strong>domum,</strong></span> <span class='ocrx_word' id='word_1_512' title='bbox 2141 930 2302 984; x_wconf 91' lang='lat' dir='ltr'><strong>etiam</strong></span> <span class='ocrx_word' id='word_1_513' title='bbox 2336 931 2640 996; x_wconf 87' lang='lat' dir='ltr'><strong>civitatem;</strong></span> <span class='ocrx_word' id='word_1_514' title='bbox 2674 931 2761 1001; x_wconf 87' lang='lat' dir='ltr'><strong>qui</strong></span> <span class='ocrx_word' id='word_1_515' title='bbox 2803 929 3074 984; x_wconf 88' lang='lat' dir='ltr'><strong>civitatem</strong></span> <span class='ocrx_word' id='word_1_516' title='bbox 3096 970 3112 995; x_wconf 92' lang='lat'><strong>,</strong></span> <span class='ocrx_word' id='word_1_517' title='bbox 3165 931 3323 984; x_wconf 87' lang='lat' dir='ltr'><strong>etiam</strong></span> <span class='ocrx_word' id='word_1_518' title='bbox 3385 942 3508 981; x_wconf 67' lang='grc' dir='ltr'><strong>οτι.</strong></span> 
     </span>
    </p>
   </div>
   <div class='ocr_carea' id='block_1_63' title="bbox 1872 1021 3458 1092">
    <p class='ocr_par' dir='ltr' id='par_1_63' title="bbox 1872 1021 3458 1092">
     <span class='ocr_line' id='line_1_63' title="bbox 1872 1021 3458 1092; baseline -0.001 -17"><span class='ocrx_word' id='word_1_519' title='bbox 1872 1021 2013 1076; x_wconf 86' lang='lat' dir='ltr'><strong>hem.</strong></span> <span class='ocrx_word' id='word_1_520' title='bbox 2046 1023 2098 1076; x_wconf 91' lang='lat' dir='ltr'><strong>Si</strong></span> <span class='ocrx_word' id='word_1_521' title='bbox 2127 1023 2358 1076; x_wconf 89' lang='lat' dir='ltr'><strong>animam</strong></span> <span class='ocrx_word' id='word_1_522' title='bbox 2386 1037 2573 1092; x_wconf 79' lang='lat' dir='ltr'><strong>regere</strong></span> <span class='ocrx_word' id='word_1_523' title='bbox 2603 1037 2708 1077; x_wconf 91' lang='lat' dir='ltr'><strong>non</strong></span> <span class='ocrx_word' id='word_1_524' title='bbox 2737 1023 2926 1091; x_wconf 86' lang='lat' dir='ltr'><strong>possit,</strong></span> <span class='ocrx_word' id='word_1_525' title='bbox 2954 1022 3225 1091; x_wconf 90' lang='lat' dir='ltr'><strong>quomodo</strong></span> <span class='ocrx_word' id='word_1_526' title='bbox 3269 1023 3458 1077; x_wconf 87' lang='lat' dir='ltr'><strong>orbem</strong></span> 
     </span>
    </p>
   </div>
   <div class='ocr_carea' id='block_1_64' title="bbox 1874 1112 3472 1183">
    <p class='ocr_par' dir='ltr' id='par_1_64' title="bbox 1874 1112 3472 1183">
     <span class='ocr_line' id='line_1_64' title="bbox 1874 1112 3472 1183; baseline -0.001 -18"><span class='ocrx_word' id='word_1_527' title='bbox 1874 1112 2113 1182; x_wconf 81' lang='lat' dir='ltr'><strong>poterit?</strong></span> <span class='ocrx_word' id='word_1_528' title='bbox 2141 1113 2264 1167; x_wconf 72' lang='lat' dir='ltr'><strong>llmc</strong></span> <span class='ocrx_word' id='word_1_529' title='bbox 2294 1112 2429 1179; x_wconf 79' lang='lat' dir='ltr'><strong>dixi,</strong></span> <span class='ocrx_word' id='word_1_530' title='bbox 2460 1124 2514 1168; x_wconf 94' lang='lat' dir='ltr'><strong>ut</strong></span> <span class='ocrx_word' id='word_1_531' title='bbox 2546 1129 2614 1169; x_wconf 90' lang='lat' dir='ltr'><strong>ne</strong></span> <span class='ocrx_word' id='word_1_532' title='bbox 2644 1113 2708 1167; x_wconf 91' lang='lat' dir='ltr'><strong>ad</strong></span> <span class='ocrx_word' id='word_1_533' title='bbox 2738 1114 3070 1183; x_wconf 80' lang='lat' dir='ltr'><strong>principatus</strong></span> <span class='ocrx_word' id='word_1_534' title='bbox 3104 1112 3392 1176; x_wconf 69' lang='lat' dir='ltr'><strong>inhie’mus,</strong></span> <span class='ocrx_word' id='word_1_535' title='bbox 3415 1120 3472 1164; x_wconf 83' lang='lat' dir='ltr'><strong>ut</strong></span> 
     </span>
    </p>
   </div>
   <div class='ocr_carea' id='block_1_65' title="bbox 1873 1200 3475 1275">
    <p class='ocr_par' dir='ltr' id='par_1_65' title="bbox 1873 1200 3475 1275">
     <span class='ocr_line' id='line_1_65' title="bbox 1873 1200 3475 1275; baseline 0.001 -20"><span class='ocrx_word' id='word_1_536' title='bbox 1873 1204 2183 1268; x_wconf 84' lang='lat' dir='ltr'><strong>videamus,</strong></span> <span class='ocrx_word' id='word_1_537' title='bbox 2213 1204 2340 1275; x_wconf 91' lang='lat' dir='ltr'><strong>quid</strong></span> <span class='ocrx_word' id='word_1_538' title='bbox 2386 1206 2456 1259; x_wconf 87' lang='lat' dir='ltr'><strong>sit</strong></span> <span class='ocrx_word' id='word_1_539' title='bbox 2494 1206 2865 1275; x_wconf 87' lang='lat' dir='ltr'><strong>principatus:</strong></span> <span class='ocrx_word' id='word_1_540' title='bbox 2895 1207 2999 1259; x_wconf 91' lang='lat' dir='ltr'><strong>hoc</strong></span> <span class='ocrx_word' id='word_1_541' title='bbox 3040 1206 3184 1260; x_wconf 88' lang='lat' dir='ltr'><strong>enim</strong></span> <span class='ocrx_word' id='word_1_542' title='bbox 3229 1220 3334 1261; x_wconf 91' lang='lat' dir='ltr'><strong>non</strong></span> <span class='ocrx_word' id='word_1_543' title='bbox 3389 1200 3475 1257; x_wconf 77' lang='lat' dir='ltr'><strong>est</strong></span> 
     </span>
    </p>
   </div>
   <div class='ocr_carea' id='block_1_66' title="bbox 1873 1297 3470 1366">
    <p class='ocr_par' dir='ltr' id='par_1_66' title="bbox 1873 1297 3470 1366">
     <span class='ocr_line' id='line_1_66' title="bbox 1873 1297 3470 1366; baseline -0.001 -16"><span class='ocrx_word' id='word_1_544' title='bbox 1873 1297 2223 1366; x_wconf 86' lang='lat' dir='ltr'><strong>principatus,</strong></span> <span class='ocrx_word' id='word_1_545' title='bbox 2260 1297 2352 1352; x_wconf 90' lang='lat' dir='ltr'><strong>sed</strong></span> <span class='ocrx_word' id='word_1_546' title='bbox 2385 1297 2624 1363; x_wconf 88' lang='lat' dir='ltr'><strong>derisio,</strong></span> <span class='ocrx_word' id='word_1_547' title='bbox 2673 1297 2937 1364; x_wconf 88' lang='lat' dir='ltr'><strong>servitus,</strong></span> <span class='ocrx_word' id='word_1_548' title='bbox 2984 1307 3038 1353; x_wconf 89' lang='lat' dir='ltr'><strong>ct</strong></span> <span class='ocrx_word' id='word_1_549' title='bbox 3081 1298 3228 1352; x_wconf 91' lang='lat' dir='ltr'><strong>mille</strong></span> <span class='ocrx_word' id='word_1_550' title='bbox 3274 1297 3470 1352; x_wconf 83' lang='lat' dir='ltr'><strong>similia</strong></span> 
     </span>
    </p>
   </div>
   <div class='ocr_carea' id='block_1_67' title="bbox 1872 1388 3470 1460">
    <p class='ocr_par' dir='ltr' id='par_1_67' title="bbox 1872 1388 3470 1460">
     <span class='ocr_line' id='line_1_67' title="bbox 1872 1388 3470 1460; baseline -0.002 -17"><span class='ocrx_word' id='word_1_551' title='bbox 1872 1389 1993 1458; x_wconf 87' lang='lat' dir='ltr'><strong>quis</strong></span> <span class='ocrx_word' id='word_1_552' title='bbox 2017 1388 2241 1445; x_wconf 77' lang='lat' dir='ltr'><strong>dixerit.</strong></span> <span class='ocrx_word' id='word_1_553' title='bbox 2276 1391 2368 1445; x_wconf 92' lang='lat' dir='ltr'><strong>Dic</strong></span> <span class='ocrx_word' id='word_1_554' title='bbox 2395 1391 2558 1456; x_wconf 88' lang='lat' dir='ltr'><strong>mihi,</strong></span> <span class='ocrx_word' id='word_1_555' title='bbox 2592 1390 2718 1459; x_wconf 88' lang='lat' dir='ltr'><strong>quid</strong></span> <span class='ocrx_word' id='word_1_556' title='bbox 2753 1399 2835 1445; x_wconf 90' lang='lat' dir='ltr'><strong>est</strong></span> <span class='ocrx_word' id='word_1_557' title='bbox 2881 1390 3107 1459; x_wconf 86' lang='lat' dir='ltr'><strong>principi</strong></span> <span class='ocrx_word' id='word_1_558' title='bbox 3148 1388 3470 1460; x_wconf 79' lang='lat' dir='ltr'><strong>proprium?</strong></span> 
     </span>
    </p>
   </div>
   <div class='ocr_carea' id='block_1_68' title="bbox 1874 1479 3475 1550">
    <p class='ocr_par' dir='ltr' id='par_1_68' title="bbox 1874 1479 3475 1550">
     <span class='ocr_line' id='line_1_68' title="bbox 1874 1479 3475 1550; baseline -0.001 -17"><span class='ocrx_word' id='word_1_559' title='bbox 1874 1495 2050 1534; x_wconf 90' lang='lat' dir='ltr'><strong>nonne</strong></span> <span class='ocrx_word' id='word_1_560' title='bbox 2077 1479 2303 1534; x_wconf 89' lang='lat' dir='ltr'><strong>subditis</strong></span> <span class='ocrx_word' id='word_1_561' title='bbox 2335 1479 2593 1550; x_wconf 81' lang='lat' dir='ltr'><strong>prodesse</strong></span> <span class='ocrx_word' id='word_1_562' title='bbox 2621 1490 2676 1535; x_wconf 89' lang='lat' dir='ltr'><strong>et</strong></span> <span class='ocrx_word' id='word_1_563' title='bbox 2702 1481 2839 1536; x_wconf 90' lang='lat' dir='ltr'><strong>bene</strong></span> <span class='ocrx_word' id='word_1_564' title='bbox 2884 1480 3105 1536; x_wconf 87' lang='lat' dir='ltr'><strong>facere?</strong></span> <span class='ocrx_word' id='word_1_565' title='bbox 3145 1480 3282 1546; x_wconf 89' lang='lat' dir='ltr'><strong>Quid</strong></span> <span class='ocrx_word' id='word_1_566' title='bbox 3311 1494 3475 1550; x_wconf 75' lang='lat' dir='ltr'><strong>ergo,</strong></span> 
     </span>
    </p>
   </div>
   <div class='ocr_carea' id='block_1_69' title="bbox 1872 1571 3472 1642">
    <p class='ocr_par' dir='ltr' id='par_1_69' title="bbox 1872 1571 3472 1642">
     <span class='ocr_line' id='line_1_69' title="bbox 1872 1571 3472 1642; baseline -0.003 -15"><span class='ocrx_word' id='word_1_567' title='bbox 1872 1573 1916 1627; x_wconf 90' lang='lat' dir='ltr'><strong>si</strong></span> <span class='ocrx_word' id='word_1_568' title='bbox 1947 1572 2048 1628; x_wconf 90' lang='lat' dir='ltr'><strong>hoc</strong></span> <span class='ocrx_word' id='word_1_569' title='bbox 2079 1588 2184 1627; x_wconf 90' lang='lat' dir='ltr'><strong>non</strong></span> <span class='ocrx_word' id='word_1_570' title='bbox 2214 1571 2344 1626; x_wconf 75' lang='lat' dir='ltr'><strong>fiat?</strong></span> <span class='ocrx_word' id='word_1_571' title='bbox 2372 1571 2645 1642; x_wconf 91' lang='lat' dir='ltr'><strong>quomodo</strong></span> <span class='ocrx_word' id='word_1_572' title='bbox 2675 1573 2796 1626; x_wconf 85' lang='lat' dir='ltr'><strong>aliis</strong></span> <span class='ocrx_word' id='word_1_573' title='bbox 2823 1571 3085 1642; x_wconf 84' lang='lat' dir='ltr'><strong>proderit,</strong></span> <span class='ocrx_word' id='word_1_574' title='bbox 3115 1573 3205 1642; x_wconf 90' lang='lat' dir='ltr'><strong>qui</strong></span> <span class='ocrx_word' id='word_1_575' title='bbox 3237 1571 3337 1625; x_wconf 88' lang='lat' dir='ltr'><strong>sibi</strong></span> <span class='ocrx_word' id='word_1_576' title='bbox 3367 1585 3472 1624; x_wconf 91' lang='lat' dir='ltr'><strong>non</strong></span> 
     </span>
    </p>
   </div>
   <div class='ocr_carea' id='block_1_70' title="bbox 1875 1663 3472 1734">
    <p class='ocr_par' dir='ltr' id='par_1_70' title="bbox 1875 1663 3472 1734">
     <span class='ocr_line' id='line_1_70' title="bbox 1875 1663 3472 1734; baseline -0.002 -16"><span class='ocrx_word' id='word_1_577' title='bbox 1875 1665 2132 1734; x_wconf 89' lang='lat' dir='ltr'><strong>prodest?</strong></span> <span class='ocrx_word' id='word_1_578' title='bbox 2164 1663 2254 1732; x_wconf 87' lang='lat' dir='ltr'><strong>qtti</strong></span> <span class='ocrx_word' id='word_1_579' title='bbox 2283 1663 2551 1718; x_wconf 82' lang='lat' dir='ltr'><strong>sexcentis</strong></span> <span class='ocrx_word' id='word_1_580' title='bbox 2590 1664 2756 1718; x_wconf 91' lang='lat' dir='ltr'><strong>animi</strong></span> <span class='ocrx_word' id='word_1_581' title='bbox 2787 1663 3019 1719; x_wconf 87' lang='lat' dir='ltr'><strong>motibus</strong></span> <span class='ocrx_word' id='word_1_582' title='bbox 3049 1663 3300 1733; x_wconf 81' lang='lat' dir='ltr'><strong>agitatur,</strong></span> <span class='ocrx_word' id='word_1_583' title='bbox 3339 1677 3472 1731; x_wconf 87' lang='lat' dir='ltr'><strong>quo-</strong></span> 
     </span>
    </p>
   </div>
   <div class='ocr_carea' id='block_1_71' title="bbox 1874 1752 3470 1810">
    <p class='ocr_par' dir='ltr' id='par_1_71' title="bbox 1874 1752 3470 1810">
     <span class='ocr_line' id='line_1_71' title="bbox 1874 1752 3470 1810; baseline -0.003 -2"><span class='ocrx_word' id='word_1_584' title='bbox 1874 1754 2032 1810; x_wconf 91' lang='lat' dir='ltr'><strong>modo</strong></span> <span class='ocrx_word' id='word_1_585' title='bbox 2076 1754 2304 1808; x_wconf 89' lang='lat' dir='ltr'><strong>aliorum</strong></span> <span class='ocrx_word' id='word_1_586' title='bbox 2357 1762 2534 1809; x_wconf 88' lang='lat' dir='ltr'><strong>motus</strong></span> <span class='ocrx_word' id='word_1_587' title='bbox 2578 1753 2831 1809; x_wconf 83' lang='lat' dir='ltr'><strong>sedabit?</strong></span> <span class='ocrx_word' id='word_1_588' title='bbox 2859 1755 2950 1809; x_wconf 89' lang='lat' dir='ltr'><strong>Sic</strong></span> <span class='ocrx_word' id='word_1_589' title='bbox 2993 1756 3155 1809; x_wconf 90' lang='lat' dir='ltr'><strong>etiam</strong></span> <span class='ocrx_word' id='word_1_590' title='bbox 3217 1752 3470 1808; x_wconf 63' lang='lat' dir='ltr'><strong>deliciae:</strong></span> 
     </span>
    </p>
   </div>
   <div class='ocr_carea' id='block_1_72' title="bbox 1875 1843 3474 1912">
    <p class='ocr_par' dir='ltr' id='par_1_72' title="bbox 1875 1843 3474 1912">
     <span class='ocr_line' id='line_1_72' title="bbox 1875 1843 3474 1912; baseline -0.003 -13"><span class='ocrx_word' id='word_1_591' title='bbox 1875 1861 1980 1900; x_wconf 91' lang='lat' dir='ltr'><strong>non</strong></span> <span class='ocrx_word' id='word_1_592' title='bbox 2011 1845 2126 1899; x_wconf 64' lang='lat' dir='ltr'><strong>haec</strong></span> <span class='ocrx_word' id='word_1_593' title='bbox 2155 1853 2278 1898; x_wconf 92' lang='lat' dir='ltr'><strong>sunt</strong></span> <span class='ocrx_word' id='word_1_594' title='bbox 2316 1845 2528 1900; x_wconf 67' lang='lat' dir='ltr'><strong>deliciae</strong></span> <span class='ocrx_word' id='word_1_595' title='bbox 2548 1887 2563 1912; x_wconf 96' lang='lat'><strong>,</strong></span> <span class='ocrx_word' id='word_1_596' title='bbox 2594 1845 2688 1901; x_wconf 90' lang='lat' dir='ltr'><strong>sed</strong></span> <span class='ocrx_word' id='word_1_597' title='bbox 2715 1845 2839 1899; x_wconf 91' lang='lat' dir='ltr'><strong>alia.</strong></span> <span class='ocrx_word' id='word_1_598' title='bbox 2873 1845 3024 1900; x_wconf 90' lang='lat' dir='ltr'><strong>Sicut</strong></span> <span class='ocrx_word' id='word_1_599' title='bbox 3065 1849 3208 1899; x_wconf 92' lang='lat' dir='ltr'><strong>enim</strong></span> <span class='ocrx_word' id='word_1_600' title='bbox 3251 1843 3474 1897; x_wconf 84' lang='lat' dir='ltr'><strong>demon-</strong></span> 
     </span>
    </p>
   </div>
   <div class='ocr_carea' id='block_1_73' title="bbox 1873 1930 3475 2006">
    <p class='ocr_par' dir='ltr' id='par_1_73' title="bbox 1873 1930 3475 2006">
     <span class='ocr_line' id='line_1_73' title="bbox 1873 1930 3475 2006; baseline -0.005 -16"><span class='ocrx_word' id='word_1_601' title='bbox 1873 1945 2098 1991; x_wconf 89' lang='lat' dir='ltr'><strong>stratum</strong></span> <span class='ocrx_word' id='word_1_602' title='bbox 2129 1947 2210 1991; x_wconf 90' lang='lat' dir='ltr'><strong>est</strong></span> <span class='ocrx_word' id='word_1_603' title='bbox 2237 1936 2535 2006; x_wconf 86' lang='lat' dir='ltr'><strong>principem</strong></span> <span class='ocrx_word' id='word_1_604' title='bbox 2567 1951 2688 1990; x_wconf 90' lang='lat' dir='ltr'><strong>esse</strong></span> <span class='ocrx_word' id='word_1_605' title='bbox 2717 1951 2820 1990; x_wconf 93' lang='lat' dir='ltr'><strong>non</strong></span> <span class='ocrx_word' id='word_1_606' title='bbox 2853 1935 2999 1989; x_wconf 90' lang='lat' dir='ltr'><strong>hunc</strong></span> <span class='ocrx_word' id='word_1_607' title='bbox 3020 1933 3115 1989; x_wconf 90' lang='lat' dir='ltr'><strong>sed</strong></span> <span class='ocrx_word' id='word_1_608' title='bbox 3144 1933 3308 1986; x_wconf 89' lang='lat' dir='ltr'><strong>alium</strong></span> <span class='ocrx_word' id='word_1_609' title='bbox 3346 1949 3358 1984; x_wconf 90' lang='lat'><strong>:</strong></span> <span class='ocrx_word' id='word_1_610' title='bbox 3394 1930 3475 1983; x_wconf 91' lang='lat' dir='ltr'><strong>sie</strong></span> 
     </span>
    </p>
   </div>
   <div class='ocr_carea' id='block_1_74' title="bbox 1875 2022 3472 2099">
    <p class='ocr_par' dir='ltr' id='par_1_74' title="bbox 1875 2022 3472 2099">
     <span class='ocr_line' id='line_1_74' title="bbox 1875 2022 3472 2099; baseline -0.004 -16"><span class='ocrx_word' id='word_1_611' title='bbox 1875 2030 1966 2099; x_wconf 91' lang='lat' dir='ltr'><strong>qui</strong></span> <span class='ocrx_word' id='word_1_612' title='bbox 1993 2029 2200 2084; x_wconf 90' lang='lat' dir='ltr'><strong>deliciis</strong></span> <span class='ocrx_word' id='word_1_613' title='bbox 2232 2028 2430 2099; x_wconf 83' lang='lat' dir='ltr'><strong>gaudet</strong></span> <span class='ocrx_word' id='word_1_614' title='bbox 2454 2068 2470 2092; x_wconf 92' lang='lat'><strong>,</strong></span> <span class='ocrx_word' id='word_1_615' title='bbox 2498 2028 2636 2082; x_wconf 87' lang='lat' dir='ltr'><strong>alius</strong></span> <span class='ocrx_word' id='word_1_616' title='bbox 2663 2037 2766 2083; x_wconf 89' lang='lat' dir='ltr'><strong>cst.</strong></span> <span class='ocrx_word' id='word_1_617' title='bbox 2799 2026 3066 2081; x_wconf 81' lang='lat' dir='ltr'><strong>Videntur</strong></span> <span class='ocrx_word' id='word_1_618' title='bbox 3087 2025 3232 2080; x_wconf 90' lang='lat' dir='ltr'><strong>enim</strong></span> <span class='ocrx_word' id='word_1_619' title='bbox 3260 2022 3472 2077; x_wconf 80' lang='lat' dir='ltr'><strong>deliciae</strong></span> 
     </span>
    </p>
   </div>
   <div class='ocr_carea' id='block_1_75' title="bbox 1875 2115 3474 2189">
    <p class='ocr_par' dir='ltr' id='par_1_75' title="bbox 1875 2115 3474 2189">
     <span class='ocr_line' id='line_1_75' title="bbox 1875 2115 3474 2189; baseline -0.006 -14"><span class='ocrx_word' id='word_1_620' title='bbox 1875 2119 2280 2189; x_wconf 85' lang='lat' dir='ltr'><strong>esse,voluptati</strong></span> <span class='ocrx_word' id='word_1_621' title='bbox 2306 2128 2362 2174; x_wconf 90' lang='lat' dir='ltr'><strong>et</strong></span> <span class='ocrx_word' id='word_1_622' title='bbox 2386 2120 2525 2189; x_wconf 69' lang='lat' dir='ltr'><strong>gulae</strong></span> <span class='ocrx_word' id='word_1_623' title='bbox 2550 2118 2794 2182; x_wconf 85' lang='lat' dir='ltr'><strong>servire;</strong></span> <span class='ocrx_word' id='word_1_624' title='bbox 2828 2118 2923 2173; x_wconf 90' lang='lat' dir='ltr'><strong>sed</strong></span> <span class='ocrx_word' id='word_1_625' title='bbox 2947 2117 3048 2172; x_wconf 89' lang='lat' dir='ltr'><strong>hoc</strong></span> <span class='ocrx_word' id='word_1_626' title='bbox 3073 2130 3180 2170; x_wconf 91' lang='lat' dir='ltr'><strong>non</strong></span> <span class='ocrx_word' id='word_1_627' title='bbox 3209 2123 3292 2169; x_wconf 88' lang='lat' dir='ltr'><strong>est</strong></span> <span class='ocrx_word' id='word_1_628' title='bbox 3317 2154 3329 2179; x_wconf 92' lang='lat'><strong>,</strong></span> <span class='ocrx_word' id='word_1_629' title='bbox 3365 2115 3474 2167; x_wconf 91' lang='lat' dir='ltr'><strong>imo</strong></span> 
     </span>
    </p>
   </div>
   <div class='ocr_carea' id='block_1_76' title="bbox 1876 2206 3474 2280">
    <p class='ocr_par' dir='ltr' id='par_1_76' title="bbox 1876 2206 3474 2280">
     <span class='ocr_line' id='line_1_76' title="bbox 1876 2206 3474 2280; baseline -0.006 -13"><span class='ocrx_word' id='word_1_630' title='bbox 1876 2211 2225 2275; x_wconf 89' lang='lat' dir='ltr'><strong>contrarium,</strong></span> <span class='ocrx_word' id='word_1_631' title='bbox 2260 2226 2455 2280; x_wconf 86' lang='lat' dir='ltr'><strong>nempe</strong></span> <span class='ocrx_word' id='word_1_632' title='bbox 2476 2212 2710 2265; x_wconf 89' lang='lat' dir='ltr'><strong>animam</strong></span> <span class='ocrx_word' id='word_1_633' title='bbox 2740 2209 2940 2265; x_wconf 89' lang='lat' dir='ltr'><strong>habere</strong></span> <span class='ocrx_word' id='word_1_634' title='bbox 2968 2208 3294 2272; x_wconf 88' lang='lat' dir='ltr'><strong>mirabilem,</strong></span> <span class='ocrx_word' id='word_1_635' title='bbox 3324 2206 3474 2260; x_wconf 91' lang='lat' dir='ltr'><strong>etsic</strong></span> 
     </span>
    </p>
   </div>
   <div class='ocr_carea' id='block_1_77' title="bbox 1878 2297 3476 2373">
    <p class='ocr_par' dir='ltr' id='par_1_77' title="bbox 1878 2297 3476 2373">
     <span class='ocr_line' id='line_1_77' title="bbox 1878 2297 3476 2373; baseline -0.005 -15"><span class='ocrx_word' id='word_1_636' title='bbox 1878 2305 1929 2358; x_wconf 91' lang='lat' dir='ltr'><strong>in</strong></span> <span class='ocrx_word' id='word_1_637' title='bbox 1958 2306 2232 2373; x_wconf 88' lang='lat' dir='ltr'><strong>voluptate</strong></span> <span class='ocrx_word' id='word_1_638' title='bbox 2259 2303 2486 2357; x_wconf 85' lang='lat' dir='ltr'><strong>versari.</strong></span> <span class='ocrx_word' id='word_1_639' title='bbox 2527 2302 2657 2357; x_wconf 88' lang='lat' dir='ltr'><strong>Esto</strong></span> <span class='ocrx_word' id='word_1_640' title='bbox 2685 2302 2852 2368; x_wconf 88' lang='lat' dir='ltr'><strong>enim,</strong></span> <span class='ocrx_word' id='word_1_641' title='bbox 2885 2299 3134 2356; x_wconf 86' lang='lat' dir='ltr'><strong>comedat</strong></span> <span class='ocrx_word' id='word_1_642' title='bbox 3158 2298 3298 2366; x_wconf 89' lang='lat' dir='ltr'><strong>quis,</strong></span> <span class='ocrx_word' id='word_1_643' title='bbox 3329 2297 3476 2352; x_wconf 89' lang='lat' dir='ltr'><strong>bibat</strong></span> 
     </span>
    </p>
   </div>
   <div class='ocr_carea' id='block_1_78' title="bbox 1877 2393 3477 2460">
    <p class='ocr_par' dir='ltr' id='par_1_78' title="bbox 1877 2393 3477 2460">
     <span class='ocr_line' id='line_1_78' title="bbox 1877 2393 3477 2460; baseline -0.005 -11"><span class='ocrx_word' id='word_1_644' title='bbox 1877 2395 2208 2460; x_wconf 88' lang='lat' dir='ltr'><strong>etlaseiviat,</strong></span> <span class='ocrx_word' id='word_1_645' title='bbox 2240 2393 2434 2449; x_wconf 82' lang='lat' dir='ltr'><strong>deinde</strong></span> <span class='ocrx_word' id='word_1_646' title='bbox 2461 2409 2644 2447; x_wconf 89' lang='lat' dir='ltr'><strong>curam</strong></span> <span class='ocrx_word' id='word_1_647' title='bbox 2668 2393 2865 2447; x_wconf 87' lang='lat' dir='ltr'><strong>habeat</strong></span> <span class='ocrx_word' id='word_1_648' title='bbox 2886 2407 2948 2447; x_wconf 89' lang='lat' dir='ltr'><strong>ac</strong></span> <span class='ocrx_word' id='word_1_649' title='bbox 2975 2399 3198 2446; x_wconf 78' lang='lat' dir='ltr'><strong>maereat</strong></span> <span class='ocrx_word' id='word_1_650' title='bbox 3227 2405 3239 2443; x_wconf 90' lang='lat'><strong>:</strong></span> <span class='ocrx_word' id='word_1_651' title='bbox 3277 2405 3342 2442; x_wconf 89' lang='lat' dir='ltr'><strong>an</strong></span> <span class='ocrx_word' id='word_1_652' title='bbox 3380 2403 3477 2458; x_wconf 83' lang='lat' dir='ltr'><strong>po-</strong></span> 
     </span>
    </p>
   </div>
   <div class='ocr_carea' id='block_1_79' title="bbox 1880 2479 3477 2553">
    <p class='ocr_par' dir='ltr' id='par_1_79' title="bbox 1880 2479 3477 2553">
     <span class='ocr_line' id='line_1_79' title="bbox 1880 2479 3477 2553; baseline -0.004 -15"><span class='ocrx_word' id='word_1_653' title='bbox 1880 2493 1983 2538; x_wconf 88' lang='lat' dir='ltr'><strong>test</strong></span> <span class='ocrx_word' id='word_1_654' title='bbox 2005 2483 2092 2537; x_wconf 93' lang='lat' dir='ltr'><strong>hic</strong></span> <span class='ocrx_word' id='word_1_655' title='bbox 2119 2485 2170 2537; x_wconf 93' lang='lat' dir='ltr'><strong>in</strong></span> <span class='ocrx_word' id='word_1_656' title='bbox 2203 2483 2410 2539; x_wconf 84' lang='lat' dir='ltr'><strong>deliciis</strong></span> <span class='ocrx_word' id='word_1_657' title='bbox 2436 2484 2598 2539; x_wconf 86' lang='lat' dir='ltr'><strong>esse?</strong></span> <span class='ocrx_word' id='word_1_658' title='bbox 2623 2482 2739 2538; x_wconf 89' lang='lat' dir='ltr'><strong>Non</strong></span> <span class='ocrx_word' id='word_1_659' title='bbox 2766 2498 2897 2553; x_wconf 73' lang='lat' dir='ltr'><strong>ergo</strong></span> <span class='ocrx_word' id='word_1_660' title='bbox 2918 2481 3203 2536; x_wconf 89' lang='lat' dir='ltr'><strong>comedere</strong></span> <span class='ocrx_word' id='word_1_661' title='bbox 3222 2492 3274 2534; x_wconf 93' lang='lat' dir='ltr'><strong>et</strong></span> <span class='ocrx_word' id='word_1_662' title='bbox 3292 2479 3477 2534; x_wconf 88' lang='lat' dir='ltr'><strong>bibere</strong></span> 
     </span>
    </p>
   </div>
   <div class='ocr_carea' id='block_1_80' title="bbox 1879 2570 3475 2645">
    <p class='ocr_par' dir='ltr' id='par_1_80' title="bbox 1879 2570 3475 2645">
     <span class='ocr_line' id='line_1_80' title="bbox 1879 2570 3475 2645; baseline -0.003 -18"><span class='ocrx_word' id='word_1_663' title='bbox 1879 2585 2001 2628; x_wconf 92' lang='lat' dir='ltr'><strong>sunt</strong></span> <span class='ocrx_word' id='word_1_664' title='bbox 2027 2575 2233 2645; x_wconf 73' lang='lat' dir='ltr'><strong>deliciae</strong></span> <span class='ocrx_word' id='word_1_665' title='bbox 2249 2616 2263 2640; x_wconf 95' lang='lat'><strong>,</strong></span> <span class='ocrx_word' id='word_1_666' title='bbox 2288 2574 2382 2630; x_wconf 88' lang='lat' dir='ltr'><strong>sed</strong></span> <span class='ocrx_word' id='word_1_667' title='bbox 2406 2576 2460 2630; x_wconf 88' lang='lat' dir='ltr'><strong>in</strong></span> <span class='ocrx_word' id='word_1_668' title='bbox 2482 2576 2757 2645; x_wconf 87' lang='lat' dir='ltr'><strong>voluptate</strong></span> <span class='ocrx_word' id='word_1_669' title='bbox 2779 2590 2918 2629; x_wconf 85' lang='lat' dir='ltr'><strong>esse.</strong></span> <span class='ocrx_word' id='word_1_670' title='bbox 2945 2574 3094 2639; x_wconf 89' lang='lat' dir='ltr'><strong>Esto,</strong></span> <span class='ocrx_word' id='word_1_671' title='bbox 3120 2572 3241 2643; x_wconf 86' lang='lat' dir='ltr'><strong>quis</strong></span> <span class='ocrx_word' id='word_1_672' title='bbox 3265 2570 3475 2625; x_wconf 89' lang='lat' dir='ltr'><strong>aridum</strong></span> 
     </span>
    </p>
   </div>
   <div class='ocr_carea' id='block_1_81' title="bbox 1879 2666 3474 2736">
    <p class='ocr_par' dir='ltr' id='par_1_81' title="bbox 1879 2666 3474 2736">
     <span class='ocr_line' id='line_1_81' title="bbox 1879 2666 3474 2736; baseline -0.004 -15"><span class='ocrx_word' id='word_1_673' title='bbox 1879 2667 2166 2721; x_wconf 89' lang='lat' dir='ltr'><strong>manducet</strong></span> <span class='ocrx_word' id='word_1_674' title='bbox 2214 2682 2405 2736; x_wconf 90' lang='lat' dir='ltr'><strong>panem</strong></span> <span class='ocrx_word' id='word_1_675' title='bbox 2437 2710 2450 2730; x_wconf 92' lang='lat'><strong>,</strong></span> <span class='ocrx_word' id='word_1_676' title='bbox 2485 2677 2684 2722; x_wconf 91' lang='lat' dir='ltr'><strong>etcum</strong></span> <span class='ocrx_word' id='word_1_677' title='bbox 2715 2666 2899 2720; x_wconf 88' lang='lat' dir='ltr'><strong>laetitia</strong></span> <span class='ocrx_word' id='word_1_678' title='bbox 2932 2666 3218 2734; x_wconf 86' lang='lat' dir='ltr'><strong>impleatur</strong></span> <span class='ocrx_word' id='word_1_679' title='bbox 3249 2685 3260 2717; x_wconf 88' lang='lat'><strong>:</strong></span> <span class='ocrx_word' id='word_1_680' title='bbox 3295 2677 3474 2717; x_wconf 88' lang='lat' dir='ltr'><strong>annon</strong></span> 
     </span>
    </p>
   </div>
   <div class='ocr_carea' id='block_1_82' title="bbox 1881 2755 3480 2830">
    <p class='ocr_par' dir='ltr' id='par_1_82' title="bbox 1881 2755 3480 2830">
     <span class='ocr_line' id='line_1_82' title="bbox 1881 2755 3480 2830; baseline -0.003 -18"><span class='ocrx_word' id='word_1_681' title='bbox 1881 2759 1982 2814; x_wconf 91' lang='lat' dir='ltr'><strong>hoc</strong></span> <span class='ocrx_word' id='word_1_682' title='bbox 2008 2760 2249 2828; x_wconf 86' lang='lat' dir='ltr'><strong>voluptas</strong></span> <span class='ocrx_word' id='word_1_683' title='bbox 2279 2760 2399 2815; x_wconf 84' lang='lat' dir='ltr'><strong>est?</strong></span> <span class='ocrx_word' id='word_1_684' title='bbox 2426 2761 2570 2830; x_wconf 79' lang='lat' dir='ltr'><strong>Ergo</strong></span> <span class='ocrx_word' id='word_1_685' title='bbox 2602 2769 2654 2814; x_wconf 91' lang='lat' dir='ltr'><strong>et</strong></span> <span class='ocrx_word' id='word_1_686' title='bbox 2684 2759 2798 2814; x_wconf 85' lang='lat' dir='ltr'><strong>haec</strong></span> <span class='ocrx_word' id='word_1_687' title='bbox 2827 2759 3070 2815; x_wconf 88' lang='lat' dir='ltr'><strong>ciborum</strong></span> <span class='ocrx_word' id='word_1_688' title='bbox 3115 2757 3341 2812; x_wconf 84' lang='lat' dir='ltr'><strong>deliciae.</strong></span> <span class='ocrx_word' id='word_1_689' title='bbox 3389 2755 3480 2808; x_wconf 80' lang='lat' dir='ltr'><strong>Vi-</strong></span> 
     </span>
    </p>
   </div>
   <div class='ocr_carea' id='block_1_83' title="bbox 1880 2837 3480 2922">
    <p class='ocr_par' dir='ltr' id='par_1_83' title="bbox 1880 2837 3480 2922">
     <span class='ocr_line' id='line_1_83' title="bbox 1880 2837 3480 2922; baseline -0.004 -16"><span class='ocrx_word' id='word_1_690' title='bbox 1880 2853 2102 2906; x_wconf 63' lang='lat' dir='ltr'><strong>dt-amns</strong></span> <span class='ocrx_word' id='word_1_691' title='bbox 2134 2867 2264 2920; x_wconf 79' lang='lat' dir='ltr'><strong>ergo</strong></span> <span class='ocrx_word' id='word_1_692' title='bbox 2291 2891 2303 2915; x_wconf 91' lang='lat'><strong>,</strong></span> <span class='ocrx_word' id='word_1_693' title='bbox 2335 2852 2525 2922; x_wconf 87' lang='lat' dir='ltr'><strong>quibus</strong></span> <span class='ocrx_word' id='word_1_694' title='bbox 2549 2851 2663 2905; x_wconf 79' lang='lat' dir='ltr'><strong>[nec</strong></span> <span class='ocrx_word' id='word_1_695' title='bbox 2687 2837 2934 2920; x_wconf 89' lang='lat' dir='ltr'><strong>voluptas</strong></span> <span class='ocrx_word' id='word_1_696' title='bbox 2960 2849 3175 2905; x_wconf 88' lang='lat' dir='ltr'><strong>accidat</strong></span> <span class='ocrx_word' id='word_1_697' title='bbox 3202 2891 3214 2912; x_wconf 93' lang='lat'><strong>,</strong></span> <span class='ocrx_word' id='word_1_698' title='bbox 3245 2865 3309 2902; x_wconf 85' lang='lat' dir='ltr'><strong>an</strong></span> <span class='ocrx_word' id='word_1_699' title='bbox 3339 2848 3480 2902; x_wconf 85' lang='lat' dir='ltr'><strong>divi-</strong></span> 
     </span>
    </p>
   </div>
   <div class='ocr_carea' id='block_1_84' title="bbox 1883 2938 3479 3013">
    <p class='ocr_par' dir='ltr' id='par_1_84' title="bbox 1883 2938 3479 3013">
     <span class='ocr_line' id='line_1_84' title="bbox 1883 2938 3479 3013; baseline -0.003 -15"><span class='ocrx_word' id='word_1_700' title='bbox 1883 2945 2042 3009; x_wconf 91' lang='lat' dir='ltr'><strong>tibus,</strong></span> <span class='ocrx_word' id='word_1_701' title='bbox 2071 2960 2138 2998; x_wconf 92' lang='lat' dir='ltr'><strong>an</strong></span> <span class='ocrx_word' id='word_1_702' title='bbox 2168 2959 2273 2998; x_wconf 92' lang='lat' dir='ltr'><strong>non</strong></span> <span class='ocrx_word' id='word_1_703' title='bbox 2301 2943 2572 2999; x_wconf 87' lang='lat' dir='ltr'><strong>divitibus.</strong></span> <span class='ocrx_word' id='word_1_704' title='bbox 2601 2943 2784 3013; x_wconf 85' lang='lat' dir='ltr'><strong>Neque</strong></span> <span class='ocrx_word' id='word_1_705' title='bbox 2817 2943 2900 2996; x_wconf 88' lang='lat' dir='ltr'><strong>his</strong></span> <span class='ocrx_word' id='word_1_706' title='bbox 2921 2983 2935 3008; x_wconf 88' lang='lat'><strong>,</strong></span> <span class='ocrx_word' id='word_1_707' title='bbox 2979 2956 3154 3012; x_wconf 83' lang='lat' dir='ltr'><strong>neque</strong></span> <span class='ocrx_word' id='word_1_708' title='bbox 3200 2940 3307 2994; x_wconf 88' lang='lat' dir='ltr'><strong>illis</strong></span> <span class='ocrx_word' id='word_1_709' title='bbox 3328 2983 3340 3005; x_wconf 95' lang='lat'><strong>,</strong></span> <span class='ocrx_word' id='word_1_710' title='bbox 3385 2938 3479 2993; x_wconf 85' lang='lat' dir='ltr'><strong>sed</strong></span> 
     </span>
    </p>
   </div>
   <div class='ocr_carea' id='block_1_85' title="bbox 1883 3029 3480 3105">
    <p class='ocr_par' dir='ltr' id='par_1_85' title="bbox 1883 3029 3480 3105">
     <span class='ocr_line' id='line_1_85' title="bbox 1883 3029 3480 3105; baseline -0.003 -16"><span class='ocrx_word' id='word_1_711' title='bbox 1883 3038 1946 3090; x_wconf 83' lang='lat' dir='ltr'><strong>iis</strong></span> <span class='ocrx_word' id='word_1_712' title='bbox 1967 3076 1983 3102; x_wconf 90' lang='lat'><strong>,</strong></span> <span class='ocrx_word' id='word_1_713' title='bbox 2011 3037 2099 3105; x_wconf 88' lang='lat' dir='ltr'><strong>qui</strong></span> <span class='ocrx_word' id='word_1_714' title='bbox 2135 3037 2203 3090; x_wconf 91' lang='lat' dir='ltr'><strong>ita</strong></span> <span class='ocrx_word' id='word_1_715' title='bbox 2235 3044 2563 3104; x_wconf 90' lang='lat' dir='ltr'><strong>componunt</strong></span> <span class='ocrx_word' id='word_1_716' title='bbox 2591 3036 2826 3088; x_wconf 89' lang='lat' dir='ltr'><strong>animam</strong></span> <span class='ocrx_word' id='word_1_717' title='bbox 2850 3049 3000 3087; x_wconf 89' lang='lat' dir='ltr'><strong>suam</strong></span> <span class='ocrx_word' id='word_1_718' title='bbox 3025 3075 3038 3098; x_wconf 92' lang='lat'><strong>,</strong></span> <span class='ocrx_word' id='word_1_719' title='bbox 3067 3042 3126 3086; x_wconf 89' lang='lat' dir='ltr'><strong>ut</strong></span> <span class='ocrx_word' id='word_1_720' title='bbox 3169 3047 3237 3085; x_wconf 90' lang='lat' dir='ltr'><strong>ne</strong></span> <span class='ocrx_word' id='word_1_721' title='bbox 3282 3029 3480 3084; x_wconf 87' lang='lat' dir='ltr'><strong>multas</strong></span> 
     </span>
    </p>
   </div>
   <div class='ocr_carea' id='block_1_86' title="bbox 1883 3121 3481 3196">
    <p class='ocr_par' dir='ltr' id='par_1_86' title="bbox 1883 3121 3481 3196">
     <span class='ocr_line' id='line_1_86' title="bbox 1883 3121 3481 3196; baseline -0.004 -15"><span class='ocrx_word' id='word_1_722' title='bbox 1883 3128 2112 3182; x_wconf 90' lang='lat' dir='ltr'><strong>habeant</strong></span> <span class='ocrx_word' id='word_1_723' title='bbox 2143 3143 2438 3183; x_wconf 57' lang='lat' dir='ltr'><strong>maerorum</strong></span> <span class='ocrx_word' id='word_1_724' title='bbox 2461 3141 2673 3181; x_wconf 86' lang='lat' dir='ltr'><strong>causas.</strong></span> <span class='ocrx_word' id='word_1_725' title='bbox 2714 3125 2780 3180; x_wconf 88' lang='lat' dir='ltr'><strong>Et</strong></span> <span class='ocrx_word' id='word_1_726' title='bbox 2825 3125 3009 3196; x_wconf 61' lang='lat' dir='ltr'><strong>qualis,</strong></span> <span class='ocrx_word' id='word_1_727' title='bbox 3037 3133 3121 3178; x_wconf 89' lang='lat' dir='ltr'><strong>est</strong></span> <span class='ocrx_word' id='word_1_728' title='bbox 3166 3123 3282 3177; x_wconf 67' lang='lat' dir='ltr'><strong>hare</strong></span> <span class='ocrx_word' id='word_1_729' title='bbox 3330 3121 3481 3176; x_wconf 83' lang='lat' dir='ltr'><strong>vita?</strong></span> 
     </span>
    </p>
   </div>
   <div class='ocr_carea' id='block_1_87' title="bbox 1883 3214 3481 3289">
    <p class='ocr_par' dir='ltr' id='par_1_87' title="bbox 1883 3214 3481 3289">
     <span class='ocr_line' id='line_1_87' title="bbox 1883 3214 3481 3289; baseline -0.006 -14"><span class='ocrx_word' id='word_1_730' title='bbox 1883 3220 2023 3276; x_wconf 88' lang='lat' dir='ltr'><strong>dicet</strong></span> <span class='ocrx_word' id='word_1_731' title='bbox 2051 3219 2189 3274; x_wconf 88' lang='lat' dir='ltr'><strong>forte</strong></span> <span class='ocrx_word' id='word_1_732' title='bbox 2219 3220 2453 3289; x_wconf 88' lang='lat' dir='ltr'><strong>aliquis;</strong></span> <span class='ocrx_word' id='word_1_733' title='bbox 2486 3219 2644 3274; x_wconf 87' lang='lat' dir='ltr'><strong>video</strong></span> <span class='ocrx_word' id='word_1_734' title='bbox 2669 3221 2812 3274; x_wconf 92' lang='lat' dir='ltr'><strong>enim</strong></span> <span class='ocrx_word' id='word_1_735' title='bbox 2852 3234 2946 3272; x_wconf 86' lang='lat' dir='ltr'><strong>vos</strong></span> <span class='ocrx_word' id='word_1_736' title='bbox 2993 3233 3183 3272; x_wconf 91' lang='lat' dir='ltr'><strong>omnes</strong></span> <span class='ocrx_word' id='word_1_737' title='bbox 3229 3214 3481 3270; x_wconf 86' lang='lat' dir='ltr'><strong>audiendi</strong></span> 
     </span>
    </p>
   </div>
   <div class='ocr_carea' id='block_1_88' title="bbox 1883 3307 3484 3381">
    <p class='ocr_par' dir='ltr' id='par_1_88' title="bbox 1883 3307 3484 3381">
     <span class='ocr_line' id='line_1_88' title="bbox 1883 3307 3484 3381; baseline -0.006 -12"><span class='ocrx_word' id='word_1_738' title='bbox 1883 3313 2061 3369; x_wconf 83' lang='lat' dir='ltr'><strong>Studio</strong></span> <span class='ocrx_word' id='word_1_739' title='bbox 2092 3311 2404 3381; x_wconf 78' lang='lat' dir='ltr'><strong>flagrantes,</strong></span> <span class='ocrx_word' id='word_1_740' title='bbox 2436 3328 2553 3381; x_wconf 77' lang='lat' dir='ltr'><strong>qua:</strong></span> <span class='ocrx_word' id='word_1_741' title='bbox 2581 3312 2649 3365; x_wconf 89' lang='lat' dir='ltr'><strong>sit</strong></span> <span class='ocrx_word' id='word_1_742' title='bbox 2675 3311 2789 3364; x_wconf 76' lang='lat' dir='ltr'><strong>[nec</strong></span> <span class='ocrx_word' id='word_1_743' title='bbox 2817 3312 2924 3364; x_wconf 86' lang='lat' dir='ltr'><strong>vita</strong></span> <span class='ocrx_word' id='word_1_744' title='bbox 2944 3353 2957 3376; x_wconf 92' lang='lat'><strong>,</strong></span> <span class='ocrx_word' id='word_1_745' title='bbox 2992 3326 3111 3380; x_wconf 65' lang='lat' dir='ltr'><strong>quae</strong></span> <span class='ocrx_word' id='word_1_746' title='bbox 3140 3309 3343 3362; x_wconf 90' lang='lat' dir='ltr'><strong>nullum</strong></span> <span class='ocrx_word' id='word_1_747' title='bbox 3387 3307 3484 3360; x_wconf 84' lang='lat' dir='ltr'><strong>ha-</strong></span> 
     </span>
    </p>
   </div>
   <div class='ocr_carea' id='block_1_89' title="bbox 1885 3397 3483 3470">
    <p class='ocr_par' dir='ltr' id='par_1_89' title="bbox 1885 3397 3483 3470">
     <span class='ocr_line' id='line_1_89' title="bbox 1885 3397 3483 3470; baseline -0.007 -12"><span class='ocrx_word' id='word_1_748' title='bbox 1885 3403 2006 3458; x_wconf 90' lang='lat' dir='ltr'><strong>beat</strong></span> <span class='ocrx_word' id='word_1_749' title='bbox 2035 3416 2342 3456; x_wconf 66' lang='lat' dir='ltr'><strong>maerorem.</strong></span> <span class='ocrx_word' id='word_1_750' title='bbox 2375 3399 2538 3470; x_wconf 79' lang='lat' dir='ltr'><strong>Igitur</strong></span> <span class='ocrx_word' id='word_1_751' title='bbox 2560 3402 2611 3455; x_wconf 91' lang='lat' dir='ltr'><strong>in</strong></span> <span class='ocrx_word' id='word_1_752' title='bbox 2640 3401 2888 3456; x_wconf 83' lang='lat' dir='ltr'><strong>confesso</strong></span> <span class='ocrx_word' id='word_1_753' title='bbox 2910 3401 2978 3453; x_wconf 91' lang='lat' dir='ltr'><strong>sit</strong></span> <span class='ocrx_word' id='word_1_754' title='bbox 2999 3399 3138 3468; x_wconf 88' lang='lat' dir='ltr'><strong>apud</strong></span> <span class='ocrx_word' id='word_1_755' title='bbox 3179 3413 3274 3452; x_wconf 89' lang='lat' dir='ltr'><strong>vos</strong></span> <span class='ocrx_word' id='word_1_756' title='bbox 3308 3397 3483 3468; x_wconf 91' lang='lat' dir='ltr'><strong>primo</strong></span> 
     </span>
    </p>
   </div>
   <div class='ocr_carea' id='block_1_90' title="bbox 1885 3491 3483 3561">
    <p class='ocr_par' dir='ltr' id='par_1_90' title="bbox 1885 3491 3483 3561">
     <span class='ocr_line' id='line_1_90' title="bbox 1885 3491 3483 3561; baseline -0.003 -16"><span class='ocrx_word' id='word_1_757' title='bbox 1885 3493 2023 3547; x_wconf 90' lang='lat' dir='ltr'><strong>hanc</strong></span> <span class='ocrx_word' id='word_1_758' title='bbox 2050 3507 2172 3548; x_wconf 91' lang='lat' dir='ltr'><strong>esse</strong></span> <span class='ocrx_word' id='word_1_759' title='bbox 2199 3491 2552 3561; x_wconf 76' lang='lat' dir='ltr'><strong>volbptatem,</strong></span> <span class='ocrx_word' id='word_1_760' title='bbox 2586 3492 2682 3545; x_wconf 90' lang='lat' dir='ltr'><strong>has</strong></span> <span class='ocrx_word' id='word_1_761' title='bbox 2710 3491 2931 3546; x_wconf 86' lang='lat' dir='ltr'><strong>delicias</strong></span> <span class='ocrx_word' id='word_1_762' title='bbox 2958 3533 2971 3557; x_wconf 89' lang='lat'><strong>,</strong></span> <span class='ocrx_word' id='word_1_763' title='bbox 3017 3491 3232 3561; x_wconf 88' lang='lat' dir='ltr'><strong>quando</strong></span> <span class='ocrx_word' id='word_1_764' title='bbox 3282 3503 3483 3544; x_wconf 78' lang='lat' dir='ltr'><strong>mmror</strong></span> 
     </span>
    </p>
   </div>
   <div class='ocr_carea' id='block_1_91' title="bbox 1887 3581 3487 3654">
    <p class='ocr_par' dir='ltr' id='par_1_91' title="bbox 1887 3581 3487 3654">
     <span class='ocr_line' id='line_1_91' title="bbox 1887 3581 3487 3654; baseline -0.003 -16"><span class='ocrx_word' id='word_1_765' title='bbox 1887 3601 1990 3638; x_wconf 93' lang='lat' dir='ltr'><strong>non</strong></span> <span class='ocrx_word' id='word_1_766' title='bbox 2023 3584 2242 3648; x_wconf 91' lang='lat' dir='ltr'><strong>turbat,</strong></span> <span class='ocrx_word' id='word_1_767' title='bbox 2277 3599 2376 3639; x_wconf 87' lang='lat' dir='ltr'><strong>nec</strong></span> <span class='ocrx_word' id='word_1_768' title='bbox 2411 3585 2594 3654; x_wconf 89' lang='lat' dir='ltr'><strong>petita</strong></span> <span class='ocrx_word' id='word_1_769' title='bbox 2624 3600 2712 3639; x_wconf 89' lang='lat' dir='ltr'><strong>me</strong></span> <span class='ocrx_word' id='word_1_770' title='bbox 2754 3600 2946 3641; x_wconf 90' lang='lat' dir='ltr'><strong>carnes</strong></span> <span class='ocrx_word' id='word_1_771' title='bbox 2973 3628 2986 3652; x_wconf 91' lang='lat'><strong>,</strong></span> <span class='ocrx_word' id='word_1_772' title='bbox 3021 3585 3242 3646; x_wconf 89' lang='lat' dir='ltr'><strong>vinum,</strong></span> <span class='ocrx_word' id='word_1_773' title='bbox 3295 3581 3487 3636; x_wconf 83' lang='lat' dir='ltr'><strong>condi-</strong></span> 
     </span>
    </p>
   </div>
   <div class='ocr_carea' id='block_1_92' title="bbox 1886 3675 3478 3743">
    <p class='ocr_par' dir='ltr' id='par_1_92' title="bbox 1886 3675 3478 3743">
     <span class='ocr_line' id='line_1_92' title="bbox 1886 3675 3478 3743; baseline -0.004 -11"><span class='ocrx_word' id='word_1_774' title='bbox 1886 3687 2084 3741; x_wconf 90' lang='lat' dir='ltr'><strong>menta,</strong></span> <span class='ocrx_word' id='word_1_775' title='bbox 2113 3679 2313 3733; x_wconf 91' lang='lat' dir='ltr'><strong>sericas</strong></span> <span class='ocrx_word' id='word_1_776' title='bbox 2335 3685 2513 3732; x_wconf 86' lang='lat' dir='ltr'><strong>vestes</strong></span> <span class='ocrx_word' id='word_1_777' title='bbox 2538 3718 2553 3743; x_wconf 94' lang='lat'><strong>,</strong></span> <span class='ocrx_word' id='word_1_778' title='bbox 2586 3678 2783 3731; x_wconf 86' lang='lat' dir='ltr'><strong>lautam</strong></span> <span class='ocrx_word' id='word_1_779' title='bbox 2822 3693 3086 3732; x_wconf 90' lang='lat' dir='ltr'><strong>mensam.</strong></span> <span class='ocrx_word' id='word_1_780' title='bbox 3120 3679 3188 3730; x_wconf 84' lang='lat' dir='ltr'><strong>At</strong></span> <span class='ocrx_word' id='word_1_781' title='bbox 3216 3675 3259 3729; x_wconf 91' lang='lat' dir='ltr'><strong>si</strong></span> <span class='ocrx_word' id='word_1_782' title='bbox 3290 3685 3478 3730; x_wconf 89' lang='lat' dir='ltr'><strong>osten-</strong></span> 
     </span>
    </p>
   </div>
   <div class='ocr_carea' id='block_1_93' title="bbox 1884 3769 3481 3840">
    <p class='ocr_par' dir='ltr' id='par_1_93' title="bbox 1884 3769 3481 3840">
     <span class='ocr_line' id='line_1_93' title="bbox 1884 3769 3481 3840; baseline -0.003 -16"><span class='ocrx_word' id='word_1_783' title='bbox 1884 3771 2016 3826; x_wconf 88' lang='lat' dir='ltr'><strong>dero</strong></span> <span class='ocrx_word' id='word_1_784' title='bbox 2042 3771 2244 3840; x_wconf 88' lang='lat' dir='ltr'><strong>absque</strong></span> <span class='ocrx_word' id='word_1_785' title='bbox 2273 3771 2355 3824; x_wconf 91' lang='lat' dir='ltr'><strong>his</strong></span> <span class='ocrx_word' id='word_1_786' title='bbox 2389 3773 2550 3826; x_wconf 89' lang='lat' dir='ltr'><strong>talem</strong></span> <span class='ocrx_word' id='word_1_787' title='bbox 2576 3770 2762 3825; x_wconf 88' lang='lat' dir='ltr'><strong>haberi</strong></span> <span class='ocrx_word' id='word_1_788' title='bbox 2797 3772 2956 3825; x_wconf 87' lang='lat' dir='ltr'><strong>vitam</strong></span> <span class='ocrx_word' id='word_1_789' title='bbox 2985 3813 2997 3832; x_wconf 84' lang='lat'><strong>,</strong></span> <span class='ocrx_word' id='word_1_790' title='bbox 3049 3770 3188 3824; x_wconf 90' lang='lat' dir='ltr'><strong>hanc</strong></span> <span class='ocrx_word' id='word_1_791' title='bbox 3233 3769 3481 3836; x_wconf 86' lang='lat' dir='ltr'><strong>volupta—</strong></span> 
     </span>
    </p>
   </div>
   <div class='ocr_carea' id='block_1_94' title="bbox 1888 3861 3479 3933">
    <p class='ocr_par' dir='ltr' id='par_1_94' title="bbox 1888 3861 3479 3933">
     <span class='ocr_line' id='line_1_94' title="bbox 1888 3861 3479 3933; baseline -0.004 -18"><span class='ocrx_word' id='word_1_792' title='bbox 1888 3873 1992 3917; x_wconf 92' lang='lat' dir='ltr'><strong>tem</strong></span> <span class='ocrx_word' id='word_1_793' title='bbox 2021 3902 2036 3927; x_wconf 92' lang='lat'><strong>,</strong></span> <span class='ocrx_word' id='word_1_794' title='bbox 2089 3862 2229 3916; x_wconf 90' lang='lat' dir='ltr'><strong>hanc</strong></span> <span class='ocrx_word' id='word_1_795' title='bbox 2281 3862 2442 3916; x_wconf 85' lang='lat' dir='ltr'><strong>vitam</strong></span> <span class='ocrx_word' id='word_1_796' title='bbox 2492 3863 2690 3933; x_wconf 75' lang='lat' dir='ltr'><strong>dilige:</strong></span> <span class='ocrx_word' id='word_1_797' title='bbox 2721 3863 2886 3916; x_wconf 91' lang='lat' dir='ltr'><strong>multa</strong></span> <span class='ocrx_word' id='word_1_798' title='bbox 2933 3865 3075 3917; x_wconf 91' lang='lat' dir='ltr'><strong>enim</strong></span> <span class='ocrx_word' id='word_1_799' title='bbox 3128 3862 3281 3917; x_wconf 92' lang='lat' dir='ltr'><strong>nobis</strong></span> <span class='ocrx_word' id='word_1_800' title='bbox 3309 3861 3479 3914; x_wconf 82' lang='lat' dir='ltr'><strong>tristia</strong></span> 
     </span>
    </p>
   </div>
   <div class='ocr_carea' id='block_1_95' title="bbox 1884 3953 3477 4023">
    <p class='ocr_par' dir='ltr' id='par_1_95' title="bbox 1884 3953 3477 4023">
     <span class='ocr_line' id='line_1_95' title="bbox 1884 3953 3477 4023; baseline -0.002 -17"><span class='ocrx_word' id='word_1_801' title='bbox 1884 3953 2156 4018; x_wconf 83' lang='lat' dir='ltr'><strong>accidunt,</strong></span> <span class='ocrx_word' id='word_1_802' title='bbox 2189 3967 2256 4008; x_wconf 90' lang='lat' dir='ltr'><strong>eo</strong></span> <span class='ocrx_word' id='word_1_803' title='bbox 2286 3953 2428 4022; x_wconf 91' lang='lat' dir='ltr'><strong>quod</strong></span> <span class='ocrx_word' id='word_1_804' title='bbox 2459 3969 2564 4008; x_wconf 90' lang='lat' dir='ltr'><strong>non</strong></span> <span class='ocrx_word' id='word_1_805' title='bbox 2591 3995 2606 4021; x_wconf 94' lang='lat'><strong>,</strong></span> <span class='ocrx_word' id='word_1_806' title='bbox 2639 3961 2699 4007; x_wconf 89' lang='lat' dir='ltr'><strong>ut</strong></span> <span class='ocrx_word' id='word_1_807' title='bbox 2725 3970 2819 4023; x_wconf 87' lang='lat' dir='ltr'><strong>par</strong></span> <span class='ocrx_word' id='word_1_808' title='bbox 2841 3963 2955 4019; x_wconf 91' lang='lat' dir='ltr'><strong>est,</strong></span> <span class='ocrx_word' id='word_1_809' title='bbox 2983 3969 3044 4008; x_wconf 90' lang='lat' dir='ltr'><strong>ea</strong></span> <span class='ocrx_word' id='word_1_810' title='bbox 3077 3953 3354 4007; x_wconf 90' lang='lat' dir='ltr'><strong>nobiscum</strong></span> <span class='ocrx_word' id='word_1_811' title='bbox 3394 3966 3477 4004; x_wconf 90' lang='lat' dir='ltr'><strong>re-</strong></span> 
     </span>
    </p>
   </div>
   <div class='ocr_carea' id='block_1_96' title="bbox 1887 4046 3484 4117">
    <p class='ocr_par' dir='ltr' id='par_1_96' title="bbox 1887 4046 3484 4117">
     <span class='ocr_line' id='line_1_96' title="bbox 1887 4046 3484 4117; baseline 0.003 -21"><span class='ocrx_word' id='word_1_812' title='bbox 1887 4057 2159 4115; x_wconf 87' lang='lat' dir='ltr'><strong>putemus.</strong></span> <span class='ocrx_word' id='word_1_813' title='bbox 2191 4046 2322 4113; x_wconf 88' lang='lat' dir='ltr'><strong>Quis</strong></span> <span class='ocrx_word' id='word_1_814' title='bbox 2371 4047 2533 4116; x_wconf 78' lang='lat' dir='ltr'><strong>igitur</strong></span> <span class='ocrx_word' id='word_1_815' title='bbox 2576 4049 2747 4117; x_wconf 81' lang='lat' dir='ltr'><strong>magis</strong></span> <span class='ocrx_word' id='word_1_816' title='bbox 2800 4047 3046 4113; x_wconf 88' lang='lat' dir='ltr'><strong>dolebit,</strong></span> <span class='ocrx_word' id='word_1_817' title='bbox 3091 4048 3206 4102; x_wconf 90' lang='lat' dir='ltr'><strong>isne</strong></span> <span class='ocrx_word' id='word_1_818' title='bbox 3255 4046 3344 4116; x_wconf 87' lang='lat' dir='ltr'><strong>qui</strong></span> <span class='ocrx_word' id='word_1_819' title='bbox 3395 4046 3484 4100; x_wconf 89' lang='lat' dir='ltr'><strong>illa</strong></span> 
     </span>
    </p>
   </div>
   <div class='ocr_carea' id='block_1_97' title="bbox 1885 4137 3480 4207">
    <p class='ocr_par' dir='ltr' id='par_1_97' title="bbox 1885 4137 3480 4207">
     <span class='ocr_line' id='line_1_97' title="bbox 1885 4137 3480 4207; baseline -0.001 -17"><span class='ocrx_word' id='word_1_820' title='bbox 1885 4137 2018 4190; x_wconf 90' lang='lat' dir='ltr'><strong>nihil</strong></span> <span class='ocrx_word' id='word_1_821' title='bbox 2046 4146 2237 4201; x_wconf 91' lang='lat' dir='ltr'><strong>curat,</strong></span> <span class='ocrx_word' id='word_1_822' title='bbox 2280 4152 2347 4190; x_wconf 85' lang='lat' dir='ltr'><strong>an</strong></span> <span class='ocrx_word' id='word_1_823' title='bbox 2379 4139 2423 4192; x_wconf 91' lang='lat' dir='ltr'><strong>is</strong></span> <span class='ocrx_word' id='word_1_824' title='bbox 2450 4139 2538 4206; x_wconf 92' lang='lat' dir='ltr'><strong>qui</strong></span> <span class='ocrx_word' id='word_1_825' title='bbox 2579 4139 2775 4192; x_wconf 88' lang='lat' dir='ltr'><strong>curat?</strong></span> <span class='ocrx_word' id='word_1_826' title='bbox 2803 4139 2891 4207; x_wconf 87' lang='lat' dir='ltr'><strong>qui</strong></span> <span class='ocrx_word' id='word_1_827' title='bbox 2923 4138 3320 4194; x_wconf 89' lang='lat' dir='ltr'><strong>vicissitudines</strong></span> <span class='ocrx_word' id='word_1_828' title='bbox 3367 4153 3480 4190; x_wconf 84' lang='lat' dir='ltr'><strong>mc-</strong></span> 
     </span>
    </p>
   </div>
   <div class='ocr_carea' id='block_1_98' title="bbox 1887 4227 3478 4299">
    <p class='ocr_par' dir='ltr' id='par_1_98' title="bbox 1887 4227 3478 4299">
     <span class='ocr_line' id='line_1_98' title="bbox 1887 4227 3478 4299; baseline 0 -19"><span class='ocrx_word' id='word_1_829' title='bbox 1887 4228 1985 4281; x_wconf 91' lang='lat' dir='ltr'><strong>tuit</strong></span> <span class='ocrx_word' id='word_1_830' title='bbox 2010 4269 2023 4293; x_wconf 92' lang='lat'><strong>,</strong></span> <span class='ocrx_word' id='word_1_831' title='bbox 2049 4242 2115 4281; x_wconf 92' lang='lat' dir='ltr'><strong>an</strong></span> <span class='ocrx_word' id='word_1_832' title='bbox 2143 4227 2233 4296; x_wconf 89' lang='lat' dir='ltr'><strong>qui</strong></span> <span class='ocrx_word' id='word_1_833' title='bbox 2264 4243 2368 4282; x_wconf 90' lang='lat' dir='ltr'><strong>non</strong></span> <span class='ocrx_word' id='word_1_834' title='bbox 2394 4229 2616 4282; x_wconf 84' lang='lat' dir='ltr'><strong>metuit?</strong></span> <span class='ocrx_word' id='word_1_835' title='bbox 2646 4230 2736 4299; x_wconf 91' lang='lat' dir='ltr'><strong>qui</strong></span> <span class='ocrx_word' id='word_1_836' title='bbox 2770 4230 2994 4284; x_wconf 74' lang='lat' dir='ltr'><strong>liVurcm</strong></span> <span class='ocrx_word' id='word_1_837' title='bbox 3022 4270 3036 4294; x_wconf 94' lang='lat'><strong>,</strong></span> <span class='ocrx_word' id='word_1_838' title='bbox 3070 4229 3323 4283; x_wconf 83' lang='lat' dir='ltr'><strong>invidiam</strong></span> <span class='ocrx_word' id='word_1_839' title='bbox 3352 4269 3364 4290; x_wconf 91' lang='lat'><strong>,</strong></span> <span class='ocrx_word' id='word_1_840' title='bbox 3397 4242 3478 4297; x_wconf 83' lang='lat' dir='ltr'><strong>sy-</strong></span> 
     </span>
    </p>
   </div>
   <div class='ocr_carea' id='block_1_99' title="bbox 1885 4303 3488 4389">
    <p class='ocr_par' dir='ltr' id='par_1_99' title="bbox 1885 4303 3488 4389">
     <span class='ocr_line' id='line_1_99' title="bbox 1885 4303 3488 4389; baseline 0.001 -18"><span class='ocrx_word' id='word_1_841' title='bbox 1885 4303 2200 4386; x_wconf 69' lang='lat' dir='ltr'><strong>cophantias</strong></span> <span class='ocrx_word' id='word_1_842' title='bbox 2223 4359 2237 4382; x_wconf 92' lang='lat'><strong>,</strong></span> <span class='ocrx_word' id='word_1_843' title='bbox 2271 4318 2492 4373; x_wconf 89' lang='lat' dir='ltr'><strong>insidias</strong></span> <span class='ocrx_word' id='word_1_844' title='bbox 2519 4362 2532 4385; x_wconf 98' lang='lat'><strong>,</strong></span> <span class='ocrx_word' id='word_1_845' title='bbox 2568 4320 2859 4389; x_wconf 79' lang='lat' dir='ltr'><strong>perniciem</strong></span> <span class='ocrx_word' id='word_1_846' title='bbox 2894 4320 3084 4385; x_wconf 90' lang='lat' dir='ltr'><strong>timet,</strong></span> <span class='ocrx_word' id='word_1_847' title='bbox 3129 4334 3196 4373; x_wconf 90' lang='lat' dir='ltr'><strong>an</strong></span> <span class='ocrx_word' id='word_1_848' title='bbox 3240 4319 3330 4388; x_wconf 88' lang='lat' dir='ltr'><strong>qui</strong></span> <span class='ocrx_word' id='word_1_849' title='bbox 3381 4335 3488 4372; x_wconf 89' lang='lat' dir='ltr'><strong>non</strong></span> 
     </span>
    </p>
   </div>
   <div class='ocr_carea' id='block_1_100' title="bbox 1887 4408 3486 4481">
    <p class='ocr_par' dir='ltr' id='par_1_100' title="bbox 1887 4408 3486 4481">
     <span class='ocr_line' id='line_1_100' title="bbox 1887 4408 3486 4481; baseline 0.001 -19"><span class='ocrx_word' id='word_1_850' title='bbox 1887 4408 2080 4463; x_wconf 85' lang='lat' dir='ltr'><strong>timet?</strong></span> <span class='ocrx_word' id='word_1_851' title='bbox 2111 4410 2199 4478; x_wconf 92' lang='lat' dir='ltr'><strong>qui</strong></span> <span class='ocrx_word' id='word_1_852' title='bbox 2228 4409 2435 4474; x_wconf 91' lang='lat' dir='ltr'><strong>multis,</strong></span> <span class='ocrx_word' id='word_1_853' title='bbox 2467 4425 2532 4462; x_wconf 89' lang='lat' dir='ltr'><strong>an</strong></span> <span class='ocrx_word' id='word_1_854' title='bbox 2563 4411 2652 4480; x_wconf 90' lang='lat' dir='ltr'><strong>qui</strong></span> <span class='ocrx_word' id='word_1_855' title='bbox 2686 4412 2830 4466; x_wconf 90' lang='lat' dir='ltr'><strong>nullo</strong></span> <span class='ocrx_word' id='word_1_856' title='bbox 2861 4412 3102 4481; x_wconf 73' lang='lat' dir='ltr'><strong>indiget“!</strong></span> <span class='ocrx_word' id='word_1_857' title='bbox 3123 4411 3212 4480; x_wconf 91' lang='lat' dir='ltr'><strong>qui</strong></span> <span class='ocrx_word' id='word_1_858' title='bbox 3239 4410 3486 4464; x_wconf 88' lang='lat' dir='ltr'><strong>innume-</strong></span> 
     </span>
    </p>
   </div>
   <div class='ocr_carea' id='block_1_101' title="bbox 1885 4501 3484 4572">
    <p class='ocr_par' dir='ltr' id='par_1_101' title="bbox 1885 4501 3484 4572">
     <span class='ocr_line' id='line_1_101' title="bbox 1885 4501 3484 4572; baseline 0 -19"><span class='ocrx_word' id='word_1_859' title='bbox 1885 4501 1991 4565; x_wconf 90' lang='lat' dir='ltr'><strong>ris,</strong></span> <span class='ocrx_word' id='word_1_860' title='bbox 2025 4517 2091 4554; x_wconf 90' lang='lat' dir='ltr'><strong>an</strong></span> <span class='ocrx_word' id='word_1_861' title='bbox 2121 4501 2210 4570; x_wconf 91' lang='lat' dir='ltr'><strong>qni</strong></span> <span class='ocrx_word' id='word_1_862' title='bbox 2240 4502 2370 4554; x_wconf 91' lang='lat' dir='ltr'><strong>nulli</strong></span> <span class='ocrx_word' id='word_1_863' title='bbox 2400 4504 2607 4556; x_wconf 87' lang='lat' dir='ltr'><strong>servit?</strong></span> <span class='ocrx_word' id='word_1_864' title='bbox 2637 4504 2726 4572; x_wconf 92' lang='lat' dir='ltr'><strong>qui</strong></span> <span class='ocrx_word' id='word_1_865' title='bbox 2757 4504 2935 4557; x_wconf 89' lang='lat' dir='ltr'><strong>multis</strong></span> <span class='ocrx_word' id='word_1_866' title='bbox 2980 4517 3118 4572; x_wconf 91' lang='lat' dir='ltr'><strong>opus</strong></span> <span class='ocrx_word' id='word_1_867' title='bbox 3165 4503 3366 4567; x_wconf 89' lang='lat' dir='ltr'><strong>habet,</strong></span> <span class='ocrx_word' id='word_1_868' title='bbox 3417 4516 3484 4554; x_wconf 92' lang='lat' dir='ltr'><strong>an</strong></span> 
     </span>
    </p>
   </div>
   <div class='ocr_carea' id='block_1_102' title="bbox 1885 4591 3488 4662">
    <p class='ocr_par' dir='ltr' id='par_1_102' title="bbox 1885 4591 3488 4662">
     <span class='ocr_line' id='line_1_102' title="bbox 1885 4591 3488 4662; baseline 0 -17"><span class='ocrx_word' id='word_1_869' title='bbox 1885 4593 1976 4661; x_wconf 90' lang='lat' dir='ltr'><strong>qui</strong></span> <span class='ocrx_word' id='word_1_870' title='bbox 2008 4593 2145 4645; x_wconf 91' lang='lat' dir='ltr'><strong>liber</strong></span> <span class='ocrx_word' id='word_1_871' title='bbox 2172 4593 2299 4646; x_wconf 90' lang='lat' dir='ltr'><strong>est?</strong></span> <span class='ocrx_word' id='word_1_872' title='bbox 2326 4593 2414 4662; x_wconf 90' lang='lat' dir='ltr'><strong>qui</strong></span> <span class='ocrx_word' id='word_1_873' title='bbox 2447 4610 2610 4647; x_wconf 93' lang='lat' dir='ltr'><strong>unum</strong></span> <span class='ocrx_word' id='word_1_874' title='bbox 2643 4595 2796 4648; x_wconf 89' lang='lat' dir='ltr'><strong>timet</strong></span> <span class='ocrx_word' id='word_1_875' title='bbox 2825 4594 3125 4657; x_wconf 89' lang='lat' dir='ltr'><strong>dominum,</strong></span> <span class='ocrx_word' id='word_1_876' title='bbox 3156 4609 3221 4646; x_wconf 89' lang='lat' dir='ltr'><strong>an</strong></span> <span class='ocrx_word' id='word_1_877' title='bbox 3247 4591 3336 4662; x_wconf 88' lang='lat' dir='ltr'><strong>qui</strong></span> <span class='ocrx_word' id='word_1_878' title='bbox 3364 4607 3488 4646; x_wconf 79' lang='lat' dir='ltr'><strong>sex-</strong></span> 
     </span>
    </p>
   </div>
   <div class='ocr_carea' id='block_1_103' title="bbox 1887 4682 3488 4755">
    <p class='ocr_par' dir='ltr' id='par_1_103' title="bbox 1887 4682 3488 4755">
     <span class='ocr_line' id='line_1_103' title="bbox 1887 4682 3488 4755; baseline 0.001 -20"><span class='ocrx_word' id='word_1_879' title='bbox 1887 4682 2119 4736; x_wconf 88' lang='lat' dir='ltr'><strong>centos?</strong></span> <span class='ocrx_word' id='word_1_880' title='bbox 2146 4683 2287 4752; x_wconf 77' lang='lat' dir='ltr'><strong>Ergo</strong></span> <span class='ocrx_word' id='word_1_881' title='bbox 2316 4683 2485 4752; x_wconf 86' lang='lat' dir='ltr'><strong>major</strong></span> <span class='ocrx_word' id='word_1_882' title='bbox 2515 4683 2602 4738; x_wconf 89' lang='lat' dir='ltr'><strong>hic</strong></span> <span class='ocrx_word' id='word_1_883' title='bbox 2647 4684 2893 4755; x_wconf 84' lang='lat' dir='ltr'><strong>voluptas</strong></span> <span class='ocrx_word' id='word_1_884' title='bbox 2943 4693 3044 4738; x_wconf 91' lang='lat' dir='ltr'><strong>est.</strong></span> <span class='ocrx_word' id='word_1_885' title='bbox 3100 4683 3252 4737; x_wconf 84' lang='lat' dir='ltr'><strong>Hanc</strong></span> <span class='ocrx_word' id='word_1_886' title='bbox 3306 4683 3488 4751; x_wconf 88' lang='lat' dir='ltr'><strong>itaque</strong></span> 
     </span>
    </p>
   </div>
   <div class='ocr_carea' id='block_1_104' title="bbox 1885 4772 3499 4844">
    <p class='ocr_par' dir='ltr' id='par_1_104' title="bbox 1885 4772 3499 4844">
     <span class='ocr_line' id='line_1_104' title="bbox 1885 4772 3499 4844; baseline -0.001 -17"><span class='ocrx_word' id='word_1_887' title='bbox 1885 4781 2173 4839; x_wconf 83' lang='lat' dir='ltr'><strong>sectemur,</strong></span> <span class='ocrx_word' id='word_1_888' title='bbox 2204 4789 2379 4842; x_wconf 88' lang='lat' dir='ltr'><strong>neque</strong></span> <span class='ocrx_word' id='word_1_889' title='bbox 2407 4775 2760 4844; x_wconf 57' lang='lat' dir='ltr'><strong>praesentibus</strong></span> <span class='ocrx_word' id='word_1_890' title='bbox 2783 4775 3088 4840; x_wconf 88' lang='lat' dir='ltr'><strong>inhiemus;</strong></span> <span class='ocrx_word' id='word_1_891' title='bbox 3117 4774 3211 4829; x_wconf 79' lang='lat' dir='ltr'><strong>sed</strong></span> <span class='ocrx_word' id='word_1_892' title='bbox 3243 4772 3499 4828; x_wconf 56' lang='lat' dir='ltr'><strong>deridea:</strong></span> 
     </span>
    </p>
   </div>
   <div class='ocr_carea' id='block_1_105' title="bbox 1886 4863 3482 4935">
    <p class='ocr_par' dir='ltr' id='par_1_105' title="bbox 1886 4863 3482 4935">
     <span class='ocr_line' id='line_1_105' title="bbox 1886 4863 3482 4935; baseline -0.001 -18"><span class='ocrx_word' id='word_1_893' title='bbox 1886 4877 2005 4917; x_wconf 87' lang='lat' dir='ltr'><strong>mus</strong></span> <span class='ocrx_word' id='word_1_894' title='bbox 2025 4880 2240 4918; x_wconf 87' lang='lat' dir='ltr'><strong>onmem</strong></span> <span class='ocrx_word' id='word_1_895' title='bbox 2265 4866 2383 4918; x_wconf 74' lang='lat' dir='ltr'><strong>vita:</strong></span> <span class='ocrx_word' id='word_1_896' title='bbox 2409 4863 2624 4928; x_wconf 86' lang='lat' dir='ltr'><strong>fastum,</strong></span> <span class='ocrx_word' id='word_1_897' title='bbox 2652 4877 2705 4920; x_wconf 91' lang='lat' dir='ltr'><strong>et</strong></span> <span class='ocrx_word' id='word_1_898' title='bbox 2729 4867 2924 4935; x_wconf 90' lang='lat' dir='ltr'><strong>ubique</strong></span> <span class='ocrx_word' id='word_1_899' title='bbox 2940 4869 3154 4921; x_wconf 87' lang='lat' dir='ltr'><strong>modum</strong></span> <span class='ocrx_word' id='word_1_900' title='bbox 3177 4880 3482 4929; x_wconf 84' lang='lat' dir='ltr'><strong>servemus,</strong></span> 
     </span>
    </p>
   </div>
   <div class='ocr_carea' id='block_1_106' title="bbox 1887 4957 3484 5027">
    <p class='ocr_par' dir='ltr' id='par_1_106' title="bbox 1887 4957 3484 5027">
     <span class='ocr_line' id='line_1_106' title="bbox 1887 4957 3484 5027; baseline 0.001 -19"><span class='ocrx_word' id='word_1_901' title='bbox 1887 4964 1943 5008; x_wconf 88' lang='lat' dir='ltr'><strong>ut</strong></span> <span class='ocrx_word' id='word_1_902' title='bbox 1971 4957 2236 5024; x_wconf 89' lang='lat' dir='ltr'><strong>possimus</strong></span> <span class='ocrx_word' id='word_1_903' title='bbox 2267 4957 2406 5010; x_wconf 89' lang='lat' dir='ltr'><strong>hanc</strong></span> <span class='ocrx_word' id='word_1_904' title='bbox 2432 4958 2594 5011; x_wconf 88' lang='lat' dir='ltr'><strong>vitam</strong></span> <span class='ocrx_word' id='word_1_905' title='bbox 2621 4958 2738 5012; x_wconf 89' lang='lat' dir='ltr'><strong>sine</strong></span> <span class='ocrx_word' id='word_1_906' title='bbox 2766 4973 3001 5014; x_wconf 61' lang='lat' dir='ltr'><strong>maerore</strong></span> <span class='ocrx_word' id='word_1_907' title='bbox 3034 4959 3331 5027; x_wconf 64' lang='lat' dir='ltr'><strong>transigere</strong></span> <span class='ocrx_word' id='word_1_908' title='bbox 3358 5000 3371 5020; x_wconf 89' lang='lat'><strong>,</strong></span> <span class='ocrx_word' id='word_1_909' title='bbox 3431 4967 3484 5011; x_wconf 89' lang='lat' dir='ltr'><strong>et</strong></span> 
     </span>
    </p>
   </div>
   <div class='ocr_carea' id='block_1_107' title="bbox 1889 5045 3475 5117">
    <p class='ocr_par' dir='ltr' id='par_1_107' title="bbox 1889 5045 3475 5117">
     <span class='ocr_line' id='line_1_107' title="bbox 1889 5045 3475 5117; baseline 0.002 -21"><span class='ocrx_word' id='word_1_910' title='bbox 1889 5045 2148 5112; x_wconf 87' lang='lat' dir='ltr'><strong>promissa</strong></span> <span class='ocrx_word' id='word_1_911' title='bbox 2175 5049 2433 5116; x_wconf 84' lang='lat' dir='ltr'><strong>consequi</strong></span> <span class='ocrx_word' id='word_1_912' title='bbox 2452 5048 2612 5112; x_wconf 91' lang='lat' dir='ltr'><strong>bona,</strong></span> <span class='ocrx_word' id='word_1_913' title='bbox 2637 5048 2808 5117; x_wconf 78' lang='lat' dir='ltr'><strong>gratia</strong></span> <span class='ocrx_word' id='word_1_914' title='bbox 2834 5058 2886 5102; x_wconf 91' lang='lat' dir='ltr'><strong>et</strong></span> <span class='ocrx_word' id='word_1_915' title='bbox 2910 5047 3240 5115; x_wconf 75' lang='lat' dir='ltr'><strong>benignitate</strong></span> <span class='ocrx_word' id='word_1_916' title='bbox 3266 5048 3475 5102; x_wconf 91' lang='lat' dir='ltr'><strong>Domini</strong></span> 
     </span>
    </p>
   </div>
   <div class='ocr_carea' id='block_1_108' title="bbox 1887 5138 3482 5210">
    <p class='ocr_par' dir='ltr' id='par_1_108' title="bbox 1887 5138 3482 5210">
     <span class='ocr_line' id='line_1_108' title="bbox 1887 5138 3482 5210; baseline 0 -20"><span class='ocrx_word' id='word_1_917' title='bbox 1887 5139 2058 5191; x_wconf 89' lang='lat' dir='ltr'><strong>nostri</strong></span> <span class='ocrx_word' id='word_1_918' title='bbox 2089 5138 2214 5192; x_wconf 85' lang='lat' dir='ltr'><strong>Jesu</strong></span> <span class='ocrx_word' id='word_1_919' title='bbox 2247 5138 2466 5204; x_wconf 88' lang='lat' dir='ltr'><strong>Christi,</strong></span> <span class='ocrx_word' id='word_1_920' title='bbox 2498 5141 2712 5210; x_wconf 89' lang='lat' dir='ltr'><strong>quicum</strong></span> <span class='ocrx_word' id='word_1_921' title='bbox 2743 5140 2887 5194; x_wconf 89' lang='lat' dir='ltr'><strong>Patri</strong></span> <span class='ocrx_word' id='word_1_922' title='bbox 2930 5148 2984 5193; x_wconf 86' lang='lat' dir='ltr'><strong>et</strong></span> <span class='ocrx_word' id='word_1_923' title='bbox 3024 5140 3248 5210; x_wconf 86' lang='lat' dir='ltr'><strong>Spiritui</strong></span> <span class='ocrx_word' id='word_1_924' title='bbox 3297 5152 3482 5193; x_wconf 81' lang='lat' dir='ltr'><strong>sancio</strong></span> 
     </span>
    </p>
   </div>
   <div class='ocr_carea' id='block_1_109' title="bbox 1885 5231 3482 5302">
    <p class='ocr_par' dir='ltr' id='par_1_109' title="bbox 1885 5231 3482 5302">
     <span class='ocr_line' id='line_1_109' title="bbox 1885 5231 3482 5302; baseline 0 -18"><span class='ocrx_word' id='word_1_925' title='bbox 1885 5233 2075 5301; x_wconf 79' lang='lat' dir='ltr'><strong>gloria,</strong></span> <span class='ocrx_word' id='word_1_926' title='bbox 2108 5235 2416 5302; x_wconf 88' lang='lat' dir='ltr'><strong>imperium,</strong></span> <span class='ocrx_word' id='word_1_927' title='bbox 2450 5234 2647 5302; x_wconf 88' lang='lat' dir='ltr'><strong>honor,</strong></span> <span class='ocrx_word' id='word_1_928' title='bbox 2683 5250 2823 5290; x_wconf 90' lang='lat' dir='ltr'><strong>nunc</strong></span> <span class='ocrx_word' id='word_1_929' title='bbox 2851 5243 2904 5290; x_wconf 94' lang='lat' dir='ltr'><strong>ct</strong></span> <span class='ocrx_word' id='word_1_930' title='bbox 2932 5248 3147 5302; x_wconf 88' lang='lat' dir='ltr'><strong>semper</strong></span> <span class='ocrx_word' id='word_1_931' title='bbox 3168 5271 3184 5297; x_wconf 89' lang='lat'><strong>,</strong></span> <span class='ocrx_word' id='word_1_932' title='bbox 3217 5241 3272 5287; x_wconf 88' lang='lat' dir='ltr'><strong>et</strong></span> <span class='ocrx_word' id='word_1_933' title='bbox 3295 5231 3346 5286; x_wconf 90' lang='lat' dir='ltr'><strong>in</strong></span> <span class='ocrx_word' id='word_1_934' title='bbox 3377 5247 3482 5286; x_wconf 78' lang='lat' dir='ltr'><strong>sa:—</strong></span> 
     </span>
    </p>
   </div>
   <div class='ocr_carea' id='block_1_110' title="bbox 1885 5325 2597 5382">
    <p class='ocr_par' dir='ltr' id='par_1_110' title="bbox 1885 5325 2597 5382">
     <span class='ocr_line' id='line_1_110' title="bbox 1885 5325 2597 5382; baseline 0.003 -2"><span class='ocrx_word' id='word_1_935' title='bbox 1885 5325 2004 5380; x_wconf 91' lang='lat' dir='ltr'><strong>cula</strong></span> <span class='ocrx_word' id='word_1_936' title='bbox 2031 5326 2374 5381; x_wconf 70' lang='lat' dir='ltr'><strong>smculorum.</strong></span> <span class='ocrx_word' id='word_1_937' title='bbox 2405 5328 2597 5382; x_wconf 86' lang='lat' dir='ltr'><strong>Amen.</strong></span> 
     </span>
    </p>
   </div>
  </div>
