4094 6336
676 450 779 508 εεῖ

1377 562 3560 590 .——_—_————_——-————_———____—_

1373 448 1431 505 S.
1470 445 1747 505 JOANNIS
1784 439 2252 501 ειηιγεοδτωίι
2292 440 2601 497 AntiiltEP.
2643 440 3172 507 CONSTANTINOP.

3822 460 3927 519 368

3565 576 3861 594 ’.ψ

1996 624 2331 688 HOMlLlA
2374 626 2532 688 LIII.

679 772 808 827 Cn.
851 772 942 828 26.
988 788 1041 827 v.
1082 772 1169 828 '50.
1213 772 1277 827 Et
1316 772 1595 826 assurrexit
1631 785 1741 835 rex,
1792 783 1979 837 praeses
2016 776 2061 820 et
2107 762 2231 818 Bor-

740 864 869 928 uice,
899 872 946 918 et
977 867 1065 934 qui
1089 865 1376 919 assidebam
1409 865 1479 917 eis
1498 877 1517 915 :
1554 862 1643 915 3i.
1678 871 1722 914 et
1752 876 1867 913 cum
1900 859 2235 918 secessissent,

742 955 1072 1024 loquebantur
1108 955 1178 1008 ad
1212 956 1437 1019 invicem,
1480 953 1699 1007 dicentes
1729 967 1746 1005 :
1780 950 1927 1005 Nihil
1965 955 2123 1002 marte
2152 957 2238 1001 aut

740 1048 953 1102 vinculis
986 1048 1195 1116 dignum
1224 1047 1340 1115 fecit
1370 1046 1451 1099 hic
1478 1046 1647 1099 homo.
1690 1044 1778 1099 52.
1808 1043 2034 1113 Agrippa
2071 1049 2238 1092 autem

746 1138 895 1192 Festo
922 1140 1049 1191 dixit
1076 1154 1099 1193 :
1124 1137 1319 1191 Dimitti
1345 1146 1538 1208 poterat
1567 1137 1713 1190 homo
1740 1136 1839 1199 hic,
1868 1133 1911 1186 si
1937 1148 2034 1185 non
2062 1130 2239 1200 appel-

741 1231 891 1283 lasset
914 1227 1180 1283 Cesarem.

742 1320 794 1372 1.
841 1318 970 1374 Vide
993 1317 1259 1388 quomodo
1282 1333 1491 1373 rursum
1515 1332 1609 1386 pro
1631 1316 1721 1371 illo
1748 1314 2009 1370 calculum
2030 1311 2233 1366 ferunt:

670 1410 829 1464 etiam
866 1418 1142 1478 postquam
1187 1407 1375 1464 Festus
1416 1408 1644 1473 dixerat,
1688 1405 1910 1471 Insanis,
1956 1403 2238 1457 absolvunt

669 1501 840 1566 illum,
880 1514 984 1554 non
1012 1500 1184 1555 solum
1211 1515 1241 1554 a
1273 1507 1465 1571 morte,
1510 1497 1603 1553 sed
1630 1498 1787 1552 etiam
1831 1510 1860 1548 a
1888 1492 2144 1555 vinculis;
2173 1505 2237 1545 ac

668 1590 878 1645 demum
905 1584 1229 1645 dimisissent
1259 1590 1356 1643 nisi
1388 1588 1649 1643 Caesarem
1682 1586 2014 1655 appellasset.
2039 1581 2235 1636 Verum

671 1683 772 1737 hoc
800 1698 863 1736 ex
890 1681 1216 1751 providentia
1240 1680 1432 1735 factum
1454 1688 1528 1733 est
1552 1696 1567 1743 ;
1596 1692 1700 1731 non
1720 1677 1891 1730 solum
1914 1684 2089 1728 autem
2111 1673 2231 1741 hoc,

667 1774 760 1828 sed
794 1776 952 1828 etiam
1003 1772 1142 1841 quod
1190 1787 1306 1827 cum
1342 1770 1563 1825 vinculis
1605 1769 1791 1823 abiret.
1833 1766 1955 1821 ldeo
1994 1764 2231 1831 dicebat,

670 1863 837 1933 Usque
864 1862 935 1915 ad
968 1862 1168 1916 vincuia
1197 1862 1340 1930 quasi
1376 1862 1505 1914 mute
1547 1876 1760 1928 aperans
1799 1857 1874 1929 (2.
1912 1857 2044 1911 Tim.
2073 1856 2127 1909 2.
2152 1856 2210 1924 9)

664 1955 719 2009 Si
771 1956 911 2007 enim
974 1954 1225 2007 Dominus
1273 1953 1389 2022 ejus
1432 1967 1552 2007 cum
1606 1953 1797 2021 iniquis
1842 1958 2113 2019 reputatus
2154 1958 2235 2003 est
2293 2024 2301 2033 '

669 2044 859 2109 (Marc.
892 2044 980 2098 15.
1006 2044 1122 2111 28),
1164 2044 1334 2097 multo
1363 2043 1527 2111 magis
1561 2042 1671 2105 hic;
1707 2040 1797 2095 sed
1828 2043 1963 2094 sicut
2004 2040 2092 2092 ille
2117 2039 2232 2108 glo-

666 2134 797 2187 ria.n
829 2149 933 2187 non
974 2134 1212 2198 curavit,
1245 2134 1314 2186 ita
1363 2147 1535 2201 neque
1577 2132 1683 2189 hic.
1725 2129 2048 2184 Admirabile
2088 2126 2229 2183 enim

664 2233 743 2277 cst
797 2223 937 2292 quod
963 2224 1099 2277 inter
1123 2222 1240 2278 illos
1268 2224 1482 2288 mixtus,
1509 2222 1636 2276 nihil
1661 2222 1782 2276 inde
1812 2220 1989 2275 damni
2012 2234 2231 2287 accepe-

664 2326 749 2369 rit.
784 2315 948 2385 (Cap.
976 2306 1138 2377 27-)1
1169 2316 1218 2370 l.
1247 2314 1316 2370 Ut
1346 2324 1521 2369 autem
1572 2314 1843 2369 decretum
1883 2312 2013 2375 fuit,
2045 2319 2102 2365 ut
2137 2324 2234 2364 nos

666 2408 1031 2477 navigaremus
1060 2406 1113 2460 in
1142 2405 1366 2471 Italiam,
1400 2404 1728 2459 tradiderunt
1756 2404 1975 2458 Paulum
2002 2411 2055 2457 et
2075 2415 2234 2471 quos-

667 2499 787 2549 dam
817 2497 951 2552 alios
980 2500 1182 2551 vinctos
1209 2497 1526 2559 centurioni,
1567 2496 1780 2549 nomine
1806 2494 1966 2560 Julio,
1996 2494 2231 2547 cohortis

663 2592 933 2659 Augustae.
971 2590 1025 2644 2.
1060 2591 1362 2643 Cousceusa
1394 2588 1514 2641 navi
1541 2586 1908 2653 Adrumetiua,
1940 2587 2230 2655 navigaturi

666 2682 805 2733 circa
850 2679 991 2734 Asia:
1033 2680 1147 2733 loca
1210 2679 1490 2745 solvimus,
1537 2686 1911 2747 perseverante
1957 2678 2230 2732 nobiscum

669 2769 979 2824 Aristarcho
1020 2769 1308 2824 Macedone
1346 2770 1829 2825 Thessalonicensi.
1880 2770 1933 2824 5.
1976 2768 2232 2838 Sequenti

664 2871 838 2916 autem
867 2862 954 2916 die
978 2862 1277 2930 appulimus
1305 2861 1576 2917 Sidonem.
1609 2879 1629 2913 ι
1666 2861 1797 2916 Vide
1823 2876 2097 2931 quousque
2136 2875 2231 2915 co-

664 2954 882 3007 mitatur
908 2952 1126 3006 Paulum
1172 2952 1527 3007 Aristarchus.
1564 2952 1707 3007 Bene
1748 2954 1910 3007 etiam
1950 2961 2004 3007 et
2035 2951 2233 3008 utiliter

664 3044 815 3099 adest
856 3044 1215 3110 Aristarchus,
1248 3046 1426 3099 omnia
1458 3044 1509 3099 in
1540 3044 1847 3100 Macedonia
1896 3054 2228 3099 narraturus.

670 3152 692 3186 ι
722 3134 1031 3188 Humaniter
1056 3144 1232 3189 autem
1266 3142 1499 3188 tractans
1528 3133 1701 3189 Julius
1723 3134 1969 3200 Paulum,
1995 3136 2235 3203 permisit

665 3224 733 3278 ad
761 3224 959 3277 amicos
986 3224 1082 3289 ire,
1114 3232 1168 3279 et
1191 3239 1370 3279 curam
1401 3224 1482 3278 sui
1510 3238 1694 3294 agere.
1737 3225 1789 3279 4.
1841 3225 1909 3279 Et
1954 3223 2076 3281 inde
2112 3240 2231 3281 cum

666 3315 1031 3379 solvissemus,
1049 3315 1510 3385 subnsvigavimus
1526 3314 1779 3386 Cyprum,
1802 3331 1867 3371 eo
1890 3317 2031 3387 quod
2054 3326 2233 3372 essent

663 3406 808 3459 venti
850 3404 1121 3460 contrarii.
1154 3423 1173 3457 ι
1219 3403 1473 3468 Permisit,
1530 3404 1718 3474 inquit,
1772 3404 1964 3470 Julius,
2006 3405 2233 3461 Paulum

666 3494 947 3547 humaniter
999 3503 1237 3547 tractans.
1285 3494 1428 3548 Bene
1472 3493 1575 3548 hoc
1615 3495 1870 3563 permisit,
1899 3504 1957 3550 ut
1984 3496 2049 3549 ad
2077 3508 2233 3552 notos

665 3584 933 3653 profectus
973 3592 1246 3639 curaretur
1271 3600 1285 3638 :
1312 3584 1601 3639 verisimile
1630 3586 1771 3639 cnim
1800 3595 1901 3651 est,
1942 3602 2062 3643 eum
2094 3588 2233 3644 male

668 3674 911 3727 habuisse
956 3688 983 3726 a
1013 3674 1256 3738 vinculis,
1300 3688 1331 3729 ι
1370 3683 1550 3740 metu,
1599 3690 1627 3727 a
1661 3677 2065 3745 raptationibus.
2100 3679 2231 3735 Vide

663 3765 929 3832 quomodo
958 3765 1058 3819 hoc
1084 3780 1188 3819 non
1210 3765 1460 3832 occultet,
1486 3766 1627 3835 quod
1650 3781 1831 3820 curam
1859 3769 1938 3821 sui
1966 3768 2229 3824 habuerit.

664 3855 871 3909 Rursus
896 3857 1235 3921 tentationes,
1276 3870 1465 3911 rursus
1492 3858 1635 3912 venti
1662 3860 1933 3913 contrarii.
1977 3860 2107 3916 Vide
2138 3877 2233 3931 per

666 3945 841 3997 omnia
868 3944 1028 3998 vitam
1055 3953 1354 3999 sanctorum
1376 3946 1453 4001 sic
1476 3948 1684 4001 contexi
1712 3967 1724 4002 :
1753 3947 2048 4019 eﬂugerant
2068 3952 2231 4005 tribu-

664 4034 771 4099 nal,
806 4046 859 4087 et
887 4035 1124 4089 incidunt
1144 4037 1193 4089 in
1224 4035 1550 4106 naufragium
1578 4047 1632 4092 et
1662 4048 2060 4109 tempestatem;
2090 4044 2230 4112 quod

670 4123 908 4179 iudicans
953 4126 1165 4195 pergit:
1202 4126 1300 4180 «5.
1338 4126 1406 4181 Ει
1450 4128 1664 4197 pelagus
1714 4131 1853 4185 inter
1896 4130 2129 4186 Ciliciam
2177 4142 2231 4188 et

666 4210 1026 4285 Pamphyliam
1054 4215 1276 4281 emensi,
1310 4218 1647 4286 pervenimus
1672 4218 1891 4290 Myram,
1922 4236 2038 4290 qua:
2064 4233 2145 4277 est
2176 4224 2227 4277 in

663 4299 845 4375 Lycia.
872 4304 925 4357 6.
956 4305 1021 4359 Et
1041 4306 1110 4360 ibi
1139 4309 1375 4362 centurio
1396 4318 1579 4363 nactus
1612 4324 1795 4363 navem
1820 4310 2229 4366 Alexandrinam

672 4397 1004 4465 navigantem
1057 4397 1111 4450 in
1168 4397 1392 4465 Italiam,
1449 4401 1711 4455 transtulit
1761 4416 1858 4456 nos
1903 4404 1955 4456 in
2012 4403 2174 4457 illam.
2205 4421 2225 4456 ι

668 4486 903 4553 Nactus,
946 4488 1133 4558 inquit,
1175 4504 1349 4543 navem
1399 4489 1814 4545 Alexandrinam.
1859 4494 2114 4562 Apposite
2146 4496 2231 4549 in-

665 4581 895 4647 venitur,
951 4592 1005 4635 ut
1053 4580 1127 4636 illi
1173 4598 1291 4651 qua:
1357 4584 1576 4638 Paulum
1642 4587 1953 4653 spectabant
2010 4588 2059 4640 in
2108 4588 2231 4641 Asia

666 4673 997 4737 nuntiarent,
1029 4683 1081 4728 et
1121 4673 1173 4727 hi
1224 4675 1273 4728 in
1304 4675 1485 4746 Lycia.
1518 4675 1650 4731 Vide
1692 4676 1859 4731 Deum
1904 4678 2035 4731 nihil
2081 4678 2234 4731 inno-

670 4773 816 4825 vare,
856 4762 987 4816 nihil
1030 4773 1255 4827 mutare,
1302 4766 1395 4820 sed
1440 4766 1750 4835 permittere
1790 4782 1909 4821 eum
1948 4769 2232 4823 contrariis

670 4848 845 4902 ventis
880 4852 1145 4919 navigare.
1186 4853 1288 4907 Sed
1314 4854 1473 4908 etiam
1512 4856 1591 4909 sic
1618 4858 1929 4911 miraculum
1959 4868 2227 4927 operatur.

671 4937 739 4994 Ut
769 4948 883 4993 tuto
912 4942 1179 5011 navigent,
1208 4959 1310 4998 non
1345 4946 1468 4997 sinit
1496 4960 1587 5001 eos
1618 4949 1669 5001 in
1695 4948 1910 5020 pelagus
1954 4965 2012 5005 se
2037 4951 2233 5004 immit-

669 5038 803 5093 tere,
838 5030 931 5085 sed
961 5046 1170 5100 semper
1186 5033 1338 5101 juxta
1366 5045 1559 5090 terram
1602 5038 1935 5107 navigabant.
1970 5058 1989 5091 ο
2022 5042 2227 5095 Etcum

671 5121 851 5175 multis
876 5121 1063 5176 diebus
1092 5124 1238 5177 tarde
1260 5126 1627 5195 navigaremus
1644 5135 1698 5182 et
1721 5129 1805 5181 vix
1832 5128 2229 5185 devenissemus

669 5219 850 5263 contra
886 5209 1133 5278 Cnidum,
1174 5213 1485 5281 prohibente
1523 5232 1621 5271 nos
1648 5228 1825 5284 vento,
1865 5218 2232 5289 subnavigavi-

669 5314 787 5355 mus
813 5300 984 5355 Cretae
1006 5302 1153 5371 juxta
1179 5304 1497 5371 Salmonen;
1531 5307 1584 5363 8.
1611 5317 1664 5361 et
1681 5311 1765 5363 vix
1802 5312 2232 5381 praaterlegentes

669 5391 841 5458 illam,
860 5396 1197 5461 pervenimus
1226 5398 1278 5451 in
1306 5400 1476 5453 locum
1501 5401 1782 5466 quemdam
1807 5416 2072 5469 vocatum,
2097 5406 2228 5461 Boni

671 5495 875 5550 portus,
913 5486 1057 5553 juxta
1102 5502 1256 5557 quem
1304 5504 1466 5559 prope
1506 5493 1690 5549 civitas
1721 5494 1921 5551 Lacuna.
1970 5497 2022 5552 9.
2067 5498 2231 5553 Multo

670 5583 845 5628 autem
879 5587 1111 5646 tempore
1139 5590 1375 5648 peracto,
1421 5592 1619 5637 etcum
1648 5585 1754 5653 jam
1802 5603 1907 5640 non
1950 5598 2093 5643 esset
2121 5599 2228 5643 tuta

670 5664 951 5735 navigatio,
978 5681 1043 5722 eo
1067 5670 1202 5738 quod
1230 5672 1489 5740 jejunium
1511 5674 1620 5742 jam
1651 5677 2008 5745 praeteriisset,
2043 5680 2229 5733 admo-

675 5757 832 5811 nebat
856 5773 949 5813 eos
974 5757 1185 5826 Paulus,
1212 5762 1296 5815 l0.
1323 5763 1504 5817 dicens
1529 5783 1540 5818 :
1570 5764 1755 5832 Video,
1790 5768 1907 5834 viri,
1942 5769 2081 5837 quod
2109 5786 2228 5823 cum

674 5848 860 5919 injuria
890 5861 941 5907 et
976 5852 1141 5909 multo
1164 5853 1356 5909 damno
1396 5871 1498 5912 non
1544 5858 1719 5915 solum
1762 5861 1937 5918 oneris
1978 5872 2032 5918 et
2058 5866 2226 5932 navis,

2345 766 2436 821 sed
2461 768 2622 824 etiam
2653 773 2951 833 animarum
2994 791 3295 839 nostrarum
3329 787 3513 858 incipit
3546 806 3671 849 esse
3708 800 3925 867 naviga.

2345 858 2421 910 tio
2471 860 2529 913 Η
2549 897 2560 909 .
2582 859 2839 919 Centurio
2873 879 3049 925 autem
3079 873 3420 942 gubernatori
3444 889 3497 934 et
3523 884 3778 941 nauelero
3799 858 3920 941 nia-

2343 946 2421 1015 gis
2467 950 2737 1019 credebat,
2768 971 2926 1023 quam
2972 960 3035 1014 iis
3060 1002 3074 1025 ,
3105 979 3224 1027 quae
3252 965 3565 1026 dicebantur
3605 989 3636 1027 a
3678 975 3867 1033 Paulo.
3899 998 3919 1033 ι

2344 1035 2606 1105 Jejunium
2637 1042 2735 1097 hoc
2762 1046 2951 1115 opinor
2982 1050 3087 1106 dici
3108 1052 3429 1111 Judinorum.
3462 1061 3593 1118 Nam
3627 1080 3744 1135 post
3780 1070 3923 1126 Pen-

2344 1134 2583 1185 tecosten
2624 1135 2867 1191 exierant
2912 1139 3058 1196 illinc
3088 1152 3205 1212 post
3232 1149 3456 1204 multum
3496 1162 3723 1224 tempus.
3769 1169 3829 1214 ut
3869 1163 3921 1216 in

2342 1217 2456 1286 ipsa
2499 1219 2612 1277 fere
2656 1224 2828 1281 hieme
2866 1234 3110 1286 venerint
3156 1235 3208 1289 in
3250 1249 3427 1306 partes
3468 1217 3655 1301 Cretm.
3710 1217 3779 1304 Et
3818 1251 3923 1309 hoc

2342 1321 2555 1379 quoque
2604 1329 2723 1413 non.
2756 1332 2973 1384 parvum
3023 1324 3355 1395 miraculum,
3398 1336 3539 1402 quod
3584 1338 3657 1392 illi
3701 1354 3925 1413 propter

2342 1409 2484 1452 nunc
2530 1403 2723 1457 servati
2766 1406 2892 1460 sint.
2950 1407 3073 1477 Viri,
3116 1415 3256 1469 video
3307 1422 3444 1488 quod
3476 1440 3591 1477 cum
3630 1403 3823 1498 injuria
3877 1446 3923 1487 et

2341 1491 2497 1544 multo
2534 1493 2739 1561 damno,
2775 1496 2965 1568 inquit,
3006 1518 3105 1556 non
3152 1507 3313 1561 solum
3338 1517 3503 1567 oneris
3532 1526 3579 1568 et
3621 1491 3785 1587 nanis,
3832 1527 3921 1577 sed

2341 1582 2492 1635 etiam
2520 1589 2801 1640 animarum
2831 1599 3115 1647 nostrarum
3152 1598 3329 1664 incipit
3365 1618 3471 1657 esse
3507 1582 3782 1679 navigatio.
3818 1612 3922 1666 Ita-

2340 1688 2442 1741 que
2486 1675 2676 1732 Paulus
2699 1679 2859 1749 jussit
2906 1699 3153 1755 mauere,
3206 1699 3259 1743 et
3300 1690 3473 1749 mlura
3506 1675 3791 1767 prazdixit;
3845 1705 3920 1760 illi

2342 1779 2467 1817 vero
2500 1768 2825 1836 festinantes,
2849 1788 2969 1827 cum
3002 1790 3032 1829 a
3055 1778 3172 1833 loco
3202 1781 3633 1859 prohiberentur,
3667 1794 3923 1852 volebant

2340 1852 2389 1905 in
2420 1853 2667 1910 Plitenice
2697 1859 3010 1929 hybernare.

2407 1943 2460 1996 2.
2508 1945 2665 2012 Vide,
2712 1965 2922 2018 quwso,
2968 1956 3659 2037 dispensationem:primo
3698 1974 3919 2045 quidem

2339 2038 2509 2090 navim
2542 2041 2833 2111 solverunt,
2864 2046 3248 2121 abieruntque;
3275 2054 3466 2113 deinde
3491 2070 3551 2115 ut
3572 2038 3757 2120 incidit
3787 2082 3922 2123 vcn-

2339 2133 2441 2191 tus,
2474 2128 2736 2185 dederunt
2758 2149 2816 2188 se
2848 2134 3063 2207 ferenti,
3088 2152 3143 2196 et
3166 2144 3249 2198 vix
3274 2151 3642 2207 servabantur.
3677 2157 3769 2211 12.
3807 2176 3827 2209 ι
3858 2160 3923 2214 Et

2337 2232 2456 2271 cum
2487 2232 2641 2290 aptus
2670 2235 2855 2293 portus
2891 2245 2995 2284 non
3038 2245 3182 2289 esset
3226 2237 3291 2291 ad
3323 2238 3753 2314 hyberuandum,
3802 2253 3922 2321 plu-

2340 2311 2457 2364 rimi
2485 2322 2784 2370 statuerunt
2811 2322 3088 2377 consilium
3123 2327 3371 2398 navigare
3398 2332 3541 2401 inde,
3570 2337 3613 2391 si
3644 2311 3923 2408 quomodo

2338 2413 2574 2499 possent,
2606 2410 2842 2473 pervecti
2868 2410 3179 2481 Phoenicen,
3212 2418 3321 2473 illic
3349 2420 3669 2493 hybernare,
3700 2443 3919 2499 portum

2335 2487 2508 2544 Cretae
2529 2495 2898 2563 respicientem
2930 2504 2993 2556 ad
3022 2503 3247 2561 africum
3278 2519 3333 2564 et
3359 2487 3614 2571 Cborum.
3763 2524 3923 2592 ASpi-

2335 2588 2487 2635 rante
2510 2592 2686 2638 autem
2732 2600 2935 2658 austro,
2969 2604 3215 2662 putantes
3244 2604 3570 2670 propositum
3600 2623 3660 2665 se
3707 2588 3919 2682 tenere,

2336 2682 2455 2722 cum
2485 2673 2766 2731 solvissent
2786 2680 2943 2747 Asso,
2969 2688 3407 2760 praeterlegebant
3428 2692 3662 2755 Cretam.
3698 2702 3787 2758 l4.
3821 2673 3920 2760 Ve;

2338 2774 2455 2814 rum
2480 2763 2619 2819 haud
2646 2769 2811 2824 multo
2840 2782 2958 2841 post
2977 2789 3191 2833 coortus
3217 2791 3298 2836 est
3322 2794 3507 2841 contra
3528 2789 3699 2857 ipsam
3722 2810 3921 2854 ventus

2338 2853 2686 2924 typhonicus,
2740 2862 2828 2930 qui
2873 2875 3091 2920 vocatur
3141 2869 3499 2943 Euroaquilo;
3546 2853 3633 2935 λδ.
3685 2898 3921 2955 cumque

2336 2955 2581 3013 correpta
2609 2958 2754 3004 esset
2779 2954 2947 3020 navis,
2978 2971 3077 3011 nec
3097 2972 3276 3027 posset
3306 2975 3463 3020 vento
3490 2971 3763 3041 resistere,
3795 2954 3920 3033 data

2336 3035 2454 3136 navi
2486 3035 2697 3093 flatibus
2722 3041 3039 3100 ferebamur.
3068 3049 3151 3104 16.
3181 3050 3236 3106 ln
3264 3053 3491 3112 insulam
3522 3072 3701 3118 autem
3723 3035 3920 3136 quam-

2337 3122 2459 3177 dam
2486 3126 2691 3183 devecti
2722 3135 2936 3190 nomine
2955 3135 3229 3209 Claudam,
3257 3146 3343 3200 vix
3374 3152 3639 3216 potuimus
3664 3122 3920 3218 obiinere

2338 3216 2607 3306 scapham.
2642 3221 2726 3275 17.
2759 3222 2869 3290 Qua
2901 3228 3127 3297 sublata,
3160 3234 3435 3303 adjutoriis
3464 3244 3749 3300 utebantur
3779 3216 3917 3306 sub;

2336 3305 2610 3411 cingentes
2640 3327 2854 3381 navem,
2887 3317 3134 3377 timentes
3164 3339 3231 3380 ne
3257 3326 3308 3380 in
3352 3328 3553 3400 Syrtim
3593 3336 3918 3411 inciderent,

2335 3394 2583 3454 demissis
2612 3403 2743 3457 velis
2788 3407 2855 3459 ita
2888 3409 3205 3471 ferebantur.
3244 3419 3325 3473 18.
3369 3394 3499 3477 Cum
3530 3437 3707 3482 autem
3739 3394 3908 3490 velte:

2336 3490 2499 3543 menti
2552 3501 2866 3564 tempestate
2900 3500 3245 3575 jactaremur,
3291 3516 3532 3581 sequenti
3576 3518 3662 3573 die
3712 3522 3917 3591 jactum

2334 3579 2610 3638 fecerunt:
2637 3586 2717 3643 19.
2774 3605 2836 3645 ac
2880 3596 3035 3648 tertio
3074 3597 3161 3653 die
3200 3579 3396 3657 nostris
3443 3610 3687 3665 manibus
3712 3579 3916 3671 'artna;

2334 3684 2512 3726 menta
2535 3676 2684 3731 navis
2711 3680 3052 3749 projecimus.
3079 3687 3163 3742 20.
3198 3688 3378 3761 Neque
3399 3705 3576 3752 autem
3601 3701 3714 3757 sole
3736 3719 3918 3776 neque

2334 3764 2597 3820 sideribus
2622 3775 2996 3838 apparentibus
3022 3792 3114 3845 per
3144 3781 3320 3848 plures
3342 3785 3478 3854 dies,
3510 3802 3560 3845 et
3593 3764 3917 3864 tempestate

2338 3868 2442 3909 non
2472 3859 2658 3927 exigua
2700 3862 3030 3932 imminente,
3058 3870 3169 3936 jam
3210 3873 3384 3930 ablata
3430 3891 3544 3935 erat
3582 3859 3759 3941 omnis
3790 3907 3919 3959 spes

2335 3947 2517 4001 salutis
2558 3962 2775 4007 nostrzn.
2804 3954 2892 4009 2l.
2923 3956 3071 4013 Tunc
3101 3972 3249 4017 stans
3277 3966 3471 4024 Paulus
3496 3971 3548 4025 in
3580 3976 3759 4032 medio
3789 3947 3914 4036 illo;

2334 4052 2449 4092 rum
2469 4040 2619 4096 dixit.
2666 4060 2685 4094 ι
2719 4044 2878 4100 Vide:
2912 4060 3029 4117 post
3051 4061 3248 4120 tantam
3276 4067 3642 4129 tempestatem
3671 4086 3777 4125 non
3809 4074 3915 4130 illis

2335 4130 2592 4187 insultans
2635 4134 2751 4189 haec
2777 4138 3026 4206 loquitur,
3078 4144 3170 4197 sed
3207 4155 3261 4199 ut
3294 4151 3374 4205 vel
3405 4153 3457 4205 in
3488 4166 3757 4222 posterum
3810 4165 3913 4219 sibi

2333 4221 2576 4275 credant.
2608 4222 2761 4279 Unde
2802 4236 2857 4280 et
2880 4244 2998 4297 quae
3028 4247 3317 4290 evenerant
3348 4240 3398 4293 in
3430 4221 3790 4303 testiinonium
3821 4267 3912 4305 as-

2334 4312 2495 4364 sumit
2540 4315 2779 4369 veritatis
2819 4332 3025 4385 eorum,
3070 4337 3187 4391 qua:
3230 4327 3467 4385 dicturus
3510 4343 3641 4388 erat.
3690 4338 3759 4393 Et
3805 4342 3915 4398 duo

2336 4582 2629 4685 tqiiodhnon
2658 4587 2957 4657 conjectura
2989 4607 3126 4663 erat,
3189 4599 3281 4653 sed
3306 4604 3915 4685 pruplietia);quodque

2328 4672 2449 4742 ipse
2474 4673 2669 4731 Caesari
2698 4681 2966 4737 sistendus
2993 4698 3153 4741 esset.
3194 4689 3321 4744 Illud
3363 4704 3541 4749 autem
3748 4672 3914 4773 dixit,

2335 4764 2555 4821 Donavit
2600 4771 2688 4824 tibi
2727 4773 2864 4828 Deus
2905 4794 3099 4843 omnes,
3134 4797 3235 4835 non
3276 4764 3603 4855 arrogantia!—
3631 4805 3769 4859 erat,
3814 4764 3913 4854 sed

2334 4859 2557 4914 volentis
2583 4874 2823 4920 vectores
2849 4868 2915 4921 ad
2941 4870 3095 4923 [idem
3116 4872 3375 4931 adducere
3400 4898 3413 4930 :
3440 4894 3559 4934 nam
3586 4897 3693 4938 non
3726 4895 3786 4941 ut
3807 4890 3913 4946 sibi

2335 4955 2554 5021 gratiam
2589 4955 2865 5021 haberent,
2906 4961 2997 5015 sed
3040 4974 3095 5016 ut
3133 4964 3289 5021 dictis
3330 4969 3439 5024 suis
3477 4974 3781 5042 crederent,
3831 4982 3915 5036 sic

2337 5043 2581 5134 loquutus
2630 5057 2726 5104 est.
2778 5050 2909 5105 l'llud
2952 5069 3100 5121 vero,
3145 5055 3360 5114 Donavit
3401 5062 3492 5117 tibi
3538 5064 3693 5134 Deus,
3742 5046 3915 5129 Paulo

2337 5133 2530 5190 dictum
2563 5148 2677 5204 est;
2708 5155 2769 5194 ac
2792 5142 2835 5195 si
2856 5141 3075 5197 dixisset
3106 5147 3289 5217 :Digni
3313 5152 3525 5221 quidem
3556 5133 3730 5215 morte
3757 5175 3910 5230 sunt,

2336 5230 2455 5297 quia
2500 5246 2601 5285 non
2630 5233 2979 5301 obedierunt;
3014 5253 3195 5294 verum
3238 5241 3288 5295 in
3325 5245 3398 5298 tui
3440 5248 3662 5315 gratiam
3694 5251 3793 5308 hoc
3825 5256 3911 5311 lit.

2343 5320 2472 5374 «2|.
2518 5322 2577 5375 Et
2625 5338 2742 5377 cum
2793 5327 2953 5381 multa
2993 5329 3165 5385 inedia
3211 5343 3372 5400 esset,
3400 5355 3419 5387 ι
3469 5337 3658 5408 inquit,
3711 5362 3730 5393 ‹
3758 5355 3915 5403 stans

2339 5411 2531 5467 Paulus
2561 5414 2611 5467 in
2646 5416 2821 5469 medio
2864 5432 3045 5473 eorum
3076 5422 3210 5477 dixit
3232 5443 3245 5477 ;
3270 5424 3559 5493 Oportebat
3596 5434 3833 5501 quidem,
3874 5452 3917 5493 ο

2338 5500 2455 5566 viri,
2483 5505 2667 5559 audire
2694 5521 2796 5571 me,
2833 5524 2930 5562 nec
2960 5512 3169 5567 solvere
3203 5529 3233 5567 a
3274 5514 3450 5581 Creta,
3482 5533 3544 5574 ac
3570 5525 3739 5578 vitare
3768 5525 3915 5583 hanc

2338 5593 2579 5661 injuriam
2623 5597 2976 5666 etjacturam.
3026 5603 3116 5657 22.
3164 5603 3233 5658 Et
3278 5622 3419 5663 nunc
3448 5608 3634 5666 hortor
3674 5629 3810 5679 vos,
3856 5627 3916 5673 ut

2337 5683 2473 5739 bono
2511 5688 2694 5741 animo
2724 5690 2837 5745 sitis
2866 5693 3102 5761 :jactura
3144 5698 3282 5750 enim
3315 5700 3507 5754 animae
3534 5704 3678 5757 nulla
3709 5707 3813 5759 erit
3845 5723 3915 5765 ex

2334 5778 2502 5842 vobis,
2534 5780 2627 5833 scd
2656 5790 2857 5837 tantum
2889 5787 3059 5841 navis.
3099 5786 3187 5841 23.
3220 5789 3436 5844 Adstitit
3463 5792 3605 5846 enim
3648 5795 3771 5848 mihi
3809 5798 3916 5855 hac

2341 5878 2491 5927 nocte
2518 5872 2736 5942 angelus
2764 5874 2876 5943 Dei,
2910 5879 3058 5950 cujus
3087 5893 3226 5947 sum,
3264 5890 3317 5937 et
3352 5898 3508 5955 quem
3533 5886 3671 5952 colo,
3704 5888 3793 5949 24.
3831 5892 3918 5951 di~
