4094 6336
1261 441 1330 496 ΙΝ
1364 438 1543 496 ACTA
1582 436 2120 496 APOSTOLORUM.
2162 435 2397 497 HOMIL.
2439 437 2571 495 LIII.

3510 439 3619 495 368

1552 656 1703 731 [397]
1732 656 1981 709 OMIAIA
2030 656 2080 710 Ν
2084 656 2158 712 ιν.

183 756 431 826 ’Δνέστη
461 756 529 811 δέ
548 760 582 811 ό
610 754 913 821 βασιλεὺς
942 752 1036 826 καὶ
1062 751 1374 826 όᾼήτεμὼν,
1472 766 1536 803 τε
1556 749 1833 826 Βερνίκη,

240 828 340 881 καί
377 818 431 880 οὶ
463 818 913 897 συγκαθήμενοι
940 818 1179 897 αὐτοῖς’
1202 818 1356 897 καί
1394 818 1834 897 ἀναχωρήᾳεξη-

245 874 339 960 ἔέςῖ
1199 874 1503 964 λέγοντες,
1516 874 1843 964 ’ὸτῖᾼὺῦδὲν

246 958 508 1019 θανάτου
538 958 720 1029 ἄξιονἰ
772 958 813 1029 ἢ
862 959 1103 1029 δεσμῶν
1160 958 1424 1028 πράσσει
1470 962 1502 1013 ό
1530 958 1843 1029 ἄνθρωπος

241 1031 442 1100 οὗτος.
462 1028 787 1103 Ἀγρίππας
800 1028 876 1084 δέ
898 1028 979 1093 τῷ
997 1029 1213 1103 ιζήστῳ
1228 1030 1343 1103 ἐφη
1367 1047 1381 1061 ·
1399 1028 1842 1103 ῘΔπολε-λύσθαι

244 1095 500 1226 giarth
532 1095 579 1158 ’ὃ
625 1095 938 1171 ἄνθρωπος
977 1095 1175 1164 οὗτος,
1237 1095 1287 1152 εἰ
1341 1097 1426 1169 μὴ
1472 1096 1842 1163 ἐπεκέκλητο

359 1187 536 1226 σαοα.

242 1176 536 1239 Καίσαρα.

244 1258 316 1312 α’.
353 1258 490 1329 Ὅρα
522 1257 643 1320 πῶς
670 1256 766 1309 καὶ
796 1255 959 1309 πάλιν
991 1256 1131 1329 ὑπὲρ
1158 1254 1322 1309 αὑτοῦ
1350 1251 1678 1322 ψηφίζονται
1703 1266 1718 1279 ·
1747 1250 1842 1303 καὶ

174 1344 318 1415 μετά
346 1343 409 1397 τὸ
438 1347 633 1407 εἰπεῖν,
660 1344 878 1411 Μαίνῃ,
912 1343 1135 1412 ἀφιᾶσιν
1164 1342 1347 1405 αὑτὸν,
1371 1341 1432 1393 ού
1453 1339 1547 1393 τοῦ
1584 1339 1839 1401 θανάτου,

173 1431 313 1485 ἀλλά
346 1432 441 1484 καὶ
462 1430 571 1484 τῶν
625 1430 841 1501 δεσμῶν
876 1445 889 1459 ·
928 1430 1021 1483 καὶ
1066 1428 1248 1482 τέλεον
1293 1426 1359 1481 ἀν
1408 1426 1650 1497 ἀφῆκαν,
1682 1426 1730 1478 εἰ
1765 1424 1841 1497 μὴ

173 1518 433 1587 Καίσαρα
461 1518 813 1588 ὲπεκέκλητο.
849 1517 1009 1571 Ἀλλά
1033 1515 1188 1569 τοῦτο
1210 1514 1571 1585 οἰκονομικῶς
1596 1514 1839 1583 γέγονεν·

172 1600 231 1653 οὐ
265 1601 430 1670 μόνον
450 1601 507 1654 δὲ
533 1599 712 1665 τοῦτο,
747 1599 882 1654 ἀλλά
924 1600 1018 1653 καὶ
1068 1599 1129 1652 τὸ
1162 1597 1300 1667 μετά
1326 1598 1540 1667 δεσμῶν
1564 1596 1841 1650 ἀπελθεῖν.

172 1685 274 1739 Διά
298 1684 460 1739 τοῦτο
486 1686 638 1754 ἔλεγε
662 1695 682 1717 ⁸
714 1702 728 1716 ·
759 1686 949 1753 Μέχρι
998 1681 1241 1752 δεσμῶν
1268 1684 1350 1749 ὠς
1385 1682 1741 1751 κακοῦργος.
1780 1684 1843 1736 Εἰ

171 1775 279 1845 γὰρ
304 1775 335 1828 ό
369 1774 573 1844 Κύριος
591 1772 758 1828 αὑτοῦ
783 1774 919 1844 μετά
943 1772 1162 1842 ἀνόμων
1188 1770 1463 1841 ἐλογίσθη.
1498 1770 1678 1839 πολλῷ
1704 1770 1842 1839 μᾶλ-

172 1858 263 1914 λον
301 1854 462 1924 οὗτος
492 1878 506 1891 ·
544 1860 658 1915 ἀλλ’
718 1860 909 1929 ὥσπερ
970 1860 1173 1923 έκεῖνος
1234 1858 1335 1911 οὐκ
1384 1856 1708 1928 ἐκοινώνησε
1744 1856 1843 1923 τῆς

172 1945 353 2017 δόξης.
382 1947 553 2011 οὕτως
580 1947 703 2001 οὐδὲ
730 1942 902 2009 οὗτος.
934 1946 1008 1998 Τὸ
1031 1945 1140 2015 γάρ
1175 1943 1484 2012 θαυμαστὸν
1513 1944 1633 1996 τότε
1659 1941 1844 2009 φαίνε-

172 2049 281 2099 ται,
305 2035 370 2086 τὸ
397 2034 839 2104 ἀναμεμιγμένον
875 2032 1082 2095 τούτοις
1138 2030 1306 2101 μηδὲν
1342 2030 1483 2099 παρ’
1511 2029 1689 2083 αὐτῶν
1712 2028 1841 2099 βλά-

174 2119 427 2173 πτεσθαι.
470 2120 568 2187 Ὠς
590 2119 660 2173 δέ
704 2120 910 2187 έκρίθη
937 2116 1043 2172 τοῦ
1089 2115 1391 2171 ἀποπλεῖν
1420 2113 1577 2185 ἡμᾶς
1612 2118 1701 2180 είς
1730 2114 1846 2182 τὴν

184 2203 470 2271 Ἰταλίαν,
500 2204 865 2273 παρεδίδουν
889 2204 996 2257 τόν
1020 2219 1086 2256 τε
1110 2201 1359 2257 Παῦλον
1383 2202 1483 2255 καί
1519 2217 1686 2267 τινας
1718 2201 1844 2255 ἐτέ-

166 2313 316 2366 ρους
365 2295 674 2364 δεσμώτας
740 2292 1149 2361 ἑκατοντάρχῃ
1175 2332 1190 2357 ,
1253 2292 1499 2360 ὀνόματι
1568 2291 1802 2355 Ἰουλίῳ
1826 2331 1842 2357 ,

174 2385 427 2453 σπείρας
459 2379 783 2449 Σεϐαστῆς.
835 2379 1176 2444 Ἐπιϐἀντες
1221 2377 1289 2431 δέ
1327 2378 1519 2444 πλοίῳ
1559 2377 1845 2447 Ἀδραμυ-

174 2469 353 2537 τηνῷ,
386 2468 724 2538 μέλλοντες
757 2466 935 2520 πλεῖν
982 2465 1126 2532 τοὺς
1177 2465 1328 2519 κατὰ
1364 2465 1479 2532 τὴν
1510 2465 1721 2519 Ἀσίαν
1747 2467 1845 2518 τό·

173 2569 345 2622 πούς,
397 2554 770 2623 ἀνήχθημεν,
810 2552 985 2618 ὄντος
1051 2551 1174 2606 σὺν
1243 2550 1388 2620 ἡμῖν
1449 2551 1845 2621 Ἀριστάρχου

171 2643 518 2710 Μακεδόνος
577 2640 1085 2706 Θεσσαλονικέως.
1128 2639 1207 2709 Τῇ
1242 2640 1311 2694 δέ
1346 2640 1517 2709 ἑτέρᾳ
1541 2640 1845 2710 κατήχθη-

167 2746 279 2799 μεν
296 2732 386 2795 είς
424 2725 674 2782 Σιδῶνα.
703 2728 845 2799 Ὀρα
888 2726 1047 2799 μέχρι
1071 2726 1175 2780 ποῦ
1200 2726 1518 2797 συνέρχεται
1547 2726 1623 2796 τῷ
1647 2727 1845 2797 Παύλῳ

173 2820 261 2871 καὶ
291 2816 673 2887 ’Δρίσταρχος.
693 2813 889 2878 Καλῶς
914 2814 1009 2867 καὶ
1032 2814 1322 2885 χρησίμως
1354 2814 1618 2884 πάρεστιν
1639 2816 1667 2866 ό
1699 2814 1846 2883 Ἀρί-

174 2920 429 2975 σταρχος,
465 2903 674 2974 μέλλων
722 2902 941 2956 ἅπαντα
968 2901 1335 2969 ἀπαγγέλλειν
1382 2904 1462 2964 εἰς
1481 2900 1842 2955 Μακεδονίαν.

172 2988 604 3058 Φιλανθρώπως
625 3005 690 3042 τε
711 2990 744 3042 ό
787 2988 1043 3059 Ἰούλιος
1078 2984 1157 3052 τῷ
1197 2989 1415 3051 Παύλῳ
1439 2986 1844 3055 χρησάμενος,

172 3076 462 3146 ἐπέτρεψε
484 3074 637 3145 πρὸς
664 3074 807 3141 τοὺς
849 3074 1073 3144 φίλους
1101 3072 1470 3141 πορευθέντα
1503 3075 1847 3142 ἐπιμελείας

170 3164 397 3234 τυχεῖν.
440 3161 730 3217 Κάκεῖθεν
780 3159 1146 3229 ἀναχθέντες
1208 3164 1684 3227 ὑπεπλεύσαμεν
1729 3161 1847 3227 thr

171 3253 410 3320 Κύπρον
433 3249 534 3304 διὰ
560 3249 628 3303 τὸ
665 3247 808 3314 τοὺς
846 3248 1108 3316 ἀνέμους
1150 3248 1305 3300 εἶναι
1336 3248 1671 3313 ἐναντίους.
1702 3248 1843 3300 Ἐπ-

167 3337 412 3406 έτρεψε,
472 3336 623 3407 φησὶ,
677 3335 952 3399 Ἰούλιος,
1006 3332 1441 3403 φιλανθρώπως
1488 3332 1568 3396 τῷ
1627 3335 1846 3400 Παύλῳ

169 3422 572 3494 χρησάμενος.
592 3420 787 3483 Καλῶς
822 3419 995 3473 ποιῶν
1027 3418 1187 3471 τοῦτο
1209 3419 1517 3489 ἐπιτρέπει,
1548 3419 1689 3472 ὥστε
1725 3422 1845 3473 ὲπι-

171 3511 390 3583 muta;
427 3512 611 3581 τυχεῖν
638 3508 942 3564 ἀπελθόντα
981 3507 1134 3579 παρά
1154 3508 1281 3569 τοὺς
1306 3506 1622 3577 γνωρίμους
1652 3525 1666 3538 ·
1697 3507 1844 3570 εἰκὸς

166 3600 272 3672 γὰρ
296 3596 366 3671 ἦν
397 3598 561 3653 αὐτὸν
598 3596 707 3651 ἀπὸ
727 3595 928 3665 πολλῆς
965 3593 1263 3655 κακώσεως
1289 3589 1429 3647 εἰναι
1458 3594 1567 3646 τῶν
1602 3593 1840 3663 δεσμῶν,

164 3686 257 3741 τοῦ
284 3686 479 3755 φόϐου,
516 3682 613 3736 τοῦ
634 3682 863 3751 ἄγεσθαι
907 3682 1001 3735 καὶ
1040 3680 1325 3752 φέρεσθαι.
1364 3680 1505 3751 Ὅρα
1556 3680 1673 3743 πῶς
1722 3681 1843 3734 οὐδὲ

164 3774 321 3828 τοῦτο
352 3771 611 3844 κρύπτει,
649 3771 732 3824 ὅτι
775 3769 1027 3822 ἐϐούλετο
1072 3767 1388 3839 ἐπιμελείας
1433 3771 1636 3837 τυχεῖν.
1675 3768 1843 3821 Πάλιν

166 3860 489 3931 πειρασμοὶ,
549 3857 713 3910 πάλιν
763 3855 954 3925 ἀνεμοι
1011 3853 1265 3908 ἐναντίοι.
1302 3854 1446 3925 Ὅρα
1487 3853 1575 3907 διὰ
1626 3854 1843 3906 πάντων

164 3947 307 4001 οὕτω
336 3946 431 3999 τὸν
472 3944 585 4014 βίον
629 3944 738 3997 τῶν
775 3942 945 4010 ἀγίων
992 3940 1351 4010 ὑφαινόμενον
1387 3956 1402 3971 ·
1444 3940 1702 4009 ἐξέφυγον
1729 3941 1757 3981 δ
1782 3941 1844 3994 τὸ

163 4035 539 4106 δικαστήριον,
592 4032 687 4085 καὶ
725 4029 1118 4102 περιπίπτουσι
1153 4028 1396 4098 ναυαγίῳ
1430 4028 1526 4081 καὶ
1561 4028 1791 4099 χειμῶνι
1823 4045 1839 4059 ·

163 4124 190 4177 δ
214 4124 310 4176 καὶ
332 4120 532 4192 δηλῶν,
595 4118 790 4186 ὲπάγει
823 4132 837 4147 ·
894 4117 965 4171 Τό
1024 4132 1087 4169 τε
1142 4114 1406 4185 πέλαγος
1432 4115 1497 4168 τὸ
1534 4115 1684 4168 κατὰ
1728 4114 1843 4182 τὴν

165 4208 447 4263 Κιλικίαν
476 4206 574 4260 καί
608 4203 974 4273 Παμφυλίαν
1016 4202 1518 4265 διαπλεύσαντες,
1551 4200 1816 4265 κατήλθο

160 4312 275 4366 μεν
308 4298 399 4360 εἰς
428 4296 600 4361 Μύρα
632 4291 743 4361 τῆς
783 4292 1027 4356 Λυκίας.
1057 4288 1243 4343 Κάκεῖ
1265 4287 1457 4356 εὑρὼν
1494 4290 1526 4341 ό
1568 4288 1843 4341 ἑκατόντ-

163 4398 350 4452 αρχος
376 4380 593 4434 πλοῖον
620 4376 1079 4444 Ἀλεξανδρῖνον
1101 4374 1293 4430 πλέον
1306 4377 1392 4439 είς
1415 4374 1530 4441 τὴν
1558 4376 1838 4437 Ἰταλίαν,

164 4470 526 4527 ἀνεϐίϐασεν
554 4464 711 4536 ἡμᾶς
750 4469 838 4531 είς
891 4465 1063 4519 αὑτό.
1101 4463 1310 4531 Εὑρὼν
1361 4463 1599 4525 πλοῖον,
1654 4462 1840 4533 φησὶν,

176 4554 665 4622 ’Δλεξανδρῐνον.
707 4553 948 4614 Εἰκότως
978 4550 1321 4621 εὑρίσκεται,
1379 4550 1520 4602 ὥστε
1554 4550 1843 4612 κάκείνους

166 4645 503 4715 ἀπαγγεῖλαι
528 4645 608 4707 εἰς
636 4642 733 4716 τῂν
752 4642 941 4695 Ἀσίαν
974 4641 1042 4694 τά
1072 4641 1214 4695 κατὰ
1245 4640 1335 4693 τὸν
1358 4640 1566 4693 Παῦλον
1596 4642 1688 4694 καὶ
1715 4640 1841 4693 τού-

166 4751 286 4798 τους
311 4734 395 4796 εἰς
437 4733 537 4801 τὴν
594 4731 822 4784 Λυκίαν.
848 4730 991 4801 Ὅρα
1015 4728 1106 4782 τὸν
1153 4728 1285 4781 Θεὸν
1336 4728 1486 4781 οὐδὲν
1535 4727 1843 4792 καινίζοντα

168 4823 282 4875 οὐδὶ
308 4818 735 4891 μεταϐάλλοντα,
764 4817 899 4870 ἀλλά
924 4816 1151 4885 ἀφιέντα
1175 4815 1334 4869 αὑτὸν
1357 4816 1435 4878 εἰς
1455 4818 1580 4879 τοὺς
1607 4818 1841 4887 ἀνέμους

168 4912 289 4973 τοὺς
324 4905 733 4975 ἀνεπιτηδείους
778 4904 953 4957 πλεῖν.
1001 4902 1161 4957 Ἀλλά
1216 4903 1312 4955 καί⁵
1360 4902 1504 4956 οὕτω
1546 4903 1731 4973 θαῦμα
1758 4904 1844 4973 ἐρ-

171 4998 417 5063 γάζεται.
452 4993 617 5045 Ὥστε
642 4992 749 5059 γάρ
775 4990 1035 5059 ἀσφαλῶς
1064 4990 1239 5057 πλεῖν,
1268 4992 1369 5043 οὐκ
1396 4990 1611 5060 ἀφῆκεν
1642 4991 1841 5056 αὐτοὺς

175 5080 321 5155 [398]
340 5084 421 5144 εἰς
444 5080 701 5147 πέλαγος,
724 5078 839 5131 ἀλλ’
858 5080 944 5131 ἀεὶ
962 5096 1035 5131 πα
1043 5078 1111 5148 ρά
1128 5079 1230 5149 γῆν
1258 5078 1471 5132 ἔπλεον.
1491 5080 1585 5131 Ἐν
1609 5080 1843 5146 ίκαναῖς

174 5170 234 5223 δέ
276 5168 533 5239 ἡμέραις
564 5165 1111 5233 βραδυπλοοῦντες
1135 5205 1150 5229 ,
1192 5166 1291 5219 καί
1317 5167 1496 5234 μόλις
1535 5168 1844 5237 γενόμενοι

174 5259 318 5311 κατὰ
349 5256 465 5321 thr
487 5254 727 5315 Κνίδον,
758 5252 842 5320 μὴ
869 5251 1248 5319 προσεῶντος
1271 5253 1427 5322 ἡμᾶς
1467 5254 1570 5307 τοῦ
1594 5254 1840 5323 ἀνέμου,

175 5344 642 5411 ὑπεπλεύσαμεν
668 5339 781 5407 thr
797 5339 1036 5409 Κρήτην
1051 5341 1199 5394 κατὰ
1214 5340 1565 5408 Σαλμώνην·
1587 5344 1759 5409 μόλις
1780 5360 1843 5397 τε

178 5432 647 5502 παραλεγόμενοι
683 5426 900 5494 αὐτὴν,
925 5426 1189 5495 ἤλθομεν
1226 5432 1315 5493 είς
1357 5429 1546 5481 τόπον
1574 5429 1707 5481 τινὰ
1740 5449 1845 5485 κα-

178 5523 470 5589 λούμενον
486 5515 723 5581 Καλοὺς
739 5513 1006 5584 λιμένας,
1023 5506 1071 5579 ᾧ
1084 5514 1263 5583 ἐγγὺς
1290 5514 1369 5582 ἦν
1388 5516 1564 5579 πόλις
1584 5518 1841 5571 Λασαία.

190 5606 418 5661 Ἱκανοῦ
474 5602 541 5657 δὲ
587 5604 810 5671 χρόνου
855 5600 1318 5670 διαγενομένου,
1372 5600 1472 5653 καὶ
1516 5600 1682 5667 ὄντος
1724 5603 1842 5671 ἤδη

184 5696 275 5748 τοῦ
297 5692 490 5757 πλοὸς
508 5687 888 5756 ἐπισφαλοῦς
926 5687 1022 5741 διὰ
1047 5688 1108 5740 τὸ
1135 5687 1233 5739 καὶ
1262 5687 1378 5754 thr
1410 5690 1699 5755 νηστείαν
1726 5690 1841 5757 ἤδη

186 5777 683 5850 παρεληλυθέναι,
725 5776 978 5842 παρῄνει
1000 5776 1031 5827 ὸ
1075 5774 1333 5839 Παῦλος,
1364 5776 1569 5840 αὐτοῖς
1592 5777 1786 5847 λέγων
1832 5794 1842 5804 ·

190 5866 436 5936 Ἄνδρες,
467 5862 680 5931 θεωρῶ,
712 5860 801 5914 ὅτι
820 5862 970 5929 μετὰ
997 5862 1214 5930 ῦϐρεως
1253 5862 1351 5915 καὶ
1370 5864 1609 5931 πολλῆς
1638 5865 1843 5937 ζημίας

242 6015 265 6051 ⁸
281 6018 371 6072 Διά
393 6012 535 6064 τοῦτο
565 6013 693 6074 iique
715 6012 857 6062 deest
881 6011 931 6060 in
956 6022 1069 6058 uno.
1137 6007 1162 6049 b
1193 6008 1327 6060 Unus
1352 6010 1555 6073 ἐξέφυγε.

1948 750 2020 802 οὑ
2044 750 2239 816 μόνον
2284 749 2389 803 τοῦ
2434 748 2681 818 φορτίου
2729 746 2827 800 καί
2876 746 2985 801 τοῦ
3044 748 3283 814 πλοίου,
3332 748 3493 803 ἀλλὰ
3522 752 3620 805 καί

1946 831 2067 885 τῶν
2089 831 2497 902 ψυχῶν-ημῶν
2544 831 2799 901 μέλλειν
2860 830 3113 884 ἔσεσθαι
3152 830 3260 883 τὸν
3290 832 3512 887 πλοῦν.
3566 835 3621 887 '0

1944 918 2013 972 δέ
2048 919 2487 989 ἑκατόνταρχος
2540 917 2621 983 τῷ
2666 916 3009 986 κυϐερνήτῃ
3048 916 3146 971 καί
3184 917 3264 983 τῷ
3300 920 3625 989 ναυκλήρῳ

1943 1007 2212 1063 ἐπείθετο
2245 1007 2510 1077 μᾶλλον,
2540 1006 2578 1075 ἢ
2631 1005 2753 1072 τοῖς
2792 1004 2911 1059 ὑπὸ
2962 1002 3071 1057 τοῦ
3113 1006 3358 1059 Παύλου
3386 1007 3627 1077 λεγομέ-

1943 1110 2093 1159 νοις.
2127 1093 2243 1163 Τὴν
2266 1094 2522 1163 νηστείαν
2557 1091 2793 1145 ενταῦθα
2846 1090 2947 1161 τὴν
2991 1090 3101 1143 τῶν
3148 1090 3415 1145 Ἰουδαίων
3444 1092 3627 1161 λέγειν

1875 1220 1880 1225 .
1943 1176 2208 1248 ἡγοῦμαι.
2233 1179 2387 1230 Μετά
2412 1177 2522 1249 γὰρ
2566 1177 2668 1247 τὴν
2713 1176 3093 1247 Πεντηκοστὴν
3135 1176 3356 1247 ἐξῆλθον
3413 1178 3624 1234 ἐκεῖθεν

1947 1266 2083 1335 μετά
2111 1265 2278 1319 πολὺν
2332 1266 2544 1337 χρόνον,
2597 1265 2674 1328 ὡς
2714 1265 2771 1317 ὲν
2825 1264 2976 1332 αὑτῷ
3025 1264 3210 1334 σχεδὸν
3262 1264 3340 1336 τῷ
3394 1268 3623 1337 χειμῶνι

1945 1352 2347 1421 παραγενέσθαι
2383 1354 2465 1415 εἰς
2495 1353 2563 1407 τά
2604 1352 2743 1423 μέρη
2772 1351 2875 1422 τῆς
2896 1353 3143 1424 Κρήτης.
3170 1353 3280 1407 Καὶ
3303 1353 3459 1407 τοῦτο
3475 1354 3530 1407 δὲ
3558 1355 3621 1408 ού

1947 1439 2141 1509 μικρὸν
2175 1438 2393 1506 θαῦμα,
2432 1439 2493 1492 τὺ
2544 1440 2875 1511 διασωθῆναι
2925 1439 2991 1492 δι’
3031 1441 3196 1493 αὑτὸν
3237 1439 3332 1494 καὶ
3358 1442 3621 1505 ἐκείνους.

1948 1524 2222 1593 Ἄνδρες,
2250 1524 2461 1593 θεωρῶ,
2496 1525 2584 1579 ὅτι
2619 1529 2771 1595 μετὰ
2836 1526 3060 1593 ὕϐρεως
3115 1526 3215 1580 καί
3242 1525 3482 1597 πολλῆς
3528 1526 3625 1595 ζη-

1939 1616 2104 1681 μίας,
2133 1613 2317 1681 φησὶν,
2350 1615 2423 1667 οὑ
2452 1614 2645 1683 μόνον
2671 1611 2778 1668 τοῦ
2816 1614 3064 1682 φορτίου
3098 1614 3198 1666 καί
3245 1614 3354 1667 τοῦ
3379 1615 3622 1678 πλοίου,

1945 1699 2223 1753 ἀλλὰκαὶ
2268 1698 2389 1753 τῶν
2441 1699 2661 1769 ψυχῶν
2708 1701 2879 1770 ἡμῶν
2923 1701 3181 1770 μέλλειν
3235 1700 3485 1755 ἔσεσθαι
3518 1701 3628 1755 τὸν

1943 1790 2165 1844 πλοῦν.
2204 1790 2262 1844 '0
2298 1790 2396 1861 μὲν
2450 1786 2544 1844 οὖν
2590 1790 2803 1854 Παῦλος
2853 1791 3106 1844 ἐκέλευσε
3159 1790 3366 1860 μένειν,
3427 1790 3522 1844 καί
3556 1790 3625 1845 τὰ

1948 1878 2209 1947 μέλλοντα
2258 1878 2516 1948 προλέγει
2554 1894 2567 1909 ·
2604 1880 2805 1931 ἐκεῖνοι
2867 1880 2925 1933 δὲ
2972 1880 3341 1948 ἐπειγόμενοι,
3402 1878 3497 1932 καὶ
3519 1877 3625 1931 ὑπὸ

1944 1964 2037 2017 τοῦ
2100 1965 2267 2019 τόπου
2311 1964 2666 2035 κωλυόμενοι,
2726 1964 2917 2036 ἧθελον
2970 1968 3050 2029 εἰς
3084 1966 3303 2018 Φοίνικα
3354 1978 3624 2036 παραχει-

1948 2052 2141 2123 μάσαι.

2017 2138 2083 2209 β’.
2112 2139 2222 2193 Καὶ
2252 2140 2443 2194 σκόπει
2471 2141 2571 2213 τὴν
2606 2140 2919 2211 οἰκονομίαν
2939 2156 2953 2171 ·
2992 2139 3211 2211 πρῶτον
3254 2139 3354 2210 μὲν
3383 2136 3528 2210 ἦραν
3562 2139 3626 2193 τδ

1948 2226 2157 2295 σκάφος
2185 2229 2279 2280 καὶ
2308 2230 2622 2299 ἐξήρχοντο,
2647 2229 2837 2281 ἔπειτα
2866 2227 2941 2289 ὡς
2964 2228 3225 2281 ἐνέπεσεν
3247 2228 3471 2298 ἄνεμος,
3516 2227 3625 2281 ἐδί-

1943 2310 2066 2365 δουν
2097 2314 2174 2383 τῴ
2202 2313 2442 2383 φέροντι,
2502 2316 2597 2369 καὶ
2650 2314 2802 2386 μόλις
2839 2313 3125 2378 ἐσώζοντο.
3163 2313 3516 2369 Ἀνευθέτου
3554 2314 3626 2367 δέ

1944 2399 2054 2454 τοῦ
2088 2400 2338 2469 λιμένος
2384 2400 2770 2469 ὑπάρχοντος
2817 2402 2967 2469 πρὸς
3020 2402 3537 2471 παραχειμασίαν,
3568 2402 3624 2454 οἰ

1945 2488 2199 2553 πλείους
2219 2488 2425 2542 ἐθεντο
2474 2488 2725 2555 βουλὴν
2778 2486 3118 2557 ἀναχθῆναι
3144 2487 3393 2552 ἐκεῖθεν,
3420 2487 3477 2540 ει
3499 2502 3625 2554 πως

1944 2573 2227 2629 δύναιντο
2249 2575 2741 2645 καταντήσαντες
2766 2577 2855 2641 εἰς
2879 2576 3127 2630 Φοίνικα
3154 2574 3621 2644 παραχειμάσαι,

1943 2659 2160 2729 λιμένα
2187 2661 2296 2729 τῆς
2332 2660 2570 2730 Κρήτης
2596 2662 2913 2726 βλέποντα
2967 2662 3120 2716 κατὰ
3154 2663 3297 2716 λίϐα
3344 2660 3440 2714 καί
3470 2662 3625 2715 κατὰ

1945 2745 2169 2814 Χῶρον.
2221 2747 2749 2813 Ὑποπνεύσαντος
2797 2747 2865 2800 δέ
2913 2748 3116 2813 νότου,
3169 2747 3461 2814 δόξαντες
3513 2745 3623 2815 τῆς

1946 2833 2286 2903 προθέσεως
2310 2834 2763 2903 κεκρατηκέναι,
2794 2835 3050 2904 ἀραντες
3088 2836 3339 2899 Ἄσσον,
3371 2834 3625 2903 παρελέ-

1946 2939 2123 2991 γοντο
2147 2921 2264 2990 τὴν
2289 2922 2553 2991 Κρήτην.
2582 2926 2701 2977 Μετ
2718 2924 2731 2945 ⁹
2758 2924 2829 2977 οὑ
2861 2923 3021 2978 πολὺ
3045 2922 3115 2976 δέ
3144 2923 3324 2977 ἔϐαλε
3352 2940 3461 2978 κατ
3478 2925 3492 2944 ’
3514 2925 3625 2978 αύ-

1946 3009 2059 3078 thr
2095 3010 2317 3078 ἄνεμος
2345 3012 2696 3080 τυφωνικὸς,
2728 3014 2762 3065 ό
2796 3013 3170 3081 καλούμενος
3202 3012 3619 3079 Εὐροκλύδων·

1945 3098 2486 3167 συναρπασθέντος
2533 3098 2602 3153 δέ
2638 3098 2745 3153 τοῦ
2784 3101 3001 3154 πλοίου
3027 3100 3125 3153 καί
3159 3101 3246 3169 μὴ
3278 3100 3623 3170 δυναμένου

1943 3188 2390 3257 ἀντοφθαλμεῖν
2419 3188 2500 3254 τῷ
2523 3189 2739 3257 ἀνέμῳ,
2779 3188 3093 3255 ἐπιδόντες
3119 3190 3472 3260 ἐφερόμεθα.
3500 3193 3623 3258 Νη-

1944 3277 2085 3328 σίον
2140 3276 2207 3328 δέ
2259 3293 2315 3329 τι
2366 3275 2817 3344 ὑποδραμόντες
2868 3279 3249 3345 καλούμενον
3312 3277 3620 3346 Κλαύδην,

1937 3363 2120 3430 μόλις
2144 3365 2488 3433 ἰσχύσαμεν
2507 3364 2879 3432 περικρατεῖς
2904 3364 3183 3434 γενέσθαι
3214 3364 3323 3433 τῆς
3353 3366 3621 3434 σκάφης·

1944 3449 2024 3517 ἣν
2052 3452 2325 3519 ἄραντες,
2383 3453 2695 3518 ,ϐοηθείαις
2759 3450 3023 3520 ἐχρῶντο
3078 3451 3531 3518 ὑποζωννύντες
3556 3452 3625 3506 τὸ

1944 3539 2161 3592 πλοῖον
2190 3556 2204 3571 ·
2228 3540 2588 3607 φοϐούμενοί
2609 3556 2673 3591 τε
2691 3538 2777 3608 μὴ
2804 3542 2890 3604 είς
2915 3540 3029 3606 τὴν
3058 3540 3271 3607 Σύρτιν
3296 3539 3623 3611 ὲκπέσωσι,

1944 3627 2327 3696 χαλάσαντες
2378 3627 2450 3680 τὰ
2490 3627 2653 3680 ίστία
2689 3627 2877 3692 οὕτως
2900 3626 3204 3695 ἐφέροντο.
3248 3627 3529 3695 Σφοδρῶς
3556 3628 3625 3681 δέ

1944 3714 2376 3783 χειμαζομένων
2417 3712 2603 3782 ἡμῶν,
2648 3712 2719 3780 τῇ
2772 3713 2922 3780 ἑξῆς
2974 3712 3238 3779 ἐκϐολὴν
3265 3714 3582 3768 ἐποιοῦντο
3606 3731 3623 3745 ·

1944 3803 2042 3855 καί
2069 3800 2144 3868 τῇ
2172 3802 2339 3870 τρίτῃ
2370 3802 2717 3869 αὐτόχειρες
2750 3801 2861 3867 τὴν
2893 3800 3131 3867 σκευὴν
3151 3800 3262 3855 τοῦ
3295 3802 3515 3855 πλοίου
3536 3801 3627 3871 ἐρα

1933 3888 2225 3959 ρίψαμεν.
2254 3890 2420 3955 Μήτε
2450 3888 2519 3941 δέ
2550 3888 2729 3956 ἡλίου
2767 3887 2921 3957 μήτε
2969 3888 3209 3955 ἀστρων
3249 3888 3625 3957 ιίπιςιιαινομέ⁸

1942 3994 2069 4030 νων
2098 3976 2197 4029 έπί
2225 3977 2514 4042 πλείονας
2538 3975 2785 4044 ἡμέρας,
2839 3973 3133 4043 χειμῶνός
3184 3992 3247 4029 τε
3274 3978 3385 4030 οὑκ
3413 3978 3625 4045 ὀλίγου

1942 4066 2348 4133 ἐπικειμένου,
2389 4062 2609 4117 λοιπὸν
2634 4062 2965 4130 περιῃρεῖτο
2991 4061 3160 4117 πᾶσα
3182 4063 3362 4129 ἐλπίς
3382 4065 3490 4117 τοῦ
3517 4063 3628 4117 σώο

1944 4153 2141 4214 ζεσθαι
2166 4151 2344 4221 ἡμᾶς.
2382 4150 2630 4219 Πολλῆς
2653 4148 2720 4203 δὲ
2750 4150 2991 4216 ἀσιτίας
3026 4152 3448 4219 ὑπαρχούσης,
3492 4155 3627 4205 τότε

1942 4240 2187 4307 σταθεὶς
2214 4243 2246 4294 ό
2268 4240 2512 4305 Παῦλος
2549 4238 2619 4291 ἐν
2639 4236 2803 4306 μέσῳ
2830 4237 3049 4301 αὐτῶν,
3076 4234 3264 4293 εἶπεν.
3298 4240 3459 4308 Ὅρα·
3486 4240 3625 4309 μετά

1942 4329 2033 4381 τὸν
2064 4326 2317 4381 τοσοῦτον
2346 4325 2592 4396 χειμῶνα
2630 4325 2731 4377 οὐκ
2768 4325 3115 4395 ἐπεμϐαίνων
3158 4326 3343 4389 αὐτοῖς
3377 4326 3623 4395 διαλέγε-

1942 4434 2053 4478 ται,
2084 4416 2221 4469 ἀλλά
2254 4414 2575 4485 βουλόμενος
2629 4411 2733 4466 κάν
2795 4414 2874 4475 εἰς
2931 4412 2992 4465 τὸ
3026 4412 3216 4482 μέλλον
3245 4412 3622 4481 πιστευθῆναι.

1946 4504 2109 4557 Ὅθεν
2138 4502 2233 4556 καὶ
2258 4504 2325 4555 τὰ
2352 4500 2700 4571 γεγενημένα
2744 4500 3167 4571 παραλαμϐάνει
3202 4502 3281 4562 εἰς
3316 4500 3625 4571 μαρτυρίαν

1942 4591 2041 4661 τῆς
2066 4590 2175 4642 τῶν
2206 4588 2595 4661 ῥηθησομένων
2640 4587 2919 4658 ἀληθείας.
2970 4587 3078 4639 Καὶ
3100 4587 3193 4639 δύο
3225 4586 3501 4656 προλέγει,
3541 4587 3625 4639 ὅτι

1943 4693 2004 4728 τε
2028 4676 2108 4739 εἰς
2136 4674 2299 4744 νῆσον
2332 4676 2587 4729 ἐκπεσεῖν
2621 4674 2719 4737 δεῖ,
2772 4675 2867 4726 καὶ
2907 4673 2988 4726 ὅτι
3037 4673 3096 4727 τὸ
3134 4674 3230 4743 μὲν
3269 4671 3451 4725 πλοῖον
3488 4673 3627 4726 ἀπο-

1943 4766 2135 4830 λεῖται,
2169 4766 2217 4817 οἰ
2242 4764 2298 4816 δὲ
2348 4764 2558 4826 ἐνόντες
2613 4762 2946 4833 σωθήσονται
2998 4766 3156 4831 (ὅπερ
3188 4764 3289 4816 οὐκ
3335 4759 3402 4833 ἦν
3438 4780 3628 4833 στοχαο

1948 4851 2108 4923 σμοῦ,
2146 4851 2281 4905 ἀλλά
2322 4850 2706 4921 προφητείας),
2759 4852 2854 4903 καὶ
2912 4852 2994 4903 ὅτι
3054 4850 3217 4904 αὑτὸν
3260 4850 3499 4921 Καίσαρι
3548 4850 3630 4904 δεῖ

1948 4940 2313 5011 παραστῆναι.
2338 4940 2410 4991 Τὸ
2434 4940 2512 5003 δὲ,
2536 4937 2901 5005 Κεχάρισταί
2946 4954 3047 4991 σοι
3086 4940 3119 4991 ό
3157 4938 3299 5003 Θεὸς
3329 4938 3625 5002 ἅπαντας,

1945 5028 2082 5097 ὅπερ
2114 5022 2287 5088 εἶπεν,
2332 5027 2432 5079 οὐκ
2458 5024 2607 5097 [599]
2635 5026 2952 5089 ἀλαζονείας
2988 5026 3159 5086 ἐστὶν,
3193 5024 3328 5077 ἀλλά
3374 5024 3631 5094 βουλομέ-

1947 5132 2037 5167 νου
2075 5113 2527 5183 προσαγαγέσθαι
2558 5114 2681 5175 τους
2706 5112 3043 5181 ἐμπλέοντας
3071 5129 3083 5141 ·
3112 5112 3210 5182 οὐχ
3232 5112 3321 5165 ἵνα
3346 5112 3452 5182 γὰρ
3481 5112 3631 5182 αὐτῷ

1946 5203 2108 5275 χάριν
2133 5203 2349 5272 ἔχωσιν,
2396 5202 2507 5255 ἀλλ’
2550 5202 2637 5253 ’ίνα
2672 5201 2969 5255 πείθωνται
3003 5204 3114 5264 τοῖς
3159 5201 3252 5253 ὑπ’
3284 5200 3451 5254 αὐτοῦ
3482 5200 3632 5267 λεγο-

1952 5294 2161 5363 μένοις,
2187 5291 2360 5353 οὓτως
2386 5288 2529 5343 εἶπε.
2568 5291 2642 5343 Τὸ
2676 5291 2754 5352 δὲ,
2785 5289 3147 5359 Κεχάρισταί
3180 5304 3277 5342 σοι
3303 5292 3335 5342 ό
3366 5289 3532 5354 Θεὸς,
3552 5288 3631 5357 τῷ

1950 5382 2148 5451 Παύλῳ
2170 5382 2408 5450 εἴρηται.
2458 5378 2629 5431 Τοῦτο
2672 5378 2955 5447 μονονουχὶ
2992 5376 3169 5444 λέγων
3218 5374 3369 5445 αὑτῷ
3400 5391 3415 5406 ·
3454 5373 3631 5439 Ἀξιοι

1953 5468 2051 5536 μὲν
2076 5467 2211 5519 εἰσὶν
2244 5464 2559 5529 ἀποθανεῖν,
2596 5464 2784 5534 ἐπειδὴ
2812 5465 3171 5533 παρήκουσαν
3204 5477 3218 5491 ·
3262 5461 3400 5532 πλὴν
3423 5462 3502 5523 εἰς
3532 5460 3631 5531 τὴν

1949 5556 2109 5625 χάριν
2139 5554 2234 5623 τὴν
2268 5554 2368 5623 σὴν
2419 5553 2577 5606 τοῦτο
2620 5553 2848 5620 γίνεται.
2891 5548 3132 5616 Πολλῆς
3168 5549 3257 5610 δέ,
3290 5549 3475 5619 φησὶν,
3500 5549 3632 5601 ἀσι-

1950 5644 2087 5708 τίας
2112 5642 2533 5710 ὑπαρχούσης,
2566 5640 2699 5692 τότε
2729 5638 2974 5702 σταθείς
3004 5640 3036 5690 ό
3071 5636 3318 5700 Παῦλος
3355 5636 3424 5689 έν
3461 5635 3632 5702 μέσῳ

1948 5732 2149 5785 αὐτῶν
2168 5729 2339 5787 εἶπεν
2361 5749 2375 5762 ·
2406 5731 2564 5783 Ἔδει
2583 5730 2720 5796 μὲν,
2749 5721 2795 5779 ὦ
2848 5727 3084 5794 ἄνδρες,
3103 5714 3631 5790 πειθαρχήσαντάς

1944 5839 2065 5890 μοι,
2092 5821 2179 5889 μὴ
2214 5820 2542 5891 ἀνάγεσθαι
2575 5820 2695 5873 ἀπὸ
2744 5816 2854 5885 τῆς
2899 5814 3157 5883 Κρήτης,
3218 5810 3513 5879 κερδῆσαί
3568 5828 3632 5865 τε

1954 5910 2065 5975 τὴν
2097 5910 2269 5976 ὓϐριν
2301 5910 2527 5973 ταύτην
2568 5907 2663 5959 καὶ
2698 5906 2811 5971 τὴν
2852 5905 3084 5972 ζημίαν.
3125 5900 3231 5956 Καὶ
3263 5898 3452 5952 τανῦν
3483 5914 3631 5966 παρτ

1960 5996 2103 6053 αινῶ
2133 5994 2285 6067 ὑμᾶς
2324 5996 2605 6065 εὐθυμεῖν
2641 6012 2651 6025 ·
2702 5992 2976 6060 ἀποϐολὴ
3007 5990 3115 6061 γὰρ
3146 5985 3353 6058 ψυχῆς
3387 5983 3637 6055 οὐδεμία
