  <div class='ocr_page' id='page_1' title='image "/cluster/home/n/w/nwhite01/storage/ocr_20150623/60/pst.000005712601/373.png"; bbox 0 0 4120 6334; ppageno 0'>
   <div class='ocr_carea' id='block_1_1' title="bbox 498 411 603 467">
    <p class='ocr_par' dir='ltr' id='par_1_1' title="bbox 498 411 603 467">
     <span class='ocr_line' id='line_1_1' title="bbox 498 411 603 467; baseline 0.01 -1"><span class='ocrx_word' id='word_1_1' title='bbox 498 411 603 467; x_wconf 73' lang='lat'><em>369</em></span> 
     </span>
    </p>
   </div>
   <div class='ocr_carea' id='block_1_2' title="bbox 498 503 2145 589">
    <p class='ocr_par' dir='ltr' id='par_1_2' title="bbox 498 503 2145 589">
     <span class='ocr_line' id='line_1_2' title="bbox 498 503 2145 589; baseline -0.014 -10"><span class='ocrx_word' id='word_1_2' title='bbox 498 526 669 580; x_wconf 69' lang='grc' dir='ltr'><em>ἔσται</em></span> <span class='ocrx_word' id='word_1_3' title='bbox 704 521 772 586; x_wconf 78' lang='grc' dir='ltr'><em>ἐξ</em></span> <span class='ocrx_word' id='word_1_4' title='bbox 801 518 982 589; x_wconf 86' lang='grc' dir='ltr'><em>ὑμῶν,</em></span> <span class='ocrx_word' id='word_1_5' title='bbox 1015 515 1181 585; x_wconf 81' lang='grc' dir='ltr'><em>πλὴν</em></span> <span class='ocrx_word' id='word_1_6' title='bbox 1201 515 1305 570; x_wconf 86' lang='grc' dir='ltr'><em>τοῦ</em></span> <span class='ocrx_word' id='word_1_7' title='bbox 1344 515 1576 569; x_wconf 86' lang='grc' dir='ltr'><em>πλοίου.</em></span> <span class='ocrx_word' id='word_1_8' title='bbox 1612 510 1885 577; x_wconf 84' lang='grc' dir='ltr'><em>Παρέστη</em></span> <span class='ocrx_word' id='word_1_9' title='bbox 1915 503 2025 589; x_wconf 76' lang='grc' dir='ltr'><em>γάρ</em></span> <span class='ocrx_word' id='word_1_10' title='bbox 2046 519 2145 589; x_wconf 84' lang='grc' dir='ltr'><em>μοι</em></span> 
     </span>
    </p>
   </div>
   <div class='ocr_carea' id='block_1_3' title="bbox 499 586 2145 677">
    <p class='ocr_par' dir='ltr' id='par_1_3' title="bbox 499 586 2145 677">
     <span class='ocr_line' id='line_1_3' title="bbox 499 586 2145 677; baseline -0.016 -11"><span class='ocrx_word' id='word_1_11' title='bbox 499 611 684 677; x_wconf 80' lang='grc' dir='ltr'><em>ταύτῃ</em></span> <span class='ocrx_word' id='word_1_12' title='bbox 722 607 795 676; x_wconf 78' lang='grc' dir='ltr'><em>τῇ</em></span> <span class='ocrx_word' id='word_1_13' title='bbox 834 586 1010 660; x_wconf 74' lang='grc' dir='ltr'><em>νυκτὶ</em></span> <span class='ocrx_word' id='word_1_14' title='bbox 1061 604 1311 672; x_wconf 73' lang='grc' dir='ltr'><em>ἄγγελος</em></span> <span class='ocrx_word' id='word_1_15' title='bbox 1353 600 1457 655; x_wconf 89' lang='grc' dir='ltr'><em>τοῦ</em></span> <span class='ocrx_word' id='word_1_16' title='bbox 1489 598 1656 662; x_wconf 85' lang='grc' dir='ltr'><em>Θεοῦ,</em></span> <span class='ocrx_word' id='word_1_17' title='bbox 1687 593 1757 651; x_wconf 83' lang='grc' dir='ltr'><em>οὗ</em></span> <span class='ocrx_word' id='word_1_18' title='bbox 1789 599 1927 664; x_wconf 78' lang='grc' dir='ltr'><em>εἰμι,</em></span> <span class='ocrx_word' id='word_1_19' title='bbox 1968 586 2015 657; x_wconf 84' lang='grc' dir='ltr'>ᾧ</span> <span class='ocrx_word' id='word_1_20' title='bbox 2048 588 2145 642; x_wconf 77' lang='grc' dir='ltr'><em>καὶ</em></span> 
     </span>
    </p>
   </div>
   <div class='ocr_carea' id='block_1_4' title="bbox 498 675 2147 763">
    <p class='ocr_par' dir='ltr' id='par_1_4' title="bbox 498 675 2147 763">
     <span class='ocr_line' id='line_1_4' title="bbox 498 675 2147 763; baseline -0.013 -13"><span class='ocrx_word' id='word_1_21' title='bbox 498 675 992 763; x_wconf 82' lang='grc' dir='ltr'><em>λατρεύω,λέγων</em></span> <span class='ocrx_word' id='word_1_22' title='bbox 1021 708 1035 722; x_wconf 76' lang='grc' dir='ltr'><em>ο</em></span> <span class='ocrx_word' id='word_1_23' title='bbox 1063 690 1157 757; x_wconf 71' lang='grc' dir='ltr'><em>Μὴ</em></span> <span class='ocrx_word' id='word_1_24' title='bbox 1181 687 1394 757; x_wconf 66' lang='grc' dir='ltr'><em>φοϐοῦ,</em></span> <span class='ocrx_word' id='word_1_25' title='bbox 1425 684 1621 739; x_wconf 98' lang='grc' dir='ltr'><em>Παῦλε</em></span> <span class='ocrx_word' id='word_1_26' title='bbox 1641 698 1654 712; x_wconf 84' lang='grc'><em>’</em></span> <span class='ocrx_word' id='word_1_27' title='bbox 1691 680 1941 749; x_wconf 84' lang='grc' dir='ltr'><em>Καίσαρί</em></span> <span class='ocrx_word' id='word_1_28' title='bbox 1964 695 2036 732; x_wconf 87' lang='grc' dir='ltr'><em>σε</em></span> <span class='ocrx_word' id='word_1_29' title='bbox 2057 675 2147 729; x_wconf 87' lang='grc' dir='ltr'><em>δεῖ</em></span> 
     </span>
    </p>
   </div>
   <div class='ocr_carea' id='block_1_5' title="bbox 496 765 2149 850">
    <p class='ocr_par' dir='ltr' id='par_1_5' title="bbox 496 765 2149 850">
     <span class='ocr_line' id='line_1_5' title="bbox 496 765 2149 850; baseline -0.013 -13"><span class='ocrx_word' id='word_1_30' title='bbox 496 780 873 850; x_wconf 75' lang='grc' dir='ltr'><em>παραστῆναι</em></span> <span class='ocrx_word' id='word_1_31' title='bbox 895 794 907 805; x_wconf 90' lang='grc'><strong>·</strong></span> <span class='ocrx_word' id='word_1_32' title='bbox 930 777 1025 831; x_wconf 80' lang='grc' dir='ltr'><em>καί</em></span> <span class='ocrx_word' id='word_1_33' title='bbox 1054 775 1181 830; x_wconf 84' lang='grc' dir='ltr'><em>ιδοὺ</em></span> <span class='ocrx_word' id='word_1_34' title='bbox 1208 772 1549 843; x_wconf 84' lang='grc' dir='ltr'><em>κεχάρισταί</em></span> <span class='ocrx_word' id='word_1_35' title='bbox 1573 784 1671 824; x_wconf 92' lang='grc' dir='ltr'><em>σοι</em></span> <span class='ocrx_word' id='word_1_36' title='bbox 1696 773 1727 822; x_wconf 88' lang='grc' dir='ltr'><em>ό</em></span> <span class='ocrx_word' id='word_1_37' title='bbox 1750 768 1886 832; x_wconf 78' lang='grc' dir='ltr'><em>Θεὸς</em></span> <span class='ocrx_word' id='word_1_38' title='bbox 1918 765 2149 827; x_wconf 87' lang='grc' dir='ltr'><em>πάντας</em></span> 
     </span>
    </p>
   </div>
   <div class='ocr_carea' id='block_1_6' title="bbox 497 850 2148 935">
    <p class='ocr_par' dir='ltr' id='par_1_6' title="bbox 497 850 2148 935">
     <span class='ocr_line' id='line_1_6' title="bbox 497 850 2148 935; baseline -0.013 -11"><span class='ocrx_word' id='word_1_39' title='bbox 497 870 637 935; x_wconf 86' lang='grc' dir='ltr'><em>τοὺς</em></span> <span class='ocrx_word' id='word_1_40' title='bbox 667 866 962 931; x_wconf 80' lang='grc' dir='ltr'><em>πλέοντας</em></span> <span class='ocrx_word' id='word_1_41' title='bbox 983 863 1131 933; x_wconf 85' lang='grc' dir='ltr'><em>μετὰ</em></span> <span class='ocrx_word' id='word_1_42' title='bbox 1153 861 1288 915; x_wconf 83' lang='grc' dir='ltr'><em>σοῦ.</em></span> <span class='ocrx_word' id='word_1_43' title='bbox 1335 860 1431 912; x_wconf 89' lang='grc' dir='ltr'><em>Διό</em></span> <span class='ocrx_word' id='word_1_44' title='bbox 1478 855 1815 926; x_wconf 80' lang='grc' dir='ltr'><em>εὐθυμεῖτε,</em></span> <span class='ocrx_word' id='word_1_45' title='bbox 1863 850 2099 935; x_wconf 6' lang='grc' dir='ltr'><em>ἇνδρες,</em></span> <span class='ocrx_word' id='word_1_46' title='bbox 2138 864 2148 879; x_wconf 90' lang='grc'><strong>·</strong></span> 
     </span>
    </p>
   </div>
   <div class='ocr_carea' id='block_1_7' title="bbox 497 934 2143 1024">
    <p class='ocr_par' dir='ltr' id='par_1_7' title="bbox 497 934 2143 1024">
     <span class='ocr_line' id='line_1_7' title="bbox 497 934 2143 1024; baseline -0.013 -14"><span class='ocrx_word' id='word_1_47' title='bbox 497 934 756 1009; x_wconf 86' lang='grc' dir='ltr'><em>πιστεύω</em></span> <span class='ocrx_word' id='word_1_48' title='bbox 811 953 920 1024; x_wconf 84' lang='grc' dir='ltr'><em>γὰρ</em></span> <span class='ocrx_word' id='word_1_49' title='bbox 963 949 1043 1016; x_wconf 83' lang='grc' dir='ltr'><em>τῷ</em></span> <span class='ocrx_word' id='word_1_50' title='bbox 1098 948 1238 1012; x_wconf 84' lang='grc' dir='ltr'><em>Θεῷ,</em></span> <span class='ocrx_word' id='word_1_51' title='bbox 1297 946 1381 999; x_wconf 80' lang='grc' dir='ltr'><em>ὅτι</em></span> <span class='ocrx_word' id='word_1_52' title='bbox 1437 945 1622 1010; x_wconf 86' lang='grc' dir='ltr'><em>οὕτως</em></span> <span class='ocrx_word' id='word_1_53' title='bbox 1673 942 1840 996; x_wconf 74' lang='grc' dir='ltr'><em>ἔσται</em></span> <span class='ocrx_word' id='word_1_54' title='bbox 1896 937 2023 993; x_wconf 82' lang='grc' dir='ltr'><em>καθ’</em></span> <span class='ocrx_word' id='word_1_55' title='bbox 2077 934 2143 989; x_wconf 79' lang='grc' dir='ltr'><em>ὃν</em></span> 
     </span>
    </p>
   </div>
   <div class='ocr_carea' id='block_1_8' title="bbox 496 1020 2151 1111">
    <p class='ocr_par' dir='ltr' id='par_1_8' title="bbox 496 1020 2151 1111">
     <span class='ocr_line' id='line_1_8' title="bbox 496 1020 2151 1111; baseline -0.011 -16"><span class='ocrx_word' id='word_1_56' title='bbox 496 1043 718 1111; x_wconf 77' lang='grc' dir='ltr'><em>τρόπον</em></span> <span class='ocrx_word' id='word_1_57' title='bbox 746 1020 1072 1101; x_wconf 85' lang='grc' dir='ltr'><em>λελάληταί</em></span> <span class='ocrx_word' id='word_1_58' title='bbox 1087 1052 1207 1104; x_wconf 91' lang='grc' dir='ltr'><em>μοι.</em></span> <span class='ocrx_word' id='word_1_59' title='bbox 1252 1035 1353 1098; x_wconf 80' lang='grc' dir='ltr'><em>Είς</em></span> <span class='ocrx_word' id='word_1_60' title='bbox 1389 1031 1580 1099; x_wconf 82' lang='grc' dir='ltr'><em>νῆσον</em></span> <span class='ocrx_word' id='word_1_61' title='bbox 1601 1030 1668 1083; x_wconf 81' lang='grc' dir='ltr'><em>δέ</em></span> <span class='ocrx_word' id='word_1_62' title='bbox 1696 1045 1825 1081; x_wconf 88' lang='grc' dir='ltr'><em>τινα</em></span> <span class='ocrx_word' id='word_1_63' title='bbox 1852 1023 1941 1078; x_wconf 90' lang='grc' dir='ltr'><em>δεῖ</em></span> <span class='ocrx_word' id='word_1_64' title='bbox 1990 1020 2151 1092; x_wconf 74' lang='grc' dir='ltr'><em>ἡμᾶς</em></span> 
     </span>
    </p>
   </div>
   <div class='ocr_carea' id='block_1_9' title="bbox 493 1110 2143 1189">
    <p class='ocr_par' dir='ltr' id='par_1_9' title="bbox 493 1110 2143 1189">
     <span class='ocr_line' id='line_1_9' title="bbox 493 1110 2143 1189; baseline -0.014 -6"><span class='ocrx_word' id='word_1_65' title='bbox 493 1110 787 1183; x_wconf 81' lang='grc' dir='ltr'><em>ἐκπεσεῖν.</em></span> <span class='ocrx_word' id='word_1_66' title='bbox 849 1127 942 1189; x_wconf 87' lang='grc' dir='ltr'><em>Ὠς</em></span> <span class='ocrx_word' id='word_1_67' title='bbox 977 1123 1044 1176; x_wconf 79' lang='grc' dir='ltr'><em>δὲ</em></span> <span class='ocrx_word' id='word_1_68' title='bbox 1084 1116 1696 1188; x_wconf 74' lang='grc' dir='ltr'><em>τεσσαρεσκαιδεκάτη</em></span> <span class='ocrx_word' id='word_1_69' title='bbox 1724 1113 1836 1177; x_wconf 76' lang='grc' dir='ltr'><em>νὺξ</em></span> <span class='ocrx_word' id='word_1_70' title='bbox 1888 1110 2143 1180; x_wconf 76' lang='grc' dir='ltr'><em>ἐγένετο,</em></span> 
     </span>
    </p>
   </div>
   <div class='ocr_carea' id='block_1_10' title="bbox 494 1197 2147 1285">
    <p class='ocr_par' dir='ltr' id='par_1_10' title="bbox 494 1197 2147 1285">
     <span class='ocr_line' id='line_1_10' title="bbox 494 1197 2147 1285; baseline -0.013 -16"><span class='ocrx_word' id='word_1_71' title='bbox 494 1214 928 1285; x_wconf 63' lang='grc' dir='ltr'><em>διαφερομένων</em></span> <span class='ocrx_word' id='word_1_72' title='bbox 993 1208 1162 1280; x_wconf 71' lang='grc' dir='ltr'><em>ἡμῶν</em></span> <span class='ocrx_word' id='word_1_73' title='bbox 1239 1209 1307 1261; x_wconf 81' lang='grc' dir='ltr'><em>ἐν</em></span> <span class='ocrx_word' id='word_1_74' title='bbox 1358 1205 1437 1271; x_wconf 86' lang='grc' dir='ltr'><em>τῷ</em></span> <span class='ocrx_word' id='word_1_75' title='bbox 1504 1204 1699 1272; x_wconf 72' lang='grc' dir='ltr'><em>Ἀδρίῃ</em></span> <span class='ocrx_word' id='word_1_76' title='bbox 1755 1198 1903 1253; x_wconf 85' lang='grc' dir='ltr'><em>κατὰ</em></span> <span class='ocrx_word' id='word_1_77' title='bbox 1953 1197 2147 1266; x_wconf 88' lang='grc' dir='ltr'><em>μέσον</em></span> 
     </span>
    </p>
   </div>
   <div class='ocr_carea' id='block_1_11' title="bbox 494 1282 2147 1368">
    <p class='ocr_par' dir='ltr' id='par_1_11' title="bbox 494 1282 2147 1368">
     <span class='ocr_line' id='line_1_11' title="bbox 494 1282 2147 1368; baseline -0.012 -12"><span class='ocrx_word' id='word_1_78' title='bbox 494 1302 604 1368; x_wconf 74' lang='grc' dir='ltr'><em>τῆς</em></span> <span class='ocrx_word' id='word_1_79' title='bbox 653 1299 884 1364; x_wconf 71' lang='grc' dir='ltr'><em>νυκτὸς,</em></span> <span class='ocrx_word' id='word_1_80' title='bbox 944 1296 1244 1352; x_wconf 82' lang='grc' dir='ltr'><em>ὑπενόουν</em></span> <span class='ocrx_word' id='word_1_81' title='bbox 1288 1295 1342 1348; x_wconf 86' lang='grc' dir='ltr'><em>οί</em></span> <span class='ocrx_word' id='word_1_82' title='bbox 1405 1290 1613 1344; x_wconf 89' lang='grc' dir='ltr'><em>ναῦται</em></span> <span class='ocrx_word' id='word_1_83' title='bbox 1663 1287 1983 1356; x_wconf 80' lang='grc' dir='ltr'><em>προσάγειν</em></span> <span class='ocrx_word' id='word_1_84' title='bbox 2018 1282 2147 1337; x_wconf 85' lang='grc' dir='ltr'><em>τινὰ</em></span> 
     </span>
    </p>
   </div>
   <div class='ocr_carea' id='block_1_12' title="bbox 493 1372 2141 1454">
    <p class='ocr_par' dir='ltr' id='par_1_12' title="bbox 493 1372 2141 1454">
     <span class='ocr_line' id='line_1_12' title="bbox 493 1372 2141 1454; baseline -0.013 -12"><span class='ocrx_word' id='word_1_85' title='bbox 493 1389 693 1451; x_wconf 78' lang='grc' dir='ltr'><em>αὐτοῖς</em></span> <span class='ocrx_word' id='word_1_86' title='bbox 734 1384 931 1454; x_wconf 86' lang='grc' dir='ltr'><em>χώραν</em></span> <span class='ocrx_word' id='word_1_87' title='bbox 972 1399 986 1414; x_wconf 89' lang='grc'><strong>·</strong></span> <span class='ocrx_word' id='word_1_88' title='bbox 1030 1383 1125 1437; x_wconf 75' lang='grc' dir='ltr'><em>καὶ</em></span> <span class='ocrx_word' id='word_1_89' title='bbox 1173 1378 1553 1446; x_wconf 68' lang='grc' dir='ltr'><em>βολίσαντες,</em></span> <span class='ocrx_word' id='word_1_90' title='bbox 1598 1373 1775 1444; x_wconf 85' lang='grc' dir='ltr'><em>εὗρον</em></span> <span class='ocrx_word' id='word_1_91' title='bbox 1801 1372 2039 1442; x_wconf 79' lang='grc' dir='ltr'><em>ὀργυιὰς</em></span> <span class='ocrx_word' id='word_1_92' title='bbox 2064 1377 2141 1422; x_wconf 81' lang='grc' dir='ltr'><em>κ’·</em></span> 
     </span>
    </p>
   </div>
   <div class='ocr_carea' id='block_1_13' title="bbox 487 1459 2144 1543">
    <p class='ocr_par' dir='ltr' id='par_1_13' title="bbox 487 1459 2144 1543">
     <span class='ocr_line' id='line_1_13' title="bbox 487 1459 2144 1543; baseline -0.013 -16"><span class='ocrx_word' id='word_1_93' title='bbox 487 1473 687 1543; x_wconf 79' lang='grc' dir='ltr'><em>βραχὺ</em></span> <span class='ocrx_word' id='word_1_94' title='bbox 742 1473 809 1525; x_wconf 82' lang='grc' dir='ltr'><em>δὲ</em></span> <span class='ocrx_word' id='word_1_95' title='bbox 865 1469 1298 1534; x_wconf 74' lang='grc' dir='ltr'><em>διαστήσαντες</em></span> <span class='ocrx_word' id='word_1_96' title='bbox 1346 1464 1441 1517; x_wconf 79' lang='grc' dir='ltr'><em>καί</em></span> <span class='ocrx_word' id='word_1_97' title='bbox 1499 1461 1683 1515; x_wconf 87' lang='grc' dir='ltr'><em>πάλιν</em></span> <span class='ocrx_word' id='word_1_98' title='bbox 1728 1459 2094 1523; x_wconf 81' lang='grc' dir='ltr'><em>,ϐολίσαντες</em></span> <span class='ocrx_word' id='word_1_99' title='bbox 2128 1494 2144 1518; x_wconf 90' lang='grc'><em>,</em></span> 
     </span>
    </p>
   </div>
   <div class='ocr_carea' id='block_1_14' title="bbox 490 1544 2146 1629">
    <p class='ocr_par' dir='ltr' id='par_1_14' title="bbox 490 1544 2146 1629">
     <span class='ocr_line' id='line_1_14' title="bbox 490 1544 2146 1629; baseline -0.013 -14"><span class='ocrx_word' id='word_1_100' title='bbox 490 1558 669 1629; x_wconf 85' lang='grc' dir='ltr'><em>εὖρον</em></span> <span class='ocrx_word' id='word_1_101' title='bbox 722 1559 960 1626; x_wconf 76' lang='grc' dir='ltr'><em>ὀργυιὰς</em></span> <span class='ocrx_word' id='word_1_102' title='bbox 1028 1562 1090 1609; x_wconf 83' lang='grc' dir='ltr'><em>ιε’</em></span> <span class='ocrx_word' id='word_1_103' title='bbox 1146 1569 1158 1582; x_wconf 93' lang='grc'><strong>·</strong></span> <span class='ocrx_word' id='word_1_104' title='bbox 1211 1549 1564 1620; x_wconf 74' lang='grc' dir='ltr'><em>φοϐούμενοί</em></span> <span class='ocrx_word' id='word_1_105' title='bbox 1623 1563 1686 1601; x_wconf 89' lang='grc' dir='ltr'><em>τε</em></span> <span class='ocrx_word' id='word_1_106' title='bbox 1753 1544 1836 1614; x_wconf 86' lang='grc' dir='ltr'><em>μή</em></span> <span class='ocrx_word' id='word_1_107' title='bbox 1890 1559 2013 1608; x_wconf 86' lang='grc' dir='ltr'><em>πως</em></span> <span class='ocrx_word' id='word_1_108' title='bbox 2060 1544 2146 1605; x_wconf 84' lang='grc' dir='ltr'><em>είς</em></span> 
     </span>
    </p>
   </div>
   <div class='ocr_carea' id='block_1_15' title="bbox 490 1631 2144 1717">
    <p class='ocr_par' dir='ltr' id='par_1_15' title="bbox 490 1631 2144 1717">
     <span class='ocr_line' id='line_1_15' title="bbox 490 1631 2144 1717; baseline -0.013 -16"><span class='ocrx_word' id='word_1_109' title='bbox 490 1646 724 1717; x_wconf 80' lang='grc' dir='ltr'><em>τραχεῖς·</em></span> <span class='ocrx_word' id='word_1_110' title='bbox 779 1646 997 1707; x_wconf 86' lang='grc' dir='ltr'><em>τόπους</em></span> <span class='ocrx_word' id='word_1_111' title='bbox 1048 1640 1424 1707; x_wconf 83' lang='grc' dir='ltr'><em>ἐκπέσωμεν,</em></span> <span class='ocrx_word' id='word_1_112' title='bbox 1480 1636 1549 1690; x_wconf 84' lang='grc' dir='ltr'><em>ἐκ</em></span> <span class='ocrx_word' id='word_1_113' title='bbox 1599 1636 1868 1703; x_wconf 85' lang='grc' dir='ltr'><em>πρύμνης</em></span> <span class='ocrx_word' id='word_1_114' title='bbox 1928 1631 2144 1699; x_wconf 69' lang='grc' dir='ltr'><em>ῥίψαν-</em></span> 
     </span>
    </p>
   </div>
   <div class='ocr_carea' id='block_1_16' title="bbox 491 1716 2141 1799">
    <p class='ocr_par' dir='ltr' id='par_1_16' title="bbox 491 1716 2141 1799">
     <span class='ocr_line' id='line_1_16' title="bbox 491 1716 2141 1799; baseline -0.01 -12"><span class='ocrx_word' id='word_1_115' title='bbox 491 1716 591 1797; x_wconf 83' lang='grc' dir='ltr'><em>τες</em></span> <span class='ocrx_word' id='word_1_116' title='bbox 638 1733 900 1799; x_wconf 82' lang='grc' dir='ltr'><em>ἀγκύρας</em></span> <span class='ocrx_word' id='word_1_117' title='bbox 929 1726 1247 1794; x_wconf 88' lang='grc' dir='ltr'><em>τέσσαρας,</em></span> <span class='ocrx_word' id='word_1_118' title='bbox 1283 1726 1533 1792; x_wconf 78' lang='grc' dir='ltr'><em>εὔχοντο</em></span> <span class='ocrx_word' id='word_1_119' title='bbox 1575 1720 1797 1791; x_wconf 80' lang='grc' dir='ltr'><em>ἡμέραν</em></span> <span class='ocrx_word' id='word_1_120' title='bbox 1848 1716 2141 1787; x_wconf 78' lang='grc' dir='ltr'><em>γενέσθαι.</em></span> 
     </span>
    </p>
   </div>
   <div class='ocr_carea' id='block_1_17' title="bbox 498 1802 2141 1880">
    <p class='ocr_par' dir='ltr' id='par_1_17' title="bbox 498 1802 2141 1880">
     <span class='ocr_line' id='line_1_17' title="bbox 498 1802 2141 1880; baseline -0.013 -6"><span class='ocrx_word' id='word_1_121' title='bbox 498 1817 624 1874; x_wconf 84' lang='grc' dir='ltr'><em>Τῶν</em></span> <span class='ocrx_word' id='word_1_122' title='bbox 652 1818 719 1871; x_wconf 86' lang='grc' dir='ltr'><em>δὲ</em></span> <span class='ocrx_word' id='word_1_123' title='bbox 739 1813 973 1871; x_wconf 85' lang='grc' dir='ltr'><em>ναυτῶν</em></span> <span class='ocrx_word' id='word_1_124' title='bbox 1014 1813 1343 1880; x_wconf 81' lang='grc' dir='ltr'><em>ζητούντων</em></span> <span class='ocrx_word' id='word_1_125' title='bbox 1383 1807 1594 1878; x_wconf 70' lang='grc' dir='ltr'><em>φυγεῖν</em></span> <span class='ocrx_word' id='word_1_126' title='bbox 1637 1807 1705 1859; x_wconf 83' lang='grc' dir='ltr'><em>ἐκ</em></span> <span class='ocrx_word' id='word_1_127' title='bbox 1757 1804 1861 1858; x_wconf 87' lang='grc' dir='ltr'><em>τοῦ</em></span> <span class='ocrx_word' id='word_1_128' title='bbox 1906 1802 2141 1863; x_wconf 78' lang='grc' dir='ltr'><em>πλοίου,</em></span> 
     </span>
    </p>
   </div>
   <div class='ocr_carea' id='block_1_18' title="bbox 492 1888 2141 1973">
    <p class='ocr_par' dir='ltr' id='par_1_18' title="bbox 492 1888 2141 1973">
     <span class='ocr_line' id='line_1_18' title="bbox 492 1888 2141 1973; baseline -0.013 -13"><span class='ocrx_word' id='word_1_129' title='bbox 492 1906 587 1960; x_wconf 72' lang='grc' dir='ltr'><em>καί</em></span> <span class='ocrx_word' id='word_1_130' title='bbox 646 1901 1042 1973; x_wconf 70' lang='grc' dir='ltr'><em>χαλασάντων</em></span> <span class='ocrx_word' id='word_1_131' title='bbox 1079 1898 1192 1966; x_wconf 75' lang='grc' dir='ltr'><em>τὴν</em></span> <span class='ocrx_word' id='word_1_132' title='bbox 1238 1896 1482 1965; x_wconf 61' lang='grc' dir='ltr'><em>σκάφην</em></span> <span class='ocrx_word' id='word_1_133' title='bbox 1524 1896 1611 1959; x_wconf 78' lang='grc' dir='ltr'><em>είς</em></span> <span class='ocrx_word' id='word_1_134' title='bbox 1660 1892 1774 1959; x_wconf 79' lang='grc' dir='ltr'><em>τὴν</em></span> <span class='ocrx_word' id='word_1_135' title='bbox 1804 1888 2141 1947; x_wconf 87' lang='grc' dir='ltr'><em>θάλασσαν,</em></span> 
     </span>
    </p>
   </div>
   <div class='ocr_carea' id='block_1_19' title="bbox 492 1972 2144 2060">
    <p class='ocr_par' dir='ltr' id='par_1_19' title="bbox 492 1972 2144 2060">
     <span class='ocr_line' id='line_1_19' title="bbox 492 1972 2144 2060; baseline -0.013 -15"><span class='ocrx_word' id='word_1_136' title='bbox 492 1972 783 2060; x_wconf 73' lang='grc' dir='ltr'><em>προφάσει</em></span> <span class='ocrx_word' id='word_1_137' title='bbox 805 1989 885 2053; x_wconf 85' lang='grc' dir='ltr'><em>ὡς</em></span> <span class='ocrx_word' id='word_1_138' title='bbox 909 1988 975 2040; x_wconf 77' lang='grc' dir='ltr'><em>ἐκ</em></span> <span class='ocrx_word' id='word_1_139' title='bbox 1012 1982 1247 2052; x_wconf 83' lang='grc' dir='ltr'><em>πρώρας</em></span> <span class='ocrx_word' id='word_1_140' title='bbox 1272 1982 1620 2052; x_wconf 72' lang='grc' dir='ltr'><em>μελλόντων</em></span> <span class='ocrx_word' id='word_1_141' title='bbox 1653 1978 1915 2046; x_wconf 78' lang='grc' dir='ltr'><em>ἀγκύρας</em></span> <span class='ocrx_word' id='word_1_142' title='bbox 1960 1972 2144 2025; x_wconf 87' lang='grc' dir='ltr'><em>ἐκτεί-</em></span> 
     </span>
    </p>
   </div>
   <div class='ocr_carea' id='block_1_20' title="bbox 490 2058 2143 2142">
    <p class='ocr_par' dir='ltr' id='par_1_20' title="bbox 490 2058 2143 2142">
     <span class='ocr_line' id='line_1_20' title="bbox 490 2058 2143 2142; baseline -0.015 -9"><span class='ocrx_word' id='word_1_143' title='bbox 490 2058 637 2142; x_wconf 82' lang='grc' dir='ltr'><em>νειν,</em></span> <span class='ocrx_word' id='word_1_144' title='bbox 702 2072 869 2130; x_wconf 79' lang='grc' dir='ltr'><em>εἶπεν</em></span> <span class='ocrx_word' id='word_1_145' title='bbox 916 2077 949 2129; x_wconf 88' lang='grc' dir='ltr'><em>ό</em></span> <span class='ocrx_word' id='word_1_146' title='bbox 993 2073 1228 2136; x_wconf 79' lang='grc' dir='ltr'><em>Παῦλος</em></span> <span class='ocrx_word' id='word_1_147' title='bbox 1283 2068 1361 2133; x_wconf 86' lang='grc' dir='ltr'><em>τῷ</em></span> <span class='ocrx_word' id='word_1_148' title='bbox 1414 2064 1817 2138; x_wconf 74' lang='grc' dir='ltr'><em>ἑκατοντάρχῃ</em></span> <span class='ocrx_word' id='word_1_149' title='bbox 1878 2062 1973 2114; x_wconf 82' lang='grc' dir='ltr'><em>καὶ</em></span> <span class='ocrx_word' id='word_1_150' title='bbox 2018 2058 2143 2125; x_wconf 84' lang='grc' dir='ltr'><em>τοῖς</em></span> 
     </span>
    </p>
   </div>
   <div class='ocr_carea' id='block_1_21' title="bbox 489 2146 2139 2233">
    <p class='ocr_par' dir='ltr' id='par_1_21' title="bbox 489 2146 2139 2233">
     <span class='ocr_line' id='line_1_21' title="bbox 489 2146 2139 2233; baseline -0.013 -15"><span class='ocrx_word' id='word_1_151' title='bbox 489 2162 873 2233; x_wconf 86' lang='grc' dir='ltr'><em>στρατιώταις</em></span> <span class='ocrx_word' id='word_1_152' title='bbox 900 2175 914 2190; x_wconf 78' lang='grc'><strong><em>⁸</em></strong></span> <span class='ocrx_word' id='word_1_153' title='bbox 964 2159 1103 2213; x_wconf 85' lang='grc' dir='ltr'><em>Ἐὰν</em></span> <span class='ocrx_word' id='word_1_154' title='bbox 1124 2157 1207 2227; x_wconf 77' lang='grc' dir='ltr'><em>μὴ</em></span> <span class='ocrx_word' id='word_1_155' title='bbox 1239 2151 1402 2210; x_wconf 83' lang='grc' dir='ltr'><em>οὗτοι</em></span> <span class='ocrx_word' id='word_1_156' title='bbox 1415 2155 1702 2223; x_wconf 82' lang='grc' dir='ltr'><em>μείνωσιν</em></span> <span class='ocrx_word' id='word_1_157' title='bbox 1727 2151 1797 2203; x_wconf 88' lang='grc' dir='ltr'><em>ἐν</em></span> <span class='ocrx_word' id='word_1_158' title='bbox 1832 2148 1911 2214; x_wconf 84' lang='grc' dir='ltr'><em>τῷ</em></span> <span class='ocrx_word' id='word_1_159' title='bbox 1931 2146 2139 2209; x_wconf 88' lang='grc' dir='ltr'><em>πλοίῳ,</em></span> 
     </span>
    </p>
   </div>
   <div class='ocr_carea' id='block_1_22' title="bbox 489 2231 2141 2322">
    <p class='ocr_par' dir='ltr' id='par_1_22' title="bbox 489 2231 2141 2322">
     <span class='ocr_line' id='line_1_22' title="bbox 489 2231 2141 2322; baseline -0.015 -15"><span class='ocrx_word' id='word_1_160' title='bbox 489 2231 656 2322; x_wconf 82' lang='grc' dir='ltr'><em>ὑμεῖς</em></span> <span class='ocrx_word' id='word_1_161' title='bbox 702 2246 972 2315; x_wconf 80' lang='grc' dir='ltr'><em>σωθῆναι</em></span> <span class='ocrx_word' id='word_1_162' title='bbox 1023 2247 1094 2299; x_wconf 90' lang='grc' dir='ltr'><em>οὑ</em></span> <span class='ocrx_word' id='word_1_163' title='bbox 1153 2243 1437 2297; x_wconf 79' lang='grc' dir='ltr'><em>δύνασθε.</em></span> <span class='ocrx_word' id='word_1_164' title='bbox 1493 2240 1626 2291; x_wconf 81' lang='grc' dir='ltr'><em>τότε</em></span> <span class='ocrx_word' id='word_1_165' title='bbox 1690 2238 1744 2290; x_wconf 83' lang='grc' dir='ltr'><em>οί</em></span> <span class='ocrx_word' id='word_1_166' title='bbox 1795 2231 2141 2302; x_wconf 79' lang='grc' dir='ltr'><em>στρατιῶται</em></span> 
     </span>
    </p>
   </div>
   <div class='ocr_carea' id='block_1_23' title="bbox 488 2320 2140 2406">
    <p class='ocr_par' dir='ltr' id='par_1_23' title="bbox 488 2320 2140 2406">
     <span class='ocr_line' id='line_1_23' title="bbox 488 2320 2140 2406; baseline -0.014 -13"><span class='ocrx_word' id='word_1_167' title='bbox 488 2320 805 2406; x_wconf 71' lang='grc' dir='ltr'><em>ἀπέκοψαν</em></span> <span class='ocrx_word' id='word_1_168' title='bbox 837 2334 907 2388; x_wconf 86' lang='grc' dir='ltr'><em>τὰ</em></span> <span class='ocrx_word' id='word_1_169' title='bbox 936 2330 1175 2401; x_wconf 84' lang='grc' dir='ltr'><em>σχοινία</em></span> <span class='ocrx_word' id='word_1_170' title='bbox 1204 2327 1312 2395; x_wconf 83' lang='grc' dir='ltr'><em>τῆς</em></span> <span class='ocrx_word' id='word_1_171' title='bbox 1358 2324 1617 2393; x_wconf 66' lang='grc' dir='ltr'><em>σκάφης,</em></span> <span class='ocrx_word' id='word_1_172' title='bbox 1672 2322 1768 2376; x_wconf 79' lang='grc' dir='ltr'><em>καί</em></span> <span class='ocrx_word' id='word_1_173' title='bbox 1797 2322 2010 2375; x_wconf 85' lang='grc' dir='ltr'><em>είασαν</em></span> <span class='ocrx_word' id='word_1_174' title='bbox 2037 2320 2140 2371; x_wconf 84' lang='grc' dir='ltr'><em>αὺ-</em></span> 
     </span>
    </p>
   </div>
   <div class='ocr_carea' id='block_1_24' title="bbox 490 2402 2142 2492">
    <p class='ocr_par' dir='ltr' id='par_1_24' title="bbox 490 2402 2142 2492">
     <span class='ocr_line' id='line_1_24' title="bbox 490 2402 2142 2492; baseline -0.015 -14"><span class='ocrx_word' id='word_1_175' title='bbox 490 2426 604 2492; x_wconf 81' lang='grc' dir='ltr'><em>τὴν</em></span> <span class='ocrx_word' id='word_1_176' title='bbox 626 2420 931 2477; x_wconf 75' lang='grc' dir='ltr'><em>ἐκπεσεῖν.</em></span> <span class='ocrx_word' id='word_1_177' title='bbox 982 2415 1242 2471; x_wconf 82' lang='grc' dir='ltr'><em>Ἐνταῦθα</em></span> <span class='ocrx_word' id='word_1_178' title='bbox 1275 2413 1561 2475; x_wconf 83' lang='grc' dir='ltr'><em>δείκνυσιν,</em></span> <span class='ocrx_word' id='word_1_179' title='bbox 1585 2413 1666 2464; x_wconf 80' lang='grc' dir='ltr'><em>ὅτι</em></span> <span class='ocrx_word' id='word_1_180' title='bbox 1693 2407 1913 2477; x_wconf 84' lang='grc' dir='ltr'><em>ἔμελλον</em></span> <span class='ocrx_word' id='word_1_181' title='bbox 1942 2407 1988 2458; x_wconf 80' lang='grc' dir='ltr'><em>οἱ</em></span> <span class='ocrx_word' id='word_1_182' title='bbox 2012 2402 2142 2456; x_wconf 86' lang='grc' dir='ltr'><em>ναῦ-</em></span> 
     </span>
    </p>
   </div>
   <div class='ocr_carea' id='block_1_25' title="bbox 487 2491 2140 2581">
    <p class='ocr_par' dir='ltr' id='par_1_25' title="bbox 487 2491 2140 2581">
     <span class='ocr_line' id='line_1_25' title="bbox 487 2491 2140 2581; baseline -0.015 -14"><span class='ocrx_word' id='word_1_183' title='bbox 487 2491 576 2567; x_wconf 83' lang='grc' dir='ltr'><em>ται</em></span> <span class='ocrx_word' id='word_1_184' title='bbox 612 2512 828 2581; x_wconf 81' lang='grc' dir='ltr'><em>φεύγειν</em></span> <span class='ocrx_word' id='word_1_185' title='bbox 862 2502 1209 2564; x_wconf 82' lang='grc' dir='ltr'><em>ἀπιστοῦντες</em></span> <span class='ocrx_word' id='word_1_186' title='bbox 1258 2500 1337 2571; x_wconf 85' lang='grc' dir='ltr'><em>τῷ</em></span> <span class='ocrx_word' id='word_1_187' title='bbox 1375 2498 1649 2567; x_wconf 72' lang='grc' dir='ltr'><em>λεγομένῳ</em></span> <span class='ocrx_word' id='word_1_188' title='bbox 1680 2511 1694 2525; x_wconf 90' lang='grc'><strong>·</strong></span> <span class='ocrx_word' id='word_1_189' title='bbox 1742 2495 1769 2546; x_wconf 87' lang='lat'><em>6</em></span> <span class='ocrx_word' id='word_1_190' title='bbox 1801 2494 1857 2545; x_wconf 85' lang='grc' dir='ltr'><em>δὲ</em></span> <span class='ocrx_word' id='word_1_191' title='bbox 1887 2491 2140 2545; x_wconf 78' lang='grc' dir='ltr'><em>ἑκατόντ-</em></span> 
     </span>
    </p>
   </div>
   <div class='ocr_carea' id='block_1_26' title="bbox 490 2580 2137 2669">
    <p class='ocr_par' dir='ltr' id='par_1_26' title="bbox 490 2580 2137 2669">
     <span class='ocr_line' id='line_1_26' title="bbox 490 2580 2137 2669; baseline -0.013 -16"><span class='ocrx_word' id='word_1_192' title='bbox 490 2580 653 2669; x_wconf 83' lang='grc' dir='ltr'><em>αρχος</em></span> <span class='ocrx_word' id='word_1_193' title='bbox 696 2592 937 2649; x_wconf 79' lang='grc' dir='ltr'><em>πιστεύει</em></span> <span class='ocrx_word' id='word_1_194' title='bbox 972 2591 1068 2645; x_wconf 80' lang='grc' dir='ltr'><em>σὺν</em></span> <span class='ocrx_word' id='word_1_195' title='bbox 1115 2590 1225 2651; x_wconf 88' lang='grc' dir='ltr'><em>τοῖς</em></span> <span class='ocrx_word' id='word_1_196' title='bbox 1260 2584 1615 2657; x_wconf 77' lang='grc' dir='ltr'><em>στρατιώταις</em></span> <span class='ocrx_word' id='word_1_197' title='bbox 1642 2595 1691 2634; x_wconf 70' lang='grc' dir='ltr'><em>ε.</em></span> <span class='ocrx_word' id='word_1_198' title='bbox 1723 2582 1813 2633; x_wconf 79' lang='grc' dir='ltr'><em>Διὸ</em></span> <span class='ocrx_word' id='word_1_199' title='bbox 1833 2580 1926 2633; x_wconf 86' lang='grc' dir='ltr'><em>καί</em></span> <span class='ocrx_word' id='word_1_200' title='bbox 1955 2594 2137 2648; x_wconf 80' lang='grc' dir='ltr'><em>φησιν’</em></span> 
     </span>
    </p>
   </div>
   <div class='ocr_carea' id='block_1_27' title="bbox 501 2666 2137 2748">
    <p class='ocr_par' dir='ltr' id='par_1_27' title="bbox 501 2666 2137 2748">
     <span class='ocr_line' id='line_1_27' title="bbox 501 2666 2137 2748; baseline -0.013 -9"><span class='ocrx_word' id='word_1_201' title='bbox 501 2666 640 2738; x_wconf 67' lang='grc' dir='ltr'><em>Ἐάν</em></span> <span class='ocrx_word' id='word_1_202' title='bbox 683 2678 845 2736; x_wconf 82' lang='grc' dir='ltr'><em>οὗτοι</em></span> <span class='ocrx_word' id='word_1_203' title='bbox 880 2680 1172 2748; x_wconf 72' lang='grc' dir='ltr'><em>φύγωσιν.</em></span> <span class='ocrx_word' id='word_1_204' title='bbox 1217 2672 1384 2742; x_wconf 82' lang='grc' dir='ltr'><em>ὑμεῖς</em></span> <span class='ocrx_word' id='word_1_205' title='bbox 1423 2669 1686 2736; x_wconf 86' lang='grc' dir='ltr'><em>σωθῆναι</em></span> <span class='ocrx_word' id='word_1_206' title='bbox 1727 2670 1798 2721; x_wconf 87' lang='grc' dir='ltr'><em>οὐ</em></span> <span class='ocrx_word' id='word_1_207' title='bbox 1828 2666 2091 2719; x_wconf 81' lang='grc' dir='ltr'><em>δύνασθε</em></span> <span class='ocrx_word' id='word_1_208' title='bbox 2125 2682 2137 2695; x_wconf 91' lang='grc'><strong>·</strong></span> 
     </span>
    </p>
   </div>
   <div class='ocr_carea' id='block_1_28' title="bbox 487 2752 2139 2830">
    <p class='ocr_par' dir='ltr' id='par_1_28' title="bbox 487 2752 2139 2830">
     <span class='ocr_line' id='line_1_28' title="bbox 487 2752 2139 2830; baseline -0.013 -6"><span class='ocrx_word' id='word_1_209' title='bbox 487 2771 547 2824; x_wconf 83' lang='grc' dir='ltr'><em>ού</em></span> <span class='ocrx_word' id='word_1_210' title='bbox 578 2769 664 2824; x_wconf 76' lang='grc' dir='ltr'><em>διὰ</em></span> <span class='ocrx_word' id='word_1_211' title='bbox 692 2768 846 2822; x_wconf 90' lang='grc' dir='ltr'><em>τοῦτο</em></span> <span class='ocrx_word' id='word_1_212' title='bbox 901 2763 1091 2830; x_wconf 86' lang='grc' dir='ltr'><em>εἰπὼν,</em></span> <span class='ocrx_word' id='word_1_213' title='bbox 1139 2761 1252 2816; x_wconf 84' lang='grc' dir='ltr'><em>ἀλλ’</em></span> <span class='ocrx_word' id='word_1_214' title='bbox 1308 2760 1394 2813; x_wconf 77' lang='grc' dir='ltr'><em>ἵνα</em></span> <span class='ocrx_word' id='word_1_215' title='bbox 1446 2758 1689 2826; x_wconf 78' lang='grc' dir='ltr'><em>κατάσχῃ</em></span> <span class='ocrx_word' id='word_1_216' title='bbox 1746 2755 1962 2815; x_wconf 79' lang='grc' dir='ltr'><em>αὐτοὺς,</em></span> <span class='ocrx_word' id='word_1_217' title='bbox 1991 2752 2139 2822; x_wconf 76' lang='grc' dir='ltr'><em>καὶὴ</em></span> 
     </span>
    </p>
   </div>
   <div class='ocr_carea' id='block_1_29' title="bbox 490 2836 2142 2929">
    <p class='ocr_par' dir='ltr' id='par_1_29' title="bbox 490 2836 2142 2929">
     <span class='ocr_line' id='line_1_29' title="bbox 490 2836 2142 2929; baseline -0.012 -19"><span class='ocrx_word' id='word_1_218' title='bbox 490 2856 793 2929; x_wconf 78' lang='grc' dir='ltr'><em>προφητεία</em></span> <span class='ocrx_word' id='word_1_219' title='bbox 830 2852 905 2923; x_wconf 82' lang='grc' dir='ltr'><em>μὴ</em></span> <span class='ocrx_word' id='word_1_220' title='bbox 928 2836 1177 2919; x_wconf 75' lang='grc' dir='ltr'><em>διαπέσῃ.</em></span> <span class='ocrx_word' id='word_1_221' title='bbox 1199 2847 1340 2917; x_wconf 82' lang='grc' dir='ltr'><em>Ὅρα</em></span> <span class='ocrx_word' id='word_1_222' title='bbox 1364 2843 1612 2913; x_wconf 82' lang='grc' dir='ltr'><em>καθάπερ</em></span> <span class='ocrx_word' id='word_1_223' title='bbox 1636 2843 1693 2894; x_wconf 79' lang='grc' dir='ltr'><em>ὲν</em></span> <span class='ocrx_word' id='word_1_224' title='bbox 1732 2838 1995 2909; x_wconf 69' lang='grc' dir='ltr'><em>ἐκκλησίᾳ</em></span> <span class='ocrx_word' id='word_1_225' title='bbox 2019 2856 2142 2891; x_wconf 88' lang='grc' dir='ltr'><em>παι-</em></span> 
     </span>
    </p>
   </div>
   <div class='ocr_carea' id='block_1_30' title="bbox 487 2925 2139 3017">
    <p class='ocr_par' dir='ltr' id='par_1_30' title="bbox 487 2925 2139 3017">
     <span class='ocr_line' id='line_1_30' title="bbox 487 2925 2139 3017; baseline -0.013 -19"><span class='ocrx_word' id='word_1_226' title='bbox 487 2925 802 3017; x_wconf 81' lang='grc' dir='ltr'><em>δευομένους</em></span> <span class='ocrx_word' id='word_1_227' title='bbox 830 2940 1025 3001; x_wconf 82' lang='grc' dir='ltr'><em>αὐτοὺς</em></span> <span class='ocrx_word' id='word_1_228' title='bbox 1056 2936 1149 2990; x_wconf 87' lang='grc' dir='ltr'><em>τοῦ</em></span> <span class='ocrx_word' id='word_1_229' title='bbox 1182 2933 1392 2988; x_wconf 77' lang='grc' dir='ltr'><em>Παύλου</em></span> <span class='ocrx_word' id='word_1_230' title='bbox 1425 2932 1521 3001; x_wconf 78' lang='grc' dir='ltr'><em>τὴν</em></span> <span class='ocrx_word' id='word_1_231' title='bbox 1558 2928 1892 2999; x_wconf 81' lang='grc' dir='ltr'><em>φιλοσοφίαν,</em></span> <span class='ocrx_word' id='word_1_232' title='bbox 1932 2925 2024 2989; x_wconf 85' lang='grc' dir='ltr'><em>οὒς</em></span> <span class='ocrx_word' id='word_1_233' title='bbox 2048 2926 2139 2978; x_wconf 75' lang='grc' dir='ltr'><em>καὶ</em></span> 
     </span>
    </p>
   </div>
   <div class='ocr_carea' id='block_1_31' title="bbox 488 3013 2139 3101">
    <p class='ocr_par' dir='ltr' id='par_1_31' title="bbox 488 3013 2139 3101">
     <span class='ocr_line' id='line_1_31' title="bbox 488 3013 2139 3101; baseline -0.013 -16"><span class='ocrx_word' id='word_1_234' title='bbox 488 3034 551 3085; x_wconf 82' lang='grc' dir='ltr'><em>ὲκ</em></span> <span class='ocrx_word' id='word_1_235' title='bbox 585 3031 762 3101; x_wconf 83' lang='grc' dir='ltr'><em>μέσων</em></span> <span class='ocrx_word' id='word_1_236' title='bbox 790 3026 966 3082; x_wconf 81' lang='grc' dir='ltr'><em>αὐτῶν</em></span> <span class='ocrx_word' id='word_1_237' title='bbox 998 3022 1159 3088; x_wconf 74' lang='grc' dir='ltr'><em>σώζει</em></span> <span class='ocrx_word' id='word_1_238' title='bbox 1189 3021 1296 3074; x_wconf 86' lang='grc' dir='ltr'><em>τῶν</em></span> <span class='ocrx_word' id='word_1_239' title='bbox 1324 3018 1598 3073; x_wconf 81' lang='grc' dir='ltr'><em>κινδύνων.</em></span> <span class='ocrx_word' id='word_1_240' title='bbox 1635 3017 1745 3070; x_wconf 79' lang='grc' dir='ltr'><em>Καὶ</em></span> <span class='ocrx_word' id='word_1_241' title='bbox 1783 3013 2139 3082; x_wconf 72' lang='grc' dir='ltr'><em>οἰκονομικῶς</em></span> 
     </span>
    </p>
   </div>
   <div class='ocr_carea' id='block_1_32' title="bbox 486 3098 2141 3177">
    <p class='ocr_par' dir='ltr' id='par_1_32' title="bbox 486 3098 2141 3177">
     <span class='ocr_line' id='line_1_32' title="bbox 486 3098 2141 3177; baseline -0.014 -6"><span class='ocrx_word' id='word_1_242' title='bbox 486 3098 793 3171; x_wconf 81' lang='grc' dir='ltr'><em>ἀπιστεῖται</em></span> <span class='ocrx_word' id='word_1_243' title='bbox 820 3113 849 3163; x_wconf 84' lang='lat'><em>6</em></span> <span class='ocrx_word' id='word_1_244' title='bbox 880 3110 1107 3173; x_wconf 86' lang='grc' dir='ltr'><em>Παῦλος,</em></span> <span class='ocrx_word' id='word_1_245' title='bbox 1152 3108 1237 3160; x_wconf 82' lang='grc' dir='ltr'><em>ῐνα</em></span> <span class='ocrx_word' id='word_1_246' title='bbox 1286 3104 1423 3177; x_wconf 81' lang='grc' dir='ltr'><em>μετά</em></span> <span class='ocrx_word' id='word_1_247' title='bbox 1464 3103 1562 3175; x_wconf 81' lang='grc' dir='ltr'><em>τὴν</em></span> <span class='ocrx_word' id='word_1_248' title='bbox 1605 3104 1799 3171; x_wconf 83' lang='grc' dir='ltr'><em>πεῖραν</em></span> <span class='ocrx_word' id='word_1_249' title='bbox 1826 3098 1933 3152; x_wconf 88' lang='grc' dir='ltr'><em>τῶν</em></span> <span class='ocrx_word' id='word_1_250' title='bbox 1963 3116 2141 3169; x_wconf 82' lang='grc' dir='ltr'><em>πραγ-</em></span> 
     </span>
    </p>
   </div>
   <div class='ocr_carea' id='block_1_33' title="bbox 492 3186 2144 3275">
    <p class='ocr_par' dir='ltr' id='par_1_33' title="bbox 492 3186 2144 3275">
     <span class='ocr_line' id='line_1_33' title="bbox 492 3186 2144 3275; baseline -0.013 -18"><span class='ocrx_word' id='word_1_251' title='bbox 492 3205 674 3275; x_wconf 87' lang='grc' dir='ltr'><em>μάτων</em></span> <span class='ocrx_word' id='word_1_252' title='bbox 708 3197 970 3267; x_wconf 79' lang='grc' dir='ltr'><em>πιστευθῇ</em></span> <span class='ocrx_word' id='word_1_253' title='bbox 1001 3210 1015 3224; x_wconf 76' lang='grc'><strong>⁸</strong></span> <span class='ocrx_word' id='word_1_254' title='bbox 1046 3198 1181 3265; x_wconf 84' lang='grc' dir='ltr'><em>ὅπερ</em></span> <span class='ocrx_word' id='word_1_255' title='bbox 1227 3189 1318 3247; x_wconf 82' lang='grc' dir='ltr'><em>οὗν</em></span> <span class='ocrx_word' id='word_1_256' title='bbox 1374 3192 1469 3246; x_wconf 80' lang='grc' dir='ltr'><em>καὶ</em></span> <span class='ocrx_word' id='word_1_257' title='bbox 1512 3190 1721 3259; x_wconf 85' lang='grc' dir='ltr'><em>γέγονε.</em></span> <span class='ocrx_word' id='word_1_258' title='bbox 1748 3186 1858 3241; x_wconf 76' lang='grc' dir='ltr'><em>Καὶ</em></span> <span class='ocrx_word' id='word_1_259' title='bbox 1892 3186 2144 3256; x_wconf 88' lang='grc' dir='ltr'><em>παραινεῖ</em></span> 
     </span>
    </p>
   </div>
   <div class='ocr_carea' id='block_1_34' title="bbox 488 3271 2141 3357">
    <p class='ocr_par' dir='ltr' id='par_1_34' title="bbox 488 3271 2141 3357">
     <span class='ocr_line' id='line_1_34' title="bbox 488 3271 2141 3357; baseline -0.012 -15"><span class='ocrx_word' id='word_1_260' title='bbox 488 3271 587 3344; x_wconf 56' lang='grc' dir='ltr'><em>τά)</em></span> <span class='ocrx_word' id='word_1_261' title='bbox 603 3306 649 3341; x_wconf 90' lang='grc' dir='ltr'><em>ιν</em></span> <span class='ocrx_word' id='word_1_262' title='bbox 694 3284 1013 3357; x_wconf 88' lang='grc' dir='ltr'><em>μεταλαϐεῖν</em></span> <span class='ocrx_word' id='word_1_263' title='bbox 1059 3281 1284 3353; x_wconf 74' lang='grc' dir='ltr'><em>τροφῆς,</em></span> <span class='ocrx_word' id='word_1_264' title='bbox 1328 3278 1421 3332; x_wconf 74' lang='grc' dir='ltr'><em>καὶ</em></span> <span class='ocrx_word' id='word_1_265' title='bbox 1460 3277 1779 3330; x_wconf 86' lang='grc' dir='ltr'><em>πείθονται·</em></span> <span class='ocrx_word' id='word_1_266' title='bbox 1837 3274 1931 3325; x_wconf 80' lang='grc' dir='ltr'><em>καὶ</em></span> <span class='ocrx_word' id='word_1_267' title='bbox 1981 3271 2141 3334; x_wconf 79' lang='grc' dir='ltr'><em>αὐτὸς</em></span> 
     </span>
    </p>
   </div>
   <div class='ocr_carea' id='block_1_35' title="bbox 488 3358 2138 3443">
    <p class='ocr_par' dir='ltr' id='par_1_35' title="bbox 488 3358 2138 3443">
     <span class='ocr_line' id='line_1_35' title="bbox 488 3358 2138 3443; baseline -0.011 -12"><span class='ocrx_word' id='word_1_268' title='bbox 488 3377 697 3438; x_wconf 66' lang='grc' dir='ltr'><em>πρῶτος</em></span> <span class='ocrx_word' id='word_1_269' title='bbox 734 3371 1151 3443; x_wconf 86' lang='grc' dir='ltr'><em>μεταλαμϐάνει,</em></span> <span class='ocrx_word' id='word_1_270' title='bbox 1182 3370 1241 3421; x_wconf 78' lang='grc' dir='ltr'><em>οὐ</em></span> <span class='ocrx_word' id='word_1_271' title='bbox 1270 3368 1432 3436; x_wconf 84' lang='grc' dir='ltr'><em>λόγῳ,</em></span> <span class='ocrx_word' id='word_1_272' title='bbox 1456 3364 1591 3419; x_wconf 82' lang='grc' dir='ltr'><em>ἀλλά</em></span> <span class='ocrx_word' id='word_1_273' title='bbox 1619 3364 1711 3417; x_wconf 75' lang='grc' dir='ltr'><em>καὶ</em></span> <span class='ocrx_word' id='word_1_274' title='bbox 1749 3362 1893 3433; x_wconf 81' lang='grc' dir='ltr'><em>ἔργῳ</em></span> <span class='ocrx_word' id='word_1_275' title='bbox 1936 3358 2138 3413; x_wconf 81' lang='grc' dir='ltr'><em>πείθων</em></span> 
     </span>
    </p>
   </div>
   <div class='ocr_carea' id='block_1_36' title="bbox 484 3446 2140 3526">
    <p class='ocr_par' dir='ltr' id='par_1_36' title="bbox 484 3446 2140 3526">
     <span class='ocr_line' id='line_1_36' title="bbox 484 3446 2140 3526; baseline -0.009 -14"><span class='ocrx_word' id='word_1_276' title='bbox 484 3463 559 3522; x_wconf 76' lang='grc' dir='ltr'><em>ὡς</em></span> <span class='ocrx_word' id='word_1_277' title='bbox 588 3462 737 3514; x_wconf 79' lang='grc' dir='ltr'><em>οὐδὲν</em></span> <span class='ocrx_word' id='word_1_278' title='bbox 798 3458 1027 3526; x_wconf 74' lang='grc' dir='ltr'><em>ἔϐλαψεν</em></span> <span class='ocrx_word' id='word_1_279' title='bbox 1074 3459 1101 3509; x_wconf 96' lang='lat'><em>6</em></span> <span class='ocrx_word' id='word_1_280' title='bbox 1161 3453 1389 3526; x_wconf 87' lang='grc' dir='ltr'><em>χειμὼν,</em></span> <span class='ocrx_word' id='word_1_281' title='bbox 1438 3452 1571 3506; x_wconf 85' lang='grc' dir='ltr'><em>ἀλλὰ</em></span> <span class='ocrx_word' id='word_1_282' title='bbox 1612 3450 1806 3520; x_wconf 81' lang='grc' dir='ltr'><em>μᾶλλον</em></span> <span class='ocrx_word' id='word_1_283' title='bbox 1843 3446 2020 3500; x_wconf 82' lang='grc' dir='ltr'><em>αὐτῶν</em></span> <span class='ocrx_word' id='word_1_284' title='bbox 2044 3446 2140 3509; x_wconf 85' lang='grc' dir='ltr'><em>τὰς</em></span> 
     </span>
    </p>
   </div>
   <div class='ocr_carea' id='block_1_37' title="bbox 486 3531 2142 3619">
    <p class='ocr_par' dir='ltr' id='par_1_37' title="bbox 486 3531 2142 3619">
     <span class='ocr_line' id='line_1_37' title="bbox 486 3531 2142 3619; baseline -0.011 -17"><span class='ocrx_word' id='word_1_285' title='bbox 486 3548 659 3619; x_wconf 75' lang='grc' dir='ltr'><em>ψυχὰς</em></span> <span class='ocrx_word' id='word_1_286' title='bbox 705 3546 796 3599; x_wconf 74' lang='grc' dir='ltr'><em>καὶ</em></span> <span class='ocrx_word' id='word_1_287' title='bbox 856 3544 1154 3614; x_wconf 83' lang='grc' dir='ltr'><em>ὠφέλησεν.</em></span> <span class='ocrx_word' id='word_1_288' title='bbox 1190 3544 1360 3608; x_wconf 84' lang='grc' dir='ltr'><em>Ἀχρι</em></span> <span class='ocrx_word' id='word_1_289' title='bbox 1404 3538 1472 3591; x_wconf 80' lang='grc' dir='ltr'><em>δὲ</em></span> <span class='ocrx_word' id='word_1_290' title='bbox 1515 3533 1585 3592; x_wconf 85' lang='grc' dir='ltr'><em>οὗ</em></span> <span class='ocrx_word' id='word_1_291' title='bbox 1639 3537 1890 3604; x_wconf 71' lang='grc' dir='ltr'><em>ἔμελλεν</em></span> <span class='ocrx_word' id='word_1_292' title='bbox 1914 3531 2142 3601; x_wconf 76' lang='grc' dir='ltr'><em>ἡμέραν</em></span> 
     </span>
    </p>
   </div>
   <div class='ocr_carea' id='block_1_38' title="bbox 487 3617 2143 3705">
    <p class='ocr_par' dir='ltr' id='par_1_38' title="bbox 487 3617 2143 3705">
     <span class='ocr_line' id='line_1_38' title="bbox 487 3617 2143 3705; baseline -0.011 -17"><span class='ocrx_word' id='word_1_293' title='bbox 487 3617 773 3705; x_wconf 77' lang='grc' dir='ltr'><em>γίνεσθαι,</em></span> <span class='ocrx_word' id='word_1_294' title='bbox 796 3630 1119 3700; x_wconf 76' lang='grc' dir='ltr'><em>παρεκάλει</em></span> <span class='ocrx_word' id='word_1_295' title='bbox 1155 3631 1198 3681; x_wconf 90' lang='grc' dir='ltr'><em>,ό</em></span> <span class='ocrx_word' id='word_1_296' title='bbox 1234 3626 1471 3689; x_wconf 84' lang='grc' dir='ltr'><em>Παῦλος</em></span> <span class='ocrx_word' id='word_1_297' title='bbox 1503 3624 1771 3686; x_wconf 83' lang='grc' dir='ltr'><em>ἅπαντας</em></span> <span class='ocrx_word' id='word_1_298' title='bbox 1786 3617 2143 3689; x_wconf 88' lang='grc' dir='ltr'><em>μεταλαϐεῖν</em></span> 
     </span>
    </p>
   </div>
   <div class='ocr_carea' id='block_1_39' title="bbox 488 3706 2141 3791">
    <p class='ocr_par' dir='ltr' id='par_1_39' title="bbox 488 3706 2141 3791">
     <span class='ocr_line' id='line_1_39' title="bbox 488 3706 2141 3791; baseline -0.013 -14"><span class='ocrx_word' id='word_1_299' title='bbox 488 3720 732 3791; x_wconf 71' lang='grc' dir='ltr'><em>τροςρἦς,</em></span> <span class='ocrx_word' id='word_1_300' title='bbox 801 3719 995 3788; x_wconf 85' lang='grc' dir='ltr'><em>λέγων</em></span> <span class='ocrx_word' id='word_1_301' title='bbox 1060 3732 1074 3746; x_wconf 76' lang='grc' dir='ltr'><em>ο</em></span> <span class='ocrx_word' id='word_1_302' title='bbox 1146 3706 1813 3779; x_wconf 83' lang='grc' dir='ltr'><em>Τεσσαρεσκαιδεκάτην</em></span> <span class='ocrx_word' id='word_1_303' title='bbox 1875 3709 2141 3774; x_wconf 80' lang='grc' dir='ltr'><em>σήμερον</em></span> 
     </span>
    </p>
   </div>
   <div class='ocr_carea' id='block_1_40' title="bbox 487 3792 2141 3877">
    <p class='ocr_par' dir='ltr' id='par_1_40' title="bbox 487 3792 2141 3877">
     <span class='ocr_line' id='line_1_40' title="bbox 487 3792 2141 3877; baseline -0.011 -15"><span class='ocrx_word' id='word_1_304' title='bbox 487 3810 714 3877; x_wconf 71' lang='grc' dir='ltr'><em>ἡμέραν</em></span> <span class='ocrx_word' id='word_1_305' title='bbox 767 3802 1211 3873; x_wconf 87' lang='grc' dir='ltr'><em>προσδοκῶντες</em></span> <span class='ocrx_word' id='word_1_306' title='bbox 1240 3839 1254 3865; x_wconf 91' lang='grc'><em>,</em></span> <span class='ocrx_word' id='word_1_307' title='bbox 1318 3799 1511 3852; x_wconf 85' lang='grc' dir='ltr'><em>άσιτοι</em></span> <span class='ocrx_word' id='word_1_308' title='bbox 1566 3795 1888 3849; x_wconf 83' lang='grc' dir='ltr'><em>διατελεῖτε</em></span> <span class='ocrx_word' id='word_1_309' title='bbox 1945 3792 2141 3861; x_wconf 87' lang='grc' dir='ltr'><em>μηδὲν</em></span> 
     </span>
    </p>
   </div>
   <div class='ocr_carea' id='block_1_41' title="bbox 489 3876 2141 3964">
    <p class='ocr_par' dir='ltr' id='par_1_41' title="bbox 489 3876 2141 3964">
     <span class='ocr_line' id='line_1_41' title="bbox 489 3876 2141 3964; baseline -0.012 -14"><span class='ocrx_word' id='word_1_310' title='bbox 489 3876 980 3964; x_wconf 84' lang='grc' dir='ltr'><em>προσλαϐόμενοι.</em></span> <span class='ocrx_word' id='word_1_311' title='bbox 1041 3888 1136 3941; x_wconf 85' lang='grc' dir='ltr'><em>Διὸ</em></span> <span class='ocrx_word' id='word_1_312' title='bbox 1194 3882 1520 3953; x_wconf 82' lang='grc' dir='ltr'><em>παρακαλῶ</em></span> <span class='ocrx_word' id='word_1_313' title='bbox 1582 3880 1737 3951; x_wconf 85' lang='grc' dir='ltr'><em>ὑμᾶς</em></span> <span class='ocrx_word' id='word_1_314' title='bbox 1785 3876 2141 3948; x_wconf 87' lang='grc' dir='ltr'><em>μεταλαϐεῖν</em></span> 
     </span>
    </p>
   </div>
   <div class='ocr_carea' id='block_1_42' title="bbox 487 3965 2140 4051">
    <p class='ocr_par' dir='ltr' id='par_1_42' title="bbox 487 3965 2140 4051">
     <span class='ocr_line' id='line_1_42' title="bbox 487 3965 2140 4051; baseline -0.012 -14"><span class='ocrx_word' id='word_1_315' title='bbox 487 3981 748 4051; x_wconf 65' lang='grc' dir='ltr'><em>τρορῆςθ</em></span> <span class='ocrx_word' id='word_1_316' title='bbox 782 3978 957 4033; x_wconf 88' lang='grc' dir='ltr'><em>τοῦτο</em></span> <span class='ocrx_word' id='word_1_317' title='bbox 996 3976 1103 4045; x_wconf 79' lang='grc' dir='ltr'><em>γὰρ</em></span> <span class='ocrx_word' id='word_1_318' title='bbox 1154 3972 1301 4042; x_wconf 83' lang='grc' dir='ltr'><em>πρὸς</em></span> <span class='ocrx_word' id='word_1_319' title='bbox 1347 3968 1453 4037; x_wconf 82' lang='grc' dir='ltr'><em>τῆς</em></span> <span class='ocrx_word' id='word_1_320' title='bbox 1509 3968 1797 4037; x_wconf 79' lang='grc' dir='ltr'><em>ὑμετέρας</em></span> <span class='ocrx_word' id='word_1_321' title='bbox 1845 3965 2140 4051; x_wconf 83' lang='grc' dir='ltr'><em>σωτηρίας</em></span> 
     </span>
    </p>
   </div>
   <div class='ocr_carea' id='block_1_43' title="bbox 488 4050 2140 4135">
    <p class='ocr_par' dir='ltr' id='par_1_43' title="bbox 488 4050 2140 4135">
     <span class='ocr_line' id='line_1_43' title="bbox 488 4050 2140 4135; baseline -0.014 -13"><span class='ocrx_word' id='word_1_322' title='bbox 488 4050 736 4135; x_wconf 83' lang='grc' dir='ltr'><em>ὑπάρχει</em></span> <span class='ocrx_word' id='word_1_323' title='bbox 765 4082 779 4096; x_wconf 89' lang='grc'><strong>·</strong></span> <span class='ocrx_word' id='word_1_324' title='bbox 816 4061 1061 4125; x_wconf 83' lang='grc' dir='ltr'><em>οὐδενὸς</em></span> <span class='ocrx_word' id='word_1_325' title='bbox 1095 4061 1204 4129; x_wconf 83' lang='grc' dir='ltr'><em>γὰρ</em></span> <span class='ocrx_word' id='word_1_326' title='bbox 1230 4055 1395 4126; x_wconf 85' lang='grc' dir='ltr'><em>ὑμῶν</em></span> <span class='ocrx_word' id='word_1_327' title='bbox 1435 4054 1567 4121; x_wconf 78' lang='grc' dir='ltr'><em>θρὶξ</em></span> <span class='ocrx_word' id='word_1_328' title='bbox 1593 4052 1701 4118; x_wconf 82' lang='grc' dir='ltr'><em>τῆς</em></span> <span class='ocrx_word' id='word_1_329' title='bbox 1725 4050 1993 4119; x_wconf 71' lang='grc' dir='ltr'><em>κεφαλῆς</em></span> <span class='ocrx_word' id='word_1_330' title='bbox 2039 4065 2140 4101; x_wconf 84' lang='grc' dir='ltr'><em>πε-</em></span> 
     </span>
    </p>
   </div>
   <div class='ocr_carea' id='block_1_44' title="bbox 488 4134 2139 4208">
    <p class='ocr_par' dir='ltr' id='par_1_44' title="bbox 488 4134 2139 4208">
     <span class='ocr_line' id='line_1_44' title="bbox 488 4134 2139 4208; baseline -0.013 0"><span class='ocrx_word' id='word_1_331' title='bbox 488 4134 698 4208; x_wconf 87' lang='grc' dir='ltr'><em>σεῖται.</em></span> <span class='ocrx_word' id='word_1_332' title='bbox 737 4149 934 4205; x_wconf 72' lang='grc' dir='ltr'><em>Εἰπὼν</em></span> <span class='ocrx_word' id='word_1_333' title='bbox 965 4146 1031 4200; x_wconf 85' lang='grc' dir='ltr'><em>δὲ</em></span> <span class='ocrx_word' id='word_1_334' title='bbox 1075 4147 1275 4208; x_wconf 89' lang='grc' dir='ltr'><em>ταῦτα,</em></span> <span class='ocrx_word' id='word_1_335' title='bbox 1312 4140 1411 4196; x_wconf 74' lang='grc' dir='ltr'><em>καὶ</em></span> <span class='ocrx_word' id='word_1_336' title='bbox 1442 4141 1641 4193; x_wconf 86' lang='grc' dir='ltr'><em>λαϐὼν</em></span> <span class='ocrx_word' id='word_1_337' title='bbox 1660 4138 1860 4207; x_wconf 74' lang='grc' dir='ltr'><em>ἄρτον,</em></span> <span class='ocrx_word' id='word_1_338' title='bbox 1902 4134 2139 4202; x_wconf 85' lang='grc' dir='ltr'><em>εὐχαρί-</em></span> 
     </span>
    </p>
   </div>
   <div class='ocr_carea' id='block_1_45' title="bbox 485 4219 2139 4304">
    <p class='ocr_par' dir='ltr' id='par_1_45' title="bbox 485 4219 2139 4304">
     <span class='ocr_line' id='line_1_45' title="bbox 485 4219 2139 4304; baseline -0.013 -12"><span class='ocrx_word' id='word_1_339' title='bbox 485 4252 680 4304; x_wconf 80' lang='grc' dir='ltr'><em>στησε</em></span> <span class='ocrx_word' id='word_1_340' title='bbox 716 4234 795 4300; x_wconf 83' lang='grc' dir='ltr'><em>τῷ</em></span> <span class='ocrx_word' id='word_1_341' title='bbox 822 4232 941 4299; x_wconf 88' lang='grc' dir='ltr'><em>Θεῷ</em></span> <span class='ocrx_word' id='word_1_342' title='bbox 970 4230 1222 4286; x_wconf 84' lang='grc' dir='ltr'><em>ἐνώπιον</em></span> <span class='ocrx_word' id='word_1_343' title='bbox 1242 4227 1500 4290; x_wconf 87' lang='grc' dir='ltr'><em>πάντων,</em></span> <span class='ocrx_word' id='word_1_344' title='bbox 1532 4224 1631 4277; x_wconf 76' lang='grc' dir='ltr'><em>καὶ</em></span> <span class='ocrx_word' id='word_1_345' title='bbox 1658 4220 1897 4287; x_wconf 85' lang='grc' dir='ltr'><em>κλάσας</em></span> <span class='ocrx_word' id='word_1_346' title='bbox 1916 4219 2139 4288; x_wconf 76' lang='grc' dir='ltr'><em>ἤρξατο</em></span> 
     </span>
    </p>
   </div>
   <div class='ocr_carea' id='block_1_46' title="bbox 484 4306 2141 4397">
    <p class='ocr_par' dir='ltr' id='par_1_46' title="bbox 484 4306 2141 4397">
     <span class='ocr_line' id='line_1_46' title="bbox 484 4306 2141 4397; baseline -0.013 -18"><span class='ocrx_word' id='word_1_347' title='bbox 484 4322 641 4397; x_wconf 59' lang='lat'><em>1500]</em></span> <span class='ocrx_word' id='word_1_348' title='bbox 670 4322 910 4375; x_wconf 76' lang='grc' dir='ltr'><em>ἐσθίειν.</em></span> <span class='ocrx_word' id='word_1_349' title='bbox 948 4319 1203 4385; x_wconf 80' lang='grc' dir='ltr'><em>Εὔθυμοι</em></span> <span class='ocrx_word' id='word_1_350' title='bbox 1229 4314 1295 4368; x_wconf 84' lang='grc' dir='ltr'><em>δὲ</em></span> <span class='ocrx_word' id='word_1_351' title='bbox 1315 4314 1619 4397; x_wconf 83' lang='grc' dir='ltr'><em>γενόμενοι</em></span> <span class='ocrx_word' id='word_1_352' title='bbox 1645 4309 1886 4373; x_wconf 89' lang='grc' dir='ltr'><em>πάντες,</em></span> <span class='ocrx_word' id='word_1_353' title='bbox 1919 4306 2016 4359; x_wconf 78' lang='grc' dir='ltr'><em>καὶ</em></span> <span class='ocrx_word' id='word_1_354' title='bbox 2036 4306 2141 4360; x_wconf 87' lang='grc' dir='ltr'><em>αὑ-</em></span> 
     </span>
    </p>
   </div>
   <div class='ocr_carea' id='block_1_47' title="bbox 490 4392 2143 4476">
    <p class='ocr_par' dir='ltr' id='par_1_47' title="bbox 490 4392 2143 4476">
     <span class='ocr_line' id='line_1_47' title="bbox 490 4392 2143 4476; baseline -0.013 -12"><span class='ocrx_word' id='word_1_355' title='bbox 490 4392 577 4464; x_wconf 71' lang='grc' dir='ltr'><em>τοὶ</em></span> <span class='ocrx_word' id='word_1_356' title='bbox 602 4392 1042 4476; x_wconf 78' lang='grc' dir='ltr'><em>προσελάϐοντο</em></span> <span class='ocrx_word' id='word_1_357' title='bbox 1080 4402 1322 4471; x_wconf 67' lang='grc' dir='ltr'><em>τροφῆς.</em></span> <span class='ocrx_word' id='word_1_358' title='bbox 1353 4396 1547 4467; x_wconf 83' lang='grc' dir='ltr'><em>Ἦμεν</em></span> <span class='ocrx_word' id='word_1_359' title='bbox 1572 4396 1641 4451; x_wconf 86' lang='grc' dir='ltr'><em>δὲ</em></span> <span class='ocrx_word' id='word_1_360' title='bbox 1663 4397 1732 4450; x_wconf 83' lang='grc' dir='ltr'><em>έν</em></span> <span class='ocrx_word' id='word_1_361' title='bbox 1758 4394 1838 4459; x_wconf 85' lang='grc' dir='ltr'><em>τῷ</em></span> <span class='ocrx_word' id='word_1_362' title='bbox 1863 4393 2055 4459; x_wconf 85' lang='grc' dir='ltr'><em>πλοίῳ</em></span> <span class='ocrx_word' id='word_1_363' title='bbox 2078 4392 2143 4443; x_wconf 76' lang='lat' dir='ltr'><strong><em>al</em></strong></span> 
     </span>
    </p>
   </div>
   <div class='ocr_carea' id='block_1_48' title="bbox 491 4479 2140 4563">
    <p class='ocr_par' dir='ltr' id='par_1_48' title="bbox 491 4479 2140 4563">
     <span class='ocr_line' id='line_1_48' title="bbox 491 4479 2140 4563; baseline -0.012 -14"><span class='ocrx_word' id='word_1_364' title='bbox 491 4497 676 4551; x_wconf 73' lang='grc' dir='ltr'><em>πᾶσαι</em></span> <span class='ocrx_word' id='word_1_365' title='bbox 692 4494 883 4563; x_wconf 68' lang='grc' dir='ltr'><em>ψυχαὶ</em></span> <span class='ocrx_word' id='word_1_366' title='bbox 905 4491 1204 4544; x_wconf 84' lang='grc' dir='ltr'><em>διακόσιαι</em></span> <span class='ocrx_word' id='word_1_367' title='bbox 1229 4483 1716 4563; x_wconf 77' lang='grc' dir='ltr'><em>ἐϐδομηκονταέξ.</em></span> <span class='ocrx_word' id='word_1_368' title='bbox 1742 4479 2140 4549; x_wconf 79' lang='grc' dir='ltr'><em>Κορεσθέντες</em></span> 
     </span>
    </p>
   </div>
   <div class='ocr_carea' id='block_1_49' title="bbox 484 4558 2139 4645">
    <p class='ocr_par' dir='ltr' id='par_1_49' title="bbox 484 4558 2139 4645">
     <span class='ocr_line' id='line_1_49' title="bbox 484 4558 2139 4645; baseline -0.011 -13"><span class='ocrx_word' id='word_1_369' title='bbox 484 4580 556 4632; x_wconf 83' lang='grc' dir='ltr'><em>δὲ</em></span> <span class='ocrx_word' id='word_1_370' title='bbox 590 4558 971 4645; x_wconf 34' lang='grc' dir='ltr'><em>τῆςντροφῆς,</em></span> <span class='ocrx_word' id='word_1_371' title='bbox 999 4558 1312 4638; x_wconf 60' lang='grc' dir='ltr'><em>ἐκούςριζοιῖι</em></span> <span class='ocrx_word' id='word_1_372' title='bbox 1342 4567 1409 4620; x_wconf 84' lang='grc' dir='ltr'><em>τὸ</em></span> <span class='ocrx_word' id='word_1_373' title='bbox 1450 4568 1682 4629; x_wconf 88' lang='grc' dir='ltr'><em>πλοῖον,</em></span> <span class='ocrx_word' id='word_1_374' title='bbox 1709 4564 2139 4630; x_wconf 70' lang='grc' dir='ltr'><em>ἐκϐαλλόμενοι</em></span> 
     </span>
    </p>
   </div>
   <div class='ocr_carea' id='block_1_50' title="bbox 493 4650 2136 4726">
    <p class='ocr_par' dir='ltr' id='par_1_50' title="bbox 493 4650 2136 4726">
     <span class='ocr_line' id='line_1_50' title="bbox 493 4650 2136 4726; baseline -0.013 -7"><span class='ocrx_word' id='word_1_375' title='bbox 493 4666 596 4719; x_wconf 82' lang='grc' dir='ltr'><em>τὸν</em></span> <span class='ocrx_word' id='word_1_376' title='bbox 632 4664 801 4717; x_wconf 85' lang='grc' dir='ltr'><em>σῖτον</em></span> <span class='ocrx_word' id='word_1_377' title='bbox 832 4664 916 4725; x_wconf 81' lang='grc' dir='ltr'><em>είς</em></span> <span class='ocrx_word' id='word_1_378' title='bbox 945 4657 1057 4726; x_wconf 81' lang='grc' dir='ltr'><em>τὴν</em></span> <span class='ocrx_word' id='word_1_379' title='bbox 1080 4654 1562 4711; x_wconf 49' lang='grc' dir='ltr'><em>θάλασσανθοτε</em></span> <span class='ocrx_word' id='word_1_380' title='bbox 1588 4651 1653 4704; x_wconf 85' lang='grc' dir='ltr'><em>δὲ</em></span> <span class='ocrx_word' id='word_1_381' title='bbox 1676 4650 1863 4719; x_wconf 81' lang='grc' dir='ltr'><em>ἡμέρα</em></span> <span class='ocrx_word' id='word_1_382' title='bbox 1882 4650 2136 4716; x_wconf 81' lang='grc' dir='ltr'><em>ἐγένετο,</em></span> 
     </span>
    </p>
   </div>
   <div class='ocr_carea' id='block_1_51' title="bbox 494 4736 2143 4821">
    <p class='ocr_par' dir='ltr' id='par_1_51' title="bbox 494 4736 2143 4821">
     <span class='ocr_line' id='line_1_51' title="bbox 494 4736 2143 4821; baseline -0.013 -15"><span class='ocrx_word' id='word_1_383' title='bbox 494 4749 734 4821; x_wconf 77' lang='grc' dir='ltr'><em>τὴνγῆν</em></span> <span class='ocrx_word' id='word_1_384' title='bbox 756 4751 866 4801; x_wconf 87' lang='grc' dir='ltr'><em>οὑκ</em></span> <span class='ocrx_word' id='word_1_385' title='bbox 913 4746 1317 4815; x_wconf 84' lang='grc' dir='ltr'><em>ἐπεγίνωσκον</em></span> <span class='ocrx_word' id='word_1_386' title='bbox 1349 4756 1363 4771; x_wconf 75' lang='grc' dir='ltr'><em>ο</em></span> <span class='ocrx_word' id='word_1_387' title='bbox 1422 4741 1655 4792; x_wconf 78' lang='grc' dir='ltr'><em>κόλπον</em></span> <span class='ocrx_word' id='word_1_388' title='bbox 1710 4736 1781 4789; x_wconf 87' lang='grc' dir='ltr'><em>δέ</em></span> <span class='ocrx_word' id='word_1_389' title='bbox 1831 4750 1963 4788; x_wconf 88' lang='grc' dir='ltr'><em>τινα</em></span> <span class='ocrx_word' id='word_1_390' title='bbox 2004 4749 2143 4786; x_wconf 86' lang='grc' dir='ltr'><em>κατ-</em></span> 
     </span>
    </p>
   </div>
   <div class='ocr_carea' id='block_1_52' title="bbox 491 4821 2141 4902">
    <p class='ocr_par' dir='ltr' id='par_1_52' title="bbox 491 4821 2141 4902">
     <span class='ocr_line' id='line_1_52' title="bbox 491 4821 2141 4902; baseline -0.012 -9"><span class='ocrx_word' id='word_1_391' title='bbox 491 4840 706 4893; x_wconf 85' lang='grc' dir='ltr'><em>ενόουν</em></span> <span class='ocrx_word' id='word_1_392' title='bbox 727 4836 941 4902; x_wconf 72' lang='grc' dir='ltr'><em>ἔχοντα</em></span> <span class='ocrx_word' id='word_1_393' title='bbox 954 4832 1243 4901; x_wconf 62' lang='grc' dir='ltr'><em>αίγιαλιλν,</em></span> <span class='ocrx_word' id='word_1_394' title='bbox 1276 4832 1359 4895; x_wconf 81' lang='grc' dir='ltr'><em>είς</em></span> <span class='ocrx_word' id='word_1_395' title='bbox 1380 4828 1449 4882; x_wconf 79' lang='grc' dir='ltr'><em>ὃν</em></span> <span class='ocrx_word' id='word_1_396' title='bbox 1474 4826 1938 4886; x_wconf 83' lang='grc' dir='ltr'><em>ἐϐουλεύσαντο,</em></span> <span class='ocrx_word' id='word_1_397' title='bbox 1962 4825 2014 4875; x_wconf 78' lang='grc' dir='ltr'><em>εί</em></span> <span class='ocrx_word' id='word_1_398' title='bbox 2035 4821 2141 4874; x_wconf 86' lang='grc' dir='ltr'><em>δυ-</em></span> 
     </span>
    </p>
   </div>
   <div class='ocr_carea' id='block_1_53' title="bbox 494 4910 2141 4985">
    <p class='ocr_par' dir='ltr' id='par_1_53' title="bbox 494 4910 2141 4985">
     <span class='ocr_line' id='line_1_53' title="bbox 494 4910 2141 4985; baseline -0.011 -8"><span class='ocrx_word' id='word_1_399' title='bbox 494 4917 933 4985; x_wconf 76' lang='grc' dir='ltr'><em>νατόν,ἐξῶσαι</em></span> <span class='ocrx_word' id='word_1_400' title='bbox 988 4916 1053 4968; x_wconf 86' lang='grc' dir='ltr'><em>τὸ</em></span> <span class='ocrx_word' id='word_1_401' title='bbox 1095 4914 1326 4968; x_wconf 88' lang='grc' dir='ltr'><em>πλοῖον.</em></span> <span class='ocrx_word' id='word_1_402' title='bbox 1372 4913 1480 4966; x_wconf 76' lang='grc' dir='ltr'><em>Καὶ</em></span> <span class='ocrx_word' id='word_1_403' title='bbox 1524 4913 1630 4976; x_wconf 84' lang='grc' dir='ltr'><em>τὰς</em></span> <span class='ocrx_word' id='word_1_404' title='bbox 1672 4910 1932 4979; x_wconf 85' lang='grc' dir='ltr'><em>ἀγκύρας</em></span> <span class='ocrx_word' id='word_1_405' title='bbox 1980 4922 2141 4976; x_wconf 86' lang='grc' dir='ltr'><em>περι-</em></span> 
     </span>
    </p>
   </div>
   <div class='ocr_carea' id='block_1_54' title="bbox 493 4994 2141 5073">
    <p class='ocr_par' dir='ltr' id='par_1_54' title="bbox 493 4994 2141 5073">
     <span class='ocr_line' id='line_1_54' title="bbox 493 4994 2141 5073; baseline -0.011 -8"><span class='ocrx_word' id='word_1_406' title='bbox 493 5014 735 5073; x_wconf 76' lang='grc' dir='ltr'><em>ελόντες</em></span> <span class='ocrx_word' id='word_1_407' title='bbox 776 5006 915 5060; x_wconf 88' lang='grc' dir='ltr'><em>εῖων</em></span> <span class='ocrx_word' id='word_1_408' title='bbox 953 5006 1037 5067; x_wconf 84' lang='grc' dir='ltr'><em>εις</em></span> <span class='ocrx_word' id='word_1_409' title='bbox 1060 5002 1173 5068; x_wconf 78' lang='grc' dir='ltr'><em>τὴν</em></span> <span class='ocrx_word' id='word_1_410' title='bbox 1225 4998 1701 5067; x_wconf 82' lang='grc' dir='ltr'><em>θάλασσαν,ἄμα</em></span> <span class='ocrx_word' id='word_1_411' title='bbox 1741 4997 1985 5061; x_wconf 81' lang='grc' dir='ltr'><em>ἀνέντες</em></span> <span class='ocrx_word' id='word_1_412' title='bbox 2036 4994 2141 5060; x_wconf 86' lang='grc' dir='ltr'><em>τὰς</em></span> 
     </span>
    </p>
   </div>
   <div class='ocr_carea' id='block_1_55' title="bbox 490 5081 2143 5163">
    <p class='ocr_par' dir='ltr' id='par_1_55' title="bbox 490 5081 2143 5163">
     <span class='ocr_line' id='line_1_55' title="bbox 490 5081 2143 5163; baseline -0.011 -11"><span class='ocrx_word' id='word_1_413' title='bbox 490 5096 829 5163; x_wconf 67' lang='grc' dir='ltr'><em>ζευκτηρίας</em></span> <span class='ocrx_word' id='word_1_414' title='bbox 897 5089 1014 5145; x_wconf 86' lang='grc' dir='ltr'><em>τῶν</em></span> <span class='ocrx_word' id='word_1_415' title='bbox 1070 5088 1375 5157; x_wconf 89' lang='grc' dir='ltr'><em>πηδαλίων</em></span> <span class='ocrx_word' id='word_1_416' title='bbox 1428 5103 1441 5115; x_wconf 91' lang='grc'>·</span> <span class='ocrx_word' id='word_1_417' title='bbox 1499 5086 1595 5138; x_wconf 77' lang='grc' dir='ltr'><em>καὶ</em></span> <span class='ocrx_word' id='word_1_418' title='bbox 1662 5085 1987 5151; x_wconf 84' lang='grc' dir='ltr'><em>ἐπάραντες</em></span> <span class='ocrx_word' id='word_1_419' title='bbox 2037 5081 2143 5135; x_wconf 80' lang='grc' dir='ltr'><em>τὸν</em></span> 
     </span>
    </p>
   </div>
   <div class='ocr_carea' id='block_1_56' title="bbox 492 5171 2145 5253">
    <p class='ocr_par' dir='ltr' id='par_1_56' title="bbox 492 5171 2145 5253">
     <span class='ocr_line' id='line_1_56' title="bbox 492 5171 2145 5253; baseline -0.011 -15"><span class='ocrx_word' id='word_1_420' title='bbox 492 5185 820 5253; x_wconf 77' lang='grc' dir='ltr'><em>ἀρτὲμονα,</em></span> <span class='ocrx_word' id='word_1_421' title='bbox 865 5178 938 5246; x_wconf 75' lang='grc' dir='ltr'><em>τῇ</em></span> <span class='ocrx_word' id='word_1_422' title='bbox 995 5179 1262 5245; x_wconf 81' lang='grc' dir='ltr'><em>πνεούσῃ</em></span> <span class='ocrx_word' id='word_1_423' title='bbox 1322 5173 1597 5243; x_wconf 84' lang='grc' dir='ltr'><em>κατεῖχον</em></span> <span class='ocrx_word' id='word_1_424' title='bbox 1644 5176 1728 5236; x_wconf 82' lang='grc' dir='ltr'><em>εἱς</em></span> <span class='ocrx_word' id='word_1_425' title='bbox 1781 5171 1891 5224; x_wconf 86' lang='grc' dir='ltr'><em>τόν</em></span> <span class='ocrx_word' id='word_1_426' title='bbox 1944 5172 2145 5239; x_wconf 77' lang='grc' dir='ltr'><em>αἰγια-</em></span> 
     </span>
    </p>
   </div>
   <div class='ocr_carea' id='block_1_57' title="bbox 492 5256 2143 5335">
    <p class='ocr_par' dir='ltr' id='par_1_57' title="bbox 492 5256 2143 5335">
     <span class='ocr_line' id='line_1_57' title="bbox 492 5256 2143 5335; baseline -0.01 -11"><span class='ocrx_word' id='word_1_427' title='bbox 492 5274 623 5325; x_wconf 71' lang='grc' dir='ltr'><em>λόν.</em></span> <span class='ocrx_word' id='word_1_428' title='bbox 648 5266 1072 5335; x_wconf 86' lang='grc' dir='ltr'><em>Περιπεσόντες</em></span> <span class='ocrx_word' id='word_1_429' title='bbox 1101 5263 1167 5315; x_wconf 87' lang='grc' dir='ltr'><em>δὲ</em></span> <span class='ocrx_word' id='word_1_430' title='bbox 1213 5266 1298 5329; x_wconf 82' lang='grc' dir='ltr'><em>είς</em></span> <span class='ocrx_word' id='word_1_431' title='bbox 1348 5262 1532 5315; x_wconf 89' lang='grc' dir='ltr'><em>τόπον</em></span> <span class='ocrx_word' id='word_1_432' title='bbox 1584 5256 1982 5320; x_wconf 85' lang='grc' dir='ltr'><em>διθάλασσον,</em></span> <span class='ocrx_word' id='word_1_433' title='bbox 2040 5257 2143 5309; x_wconf 85' lang='grc' dir='ltr'><em>ἑπ-</em></span> 
     </span>
    </p>
   </div>
   <div class='ocr_carea' id='block_1_58' title="bbox 492 5346 2141 5421">
    <p class='ocr_par' dir='ltr' id='par_1_58' title="bbox 492 5346 2141 5421">
     <span class='ocr_line' id='line_1_58' title="bbox 492 5346 2141 5421; baseline -0.009 -11"><span class='ocrx_word' id='word_1_434' title='bbox 492 5358 746 5411; x_wconf 83' lang='grc' dir='ltr'><em>ώκειλαν</em></span> <span class='ocrx_word' id='word_1_435' title='bbox 789 5354 903 5421; x_wconf 77' lang='grc' dir='ltr'><em>τὴν</em></span> <span class='ocrx_word' id='word_1_436' title='bbox 957 5352 1147 5405; x_wconf 71' lang='grc' dir='ltr'><em>ναῦν*</em></span> <span class='ocrx_word' id='word_1_437' title='bbox 1190 5350 1287 5403; x_wconf 83' lang='grc' dir='ltr'><em>καὶ</em></span> <span class='ocrx_word' id='word_1_438' title='bbox 1325 5350 1361 5417; x_wconf 83' lang='grc' dir='ltr'><em>ή</em></span> <span class='ocrx_word' id='word_1_439' title='bbox 1394 5348 1509 5418; x_wconf 80' lang='grc' dir='ltr'><em>μὲν</em></span> <span class='ocrx_word' id='word_1_440' title='bbox 1560 5346 1760 5415; x_wconf 85' lang='grc' dir='ltr'><em>πρῶρα</em></span> <span class='ocrx_word' id='word_1_441' title='bbox 1816 5346 2104 5414; x_wconf 82' lang='grc' dir='ltr'><em>ἐρείσασα</em></span> <span class='ocrx_word' id='word_1_442' title='bbox 2128 5386 2141 5409; x_wconf 95' lang='grc'><em>,</em></span> 
     </span>
    </p>
   </div>
   <div class='ocr_carea' id='block_1_59' title="bbox 491 5430 2143 5511">
    <p class='ocr_par' dir='ltr' id='par_1_59' title="bbox 491 5430 2143 5511">
     <span class='ocr_line' id='line_1_59' title="bbox 491 5430 2143 5511; baseline -0.01 -11"><span class='ocrx_word' id='word_1_443' title='bbox 491 5448 722 5511; x_wconf 74' lang='grc' dir='ltr'><em>ἔμεινεν</em></span> <span class='ocrx_word' id='word_1_444' title='bbox 758 5440 1111 5503; x_wconf 77' lang='grc' dir='ltr'><em>ἀσάλευτος,</em></span> <span class='ocrx_word' id='word_1_445' title='bbox 1151 5436 1189 5504; x_wconf 85' lang='grc' dir='ltr'><em>ή</em></span> <span class='ocrx_word' id='word_1_446' title='bbox 1244 5435 1310 5488; x_wconf 84' lang='grc' dir='ltr'><em>δέ</em></span> <span class='ocrx_word' id='word_1_447' title='bbox 1350 5435 1584 5503; x_wconf 88' lang='grc' dir='ltr'><em>πρύμνα</em></span> <span class='ocrx_word' id='word_1_448' title='bbox 1619 5435 1827 5486; x_wconf 82' lang='grc' dir='ltr'><em>ἐλύετο</em></span> <span class='ocrx_word' id='word_1_449' title='bbox 1874 5430 1993 5485; x_wconf 87' lang='grc' dir='ltr'><em>ὑπὸ</em></span> <span class='ocrx_word' id='word_1_450' title='bbox 2038 5430 2143 5498; x_wconf 78' lang='grc' dir='ltr'><em>τῆς</em></span> 
     </span>
    </p>
   </div>
   <div class='ocr_carea' id='block_1_60' title="bbox 484 5526 1081 5604">
    <p class='ocr_par' dir='ltr' id='par_1_60' title="bbox 484 5526 1081 5604">
     <span class='ocr_line' id='line_1_60' title="bbox 484 5526 1081 5604; baseline -0.01 -21"><span class='ocrx_word' id='word_1_451' title='bbox 484 5530 630 5604; x_wconf 74' lang='grc' dir='ltr'><em>,ϐίας</em></span> <span class='ocrx_word' id='word_1_452' title='bbox 658 5526 771 5579; x_wconf 85' lang='grc' dir='ltr'><em>τῶν</em></span> <span class='ocrx_word' id='word_1_453' title='bbox 793 5526 1081 5594; x_wconf 88' lang='grc' dir='ltr'><em>κυμάτων.</em></span> 
     </span>
    </p>
   </div>
   <div class='ocr_carea' id='block_1_61' title="bbox 566 5609 2143 5686">
    <p class='ocr_par' dir='ltr' id='par_1_61' title="bbox 566 5609 2143 5686">
     <span class='ocr_line' id='line_1_61' title="bbox 566 5609 2143 5686; baseline -0.006 -15"><span class='ocrx_word' id='word_1_454' title='bbox 566 5627 632 5686; x_wconf 85' lang='grc' dir='ltr'><em>γ’.</em></span> <span class='ocrx_word' id='word_1_455' title='bbox 666 5617 831 5669; x_wconf 84' lang='grc' dir='ltr'><em>Πάλιν</em></span> <span class='ocrx_word' id='word_1_456' title='bbox 850 5618 1102 5682; x_wconf 80' lang='grc' dir='ltr'><em>πειρᾶται</em></span> <span class='ocrx_word' id='word_1_457' title='bbox 1120 5613 1147 5665; x_wconf 91' lang='lat'><em>6</em></span> <span class='ocrx_word' id='word_1_458' title='bbox 1166 5611 1408 5675; x_wconf 87' lang='grc' dir='ltr'><em>διάϐολος</em></span> <span class='ocrx_word' id='word_1_459' title='bbox 1426 5611 1709 5682; x_wconf 76' lang='grc' dir='ltr'><em>ἐμποδίσαι</em></span> <span class='ocrx_word' id='word_1_460' title='bbox 1734 5614 1800 5680; x_wconf 81' lang='grc' dir='ltr'><em>τῇ</em></span> <span class='ocrx_word' id='word_1_461' title='bbox 1820 5609 2143 5683; x_wconf 66' lang='grc' dir='ltr'><em>προφητείᾳ·</em></span> 
     </span>
    </p>
   </div>
   <div class='ocr_carea' id='block_1_62' title="bbox 497 5697 2146 5762">
    <p class='ocr_par' dir='ltr' id='par_1_62' title="bbox 497 5697 2146 5762">
     <span class='ocr_line' id='line_1_62' title="bbox 497 5697 2146 5762; baseline -0.007 -3"><span class='ocrx_word' id='word_1_462' title='bbox 497 5710 586 5759; x_wconf 73' lang='grc' dir='ltr'><em>καὶ</em></span> <span class='ocrx_word' id='word_1_463' title='bbox 616 5703 954 5758; x_wconf 76' lang='grc' dir='ltr'><em>ὲϐουλεύοντό</em></span> <span class='ocrx_word' id='word_1_464' title='bbox 980 5717 1129 5762; x_wconf 76' lang='grc' dir='ltr'><em>τινας</em></span> <span class='ocrx_word' id='word_1_465' title='bbox 1182 5699 1411 5761; x_wconf 86' lang='grc' dir='ltr'><em>ἀνελεῖν,</em></span> <span class='ocrx_word' id='word_1_466' title='bbox 1447 5697 1558 5751; x_wconf 86' lang='grc' dir='ltr'><em>ἀλλ’</em></span> <span class='ocrx_word' id='word_1_467' title='bbox 1611 5699 1709 5751; x_wconf 84' lang='grc' dir='ltr'><em>οὐκ</em></span> <span class='ocrx_word' id='word_1_468' title='bbox 1744 5700 1925 5750; x_wconf 84' lang='grc' dir='ltr'><em>εῖασεν</em></span> <span class='ocrx_word' id='word_1_469' title='bbox 1953 5700 1980 5750; x_wconf 94' lang='lat'><em>6</em></span> <span class='ocrx_word' id='word_1_470' title='bbox 2018 5697 2146 5748; x_wconf 79' lang='grc' dir='ltr'><em>ἑκα-</em></span> 
     </span>
    </p>
   </div>
   <div class='ocr_carea' id='block_1_63' title="bbox 494 5783 2145 5862">
    <p class='ocr_par' dir='ltr' id='par_1_63' title="bbox 494 5783 2145 5862">
     <span class='ocr_line' id='line_1_63' title="bbox 494 5783 2145 5862; baseline -0.007 -15"><span class='ocrx_word' id='word_1_471' title='bbox 494 5798 803 5862; x_wconf 70' lang='grc' dir='ltr'><em>τόνταρχος,</em></span> <span class='ocrx_word' id='word_1_472' title='bbox 837 5792 921 5842; x_wconf 77' lang='grc' dir='ltr'><em>ἵνα</em></span> <span class='ocrx_word' id='word_1_473' title='bbox 958 5788 1045 5840; x_wconf 79' lang='grc' dir='ltr'><em>τὸν</em></span> <span class='ocrx_word' id='word_1_474' title='bbox 1085 5787 1292 5840; x_wconf 80' lang='grc' dir='ltr'><em>Παῦλον</em></span> <span class='ocrx_word' id='word_1_475' title='bbox 1317 5785 1464 5859; x_wconf 82' lang='grc' dir='ltr'><em>σώσῃ</em></span> <span class='ocrx_word' id='word_1_476' title='bbox 1488 5802 1500 5815; x_wconf 91' lang='grc'><strong>·</strong></span> <span class='ocrx_word' id='word_1_477' title='bbox 1539 5785 1708 5850; x_wconf 67' lang='grc' dir='ltr'><em>οὕτως</em></span> <span class='ocrx_word' id='word_1_478' title='bbox 1734 5786 1831 5855; x_wconf 73' lang='grc' dir='ltr'><em>ἤδη</em></span> <span class='ocrx_word' id='word_1_479' title='bbox 1863 5783 2145 5854; x_wconf 73' lang='grc' dir='ltr'><em>ᾠκειωμέ-</em></span> 
     </span>
    </p>
   </div>
   <div class='ocr_carea' id='block_1_64' title="bbox 560 5964 1411 6031">
    <p class='ocr_par' dir='ltr' id='par_1_64' title="bbox 560 5964 1411 6031">
     <span class='ocr_line' id='line_1_64' title="bbox 560 5964 1411 6031; baseline -0.005 -14"><span class='ocrx_word' id='word_1_480' title='bbox 560 5970 582 5997; x_wconf 86' lang='grc'><strong><em>⁸</em></strong></span> <span class='ocrx_word' id='word_1_481' title='bbox 608 5966 759 6028; x_wconf 70' lang='lat' dir='ltr'><em>L&#39;nus,</em></span> <span class='ocrx_word' id='word_1_482' title='bbox 785 5968 987 6017; x_wconf 73' lang='grc' dir='ltr'><em>πιστ;ύει</em></span> <span class='ocrx_word' id='word_1_483' title='bbox 1023 5968 1106 6017; x_wconf 77' lang='grc' dir='ltr'><em>σῦν</em></span> <span class='ocrx_word' id='word_1_484' title='bbox 1131 5966 1195 6031; x_wconf 73' lang='grc' dir='ltr'><em>τῷ</em></span> <span class='ocrx_word' id='word_1_485' title='bbox 1222 5964 1411 6027; x_wconf 75' lang='grc' dir='ltr'><em>Παύλῳ.</em></span> 
     </span>
    </p>
   </div>
   <div class='ocr_carea' id='block_1_65' title="bbox 1334 382 3177 456">
    <p class='ocr_par' dir='ltr' id='par_1_65' title="bbox 1334 382 3177 456">
     <span class='ocr_line' id='line_1_65' title="bbox 1334 382 3177 456; baseline -0.006 0"><span class='ocrx_word' id='word_1_486' title='bbox 1334 401 1391 455; x_wconf 89' lang='lat' dir='ltr'><strong>S.</strong></span> <span class='ocrx_word' id='word_1_487' title='bbox 1432 396 1713 456; x_wconf 77' lang='lat' dir='ltr'><em>JOANNIS</em></span> <span class='ocrx_word' id='word_1_488' title='bbox 1751 382 2237 449; x_wconf 53' lang='lat' dir='ltr'><em>CHI‘YSOSTOMI</em></span> <span class='ocrx_word' id='word_1_489' title='bbox 2279 386 2594 445; x_wconf 70' lang='lat' dir='ltr'><em>ARCHIEP.</em></span> <span class='ocrx_word' id='word_1_490' title='bbox 2637 388 3177 447; x_wconf 70' lang='lat' dir='ltr'><em>CONSTANTINOP.</em></span> 
     </span>
    </p>
   </div>
   <div class='ocr_carea' id='block_1_66' title="bbox 3800 392 3901 449">
    <p class='ocr_par' dir='ltr' id='par_1_66' title="bbox 3800 392 3901 449">
     <span class='ocr_line' id='line_1_66' title="bbox 3800 392 3901 449; baseline -0.01 -1"><span class='ocrx_word' id='word_1_491' title='bbox 3800 392 3901 449; x_wconf 70' lang='grc' dir='ltr'><em>δῖ’)</em></span> 
     </span>
    </p>
   </div>
   <div class='ocr_carea' id='block_1_67' title="bbox 2251 499 3901 578">
    <p class='ocr_par' dir='ltr' id='par_1_67' title="bbox 2251 499 3901 578">
     <span class='ocr_line' id='line_1_67' title="bbox 2251 499 3901 578; baseline 0.003 -24"><span class='ocrx_word' id='word_1_492' title='bbox 2251 520 2337 565; x_wconf 88' lang='grc' dir='ltr'><em>νος</em></span> <span class='ocrx_word' id='word_1_493' title='bbox 2366 499 2432 573; x_wconf 84' lang='grc' dir='ltr'><em>ἦν</em></span> <span class='ocrx_word' id='word_1_494' title='bbox 2460 503 2627 576; x_wconf 79' lang='grc' dir='ltr'><em>αὐτῷ.</em></span> <span class='ocrx_word' id='word_1_495' title='bbox 2659 505 2778 559; x_wconf 80' lang='grc' dir='ltr'><em>Τῶν</em></span> <span class='ocrx_word' id='word_1_496' title='bbox 2800 504 2868 558; x_wconf 86' lang='grc' dir='ltr'><em>δὲ</em></span> <span class='ocrx_word' id='word_1_497' title='bbox 2896 505 3267 574; x_wconf 88' lang='grc' dir='ltr'><em>στρατιωτῶν</em></span> <span class='ocrx_word' id='word_1_498' title='bbox 3287 507 3490 575; x_wconf 73' lang='grc' dir='ltr'><em>,ϐουλὴ</em></span> <span class='ocrx_word' id='word_1_499' title='bbox 3515 506 3779 578; x_wconf 72' lang='grc' dir='ltr'><em>ἐγένετο,</em></span> <span class='ocrx_word' id='word_1_500' title='bbox 3804 508 3901 560; x_wconf 77' lang='grc' dir='ltr'><em>ἵνα</em></span> 
     </span>
    </p>
   </div>
   <div class='ocr_carea' id='block_1_68' title="bbox 2249 589 3901 663">
    <p class='ocr_par' dir='ltr' id='par_1_68' title="bbox 2249 589 3901 663">
     <span class='ocr_line' id='line_1_68' title="bbox 2249 589 3901 663; baseline 0.003 -22"><span class='ocrx_word' id='word_1_501' title='bbox 2249 589 2389 656; x_wconf 87' lang='grc' dir='ltr'><em>τοὺς</em></span> <span class='ocrx_word' id='word_1_502' title='bbox 2425 590 2727 660; x_wconf 84' lang='grc' dir='ltr'><em>δεσμώτας</em></span> <span class='ocrx_word' id='word_1_503' title='bbox 2754 594 3167 655; x_wconf 81' lang='grc' dir='ltr'><em>ἀποκτείνωσι,</em></span> <span class='ocrx_word' id='word_1_504' title='bbox 3203 593 3287 662; x_wconf 86' lang='grc' dir='ltr'><em>μή</em></span> <span class='ocrx_word' id='word_1_505' title='bbox 3320 612 3409 660; x_wconf 93' lang='grc' dir='ltr'><em>τις</em></span> <span class='ocrx_word' id='word_1_506' title='bbox 3440 594 3901 663; x_wconf 81' lang='grc' dir='ltr'><em>ἐκκολυμϐήσας</em></span> 
     </span>
    </p>
   </div>
   <div class='ocr_carea' id='block_1_69' title="bbox 2250 675 3899 749">
    <p class='ocr_par' dir='ltr' id='par_1_69' title="bbox 2250 675 3899 749">
     <span class='ocr_line' id='line_1_69' title="bbox 2250 675 3899 749; baseline 0.002 -22"><span class='ocrx_word' id='word_1_507' title='bbox 2250 675 2523 745; x_wconf 56' lang='grc' dir='ltr'><em>διαφύγῃ.</em></span> <span class='ocrx_word' id='word_1_508' title='bbox 2560 679 2622 730; x_wconf 91' lang='lat'><em>&#39;0</em></span> <span class='ocrx_word' id='word_1_509' title='bbox 2651 677 2718 730; x_wconf 80' lang='grc' dir='ltr'><em>δὲ</em></span> <span class='ocrx_word' id='word_1_510' title='bbox 2738 679 3167 749; x_wconf 78' lang='grc' dir='ltr'><em>ἑκατόνταρχος</em></span> <span class='ocrx_word' id='word_1_511' title='bbox 3200 682 3579 749; x_wconf 78' lang='grc' dir='ltr'><em>βουλόμενος</em></span> <span class='ocrx_word' id='word_1_512' title='bbox 3607 679 3899 735; x_wconf 84' lang='grc' dir='ltr'><em>διασῶσαι</em></span> 
     </span>
    </p>
   </div>
   <div class='ocr_carea' id='block_1_70' title="bbox 2245 763 3895 835">
    <p class='ocr_par' dir='ltr' id='par_1_70' title="bbox 2245 763 3895 835">
     <span class='ocr_line' id='line_1_70' title="bbox 2245 763 3895 835; baseline 0.004 -21"><span class='ocrx_word' id='word_1_513' title='bbox 2245 763 2349 814; x_wconf 80' lang='grc' dir='ltr'><em>τὸν</em></span> <span class='ocrx_word' id='word_1_514' title='bbox 2372 763 2653 829; x_wconf 49' lang='grc' dir='ltr'><em>,Παῦλοη</em></span> <span class='ocrx_word' id='word_1_515' title='bbox 2713 765 3017 819; x_wconf 81' lang='grc' dir='ltr'><em>ἐκώλυσεν</em></span> <span class='ocrx_word' id='word_1_516' title='bbox 3062 768 3281 833; x_wconf 79' lang='grc' dir='ltr'><em>αὐτοὺς</em></span> <span class='ocrx_word' id='word_1_517' title='bbox 3338 766 3443 821; x_wconf 87' lang='grc' dir='ltr'><em>τοῦ</em></span> <span class='ocrx_word' id='word_1_518' title='bbox 3486 767 3895 835; x_wconf 78' lang='grc' dir='ltr'><em>βουλήματος,</em></span> 
     </span>
    </p>
   </div>
   <div class='ocr_carea' id='block_1_71' title="bbox 2241 846 3901 922">
    <p class='ocr_par' dir='ltr' id='par_1_71' title="bbox 2241 846 3901 922">
     <span class='ocr_line' id='line_1_71' title="bbox 2241 846 3901 922; baseline 0.004 -23"><span class='ocrx_word' id='word_1_519' title='bbox 2241 846 2525 917; x_wconf 83' lang='grc' dir='ltr'><em>ἐκέλευσέ</em></span> <span class='ocrx_word' id='word_1_520' title='bbox 2548 866 2610 904; x_wconf 89' lang='grc' dir='ltr'><em>τε</em></span> <span class='ocrx_word' id='word_1_521' title='bbox 2639 852 2780 917; x_wconf 88' lang='grc' dir='ltr'><em>τοὺς</em></span> <span class='ocrx_word' id='word_1_522' title='bbox 2797 851 3169 921; x_wconf 80' lang='grc' dir='ltr'><em>δυναμένους</em></span> <span class='ocrx_word' id='word_1_523' title='bbox 3195 851 3498 922; x_wconf 86' lang='grc' dir='ltr'><em>κολυμϐᾷν</em></span> <span class='ocrx_word' id='word_1_524' title='bbox 3531 854 3901 920; x_wconf 63' lang='grc' dir='ltr'><em>ἀπορῤίψανι</em></span> 
     </span>
    </p>
   </div>
   <div class='ocr_carea' id='block_1_72' title="bbox 2243 935 3897 1008">
    <p class='ocr_par' dir='ltr' id='par_1_72' title="bbox 2243 935 3897 1008">
     <span class='ocr_line' id='line_1_72' title="bbox 2243 935 3897 1008; baseline 0.003 -23"><span class='ocrx_word' id='word_1_525' title='bbox 2243 950 2348 998; x_wconf 86' lang='grc' dir='ltr'><em>τας</em></span> <span class='ocrx_word' id='word_1_526' title='bbox 2385 935 2649 1002; x_wconf 86' lang='grc' dir='ltr'><em>πρώτους</em></span> <span class='ocrx_word' id='word_1_527' title='bbox 2678 937 2775 989; x_wconf 74' lang='grc' dir='ltr'><em>ἐπὶ</em></span> <span class='ocrx_word' id='word_1_528' title='bbox 2803 937 2916 1005; x_wconf 82' lang='grc' dir='ltr'><em>τὴν</em></span> <span class='ocrx_word' id='word_1_529' title='bbox 2936 937 3052 1008; x_wconf 85' lang='grc' dir='ltr'><em>γῆν</em></span> <span class='ocrx_word' id='word_1_530' title='bbox 3068 938 3307 1003; x_wconf 79' lang='grc' dir='ltr'><em>ἐξιέναι,</em></span> <span class='ocrx_word' id='word_1_531' title='bbox 3347 941 3443 993; x_wconf 74' lang='grc' dir='ltr'><em>καὶ</em></span> <span class='ocrx_word' id='word_1_532' title='bbox 3483 938 3625 1005; x_wconf 88' lang='grc' dir='ltr'><em>τοὺς</em></span> <span class='ocrx_word' id='word_1_533' title='bbox 3647 938 3897 1004; x_wconf 84' lang='grc' dir='ltr'><em>λοιποὺς</em></span> 
     </span>
    </p>
   </div>
   <div class='ocr_carea' id='block_1_73' title="bbox 2242 1021 3898 1092">
    <p class='ocr_par' dir='ltr' id='par_1_73' title="bbox 2242 1021 3898 1092">
     <span class='ocr_line' id='line_1_73' title="bbox 2242 1021 3898 1092; baseline 0.005 -20"><span class='ocrx_word' id='word_1_534' title='bbox 2242 1021 2349 1087; x_wconf 79' lang='grc' dir='ltr'><em>οὓς</em></span> <span class='ocrx_word' id='word_1_535' title='bbox 2368 1021 2479 1089; x_wconf 85' lang='grc' dir='ltr'><em>μὲν</em></span> <span class='ocrx_word' id='word_1_536' title='bbox 2502 1023 2598 1076; x_wconf 78' lang='grc' dir='ltr'><em>ἐπὶ</em></span> <span class='ocrx_word' id='word_1_537' title='bbox 2630 1026 2899 1088; x_wconf 82' lang='grc' dir='ltr'><em>σανίσιν,</em></span> <span class='ocrx_word' id='word_1_538' title='bbox 2926 1026 3029 1092; x_wconf 81' lang='grc' dir='ltr'><em>οὓς</em></span> <span class='ocrx_word' id='word_1_539' title='bbox 3064 1025 3131 1078; x_wconf 80' lang='grc' dir='ltr'><em>δέ</em></span> <span class='ocrx_word' id='word_1_540' title='bbox 3159 1028 3259 1080; x_wconf 79' lang='grc' dir='ltr'><em>ἐπί</em></span> <span class='ocrx_word' id='word_1_541' title='bbox 3298 1045 3474 1081; x_wconf 89' lang='grc' dir='ltr'><em>τινων</em></span> <span class='ocrx_word' id='word_1_542' title='bbox 3499 1027 3617 1081; x_wconf 80' lang='grc' dir='ltr'><em>τῶν</em></span> <span class='ocrx_word' id='word_1_543' title='bbox 3641 1028 3761 1082; x_wconf 78' lang='grc' dir='ltr'><em>ἀπὸ</em></span> <span class='ocrx_word' id='word_1_544' title='bbox 3793 1026 3898 1080; x_wconf 87' lang='grc' dir='ltr'><em>τοῦ</em></span> 
     </span>
    </p>
   </div>
   <div class='ocr_carea' id='block_1_74' title="bbox 2243 1109 3895 1183">
    <p class='ocr_par' dir='ltr' id='par_1_74' title="bbox 2243 1109 3895 1183">
     <span class='ocr_line' id='line_1_74' title="bbox 2243 1109 3895 1183; baseline 0.004 -23"><span class='ocrx_word' id='word_1_545' title='bbox 2243 1109 2479 1163; x_wconf 89' lang='grc' dir='ltr'><em>πλοίου.</em></span> <span class='ocrx_word' id='word_1_546' title='bbox 2506 1110 2613 1163; x_wconf 78' lang='grc' dir='ltr'><em>Καὶ</em></span> <span class='ocrx_word' id='word_1_547' title='bbox 2640 1110 2826 1177; x_wconf 84' lang='grc' dir='ltr'><em>οὕτως</em></span> <span class='ocrx_word' id='word_1_548' title='bbox 2852 1111 3088 1180; x_wconf 76' lang='grc' dir='ltr'><em>ἐγένετο</em></span> <span class='ocrx_word' id='word_1_549' title='bbox 3138 1111 3368 1179; x_wconf 88' lang='grc' dir='ltr'><em>πάντας</em></span> <span class='ocrx_word' id='word_1_550' title='bbox 3402 1113 3769 1183; x_wconf 81' lang='grc' dir='ltr'><em>διασωθῆναι</em></span> <span class='ocrx_word' id='word_1_551' title='bbox 3798 1114 3895 1167; x_wconf 80' lang='grc' dir='ltr'><em>ἐπι</em></span> 
     </span>
    </p>
   </div>
   <div class='ocr_carea' id='block_1_75' title="bbox 2243 1195 3898 1269">
    <p class='ocr_par' dir='ltr' id='par_1_75' title="bbox 2243 1195 3898 1269">
     <span class='ocr_line' id='line_1_75' title="bbox 2243 1195 3898 1269; baseline 0.004 -23"><span class='ocrx_word' id='word_1_552' title='bbox 2243 1196 2356 1261; x_wconf 81' lang='grc' dir='ltr'><em>τὴν</em></span> <span class='ocrx_word' id='word_1_553' title='bbox 2381 1195 2517 1264; x_wconf 84' lang='grc' dir='ltr'><em>τῆν.</em></span> <span class='ocrx_word' id='word_1_554' title='bbox 2570 1198 2677 1251; x_wconf 78' lang='grc' dir='ltr'><em>Καὶ</em></span> <span class='ocrx_word' id='word_1_555' title='bbox 2729 1197 3139 1263; x_wconf 83' lang='grc' dir='ltr'><em>διασωθέντες,</em></span> <span class='ocrx_word' id='word_1_556' title='bbox 3190 1201 3323 1253; x_wconf 86' lang='grc' dir='ltr'><em>τότε</em></span> <span class='ocrx_word' id='word_1_557' title='bbox 3369 1200 3740 1269; x_wconf 69' lang='grc' dir='ltr'><em>ἐπέγνωσαν,</em></span> <span class='ocrx_word' id='word_1_558' title='bbox 3810 1200 3898 1253; x_wconf 83' lang='grc' dir='ltr'><em>ὅτι</em></span> 
     </span>
    </p>
   </div>
   <div class='ocr_carea' id='block_1_76' title="bbox 2242 1284 3898 1357">
    <p class='ocr_par' dir='ltr' id='par_1_76' title="bbox 2242 1284 3898 1357">
     <span class='ocr_line' id='line_1_76' title="bbox 2242 1284 3898 1357; baseline 0.004 -24"><span class='ocrx_word' id='word_1_559' title='bbox 2242 1285 2468 1350; x_wconf 79' lang='grc' dir='ltr'><em>Μελίτη</em></span> <span class='ocrx_word' id='word_1_560' title='bbox 2489 1284 2525 1349; x_wconf 84' lang='grc' dir='ltr'><strong><em>ἠ</em></strong></span> <span class='ocrx_word' id='word_1_561' title='bbox 2557 1284 2750 1351; x_wconf 83' lang='grc' dir='ltr'><em>νῆσος</em></span> <span class='ocrx_word' id='word_1_562' title='bbox 2778 1286 3063 1340; x_wconf 82' lang='grc' dir='ltr'><em>καλεῖται.</em></span> <span class='ocrx_word' id='word_1_563' title='bbox 3108 1288 3269 1357; x_wconf 80' lang='grc' dir='ltr'><em>Ὀρᾷς</em></span> <span class='ocrx_word' id='word_1_564' title='bbox 3300 1288 3421 1341; x_wconf 83' lang='grc' dir='ltr'><em>ὅσον</em></span> <span class='ocrx_word' id='word_1_565' title='bbox 3450 1288 3669 1356; x_wconf 83' lang='grc' dir='ltr'><em>γέγονεν</em></span> <span class='ocrx_word' id='word_1_566' title='bbox 3696 1288 3898 1355; x_wconf 81' lang='grc' dir='ltr'><em>ἀγαθὸν</em></span> 
     </span>
    </p>
   </div>
   <div class='ocr_carea' id='block_1_77' title="bbox 2242 1369 3900 1451">
    <p class='ocr_par' dir='ltr' id='par_1_77' title="bbox 2242 1369 3900 1451">
     <span class='ocr_line' id='line_1_77' title="bbox 2242 1369 3900 1451; baseline 0.002 -29"><span class='ocrx_word' id='word_1_567' title='bbox 2242 1370 2348 1422; x_wconf 72' lang='grc' dir='ltr'><em>ἀπὸ</em></span> <span class='ocrx_word' id='word_1_568' title='bbox 2379 1369 2471 1422; x_wconf 90' lang='grc' dir='ltr'><em>τοῦ</em></span> <span class='ocrx_word' id='word_1_569' title='bbox 2516 1371 2811 1441; x_wconf 83' lang='grc' dir='ltr'><em>χειμῶνος;</em></span> <span class='ocrx_word' id='word_1_570' title='bbox 2849 1375 2962 1427; x_wconf 86' lang='grc' dir='ltr'><em>Οὐκ</em></span> <span class='ocrx_word' id='word_1_571' title='bbox 3013 1374 3121 1445; x_wconf 76' lang='grc' dir='ltr'><em>ἄρα</em></span> <span class='ocrx_word' id='word_1_572' title='bbox 3176 1375 3609 1444; x_wconf 79' lang='grc' dir='ltr'><em>ὲγκαταλείψεως</em></span> <span class='ocrx_word' id='word_1_573' title='bbox 3636 1377 3703 1451; x_wconf 82' lang='grc' dir='ltr'><em>ἦν</em></span> <span class='ocrx_word' id='word_1_574' title='bbox 3733 1378 3761 1428; x_wconf 84' lang='lat'><em>6</em></span> <span class='ocrx_word' id='word_1_575' title='bbox 3789 1392 3900 1444; x_wconf 80' lang='grc' dir='ltr'><em>χει-</em></span> 
     </span>
    </p>
   </div>
   <div class='ocr_carea' id='block_1_78' title="bbox 2245 1454 3899 1535">
    <p class='ocr_par' dir='ltr' id='par_1_78' title="bbox 2245 1454 3899 1535">
     <span class='ocr_line' id='line_1_78' title="bbox 2245 1454 3899 1535; baseline 0.01 -29"><span class='ocrx_word' id='word_1_576' title='bbox 2245 1454 2379 1525; x_wconf 90' lang='grc' dir='ltr'><em>μών.</em></span> <span class='ocrx_word' id='word_1_577' title='bbox 2410 1457 2518 1508; x_wconf 81' lang='grc' dir='ltr'><em>Καὶ</em></span> <span class='ocrx_word' id='word_1_578' title='bbox 2545 1455 2681 1523; x_wconf 80' lang='grc' dir='ltr'><em>πῶς,</em></span> <span class='ocrx_word' id='word_1_579' title='bbox 2724 1460 2907 1529; x_wconf 78' lang='grc' dir='ltr'><em>φησιν,</em></span> <span class='ocrx_word' id='word_1_580' title='bbox 2936 1459 3131 1531; x_wconf 68' lang='grc' dir='ltr'><em>ἔφερον</em></span> <span class='ocrx_word' id='word_1_581' title='bbox 3157 1463 3331 1517; x_wconf 80' lang='grc' dir='ltr'><em>ἄσιτοι</em></span> <span class='ocrx_word' id='word_1_582' title='bbox 3355 1463 3504 1528; x_wconf 63' lang='grc' dir='ltr'><em>ὅντες</em></span> <span class='ocrx_word' id='word_1_583' title='bbox 3543 1465 3638 1518; x_wconf 82' lang='grc' dir='ltr'><em>καί</em></span> <span class='ocrx_word' id='word_1_584' title='bbox 3675 1463 3899 1535; x_wconf 73' lang='grc' dir='ltr'><em>μηδενὸς</em></span> 
     </span>
    </p>
   </div>
   <div class='ocr_carea' id='block_1_79' title="bbox 2244 1545 3900 1620">
    <p class='ocr_par' dir='ltr' id='par_1_79' title="bbox 2244 1545 3900 1620">
     <span class='ocr_line' id='line_1_79' title="bbox 2244 1545 3900 1620; baseline 0.004 -23"><span class='ocrx_word' id='word_1_585' title='bbox 2244 1545 2705 1615; x_wconf 83' lang='grc' dir='ltr'><em>μεταλαϐόμενοι;</em></span> <span class='ocrx_word' id='word_1_586' title='bbox 2747 1550 2806 1604; x_wconf 89' lang='lat'><em>&#39;0</em></span> <span class='ocrx_word' id='word_1_587' title='bbox 2838 1548 3000 1619; x_wconf 86' lang='grc' dir='ltr'><em>φόϐος</em></span> <span class='ocrx_word' id='word_1_588' title='bbox 3030 1553 3277 1620; x_wconf 78' lang='grc' dir='ltr'><em>κατεῖχεν</em></span> <span class='ocrx_word' id='word_1_589' title='bbox 3320 1551 3516 1615; x_wconf 78' lang='grc' dir='ltr'><em>αὐτοὺς</em></span> <span class='ocrx_word' id='word_1_590' title='bbox 3554 1553 3648 1606; x_wconf 83' lang='grc' dir='ltr'><em>καὶ</em></span> <span class='ocrx_word' id='word_1_591' title='bbox 3685 1555 3787 1605; x_wconf 81' lang='grc' dir='ltr'><em>οὐκ</em></span> <span class='ocrx_word' id='word_1_592' title='bbox 3816 1551 3900 1604; x_wconf 79' lang='grc' dir='ltr'><em>εἴα</em></span> 
     </span>
    </p>
   </div>
   <div class='ocr_carea' id='block_1_80' title="bbox 2242 1633 3900 1710">
    <p class='ocr_par' dir='ltr' id='par_1_80' title="bbox 2242 1633 3900 1710">
     <span class='ocr_line' id='line_1_80' title="bbox 2242 1633 3900 1710; baseline 0.003 -24"><span class='ocrx_word' id='word_1_593' title='bbox 2242 1636 2321 1697; x_wconf 84' lang='grc' dir='ltr'><em>εἰς</em></span> <span class='ocrx_word' id='word_1_594' title='bbox 2350 1633 2643 1705; x_wconf 80' lang='grc' dir='ltr'><em>ἐπιθυμίαν</em></span> <span class='ocrx_word' id='word_1_595' title='bbox 2687 1637 2891 1707; x_wconf 78' lang='grc' dir='ltr'><em>τροφῆς</em></span> <span class='ocrx_word' id='word_1_596' title='bbox 2941 1639 3219 1707; x_wconf 72' lang='grc' dir='ltr'><em>ἐμπεσεῖν,</em></span> <span class='ocrx_word' id='word_1_597' title='bbox 3277 1638 3567 1708; x_wconf 83' lang='grc' dir='ltr'><em>μέλλοντας</em></span> <span class='ocrx_word' id='word_1_598' title='bbox 3618 1640 3761 1710; x_wconf 80' lang='grc' dir='ltr'><em>ὑπὲρ</em></span> <span class='ocrx_word' id='word_1_599' title='bbox 3794 1640 3900 1692; x_wconf 84' lang='grc' dir='ltr'><em>τῶν</em></span> 
     </span>
    </p>
   </div>
   <div class='ocr_carea' id='block_1_81' title="bbox 2241 1718 3899 1796">
    <p class='ocr_par' dir='ltr' id='par_1_81' title="bbox 2241 1718 3899 1796">
     <span class='ocr_line' id='line_1_81' title="bbox 2241 1718 3899 1796; baseline 0.002 -22"><span class='ocrx_word' id='word_1_600' title='bbox 2241 1718 2485 1791; x_wconf 75' lang='grc' dir='ltr'><em>ἐσχάτων</em></span> <span class='ocrx_word' id='word_1_601' title='bbox 2531 1722 2880 1778; x_wconf 89' lang='grc' dir='ltr'><em>κινδυνεύειν.</em></span> <span class='ocrx_word' id='word_1_602' title='bbox 2939 1724 3012 1777; x_wconf 84' lang='grc' dir='ltr'><em>Τὸ</em></span> <span class='ocrx_word' id='word_1_603' title='bbox 3065 1725 3163 1795; x_wconf 80' lang='grc' dir='ltr'><em>μὲν</em></span> <span class='ocrx_word' id='word_1_604' title='bbox 3217 1722 3309 1779; x_wconf 81' lang='grc' dir='ltr'><em>οὖν</em></span> <span class='ocrx_word' id='word_1_605' title='bbox 3348 1726 3637 1796; x_wconf 87' lang='grc' dir='ltr'><em>γενόμενον</em></span> <span class='ocrx_word' id='word_1_606' title='bbox 3666 1727 3778 1781; x_wconf 81' lang='grc' dir='ltr'><em>ἀπὺ</em></span> <span class='ocrx_word' id='word_1_607' title='bbox 3808 1724 3899 1778; x_wconf 87' lang='grc' dir='ltr'><em>τοῦ</em></span> 
     </span>
    </p>
   </div>
   <div class='ocr_carea' id='block_1_82' title="bbox 2242 1808 3901 1884">
    <p class='ocr_par' dir='ltr' id='par_1_82' title="bbox 2242 1808 3901 1884">
     <span class='ocr_line' id='line_1_82' title="bbox 2242 1808 3901 1884; baseline 0.001 -23"><span class='ocrx_word' id='word_1_608' title='bbox 2242 1808 2432 1879; x_wconf 82' lang='grc' dir='ltr'><em>καιροῦ</em></span> <span class='ocrx_word' id='word_1_609' title='bbox 2486 1810 2702 1877; x_wconf 64' lang='grc' dir='ltr'><em>ἐγένετο</em></span> <span class='ocrx_word' id='word_1_610' title='bbox 2751 1826 2765 1840; x_wconf 91' lang='grc'><strong>·</strong></span> <span class='ocrx_word' id='word_1_611' title='bbox 2814 1810 2872 1862; x_wconf 88' lang='grc' dir='ltr'><em>τὸ</em></span> <span class='ocrx_word' id='word_1_612' title='bbox 2914 1811 2971 1863; x_wconf 76' lang='grc' dir='ltr'><em>δὲ</em></span> <span class='ocrx_word' id='word_1_613' title='bbox 3027 1809 3211 1881; x_wconf 86' lang='grc' dir='ltr'><em>Θαῦμα</em></span> <span class='ocrx_word' id='word_1_614' title='bbox 3271 1812 3474 1883; x_wconf 75' lang='grc' dir='ltr'><em>μεῖζον,</em></span> <span class='ocrx_word' id='word_1_615' title='bbox 3501 1816 3582 1867; x_wconf 83' lang='grc' dir='ltr'><em>ὅτι</em></span> <span class='ocrx_word' id='word_1_616' title='bbox 3619 1816 3678 1867; x_wconf 81' lang='grc' dir='ltr'><em>έν</em></span> <span class='ocrx_word' id='word_1_617' title='bbox 3722 1813 3901 1884; x_wconf 81' lang='grc' dir='ltr'><em>καιρῷ</em></span> 
     </span>
    </p>
   </div>
   <div class='ocr_carea' id='block_1_83' title="bbox 2240 1895 3902 1970">
    <p class='ocr_par' dir='ltr' id='par_1_83' title="bbox 2240 1895 3902 1970">
     <span class='ocr_line' id='line_1_83' title="bbox 2240 1895 3902 1970; baseline 0.005 -23"><span class='ocrx_word' id='word_1_618' title='bbox 2240 1895 2463 1967; x_wconf 78' lang='grc' dir='ltr'><em>τοιούτῳ</em></span> <span class='ocrx_word' id='word_1_619' title='bbox 2492 1900 2555 1950; x_wconf 77' lang='grc' dir='ltr'><em>ὲκ</em></span> <span class='ocrx_word' id='word_1_620' title='bbox 2582 1898 2761 1963; x_wconf 85' lang='grc' dir='ltr'><em>μέσων</em></span> <span class='ocrx_word' id='word_1_621' title='bbox 2823 1897 3102 1970; x_wconf 72' lang='grc' dir='ltr'><em>ἐσώθησαν</em></span> <span class='ocrx_word' id='word_1_622' title='bbox 3161 1900 3270 1954; x_wconf 86' lang='grc' dir='ltr'><em>τῶν</em></span> <span class='ocrx_word' id='word_1_623' title='bbox 3327 1902 3606 1968; x_wconf 85' lang='grc' dir='ltr'><em>κινδύνων,</em></span> <span class='ocrx_word' id='word_1_624' title='bbox 3642 1904 3804 1966; x_wconf 85' lang='grc' dir='ltr'><em>αὑτός</em></span> <span class='ocrx_word' id='word_1_625' title='bbox 3842 1919 3902 1956; x_wconf 82' lang='grc' dir='ltr'><em>τε</em></span> 
     </span>
    </p>
   </div>
   <div class='ocr_carea' id='block_1_84' title="bbox 2240 1984 3901 2060">
    <p class='ocr_par' dir='ltr' id='par_1_84' title="bbox 2240 1984 3901 2060">
     <span class='ocr_line' id='line_1_84' title="bbox 2240 1984 3901 2060; baseline 0.005 -24"><span class='ocrx_word' id='word_1_626' title='bbox 2240 1984 2334 2036; x_wconf 80' lang='grc' dir='ltr'><em>καὶ</em></span> <span class='ocrx_word' id='word_1_627' title='bbox 2367 1984 2444 2037; x_wconf 87' lang='grc' dir='ltr'><em>δι’</em></span> <span class='ocrx_word' id='word_1_628' title='bbox 2472 1984 2632 2037; x_wconf 74' lang='grc' dir='ltr'><em>αὑτὸν</em></span> <span class='ocrx_word' id='word_1_629' title='bbox 2658 1987 2707 2037; x_wconf 78' lang='grc' dir='ltr'><em>οἱ</em></span> <span class='ocrx_word' id='word_1_630' title='bbox 2738 1984 2932 2040; x_wconf 89' lang='grc' dir='ltr'><em>λοιποί.</em></span> <span class='ocrx_word' id='word_1_631' title='bbox 2979 1987 3087 2039; x_wconf 78' lang='grc' dir='ltr'><em>Καὶ</em></span> <span class='ocrx_word' id='word_1_632' title='bbox 3144 1987 3474 2055; x_wconf 84' lang='grc' dir='ltr'><em>ἐπάραντες</em></span> <span class='ocrx_word' id='word_1_633' title='bbox 3520 1992 3624 2044; x_wconf 85' lang='grc' dir='ltr'><em>τὸν</em></span> <span class='ocrx_word' id='word_1_634' title='bbox 3651 1992 3901 2060; x_wconf 83' lang='grc' dir='ltr'><em>ἀρτέμο-</em></span> 
     </span>
    </p>
   </div>
   <div class='ocr_carea' id='block_1_85' title="bbox 2238 2071 3905 2146">
    <p class='ocr_par' dir='ltr' id='par_1_85' title="bbox 2238 2071 3905 2146">
     <span class='ocr_line' id='line_1_85' title="bbox 2238 2071 3905 2146; baseline 0.005 -21"><span class='ocrx_word' id='word_1_635' title='bbox 2238 2090 2335 2137; x_wconf 90' lang='grc' dir='ltr'><em>να,</em></span> <span class='ocrx_word' id='word_1_636' title='bbox 2377 2071 2451 2141; x_wconf 83' lang='grc' dir='ltr'><strong><em>τῇ</em></strong></span> <span class='ocrx_word' id='word_1_637' title='bbox 2486 2075 2757 2144; x_wconf 80' lang='grc' dir='ltr'><em>πνεούσῃ</em></span> <span class='ocrx_word' id='word_1_638' title='bbox 2802 2074 3078 2143; x_wconf 81' lang='grc' dir='ltr'><em>κατεῖχον</em></span> <span class='ocrx_word' id='word_1_639' title='bbox 3117 2079 3203 2141; x_wconf 84' lang='grc' dir='ltr'><em>εις</em></span> <span class='ocrx_word' id='word_1_640' title='bbox 3245 2077 3351 2131; x_wconf 84' lang='grc' dir='ltr'><em>τὸν</em></span> <span class='ocrx_word' id='word_1_641' title='bbox 3401 2081 3695 2146; x_wconf 69' lang='grc' dir='ltr'><em>αίγιαλόν;</em></span> <span class='ocrx_word' id='word_1_642' title='bbox 3733 2081 3905 2134; x_wconf 86' lang='grc' dir='ltr'><em>Τοῦτο</em></span> 
     </span>
    </p>
   </div>
   <div class='ocr_carea' id='block_1_86' title="bbox 2240 2157 3903 2240">
    <p class='ocr_par' dir='ltr' id='par_1_86' title="bbox 2240 2157 3903 2240">
     <span class='ocr_line' id='line_1_86' title="bbox 2240 2157 3903 2240; baseline 0.004 -26"><span class='ocrx_word' id='word_1_643' title='bbox 2240 2157 2381 2227; x_wconf 79' lang='grc' dir='ltr'><em>εἶπε,</em></span> <span class='ocrx_word' id='word_1_644' title='bbox 2412 2160 2508 2232; x_wconf 85' lang='grc' dir='ltr'><em>τὴν</em></span> <span class='ocrx_word' id='word_1_645' title='bbox 2537 2162 2659 2232; x_wconf 86' lang='grc' dir='ltr'><em>βίαν</em></span> <span class='ocrx_word' id='word_1_646' title='bbox 2679 2162 2843 2228; x_wconf 80' lang='grc' dir='ltr'><em>δεῖξαι</em></span> <span class='ocrx_word' id='word_1_647' title='bbox 2898 2162 3237 2233; x_wconf 84' lang='grc' dir='ltr'><em>βουλόμενος,</em></span> <span class='ocrx_word' id='word_1_648' title='bbox 3300 2165 3364 2235; x_wconf 74' lang='grc' dir='ltr'><em>ἢν</em></span> <span class='ocrx_word' id='word_1_649' title='bbox 3414 2166 3680 2236; x_wconf 81' lang='grc' dir='ltr'><em>ὑπέμενον</em></span> <span class='ocrx_word' id='word_1_650' title='bbox 3702 2186 3903 2240; x_wconf 83' lang='grc' dir='ltr'><em>χειμα-</em></span> 
     </span>
    </p>
   </div>
   <div class='ocr_carea' id='block_1_87' title="bbox 2242 2247 3904 2321">
    <p class='ocr_par' dir='ltr' id='par_1_87' title="bbox 2242 2247 3904 2321">
     <span class='ocr_line' id='line_1_87' title="bbox 2242 2247 3904 2321; baseline 0.004 -21"><span class='ocrx_word' id='word_1_651' title='bbox 2242 2247 2456 2317; x_wconf 77' lang='grc' dir='ltr'><em>ζόμενοι</em></span> <span class='ocrx_word' id='word_1_652' title='bbox 2489 2265 2502 2280; x_wconf 88' lang='grc'><strong>·</strong></span> <span class='ocrx_word' id='word_1_653' title='bbox 2540 2249 2800 2313; x_wconf 79' lang='grc' dir='ltr'><em>πολλάκις</em></span> <span class='ocrx_word' id='word_1_654' title='bbox 2828 2250 2936 2320; x_wconf 80' lang='grc' dir='ltr'><em>γὰρ</em></span> <span class='ocrx_word' id='word_1_655' title='bbox 2964 2250 3062 2321; x_wconf 84' lang='grc' dir='ltr'><em>οὺχ</em></span> <span class='ocrx_word' id='word_1_656' title='bbox 3096 2250 3237 2304; x_wconf 77' lang='grc' dir='ltr'><em>οὕτω</em></span> <span class='ocrx_word' id='word_1_657' title='bbox 3263 2252 3495 2307; x_wconf 86' lang='grc' dir='ltr'><em>ποιοῦσι.</em></span> <span class='ocrx_word' id='word_1_658' title='bbox 3526 2253 3617 2306; x_wconf 82' lang='grc' dir='ltr'><em>Διὸ</em></span> <span class='ocrx_word' id='word_1_659' title='bbox 3637 2256 3732 2308; x_wconf 72' lang='grc' dir='ltr'><em>καὶ</em></span> <span class='ocrx_word' id='word_1_660' title='bbox 3772 2272 3904 2307; x_wconf 86' lang='grc' dir='ltr'><em>κατ-</em></span> 
     </span>
    </p>
   </div>
   <div class='ocr_carea' id='block_1_88' title="bbox 2238 2338 3905 2415">
    <p class='ocr_par' dir='ltr' id='par_1_88' title="bbox 2238 2338 3905 2415">
     <span class='ocr_line' id='line_1_88' title="bbox 2238 2338 3905 2415; baseline 0.005 -25"><span class='ocrx_word' id='word_1_661' title='bbox 2238 2340 2441 2406; x_wconf 85' lang='grc' dir='ltr'><em>ήγαγον</em></span> <span class='ocrx_word' id='word_1_662' title='bbox 2466 2338 2565 2409; x_wconf 85' lang='grc' dir='ltr'><em>τὴν</em></span> <span class='ocrx_word' id='word_1_663' title='bbox 2588 2338 2798 2409; x_wconf 84' lang='grc' dir='ltr'><em>ὀθόνην,</em></span> <span class='ocrx_word' id='word_1_664' title='bbox 2826 2341 3072 2393; x_wconf 82' lang='grc' dir='ltr'><em>τουτέστι</em></span> <span class='ocrx_word' id='word_1_665' title='bbox 3097 2340 3164 2393; x_wconf 73' lang='grc' dir='ltr'><em>τὰ</em></span> <span class='ocrx_word' id='word_1_666' title='bbox 3202 2341 3341 2394; x_wconf 86' lang='grc' dir='ltr'><em>ίστία</em></span> <span class='ocrx_word' id='word_1_667' title='bbox 3369 2344 3516 2413; x_wconf 79' lang='grc' dir='ltr'><em>(ὅταν</em></span> <span class='ocrx_word' id='word_1_668' title='bbox 3542 2344 3650 2415; x_wconf 76' lang='grc' dir='ltr'><em>γάρ</em></span> <span class='ocrx_word' id='word_1_669' title='bbox 3673 2345 3905 2414; x_wconf 78' lang='grc' dir='ltr'><em>σφοδρὸς</em></span> 
     </span>
    </p>
   </div>
   <div class='ocr_carea' id='block_1_89' title="bbox 2237 2423 3905 2501">
    <p class='ocr_par' dir='ltr' id='par_1_89' title="bbox 2237 2423 3905 2501">
     <span class='ocr_line' id='line_1_89' title="bbox 2237 2423 3905 2501; baseline 0.006 -25"><span class='ocrx_word' id='word_1_670' title='bbox 2237 2423 2523 2499; x_wconf 79' lang='grc' dir='ltr'><em>ἄνεμοςῇ,</em></span> <span class='ocrx_word' id='word_1_671' title='bbox 2562 2426 2718 2479; x_wconf 88' lang='grc' dir='ltr'><em>τοῦτο</em></span> <span class='ocrx_word' id='word_1_672' title='bbox 2769 2428 3021 2498; x_wconf 87' lang='grc' dir='ltr'><em>γίνεται),</em></span> <span class='ocrx_word' id='word_1_673' title='bbox 3064 2429 3418 2497; x_wconf 85' lang='grc' dir='ltr'><em>ὲγκόπτοντες</em></span> <span class='ocrx_word' id='word_1_674' title='bbox 3466 2430 3562 2484; x_wconf 86' lang='grc' dir='ltr'><em>τοῦ</em></span> <span class='ocrx_word' id='word_1_675' title='bbox 3590 2433 3905 2501; x_wconf 84' lang='grc' dir='ltr'><em>πνεύματος</em></span> 
     </span>
    </p>
   </div>
   <div class='ocr_carea' id='block_1_90' title="bbox 2236 2510 3905 2589">
    <p class='ocr_par' dir='ltr' id='par_1_90' title="bbox 2236 2510 3905 2589">
     <span class='ocr_line' id='line_1_90' title="bbox 2236 2510 3905 2589; baseline 0.007 -28"><span class='ocrx_word' id='word_1_676' title='bbox 2236 2510 2335 2581; x_wconf 82' lang='grc' dir='ltr'><em>τὴν</em></span> <span class='ocrx_word' id='word_1_677' title='bbox 2367 2512 2569 2583; x_wconf 80' lang='grc' dir='ltr'><em>ῥύμην.</em></span> <span class='ocrx_word' id='word_1_678' title='bbox 2596 2513 2781 2567; x_wconf 89' lang='grc' dir='ltr'><em>Ταῦτα</em></span> <span class='ocrx_word' id='word_1_679' title='bbox 2807 2515 2864 2567; x_wconf 78' lang='grc' dir='ltr'><em>δὲ</em></span> <span class='ocrx_word' id='word_1_680' title='bbox 2905 2517 3201 2585; x_wconf 85' lang='grc' dir='ltr'><em>πάσχουσιν</em></span> <span class='ocrx_word' id='word_1_681' title='bbox 3239 2519 3295 2569; x_wconf 85' lang='grc' dir='ltr'><em>ὲν</em></span> <span class='ocrx_word' id='word_1_682' title='bbox 3337 2516 3415 2587; x_wconf 76' lang='grc' dir='ltr'><em>τῷ</em></span> <span class='ocrx_word' id='word_1_683' title='bbox 3454 2518 3658 2589; x_wconf 82' lang='grc' dir='ltr'><em>Ἀδρίᾳ,</em></span> <span class='ocrx_word' id='word_1_684' title='bbox 3692 2519 3819 2573; x_wconf 76' lang='grc' dir='ltr'><em>ἔνθα</em></span> <span class='ocrx_word' id='word_1_685' title='bbox 3843 2521 3905 2573; x_wconf 79' lang='grc' dir='ltr'><em>τὸ</em></span> 
     </span>
    </p>
   </div>
   <div class='ocr_carea' id='block_1_91' title="bbox 2240 2596 3903 2669">
    <p class='ocr_par' dir='ltr' id='par_1_91' title="bbox 2240 2596 3903 2669">
     <span class='ocr_line' id='line_1_91' title="bbox 2240 2596 3903 2669; baseline 0.005 -20"><span class='ocrx_word' id='word_1_686' title='bbox 2240 2599 2503 2661; x_wconf 76' lang='grc' dir='ltr'><em>σώζεσθαι</em></span> <span class='ocrx_word' id='word_1_687' title='bbox 2542 2600 2797 2669; x_wconf 87' lang='grc' dir='ltr'><em>χαλεπόν.</em></span> <span class='ocrx_word' id='word_1_688' title='bbox 2837 2596 3023 2669; x_wconf 83' lang='grc' dir='ltr'><em>Ἦμεν</em></span> <span class='ocrx_word' id='word_1_689' title='bbox 3064 2601 3131 2654; x_wconf 81' lang='grc' dir='ltr'><em>δέ</em></span> <span class='ocrx_word' id='word_1_690' title='bbox 3162 2602 3231 2654; x_wconf 87' lang='grc' dir='ltr'><em>ἐν</em></span> <span class='ocrx_word' id='word_1_691' title='bbox 3282 2601 3360 2667; x_wconf 85' lang='grc' dir='ltr'><em>τῷ</em></span> <span class='ocrx_word' id='word_1_692' title='bbox 3407 2606 3598 2669; x_wconf 85' lang='grc' dir='ltr'><em>πλοίῳ</em></span> <span class='ocrx_word' id='word_1_693' title='bbox 3620 2609 3680 2659; x_wconf 82' lang='grc' dir='ltr'><em>αι</em></span> <span class='ocrx_word' id='word_1_694' title='bbox 3710 2605 3903 2661; x_wconf 82' lang='grc' dir='ltr'><em>πᾶσαι</em></span> 
     </span>
    </p>
   </div>
   <div class='ocr_carea' id='block_1_92' title="bbox 2239 2686 3904 2764">
    <p class='ocr_par' dir='ltr' id='par_1_92' title="bbox 2239 2686 3904 2764">
     <span class='ocr_line' id='line_1_92' title="bbox 2239 2686 3904 2764; baseline 0.006 -26"><span class='ocrx_word' id='word_1_695' title='bbox 2239 2686 2427 2753; x_wconf 73' lang='grc' dir='ltr'><em>ψυχαὶ</em></span> <span class='ocrx_word' id='word_1_696' title='bbox 2449 2686 2745 2742; x_wconf 87' lang='grc' dir='ltr'><em>διακόσιαι</em></span> <span class='ocrx_word' id='word_1_697' title='bbox 2774 2688 3267 2757; x_wconf 75' lang='grc' dir='ltr'><em>ἐϐδομηκονταέξ.</em></span> <span class='ocrx_word' id='word_1_698' title='bbox 3296 2691 3409 2743; x_wconf 73' lang='grc' dir='ltr'><em>Καὶ</em></span> <span class='ocrx_word' id='word_1_699' title='bbox 3424 2691 3586 2745; x_wconf 86' lang='grc' dir='ltr'><em>πόθεν</em></span> <span class='ocrx_word' id='word_1_700' title='bbox 3610 2693 3789 2764; x_wconf 79' lang='grc' dir='ltr'><em>δῆλον,</em></span> <span class='ocrx_word' id='word_1_701' title='bbox 3818 2696 3904 2748; x_wconf 82' lang='grc' dir='ltr'><em>ὅτι</em></span> 
     </span>
    </p>
   </div>
   <div class='ocr_carea' id='block_1_93' title="bbox 2238 2770 3905 2855">
    <p class='ocr_par' dir='ltr' id='par_1_93' title="bbox 2238 2770 3905 2855">
     <span class='ocr_line' id='line_1_93' title="bbox 2238 2770 3905 2855; baseline 0.007 -29"><span class='ocrx_word' id='word_1_702' title='bbox 2238 2774 2481 2827; x_wconf 83' lang='grc' dir='ltr'><em>τοσοῦτοι</em></span> <span class='ocrx_word' id='word_1_703' title='bbox 2510 2770 2649 2845; x_wconf 81' lang='grc' dir='ltr'><em>ἦσαν</em></span> <span class='ocrx_word' id='word_1_704' title='bbox 2668 2778 2717 2830; x_wconf 79' lang='grc' dir='ltr'><em>οι</em></span> <span class='ocrx_word' id='word_1_705' title='bbox 2747 2777 3147 2849; x_wconf 85' lang='grc' dir='ltr'><em>συμπλέοντες;</em></span> <span class='ocrx_word' id='word_1_706' title='bbox 3180 2779 3338 2843; x_wconf 74' lang='grc' dir='ltr'><em>Εἰκὸς</em></span> <span class='ocrx_word' id='word_1_707' title='bbox 3362 2775 3429 2850; x_wconf 77' lang='grc' dir='ltr'><em>ἦν</em></span> <span class='ocrx_word' id='word_1_708' title='bbox 3458 2783 3655 2846; x_wconf 83' lang='grc' dir='ltr'><em>αὐτοὺς</em></span> <span class='ocrx_word' id='word_1_709' title='bbox 3688 2784 3905 2855; x_wconf 77' lang='grc' dir='ltr'><em>ἐρωτᾷν</em></span> 
     </span>
    </p>
   </div>
   <div class='ocr_carea' id='block_1_94' title="bbox 2239 2862 3905 2936">
    <p class='ocr_par' dir='ltr' id='par_1_94' title="bbox 2239 2862 3905 2936">
     <span class='ocr_line' id='line_1_94' title="bbox 2239 2862 3905 2936; baseline 0.007 -22"><span class='ocrx_word' id='word_1_710' title='bbox 2239 2862 2335 2930; x_wconf 75' lang='grc' dir='ltr'><em>τὴν</em></span> <span class='ocrx_word' id='word_1_711' title='bbox 2358 2864 2554 2929; x_wconf 84' lang='grc' dir='ltr'><em>αἰτίαν,</em></span> <span class='ocrx_word' id='word_1_712' title='bbox 2596 2866 2675 2919; x_wconf 84' lang='grc' dir='ltr'><em>δι’</em></span> <span class='ocrx_word' id='word_1_713' title='bbox 2713 2868 2779 2936; x_wconf 69' lang='grc' dir='ltr'><em>ἦν</em></span> <span class='ocrx_word' id='word_1_714' title='bbox 2817 2866 3056 2931; x_wconf 87' lang='grc' dir='ltr'><em>πλέουσι,</em></span> <span class='ocrx_word' id='word_1_715' title='bbox 3109 2868 3204 2920; x_wconf 71' lang='grc' dir='ltr'><em>καὶ</em></span> <span class='ocrx_word' id='word_1_716' title='bbox 3249 2866 3455 2936; x_wconf 72' lang='grc' dir='ltr'><em>μαθεῖνο</em></span> <span class='ocrx_word' id='word_1_717' title='bbox 3491 2870 3689 2924; x_wconf 83' lang='grc' dir='ltr'><em>πάντα.</em></span> <span class='ocrx_word' id='word_1_718' title='bbox 3726 2873 3788 2925; x_wconf 75' lang='lat' dir='ltr'><em>Ol</em></span> <span class='ocrx_word' id='word_1_719' title='bbox 3845 2873 3905 2926; x_wconf 71' lang='grc' dir='ltr'><em>δὲ</em></span> 
     </span>
    </p>
   </div>
   <div class='ocr_carea' id='block_1_95' title="bbox 2236 2950 3902 3029">
    <p class='ocr_par' dir='ltr' id='par_1_95' title="bbox 2236 2950 3902 3029">
     <span class='ocr_line' id='line_1_95' title="bbox 2236 2950 3902 3029; baseline 0.005 -27"><span class='ocrx_word' id='word_1_720' title='bbox 2236 2951 2445 3013; x_wconf 68' lang='grc' dir='ltr'><em>οὐδενὸς</em></span> <span class='ocrx_word' id='word_1_721' title='bbox 2478 2952 2791 3022; x_wconf 79' lang='grc' dir='ltr'><em>μετέλαϐον,</em></span> <span class='ocrx_word' id='word_1_722' title='bbox 2827 2954 2909 3005; x_wconf 82' lang='grc' dir='ltr'><em>ὅτι</em></span> <span class='ocrx_word' id='word_1_723' title='bbox 2961 2954 3060 3006; x_wconf 85' lang='grc' dir='ltr'><em>οὐκ</em></span> <span class='ocrx_word' id='word_1_724' title='bbox 3110 2950 3178 3024; x_wconf 79' lang='grc' dir='ltr'><em>ἦν</em></span> <span class='ocrx_word' id='word_1_725' title='bbox 3208 2955 3391 3019; x_wconf 81' lang='grc' dir='ltr'><em>αὐτοῖς</em></span> <span class='ocrx_word' id='word_1_726' title='bbox 3422 2957 3641 3025; x_wconf 69' lang='grc' dir='ltr'><em>φροντὶς</em></span> <span class='ocrx_word' id='word_1_727' title='bbox 3668 2959 3902 3029; x_wconf 80' lang='grc' dir='ltr'><em>τροφῆς,</em></span> 
     </span>
    </p>
   </div>
   <div class='ocr_carea' id='block_1_96' title="bbox 2238 3038 3905 3115">
    <p class='ocr_par' dir='ltr' id='par_1_96' title="bbox 2238 3038 3905 3115">
     <span class='ocr_line' id='line_1_96' title="bbox 2238 3038 3905 3115; baseline 0.005 -24"><span class='ocrx_word' id='word_1_728' title='bbox 2238 3038 2334 3091; x_wconf 81' lang='grc' dir='ltr'><em>ἆτε</em></span> <span class='ocrx_word' id='word_1_729' title='bbox 2366 3040 2426 3091; x_wconf 82' lang='grc' dir='ltr'><em>οὐ</em></span> <span class='ocrx_word' id='word_1_730' title='bbox 2462 3038 2721 3109; x_wconf 70' lang='grc' dir='ltr'><em>περὶτῶν</em></span> <span class='ocrx_word' id='word_1_731' title='bbox 2743 3040 3010 3109; x_wconf 84' lang='grc' dir='ltr'><em>τυχόντων</em></span> <span class='ocrx_word' id='word_1_732' title='bbox 3043 3041 3192 3104; x_wconf 72' lang='grc' dir='ltr'><em>ὖντος</em></span> <span class='ocrx_word' id='word_1_733' title='bbox 3224 3042 3317 3094; x_wconf 89' lang='grc' dir='ltr'><em>τοῦ</em></span> <span class='ocrx_word' id='word_1_734' title='bbox 3351 3042 3619 3098; x_wconf 80' lang='grc' dir='ltr'><em>κινδύνου.</em></span> <span class='ocrx_word' id='word_1_735' title='bbox 3659 3047 3766 3099; x_wconf 79' lang='grc' dir='ltr'><em>Καὶ</em></span> <span class='ocrx_word' id='word_1_736' title='bbox 3798 3046 3905 3115; x_wconf 81' lang='grc' dir='ltr'><em>ὅρα</em></span> 
     </span>
    </p>
   </div>
   <div class='ocr_carea' id='block_1_97' title="bbox 2241 3126 3907 3206">
    <p class='ocr_par' dir='ltr' id='par_1_97' title="bbox 2241 3126 3907 3206">
     <span class='ocr_line' id='line_1_97' title="bbox 2241 3126 3907 3206; baseline 0.005 -29"><span class='ocrx_word' id='word_1_737' title='bbox 2241 3126 2358 3188; x_wconf 83' lang='grc' dir='ltr'><em>πῶς</em></span> <span class='ocrx_word' id='word_1_738' title='bbox 2389 3126 2485 3195; x_wconf 85' lang='grc' dir='ltr'><em>οὐχ</em></span> <span class='ocrx_word' id='word_1_739' title='bbox 2524 3127 2709 3189; x_wconf 82' lang='grc' dir='ltr'><em>ἁπλῶς</em></span> <span class='ocrx_word' id='word_1_740' title='bbox 2734 3130 2853 3181; x_wconf 75' lang='grc' dir='ltr'><em>οὐδὲ</em></span> <span class='ocrx_word' id='word_1_741' title='bbox 2899 3132 2931 3199; x_wconf 81' lang='grc' dir='ltr'>ἡ</span> <span class='ocrx_word' id='word_1_742' title='bbox 2976 3129 3222 3200; x_wconf 86' lang='grc' dir='ltr'><em>παρολκὴ</em></span> <span class='ocrx_word' id='word_1_743' title='bbox 3269 3130 3360 3182; x_wconf 89' lang='grc' dir='ltr'><em>τοῦ</em></span> <span class='ocrx_word' id='word_1_744' title='bbox 3394 3131 3555 3195; x_wconf 73' lang='grc' dir='ltr'><em>πλοὸς</em></span> <span class='ocrx_word' id='word_1_745' title='bbox 3603 3134 3796 3201; x_wconf 86' lang='grc' dir='ltr'><em>γέγονε</em></span> <span class='ocrx_word' id='word_1_746' title='bbox 3823 3135 3907 3206; x_wconf 84' lang='grc' dir='ltr'><em>τῷ</em></span> 
     </span>
    </p>
   </div>
   <div class='ocr_carea' id='block_1_98' title="bbox 2240 3213 3907 3290">
    <p class='ocr_par' dir='ltr' id='par_1_98' title="bbox 2240 3213 3907 3290">
     <span class='ocr_line' id='line_1_98' title="bbox 2240 3213 3907 3290; baseline 0.007 -24"><span class='ocrx_word' id='word_1_747' title='bbox 2240 3213 2459 3290; x_wconf 64' lang='grc' dir='ltr'><em>Παύλῳ,</em></span> <span class='ocrx_word' id='word_1_748' title='bbox 2491 3213 2610 3267; x_wconf 77' lang='grc' dir='ltr'><em>οὐδὲ</em></span> <span class='ocrx_word' id='word_1_749' title='bbox 2650 3214 2875 3284; x_wconf 80' lang='grc' dir='ltr'><em>ἄκαιρος</em></span> <span class='ocrx_word' id='word_1_750' title='bbox 2918 3219 2946 3268; x_wconf 92' lang='lat'><em>6</em></span> <span class='ocrx_word' id='word_1_751' title='bbox 2988 3217 3171 3281; x_wconf 81' lang='grc' dir='ltr'><em>πλοῦς,</em></span> <span class='ocrx_word' id='word_1_752' title='bbox 3209 3218 3343 3271; x_wconf 81' lang='grc' dir='ltr'><em>ἀλλὰ</em></span> <span class='ocrx_word' id='word_1_753' title='bbox 3374 3222 3605 3273; x_wconf 84' lang='grc' dir='ltr'><em>ποιεῖται</em></span> <span class='ocrx_word' id='word_1_754' title='bbox 3631 3222 3797 3277; x_wconf 82' lang='grc' dir='ltr'><em>αὑτὸν</em></span> <span class='ocrx_word' id='word_1_755' title='bbox 3820 3224 3907 3277; x_wconf 89' lang='grc' dir='ltr'><em>δι-</em></span> 
     </span>
    </p>
   </div>
   <div class='ocr_carea' id='block_1_99' title="bbox 2238 3302 3906 3374">
    <p class='ocr_par' dir='ltr' id='par_1_99' title="bbox 2238 3302 3906 3374">
     <span class='ocr_line' id='line_1_99' title="bbox 2238 3302 3906 3374; baseline 0.004 -18"><span class='ocrx_word' id='word_1_756' title='bbox 2238 3302 2535 3365; x_wconf 85' lang='grc' dir='ltr'><em>δασκαλίας</em></span> <span class='ocrx_word' id='word_1_757' title='bbox 2566 3303 2773 3373; x_wconf 84' lang='grc' dir='ltr'><em>καιρόν.</em></span> <span class='ocrx_word' id='word_1_758' title='bbox 2808 3303 2880 3355; x_wconf 68' lang='lat' dir='ltr'><em>Ub</em></span> <span class='ocrx_word' id='word_1_759' title='bbox 2919 3303 3113 3374; x_wconf 85' lang='grc' dir='ltr'><em>μικρὸν</em></span> <span class='ocrx_word' id='word_1_760' title='bbox 3151 3304 3208 3356; x_wconf 85' lang='grc' dir='ltr'><em>δὲ</em></span> <span class='ocrx_word' id='word_1_761' title='bbox 3253 3304 3430 3368; x_wconf 87' lang='grc' dir='ltr'><em>τοῦτο,</em></span> <span class='ocrx_word' id='word_1_762' title='bbox 3481 3308 3533 3358; x_wconf 88' lang='grc' dir='ltr'><em>εί</em></span> <span class='ocrx_word' id='word_1_763' title='bbox 3585 3323 3647 3374; x_wconf 89' lang='grc' dir='ltr'><em>γε</em></span> <span class='ocrx_word' id='word_1_764' title='bbox 3699 3309 3906 3373; x_wconf 86' lang='grc' dir='ltr'><em>πάντες</em></span> 
     </span>
    </p>
   </div>
   <div class='ocr_carea' id='block_1_100' title="bbox 2236 3382 3903 3465">
    <p class='ocr_par' dir='ltr' id='par_1_100' title="bbox 2236 3382 3903 3465">
     <span class='ocr_line' id='line_1_100' title="bbox 2236 3382 3903 3465; baseline 0.005 -24"><span class='ocrx_word' id='word_1_765' title='bbox 2236 3382 2381 3441; x_wconf 76' lang='grc' dir='ltr'><em>οὗτοι</em></span> <span class='ocrx_word' id='word_1_766' title='bbox 2412 3388 2759 3443; x_wconf 75' lang='grc' dir='ltr'><em>ἐπίστευσαν.</em></span> <span class='ocrx_word' id='word_1_767' title='bbox 2828 3390 2977 3441; x_wconf 84' lang='grc' dir='ltr'><em>Ἀλλ’</em></span> <span class='ocrx_word' id='word_1_768' title='bbox 3032 3389 3227 3460; x_wconf 74' lang='grc' dir='ltr'><em>ἴδωμεν</em></span> <span class='ocrx_word' id='word_1_769' title='bbox 3272 3391 3476 3445; x_wconf 81' lang='grc' dir='ltr'><em>ἄνωθεν</em></span> <span class='ocrx_word' id='word_1_770' title='bbox 3512 3392 3581 3445; x_wconf 85' lang='grc' dir='ltr'><em>τά</em></span> <span class='ocrx_word' id='word_1_771' title='bbox 3612 3396 3903 3465; x_wconf 72' lang='grc' dir='ltr'><em>εἰρημένα.</em></span> 
     </span>
    </p>
   </div>
   <div class='ocr_carea' id='block_1_101' title="bbox 2250 3473 3908 3547">
    <p class='ocr_par' dir='ltr' id='par_1_101' title="bbox 2250 3473 3908 3547">
     <span class='ocr_line' id='line_1_101' title="bbox 2250 3473 3908 3547; baseline 0.004 -18"><span class='ocrx_word' id='word_1_772' title='bbox 2250 3474 2485 3529; x_wconf 78' lang='grc' dir='ltr'><em>Ἱκανοῦ</em></span> <span class='ocrx_word' id='word_1_773' title='bbox 2505 3473 2573 3526; x_wconf 83' lang='grc' dir='ltr'><em>δὲ</em></span> <span class='ocrx_word' id='word_1_774' title='bbox 2593 3475 2813 3542; x_wconf 79' lang='grc' dir='ltr'><em>χρόνου</em></span> <span class='ocrx_word' id='word_1_775' title='bbox 2836 3474 3277 3545; x_wconf 84' lang='grc' dir='ltr'><em>διαγενομένου,</em></span> <span class='ocrx_word' id='word_1_776' title='bbox 3313 3477 3409 3530; x_wconf 79' lang='grc' dir='ltr'><em>καὶ</em></span> <span class='ocrx_word' id='word_1_777' title='bbox 3436 3478 3611 3543; x_wconf 82' lang='grc' dir='ltr'><em>ὄντος</em></span> <span class='ocrx_word' id='word_1_778' title='bbox 3633 3479 3751 3547; x_wconf 78' lang='grc' dir='ltr'><em>ἤδη</em></span> <span class='ocrx_word' id='word_1_779' title='bbox 3776 3481 3908 3536; x_wconf 83' lang='grc' dir='ltr'><em>ἐπι-</em></span> 
     </span>
    </p>
   </div>
   <div class='ocr_carea' id='block_1_102' title="bbox 2239 3561 3906 3635">
    <p class='ocr_par' dir='ltr' id='par_1_102' title="bbox 2239 3561 3906 3635">
     <span class='ocr_line' id='line_1_102' title="bbox 2239 3561 3906 3635; baseline 0.002 -19"><span class='ocrx_word' id='word_1_780' title='bbox 2239 3561 2515 3630; x_wconf 66' lang='grc' dir='ltr'><em>σφαλοῦς</em></span> <span class='ocrx_word' id='word_1_781' title='bbox 2552 3562 2656 3615; x_wconf 86' lang='grc' dir='ltr'><em>τοῦ</em></span> <span class='ocrx_word' id='word_1_782' title='bbox 2703 3564 2911 3628; x_wconf 85' lang='grc' dir='ltr'><em>πλοὸς,</em></span> <span class='ocrx_word' id='word_1_783' title='bbox 2954 3566 3205 3633; x_wconf 77' lang='grc' dir='ltr'><em>παρῄνει</em></span> <span class='ocrx_word' id='word_1_784' title='bbox 3237 3569 3269 3619; x_wconf 86' lang='grc' dir='ltr'><em>ό</em></span> <span class='ocrx_word' id='word_1_785' title='bbox 3301 3565 3543 3631; x_wconf 82' lang='grc' dir='ltr'><em>Παῦλος</em></span> <span class='ocrx_word' id='word_1_786' title='bbox 3565 3567 3762 3635; x_wconf 82' lang='grc' dir='ltr'><em>λέγων</em></span> <span class='ocrx_word' id='word_1_787' title='bbox 3796 3572 3906 3625; x_wconf 81' lang='grc' dir='ltr'><em>αὑ-</em></span> 
     </span>
    </p>
   </div>
   <div class='ocr_carea' id='block_1_103' title="bbox 2238 3649 3905 3722">
    <p class='ocr_par' dir='ltr' id='par_1_103' title="bbox 2238 3649 3905 3722">
     <span class='ocr_line' id='line_1_103' title="bbox 2238 3649 3905 3722; baseline 0.003 -19"><span class='ocrx_word' id='word_1_788' title='bbox 2238 3649 2393 3715; x_wconf 85' lang='grc' dir='ltr'><em>τοῖς’</em></span> <span class='ocrx_word' id='word_1_789' title='bbox 2434 3650 2692 3718; x_wconf 80' lang='grc' dir='ltr'><em>Ἄνδρες,</em></span> <span class='ocrx_word' id='word_1_790' title='bbox 2726 3649 2938 3718; x_wconf 88' lang='grc' dir='ltr'><em>θεωρῶ,</em></span> <span class='ocrx_word' id='word_1_791' title='bbox 2984 3651 3071 3704; x_wconf 85' lang='grc' dir='ltr'><em>ὅτι</em></span> <span class='ocrx_word' id='word_1_792' title='bbox 3113 3653 3261 3720; x_wconf 87' lang='grc' dir='ltr'><em>μετὰ</em></span> <span class='ocrx_word' id='word_1_793' title='bbox 3302 3652 3521 3719; x_wconf 83' lang='grc' dir='ltr'><em>ὕϐρεως</em></span> <span class='ocrx_word' id='word_1_794' title='bbox 3558 3654 3656 3707; x_wconf 77' lang='grc' dir='ltr'><em>καί</em></span> <span class='ocrx_word' id='word_1_795' title='bbox 3691 3652 3905 3722; x_wconf 76' lang='grc' dir='ltr'><em>ζημίας</em></span> 
     </span>
    </p>
   </div>
   <div class='ocr_carea' id='block_1_104' title="bbox 2232 3737 3905 3813">
    <p class='ocr_par' dir='ltr' id='par_1_104' title="bbox 2232 3737 3905 3813">
     <span class='ocr_line' id='line_1_104' title="bbox 2232 3737 3905 3813; baseline 0.002 -23"><span class='ocrx_word' id='word_1_796' title='bbox 2232 3738 2483 3805; x_wconf 80' lang='grc' dir='ltr'><em>μέλλειν</em></span> <span class='ocrx_word' id='word_1_797' title='bbox 2516 3737 2761 3791; x_wconf 78' lang='grc' dir='ltr'><em>ἔσεσθαι</em></span> <span class='ocrx_word' id='word_1_798' title='bbox 2790 3737 2896 3789; x_wconf 83' lang='grc' dir='ltr'><em>τὸν</em></span> <span class='ocrx_word' id='word_1_799' title='bbox 2924 3737 3141 3791; x_wconf 84' lang='grc' dir='ltr'><em>πλοῦν.</em></span> <span class='ocrx_word' id='word_1_800' title='bbox 3179 3738 3322 3807; x_wconf 87' lang='grc' dir='ltr'><em>Ὅρα</em></span> <span class='ocrx_word' id='word_1_801' title='bbox 3348 3740 3409 3790; x_wconf 85' lang='grc' dir='ltr'><em>τὸ</em></span> <span class='ocrx_word' id='word_1_802' title='bbox 3434 3739 3639 3807; x_wconf 75' lang='grc' dir='ltr'><em>ἄτυφον</em></span> <span class='ocrx_word' id='word_1_803' title='bbox 3667 3755 3680 3766; x_wconf 91' lang='grc'>·</span> <span class='ocrx_word' id='word_1_804' title='bbox 3716 3742 3806 3795; x_wconf 83' lang='grc' dir='ltr'><em>ἵνα</em></span> <span class='ocrx_word' id='word_1_805' title='bbox 3828 3744 3905 3813; x_wconf 82' lang='grc' dir='ltr'><em>μὴ</em></span> 
     </span>
    </p>
   </div>
   <div class='ocr_carea' id='block_1_105' title="bbox 2237 3823 3903 3899">
    <p class='ocr_par' dir='ltr' id='par_1_105' title="bbox 2237 3823 3903 3899">
     <span class='ocr_line' id='line_1_105' title="bbox 2237 3823 3903 3899; baseline 0.003 -23"><span class='ocrx_word' id='word_1_806' title='bbox 2237 3823 2361 3895; x_wconf 81' lang='grc' dir='ltr'><em>δόξῃ</em></span> <span class='ocrx_word' id='word_1_807' title='bbox 2390 3824 2771 3895; x_wconf 86' lang='grc' dir='ltr'><em>προφητεύειν,</em></span> <span class='ocrx_word' id='word_1_808' title='bbox 2804 3823 2926 3876; x_wconf 84' lang='grc' dir='ltr'><em>ἀλλ’</em></span> <span class='ocrx_word' id='word_1_809' title='bbox 2952 3824 3026 3887; x_wconf 85' lang='grc' dir='ltr'><em>ὡς</em></span> <span class='ocrx_word' id='word_1_810' title='bbox 3048 3825 3155 3877; x_wconf 66' lang='grc' dir='ltr'><em>ἀπὺ</em></span> <span class='ocrx_word' id='word_1_811' title='bbox 3188 3824 3491 3895; x_wconf 86' lang='grc' dir='ltr'><em>στοχασμοῦ</em></span> <span class='ocrx_word' id='word_1_812' title='bbox 3521 3826 3669 3899; x_wconf 68' lang='grc'>[401]</span> <span class='ocrx_word' id='word_1_813' title='bbox 3700 3827 3903 3896; x_wconf 86' lang='grc' dir='ltr'><em>λέγειν,</em></span> 
     </span>
    </p>
   </div>
   <div class='ocr_carea' id='block_1_106' title="bbox 2241 3909 3907 3980">
    <p class='ocr_par' dir='ltr' id='par_1_106' title="bbox 2241 3909 3907 3980">
     <span class='ocr_line' id='line_1_106' title="bbox 2241 3909 3907 3980; baseline 0.005 -18"><span class='ocrx_word' id='word_1_814' title='bbox 2241 3910 2464 3977; x_wconf 79' lang='grc' dir='ltr'><em>Θεωρῶ,</em></span> <span class='ocrx_word' id='word_1_815' title='bbox 2494 3910 2661 3980; x_wconf 84' lang='grc' dir='ltr'><em>φησιν</em></span> <span class='ocrx_word' id='word_1_816' title='bbox 2699 3926 2713 3940; x_wconf 76' lang='grc' dir='ltr'><em>ο</em></span> <span class='ocrx_word' id='word_1_817' title='bbox 2748 3910 2808 3962; x_wconf 77' lang='grc' dir='ltr'><em>οὐ</em></span> <span class='ocrx_word' id='word_1_818' title='bbox 2848 3909 2956 3980; x_wconf 80' lang='grc' dir='ltr'><em>γὰρ</em></span> <span class='ocrx_word' id='word_1_819' title='bbox 3001 3910 3067 3963; x_wconf 82' lang='grc' dir='ltr'><em>ἂν</em></span> <span class='ocrx_word' id='word_1_820' title='bbox 3116 3911 3383 3975; x_wconf 78' lang='grc' dir='ltr'><em>ἐδέξαντο,</em></span> <span class='ocrx_word' id='word_1_821' title='bbox 3435 3914 3635 3977; x_wconf 78' lang='grc' dir='ltr'><em>εὐθέως</em></span> <span class='ocrx_word' id='word_1_822' title='bbox 3666 3917 3907 3970; x_wconf 84' lang='grc' dir='ltr'><em>είτοῦτο</em></span> 
     </span>
    </p>
   </div>
   <div class='ocr_carea' id='block_1_107' title="bbox 2238 3996 3903 4070">
    <p class='ocr_par' dir='ltr' id='par_1_107' title="bbox 2238 3996 3903 4070">
     <span class='ocr_line' id='line_1_107' title="bbox 2238 3996 3903 4070; baseline 0.004 -19"><span class='ocrx_word' id='word_1_823' title='bbox 2238 3996 2380 4051; x_wconf 82' lang='grc' dir='ltr'><em>εἷπε.</em></span> <span class='ocrx_word' id='word_1_824' title='bbox 2416 4000 2683 4069; x_wconf 88' lang='grc' dir='ltr'><em>Πρότερον</em></span> <span class='ocrx_word' id='word_1_825' title='bbox 2714 3997 2845 4067; x_wconf 86' lang='grc' dir='ltr'><em>γοῦν</em></span> <span class='ocrx_word' id='word_1_826' title='bbox 2874 3999 3226 4069; x_wconf 85' lang='grc' dir='ltr'><em>προφητεύει,</em></span> <span class='ocrx_word' id='word_1_827' title='bbox 3281 4001 3374 4053; x_wconf 81' lang='grc' dir='ltr'><em>καὶ</em></span> <span class='ocrx_word' id='word_1_828' title='bbox 3403 4001 3551 4069; x_wconf 83' lang='grc' dir='ltr'><em>λέγει</em></span> <span class='ocrx_word' id='word_1_829' title='bbox 3587 4019 3600 4033; x_wconf 89' lang='grc'><strong>·</strong></span> <span class='ocrx_word' id='word_1_830' title='bbox 3650 4004 3703 4056; x_wconf 90' lang='grc' dir='ltr'><strong><em>Ὁ</em></strong></span> <span class='ocrx_word' id='word_1_831' title='bbox 3730 4005 3903 4070; x_wconf 83' lang='grc' dir='ltr'><em>Θεὸς,</em></span> 
     </span>
    </p>
   </div>
   <div class='ocr_carea' id='block_1_108' title="bbox 2237 4080 3904 4160">
    <p class='ocr_par' dir='ltr' id='par_1_108' title="bbox 2237 4080 3904 4160">
     <span class='ocr_line' id='line_1_108' title="bbox 2237 4080 3904 4160; baseline 0.002 -20"><span class='ocrx_word' id='word_1_832' title='bbox 2237 4080 2284 4153; x_wconf 82' lang='grc' dir='ltr'>ᾧ</span> <span class='ocrx_word' id='word_1_833' title='bbox 2312 4087 2596 4153; x_wconf 89' lang='grc' dir='ltr'><em>λατρεύω,</em></span> <span class='ocrx_word' id='word_1_834' title='bbox 2637 4087 2845 4153; x_wconf 81' lang='grc' dir='ltr'><em>ὲνάγων</em></span> <span class='ocrx_word' id='word_1_835' title='bbox 2876 4085 3093 4148; x_wconf 82' lang='grc' dir='ltr'><em>αὐτούς.</em></span> <span class='ocrx_word' id='word_1_836' title='bbox 3122 4085 3244 4149; x_wconf 85' lang='grc' dir='ltr'><em>Πῶς</em></span> <span class='ocrx_word' id='word_1_837' title='bbox 3275 4083 3366 4140; x_wconf 84' lang='grc' dir='ltr'><em>οὖν</em></span> <span class='ocrx_word' id='word_1_838' title='bbox 3395 4087 3494 4140; x_wconf 87' lang='grc' dir='ltr'><em>οὐκ</em></span> <span class='ocrx_word' id='word_1_839' title='bbox 3522 4089 3740 4157; x_wconf 75' lang='grc' dir='ltr'><em>ἐγένετο</em></span> <span class='ocrx_word' id='word_1_840' title='bbox 3763 4092 3904 4160; x_wconf 83' lang='grc' dir='ltr'><em>μετά</em></span> 
     </span>
    </p>
   </div>
   <div class='ocr_carea' id='block_1_109' title="bbox 2240 4174 3900 4245">
    <p class='ocr_par' dir='ltr' id='par_1_109' title="bbox 2240 4174 3900 4245">
     <span class='ocr_line' id='line_1_109' title="bbox 2240 4174 3900 4245; baseline 0.002 -18"><span class='ocrx_word' id='word_1_841' title='bbox 2240 4175 2438 4245; x_wconf 79' lang='grc' dir='ltr'><em>ζημίας</em></span> <span class='ocrx_word' id='word_1_842' title='bbox 2465 4174 2684 4244; x_wconf 70' lang='grc' dir='ltr'><em>ψυχῶν;</em></span> <span class='ocrx_word' id='word_1_843' title='bbox 2730 4174 2974 4240; x_wconf 82' lang='grc' dir='ltr'><em>Ἐγένετο</em></span> <span class='ocrx_word' id='word_1_844' title='bbox 3026 4174 3110 4236; x_wconf 84' lang='grc' dir='ltr'><em>ἂν,</em></span> <span class='ocrx_word' id='word_1_845' title='bbox 3136 4175 3183 4225; x_wconf 83' lang='grc' dir='ltr'><em>εί</em></span> <span class='ocrx_word' id='word_1_846' title='bbox 3213 4175 3287 4245; x_wconf 80' lang='grc' dir='ltr'><em>μὴ</em></span> <span class='ocrx_word' id='word_1_847' title='bbox 3335 4174 3507 4238; x_wconf 81' lang='grc' dir='ltr'><em>όΘεὸς</em></span> <span class='ocrx_word' id='word_1_848' title='bbox 3544 4176 3594 4241; x_wconf 37' lang='grc' dir='ltr'><em>,δ</em></span> <span class='ocrx_word' id='word_1_849' title='bbox 3621 4176 3900 4232; x_wconf 87' lang='grc' dir='ltr'><em>διέσωσεν.</em></span> 
     </span>
    </p>
   </div>
   <div class='ocr_carea' id='block_1_110' title="bbox 2240 4260 3905 4333">
    <p class='ocr_par' dir='ltr' id='par_1_110' title="bbox 2240 4260 3905 4333">
     <span class='ocr_line' id='line_1_110' title="bbox 2240 4260 3905 4333; baseline 0.001 -17"><span class='ocrx_word' id='word_1_850' title='bbox 2240 4266 2403 4316; x_wconf 81' lang='grc' dir='ltr'><em>ὐσον</em></span> <span class='ocrx_word' id='word_1_851' title='bbox 2429 4262 2534 4333; x_wconf 85' lang='grc' dir='ltr'><em>γὰρ</em></span> <span class='ocrx_word' id='word_1_852' title='bbox 2585 4261 2724 4315; x_wconf 79' lang='grc' dir='ltr'><em>κατὰ</em></span> <span class='ocrx_word' id='word_1_853' title='bbox 2742 4262 2837 4330; x_wconf 81' lang='grc' dir='ltr'><em>τὴν</em></span> <span class='ocrx_word' id='word_1_854' title='bbox 2896 4260 3054 4327; x_wconf 88' lang='grc' dir='ltr'><em>φύσιν</em></span> <span class='ocrx_word' id='word_1_855' title='bbox 3111 4260 3203 4313; x_wconf 88' lang='grc' dir='ltr'><em>τοῦ</em></span> <span class='ocrx_word' id='word_1_856' title='bbox 3255 4261 3595 4332; x_wconf 84' lang='grc' dir='ltr'><em>πράγματος,</em></span> <span class='ocrx_word' id='word_1_857' title='bbox 3624 4264 3905 4319; x_wconf 82' lang='grc' dir='ltr'><em>ἀπώλοντο</em></span> 
     </span>
    </p>
   </div>
   <div class='ocr_carea' id='block_1_111' title="bbox 2239 4348 3899 4422">
    <p class='ocr_par' dir='ltr' id='par_1_111' title="bbox 2239 4348 3899 4422">
     <span class='ocr_line' id='line_1_111' title="bbox 2239 4348 3899 4422; baseline 0.007 -24"><span class='ocrx_word' id='word_1_858' title='bbox 2239 4352 2303 4405; x_wconf 82' lang='grc' dir='ltr'><em>ἄν</em></span> <span class='ocrx_word' id='word_1_859' title='bbox 2339 4366 2354 4380; x_wconf 90' lang='grc'><strong>·</strong></span> <span class='ocrx_word' id='word_1_860' title='bbox 2390 4350 2517 4403; x_wconf 76' lang='grc' dir='ltr'><em>ἀλλ’</em></span> <span class='ocrx_word' id='word_1_861' title='bbox 2560 4351 2587 4401; x_wconf 85' lang='grc' dir='ltr'><strong>ὁ</strong></span> <span class='ocrx_word' id='word_1_862' title='bbox 2644 4348 2774 4408; x_wconf 78' lang='grc' dir='ltr'><em>Θεὸς</em></span> <span class='ocrx_word' id='word_1_863' title='bbox 2836 4348 3127 4408; x_wconf 75' lang='grc' dir='ltr'><em>ἐκώλυσεν.</em></span> <span class='ocrx_word' id='word_1_864' title='bbox 3181 4350 3242 4403; x_wconf 92' lang='lat'><em>&#39;0</em></span> <span class='ocrx_word' id='word_1_865' title='bbox 3301 4349 3370 4402; x_wconf 81' lang='grc' dir='ltr'><em>δέ</em></span> <span class='ocrx_word' id='word_1_866' title='bbox 3430 4350 3899 4422; x_wconf 84' lang='grc' dir='ltr'><em>ἑκατοντάρχης,</em></span> 
     </span>
    </p>
   </div>
   <div class='ocr_carea' id='block_1_112' title="bbox 2241 4435 3903 4508">
    <p class='ocr_par' dir='ltr' id='par_1_112' title="bbox 2241 4435 3903 4508">
     <span class='ocr_line' id='line_1_112' title="bbox 2241 4435 3903 4508; baseline 0.005 -20"><span class='ocrx_word' id='word_1_867' title='bbox 2241 4437 2410 4507; x_wconf 72' lang='grc' dir='ltr'><em>φησὶ,</em></span> <span class='ocrx_word' id='word_1_868' title='bbox 2450 4435 2529 4501; x_wconf 85' lang='grc' dir='ltr'><em>τῷ</em></span> <span class='ocrx_word' id='word_1_869' title='bbox 2575 4437 2909 4505; x_wconf 80' lang='grc' dir='ltr'><em>κυϐερνήτῃ</em></span> <span class='ocrx_word' id='word_1_870' title='bbox 2955 4436 3194 4507; x_wconf 85' lang='grc' dir='ltr'><em>μᾶλλον</em></span> <span class='ocrx_word' id='word_1_871' title='bbox 3237 4439 3503 4493; x_wconf 86' lang='grc' dir='ltr'><em>ἐπείθετο</em></span> <span class='ocrx_word' id='word_1_872' title='bbox 3546 4439 3585 4508; x_wconf 82' lang='grc' dir='ltr'><strong>ἢ</strong></span> <span class='ocrx_word' id='word_1_873' title='bbox 3633 4441 3757 4506; x_wconf 88' lang='grc' dir='ltr'><em>τοῖς</em></span> <span class='ocrx_word' id='word_1_874' title='bbox 3780 4443 3903 4496; x_wconf 85' lang='grc' dir='ltr'><em>ὑπὸ</em></span> 
     </span>
    </p>
   </div>
   <div class='ocr_carea' id='block_1_113' title="bbox 2238 4524 3904 4598">
    <p class='ocr_par' dir='ltr' id='par_1_113' title="bbox 2238 4524 3904 4598">
     <span class='ocr_line' id='line_1_113' title="bbox 2238 4524 3904 4598; baseline 0.003 -21"><span class='ocrx_word' id='word_1_875' title='bbox 2238 4524 2344 4577; x_wconf 91' lang='grc' dir='ltr'><em>τοῦ</em></span> <span class='ocrx_word' id='word_1_876' title='bbox 2382 4524 2626 4577; x_wconf 88' lang='grc' dir='ltr'><em>Παύλου</em></span> <span class='ocrx_word' id='word_1_877' title='bbox 2675 4524 3043 4593; x_wconf 79' lang='grc' dir='ltr'><em>λεγομένοις.</em></span> <span class='ocrx_word' id='word_1_878' title='bbox 3078 4525 3195 4578; x_wconf 81' lang='grc' dir='ltr'><em>Ἵνα</em></span> <span class='ocrx_word' id='word_1_879' title='bbox 3239 4527 3441 4598; x_wconf 78' lang='grc' dir='ltr'><em>δειχθῇ,</em></span> <span class='ocrx_word' id='word_1_880' title='bbox 3506 4529 3586 4581; x_wconf 86' lang='grc' dir='ltr'><em>ὅτι</em></span> <span class='ocrx_word' id='word_1_881' title='bbox 3632 4530 3731 4582; x_wconf 85' lang='grc' dir='ltr'><em>ούκ</em></span> <span class='ocrx_word' id='word_1_882' title='bbox 3790 4530 3904 4583; x_wconf 79' lang='grc' dir='ltr'><em>ἀπὸ</em></span> 
     </span>
    </p>
   </div>
   <div class='ocr_carea' id='block_1_114' title="bbox 2240 4611 3904 4686">
    <p class='ocr_par' dir='ltr' id='par_1_114' title="bbox 2240 4611 3904 4686">
     <span class='ocr_line' id='line_1_114' title="bbox 2240 4611 3904 4686; baseline 0.004 -21"><span class='ocrx_word' id='word_1_883' title='bbox 2240 4612 2545 4683; x_wconf 85' lang='grc' dir='ltr'><em>στοχασμοῦ</em></span> <span class='ocrx_word' id='word_1_884' title='bbox 2600 4611 2768 4665; x_wconf 88' lang='grc' dir='ltr'><em>ταῦτα</em></span> <span class='ocrx_word' id='word_1_885' title='bbox 2824 4612 3026 4681; x_wconf 77' lang='grc' dir='ltr'><em>ἔλεγεν,</em></span> <span class='ocrx_word' id='word_1_886' title='bbox 3080 4616 3107 4666; x_wconf 91' lang='lat'><em>6</em></span> <span class='ocrx_word' id='word_1_887' title='bbox 3169 4614 3507 4686; x_wconf 77' lang='grc' dir='ltr'><em>κυῦερνὴτης</em></span> <span class='ocrx_word' id='word_1_888' title='bbox 3554 4615 3622 4668; x_wconf 80' lang='grc' dir='ltr'><em>τὰ</em></span> <span class='ocrx_word' id='word_1_889' title='bbox 3680 4618 3904 4671; x_wconf 80' lang='grc' dir='ltr'><em>ἐναντία</em></span> 
     </span>
    </p>
   </div>
   <div class='ocr_carea' id='block_1_115' title="bbox 2238 4699 3904 4772">
    <p class='ocr_par' dir='ltr' id='par_1_115' title="bbox 2238 4699 3904 4772">
     <span class='ocr_line' id='line_1_115' title="bbox 2238 4699 3904 4772; baseline 0.001 -18"><span class='ocrx_word' id='word_1_890' title='bbox 2238 4702 2407 4769; x_wconf 83' lang='grc' dir='ltr'><em>λέγει,</em></span> <span class='ocrx_word' id='word_1_891' title='bbox 2455 4702 2547 4754; x_wconf 74' lang='grc' dir='ltr'><em>καὶ</em></span> <span class='ocrx_word' id='word_1_892' title='bbox 2575 4700 2745 4753; x_wconf 87' lang='grc' dir='ltr'><em>ταῦτα</em></span> <span class='ocrx_word' id='word_1_893' title='bbox 2772 4699 3032 4771; x_wconf 76' lang='grc' dir='ltr'><em>ἔμπειρος</em></span> <span class='ocrx_word' id='word_1_894' title='bbox 3083 4700 3156 4754; x_wconf 78' lang='grc' dir='ltr'><em>ὢν</em></span> <span class='ocrx_word' id='word_1_895' title='bbox 3191 4716 3205 4731; x_wconf 89' lang='grc'><strong>·</strong></span> <span class='ocrx_word' id='word_1_896' title='bbox 3232 4701 3405 4764; x_wconf 75' lang='grc' dir='ltr'><em>οὕτως</em></span> <span class='ocrx_word' id='word_1_897' title='bbox 3441 4703 3540 4754; x_wconf 71' lang='grc' dir='ltr'><em>οὐκ</em></span> <span class='ocrx_word' id='word_1_898' title='bbox 3567 4703 3674 4754; x_wconf 81' lang='grc' dir='ltr'><em>ἀπὸ</em></span> <span class='ocrx_word' id='word_1_899' title='bbox 3707 4720 3904 4772; x_wconf 84' lang='grc' dir='ltr'><em>στοχα-</em></span> 
     </span>
    </p>
   </div>
   <div class='ocr_carea' id='block_1_116' title="bbox 2241 4785 3900 4860">
    <p class='ocr_par' dir='ltr' id='par_1_116' title="bbox 2241 4785 3900 4860">
     <span class='ocr_line' id='line_1_116' title="bbox 2241 4785 3900 4860; baseline 0 -18"><span class='ocrx_word' id='word_1_900' title='bbox 2241 4789 2377 4859; x_wconf 81' lang='grc' dir='ltr'><em>σμοῦ</em></span> <span class='ocrx_word' id='word_1_901' title='bbox 2427 4785 2493 4860; x_wconf 77' lang='grc' dir='ltr'><em>ἦν</em></span> <span class='ocrx_word' id='word_1_902' title='bbox 2540 4788 2607 4841; x_wconf 89' lang='grc' dir='ltr'><em>τά</em></span> <span class='ocrx_word' id='word_1_903' title='bbox 2652 4788 2939 4857; x_wconf 84' lang='grc' dir='ltr'><em>λεγόμενα.</em></span> <span class='ocrx_word' id='word_1_904' title='bbox 2984 4786 3325 4842; x_wconf 81' lang='grc' dir='ltr'><em>Ἀνευθέτου</em></span> <span class='ocrx_word' id='word_1_905' title='bbox 3372 4786 3439 4841; x_wconf 79' lang='grc' dir='ltr'><em>δὲ</em></span> <span class='ocrx_word' id='word_1_906' title='bbox 3486 4788 3593 4842; x_wconf 86' lang='grc' dir='ltr'><em>τοῦ</em></span> <span class='ocrx_word' id='word_1_907' title='bbox 3632 4788 3900 4858; x_wconf 83' lang='grc' dir='ltr'><em>λιμένος,</em></span> 
     </span>
    </p>
   </div>
   <div class='ocr_carea' id='block_1_117' title="bbox 2240 4877 3903 4950">
    <p class='ocr_par' dir='ltr' id='par_1_117' title="bbox 2240 4877 3903 4950">
     <span class='ocr_line' id='line_1_117' title="bbox 2240 4877 3903 4950; baseline 0 -19"><span class='ocrx_word' id='word_1_908' title='bbox 2240 4880 2423 4950; x_wconf 70' lang='grc' dir='ltr'><em>φησὶν,</em></span> <span class='ocrx_word' id='word_1_909' title='bbox 2457 4878 2853 4945; x_wconf 85' lang='grc' dir='ltr'><em>ὑπάρχοντος.</em></span> <span class='ocrx_word' id='word_1_910' title='bbox 2880 4878 3023 4948; x_wconf 82' lang='grc' dir='ltr'><em>Ὅρα</em></span> <span class='ocrx_word' id='word_1_911' title='bbox 3046 4878 3139 4930; x_wconf 74' lang='grc' dir='ltr'><em>καὶ</em></span> <span class='ocrx_word' id='word_1_912' title='bbox 3159 4880 3187 4931; x_wconf 89' lang='lat'><em>6</em></span> <span class='ocrx_word' id='word_1_913' title='bbox 3221 4879 3380 4940; x_wconf 86' lang='grc' dir='ltr'><em>τόπος</em></span> <span class='ocrx_word' id='word_1_914' title='bbox 3402 4877 3641 4931; x_wconf 83' lang='grc' dir='ltr'><em>διδάσκει</em></span> <span class='ocrx_word' id='word_1_915' title='bbox 3679 4878 3753 4950; x_wconf 78' lang='grc' dir='ltr'><em>μὴ</em></span> <span class='ocrx_word' id='word_1_916' title='bbox 3789 4879 3903 4931; x_wconf 79' lang='grc' dir='ltr'><em>ἀπὸ</em></span> 
     </span>
    </p>
   </div>
   <div class='ocr_carea' id='block_1_118' title="bbox 2246 4962 3905 5037">
    <p class='ocr_par' dir='ltr' id='par_1_118' title="bbox 2246 4962 3905 5037">
     <span class='ocr_line' id='line_1_118' title="bbox 2246 4962 3905 5037; baseline -0.001 -17"><span class='ocrx_word' id='word_1_917' title='bbox 2246 4967 2551 5037; x_wconf 84' lang='grc' dir='ltr'><em>στοχασμοῦ</em></span> <span class='ocrx_word' id='word_1_918' title='bbox 2589 4962 2749 5029; x_wconf 78' lang='grc' dir='ltr'><em>εἶναι,</em></span> <span class='ocrx_word' id='word_1_919' title='bbox 2800 4966 3082 5029; x_wconf 81' lang='grc' dir='ltr'><em>ἀνεύοετος</em></span> <span class='ocrx_word' id='word_1_920' title='bbox 3137 4964 3209 5017; x_wconf 79' lang='grc' dir='ltr'><em>ὢν</em></span> <span class='ocrx_word' id='word_1_921' title='bbox 3246 4983 3259 4997; x_wconf 87' lang='grc'><strong>·</strong></span> <span class='ocrx_word' id='word_1_922' title='bbox 3315 4964 3513 5034; x_wconf 79' lang='grc' dir='ltr'><em>μᾶλλον</em></span> <span class='ocrx_word' id='word_1_923' title='bbox 3549 4964 3606 5017; x_wconf 83' lang='grc' dir='ltr'><em>δὲ</em></span> <span class='ocrx_word' id='word_1_924' title='bbox 3642 4965 3749 5017; x_wconf 82' lang='grc' dir='ltr'><em>ἀπὸ</em></span> <span class='ocrx_word' id='word_1_925' title='bbox 3781 4982 3905 5018; x_wconf 84' lang='grc' dir='ltr'><em>στο-</em></span> 
     </span>
    </p>
   </div>
   <div class='ocr_carea' id='block_1_119' title="bbox 2242 5051 3903 5125">
    <p class='ocr_par' dir='ltr' id='par_1_119' title="bbox 2242 5051 3903 5125">
     <span class='ocr_line' id='line_1_119' title="bbox 2242 5051 3903 5125; baseline 0 -18"><span class='ocrx_word' id='word_1_926' title='bbox 2242 5054 2450 5125; x_wconf 86' lang='grc' dir='ltr'><em>χασμοῦ</em></span> <span class='ocrx_word' id='word_1_927' title='bbox 2475 5054 2755 5123; x_wconf 86' lang='grc' dir='ltr'><em>φαίνονται</em></span> <span class='ocrx_word' id='word_1_928' title='bbox 2790 5051 3035 5120; x_wconf 87' lang='grc' dir='ltr'><em>λέγοντες</em></span> <span class='ocrx_word' id='word_1_929' title='bbox 3086 5053 3305 5106; x_wconf 80' lang='grc' dir='ltr'><em>ἐκείνων</em></span> <span class='ocrx_word' id='word_1_930' title='bbox 3354 5054 3400 5104; x_wconf 85' lang='grc' dir='ltr'><em>οί</em></span> <span class='ocrx_word' id='word_1_931' title='bbox 3444 5051 3682 5116; x_wconf 85' lang='grc' dir='ltr'><em>πλείους,</em></span> <span class='ocrx_word' id='word_1_932' title='bbox 3714 5051 3765 5103; x_wconf 83' lang='grc' dir='ltr'><em>οἳ</em></span> <span class='ocrx_word' id='word_1_933' title='bbox 3807 5056 3903 5108; x_wconf 70' lang='grc' dir='ltr'><em>καὶ</em></span> 
     </span>
    </p>
   </div>
   <div class='ocr_carea' id='block_1_120' title="bbox 2246 5137 3900 5214">
    <p class='ocr_par' dir='ltr' id='par_1_120' title="bbox 2246 5137 3900 5214">
     <span class='ocr_line' id='line_1_120' title="bbox 2246 5137 3900 5214; baseline -0.003 -18"><span class='ocrx_word' id='word_1_934' title='bbox 2246 5144 2581 5214; x_wconf 85' lang='grc' dir='ltr'><em>βουλεύονται</em></span> <span class='ocrx_word' id='word_1_935' title='bbox 2638 5143 2934 5213; x_wconf 85' lang='grc' dir='ltr'><em>ἀναχθῆναι</em></span> <span class='ocrx_word' id='word_1_936' title='bbox 2992 5142 3197 5195; x_wconf 81' lang='grc' dir='ltr'><em>ἐκεῖθεν</em></span> <span class='ocrx_word' id='word_1_937' title='bbox 3256 5158 3271 5172; x_wconf 86' lang='grc'><strong>·</strong></span> <span class='ocrx_word' id='word_1_938' title='bbox 3337 5137 3465 5193; x_wconf 77' lang='grc' dir='ltr'><em>ἀλλ’</em></span> <span class='ocrx_word' id='word_1_939' title='bbox 3512 5138 3663 5191; x_wconf 77' lang='grc' dir='ltr'><em>οὐδὲν</em></span> <span class='ocrx_word' id='word_1_940' title='bbox 3713 5140 3900 5204; x_wconf 80' lang='grc' dir='ltr'><em>αὐτοῖς</em></span> 
     </span>
    </p>
   </div>
   <div class='ocr_carea' id='block_1_121' title="bbox 2244 5225 3900 5300">
    <p class='ocr_par' dir='ltr' id='par_1_121' title="bbox 2244 5225 3900 5300">
     <span class='ocr_line' id='line_1_121' title="bbox 2244 5225 3900 5300; baseline -0.006 -11"><span class='ocrx_word' id='word_1_941' title='bbox 2244 5235 2401 5289; x_wconf 87' lang='grc' dir='ltr'><em>πλέον</em></span> <span class='ocrx_word' id='word_1_942' title='bbox 2430 5236 2493 5286; x_wconf 77' lang='grc' dir='ltr'><em>ἐκ</em></span> <span class='ocrx_word' id='word_1_943' title='bbox 2538 5232 2724 5284; x_wconf 87' lang='grc' dir='ltr'><em>τούτου</em></span> <span class='ocrx_word' id='word_1_944' title='bbox 2774 5231 3019 5298; x_wconf 88' lang='grc' dir='ltr'><em>γίνεται·</em></span> <span class='ocrx_word' id='word_1_945' title='bbox 3053 5229 3445 5300; x_wconf 85' lang='grc' dir='ltr'><em>περιπίπτουσι</em></span> <span class='ocrx_word' id='word_1_946' title='bbox 3495 5225 3604 5295; x_wconf 82' lang='grc' dir='ltr'><em>γὰρ</em></span> <span class='ocrx_word' id='word_1_947' title='bbox 3646 5225 3900 5292; x_wconf 83' lang='grc' dir='ltr'><em>κλύδωνι,</em></span> 
     </span>
    </p>
   </div>
   <div class='ocr_carea' id='block_1_122' title="bbox 2244 5312 3904 5391">
    <p class='ocr_par' dir='ltr' id='par_1_122' title="bbox 2244 5312 3904 5391">
     <span class='ocr_line' id='line_1_122' title="bbox 2244 5312 3904 5391; baseline -0.005 -14"><span class='ocrx_word' id='word_1_948' title='bbox 2244 5326 2337 5377; x_wconf 70' lang='grc' dir='ltr'><em>καὶ</em></span> <span class='ocrx_word' id='word_1_949' title='bbox 2390 5320 2615 5391; x_wconf 79' lang='grc' dir='ltr'><em>ἐκϐολὴν</em></span> <span class='ocrx_word' id='word_1_950' title='bbox 2668 5312 2742 5373; x_wconf 85' lang='grc' dir='ltr'><em>ὧν</em></span> <span class='ocrx_word' id='word_1_951' title='bbox 2802 5320 3129 5389; x_wconf 76' lang='grc' dir='ltr'><em>ἐπεφέροντο</em></span> <span class='ocrx_word' id='word_1_952' title='bbox 3173 5316 3467 5370; x_wconf 87' lang='grc' dir='ltr'><em>ποιοῦνται.</em></span> <span class='ocrx_word' id='word_1_953' title='bbox 3504 5315 3592 5369; x_wconf 84' lang='grc' dir='ltr'><em>Διὸ</em></span> <span class='ocrx_word' id='word_1_954' title='bbox 3622 5315 3904 5369; x_wconf 75' lang='grc' dir='ltr'><em>καὶτοῦτο</em></span> 
     </span>
    </p>
   </div>
   <div class='ocr_carea' id='block_1_123' title="bbox 2243 5400 3902 5481">
    <p class='ocr_par' dir='ltr' id='par_1_123' title="bbox 2243 5400 3902 5481">
     <span class='ocr_line' id='line_1_123' title="bbox 2243 5400 3902 5481; baseline -0.005 -20"><span class='ocrx_word' id='word_1_955' title='bbox 2243 5411 2438 5481; x_wconf 79' lang='grc' dir='ltr'><em>δηλῶν,</em></span> <span class='ocrx_word' id='word_1_956' title='bbox 2465 5410 2711 5479; x_wconf 76' lang='grc' dir='ltr'><em>ἐπήγαγε</em></span> <span class='ocrx_word' id='word_1_957' title='bbox 2748 5423 2761 5437; x_wconf 92' lang='grc'><strong>·</strong></span> <span class='ocrx_word' id='word_1_958' title='bbox 2799 5405 3077 5476; x_wconf 62' lang='grc' dir='ltr'><em>Σφοδρῶς</em></span> <span class='ocrx_word' id='word_1_959' title='bbox 3127 5402 3195 5457; x_wconf 81' lang='grc' dir='ltr'><em>δέ</em></span> <span class='ocrx_word' id='word_1_960' title='bbox 3234 5400 3667 5472; x_wconf 78' lang='grc' dir='ltr'><em>χειμαζομένων</em></span> <span class='ocrx_word' id='word_1_961' title='bbox 3704 5400 3902 5471; x_wconf 75' lang='grc' dir='ltr'><em>ἡμῶν,</em></span> 
     </span>
    </p>
   </div>
   <div class='ocr_carea' id='block_1_124' title="bbox 2244 5487 3904 5565">
    <p class='ocr_par' dir='ltr' id='par_1_124' title="bbox 2244 5487 3904 5565">
     <span class='ocr_line' id='line_1_124' title="bbox 2244 5487 3904 5565; baseline -0.006 -16"><span class='ocrx_word' id='word_1_962' title='bbox 2244 5500 2582 5565; x_wconf 66' lang='grc' dir='ltr'><em>(αὐτόχειρες</em></span> <span class='ocrx_word' id='word_1_963' title='bbox 2605 5494 2719 5561; x_wconf 75' lang='grc' dir='ltr'><em>τὴν</em></span> <span class='ocrx_word' id='word_1_964' title='bbox 2756 5494 2989 5560; x_wconf 80' lang='grc' dir='ltr'><em>σκευὴν</em></span> <span class='ocrx_word' id='word_1_965' title='bbox 3015 5494 3120 5548; x_wconf 89' lang='grc' dir='ltr'><em>τοῦ</em></span> <span class='ocrx_word' id='word_1_966' title='bbox 3159 5491 3376 5546; x_wconf 84' lang='grc' dir='ltr'><em>πλοίου</em></span> <span class='ocrx_word' id='word_1_967' title='bbox 3397 5490 3749 5559; x_wconf 70' lang='grc' dir='ltr'><em>έρῤίψαμεν.</em></span> <span class='ocrx_word' id='word_1_968' title='bbox 3783 5487 3904 5541; x_wconf 87' lang='grc' dir='ltr'><em>Ἰνα</em></span> 
     </span>
    </p>
   </div>
   <div class='ocr_carea' id='block_1_125' title="bbox 2249 5576 3906 5655">
    <p class='ocr_par' dir='ltr' id='par_1_125' title="bbox 2249 5576 3906 5655">
     <span class='ocr_line' id='line_1_125' title="bbox 2249 5576 3906 5655; baseline -0.004 -18"><span class='ocrx_word' id='word_1_969' title='bbox 2249 5587 2320 5655; x_wconf 80' lang='grc' dir='ltr'><em>μὴ</em></span> <span class='ocrx_word' id='word_1_970' title='bbox 2345 5586 2506 5655; x_wconf 78' lang='grc' dir='ltr'><em>ἔχωσι</em></span> <span class='ocrx_word' id='word_1_971' title='bbox 2540 5584 2675 5653; x_wconf 84' lang='grc' dir='ltr'><em>μετά</em></span> <span class='ocrx_word' id='word_1_972' title='bbox 2708 5584 2876 5637; x_wconf 87' lang='grc' dir='ltr'><em>ταῦτα</em></span> <span class='ocrx_word' id='word_1_973' title='bbox 2902 5581 3166 5645; x_wconf 86' lang='grc' dir='ltr'><em>ἀπειθεῖν,</em></span> <span class='ocrx_word' id='word_1_974' title='bbox 3192 5580 3361 5635; x_wconf 88' lang='grc' dir='ltr'><em>ταῦτα</em></span> <span class='ocrx_word' id='word_1_975' title='bbox 3383 5581 3760 5649; x_wconf 72' lang='grc' dir='ltr'><em>σνγχωρεῖται.</em></span> <span class='ocrx_word' id='word_1_976' title='bbox 3791 5576 3906 5630; x_wconf 69' lang='grc' dir='ltr'><em>Καὶ</em></span> 
     </span>
    </p>
   </div>
   <div class='ocr_carea' id='block_1_126' title="bbox 2252 5664 3903 5742">
    <p class='ocr_par' dir='ltr' id='par_1_126' title="bbox 2252 5664 3903 5742">
     <span class='ocr_line' id='line_1_126' title="bbox 2252 5664 3903 5742; baseline -0.004 -16"><span class='ocrx_word' id='word_1_977' title='bbox 2252 5674 2481 5742; x_wconf 64' lang='grc' dir='ltr'><em>χαλεπὸς</em></span> <span class='ocrx_word' id='word_1_978' title='bbox 2504 5673 2712 5742; x_wconf 86' lang='grc' dir='ltr'><em>χειμὼν</em></span> <span class='ocrx_word' id='word_1_979' title='bbox 2744 5672 3031 5742; x_wconf 76' lang='grc' dir='ltr'><em>ἐγείρεται,</em></span> <span class='ocrx_word' id='word_1_980' title='bbox 3062 5672 3156 5724; x_wconf 72' lang='grc' dir='ltr'><em>καὶ</em></span> <span class='ocrx_word' id='word_1_981' title='bbox 3184 5671 3316 5724; x_wconf 77' lang='grc' dir='ltr'><em>πολὺ</em></span> <span class='ocrx_word' id='word_1_982' title='bbox 3356 5670 3416 5722; x_wconf 81' lang='grc' dir='ltr'><em>τὸ</em></span> <span class='ocrx_word' id='word_1_983' title='bbox 3454 5666 3642 5729; x_wconf 83' lang='grc' dir='ltr'><em>σκότος</em></span> <span class='ocrx_word' id='word_1_984' title='bbox 3671 5664 3903 5733; x_wconf 80' lang='grc' dir='ltr'><em>γίνεται.</em></span> 
     </span>
    </p>
   </div>
   <div class='ocr_carea' id='block_1_127' title="bbox 2252 5752 3903 5832">
    <p class='ocr_par' dir='ltr' id='par_1_127' title="bbox 2252 5752 3903 5832">
     <span class='ocr_line' id='line_1_127' title="bbox 2252 5752 3903 5832; baseline -0.006 -18"><span class='ocrx_word' id='word_1_985' title='bbox 2252 5763 2377 5815; x_wconf 75' lang='grc' dir='ltr'><em>Ιίἷτα</em></span> <span class='ocrx_word' id='word_1_986' title='bbox 2409 5765 2490 5816; x_wconf 79' lang='grc' dir='ltr'><em>ἵνα</em></span> <span class='ocrx_word' id='word_1_987' title='bbox 2516 5763 2587 5832; x_wconf 73' lang='grc' dir='ltr'><em>μὴ</em></span> <span class='ocrx_word' id='word_1_988' title='bbox 2616 5762 2939 5823; x_wconf 78' lang='grc' dir='ltr'><em>ἀπόλωνται,</em></span> <span class='ocrx_word' id='word_1_989' title='bbox 2966 5761 3054 5813; x_wconf 82' lang='grc' dir='ltr'><em>καὶ</em></span> <span class='ocrx_word' id='word_1_990' title='bbox 3086 5763 3113 5814; x_wconf 91' lang='lat'><em>6</em></span> <span class='ocrx_word' id='word_1_991' title='bbox 3148 5762 3289 5823; x_wconf 84' lang='grc' dir='ltr'><em>σῖτος</em></span> <span class='ocrx_word' id='word_1_992' title='bbox 3308 5758 3557 5830; x_wconf 75' lang='grc' dir='ltr'><em>ρίπτεται</em></span> <span class='ocrx_word' id='word_1_993' title='bbox 3584 5754 3675 5807; x_wconf 73' lang='grc' dir='ltr'><em>καὶ</em></span> <span class='ocrx_word' id='word_1_994' title='bbox 3691 5752 3869 5805; x_wconf 82' lang='grc' dir='ltr'><em>πάντα</em></span> <span class='ocrx_word' id='word_1_995' title='bbox 3891 5768 3903 5781; x_wconf 94' lang='grc'><strong>·</strong></span> 
     </span>
    </p>
   </div>
   <div class='ocr_carea' id='block_1_128' title="bbox 2314 5897 3902 5964">
    <p class='ocr_par' dir='ltr' id='par_1_128' title="bbox 2314 5897 3902 5964">
     <span class='ocr_line' id='line_1_128' title="bbox 2314 5897 3902 5964; baseline -0.006 -14"><span class='ocrx_word' id='word_1_996' title='bbox 2314 5906 2337 5941; x_wconf 65' lang='grc' dir='ltr'>δ</span> <span class='ocrx_word' id='word_1_997' title='bbox 2364 5904 2606 5962; x_wconf 55' lang='grc' dir='ltr'><em>Υπὶιςιβῷ</em></span> <span class='ocrx_word' id='word_1_998' title='bbox 2640 5904 2908 5964; x_wconf 75' lang='grc' dir='ltr'><em>λατρεύω...</em></span> <span class='ocrx_word' id='word_1_999' title='bbox 2936 5905 2971 5949; x_wconf 75' lang='grc' dir='ltr'><em>εἰ</em></span> <span class='ocrx_word' id='word_1_1000' title='bbox 2998 5905 3059 5961; x_wconf 69' lang='grc' dir='ltr'><em>μή</em></span> <span class='ocrx_word' id='word_1_1001' title='bbox 3082 5906 3107 5949; x_wconf 85' lang='grc' dir='ltr'><em>ὀ</em></span> <span class='ocrx_word' id='word_1_1002' title='bbox 3132 5901 3269 5955; x_wconf 71' lang='grc' dir='ltr'><em>Θεὸς,</em></span> <span class='ocrx_word' id='word_1_1003' title='bbox 3312 5900 3371 5947; x_wconf 70' lang='lat' dir='ltr'><em>oh</em></span> <span class='ocrx_word' id='word_1_1004' title='bbox 3396 5897 3748 5956; x_wconf 61' lang='grc' dir='ltr'><em>ὁμοιοτέὶῖυῖςυ</em></span> <span class='ocrx_word' id='word_1_1005' title='bbox 3774 5903 3902 5956; x_wconf 68' lang='lat' dir='ltr'><em>prn-</em></span> 
     </span>
    </p>
   </div>
   <div class='ocr_carea' id='block_1_129' title="bbox 2261 5940 3554 6028">
    <p class='ocr_par' dir='ltr' id='par_1_129' title="bbox 2261 5940 3554 6028">
     <span class='ocr_line' id='line_1_129' title="bbox 2261 5940 3554 6028; baseline -0.007 -12"><span class='ocrx_word' id='word_1_1006' title='bbox 2261 5965 2497 6028; x_wconf 67' lang='lat' dir='ltr'><em>lcrmissa,</em></span> <span class='ocrx_word' id='word_1_1007' title='bbox 2529 5982 2553 6013; x_wconf 71' lang='grc' dir='ltr'><em>ι)</em></span> <span class='ocrx_word' id='word_1_1008' title='bbox 2582 5940 2767 6016; x_wconf 44' lang='lat' dir='ltr'><em>duuhurs</em></span> <span class='ocrx_word' id='word_1_1009' title='bbox 2810 5966 2946 6015; x_wconf 66' lang='lat' dir='ltr'>codd.</span> <span class='ocrx_word' id='word_1_1010' title='bbox 2978 5940 3205 6013; x_wconf 40' lang='lat' dir='ltr'><em>r‘cs‘lilula</em></span> <span class='ocrx_word' id='word_1_1011' title='bbox 3233 5940 3379 6011; x_wconf 44' lang='lat' dir='ltr'><em>gum.</em></span> <span class='ocrx_word' id='word_1_1012' title='bbox 3421 5940 3554 6008; x_wconf 52' lang='grc' dir='ltr'><em>ίιωι.</em></span> 
     </span>
    </p>
   </div>
  </div>
