4094 6336
618 412 711 467 571

617 530 838 586 aereum
876 514 997 569 mihi
1041 514 1195 566 vitare
1217 509 1492 579 jacturam.
1528 502 1706 565 Vides,
1751 496 2018 567 quomodo
2066 508 2171 545 nun

618 624 800 682 parum
825 606 890 661 ad
930 601 1247 658 audiendum
1288 597 1587 653 conferrent
1618 596 1903 658 tempestas
1930 594 2001 682 ‘et
2026 592 2172 682 tene-

618 674 764 757 brat?
792 698 855 752 Et
879 695 1017 758 vide,
1046 690 1313 763 quomodo
1343 700 1540 741 morem
1564 692 1711 751 gerat
1740 676 2000 739 centurio,
2030 674 2098 763 ita
2124 684 2179 725 ιιι

620 788 867 858 scapham
906 762 1114 839 amittat
1157 791 1211 837 et
1241 778 1443 849 perdat.
1472 773 1624 839 Quod
1655 772 1699 825 si
1729 776 1901 823 nauta:
1943 762 2177 821 nondum

619 857 978 939 crediderunt,
1007 873 1099 929 sed
1126 880 1327 941 postea,
1359 881 1424 921 ne
1449 863 1692 924 mireris;
1724 860 1824 913 hoc
1850 857 1990 913 enim
2015 866 2181 925 genus

620 967 894 1021 hominum
924 964 1160 1033 petulans
1184 967 1265 1014 est
1293 966 1345 1012 et
1375 957 1563 1009 durum
1595 951 1659 1006 ad
1685 948 2027 1005 credendum.

693 1054 847 1108 Pauli
878 1051 1161 1123 prudentia.
1190 1077 1261 1088 -—
1283 1046 1361 1100 Tu
1391 1058 1515 1099 vero
1556 1043 1716 1097 etiam
1747 1040 1869 1092 hinc
1901 1035 2027 1089 ntihi
2070 1047 2185 1103 per-

623 1147 793 1214 pende
830 1144 977 1199 Pauli
1015 1138 1369 1211 prudentiam.
1416 1135 1596 1204 Neque
1643 1132 1783 1186 enim
1827 1130 2059 1196 increpat
2099 1123 2183 1179 vel

620 1244 983 1305 exasperatur,
1016 1231 1109 1287 sed
1133 1238 1406 1285 mansuete
1434 1228 1527 1293 ait,
1553 1226 1641 1280 Sic
1662 1224 1938 1294 oportebat.
1972 1218 2187 1273 Sciebat

621 1331 762 1385 enim
791 1328 842 1382 in
870 1326 1171 1382 calamitate
1200 1324 1557 1389 increpantem
1601 1331 1704 1370 non
1733 1328 1849 1369 esse
1880 1320 2181 1379 acceptum;

622 1421 717 1475 sed
736 1430 1012 1489 postquam
1041 1416 1268 1470 maxima
1289 1410 1599 1467 calamitatis
1623 1422 1743 1476 pars
1765 1402 2035 1474 praeteriit,
2064 1411 2188 1454 tunc

623 1525 742 1565 esse
768 1519 1063 1578 acceptum.
1092 1507 1239 1561 Tunc
1271 1518 1396 1572 ergo
1427 1503 1603 1564 instat,
1646 1512 1763 1552 cum
1794 1495 1968 1549 omnis
2005 1493 2188 1547 salutis

625 1614 747 1667 spes
777 1598 981 1653 sublata
1026 1606 1106 1651 est
1133 1612 1147 1648 :
1173 1604 1293 1648 tunc
1337 1591 1479 1644 utilia
1509 1587 1763 1657 praedicit.
1806 1584 1872 1639 Ut
1910 1594 2073 1636 autent
2102 1582 2189 1634 de-

624 1692 755 1744 cima
797 1699 974 1759 quarta
1014 1702 1115 1741 nox
1159 1686 1391 1749 advenit,
1438 1682 1640 1750 inquit,
1683 1680 1906 1731 timentes
1950 1673 2189 1743 optabant

626 1780 860 1833 advenire
902 1779 1055 1831 diem.
1102 1776 1177 1831 Ne
1206 1775 1325 1844 quis
1354 1771 1556 1826 diceret
1596 1769 1727 1823 nihil
1775 1766 2050 1828 evenisse,
2090 1764 2190 1816 hoc

626 1870 772 1931 dicit,
810 1867 1098 1921 ostendens
1125 1864 1299 1918 omnia
1341 1862 1473 1915 facta
1510 1875 1648 1915 esse.
1677 1856 1826 1924 Quod
1854 1864 2029 1910 autem
2055 1853 2191 1907 facta

628 1959 753 2021 sint,
783 1956 940 2010 timor
960 1953 1189 2009 ostendit
1219 1972 1231 2005 :
1268 1950 1519 2019 Optabam
1546 1950 1695 2010 enim,
1722 1948 1907 2016 inquit,
1941 1946 2071 1997 diem
2100 1943 2192 1995 ad-

627 2048 790 2100 venire
828 2047 1069 2098 timentes.
1116 2044 1181 2097 Et
1222 2043 1367 2096 locus
1407 2039 1638 2095 difﬁcilis
1686 2035 2055 2092 eratzetenim
2099 2050 2193 2103 per

631 2138 842 2192 Adriam
876 2136 989 2190 hate
1032 2135 1344 2204 contingunt
1372 2152 1384 2186 :
1414 2141 1468 2186 et
1495 2140 1609 2186 erat
1635 2144 1819 2198 magna
1850 2126 2060 2181 inedia:
2096 2122 2193 2176 llic

628 2229 846 2282 ducimus
870 2228 1074 2297 φῶν-ωε
1098 2226 1202 2279 dies
1230 2235 1321 2290 est,
1351 2224 1483 2290 quod
1528 2230 1863 2288 exspectantes
1884 2218 2052 2288 jejuni
2084 2232 2186 2285 per-

630 2322 861 2373 manetis.
892 2319 1030 2388 Ergo
1061 2318 1292 2387 undique
1339 2320 1392 2370 itt
1436 2316 1604 2369 media
1649 2324 1820 2368 morte
1861 2322 2044 2366 erant:
2071 2309 2189 2363 ideo

630 2412 827 2476 subdit,
864 2410 1080 2464 Obsecro
1110 2425 1213 2473 vos,
1250 2418 1302 2460 ut
1347 2408 1554 2460 sumatis
1581 2407 1776 2467 cibum;
1807 2404 1907 2457 hoc
1940 2403 2078 2456 enim
2127 2400 2193 2453 ad

631 2513 862 2558 vestram
893 2504 1113 2557 salutem
1142 2500 1327 2564 fuerit;
1362 2499 1462 2552 hoc
1502 2508 1607 2561 est,
1637 2496 1712 2550 Ne
1741 2495 1876 2549 forte
1910 2494 2046 2548 fame
2072 2508 2195 2561 per-

629 2596 792 2659 eatis,
834 2593 1008 2647 cibum
1058 2591 1271 2645 sumite.
1319 2590 1535 2657 Sumpta
1578 2596 1743 2641 autent
1787 2601 1950 2655 pane,
1995 2583 2193 2651 inquit,

632 2686 818 2753 gratias
836 2684 934 2753 egit
961 2681 1087 2736 Deo.

703 2775 755 2827 4.
787 2772 919 2828 Vide
962 2772 1099 2842 quod
1147 2773 1234 2827 ille
1274 2771 1469 2842 gratias
1508 2770 1614 2839 agit
1642 2769 1709 2825 de
1755 2768 1819 2823 iis
1843 2783 1961 2837 qua:
1990 2766 2199 2820 accide-

636 2873 771 2927 rant,
805 2862 904 2917 hoc
928 2879 1031 2916 non
1064 2862 1220 2916 modo
1247 2862 1365 2916 illos
1394 2860 1755 2923 confirmavit,
1784 2858 1877 2912 sed
1904 2858 2059 2911 etiam
2083 2855 2199 2907 ani-

636 2966 751 3005 mos
775 2952 981 3005 indidit.
1017 2950 1250 3015 Erantus,
1283 2951 1467 3019 inquit,
1500 2965 1669 3003 omnes
1689 2950 1872 3001 anima:
1892 2948 1943 3000 in
1965 2946 2079 2999 navi
2099 2945 2197 2997 du-

634 3049 790 3096 centa:
818 3040 1133 3109 septuaginta
1160 3056 1265 3092 sex.
1304 3039 1374 3091 De
1404 3038 1484 3091 his
1519 3037 1744 3101 dicebat,
1785 3036 1997 3089 Jactura
2020 3036 2201 3087 animte

636 3132 827 3185 nullius
854 3131 944 3184 erit
972 3132 1023 3184 in
1050 3130 1202 3185 vobis.
1232 3129 1343 3183 Hoc
1370 3140 1517 3184 certo
1544 3129 1759 3183 scientis
1785 3137 1868 3182 est
1888 3127 2099 3185 animat.
2129 3124 2202 3177 di-

635 3238 759 3278 cere
793 3224 966 3277 salvos
1015 3222 1218 3277 futuros
1259 3236 1394 3276 esse.
1442 3221 1625 3276 Satiati
1670 3229 1833 3272 autem
1863 3220 1969 3271 cibo
1995 3218 2204 3270 allevia-

638 3314 753 3367 bant
782 3316 966 3379 navim,
1000 3314 1246 3384 ejicientes
1275 3313 1511 3365 triticum.
1546 3309 1768 3365 Viden‘?
1793 3310 1857 3362 ad
1885 3308 2201 3361 sumendum

637 3407 812 3460 cibum
838 3406 1220 3474 persuadeatur
1254 3414 1458 3457 tantum
1486 3423 1498 3458 :
1528 3403 1621 3457 sed
1652 3402 1728 3456 sic
1751 3405 1859 3471 jam
1890 3411 2055 3455 totum
2080 3402 2203 3469 reji-

638 3498 848 3552 ciebattt
872 3498 922 3551 in
955 3498 1195 3560 Paulum,
1226 3497 1293 3550 ita
1337 3506 1395 3550 ut
1420 3505 1472 3549 et
1516 3497 1742 3549 triticum
1775 3494 2045 3563 ejicerent.
2076 3494 2204 3548 Vide

640 3588 760 3642 illos
805 3588 1030 3642 humana
1084 3587 1355 3651 facientes,
1408 3602 1504 3641 nec
1550 3584 1912 3654 prohibentem
1962 3584 2199 3637 Paulum.

644 3680 857 3746 Quando
880 3690 1046 3733 autem
1072 3679 1177 3731 dies
1204 3681 1324 3746 fuit,
1371 3678 1557 3746 inquit,
1590 3678 1881 3729 laxaverant
1908 3676 2199 3741 iuncturas.

641 3769 873 3823 Solvitur
902 3770 1047 3821 navis
1092 3767 1143 3821 in
1174 3767 1278 3833 die,
1325 3783 1388 3820 ne
1428 3768 1502 3819 illi
1543 3776 1685 3820 metu
1724 3765 2119 3821 dissolvantur:
2151 3774 2208 3818 ut

644 3858 823 3912 videas
853 3858 1185 3927 prophetiam
1224 3872 1384 3925 Opere
1413 3857 1748 3925 completam.
1795 3855 2016 3909 Militum
2042 3863 2209 3907 autem

642 3949 909 4001 concilium
932 3949 1047 4017 fuit,
1080 3958 1133 4000 ut
1156 3948 1342 4001 vinctos
1363 3949 1655 4001 occiderent.
1688 3947 1863 4012 Vides,
1887 3946 2025 4017 quod
2051 3946 2207 4000 etiam

649 4041 700 4093 in
732 4039 831 4093 hoc
856 4039 1019 4093 Paulo
1044 4040 1265 4109 gratiam
1294 4038 1611 4093 habuerint?
1642 4049 1858 4108 propter
1889 4038 2034 4091 illum
2065 4039 2206 4093 enim

646 4131 887 4184 centurio
923 4146 1025 4185 non
1071 4132 1309 4200 permisit
1340 4141 1395 4185 ut
1433 4130 1817 4185 occiderentur.
1858 4129 1929 4183 Ita
1976 4129 2101 4183 mihi
2135 4130 2212 4183 vi-

648 4222 839 4275 dentur
867 4222 942 4275 illi
973 4238 1035 4275 ex
1066 4223 1311 4277 confesso
1354 4223 1561 4277 scelesti
1592 4223 1773 4287 fuisse,
1820 4224 1890 4276 ita
1936 4232 1990 4276 ut
2017 4222 2214 4275 vellent

649 4313 794 4381 ipsos
813 4313 1096 4367 occidere:
1128 4314 1219 4367 sed
1255 4313 1524 4381 prohibiti,
1556 4328 1657 4367 non
1689 4312 1925 4367 fecerunt
1954 4328 1968 4375 ;
2009 4312 2099 4365 sed
2127 4311 2213 4364 alii

650 4403 861 4471 quidem
890 4412 1154 4471 natarunt,
1186 4404 1271 4457 alii
1307 4404 1354 4457 in
1387 4404 1574 4457 tabulis
1606 4402 1925 4466 ferebantur,
1952 4413 2005 4457 et
2031 4418 2215 4456 omnes

653 4495 721 4549 ita
754 4495 973 4549 salutem
1006 4496 1143 4549 nacti
1175 4505 1332 4560 sunt,
1377 4511 1437 4549 ac
1487 4495 1758 4563 prephetia
1804 4494 1963 4548 linem
1994 4496 2213 4561 accepit,

654 4585 863 4639 etiamsi
894 4602 995 4639 non
1025 4601 1053 4638 a
1091 4596 1328 4656 tempore
1358 4587 1498 4639 clara
1528 4597 1669 4639 esset
1699 4606 1711 4639 :
1742 4600 1912 4655 neque
1935 4587 2073 4639 enim
2098 4595 2219 4639 ante

656 4676 851 4729 multos
871 4692 1038 4730 annos
1068 4678 1206 4730 illam
1234 4678 1627 4747 praenuntiarat,
1659 4676 1749 4730 sed
1776 4692 1952 4730 rerum
1978 4685 2218 4729 naturam

658 4782 886 4835 sequens
921 4784 932 4819 :
964 4768 1226 4834 insperata
1272 4770 1412 4820 enim
1456 4778 1606 4821 erant
1636 4768 1832 4831 omnia,
1879 4776 1931 4821 et
1976 4782 2069 4836 per
2101 4782 2222 4835 pro-

658 4859 825 4927 priam
859 4856 1083 4911 salutem
1112 4857 1389 4910 discebant
1418 4858 1536 4925 quis
1571 4868 1711 4911 esset
1752 4858 1963 4912 Paulus.
2011 4856 2113 4911 Sed
2143 4857 2224 4910 di-

659 4952 797 5005 xerit
825 4951 1103 5020 quispiam,
1147 4948 1252 5003 Cur
1298 4964 1402 5002 non
1443 4948 1600 5001 etiam
1642 4949 1813 5001 navim
1854 4950 2121 5003 servavit?
2153 4948 2223 5003 Ut

660 5042 928 5094 discerent
969 5048 1219 5108 quantum
1257 5039 1546 5108 perieulum
1581 5040 1846 5092 evaserint
1883 5055 1895 5090 :
1935 5039 2072 5107 quod
2118 5054 2223 5092 non

664 5131 874 5182 humani
899 5128 1078 5183 auxilii
1112 5137 1274 5181 totum
1303 5138 1463 5192 esset,
1493 5128 1587 5182 sed
1621 5128 1711 5181 Dei
1739 5144 1924 5181 manus
1951 5129 2065 5181 sine
2092 5145 2227 5184 nave

664 5219 942 5272 servantis.
972 5218 1295 5287 ltaquejusti
1329 5219 1429 5273 etsi
1460 5220 1510 5271 in
1548 5226 1859 5287 tempestate
1886 5220 2011 5281 sint,
2043 5220 2143 5273 etsi
2174 5222 2225 5273 in

666 5308 797 5361 mari
825 5308 904 5362 vel
932 5309 981 5361 iu
1011 5308 1216 5378 pelago,
1238 5308 1365 5360 nihil
1387 5322 1549 5376 grave
1578 5308 1862 5375 patiuntur,
1888 5310 1992 5362 imo
2021 5320 2074 5364 et
2096 5311 2230 5367 alios

666 5412 845 5451 secum
886 5408 1115 5452 servant.
1166 5399 1221 5452 Si
1266 5398 1383 5451 navi
1426 5399 1757 5466 periclitante
1803 5408 1855 5454 et
1897 5401 2225 5469 naufragium

667 5502 821 5557 passa
866 5490 1021 5543 vincti
1064 5504 1091 5541 a
1123 5489 1283 5543 Paulo
1329 5489 1527 5542 servati
1575 5497 1694 5542 sunt
1727 5506 1739 5540 :
1770 5490 1959 5558 cogita,
2001 5492 2124 5561 quid
2164 5494 2231 5544 sit

670 5583 835 5634 virum
883 5588 1121 5635 sanctum
1154 5580 1349 5635 habere
1392 5580 1533 5634 domi
1570 5598 1580 5631 :
1617 5582 1792 5634 multm
1836 5597 2059 5653 namque
2101 5595 2233 5638 tem-

673 5682 904 5740 pestates
932 5686 1027 5725 nos
1048 5672 1245 5740 iactant
1266 5712 1279 5735 ,
1308 5681 1362 5724 et
1392 5672 1471 5726 his
1500 5673 1652 5739 longe
1684 5674 1984 5741 graviores;
2013 5677 2103 5731 sed
2139 5694 2232 5745 po-

672 5774 776 5819 test
801 5764 934 5819 Deus
956 5773 1005 5819 et
1032 5778 1127 5818 nos
1154 5778 1384 5829 servare,
1408 5763 1562 5819 modo
1581 5763 1859 5821 credamus
1880 5770 2075 5823 sanctis
2098 5770 2233 5827 sicut

1291 394 1346 450 S.
1385 386 1656 448 JOANNIS
1690 375 2150 440 CllBYSUSTOMI
2192 370 2505 429 AllCillEP.
2548 368 3077 427 COXSTANTINOP.
3760 359 3866 413 372

2276 512 2374 577 Illi,
2423 507 2465 564 si
2511 506 2766 562 faciamus
2810 520 2927 572 qua:
2974 504 3046 556 illi
3090 499 3421 570 prrecipiuut.
3456 492 3656 564 “Neque
3708 502 3854 549 enim

2276 600 2589 670 simpliciter
2611 605 2907 659 servantur,
2939 593 3032 649 sed
3054 594 3213 647 etiam
3242 591 3339 661 ipsi
3364 589 3517 643 Iidem
3540 587 3855 642 attulerunt.

2282 690 2500 745 Etiamsi
2532 690 2738 742 vinctus
2778 687 2847 740 sit
2886 695 3124 747 sanctus,
3156 682 3353 751 majora
3394 688 3664 749 Operatur,
3697 691 3864 747 quam

2282 782 2315 835 ii
2348 781 2433 848 qui
2461 780 2619 834 soluti
2646 786 2787 831 sunt.
2824 775 2888 830 Et
2911 775 3013 828 hoc
3040 774 3320 827 considera
3353 772 3437 825 hic
3464 769 3657 823 factum
3684 771 3726 821 ⁸.
3760 767 3869 823 So-

2282 873 2420 926 lutus
2448 872 2689 925 centurio
2722 870 2897 922 vincto
2936 866 3027 920 illo
3055 866 3281 920 habebat
3319 878 3494 932 opus:
3531 861 3867 931 gubernator

2284 964 2483 1033 peritus
2526 976 2613 1025 eo,
2660 960 2748 1029 qtti
2795 974 2897 1012 non
2943 956 3265 1027 gubernator
3312 964 3448 1021 erat,
3492 952 3713 1022 egebat;
3756 950 3869 1004 imo

2283 1068 2411 1108 vero
2433 1052 2806 1123 gubernatore.
2841 1050 2955 1103 Non
3001 1049 3142 1102 enim
3173 1047 3328 1100 talem
3370 1044 3623 1114 scapham
3661 1043 3867 1115 guber-

2286 1144 2463 1208 nabat,
2510 1142 2604 1197 sed
2650 1141 2796 1195 orbis
2840 1139 3153 1203 Ecclesiam,
3202 1137 3269 1191 ab
3313 1137 3405 1191 illo
3444 1136 3665 1191 eductus
3693 1135 3783 1205 qui
3815 1144 3873 1188 et

2285 1236 2449 1290 maris
2476 1233 2722 1289 dominus
2762 1240 2865 1292 est,
2897 1246 3002 1284 non
3032 1230 3259 1282 humana
3301 1236 3435 1290 arte,
3478 1226 3569 1281 sed
3616 1235 3672 1281 et
3709 1226 3872 1294 spiri-

2288 1326 2415 1380 tuali
2440 1323 2715 1394 sapientia.
2750 1322 2803 1376 ltt
2832 1321 2931 1374 hac
2958 1320 3153 1389 scapha
3183 1320 3345 1372 multa
3391 1317 3687 1387 naufragia,
3718 1316 3873 1371 multi

2288 1416 2498 1480 fluctus,
2530 1414 2748 1482 spiritus
2790 1412 3059 1481 nequitiae,
3092 1409 3242 1463 Intus
3280 1424 3482 1479 pugnes,
3512 1409 3637 1479 foris
3666 1410 3875 1461 timores

2290 1508 2363 1578 (2.
2394 1506 2511 1561 Cor.
2534 1507 2587 1560 7.
2616 1505 2693 1572 5).
2725 1503 2907 1572 Itaque
2935 1517 3059 1556 vere
3084 1500 3411 1571 gubernator
3440 1499 3529 1553 ille
3563 1506 3698 1553 erat.
3737 1497 3877 1552 Vide

2288 1608 2466 1652 autem
2494 1604 2657 1649 totam
2698 1595 2859 1648 vitam
2889 1602 3151 1658 nostram,
3180 1591 3447 1661 quomodo
3476 1589 3595 1644 talis
3624 1590 3715 1645 sit.
3753 1590 3874 1643 Alio

2289 1687 2499 1757 quando
2528 1688 2670 1740 enim
2715 1684 2996 1739 clementia
3046 1682 3288 1746 fruimur,
3333 1680 3618 1750 aliquando
3659 1692 3872 1749 tempe-

2292 1776 2746 1845 statejactamur;
2789 1772 2949 1828 modo
2992 1772 3061 1827 ob
3102 1771 3600 1827 inconsiderantiam
3640 1779 3695 1825 et
3724 1771 3879 1839 igna-

2292 1868 2428 1919 viam
2470 1866 2521 1919 in
2565 1865 2712 1919 mille
2757 1864 2892 1918 mala
2935 1862 3258 1916 incidimus:
3290 1862 3396 1915 imo
3444 1860 3545 1915 hoc
3572 1861 3744 1930 magis
3792 1860 3872 1925 tit,

2291 1959 2415 2026 quia
2446 1957 2662 2011 Paulum
2691 1971 2795 2010 non
2821 1954 3086 2018 audimus,
3114 1953 3203 2008 ubi
3228 1952 3541 2007 festinamus
3566 1952 3745 2021 aliquo
3773 1952 3875 2017 ire,

2293 2064 2395 2117 quo
2427 2048 2516 2103 ille
2545 2063 2652 2101 non
2677 2047 2849 2117 jubet.
2881 2045 3168 2099 Nobiscum
3193 2045 3334 2099 enim
3361 2044 3521 2098 etiam
3550 2057 3690 2096 nunc
3718 2042 3879 2095 navi-

2292 2146 2400 2206 gat,
2434 2136 2529 2192 sed
2574 2151 2679 2190 non
2727 2144 2785 2189 ut
2829 2146 2951 2189 tunc
2978 2134 3225 2188 vinctus:
3257 2134 3499 2187 hortatur
3537 2131 3697 2187 etiam
3730 2146 3882 2186 nunc

2296 2246 2408 2292 eus,
2439 2229 2527 2299 qui
2569 2230 2619 2281 in
2671 2227 2773 2282 hoc
2822 2228 2953 2281 mari
2999 2227 3277 2295 navigant,
3309 2225 3584 2295 dicitque:
3621 2224 3883 2278 Attendite

2296 2320 2431 2372 vobis
2460 2320 2583 2387 ipsis
2611 2334 2630 2372 :
2676 2318 3022 2386 ingredientur
3065 2318 3197 2369 enim
3239 2325 3350 2386 post
3389 2316 3660 2368 discessum
3708 2331 3883 2368 meum

2295 2408 2403 2475 lupi
2427 2425 2599 2479 graves
2626 2409 2676 2461 in
2703 2410 2836 2463 vobis
2857 2408 2991 2477 (Act.
3030 2406 3121 2461 20.
3160 2406 3248 2461 28.
3277 2406 3393 2474 29);
3423 2414 3476 2459 et
3519 2420 3730 2459 rursum
3763 2421 3777 2456 :
3810 2402 3883 2458 In

2296 2502 2575 2555 novissimis
2622 2503 2925 2569 temporibus
2986 2501 3236 2553 instabunt
3292 2507 3518 2566 tempora
3568 2497 3741 2567 gravia
3764 2537 3778 2558 ,
3831 2507 3883 2551 et

2298 2599 2441 2643 erunt
2474 2590 2698 2643 homines
2736 2589 2811 2643 sui
2842 2597 3095 2653 amantes,
3128 2587 3304 2651 avari,
3335 2596 3631 2655 arrogantes
3653 2584 3711 2657 (2
3740 2583 3878 2637 Tim.

2298 2680 2353 2734 3.
2386 2681 2437 2733 l.
2468 2678 2545 2748 Ξ).
2577 2679 2671 2733 Hie
2694 2680 2834 2733 enim
2862 2678 3096 2733 omnium
3123 2677 3465 2747 gravissimus
3491 2676 3709 2747 spiritus
3734 2684 3839 2730 est.

2368 2772 2422 2826 ὅ.
2456 2770 2610 2823 Fides
2635 2780 2768 2823 tutus
2794 2769 3372 2839 portus.—Maneamus
3390 2769 3546 2837 igitur
3569 2767 3655 2821 ubi
3686 2768 3773 2822 ille
3788 2770 3883 2835 ju-

2300 2862 2409 2923 bet.
2443 2863 2495 2915 in
2527 2861 2649 2928 ﬁde,
2697 2861 2748 2914 iu
2783 2869 2895 2915 tuto
2926 2870 3080 2930 portu
3111 2877 3122 2912 ε
3154 2855 3327 2930 ipsum
3358 2860 3529 2930 magis
3570 2859 3881 2923 audiamus,

2299 2966 2455 3021 quam
2497 2951 2903 3021 gubernatorem
2941 2951 3030 3020 qui
3072 2960 3154 3007 est
3185 2952 3235 3004 in
3279 2950 3454 3017 nobis,
3506 2952 3766 3005 rationem
3800 2951 3887 3004 in-

2301 3058 2478 3111 quam.
2510 3042 2586 3096 Ne
2632 3041 2884 3096 faciamus
2925 3055 2987 3095 ea
3030 3057 3147 3110 qua:
3188 3040 3277 3095 hic
3317 3040 3573 3110 suggerit,
3620 3055 3718 3095 nec
3759 3054 3885 3109 quae

2302 3133 2601 3196 nauclerus,
2649 3130 2743 3185 sed
2794 3146 2911 3199 quae
2951 3131 3190 3185 Paulus:
3223 3130 3417 3184 multas
3468 3130 3669 3186 similes
3716 3130 3888 3186 subiit

2305 3233 2667 3291 tempestates.
2716 3222 2793 3276 Ne
2841 3222 3167 3292 experientia
3236 3222 3544 3287 discamus;
3600 3223 3695 3277 sed
3756 3233 3887 3280 ante

2302 3314 2687 3383 experientiam
2720 3314 2943 3367 vitemus
2964 3323 3017 3368 et
3062 3313 3309 3380 injuriam
3339 3322 3391 3367 et
3415 3314 3706 3382 jacturam.
3738 3314 3887 3369 Audi

2303 3404 2428 3472 quid
2455 3403 2596 3457 dicat
2630 3421 2641 3455 :
2676 3404 2775 3468 Qui
2805 3402 2980 3456 volunt
3005 3404 3180 3455 divites
3206 3403 3337 3469 ﬁeri,
3366 3402 3595 3455 incidunt
3627 3403 3682 3455 in
3714 3413 3888 3456 tenta-

2305 3498 2487 3549 tionent
2518 3496 2593 3565 (i.
2629 3494 2756 3549 Tim.
2793 3496 2843 3548 6.
2878 3494 2958 3565 9).
2995 3494 3290 3548 Credamus
3335 3508 3461 3563 ergo
3491 3494 3539 3548 ei
3571 3512 3583 3546 :
3614 3509 3733 3548 nam
3759 3493 3890 3549 vide

2305 3588 2430 3656 quid
2469 3586 2721 3641 acciderit
2766 3587 2848 3649 iis,
2892 3586 2980 3655 qui
3022 3600 3125 3639 non
3157 3584 3518 3639 crediderunt.
3562 3584 3626 3639 Et
3670 3601 3888 3639 rursum

2306 3680 2431 3733 alibi
2468 3678 2614 3744 dicit,
2656 3678 2782 3748 quid
2828 3677 3098 3747 naufragia
3140 3678 3365 3745 pariant.
3404 3677 3503 3743 Qui
3543 3678 3887 3747 naufragave-

2308 3779 2423 3823 runt
2448 3770 2581 3823 circa
2608 3768 2758 3835 [idem
2788 3769 2805 3837 (
2842 3766 2925 3820 Id.
2978 3768 3030 3821 Ι.
3083 3766 3147 3820 l9
3175 3766 3219 3836 ),
3250 3768 3440 3837 inquit.
3463 3767 3540 3821 Tu
3571 3782 3697 3821 vero
3728 3782 3892 3823 mane

2310 3863 2362 3916 iu
2394 3862 2477 3924 iis,
2510 3877 2629 3931 qua:
2673 3860 2902 3914 didicisti
2934 3866 2986 3913 et
3025 3857 3315 3913 credidisti.
3347 3856 3638 3913 Credamus
3678 3858 3888 3913 Paulo:

2312 3954 2434 4007 licet
2466 3954 2515 4006 in
2548 3951 2716 4006 media
2748 3959 3062 4020 tempestate
3099 3950 3285 4014 simus,
3330 3965 3550 4003 omnmo
3575 3965 3605 4003 a
3632 3951 3892 4018 periculis

2312 4044 2689 4103 liberabimur;
2736 4043 2941 4096 etiamsi
3002 4040 3402 4109 quatuordecim
3467 4039 3655 4095 diebus
3716 4040 3893 4110 jejuni

2313 4134 2686 4199 manserimus,
2716 4135 2814 4187 etsi
2844 4147 2965 4201 spes
2999 4132 3185 4185 salutis
3211 4131 3492 4195 exciderit,
3529 4132 3625 4185 etsi
3658 4130 3709 4185 iu
3740 4140 3895 4187 tene-

2316 4226 2423 4278 bris
2447 4234 2500 4279 et
2543 4224 2766 4292 caligine
2797 4237 3093 4287 versemur,
3141 4222 3420 4275 credentes
3467 4222 3514 4276 ei
3560 4236 3589 4274 a
3638 4223 3895 4290 periculis

2318 4314 2682 4369 liberabimnr.
2709 4313 2892 4367 Navim
2922 4327 3040 4367 esse
3067 4321 3309 4381 putemus
3335 4322 3503 4367 totum
3528 4313 3733 4377 orbem,
3761 4322 3816 4367 et
3840 4315 3893 4369 in

2320 4406 2405 4460 illa
2437 4404 2708 4475 improbos
2742 4414 2796 4458 et
2821 4404 3084 4459 sexcentis
3118 4403 3327 4473 ﬂagitiis
3356 4404 3647 4471 obnoxios;
3675 4414 3729 4461 et
3757 4407 3897 4462 alios

2320 4498 2530 4567 quidem
2562 4496 2845 4565 principes.
2879 4496 3012 4551 alios
3050 4511 3175 4551 vero
3202 4497 3471 4558 custodes,
3519 4497 3653 4551 alios
3693 4497 3895 4568 justos,

2322 4597 2377 4641 ut
2409 4588 2622 4652 Paulus,
2652 4587 2783 4640 alios
2810 4586 3013 4641 vinctos
3040 4595 3093 4641 et
3138 4590 3366 4656 peccatis
3397 4588 3718 4643 constrictos
3746 4606 3760 4643 :
3791 4590 3897 4643 ita-

2322 4695 2422 4747 que
2467 4680 2510 4733 si
2554 4678 2717 4732 Paulo
2759 4677 3059 4741 credamus,
3102 4692 3207 4731 non
3252 4678 3411 4731 vincti
3445 4678 3753 4746 peribimus,
3801 4682 3901 4735 sed

2324 4771 2632 4825 solvemur:
2680 4784 2775 4823 nos
2817 4783 3027 4838 quoque
3058 4768 3131 4821 illi
3175 4767 3393 4821 donabit
3436 4768 3594 4823 Deus.
3625 4770 3705 4824 An
3735 4786 3903 4841 negas

2327 4872 2540 4932 peccata
2572 4871 2624 4916 et
2663 4861 2883 4915 affectus
2927 4874 3088 4930 grave
3136 4860 3403 4914 vinculum
3430 4862 3593 4914 esse?
3619 4877 3725 4915 non
3753 4868 3901 4919 enim

2328 4953 2455 5007 solre
2494 4967 2681 5007 manus
2711 4952 2901 5004 vincta:
2929 4958 3073 5015 sunt,
3120 4951 3210 5004 sed
3246 4960 3386 5005 totus
3420 4950 3599 5006 homo.
3636 4954 3727 5006 Dic
3754 4956 3902 5009 enim

2330 5044 2478 5109 mihi,
2510 5045 2551 5097 si
2581 5044 2697 5112 quis
2741 5043 2932 5096 multas
2978 5043 3229 5111 pecunias
3260 5044 3538 5111 possidens
3582 5059 3687 5098 non
3717 5058 3909 5115 eroget

2331 5135 2412 5189 vel
2462 5135 2744 5203 ettpcndat,
2804 5133 2897 5187 sed
2950 5134 3176 5187 retineat
3208 5152 3221 5188 :
3256 5149 3433 5189 nonne
3484 5136 3698 5205 gravius
3743 5152 3909 5206 quam

2331 5227 2536 5279 vinctus
2565 5226 2737 5295 quivis
2770 5225 3092 5292 parcimonia
3133 5226 3400 5279 insolubili
3430 5226 3642 5281 vinculo
3671 5227 3912 5296 ligatur?

2333 5318 2489 5385 Quid,
2522 5320 2563 5370 si
2593 5318 2711 5387 quis
2734 5317 2839 5369 fato
2881 5332 2937 5370 se
2964 5317 3225 5385 subjiciat,
3258 5331 3433 5371 nonne
3464 5318 3549 5371 hic
3576 5319 3690 5373 aliis
3713 5318 3915 5391 ligatus

2334 5419 2415 5463 est
2440 5410 2705 5463 vinculis?
2728 5407 2874 5477 quid,
2904 5408 2947 5461 si
2988 5408 3488 5462 observationibus?
3515 5409 3661 5479 quid,
3691 5411 3733 5464 si
3763 5425 3915 5482 sym-

2336 5501 2501 5554 bolis?
2530 5514 2703 5553 nonne
2731 5500 2843 5551 haec
2883 5498 3027 5552 omni
3055 5498 3269 5552 vinculo
3298 5509 3421 5553 sunt
3448 5501 3729 5569 graviora?
3754 5503 3913 5570 quid,

2334 5593 2378 5646 si
2411 5593 2651 5647 absurda:
2682 5591 2889 5644 cuidam
2930 5592 3375 5659 concupiscentiae
3421 5590 3504 5645 vel
3546 5592 3753 5645 amori?
3778 5594 3919 5662 Quis

2402 5778 2416 5807 ί
2444 5774 2583 5832 Illud,
2610 5780 2653 5822 ct
2676 5772 2760 5821 hoc
2785 5770 3033 5822 considera
3054 5768 3130 5822 hic
3154 5771 3352 5833 factum,
3369 5770 3512 5822 deest
3538 5770 3582 5821 in
3606 5770 3917 5832 quibusdam,
