4120 6334
236 321 341 378 57!

235 438 404 491 τοῦτο
432 435 540 508 γάρ
570 434 708 500 ἐστι,
741 435 863 504 Τὴν
895 431 1128 499 σκευὴν
1161 428 1268 484 τοῦ
1308 429 1527 482 πλοίου
1561 427 1908 496 ἐῤῥίψαμεν.

236 523 488 592 Πολλῆς
532 524 601 578 δὲ
644 524 883 589 ἀσιτίας
930 519 1346 588 ὑπαρχούσης,
1398 512 1617 569 εἷπενό
1646 513 1908 578 Παῦλος·

242 613 412 667 Ἔδει
454 608 976 680 πειθαρχήσαντάς
1018 624 1120 675 μοι
1168 603 1456 673 κερδῆσαι
1507 601 1623 670 τὴν
1675 600 1907 669 ζημίαν.

238 697 417 765 Εἶδες,
452 700 570 763 πῶς
592 700 652 752 ού
685 698 857 768 μικρά
883 696 1020 767 πρὸς
1044 695 1144 765 τήν
1167 693 1432 765 ἀκρόασιν
1462 690 1788 744 συνεϐάλετο
1817 688 1911 741 καὶ

235 787 269 841 6
296 787 503 859 χειμὼν
527 784 622 840 καῖ
646 787 707 839 τὺ
729 784 953 859 σκότο;;
986 781 1094 834 Καὶ
1144 782 1245 852 ὅρα
1277 779 1392 843 πῶς
1446 777 1693 832 πείθεται
1734 779 1762 828 6
1783 775 1914 827 ἐκα-

237 856 554 947 τόνταρχος,
585 873 724 926 ὥστε
759 856 856 924 καὶ
875 870 974 940 τήν
1008 869 1222 940 σκάφην
1250 870 1468 939 ἀφεῖναι
1497 867 1594 920 καὶ
1623 863 1908 918 ἀπολέσαι.

239 963 307 1016 Εἰ
337 963 392 1017 δὲ
416 965 464 1017 οί
490 960 678 1016 ναῦται
723 959 934 1014 οὐδέπω
979 959 1332 1029 ἐπείσθησαν,
1366 956 1494 1011 ἀλλ’
1520 954 1747 1024 ὕστερον
1793 951 1912 1002 πεί-

241 1050 447 1111 θονται,
491 1049 566 1121 μὴ
592 1049 883 1120 θαυμάσῃς
915 1065 927 1078 ·
961 1049 1052 1101 καὶ
1076 1049 1185 1117 γὰρ
1214 1047 1273 1099 τὸ
1291 1046 1446 1113 γένος
1475 1043 1535 1097 τὸ
1562 1041 1766 1095 τούτων
1800 1041 1913 1093 ίτα-

244 1135 348 1206 μόν
384 1135 500 1200 πώς
530 1136 646 1188 ἐστι
672 1137 763 1188 καὶ
787 1135 1019 1204 σκληρὸν
1051 1134 1186 1202 πρὸς
1211 1132 1272 1184 τὸ
1297 1129 1603 1183 πείθεσθαι.

311 1222 386 1274 Σὺ
414 1220 470 1275 δέ
510 1239 600 1292 μοι
630 1222 820 1275 σκόπει
848 1223 944 1291 τὴν
980 1221 1194 1273 σύνεσιν
1225 1218 1319 1272 καὶ
1351 1215 1602 1271 ἐντεῦθεν
1632 1213 1728 1268 τοῦ
1763 1211 1911 1268 Παύ-

237 1307 355 1360 λου.
385 1308 459 1361 Οὐ
486 1307 594 1381 γὰρ
616 1309 842 1378 ἐπιτιμᾷ
867 1307 959 1360 καὶ
981 1305 1328 1375 τραχύνεται,
1363 1303 1490 1357 ἀλλ’
1523 1302 1765 1374 ἡμέρως,
1802 1300 1912 1353 Οὕ-

237 1408 355 1458 τως
383 1394 524 1458 ἔδει,
561 1395 746 1465 φησίν.
783 1395 937 1464 ᾜδει
966 1396 1095 1464 γὰρ,
1129 1395 1210 1446 ὅτι
1260 1393 1361 1447 οὒκ
1405 1392 1551 1445 ἔστιν
1604 1389 1912 1460 εὑπαράδε-

237 1495 368 1543 κτος
393 1481 638 1549 ἔγκαλῶν
670 1498 755 1545 τις
781 1482 839 1534 ἐν
893 1482 1169 1552 συμφορᾷ,
1195 1479 1322 1533 ἀλλ’
1346 1480 1473 1532 ὅταν
1503 1479 1596 1532 καὶ
1619 1478 1689 1530 τὰ
1740 1476 1911 1530 πλείο-

236 1583 309 1619 να
336 1569 654 1650 παρατρέχῃ
684 1572 784 1640 τῆς
829 1571 1131 1640 συμφορᾶς,
1163 1568 1282 1620 τότε
1316 1566 1730 1638 εὐπαράδεκτος
1762 1564 1911 1632 γίνε-

235 1671 349 1708 ται.
383 1656 518 1709 Τότε
559 1656 740 1708 τοίνυν
775 1656 1098 1718 ἐπιτίθεται,
1136 1655 1224 1707 ὅτε
1256 1655 1406 1707 πᾶσα
1439 1652 1642 1723 ἡὲλπὶς
1675 1650 1768 1704 τοῦ
1804 1667 1908 1704 σω-

236 1741 397 1812 θῆναι
426 1744 727 1816 περιῃρέθη
753 1759 766 1774 ·
802 1744 920 1798 τότε
953 1743 1046 1796 καὶ
1069 1741 1134 1796 τὰ
1163 1741 1373 1813 χρηστά
1402 1739 1680 1810 προλέγει.
1727 1739 1823 1804 Ὧς
1843 1739 1910 1792 δὲ

235 1829 862 1898 τεσσαρεσκαιδεκάτη
895 1829 1013 1893 νὺξ
1058 1830 1316 1899 ἐγένετο,
1370 1829 1523 1898 φησι,
1549 1826 1909 1895 φοϐούμενοι

233 1915 502 1983 ηὔχοντο
527 1916 758 1984 ἡμέραν
775 1915 1070 1985 γενέσθαι.
1108 1915 1226 1968 ’Ίνα
1271 1914 1345 1985 μή
1378 1931 1461 1976 τις
1500 1913 1652 1986 εἴπῃ,
1683 1914 1764 1966 ὅτι
1819 1913 1910 1965 οὐ·

233 2003 326 2056 δέν
351 2001 563 2072 γέγονε,
610 2002 768 2055 τοῦτο
821 2003 1090 2072 ἐπήγαγε,
1147 2000 1360 2065 δεικνὺς
1401 2000 1574 2054 πάντα
1624 1999 1905 2068 γεγονότα.

237 2089 364 2144 ὀτι
384 2089 443 2142 δὲ
473 2087 664 2156 γέγονε
686 2128 701 2151 ,
739 2091 832 2142 καὶ
860 2090 887 2140 6
924 2087 1086 2157 φόϐος
1117 2088 1387 2158 μαρτυρεῖ
1423 2104 1435 2117 ·
1471 2086 1745 2153 Ηῦχοντο
1775 2085 1905 2153 γὰρ,

239 2177 431 2246 φησὶν,
463 2174 693 2244 ἡμέραν
725 2176 1003 2244 γενέσθαι
1033 2176 1413 2243 φοϐούμενοι.
1446 2173 1555 2225 Καὶ
1575 2175 1603 2226 6
1631 2172 1794 2234 τόπος
1817 2189 1909 2242 χα-

233 2262 399 2325 λεπτός
428 2279 442 2293 ·
473 2261 618 2315 κατά
659 2261 767 2332 γὰρ
821 2261 910 2315 τὸν
944 2261 1159 2331 Ἀδρίαν
1178 2259 1355 2314 ταῦτα
1378 2258 1669 2330 συμϐαίνει
1704 2273 1723 2294 ·
1765 2274 1778 2290 ·
1811 2258 1906 2311 καὶ

233 2351 272 2419 ἠ
307 2349 494 2404 ἀσιτία
525 2350 559 2420 ή
587 2349 754 2421 πολλή
807 2365 822 2380 ·
883 2347 1555 2416 Τεσσαρεσκαιδεκάτην
1581 2346 1690 2417 γὰρ
1723 2345 1909 2415 σήμε-

227 2449 346 2502 ρον
367 2435 597 2504 ἡμέραν
644 2433 1096 2502 προσδοκῶντες
1135 2435 1332 2487 ἄσιτοι
1363 2432 1707 2486 διατελεῖτε.
1741 2432 1906 2483 Ὥστε

209 2519 300 2587 ,ἐξ
331 2521 588 2574 ἀπάντων
623 2522 680 2573 έν
718 2523 867 2592 μέσῳ
908 2517 1047 2591 ἦσαν
1093 2521 1324 2574 θανάτου
1360 2537 1373 2550 ·
1411 2519 1492 2571 διὸ
1534 2519 1630 2572 καὶ
1662 2519 1857 2586 ἐπάγει
1889 2534 1900 2546 ·

235 2604 571 2673 Παρακαλῶ
592 2605 744 2675 ὑμᾶς
765 2607 1128 2673 προσλαϐεῖν
1158 2604 1402 2675 τροφῆς.
1431 2605 1602 2658 Τοῦτο
1636 2605 1744 2675 γὰρ
1770 2604 1907 2675 πρὸς

234 2692 336 2763 τῆς
378 2691 651 2763 ὑμετέρας
703 2692 976 2763 σωτηρίας
1022 2692 1256 2763 ὑπάρχει
1293 2709 1306 2722 ·
1341 2692 1607 2757 τουτέστι,
1639 2693 1730 2762 Μή
1777 2708 1905 2744 ποτε

233 2777 380 2847 λιμῷ
407 2777 762 2848 διαφθαρῆτε,
785 2779 990 2848 τροφῆς
1009 2778 1361 2848 μεταλάεετε.
1384 2776 1594 2832 Λαϐὼν
1612 2776 1681 2830 δὲ
1700 2777 1903 2845 ἄρτον,

233 2865 424 2934 φησὶν,
453 2864 860 2932 εὐχαρίστησε
885 2863 964 2927 τῷ
1002 2864 1143 2928 Θεῷ.

302 2950 368 3004 δ’.
413 2951 576 3021 Ὀρα,
595 2950 656 3002 τὸ
677 2950 1072 3021 εὐχαριστήσαι
1095 2950 1257 3003 αὐτὸν
1281 2951 1372 3003 ἐπὶ
1393 2952 1504 3013 τοῖς
1520 2949 1907 3020 γεγενημένοις

231 3037 295 3090 οὐ
325 3037 485 3107 μόνον
514 3037 710 3099 αὐτοὺς
757 3036 1095 3108 ἐπέρρωσεν,
1150 3036 1287 3090 ἀλλά
1319 3039 1409 3090 καὶ
1439 3037 1711 3106 εὑθύμους
1736 3039 1897 3092 ποιεῖ.

229 3119 420 3192 Ἦμεν
438 3121 526 3182 δὲ,
553 3121 709 3196 φησὶ,
739 3121 930 3176 πᾶσαι
950 3126 1009 3175 αἱ
1031 3124 1221 3191 ψυχαὶ
1244 3123 1313 3176 ἐν
1353 3122 1435 3189 τῷ
1472 3125 1666 3187 πλοίῳ
1701 3123 1902 3177 διακό-

231 3218 366 3256 σιαι
387 3202 889 3271 ἐϐδομηκονταέξ.
924 3205 1056 3273 Περὶ
1107 3204 1313 3258 τούτων
1345 3206 1531 3273 ἔλεγεν
1551 3220 1564 3235 ·
1609 3207 1901 3276 Ἀποϐολὴ

229 3283 444 3354 ψυχῆς
470 3282 716 3354 οὐδεμία
747 3284 918 3338 ἔσται
941 3286 1011 3351 ἐξ
1041 3285 1227 3355 ὑμῶν.
1277 3287 1425 3358 [402]
1467 3289 1636 3341 Τοῦτο
1691 3289 1904 3368 πεπλη-

230 3371 617 3444 ροφορημένης
640 3371 836 3441 ψυχῆς.
877 3373 937 3426 τὸ
966 3374 1159 3438 εἰπεῖν,
1199 3375 1282 3428 ὄτι
1328 3375 1685 3445 σωθήσονται.
1727 3380 1902 3444 Κορε-

228 3452 479 3517 σθέντες
503 3452 572 3504 δὲ
590 3451 700 3519 τῆς
725 3451 953 3521 τροφῆς
974 3454 1286 3523 ἐκούφιζον
1317 3455 1381 3508 τὸ
1436 3457 1651 3510 πλοῖον
1691 3458 1905 3511 ἐκϐαλ-

226 3536 478 3604 λόμενοι
517 3535 625 3588 τὸν
667 3537 858 3589 σῖτον.
914 3537 1116 3607 Ὀρᾷς;
1170 3537 1305 3607 πρὸς
1338 3539 1400 3590 τὸ
1447 3538 1634 3591 λαϐεῖν
1692 3540 1903 3610 τροφὴν

228 3622 522 3676 πείθονται
547 3623 726 3692 μόνον·
752 3623 868 3678 ἀλλ’
889 3623 1031 3677 οὕτω
1077 3626 1261 3678 λοιπὸν
1296 3626 1357 3679 τὸ
1385 3628 1493 3680 πᾶν
1523 3627 1755 3698 ἔρριψαν
1809 3629 1902 3680 ἐπὶ

225 3708 326 3763 τὸν
361 3709 598 3770 Παῦλον,
617 3711 693 3774 ὼς
713 3712 807 3764 καὶ
828 3711 918 3765 τὸν
953 3714 1095 3766 σῖτον
1118 3713 1387 3768 ἐκϐαλεῖν.
1416 3715 1556 3785 Ὅρα
1582 3716 1777 3778 αὐτοὺς
1807 3717 1901 3768 καὶ

225 3794 304 3849 τά
324 3794 640 3865 ἀνθρώπινα
674 3795 961 3860 ποιοῦντας
985 3836 1000 3861 ,
1032 3799 1127 3851 καὶ
1152 3800 1213 3852 οὐ
1241 3799 1518 3852 κωλύοντα
1544 3799 1637 3852 τὸν
1667 3799 1898 3853 Παῦλον.

230 3879 368 3930 Ὅτε
404 3877 492 3942 δέ,
524 3880 710 3949 φησὶν,
743 3881 934 3948 ἡμέρα
963 3883 1223 3949 ἐγένετο,
1260 3884 1498 3952 ἀνῆκαν
1535 3887 1640 3951 τὰς
1665 3886 1902 3953 ζευκτηο

217 3959 384 4026 ρίας.
418 3959 701 4014 Διαλύεται
747 3961 809 4014 τὸ
845 3963 1025 4016 πλοῖον
1067 3966 1124 4018 ἐν
1174 3966 1376 4038 ἡμέρᾳ,
1423 3968 1511 4020 ῖνα
1544 3969 1617 4038 μὴ
1639 3969 1717 4039 τῷ
1752 3969 1902 4039 φόϐῳ

225 4044 577 4110 διαλυθῶσιν,
633 4048 719 4101 ῖνα
780 4049 895 4121 ῐδῃς
925 4051 1069 4121 ἔργῳ
1106 4052 1205 4122 τὴν
1245 4044 1599 4123 προφητείαν.
1675 4056 1796 4109 Τῶν
1833 4057 1902 4110 δὲ

225 4127 607 4193 στρατιωτῶν
633 4129 836 4197 ,βουλὴ
864 4131 1120 4200 ἐγένετο,
1136 4135 1237 4187 ἵνα
1263 4135 1406 4200 τοὺς
1434 4135 1742 4204 δεσμώτας
1760 4140 1901 4194 ἀπο-

224 4207 567 4263 κτείνωσιν.
608 4211 771 4280 Ὀρᾷς
801 4212 883 4264 ὅτι
929 4215 1022 4266 καὶ
1067 4219 1208 4269 κατὰ
1239 4216 1396 4270 τοῦτο
1442 4218 1518 4289 τῷ
1559 4220 1757 4291 Παύλῳ
1783 4223 1902 4292 ὲχα-

226 4293 534 4366 ρίσθησαν;
569 4296 656 4349 διὰ
688 4298 797 4369 γάρ
831 4300 991 4352 αὐτὸν
1024 4302 1124 4354 οὐκ
1163 4304 1341 4356 εῖασεν
1380 4305 1575 4370 αὐτοὺς
1609 4309 1901 4379 ἀναιρεθῆ-

222 4398 320 4468 ναι
350 4383 378 4434 6
405 4383 815 4456 ἑκατόνταρχος.
854 4386 1008 4441 οὕτω
1053 4407 1141 4459 μοι
1197 4391 1444 4446 δοκοῦσιν
1491 4395 1902 4468 ώμολογημένοι

224 4462 371 4519 εῖναι
410 4470 569 4522 κακοῖ⁸
630 4473 848 4539 ἐκεῖνοι,
895 4473 1033 4528 ὥστε
1067 4475 1281 4532 ἑλέσθαι
1311 4480 1506 4544 αὐτοὺς
1536 4462 1627 4535 καὶ
1656 4462 1866 4538 ἀνελεῖν

374 4550 525 4603 οὐδὲν
564 4553 726 4608 πλέον
758 4557 973 4624 γέγονε,
1028 4559 1120 4611 τοῦ
1163 4559 1499 4632 βουλήματος
1541 4566 1898 4636 κωλυθέντες,

223 4635 346 4724 ἀλλ’
366 4637 416 4689 οί
445 4636 544 4706 μὲν
559 4637 1004 4712 ἐξεκολύμϐησαν
1022 4645 1074 4709 b,
1105 4647 1153 4699 οί
1174 4647 1229 4700 δὲ
1258 4649 1350 4700 ἐπὶ
1377 4651 1604 4704 σανίδων
1618 4635 1896 4724 ἐφέροντο,

225 4723 328 4777 καὶ
361 4723 560 4810 πάντες
604 4725 776 4791 οὕτως
809 4728 1114 4801 ἐσώθησαν,
1170 4735 1266 4787 καὶ
1327 4738 1360 4807 ή
1408 4740 1716 4810 προφητεία
1747 4742 1899 4807 τέλος

223 4809 559 4901 ἐλάμϐανεν,
586 4814 633 4866 εί
652 4815 746 4867 καὶ
778 4816 853 4886 μὴ
887 4817 965 4886 τῷ
995 4821 1169 4891 χρόνῳ
1201 4825 1370 4893 σεμνή
1396 4842 1477 4886 τις
1501 4809 1635 4879 οὖσα
1660 4841 1673 4858 ·
1699 4829 1760 4881 οὐ
1792 4831 1899 4901 γὰρ

224 4897 341 4968 πρὸ
363 4899 574 4953 πολλῶν
604 4901 741 4956 ἑτῶν
775 4904 945 4975 αὐτὴν
972 4905 1255 4977 προεῖπεν,
1317 4911 1452 4964 ἀλλά
1481 4917 1545 4982 τῇ
1583 4914 1742 4984 φύσει

225 4985 573 5055 πραγμάτων
605 4988 898 5058 ἑπόμενος·
950 4993 1244 5048 ἀνέλπιστα
1297 4998 1407 5068 γὰρ
1447 4995 1515 5069 ῆν
1571 5002 1767 5066 πάντα,
1805 5006 1896 5058 καὶ

221 5070 319 5157 διὰ
363 5070 463 5139 τῆς
507 5073 712 5138 οἰκείας
757 5079 1032 5148 σωτηρίας
1086 5081 1390 5151 ἐμάνθανον
1445 5087 1530 5150 τίς
1593 5088 1622 5140 6
1683 5089 1897 5157 Παῦλος

223 5151 319 5226 ἦν.
364 5158 502 5211 Ἀλλ’
560 5159 704 5215 εἴποι
757 5163 822 5217 ἀν
878 5182 962 5228 τις
1001 5183 1013 5197 ·
1066 5170 1166 5222 Διὰ
1217 5170 1270 5221 τί
1325 5171 1399 5242 μὴ
1455 5173 1548 5226 καὶ
1594 5175 1654 5228 τὸ
1711 5151 1895 5233 πλοῖον

224 5243 524 5312 διέσωσεν;
556 5247 672 5301 Ἵνα
702 5249 945 5320 μάθωσιν
968 5247 1079 5307 οἷον
1112 5256 1354 5311 κίνδυνον
1373 5259 1625 5330 διέφυγον
1646 5279 1659 5294 ·
1684 5265 1765 5317 ὃτι
1796 5269 1896 5321 οὐκ

225 5330 580 5403 ἀνθρωπίνης
611 5335 862 5408 βοηθείας
891 5335 958 5410 ἦν
993 5342 1051 5394 τὸ
1097 5345 1223 5406 πᾶν,
1277 5345 1413 5398 άλλά
1461 5349 1560 5418 τῆς
1612 5352 1710 5404 τοῦ
1759 5354 1895 5407 Θεοῦ

227 5418 422 5488 χειρὸς
459 5423 629 5491 χωρὶς
658 5423 844 5477 πλοίου
869 5427 1168 5497 σωζούσης.
1200 5431 1362 5484 Ὥστε
1388 5435 1439 5486 οἱ
1461 5435 1657 5490 δίκαιοι
1706 5441 1806 5493 κᾶν
1838 5444 1894 5494 ὲν

225 5505 458 5575 χειμῶνι
498 5502 618 5571 ὦσι,
646 5511 749 5563 κᾶν
797 5515 854 5565 ὲν
893 5514 1157 5588 θαλάσσῃ,
1204 5520 1306 5573 κᾶν
1346 5523 1402 5574 ὲν
1435 5524 1685 5592 πελάγει,
1743 5531 1894 5582 οὐδὲν

227 5592 501 5660 πάσχουσι
533 5595 723 5660 δεινὸν,
745 5599 890 5653 ἀλλά
925 5602 1016 5655 καὶ
1050 5605 1270 5674 ἐτέρους
1322 5611 1794 5677 συνδιασώζουσιν.
1831 5619 1891 5670 ΕΞ

229 5678 413 5730 πλοῖον
445 5682 750 5735 κινδυνεῦον
780 5687 871 5737 καὶ
903 5691 1156 5759 ναυάγιον
1178 5695 1466 5762 ὑπομένον,
1498 5702 1591 5751 καὶ
1616 5701 1891 5772 δεσμῶται

227 5762 316 5816 διὰ
352 5766 558 5819 Παῦλον
588 5769 889 5841 ἐσώθησαν,
932 5777 1204 5847 ἐννόησον,
1230 5781 1282 5832 τί
1331 5785 1477 5836 ἔστιν
1527 5786 1680 5854 ἆγιον
1714 5762 1890 5861 ’ἄνδρα

299 5889 323 5916 ⁸
347 5884 511 5936 Ταῦτα
531 5892 772 5950 συμϐαίνει
807 5897 948 5946 deest
994 5901 1038 5949 ill
1068 5915 1160 5948 uno
1188 5904 1273 5950 L’UII
1383 5905 1406 5942 δ
1432 5906 1526 5955 Αὶὶί
1556 5909 1858 5970 ἑκών-κειῦουν.

1255 319 1316 374 ΙΝ
1363 316 1542 373 ACTA
1584 310 2120 371 AI’OSTOI.ORUM.
2159 312 2391 371 IIOIIIL.
2437 317 2568 372 LIII.

3583 318 3690 372 572

2020 421 2159 480 εῖναι
2183 429 2240 480 ὲν
2273 429 2452 501 οίκία·
2517 429 2700 482 πολλοὶ
2730 427 2837 501 γὰρ
2871 430 2920 483 οί
2956 430 3225 501 χειμῶνες
3273 432 3367 486 καὶ
3415 433 3546 504 ἡμῖν
3592 436 3694 505 ιφ·-

2023 511 2291 579 ίστανται,
2314 517 2406 568 καὶ
2435 516 2614 586 πολλῷ
2634 517 2839 570 τούτων
2857 517 3252 589 χαλεπώτεροι,
3282 519 3420 574 ἀλλά
3465 520 3692 576 δύναται

2019 600 2111 652 καὶ
2160 601 2307 669 ἡμᾶς
2336 603 2687 673 χαρίσασθαι,
2719 605 2878 673 μόνον
2906 604 3001 658 ἐάν
3033 605 3350 676 πειθώμεθα
3377 609 3484 670 τοῖς
3515 608 3692 676 ἁγίοις

2012 685 2267 758 καθάπερ
2299 690 2520 756 ἐκεῖνοι,
2555 691 2622 743 ἂν
2657 691 2900 760 ποιῶμεν
2926 690 2960 744 ἀ
2995 692 3444 762 προστάττουσιν.
3481 696 3554 747 υύ
3580 695 3691 766 γάρ

2010 771 2201 834 ἁπλῶς
2258 774 2543 838 σώζονται,
2577 777 2713 831 ἀλλὰ
2749 779 2842 830 καὶ
2902 778 3054 832 αὐτοὶ
3107 780 3292 834 πίστιν
3340 783 3687 852 εἰσήνεγκαν.

2012 858 2132 940 Κᾶν
2162 859 2383 930 δέσμιος
2469 863 2496 914 6
2526 863 2702 931 ἅγιος,
2750 864 2858 916 τῶν
2909 864 3220 935 λελυμένων
3272 867 3498 936 μείζονα
3526 871 3694 940 ἐργά-

2011 937 2181 1001 ζεται.
2214 941 2322 992 Καὶ
2347 943 2537 995 σκόπει
2561 943 2719 996 τοῦτο
2761 944 2993 998 ἐνταῦθα
3036 947 3403 1016 γεγενημένον
3437 960 3483 1002 ο.
3530 937 3588 1003 Ὀ
3613 949 3693 1003 λε-

2009 1021 2240 1091 λυμένος
2277 1024 2676 1095 ἑκατόνταρχος
2731 1025 2896 1080 αὐτοῦ
2943 1027 3111 1081 ἐδεῖτο
3160 1028 3256 1082 τοῦ
3304 1029 3626 1099 δεδεμένου·
3662 1035 3691 1086 6

2012 1106 2331 1177 ἐπιστήμων
2354 1107 2693 1178 κυϐερνήτης
2721 1109 2816 1162 τοῦ
2842 1112 2916 1180 μὴ
2937 1110 3270 1181 κυϐερνήτου
3296 1109 3518 1184 ἔχρῃζε,
3556 1114 3692 1183 μᾶλ-

2010 1186 2101 1240 λον
2125 1187 2182 1241 δὲ
2207 1187 2300 1241 τοῦ
2325 1190 2496 1252 ὄντως
2527 1190 2887 1261 κυϐερνήτου.
2924 1193 2998 1244 Ού
3021 1194 3129 1265 γάρ
3141 1193 3384 1248 τοιοῦτον
3419 1196 3689 1267 ἐκυϐέρνα

2012 1268 2243 1337 σκάφος,
2297 1271 2434 1323 ἀλλά
2481 1271 2580 1341 τῆς
2633 1274 2959 1345 οἰκουμένης
3013 1274 3114 1346 τὴν
3158 1276 3510 1346 Ἐκκλησίαν,
3560 1281 3690 1351 παρ’

2011 1351 2221 1405 ἐκείνου
2247 1351 2435 1422 μαθὼν
2462 1354 2557 1407 τοῦ
2585 1355 2679 1408 καὶ
2709 1354 2986 1426 θαλάσσης
3020 1358 3315 1420 Δεσπότου,
3351 1359 3451 1412 οὐκ
3478 1359 3692 1432 ἀνθρω-

2011 1433 2141 1504 πίνῃ
2201 1434 2386 1506 τέχνῃ,
2436 1434 2574 1490 ἀλλὰ
2620 1443 2967 1510 πνευματικῇ
3004 1440 3188 1512 σοφίᾳ.
3237 1440 3325 1494 Ἐν
3373 1441 3452 1512 τῷ
3491 1443 3691 1512 σκάφει

2010 1514 2185 1598 τούτῳ
2212 1516 2384 1570 πολλά
2409 1517 2664 1586 ναυάγια,
2697 1519 2865 1572 πολλὰ
2896 1521 3140 1592 κύματα,
3171 1523 3460 1592 πνεύματα
3523 1543 3692 1598 πονη-

2016 1596 2158 1666 ρίας,
2189 1598 2457 1652 Ἕσωθεν
2480 1599 2688 1668 μάχαι,
2740 1602 2963 1665 ἔξωθεν
3013 1606 3218 1673 φόϐοι·
3271 1604 3411 1659 ὥστε
3461 1607 3490 1658 6
3521 1596 3691 1670 ὅντως

2013 1679 2351 1750 κυϐερνήτης
2387 1682 2594 1744 ἐκεῖνος
2612 1678 2701 1752 ἦν.
2733 1684 2872 1755 Ὅρα
2899 1685 2962 1756 δή
2995 1687 3088 1740 τὸν
3123 1687 3237 1757 βίον
3270 1687 3428 1758 ήμῶν
3475 1691 3691 1746 ἅπαντα

2013 1761 2131 1840 πῶς
2157 1761 2398 1824 τοιοῦτός
2426 1765 2564 1820 ἐστι.
2613 1765 2750 1818 Ποτὲ
2808 1766 2906 1836 μὲν
2954 1769 3060 1837 γάρ
3107 1767 3519 1840 φιλανθρωπίας
3548 1771 3688 1825 ἀπο-

2011 1839 2270 1909 λαύομεν,
2328 1841 2457 1894 ποτε
2501 1841 2558 1893 δὲ
2609 1844 2896 1913 χειμῶνος,
2941 1847 3070 1900 ποτὲ
3137 1847 3232 1900 καὶ
3291 1839 3424 1917 παρ’
3478 1849 3690 1903 οίκείαν

2010 1925 2292 1992 ἀϐουλίαν,
2329 1927 2423 1980 καὶ
2465 1929 2616 1999 παρά
2654 1929 2716 1984 τὸ
2747 1930 3013 2002 ῥᾳθυμεῖν
3059 1932 3116 1985 δὲ
3155 1935 3372 2003 μυρίοις
3411 1935 3686 2005 ὲμπίπτο-

2012 2028 2112 2080 μεν
2138 2012 2353 2074 κακοῖς·
2377 2012 2578 2082 μᾶλλον
2599 2013 2656 2065 δὲ
2673 2011 2832 2066 τοῦτο
2857 2014 3085 2082 γίνεται,
3108 2019 3258 2087 παρά
3277 2019 3344 2070 ,τὸ
3368 2017 3444 2088 μὴ
3467 2017 3689 2072 ἀκούειν

2011 2094 2250 2157 Παύλου,
2283 2096 2412 2149 ὅταν
2443 2094 2795 2167 ἐπειγώμεθα
2823 2114 2924 2150 που
2965 2096 3246 2164 ἀπελθεῖν,
3297 2099 3426 2151 ἔνθα
3477 2102 3550 2172 μὴ
3597 2118 3690 2155 κε·

2009 2177 2172 2232 λεύει.
2212 2179 2458 2246 Συμπλεῖ
2501 2179 2608 2249 γὰρ
2639 2179 2731 2232 καὶ
2766 2180 2859 2232 νῦν
2912 2181 3061 2250 ἡμῖν,
3108 2180 3224 2234 ἀλλ’
3273 2180 3334 2233 ού
3378 2180 3684 2251 δεδεμένος,

2008 2259 2262 2330 καθάπερ
2295 2259 2415 2312 τότε
2439 2276 2450 2288 ·
2482 2262 2743 2330 παραινεῖ
2767 2261 2862 2314 καὶ
2894 2261 3012 2327 νῦν,
3049 2263 3144 2317 καὶ
3198 2262 3347 2331 λέγει
3371 2266 3483 2326 τοῖς
3535 2266 3591 2316 ὲν
3617 2267 3684 2336 τῇ

2010 2338 2247 2412 θαλάττῃ
2268 2342 2441 2412 ταύτῃ
2491 2341 2666 2413 [405]·
2716 2343 3050 2412 Προσέχετε
3089 2344 3356 2411 ἑαυτοῖς·
3414 2347 3686 2400 εἰσελεύ-

2006 2437 2217 2478 σονται
2238 2424 2349 2493 γὰρ
2377 2424 2526 2492 μετὰ
2556 2424 2671 2492 τὴν
2702 2426 2915 2494 ἄφιξίν
2951 2445 3066 2493 μου
3123 2428 3301 2481 λύκοι
3336 2429 3551 2496 ,βαρεῖς
3598 2430 3687 2494 είς

2006 2506 2193 2573 ὑμᾶς·
2225 2507 2319 2559 καὶ
2350 2507 2532 2572 πάλιν,
2569 2508 2674 2561 Ἕν
2700 2508 2972 2576 ὑστέροις
2999 2509 3229 2576 καιροῖς
3276 2510 3686 2575 ἐνστήσονται

2005 2588 2195 2654 καιροί
2224 2589 2503 2656 χαλεποί,
2526 2589 2625 2642 καί
2660 2590 2909 2643 ἔσονται
2943 2594 2997 2645 οι
3030 2590 3329 2660 ἄνθρωποι
3375 2593 3684 2660 φίλαυτοι,

2004 2669 2381 2740 φιλάργυροι,
2402 2671 2712 2740 ἀλαζόνες.
2729 2672 2902 2727 Τοῦτο
2928 2673 3146 2728 πάντων
3173 2673 3554 2746 χαλεπώτερον
3575 2674 3688 2731 τῶν

2007 2754 2362 2824 πνευμάτων.
2468 2813 2471 2817 ,

2075 2923 2137 2971 ε’.
2171 2918 2438 2988 Μένωμεν
2461 2913 2554 2974 οὖν
2581 2919 2706 2975 ἔνθα
2726 2920 2939 2974 κελεύει
2955 2922 3047 2975 ἐπὶ
3069 2922 3170 2992 τῆς
3197 2922 3455 2987 πίστεως,
3476 2924 3568 2977 ἐπὶ
3591 2923 3685 2979 τοῦ

2004 2998 2222 3070 λιμένος
2244 3000 2339 3054 τοῦ
2370 3002 2649 3071 ἀσφαλοῦς
2668 3019 2682 3033 ⁶
2713 3002 2878 3057 αὑτοῦ
2907 3003 3110 3074 μᾶλλον
3152 3004 3465 3075 ἀκούωμεν,
3515 3006 3549 3077 ἢ
3587 3006 3685 3059 τοῦ

2004 3085 2340 3156 κυϐερνήτου
2378 3086 2471 3139 τοῦ
2525 3087 2582 3140 ὲν
2632 3088 2783 3157 ἡμῖν,
2835 3089 3080 3141 τουτέστι
3127 3087 3220 3141 τοῦ
3256 3088 3545 3158 λογισμοῦ.
3591 3091 3684 3161 Μή

2005 3172 2150 3242 άπερ
2180 3174 2245 3225 ἂν
2291 3171 2571 3243 ύποϐάλλῃ
2616 3168 2804 3237 οὗτος,
2849 3174 3119 3244 ποιῶμεν,
3165 3177 3242 3244 μή
3283 3173 3431 3246 ἆπερ
3480 3178 3508 3229 6
3549 3177 3681 3230 ναύ-

2004 3251 2224 3322 κληρος,
2243 3253 2378 3307 ἀλλὰ
2407 3253 2549 3322 άπερ
2570 3253 2676 3307 ἃνό
2698 3254 2930 3319 Παῦλος·
2958 3257 3183 3327 μυρίους
3200 3255 3472 3321 τοιούτους
3498 3258 3684 3330 διῆλθε

2004 3330 2300 3400 χειμῶνας.
2347 3332 2440 3402 Μὴ
2483 3334 2548 3402 τῇ
2598 3333 2765 3404 πείρα
2825 3333 3220 3404 μανθάνωμεν,
3264 3335 3402 3387 ἀλλά
3441 3337 3549 3406 πρὸ
3584 3339 3685 3407 τῆς

2005 3409 2203 3480 πείρας
2256 3409 2608 3480 κερδάνωμεν
2643 3413 2734 3464 καὶ
2786 3411 2944 3482 ὕϐριν
2990 3413 3087 3465 καὶ
3136 3410 3361 3482 ζημίαν.
3411 3415 3684 3468 Ἀκουσον

2003 3489 2055 3542 τί
2088 3507 2272 3558 φησ.ν·
2310 3494 2374 3544 Ol
2393 3492 2762 3561 ,ϐουλόμενοι
2801 3494 3114 3558 πλουτεῖν,
3149 3495 3559 3563 ἐμπίπτουσιν
3595 3498 3686 3562 εις

2005 3571 2358 3636 πειρασμόν.
2385 3569 2711 3640 Πειθώμεθα
2738 3573 2916 3626 τοίνυν
2932 3573 3102 3643 αὐτῷ,
3121 3573 3244 3626 ἐπεὶ
3273 3575 3366 3626 καὶ
3392 3575 3590 3627 ἐκεῖνοι
3607 3575 3683 3646 μὴ

2004 3647 2338 3712 πεισθέντες,
2373 3651 2536 3719 ὁρᾶτε
2556 3652 2608 3702 τί
2625 3651 2845 3707 ἔπαθον.
2873 3654 2981 3706 Καὶ
3003 3654 3165 3706 πάλιν
3191 3653 3417 3724 ἑτέρωθι
3437 3653 3606 3723 λέγει,
3628 3657 3683 3708 τί

2003 3729 2149 3778 ποιεῖ
2181 3727 2445 3794 ναυάγια·
2478 3730 2728 3795 Οἵτινες,
2754 3733 2942 3802 φησὶν,
2984 3732 3378 3802 ἐναυάγησαν
3403 3735 3536 3801 περὶ
3564 3735 3684 3801 τὴν

2003 3810 2228 3863 πίστιν.
2263 3810 2334 3862 Σὺ
2352 3810 2406 3862 δὲ
2433 3810 2560 3880 μένε
2584 3814 2640 3866 ὲν
2671 3807 2750 3876 οἷς
2774 3813 2975 3882 ἔμαθες
2999 3816 3092 3868 καὶ
3113 3815 3443 3885 ἐπιστώθης.
3478 3816 3684 3870 Πειθώ-

2006 3886 2145 3952 μεθα
2172 3886 2392 3956 Παύλῳ·
2425 3888 2528 3942 κᾶν
2554 3891 2612 3941 έν
2636 3890 2787 3959 μέσῳ
2811 3885 2960 3962 ὦμεν
2984 3892 3237 3964 χειμῶνι,
3259 3895 3475 3958 πάντως
3505 3895 3682 3948 ἁπαλ-

2000 3964 2477 4044 λαγησόμεθατῶν
2499 3968 2782 4031 κινδύνων,
2803 3969 2904 4022 κᾶν
2927 3972 3426 4042 τεσσαρεσκαίδεκα
3447 3975 3680 4044 ἡμέραις

2001 4043 2177 4124 ἄσιτοι
2206 4043 2573 4124 διαμένωμεν,
2607 4048 2764 4118 κᾶνή
2802 4049 2957 4112 ὲλπὶς
2983 4049 3082 4120 τῆς
3123 4053 3398 4120 σωτηρίας
3446 4043 3676 4124 ἐκπέσῃ,

2002 4119 2194 4202 κᾶν-έν
2250 4122 2453 4202 σκότῳῖ
2487 4117 2638 4202 ὦμεν
2686 4117 2782 4177 καὶ
2848 4117 3054 4196 γνόφῳ,
3124 4117 3441 4193 πεισθέντες
3501 4117 3676 4202 αὐτῷ,

2002 4198 2502 4271 ἀπαλλαγησόμεθα
2535 4201 2645 4256 τῶν
2662 4204 2947 4262 κινδύνων.
2973 4206 3166 4260 Πλοῖον
3192 4203 3333 4261 εἶναι
3366 4198 3679 4280 νομίζωμεν

2001 4281 2100 4352 τὴν
2133 4284 2458 4354 οίκουμένην
2481 4287 2683 4349 πᾶσαν,
2713 4289 2818 4341 κάν
2848 4288 3023 4360 τούτῳ
3051 4293 3179 4355 τοὺς
3207 4293 3557 4364 κακούργους
3582 4297 3678 4349 καὶ

2005 4361 2177 4430 μυρία
2207 4361 2426 4431 ἔχοντας
2452 4363 2620 4430 δεινὰ,
2662 4368 2789 4442 τοὺς
2823 4368 2922 4437 μὲν
2944 4370 3233 4439 ἄρχοντας,
3257 4361 3467 4435 τοὺςδὲ
3514 4373 3680 4442 φύλα-

2002 4456 2125 4503 κας,
2156 4442 2281 4521 τοὺς
2311 4442 2368 4494 δὲ
2385 4442 2650 4507 δικαίους,
2683 4441 2795 4507 οἷος
2840 4446 3072 4512 Παῦλος,
3114 4449 3242 4511 τοὺς
3281 4451 3337 4503 δὲ
3395 4451 3676 4521 δεσμίους,

2001 4521 2121 4599 ταῖς
2153 4519 2449 4590 ἁμαρτίαις
2474 4522 2817 4593 δεδεμένους·
2853 4527 2918 4579 ἂν
2943 4527 3040 4596 μὲν
3074 4523 3168 4581 οὖν
3222 4528 3421 4599 Παύλῳ
3474 4519 3674 4584 πειθώ-

2007 4598 2165 4667 μεθα,
2213 4599 2274 4652 ού
2314 4601 2590 4680 δεδεμένοι
2643 4604 3018 4674 ἀπολλύμεθα,
3065 4609 3202 4661 ἀλλὰ
3256 4598 3672 4680 καίλυόμεθα·

2003 4680 2272 4761 χαριεῖται
2305 4679 2399 4761 καί⁵
2429 4682 2574 4761 ἡμᾶς
2605 4684 2807 4754 αύτῷό
2853 4685 3007 4749 Θεός.
3059 4688 3128 4741 Ἦ
3179 4690 3278 4742 οὑκ
3322 4690 3426 4742 οἴει
3477 4679 3678 4761 δεσμὸν

2003 4749 2139 4842 εἶναι
2172 4755 2407 4842 χαλεπὸν
2434 4749 2504 4842 τά
2526 4749 2904 4842 Δἁμαρτήματα
2944 4765 3037 4816 καὶ
3070 4766 3138 4819 τὰ
3179 4766 3359 4837 πάθη;
3386 4771 3448 4822 ού
3476 4749 3588 4841 γάῥ
3612 4770 3676 4842 δὴ

2001 4835 2182 4918 χεῖρες
2219 4835 2394 4918 μόνον
2438 4839 2548 4891 είσὶ
2600 4839 2903 4910 δεδεμέναι,
2961 4844 3078 4897 ἀλλ’
3139 4846 3167 4897 6
3221 4835 3329 4909 πᾶς
3365 4835 3672 4918 ἄνθρωποςξ

2001 4914 2272 5003 ﬂvit-7&9
2297 4919 2564 5003 pozléfav
2588 4937 2690 5003 tu;
2714 4924 2971 5003 χρήματα
3016 4925 3184 4979 πολλά
3229 4914 3568 4999 κεκτημένος
3602 4931 3676 5003 μὴ

2000 4994 2269 5078 ἀναλίσκη
2302 4997 2435 5078 μηδὲ
2479 4997 2714 5070 δαπανᾷ,
2759 5002 2894 5055 ἀλλά
2937 5004 3164 5078 κατέχῃ,
3199 5007 3322 5076 οὐχὶ
3355 4994 3552 5070 παντὸς
3593 4994 3677 5062 δεί

2003 5074 2161 5142 σμίου
2186 5074 2567 5159 χαλεπώτερον
2589 5081 2656 5149 τῇ
2691 5081 2952 5154 φειδωλία
2975 5074 3474 5156 δεσμεῖταινδεσμῷ
3503 5087 3675 5159 699a-

1999 5160 2117 5241 γεῖς
2279 5159 2575 5241 δαὶδὸταν
2611 5179 2720 5241 ῌτις
2769 5165 3080 5239 εἱμαρμένῃ
3120 5168 3314 5222 ἑαυτὸν
3372 5158 3671 5241 ὑποϐάλλῃ,

1998 5236 2120 5306 οὐχὶ
2140 5238 2302 5290 πάλιν
2354 5240 2535 5303 ἄλλοις
2581 5237 2732 5306 οὗτος
2779 5244 3001 5315 δεσμοῖς
3035 5236 3285 5314 δέδεται;
3320 5249 3385 5301 Τί
3409 5250 3519 5312 δαὶ,
3546 5236 3673 5305 δτᾱίν

2001 5318 2456 5397 παρατηρήσεσι;
2494 5319 2546 5370 τί
2593 5319 2701 5384 δαὶ,
2747 5323 2877 5376 ὅταν
2928 5325 3249 5395 συμϐόλοις;
3308 5329 3427 5397 οὐχὶ
3470 5331 3672 5394 παντὸς

1996 5395 2196 5464 δεσμοῦ
2255 5396 2428 5480 ταῦτα
2475 5397 2862 5480 χαλεπώτερας
2929 5404 2981 5453 τί
3040 5405 3166 5470 δαὶ,
3221 5395 3668 5480 ὃτανννὲπιθυμέᾳ

1996 5476 2176 5547 ἀλόγῳ
2217 5478 2310 5528 καὶ
2343 5477 2544 5545 έρωτι;
2583 5479 2676 5542 Τίς
2704 5481 3230 5552 διαρῤήξειτούτους
3265 5486 3392 5553 ὑμῖν
3429 5476 3674 5549 τοὺςδεν-

2000 5554 2202 5623 σμούςς
2235 5556 2342 5608 Τοῦ
2373 5558 2507 5610 Θεοῦ
2538 5559 2695 5628 χρεία
2722 5559 2863 5612 ὥστε
2895 5560 3145 5630 λυθῆναι.
3187 5564 3296 5615 Καὶ
3323 5563 3380 5614 ἓν
3411 5565 3511 5632 μὲν
3543 5565 3666 5617 τού-

1996 5649 2102 5684 των
2127 5635 2288 5704 ἀρκεῖ
2315 5636 2557 5689 κίνδυνον
2608 5639 2939 5708 ἐμποιῆσαι·
2975 5643 3103 5693 ὅταν
3138 5642 3194 5693 δὲ
3224 5643 3316 5694 καὶ
3359 5641 3536 5711 δεσμὰ
3578 5647 3669 5697 καὶ

1997 5712 2221 5781 χειμὼν,
2256 5714 2505 5783 ἐννόησον
2549 5717 2672 5769 ὅσον
2710 5718 2768 5770 τὸ
2799 5718 2907 5771 τῶν
2963 5720 3246 5774 κινδύνων.
3314 5722 3376 5772 Τί
3415 5723 3519 5792 γὰρ
3571 5727 3667 5796 οὐχ

2058 5849 2227 5905 εξῐὶς,
2278 5856 2352 5901 καὶ
2408 5857 2576 5904 σκόπει
2636 5857 2776 5909 τοῦτο
2825 5860 3019 5909 ἐνταῦθα

1998 5915 2217 5960 nonnulli

3088 5864 3410 5922 γεγενημένον,
3487 5879 3538 5911 (Ἢ
3547 5878 3595 5910 ΓΘ
3605 5868 3656 5913 HI
