  <div class='ocr_page' id='page_1' title='image "/cluster/home/n/w/nwhite01/storage/ocr_20150623/60/pst.000005712601/378.png"; bbox 0 0 4118 6340; ppageno 0'>
   <div class='ocr_carea' id='block_1_1' title="bbox 190 312 285 365">
    <p class='ocr_par' dir='ltr' id='par_1_1' title="bbox 190 312 285 365">
     <span class='ocr_line' id='line_1_1' title="bbox 190 312 285 365; baseline 0 0"><span class='ocrx_word' id='word_1_1' title='bbox 190 312 285 365; x_wconf 74' lang='lat'><strong>5&#39;5</strong></span> 
     </span>
    </p>
   </div>
   <div class='ocr_carea' id='block_1_2' title="bbox 189 411 1767 486">
    <p class='ocr_par' dir='ltr' id='par_1_2' title="bbox 189 411 1767 486">
     <span class='ocr_line' id='line_1_2' title="bbox 189 411 1767 486; baseline -0.015 -2"><span class='ocrx_word' id='word_1_2' title='bbox 189 434 293 484; x_wconf 66' lang='lat' dir='ltr'><strong>hate</strong></span> <span class='ocrx_word' id='word_1_3' title='bbox 328 424 481 479; x_wconf 79' lang='lat' dir='ltr'><strong>vobis</strong></span> <span class='ocrx_word' id='word_1_4' title='bbox 513 420 725 476; x_wconf 82' lang='lat' dir='ltr'><strong>vincula</strong></span> <span class='ocrx_word' id='word_1_5' title='bbox 771 416 1109 486; x_wconf 77' lang='lat' dir='ltr'><strong>disrumpct?</strong></span> <span class='ocrx_word' id='word_1_6' title='bbox 1142 415 1249 469; x_wconf 86' lang='lat' dir='ltr'><strong>Deo</strong></span> <span class='ocrx_word' id='word_1_7' title='bbox 1295 425 1429 480; x_wconf 83' lang='lat' dir='ltr'><strong>opus</strong></span> <span class='ocrx_word' id='word_1_8' title='bbox 1461 420 1543 466; x_wconf 86' lang='lat' dir='ltr'><strong>est</strong></span> <span class='ocrx_word' id='word_1_9' title='bbox 1574 420 1630 464; x_wconf 94' lang='lat' dir='ltr'><strong>ut</strong></span> <span class='ocrx_word' id='word_1_10' title='bbox 1659 411 1767 462; x_wconf 84' lang='lat' dir='ltr'><strong>sol-</strong></span> 
     </span>
    </p>
   </div>
   <div class='ocr_carea' id='block_1_3' title="bbox 187 501 1772 582">
    <p class='ocr_par' dir='ltr' id='par_1_3' title="bbox 187 501 1772 582">
     <span class='ocr_line' id='line_1_3' title="bbox 187 501 1772 582; baseline -0.011 -10"><span class='ocrx_word' id='word_1_11' title='bbox 187 530 395 575; x_wconf 75' lang='lat' dir='ltr'><strong>vantnr.</strong></span> <span class='ocrx_word' id='word_1_12' title='bbox 428 518 490 572; x_wconf 83' lang='lat' dir='ltr'><strong>Et</strong></span> <span class='ocrx_word' id='word_1_13' title='bbox 519 530 685 570; x_wconf 91' lang='lat' dir='ltr'><strong>unum</strong></span> <span class='ocrx_word' id='word_1_14' title='bbox 713 513 926 582; x_wconf 90' lang='lat' dir='ltr'><strong>quidem</strong></span> <span class='ocrx_word' id='word_1_15' title='bbox 957 509 1144 562; x_wconf 91' lang='lat' dir='ltr'><strong>horum</strong></span> <span class='ocrx_word' id='word_1_16' title='bbox 1167 504 1362 560; x_wconf 87' lang='lat' dir='ltr'><strong>sufficit</strong></span> <span class='ocrx_word' id='word_1_17' title='bbox 1385 502 1452 557; x_wconf 86' lang='lat' dir='ltr'><strong>ad</strong></span> <span class='ocrx_word' id='word_1_18' title='bbox 1481 501 1772 571; x_wconf 85' lang='lat' dir='ltr'><strong>perieulum</strong></span> 
     </span>
    </p>
   </div>
   <div class='ocr_carea' id='block_1_4' title="bbox 184 593 1772 670">
    <p class='ocr_par' dir='ltr' id='par_1_4' title="bbox 184 593 1772 670">
     <span class='ocr_line' id='line_1_4' title="bbox 184 593 1772 670; baseline -0.015 0"><span class='ocrx_word' id='word_1_19' title='bbox 184 611 474 670; x_wconf 86' lang='lat' dir='ltr'><strong>creandum</strong></span> <span class='ocrx_word' id='word_1_20' title='bbox 507 628 519 662; x_wconf 92' lang='lat'><strong>:</strong></span> <span class='ocrx_word' id='word_1_21' title='bbox 548 623 672 664; x_wconf 87' lang='lat' dir='ltr'><strong>eum</strong></span> <span class='ocrx_word' id='word_1_22' title='bbox 718 613 899 658; x_wconf 89' lang='lat' dir='ltr'><strong>autem</strong></span> <span class='ocrx_word' id='word_1_23' title='bbox 929 599 1134 653; x_wconf 78' lang='lat' dir='ltr'><strong>vincula</strong></span> <span class='ocrx_word' id='word_1_24' title='bbox 1179 608 1231 651; x_wconf 84' lang='lat' dir='ltr'><strong>et</strong></span> <span class='ocrx_word' id='word_1_25' title='bbox 1265 605 1572 664; x_wconf 88' lang='lat' dir='ltr'><strong>tempestas,</strong></span> <span class='ocrx_word' id='word_1_26' title='bbox 1602 593 1772 665; x_wconf 79' lang='lat' dir='ltr'><strong>Cogita</strong></span> 
     </span>
    </p>
   </div>
   <div class='ocr_carea' id='block_1_5' title="bbox 184 689 1764 777">
    <p class='ocr_par' dir='ltr' id='par_1_5' title="bbox 184 689 1764 777">
     <span class='ocr_line' id='line_1_5' title="bbox 184 689 1764 777; baseline -0.012 -17"><span class='ocrx_word' id='word_1_27' title='bbox 184 715 383 777; x_wconf 88' lang='lat' dir='ltr'><strong>quanta</strong></span> <span class='ocrx_word' id='word_1_28' title='bbox 415 704 522 758; x_wconf 88' lang='lat' dir='ltr'><strong>sint</strong></span> <span class='ocrx_word' id='word_1_29' title='bbox 552 698 811 770; x_wconf 88' lang='lat' dir='ltr'><strong>pericula.</strong></span> <span class='ocrx_word' id='word_1_30' title='bbox 843 694 978 762; x_wconf 84' lang='lat' dir='ltr'><strong>Quid</strong></span> <span class='ocrx_word' id='word_1_31' title='bbox 1012 693 1152 747; x_wconf 88' lang='lat' dir='ltr'><strong>enim</strong></span> <span class='ocrx_word' id='word_1_32' title='bbox 1199 705 1304 745; x_wconf 90' lang='lat' dir='ltr'><strong>non</strong></span> <span class='ocrx_word' id='word_1_33' title='bbox 1338 690 1528 745; x_wconf 86' lang='lat' dir='ltr'><strong>sufficit</strong></span> <span class='ocrx_word' id='word_1_34' title='bbox 1555 689 1622 742; x_wconf 88' lang='lat' dir='ltr'><strong>ad</strong></span> <span class='ocrx_word' id='word_1_35' title='bbox 1652 704 1764 756; x_wconf 90' lang='lat' dir='ltr'><strong>per-</strong></span> 
     </span>
    </p>
   </div>
   <div class='ocr_carea' id='block_1_6' title="bbox 185 778 1775 852">
    <p class='ocr_par' dir='ltr' id='par_1_6' title="bbox 185 778 1775 852">
     <span class='ocr_line' id='line_1_6' title="bbox 185 778 1775 852; baseline -0.014 0"><span class='ocrx_word' id='word_1_36' title='bbox 185 796 458 852; x_wconf 79' lang='lat' dir='ltr'><strong>dendum?</strong></span> <span class='ocrx_word' id='word_1_37' title='bbox 514 806 693 848; x_wconf 83' lang='lat' dir='ltr'><strong>nonne</strong></span> <span class='ocrx_word' id='word_1_38' title='bbox 741 787 935 842; x_wconf 74' lang='lat' dir='ltr'><strong>sufficit</strong></span> <span class='ocrx_word' id='word_1_39' title='bbox 981 784 1193 838; x_wconf 76' lang='lat' dir='ltr'><strong>fames?</strong></span> <span class='ocrx_word' id='word_1_40' title='bbox 1233 798 1410 837; x_wconf 88' lang='lat' dir='ltr'><strong>nonne</strong></span> <span class='ocrx_word' id='word_1_41' title='bbox 1443 778 1775 849; x_wconf 84' lang='lat' dir='ltr'><strong>tempestas?</strong></span> 
     </span>
    </p>
   </div>
   <div class='ocr_carea' id='block_1_7' title="bbox 188 873 1774 948">
    <p class='ocr_par' dir='ltr' id='par_1_7' title="bbox 188 873 1774 948">
     <span class='ocr_line' id='line_1_7' title="bbox 188 873 1774 948; baseline -0.015 -5"><span class='ocrx_word' id='word_1_42' title='bbox 188 903 370 943; x_wconf 84' lang='lat' dir='ltr'><strong>nonne</strong></span> <span class='ocrx_word' id='word_1_43' title='bbox 401 893 675 940; x_wconf 89' lang='lat' dir='ltr'><strong>vectorum</strong></span> <span class='ocrx_word' id='word_1_44' title='bbox 705 877 979 948; x_wconf 83' lang='lat' dir='ltr'><strong>nequitia?</strong></span> <span class='ocrx_word' id='word_1_45' title='bbox 1011 889 1188 930; x_wconf 89' lang='lat' dir='ltr'><strong>nonne</strong></span> <span class='ocrx_word' id='word_1_46' title='bbox 1220 884 1430 942; x_wconf 91' lang='lat' dir='ltr'><strong>tempus</strong></span> <span class='ocrx_word' id='word_1_47' title='bbox 1462 873 1774 939; x_wconf 87' lang='lat' dir='ltr'><strong>inepportu-</strong></span> 
     </span>
    </p>
   </div>
   <div class='ocr_carea' id='block_1_8' title="bbox 185 960 1773 1032">
    <p class='ocr_par' dir='ltr' id='par_1_8' title="bbox 185 960 1773 1032">
     <span class='ocr_line' id='line_1_8' title="bbox 185 960 1773 1032; baseline -0.013 0"><span class='ocrx_word' id='word_1_48' title='bbox 185 977 354 1032; x_wconf 84' lang='lat' dir='ltr'><strong>num?</strong></span> <span class='ocrx_word' id='word_1_49' title='bbox 383 974 582 1029; x_wconf 77' lang='lat' dir='ltr'><strong>Verum</strong></span> <span class='ocrx_word' id='word_1_50' title='bbox 606 969 671 1024; x_wconf 89' lang='lat' dir='ltr'><strong>ad</strong></span> <span class='ocrx_word' id='word_1_51' title='bbox 701 972 816 1023; x_wconf 68' lang='lat' dir='ltr'><strong>haec</strong></span> <span class='ocrx_word' id='word_1_52' title='bbox 844 967 1020 1020; x_wconf 80' lang='lat' dir='ltr'><strong>omnia</strong></span> <span class='ocrx_word' id='word_1_53' title='bbox 1043 963 1188 1020; x_wconf 86' lang='lat' dir='ltr'><strong>stetit</strong></span> <span class='ocrx_word' id='word_1_54' title='bbox 1209 963 1536 1016; x_wconf 88' lang='lat' dir='ltr'><strong>clarissimus</strong></span> <span class='ocrx_word' id='word_1_55' title='bbox 1559 960 1773 1015; x_wconf 81' lang='lat' dir='ltr'><strong>Paulus.</strong></span> 
     </span>
    </p>
   </div>
   <div class='ocr_carea' id='block_1_9' title="bbox 186 1057 1772 1124">
    <p class='ocr_par' dir='ltr' id='par_1_9' title="bbox 186 1057 1772 1124">
     <span class='ocr_line' id='line_1_9' title="bbox 186 1057 1772 1124; baseline -0.011 -1"><span class='ocrx_word' id='word_1_56' title='bbox 186 1070 254 1124; x_wconf 85' lang='lat' dir='ltr'><strong>lta</strong></span> <span class='ocrx_word' id='word_1_57' title='bbox 299 1079 354 1123; x_wconf 89' lang='lat' dir='ltr'><strong>et</strong></span> <span class='ocrx_word' id='word_1_58' title='bbox 387 1079 529 1122; x_wconf 90' lang='lat' dir='ltr'><strong>nunc</strong></span> <span class='ocrx_word' id='word_1_59' title='bbox 561 1083 574 1117; x_wconf 91' lang='lat'><strong>:</strong></span> <span class='ocrx_word' id='word_1_60' title='bbox 611 1062 937 1117; x_wconf 88' lang='lat' dir='ltr'><strong>retineamus</strong></span> <span class='ocrx_word' id='word_1_61' title='bbox 985 1057 1263 1111; x_wconf 91' lang='lat' dir='ltr'><strong>nobiscum</strong></span> <span class='ocrx_word' id='word_1_62' title='bbox 1305 1061 1541 1120; x_wconf 89' lang='lat' dir='ltr'><strong>sanctos,</strong></span> <span class='ocrx_word' id='word_1_63' title='bbox 1575 1064 1628 1107; x_wconf 89' lang='lat' dir='ltr'><strong>et</strong></span> <span class='ocrx_word' id='word_1_64' title='bbox 1670 1068 1772 1106; x_wconf 89' lang='lat' dir='ltr'><strong>non</strong></span> 
     </span>
    </p>
   </div>
   <div class='ocr_carea' id='block_1_10' title="bbox 183 1144 1775 1226">
    <p class='ocr_par' dir='ltr' id='par_1_10' title="bbox 183 1144 1775 1226">
     <span class='ocr_line' id='line_1_10' title="bbox 183 1144 1775 1226; baseline -0.011 -12"><span class='ocrx_word' id='word_1_65' title='bbox 183 1163 284 1214; x_wconf 89' lang='lat' dir='ltr'><strong>erit</strong></span> <span class='ocrx_word' id='word_1_66' title='bbox 317 1164 645 1226; x_wconf 86' lang='lat' dir='ltr'><strong>tempestas;</strong></span> <span class='ocrx_word' id='word_1_67' title='bbox 671 1153 777 1207; x_wconf 91' lang='lat' dir='ltr'><strong>imo</strong></span> <span class='ocrx_word' id='word_1_68' title='bbox 803 1152 962 1206; x_wconf 90' lang='lat' dir='ltr'><strong>etiam</strong></span> <span class='ocrx_word' id='word_1_69' title='bbox 991 1148 1038 1202; x_wconf 98' lang='lat' dir='ltr'><strong>si</strong></span> <span class='ocrx_word' id='word_1_70' title='bbox 1062 1147 1131 1202; x_wconf 90' lang='lat' dir='ltr'><strong>sit</strong></span> <span class='ocrx_word' id='word_1_71' title='bbox 1161 1152 1469 1214; x_wconf 78' lang='lat' dir='ltr'><strong>tempestas,</strong></span> <span class='ocrx_word' id='word_1_72' title='bbox 1503 1144 1603 1199; x_wconf 91' lang='lat' dir='ltr'><strong>erit</strong></span> <span class='ocrx_word' id='word_1_73' title='bbox 1632 1158 1775 1197; x_wconf 49' lang='lat' dir='ltr'><strong>sere.</strong></span> 
     </span>
    </p>
   </div>
   <div class='ocr_carea' id='block_1_11' title="bbox 185 1234 1771 1315">
    <p class='ocr_par' dir='ltr' id='par_1_11' title="bbox 185 1234 1771 1315">
     <span class='ocr_line' id='line_1_11' title="bbox 185 1234 1771 1315; baseline -0.012 -11"><span class='ocrx_word' id='word_1_74' title='bbox 185 1253 323 1304; x_wconf 85' lang='lat' dir='ltr'><strong>nitas</strong></span> <span class='ocrx_word' id='word_1_75' title='bbox 346 1260 404 1303; x_wconf 87' lang='lat' dir='ltr'><strong>et</strong></span> <span class='ocrx_word' id='word_1_76' title='bbox 429 1243 783 1315; x_wconf 78' lang='lat' dir='ltr'><strong>tranquillitas</strong></span> <span class='ocrx_word' id='word_1_77' title='bbox 809 1253 1020 1309; x_wconf 85' lang='lat' dir='ltr'><strong>magna,</strong></span> <span class='ocrx_word' id='word_1_78' title='bbox 1051 1252 1112 1292; x_wconf 88' lang='lat' dir='ltr'><strong>ac</strong></span> <span class='ocrx_word' id='word_1_79' title='bbox 1140 1237 1384 1290; x_wconf 90' lang='lat' dir='ltr'><strong>liberatio</strong></span> <span class='ocrx_word' id='word_1_80' title='bbox 1429 1249 1456 1288; x_wconf 90' lang='lat' dir='ltr'><strong>a</strong></span> <span class='ocrx_word' id='word_1_81' title='bbox 1499 1234 1771 1305; x_wconf 84' lang='lat' dir='ltr'><strong>periculis.</strong></span> 
     </span>
    </p>
   </div>
   <div class='ocr_carea' id='block_1_12' title="bbox 187 1325 1777 1394">
    <p class='ocr_par' dir='ltr' id='par_1_12' title="bbox 187 1325 1777 1394">
     <span class='ocr_line' id='line_1_12' title="bbox 187 1325 1777 1394; baseline -0.011 0"><span class='ocrx_word' id='word_1_82' title='bbox 187 1339 401 1394; x_wconf 80' lang='lat' dir='ltr'><strong>Etenim</strong></span> <span class='ocrx_word' id='word_1_83' title='bbox 433 1334 588 1390; x_wconf 87' lang='lat' dir='ltr'><strong>vidua</strong></span> <span class='ocrx_word' id='word_1_84' title='bbox 620 1333 706 1387; x_wconf 89' lang='lat' dir='ltr'><strong>illa</strong></span> <span class='ocrx_word' id='word_1_85' title='bbox 738 1337 977 1384; x_wconf 85' lang='lat' dir='ltr'><strong>sanetum</strong></span> <span class='ocrx_word' id='word_1_86' title='bbox 1021 1327 1250 1382; x_wconf 77' lang='lat' dir='ltr'><strong>habebat</strong></span> <span class='ocrx_word' id='word_1_87' title='bbox 1273 1325 1524 1388; x_wconf 90' lang='lat' dir='ltr'><strong>amicum,</strong></span> <span class='ocrx_word' id='word_1_88' title='bbox 1555 1333 1609 1377; x_wconf 90' lang='lat' dir='ltr'><strong>et</strong></span> <span class='ocrx_word' id='word_1_89' title='bbox 1632 1337 1777 1377; x_wconf 91' lang='lat' dir='ltr'><strong>mors</strong></span> 
     </span>
    </p>
   </div>
   <div class='ocr_carea' id='block_1_13' title="bbox 183 1411 1776 1491">
    <p class='ocr_par' dir='ltr' id='par_1_13' title="bbox 183 1411 1776 1491">
     <span class='ocr_line' id='line_1_13' title="bbox 183 1411 1776 1491; baseline -0.01 -8"><span class='ocrx_word' id='word_1_90' title='bbox 183 1429 277 1483; x_wconf 84' lang='lat' dir='ltr'><strong>lilii</strong></span> <span class='ocrx_word' id='word_1_91' title='bbox 325 1427 503 1482; x_wconf 82' lang='lat' dir='ltr'><strong>soluta</strong></span> <span class='ocrx_word' id='word_1_92' title='bbox 547 1433 649 1489; x_wconf 90' lang='lat' dir='ltr'><strong>est,</strong></span> <span class='ocrx_word' id='word_1_93' title='bbox 700 1433 1026 1491; x_wconf 90' lang='lat' dir='ltr'><strong>puerumque</strong></span> <span class='ocrx_word' id='word_1_94' title='bbox 1053 1417 1348 1472; x_wconf 83' lang='lat' dir='ltr'><strong>redivivum</strong></span> <span class='ocrx_word' id='word_1_95' title='bbox 1400 1417 1626 1484; x_wconf 87' lang='lat' dir='ltr'><strong>accepit.</strong></span> <span class='ocrx_word' id='word_1_96' title='bbox 1672 1411 1776 1468; x_wconf 85' lang='lat' dir='ltr'><strong>Ubi</strong></span> 
     </span>
    </p>
   </div>
   <div class='ocr_carea' id='block_1_14' title="bbox 184 1505 1778 1587">
    <p class='ocr_par' dir='ltr' id='par_1_14' title="bbox 184 1505 1778 1587">
     <span class='ocr_line' id='line_1_14' title="bbox 184 1505 1778 1587; baseline -0.01 -14"><span class='ocrx_word' id='word_1_97' title='bbox 184 1518 350 1587; x_wconf 56' lang='lat' dir='ltr'><strong>pedes</strong></span> <span class='ocrx_word' id='word_1_98' title='bbox 380 1523 689 1571; x_wconf 84' lang='lat' dir='ltr'><strong>sanctorum</strong></span> <span class='ocrx_word' id='word_1_99' title='bbox 719 1518 1019 1574; x_wconf 88' lang='lat' dir='ltr'><strong>versantur,</strong></span> <span class='ocrx_word' id='word_1_100' title='bbox 1063 1508 1195 1562; x_wconf 85' lang='lat' dir='ltr'><strong>nihil</strong></span> <span class='ocrx_word' id='word_1_101' title='bbox 1238 1505 1430 1562; x_wconf 83' lang='lat' dir='ltr'><strong>accidit</strong></span> <span class='ocrx_word' id='word_1_102' title='bbox 1475 1505 1664 1560; x_wconf 83' lang='lat' dir='ltr'><strong>triste:</strong></span> <span class='ocrx_word' id='word_1_103' title='bbox 1695 1505 1778 1558; x_wconf 90' lang='lat' dir='ltr'><strong>sin</strong></span> 
     </span>
    </p>
   </div>
   <div class='ocr_carea' id='block_1_15' title="bbox 182 1596 1774 1673">
    <p class='ocr_par' dir='ltr' id='par_1_15' title="bbox 182 1596 1774 1673">
     <span class='ocr_line' id='line_1_15' title="bbox 182 1596 1774 1673; baseline -0.009 -9"><span class='ocrx_word' id='word_1_104' title='bbox 182 1608 416 1670; x_wconf 83' lang='lat' dir='ltr'><strong>accidat,</strong></span> <span class='ocrx_word' id='word_1_105' title='bbox 449 1606 515 1660; x_wconf 89' lang='lat' dir='ltr'><strong>ad</strong></span> <span class='ocrx_word' id='word_1_106' title='bbox 545 1603 910 1673; x_wconf 89' lang='lat' dir='ltr'><strong>probationem</strong></span> <span class='ocrx_word' id='word_1_107' title='bbox 942 1611 996 1655; x_wconf 91' lang='lat' dir='ltr'><strong>et</strong></span> <span class='ocrx_word' id='word_1_108' title='bbox 1038 1599 1104 1653; x_wconf 90' lang='lat' dir='ltr'><strong>ad</strong></span> <span class='ocrx_word' id='word_1_109' title='bbox 1135 1598 1396 1667; x_wconf 85' lang='lat' dir='ltr'><strong>majorem</strong></span> <span class='ocrx_word' id='word_1_110' title='bbox 1429 1596 1524 1652; x_wconf 85' lang='lat' dir='ltr'><strong>Dei</strong></span> <span class='ocrx_word' id='word_1_111' title='bbox 1552 1597 1774 1666; x_wconf 79' lang='lat' dir='ltr'><strong>gloriam</strong></span> 
     </span>
    </p>
   </div>
   <div class='ocr_carea' id='block_1_16' title="bbox 183 1689 1778 1764">
    <p class='ocr_par' dir='ltr' id='par_1_16' title="bbox 183 1689 1778 1764">
     <span class='ocr_line' id='line_1_16' title="bbox 183 1689 1778 1764; baseline -0.008 -8"><span class='ocrx_word' id='word_1_112' title='bbox 183 1703 402 1756; x_wconf 86' lang='lat' dir='ltr'><strong>accidit.</strong></span> <span class='ocrx_word' id='word_1_113' title='bbox 447 1699 556 1753; x_wconf 82' lang='lat' dir='ltr'><strong>Fac</strong></span> <span class='ocrx_word' id='word_1_114' title='bbox 609 1707 664 1752; x_wconf 91' lang='lat' dir='ltr'><strong>ut</strong></span> <span class='ocrx_word' id='word_1_115' title='bbox 709 1695 900 1750; x_wconf 89' lang='lat' dir='ltr'><strong>domus</strong></span> <span class='ocrx_word' id='word_1_116' title='bbox 948 1692 1308 1764; x_wconf 83' lang='lat' dir='ltr'><strong>pavimentum</strong></span> <span class='ocrx_word' id='word_1_117' title='bbox 1359 1691 1665 1761; x_wconf 86' lang='lat' dir='ltr'><strong>frequenter</strong></span> <span class='ocrx_word' id='word_1_118' title='bbox 1710 1689 1778 1744; x_wconf 89' lang='lat' dir='ltr'><strong>ab</strong></span> 
     </span>
    </p>
   </div>
   <div class='ocr_carea' id='block_1_17' title="bbox 185 1783 1774 1863">
    <p class='ocr_par' dir='ltr' id='par_1_17' title="bbox 185 1783 1774 1863">
     <span class='ocr_line' id='line_1_17' title="bbox 185 1783 1774 1863; baseline -0.008 -15"><span class='ocrx_word' id='word_1_119' title='bbox 185 1792 492 1863; x_wconf 89' lang='lat' dir='ltr'><strong>hujusmodi</strong></span> <span class='ocrx_word' id='word_1_120' title='bbox 526 1790 765 1844; x_wconf 91' lang='lat' dir='ltr'><strong>calcetur</strong></span> <span class='ocrx_word' id='word_1_121' title='bbox 793 1786 1035 1856; x_wconf 90' lang='lat' dir='ltr'><strong>pedibus,</strong></span> <span class='ocrx_word' id='word_1_122' title='bbox 1070 1801 1167 1840; x_wconf 91' lang='lat' dir='ltr'><strong>nec</strong></span> <span class='ocrx_word' id='word_1_123' title='bbox 1194 1785 1264 1838; x_wconf 90' lang='lat' dir='ltr'><strong>ibi</strong></span> <span class='ocrx_word' id='word_1_124' title='bbox 1295 1784 1512 1839; x_wconf 89' lang='lat' dir='ltr'><strong>calcabit</strong></span> <span class='ocrx_word' id='word_1_125' title='bbox 1543 1783 1774 1847; x_wconf 72' lang='lat' dir='ltr'><strong>daemon;</strong></span> 
     </span>
    </p>
   </div>
   <div class='ocr_carea' id='block_1_18' title="bbox 183 1871 1776 1952">
    <p class='ocr_par' dir='ltr' id='par_1_18' title="bbox 183 1871 1776 1952">
     <span class='ocr_line' id='line_1_18' title="bbox 183 1871 1776 1952; baseline -0.009 -12"><span class='ocrx_word' id='word_1_126' title='bbox 183 1896 236 1940; x_wconf 88' lang='lat' dir='ltr'><strong>et</strong></span> <span class='ocrx_word' id='word_1_127' title='bbox 269 1885 466 1938; x_wconf 88' lang='lat' dir='ltr'><strong>merito</strong></span> <span class='ocrx_word' id='word_1_128' title='bbox 491 1881 730 1952; x_wconf 89' lang='lat' dir='ltr'><strong>quidem.</strong></span> <span class='ocrx_word' id='word_1_129' title='bbox 759 1879 906 1933; x_wconf 85' lang='lat' dir='ltr'><strong>Sicut</strong></span> <span class='ocrx_word' id='word_1_130' title='bbox 933 1876 1076 1930; x_wconf 90' lang='lat' dir='ltr'><strong>enim</strong></span> <span class='ocrx_word' id='word_1_131' title='bbox 1109 1875 1196 1930; x_wconf 91' lang='lat' dir='ltr'><strong>ubi</strong></span> <span class='ocrx_word' id='word_1_132' title='bbox 1229 1874 1537 1944; x_wconf 85' lang='lat' dir='ltr'><strong>fragrantia,</strong></span> <span class='ocrx_word' id='word_1_133' title='bbox 1573 1872 1643 1926; x_wconf 91' lang='lat' dir='ltr'><strong>ibi</strong></span> <span class='ocrx_word' id='word_1_134' title='bbox 1674 1871 1776 1925; x_wconf 78' lang='lat' dir='ltr'><strong>fte-</strong></span> 
     </span>
    </p>
   </div>
   <div class='ocr_carea' id='block_1_19' title="bbox 183 1967 1774 2035">
    <p class='ocr_par' dir='ltr' id='par_1_19' title="bbox 183 1967 1774 2035">
     <span class='ocr_line' id='line_1_19' title="bbox 183 1967 1774 2035; baseline -0.008 -4"><span class='ocrx_word' id='word_1_135' title='bbox 183 1987 268 2031; x_wconf 93' lang='lat' dir='ltr'><strong>tor</strong></span> <span class='ocrx_word' id='word_1_136' title='bbox 297 1977 473 2031; x_wconf 93' lang='lat' dir='ltr'><strong>locum</strong></span> <span class='ocrx_word' id='word_1_137' title='bbox 515 1987 621 2026; x_wconf 88' lang='lat' dir='ltr'><strong>non</strong></span> <span class='ocrx_word' id='word_1_138' title='bbox 667 1970 863 2024; x_wconf 90' lang='lat' dir='ltr'><strong>habet:</strong></span> <span class='ocrx_word' id='word_1_139' title='bbox 895 1969 972 2022; x_wconf 91' lang='lat' dir='ltr'><strong>sic</strong></span> <span class='ocrx_word' id='word_1_140' title='bbox 1017 1967 1103 2022; x_wconf 91' lang='lat' dir='ltr'><strong>ubi</strong></span> <span class='ocrx_word' id='word_1_141' title='bbox 1151 1976 1480 2035; x_wconf 78' lang='lat' dir='ltr'><strong>unguentum</strong></span> <span class='ocrx_word' id='word_1_142' title='bbox 1510 1973 1774 2028; x_wconf 90' lang='lat' dir='ltr'><strong>sanctum,</strong></span> 
     </span>
    </p>
   </div>
   <div class='ocr_carea' id='block_1_20' title="bbox 183 2057 1780 2128">
    <p class='ocr_par' dir='ltr' id='par_1_20' title="bbox 183 2057 1780 2128">
     <span class='ocr_line' id='line_1_20' title="bbox 183 2057 1780 2128; baseline -0.01 -5"><span class='ocrx_word' id='word_1_143' title='bbox 183 2068 254 2122; x_wconf 88' lang='lat' dir='ltr'><strong>ibi</strong></span> <span class='ocrx_word' id='word_1_144' title='bbox 289 2065 581 2121; x_wconf 61' lang='lat' dir='ltr'><strong>suffocatur</strong></span> <span class='ocrx_word' id='word_1_145' title='bbox 608 2061 839 2125; x_wconf 75' lang='lat' dir='ltr'><strong>dremon,</strong></span> <span class='ocrx_word' id='word_1_146' title='bbox 864 2058 1022 2114; x_wconf 80' lang='lat' dir='ltr'><strong>simul</strong></span> <span class='ocrx_word' id='word_1_147' title='bbox 1048 2067 1266 2128; x_wconf 86' lang='lat' dir='ltr'><strong>agentes</strong></span> <span class='ocrx_word' id='word_1_148' title='bbox 1297 2057 1548 2119; x_wconf 72' lang='lat' dir='ltr'><strong>lmtilicat,</strong></span> <span class='ocrx_word' id='word_1_149' title='bbox 1573 2063 1780 2109; x_wconf 80' lang='lat' dir='ltr'><strong>recreat</strong></span> 
     </span>
    </p>
   </div>
   <div class='ocr_carea' id='block_1_21' title="bbox 183 2143 1778 2222">
    <p class='ocr_par' dir='ltr' id='par_1_21' title="bbox 183 2143 1778 2222">
     <span class='ocr_line' id='line_1_21' title="bbox 183 2143 1778 2222; baseline -0.009 -11"><span class='ocrx_word' id='word_1_150' title='bbox 183 2158 444 2211; x_wconf 86' lang='lat' dir='ltr'><strong>animam.</strong></span> <span class='ocrx_word' id='word_1_151' title='bbox 476 2153 580 2210; x_wconf 87' lang='lat' dir='ltr'><strong>Ubi</strong></span> <span class='ocrx_word' id='word_1_152' title='bbox 627 2152 817 2222; x_wconf 62' lang='lat' dir='ltr'><strong>spina‘,</strong></span> <span class='ocrx_word' id='word_1_153' title='bbox 859 2150 928 2204; x_wconf 89' lang='lat' dir='ltr'><strong>ibi</strong></span> <span class='ocrx_word' id='word_1_154' title='bbox 966 2151 1092 2204; x_wconf 74' lang='lat' dir='ltr'><strong>fera:</strong></span> <span class='ocrx_word' id='word_1_155' title='bbox 1125 2167 1137 2201; x_wconf 92' lang='lat'><strong>:</strong></span> <span class='ocrx_word' id='word_1_156' title='bbox 1171 2147 1259 2201; x_wconf 90' lang='lat' dir='ltr'><strong>ubi</strong></span> <span class='ocrx_word' id='word_1_157' title='bbox 1314 2145 1666 2216; x_wconf 85' lang='lat' dir='ltr'><strong>hospitalitas,</strong></span> <span class='ocrx_word' id='word_1_158' title='bbox 1707 2143 1778 2198; x_wconf 87' lang='lat' dir='ltr'><strong>ibi</strong></span> 
     </span>
    </p>
   </div>
   <div class='ocr_carea' id='block_1_22' title="bbox 184 2235 1779 2317">
    <p class='ocr_par' dir='ltr' id='par_1_22' title="bbox 184 2235 1779 2317">
     <span class='ocr_line' id='line_1_22' title="bbox 184 2235 1779 2317; baseline -0.01 -15"><span class='ocrx_word' id='word_1_159' title='bbox 184 2249 356 2317; x_wconf 67' lang='lat' dir='ltr'><strong>spina:</strong></span> <span class='ocrx_word' id='word_1_160' title='bbox 382 2260 489 2300; x_wconf 90' lang='lat' dir='ltr'><strong>non</strong></span> <span class='ocrx_word' id='word_1_161' title='bbox 521 2251 647 2298; x_wconf 89' lang='lat' dir='ltr'><strong>sunt</strong></span> <span class='ocrx_word' id='word_1_162' title='bbox 675 2263 687 2295; x_wconf 80' lang='lat'><strong>.</strong></span> <span class='ocrx_word' id='word_1_163' title='bbox 719 2256 840 2296; x_wconf 90' lang='lat' dir='ltr'><strong>nam</strong></span> <span class='ocrx_word' id='word_1_164' title='bbox 871 2240 1106 2309; x_wconf 84' lang='lat' dir='ltr'><strong>ingressa</strong></span> <span class='ocrx_word' id='word_1_165' title='bbox 1131 2238 1471 2307; x_wconf 82' lang='lat' dir='ltr'><strong>eleemosyna</strong></span> <span class='ocrx_word' id='word_1_166' title='bbox 1504 2235 1636 2289; x_wconf 91' lang='lat' dir='ltr'><strong>falce</strong></span> <span class='ocrx_word' id='word_1_167' title='bbox 1655 2249 1779 2288; x_wconf 86' lang='lat' dir='ltr'><strong>acu-</strong></span> 
     </span>
    </p>
   </div>
   <div class='ocr_carea' id='block_1_23' title="bbox 187 2327 1776 2406">
    <p class='ocr_par' dir='ltr' id='par_1_23' title="bbox 187 2327 1776 2406">
     <span class='ocr_line' id='line_1_23' title="bbox 187 2327 1776 2406; baseline -0.01 -14"><span class='ocrx_word' id='word_1_168' title='bbox 187 2339 295 2392; x_wconf 89' lang='lat' dir='ltr'><strong>tior</strong></span> <span class='ocrx_word' id='word_1_169' title='bbox 323 2337 504 2406; x_wconf 86' lang='lat' dir='ltr'><strong>spinas</strong></span> <span class='ocrx_word' id='word_1_170' title='bbox 541 2332 789 2396; x_wconf 81' lang='lat' dir='ltr'><strong>succidit,</strong></span> <span class='ocrx_word' id='word_1_171' title='bbox 821 2340 873 2385; x_wconf 92' lang='lat' dir='ltr'><strong>et</strong></span> <span class='ocrx_word' id='word_1_172' title='bbox 906 2330 1025 2399; x_wconf 85' lang='lat' dir='ltr'><strong>igne</strong></span> <span class='ocrx_word' id='word_1_173' title='bbox 1057 2327 1427 2382; x_wconf 83' lang='lat' dir='ltr'><strong>vehementius</strong></span> <span class='ocrx_word' id='word_1_174' title='bbox 1457 2327 1633 2381; x_wconf 86' lang='lat' dir='ltr'><strong>exurit</strong></span> <span class='ocrx_word' id='word_1_175' title='bbox 1663 2340 1776 2378; x_wconf 89' lang='lat' dir='ltr'><strong>eas.</strong></span> 
     </span>
    </p>
   </div>
   <div class='ocr_carea' id='block_1_24' title="bbox 1155 287 2484 354">
    <p class='ocr_par' dir='ltr' id='par_1_24' title="bbox 1155 287 2484 354">
     <span class='ocr_line' id='line_1_24' title="bbox 1155 287 2484 354; baseline -0.009 1"><span class='ocrx_word' id='word_1_176' title='bbox 1155 299 1218 354; x_wconf 80' lang='lat' dir='ltr'><strong>IN</strong></span> <span class='ocrx_word' id='word_1_177' title='bbox 1258 297 1438 354; x_wconf 68' lang='lat' dir='ltr'><strong>ACTA</strong></span> <span class='ocrx_word' id='word_1_178' title='bbox 1513 292 2036 350; x_wconf 74' lang='lat' dir='ltr'><strong>APOSTOLORUM.</strong></span> <span class='ocrx_word' id='word_1_179' title='bbox 2083 290 2306 346; x_wconf 64' lang='lat' dir='ltr'><strong>ll0.\lll..</strong></span> <span class='ocrx_word' id='word_1_180' title='bbox 2352 287 2484 347; x_wconf 81' lang='lat' dir='ltr'><strong>LW.</strong></span> 
     </span>
    </p>
   </div>
   <div class='ocr_carea' id='block_1_25' title="bbox 3371 291 3475 344">
    <p class='ocr_par' dir='ltr' id='par_1_25' title="bbox 3371 291 3475 344">
     <span class='ocr_line' id='line_1_25' title="bbox 3371 291 3475 344; baseline 0 -1"><span class='ocrx_word' id='word_1_181' title='bbox 3371 291 3475 344; x_wconf 71' lang='grc' dir='ltr'><strong>δτι</strong></span> 
     </span>
    </p>
   </div>
   <div class='ocr_carea' id='block_1_26' title="bbox 1881 404 3469 475">
    <p class='ocr_par' dir='ltr' id='par_1_26' title="bbox 1881 404 3469 475">
     <span class='ocr_line' id='line_1_26' title="bbox 1881 404 3469 475; baseline -0.001 -13"><span class='ocrx_word' id='word_1_182' title='bbox 1881 408 1956 462; x_wconf 84' lang='lat' dir='ltr'><strong>Ne</strong></span> <span class='ocrx_word' id='word_1_183' title='bbox 1983 407 2210 461; x_wconf 82' lang='lat' dir='ltr'><strong>timeas:</strong></span> <span class='ocrx_word' id='word_1_184' title='bbox 2239 409 2428 460; x_wconf 92' lang='lat' dir='ltr'><strong>timent</strong></span> <span class='ocrx_word' id='word_1_185' title='bbox 2470 411 2774 459; x_wconf 83' lang='lat' dir='ltr'><strong>sanctorum</strong></span> <span class='ocrx_word' id='word_1_186' title='bbox 2811 404 3032 475; x_wconf 85' lang='lat' dir='ltr'><strong>vestigia</strong></span> <span class='ocrx_word' id='word_1_187' title='bbox 3075 405 3211 460; x_wconf 80' lang='lat' dir='ltr'><strong>sicut</strong></span> <span class='ocrx_word' id='word_1_188' title='bbox 3256 406 3469 461; x_wconf 88' lang='lat' dir='ltr'><strong>leonem</strong></span> 
     </span>
    </p>
   </div>
   <div class='ocr_carea' id='block_1_27' title="bbox 1882 496 3471 568">
    <p class='ocr_par' dir='ltr' id='par_1_27' title="bbox 1882 496 3471 568">
     <span class='ocr_line' id='line_1_27' title="bbox 1882 496 3471 568; baseline -0.001 -15"><span class='ocrx_word' id='word_1_189' title='bbox 1882 501 2084 568; x_wconf 81' lang='lat' dir='ltr'><strong>vulpes.</strong></span> <span class='ocrx_word' id='word_1_190' title='bbox 2127 497 2304 551; x_wconf 72' lang='lat' dir='ltr'><strong>Jusms</strong></span> <span class='ocrx_word' id='word_1_191' title='bbox 2334 503 2487 564; x_wconf 85' lang='lat' dir='ltr'><strong>enim,</strong></span> <span class='ocrx_word' id='word_1_192' title='bbox 2519 497 2705 563; x_wconf 82' lang='lat' dir='ltr'><strong>inquit,</strong></span> <span class='ocrx_word' id='word_1_193' title='bbox 2751 506 2802 550; x_wconf 87' lang='lat' dir='ltr'><strong>ut</strong></span> <span class='ocrx_word' id='word_1_194' title='bbox 2832 496 2907 550; x_wconf 87' lang='lat' dir='ltr'><strong>leo</strong></span> <span class='ocrx_word' id='word_1_195' title='bbox 2933 498 3140 565; x_wconf 79' lang='lat' dir='ltr'><strong>conﬁdit</strong></span> <span class='ocrx_word' id='word_1_196' title='bbox 3164 496 3342 567; x_wconf 87' lang='lat' dir='ltr'><strong>(Prov.</strong></span> <span class='ocrx_word' id='word_1_197' title='bbox 3377 500 3471 554; x_wconf 73' lang='grc'><strong>28.</strong></span> 
     </span>
    </p>
   </div>
   <div class='ocr_carea' id='block_1_28' title="bbox 1883 588 3468 662">
    <p class='ocr_par' dir='ltr' id='par_1_28' title="bbox 1883 588 3468 662">
     <span class='ocr_line' id='line_1_28' title="bbox 1883 588 3468 662; baseline -0.002 -16"><span class='ocrx_word' id='word_1_198' title='bbox 1883 593 1958 662; x_wconf 84' lang='grc'><strong>1).</strong></span> <span class='ocrx_word' id='word_1_199' title='bbox 1994 590 2100 648; x_wconf 88' lang='lat' dir='ltr'><strong>llos</strong></span> <span class='ocrx_word' id='word_1_200' title='bbox 2133 591 2534 645; x_wconf 89' lang='lat' dir='ltr'><strong>introdueamns</strong></span> <span class='ocrx_word' id='word_1_201' title='bbox 2561 588 2742 643; x_wconf 85' lang='lat' dir='ltr'><strong>leones</strong></span> <span class='ocrx_word' id='word_1_202' title='bbox 2775 590 2824 642; x_wconf 93' lang='lat' dir='ltr'><strong>in</strong></span> <span class='ocrx_word' id='word_1_203' title='bbox 2857 589 3096 654; x_wconf 87' lang='lat' dir='ltr'><strong>domum,</strong></span> <span class='ocrx_word' id='word_1_204' title='bbox 3124 599 3176 644; x_wconf 87' lang='lat' dir='ltr'><strong>et</strong></span> <span class='ocrx_word' id='word_1_205' title='bbox 3205 589 3330 644; x_wconf 69' lang='lat' dir='ltr'><strong>fera:</strong></span> <span class='ocrx_word' id='word_1_206' title='bbox 3355 607 3468 644; x_wconf 87' lang='lat' dir='ltr'><strong>om-</strong></span> 
     </span>
    </p>
   </div>
   <div class='ocr_carea' id='block_1_29' title="bbox 1883 679 3475 752">
    <p class='ocr_par' dir='ltr' id='par_1_29' title="bbox 1883 679 3475 752">
     <span class='ocr_line' id='line_1_29' title="bbox 1883 679 3475 752; baseline 0 -16"><span class='ocrx_word' id='word_1_207' title='bbox 1883 697 1977 736; x_wconf 92' lang='lat' dir='ltr'><strong>nes</strong></span> <span class='ocrx_word' id='word_1_208' title='bbox 2023 681 2363 751; x_wconf 79' lang='lat' dir='ltr'><strong>fugabuntur,</strong></span> <span class='ocrx_word' id='word_1_209' title='bbox 2400 696 2504 733; x_wconf 91' lang='lat' dir='ltr'><strong>non</strong></span> <span class='ocrx_word' id='word_1_210' title='bbox 2542 679 2647 733; x_wconf 88' lang='lat' dir='ltr'><strong>illis</strong></span> <span class='ocrx_word' id='word_1_211' title='bbox 2672 680 3093 735; x_wconf 90' lang='lat' dir='ltr'><strong>occlamantibus</strong></span> <span class='ocrx_word' id='word_1_212' title='bbox 3125 680 3219 735; x_wconf 88' lang='lat' dir='ltr'><strong>sed</strong></span> <span class='ocrx_word' id='word_1_213' title='bbox 3268 682 3475 752; x_wconf 86' lang='lat' dir='ltr'><strong>simpli-</strong></span> 
     </span>
    </p>
   </div>
   <div class='ocr_carea' id='block_1_30' title="bbox 1881 771 3478 841">
    <p class='ocr_par' dir='ltr' id='par_1_30' title="bbox 1881 771 3478 841">
     <span class='ocr_line' id='line_1_30' title="bbox 1881 771 3478 841; baseline 0.001 -14"><span class='ocrx_word' id='word_1_214' title='bbox 1881 774 2016 827; x_wconf 85' lang='lat' dir='ltr'><strong>citer</strong></span> <span class='ocrx_word' id='word_1_215' title='bbox 2043 773 2261 841; x_wconf 87' lang='lat' dir='ltr'><strong>loqucnt</strong></span> <span class='ocrx_word' id='word_1_216' title='bbox 2287 773 2404 826; x_wconf 90' lang='lat' dir='ltr'><strong>bus.</strong></span> <span class='ocrx_word' id='word_1_217' title='bbox 2437 772 2550 825; x_wconf 83' lang='lat' dir='ltr'><strong>Non</strong></span> <span class='ocrx_word' id='word_1_218' title='bbox 2577 772 2718 825; x_wconf 92' lang='lat' dir='ltr'><strong>enim</strong></span> <span class='ocrx_word' id='word_1_219' title='bbox 2745 771 2948 841; x_wconf 83' lang='lat' dir='ltr'><strong>rugitus</strong></span> <span class='ocrx_word' id='word_1_220' title='bbox 2976 771 3142 826; x_wconf 89' lang='lat' dir='ltr'><strong>leonis</strong></span> <span class='ocrx_word' id='word_1_221' title='bbox 3170 772 3368 827; x_wconf 83' lang='lat' dir='ltr'><strong>bestias</strong></span> <span class='ocrx_word' id='word_1_222' title='bbox 3398 775 3478 828; x_wconf 90' lang='lat' dir='ltr'><strong>sic</strong></span> 
     </span>
    </p>
   </div>
   <div class='ocr_carea' id='block_1_31' title="bbox 1884 860 3475 932">
    <p class='ocr_par' dir='ltr' id='par_1_31' title="bbox 1884 860 3475 932">
     <span class='ocr_line' id='line_1_31' title="bbox 1884 860 3475 932; baseline 0.001 -18"><span class='ocrx_word' id='word_1_223' title='bbox 1884 861 2048 932; x_wconf 83' lang='lat' dir='ltr'><strong>fugat,</strong></span> <span class='ocrx_word' id='word_1_224' title='bbox 2092 871 2149 916; x_wconf 89' lang='lat' dir='ltr'><strong>ut</strong></span> <span class='ocrx_word' id='word_1_225' title='bbox 2187 861 2314 930; x_wconf 84' lang='lat' dir='ltr'><strong>justi</strong></span> <span class='ocrx_word' id='word_1_226' title='bbox 2363 862 2598 931; x_wconf 85' lang='lat' dir='ltr'><strong>precatio</strong></span> <span class='ocrx_word' id='word_1_227' title='bbox 2641 860 2915 914; x_wconf 73' lang='lat' dir='ltr'><strong>dmmonas</strong></span> <span class='ocrx_word' id='word_1_228' title='bbox 2954 878 2966 914; x_wconf 93' lang='lat'><strong>:</strong></span> <span class='ocrx_word' id='word_1_229' title='bbox 3001 862 3043 916; x_wconf 92' lang='lat' dir='ltr'><strong>si</strong></span> <span class='ocrx_word' id='word_1_230' title='bbox 3076 862 3324 932; x_wconf 87' lang='lat' dir='ltr'><strong>loquatur</strong></span> <span class='ocrx_word' id='word_1_231' title='bbox 3353 873 3475 916; x_wconf 87' lang='lat' dir='ltr'><strong>tan—</strong></span> 
     </span>
    </p>
   </div>
   <div class='ocr_carea' id='block_1_32' title="bbox 1885 953 3478 1022">
    <p class='ocr_par' dir='ltr' id='par_1_32' title="bbox 1885 953 3478 1022">
     <span class='ocr_line' id='line_1_32' title="bbox 1885 953 3478 1022; baseline 0 -12"><span class='ocrx_word' id='word_1_232' title='bbox 1885 964 2018 1022; x_wconf 91' lang='lat' dir='ltr'><strong>tum,</strong></span> <span class='ocrx_word' id='word_1_233' title='bbox 2053 955 2339 1010; x_wconf 86' lang='lat' dir='ltr'><strong>formidant</strong></span> <span class='ocrx_word' id='word_1_234' title='bbox 2377 955 2472 1007; x_wconf 93' lang='lat' dir='ltr'><strong>illi.</strong></span> <span class='ocrx_word' id='word_1_235' title='bbox 2508 955 2572 1007; x_wconf 73' lang='lat' dir='ltr'><strong>Et</strong></span> <span class='ocrx_word' id='word_1_236' title='bbox 2618 953 2857 1020; x_wconf 83' lang='lat' dir='ltr'><strong>ubinam,</strong></span> <span class='ocrx_word' id='word_1_237' title='bbox 2900 954 3128 1021; x_wconf 81' lang='lat' dir='ltr'><strong>inquies,</strong></span> <span class='ocrx_word' id='word_1_238' title='bbox 3169 970 3310 1010; x_wconf 91' lang='lat' dir='ltr'><strong>nunc</strong></span> <span class='ocrx_word' id='word_1_239' title='bbox 3342 957 3478 1010; x_wconf 87' lang='lat' dir='ltr'><strong>tales</strong></span> 
     </span>
    </p>
   </div>
   <div class='ocr_carea' id='block_1_33' title="bbox 1884 1043 3478 1116">
    <p class='ocr_par' dir='ltr' id='par_1_33' title="bbox 1884 1043 3478 1116">
     <span class='ocr_line' id='line_1_33' title="bbox 1884 1043 3478 1116; baseline 0.001 -17"><span class='ocrx_word' id='word_1_240' title='bbox 1884 1045 2128 1100; x_wconf 89' lang='lat' dir='ltr'><strong>homines</strong></span> <span class='ocrx_word' id='word_1_241' title='bbox 2164 1047 2324 1099; x_wconf 88' lang='lat' dir='ltr'><strong>sunt?</strong></span> <span class='ocrx_word' id='word_1_242' title='bbox 2355 1043 2583 1114; x_wconf 85' lang='lat' dir='ltr'><strong>Ubique,</strong></span> <span class='ocrx_word' id='word_1_243' title='bbox 2627 1045 2669 1098; x_wconf 89' lang='lat' dir='ltr'><strong>si</strong></span> <span class='ocrx_word' id='word_1_244' title='bbox 2722 1058 2820 1099; x_wconf 91' lang='lat' dir='ltr'><strong>nos</strong></span> <span class='ocrx_word' id='word_1_245' title='bbox 2851 1045 3154 1110; x_wconf 84' lang='lat' dir='ltr'><strong>credamus,</strong></span> <span class='ocrx_word' id='word_1_246' title='bbox 3196 1047 3239 1100; x_wconf 92' lang='lat' dir='ltr'><strong>si</strong></span> <span class='ocrx_word' id='word_1_247' title='bbox 3270 1062 3478 1116; x_wconf 66' lang='lat' dir='ltr'><strong>quiera-</strong></span> 
     </span>
    </p>
   </div>
   <div class='ocr_carea' id='block_1_34' title="bbox 1883 1135 3482 1206">
    <p class='ocr_par' dir='ltr' id='par_1_34' title="bbox 1883 1135 3482 1206">
     <span class='ocr_line' id='line_1_34' title="bbox 1883 1135 3482 1206; baseline 0.001 -16"><span class='ocrx_word' id='word_1_248' title='bbox 1883 1153 2027 1204; x_wconf 83' lang='lat' dir='ltr'><strong>mus,</strong></span> <span class='ocrx_word' id='word_1_249' title='bbox 2057 1137 2100 1190; x_wconf 90' lang='lat' dir='ltr'><strong>si</strong></span> <span class='ocrx_word' id='word_1_250' title='bbox 2136 1137 2346 1190; x_wconf 89' lang='lat' dir='ltr'><strong>curiose</strong></span> <span class='ocrx_word' id='word_1_251' title='bbox 2375 1136 2820 1206; x_wconf 83' lang='lat' dir='ltr'><strong>pervestigemus.</strong></span> <span class='ocrx_word' id='word_1_252' title='bbox 2859 1135 2957 1190; x_wconf 88' lang='lat' dir='ltr'><strong>Ubi</strong></span> <span class='ocrx_word' id='word_1_253' title='bbox 2989 1136 3305 1205; x_wconf 78' lang='lat' dir='ltr'><strong>qmesivisti,</strong></span> <span class='ocrx_word' id='word_1_254' title='bbox 3333 1142 3482 1206; x_wconf 81' lang='lat' dir='ltr'><strong>quae-</strong></span> 
     </span>
    </p>
   </div>
   <div class='ocr_carea' id='block_1_35' title="bbox 1884 1227 3480 1298">
    <p class='ocr_par' dir='ltr' id='par_1_35' title="bbox 1884 1227 3480 1298">
     <span class='ocr_line' id='line_1_35' title="bbox 1884 1227 3480 1298; baseline 0.001 -16"><span class='ocrx_word' id='word_1_255' title='bbox 1884 1229 1980 1282; x_wconf 86' lang='lat' dir='ltr'><strong>so?</strong></span> <span class='ocrx_word' id='word_1_256' title='bbox 2009 1228 2348 1297; x_wconf 84' lang='lat' dir='ltr'><strong>quandonam</strong></span> <span class='ocrx_word' id='word_1_257' title='bbox 2386 1227 2486 1281; x_wconf 92' lang='lat' dir='ltr'><strong>hoc</strong></span> <span class='ocrx_word' id='word_1_258' title='bbox 2512 1227 2748 1282; x_wconf 87' lang='lat' dir='ltr'><strong>curasti?</strong></span> <span class='ocrx_word' id='word_1_259' title='bbox 2779 1227 2833 1283; x_wconf 92' lang='lat' dir='ltr'><strong>Si</strong></span> <span class='ocrx_word' id='word_1_260' title='bbox 2877 1244 2983 1282; x_wconf 90' lang='lat' dir='ltr'><strong>non</strong></span> <span class='ocrx_word' id='word_1_261' title='bbox 3013 1244 3244 1298; x_wconf 72' lang='lat' dir='ltr'><strong>qumras,</strong></span> <span class='ocrx_word' id='word_1_262' title='bbox 3281 1245 3350 1284; x_wconf 90' lang='lat' dir='ltr'><strong>ne</strong></span> <span class='ocrx_word' id='word_1_263' title='bbox 3379 1231 3480 1284; x_wconf 90' lang='lat' dir='ltr'><strong>mi-</strong></span> 
     </span>
    </p>
   </div>
   <div class='ocr_carea' id='block_1_36' title="bbox 1885 1320 3475 1392">
    <p class='ocr_par' dir='ltr' id='par_1_36' title="bbox 1885 1320 3475 1392">
     <span class='ocr_line' id='line_1_36' title="bbox 1885 1320 3475 1392; baseline -0.001 -16"><span class='ocrx_word' id='word_1_264' title='bbox 1885 1322 2042 1387; x_wconf 91' lang='lat' dir='ltr'><strong>reris,</strong></span> <span class='ocrx_word' id='word_1_265' title='bbox 2063 1322 2106 1374; x_wconf 93' lang='lat' dir='ltr'><strong>si</strong></span> <span class='ocrx_word' id='word_1_266' title='bbox 2135 1337 2240 1376; x_wconf 85' lang='lat' dir='ltr'><strong>non</strong></span> <span class='ocrx_word' id='word_1_267' title='bbox 2266 1321 2535 1390; x_wconf 88' lang='lat' dir='ltr'><strong>reperias:</strong></span> <span class='ocrx_word' id='word_1_268' title='bbox 2563 1336 2684 1374; x_wconf 90' lang='lat' dir='ltr'><strong>nam</strong></span> <span class='ocrx_word' id='word_1_269' title='bbox 2711 1320 2808 1386; x_wconf 85' lang='lat' dir='ltr'><strong>Qui</strong></span> <span class='ocrx_word' id='word_1_270' title='bbox 2825 1322 3025 1392; x_wconf 67' lang='lat' dir='ltr'><strong>quaerit,</strong></span> <span class='ocrx_word' id='word_1_271' title='bbox 3051 1321 3237 1376; x_wconf 79' lang='lat' dir='ltr'><strong>invenit</strong></span> <span class='ocrx_word' id='word_1_272' title='bbox 3260 1321 3475 1392; x_wconf 81' lang='lat' dir='ltr'><strong>(Matth.</strong></span> 
     </span>
    </p>
   </div>
   <div class='ocr_carea' id='block_1_37' title="bbox 1885 1411 3479 1482">
    <p class='ocr_par' dir='ltr' id='par_1_37' title="bbox 1885 1411 3479 1482">
     <span class='ocr_line' id='line_1_37' title="bbox 1885 1411 3479 1482; baseline -0.001 -16"><span class='ocrx_word' id='word_1_273' title='bbox 1885 1413 1938 1467; x_wconf 86' lang='lat'><strong>7.</strong></span> <span class='ocrx_word' id='word_1_274' title='bbox 1972 1413 2047 1481; x_wconf 83' lang='lat'><strong>7),</strong></span> <span class='ocrx_word' id='word_1_275' title='bbox 2081 1428 2187 1467; x_wconf 92' lang='lat' dir='ltr'><strong>non</strong></span> <span class='ocrx_word' id='word_1_276' title='bbox 2219 1413 2307 1480; x_wconf 91' lang='lat' dir='ltr'><strong>qui</strong></span> <span class='ocrx_word' id='word_1_277' title='bbox 2343 1426 2449 1465; x_wconf 88' lang='lat' dir='ltr'><strong>non</strong></span> <span class='ocrx_word' id='word_1_278' title='bbox 2479 1412 2692 1480; x_wconf 61' lang='lat' dir='ltr'><strong>quierit.</strong></span> <span class='ocrx_word' id='word_1_279' title='bbox 2726 1411 2862 1466; x_wconf 84' lang='lat' dir='ltr'><strong>Audi</strong></span> <span class='ocrx_word' id='word_1_280' title='bbox 2896 1427 2991 1466; x_wconf 91' lang='lat' dir='ltr'><strong>eos</strong></span> <span class='ocrx_word' id='word_1_281' title='bbox 3017 1415 3106 1482; x_wconf 93' lang='lat' dir='ltr'><strong>qni</strong></span> <span class='ocrx_word' id='word_1_282' title='bbox 3142 1415 3194 1466; x_wconf 89' lang='lat' dir='ltr'><strong>in</strong></span> <span class='ocrx_word' id='word_1_283' title='bbox 3226 1413 3479 1466; x_wconf 83' lang='lat' dir='ltr'><strong>solitudi-</strong></span> 
     </span>
    </p>
   </div>
   <div class='ocr_carea' id='block_1_38' title="bbox 1887 1503 3482 1574">
    <p class='ocr_par' dir='ltr' id='par_1_38' title="bbox 1887 1503 3482 1574">
     <span class='ocr_line' id='line_1_38' title="bbox 1887 1503 3482 1574; baseline 0.001 -17"><span class='ocrx_word' id='word_1_284' title='bbox 1887 1504 2038 1558; x_wconf 81' lang='lat' dir='ltr'><strong>nibus</strong></span> <span class='ocrx_word' id='word_1_285' title='bbox 2091 1513 2214 1558; x_wconf 91' lang='lat' dir='ltr'><strong>sunt</strong></span> <span class='ocrx_word' id='word_1_286' title='bbox 2261 1520 2272 1556; x_wconf 94' lang='lat'>:</span> <span class='ocrx_word' id='word_1_287' title='bbox 2320 1503 2490 1573; x_wconf 89' lang='lat' dir='ltr'><strong>abjice</strong></span> <span class='ocrx_word' id='word_1_288' title='bbox 2549 1519 2738 1557; x_wconf 91' lang='lat' dir='ltr'><strong>aurum</strong></span> <span class='ocrx_word' id='word_1_289' title='bbox 2791 1512 2844 1557; x_wconf 93' lang='lat' dir='ltr'><strong>et</strong></span> <span class='ocrx_word' id='word_1_290' title='bbox 2905 1514 3222 1574; x_wconf 81' lang='lat' dir='ltr'><strong>argentum;</strong></span> <span class='ocrx_word' id='word_1_291' title='bbox 3285 1505 3482 1572; x_wconf 85' lang='lat' dir='ltr'><strong>ubique</strong></span> 
     </span>
    </p>
   </div>
   <div class='ocr_carea' id='block_1_39' title="bbox 1886 1595 3479 1665">
    <p class='ocr_par' dir='ltr' id='par_1_39' title="bbox 1886 1595 3479 1665">
     <span class='ocr_line' id='line_1_39' title="bbox 1886 1595 3479 1665; baseline -0.001 -15"><span class='ocrx_word' id='word_1_292' title='bbox 1886 1605 2149 1650; x_wconf 89' lang='lat' dir='ltr'><strong>terrarum</strong></span> <span class='ocrx_word' id='word_1_293' title='bbox 2179 1605 2322 1648; x_wconf 90' lang='lat' dir='ltr'><strong>sunt.</strong></span> <span class='ocrx_word' id='word_1_294' title='bbox 2355 1595 2408 1650; x_wconf 90' lang='lat' dir='ltr'><strong>Si</strong></span> <span class='ocrx_word' id='word_1_295' title='bbox 2442 1609 2550 1650; x_wconf 92' lang='lat' dir='ltr'><strong>non</strong></span> <span class='ocrx_word' id='word_1_296' title='bbox 2577 1595 2718 1648; x_wconf 90' lang='lat' dir='ltr'><strong>domi</strong></span> <span class='ocrx_word' id='word_1_297' title='bbox 2753 1596 3003 1665; x_wconf 81' lang='lat' dir='ltr'><strong>recipias,</strong></span> <span class='ocrx_word' id='word_1_298' title='bbox 3036 1596 3183 1649; x_wconf 91' lang='lat' dir='ltr'><strong>illum</strong></span> <span class='ocrx_word' id='word_1_299' title='bbox 3213 1596 3320 1660; x_wconf 88' lang='lat' dir='ltr'><strong>adi,</strong></span> <span class='ocrx_word' id='word_1_300' title='bbox 3356 1611 3479 1650; x_wconf 91' lang='lat' dir='ltr'><strong>eum</strong></span> 
     </span>
    </p>
   </div>
   <div class='ocr_carea' id='block_1_40' title="bbox 1887 1685 3483 1757">
    <p class='ocr_par' dir='ltr' id='par_1_40' title="bbox 1887 1685 3483 1757">
     <span class='ocr_line' id='line_1_40' title="bbox 1887 1685 3483 1757; baseline 0.001 -16"><span class='ocrx_word' id='word_1_301' title='bbox 1887 1687 1975 1742; x_wconf 93' lang='lat' dir='ltr'><strong>illo</strong></span> <span class='ocrx_word' id='word_1_302' title='bbox 2003 1703 2248 1750; x_wconf 84' lang='lat' dir='ltr'><strong>versare,</strong></span> <span class='ocrx_word' id='word_1_303' title='bbox 2296 1685 2362 1739; x_wconf 92' lang='lat' dir='ltr'><strong>ad</strong></span> <span class='ocrx_word' id='word_1_304' title='bbox 2392 1687 2508 1756; x_wconf 92' lang='lat' dir='ltr'><strong>ejus</strong></span> <span class='ocrx_word' id='word_1_305' title='bbox 2546 1686 2766 1741; x_wconf 88' lang='lat' dir='ltr'><strong>donnnn</strong></span> <span class='ocrx_word' id='word_1_306' title='bbox 2814 1687 3013 1742; x_wconf 86' lang='lat' dir='ltr'><strong>accede</strong></span> <span class='ocrx_word' id='word_1_307' title='bbox 3035 1730 3048 1752; x_wconf 94' lang='lat'><strong>,</strong></span> <span class='ocrx_word' id='word_1_308' title='bbox 3084 1699 3142 1742; x_wconf 93' lang='lat' dir='ltr'><strong>ut</strong></span> <span class='ocrx_word' id='word_1_309' title='bbox 3184 1689 3357 1757; x_wconf 90' lang='lat' dir='ltr'><strong>possis</strong></span> <span class='ocrx_word' id='word_1_310' title='bbox 3391 1690 3483 1743; x_wconf 88' lang='lat' dir='ltr'><strong>illo</strong></span> 
     </span>
    </p>
   </div>
   <div class='ocr_carea' id='block_1_41' title="bbox 1887 1777 3486 1849">
    <p class='ocr_par' dir='ltr' id='par_1_41' title="bbox 1887 1777 3486 1849">
     <span class='ocr_line' id='line_1_41' title="bbox 1887 1777 3486 1849; baseline 0.004 -19"><span class='ocrx_word' id='word_1_311' title='bbox 1887 1777 1987 1832; x_wconf 87' lang='lat' dir='ltr'><strong>frui</strong></span> <span class='ocrx_word' id='word_1_312' title='bbox 2018 1779 2240 1848; x_wconf 87' lang='lat' dir='ltr'><strong>ejusque</strong></span> <span class='ocrx_word' id='word_1_313' title='bbox 2271 1778 2664 1833; x_wconf 87' lang='lat' dir='ltr'><strong>benedictione.</strong></span> <span class='ocrx_word' id='word_1_314' title='bbox 2713 1779 2899 1849; x_wconf 80' lang='lat' dir='ltr'><strong>Magna</strong></span> <span class='ocrx_word' id='word_1_315' title='bbox 2930 1780 3126 1849; x_wconf 90' lang='lat' dir='ltr'><strong>quippe</strong></span> <span class='ocrx_word' id='word_1_316' title='bbox 3157 1789 3238 1834; x_wconf 86' lang='lat' dir='ltr'><strong>est</strong></span> <span class='ocrx_word' id='word_1_317' title='bbox 3268 1789 3486 1836; x_wconf 89' lang='lat' dir='ltr'><strong>sancto-</strong></span> 
     </span>
    </p>
   </div>
   <div class='ocr_carea' id='block_1_42' title="bbox 1885 1870 3482 1940">
    <p class='ocr_par' dir='ltr' id='par_1_42' title="bbox 1885 1870 3482 1940">
     <span class='ocr_line' id='line_1_42' title="bbox 1885 1870 3482 1940; baseline 0.002 -16"><span class='ocrx_word' id='word_1_318' title='bbox 1885 1885 2003 1924; x_wconf 92' lang='lat' dir='ltr'><strong>rum</strong></span> <span class='ocrx_word' id='word_1_319' title='bbox 2052 1870 2374 1936; x_wconf 77' lang='lat' dir='ltr'><strong>benedictio,</strong></span> <span class='ocrx_word' id='word_1_320' title='bbox 2418 1885 2576 1939; x_wconf 90' lang='lat' dir='ltr'><strong>quam</strong></span> <span class='ocrx_word' id='word_1_321' title='bbox 2632 1871 2845 1940; x_wconf 88' lang='lat' dir='ltr'><strong>assequi</strong></span> <span class='ocrx_word' id='word_1_322' title='bbox 2892 1885 3163 1936; x_wconf 90' lang='lat' dir='ltr'><strong>curemus,</strong></span> <span class='ocrx_word' id='word_1_323' title='bbox 3197 1881 3254 1925; x_wconf 90' lang='lat' dir='ltr'><strong>nt</strong></span> <span class='ocrx_word' id='word_1_324' title='bbox 3295 1888 3482 1927; x_wconf 87' lang='lat' dir='ltr'><strong>eorum</strong></span> 
     </span>
    </p>
   </div>
   <div class='ocr_carea' id='block_1_43' title="bbox 1888 1958 3484 2032">
    <p class='ocr_par' dir='ltr' id='par_1_43' title="bbox 1888 1958 3484 2032">
     <span class='ocr_line' id='line_1_43' title="bbox 1888 1958 3484 2032; baseline 0.003 -18"><span class='ocrx_word' id='word_1_325' title='bbox 1888 1960 2132 2030; x_wconf 85' lang='lat' dir='ltr'><strong>precibus</strong></span> <span class='ocrx_word' id='word_1_326' title='bbox 2179 1960 2366 2029; x_wconf 88' lang='lat' dir='ltr'><strong>adjuti,</strong></span> <span class='ocrx_word' id='word_1_327' title='bbox 2415 1961 2503 2014; x_wconf 92' lang='lat' dir='ltr'><strong>Dei</strong></span> <span class='ocrx_word' id='word_1_328' title='bbox 2537 1958 2647 2032; x_wconf 86' lang='lat' dir='ltr'><strong>[qui</strong></span> <span class='ocrx_word' id='word_1_329' title='bbox 2681 1960 2800 2014; x_wconf 92' lang='lat' dir='ltr'><strong>illos</strong></span> <span class='ocrx_word' id='word_1_330' title='bbox 2832 1959 3070 2031; x_wconf 89' lang='lat' dir='ltr'><strong>roborat]</strong></span> <span class='ocrx_word' id='word_1_331' title='bbox 3116 1962 3484 2018; x_wconf 75' lang='lat' dir='ltr'><strong>misericordia</strong></span> 
     </span>
    </p>
   </div>
   <div class='ocr_carea' id='block_1_44' title="bbox 1888 2050 3485 2124">
    <p class='ocr_par' dir='ltr' id='par_1_44' title="bbox 1888 2050 3485 2124">
     <span class='ocr_line' id='line_1_44' title="bbox 1888 2050 3485 2124; baseline 0.004 -23"><span class='ocrx_word' id='word_1_332' title='bbox 1888 2051 2144 2114; x_wconf 85' lang='lat' dir='ltr'><strong>fruamur,</strong></span> <span class='ocrx_word' id='word_1_333' title='bbox 2203 2052 2376 2118; x_wconf 85' lang='lat' dir='ltr'><strong>gratia</strong></span> <span class='ocrx_word' id='word_1_334' title='bbox 2426 2059 2480 2103; x_wconf 91' lang='lat' dir='ltr'><strong>et</strong></span> <span class='ocrx_word' id='word_1_335' title='bbox 2535 2050 2860 2120; x_wconf 84' lang='lat' dir='ltr'><strong>benignitate</strong></span> <span class='ocrx_word' id='word_1_336' title='bbox 2911 2050 3179 2120; x_wconf 85' lang='lat' dir='ltr'><strong>Unigeniti</strong></span> <span class='ocrx_word' id='word_1_337' title='bbox 3225 2055 3341 2121; x_wconf 90' lang='lat' dir='ltr'><strong>ejus</strong></span> <span class='ocrx_word' id='word_1_338' title='bbox 3369 2052 3485 2124; x_wconf 71' lang='lat' dir='ltr'><strong>[Fi-</strong></span> 
     </span>
    </p>
   </div>
   <div class='ocr_carea' id='block_1_45' title="bbox 1887 2139 3485 2214">
    <p class='ocr_par' dir='ltr' id='par_1_45' title="bbox 1887 2139 3485 2214">
     <span class='ocr_line' id='line_1_45' title="bbox 1887 2139 3485 2214; baseline 0.004 -20"><span class='ocrx_word' id='word_1_339' title='bbox 1887 2139 1988 2212; x_wconf 76' lang='lat' dir='ltr'><strong>lii},</strong></span> <span class='ocrx_word' id='word_1_340' title='bbox 2031 2141 2244 2210; x_wconf 88' lang='lat' dir='ltr'><strong>quicum</strong></span> <span class='ocrx_word' id='word_1_341' title='bbox 2291 2140 2433 2195; x_wconf 81' lang='lat' dir='ltr'><strong>Patri</strong></span> <span class='ocrx_word' id='word_1_342' title='bbox 2485 2149 2538 2194; x_wconf 94' lang='lat' dir='ltr'><strong>ct</strong></span> <span class='ocrx_word' id='word_1_343' title='bbox 2588 2140 2807 2209; x_wconf 88' lang='lat' dir='ltr'><strong>Spiritui</strong></span> <span class='ocrx_word' id='word_1_344' title='bbox 2853 2151 3039 2195; x_wconf 88' lang='lat' dir='ltr'><strong>saneto</strong></span> <span class='ocrx_word' id='word_1_345' title='bbox 3078 2143 3280 2212; x_wconf 85' lang='lat' dir='ltr'><strong>gloria,</strong></span> <span class='ocrx_word' id='word_1_346' title='bbox 3313 2146 3485 2214; x_wconf 74' lang='lat' dir='ltr'><strong>impe~</strong></span> 
     </span>
    </p>
   </div>
   <div class='ocr_carea' id='block_1_46' title="bbox 1886 2230 3480 2300">
    <p class='ocr_par' dir='ltr' id='par_1_46' title="bbox 1886 2230 3480 2300">
     <span class='ocr_line' id='line_1_46' title="bbox 1886 2230 3480 2300; baseline 0.004 -16"><span class='ocrx_word' id='word_1_347' title='bbox 1886 2231 2045 2293; x_wconf 89' lang='lat' dir='ltr'><strong>rium,</strong></span> <span class='ocrx_word' id='word_1_348' title='bbox 2067 2230 2260 2296; x_wconf 88' lang='lat' dir='ltr'><strong>honor,</strong></span> <span class='ocrx_word' id='word_1_349' title='bbox 2283 2245 2423 2284; x_wconf 91' lang='lat' dir='ltr'><strong>nunc</strong></span> <span class='ocrx_word' id='word_1_350' title='bbox 2440 2239 2492 2285; x_wconf 89' lang='lat' dir='ltr'><strong>et</strong></span> <span class='ocrx_word' id='word_1_351' title='bbox 2508 2246 2742 2300; x_wconf 90' lang='lat' dir='ltr'><strong>semper,</strong></span> <span class='ocrx_word' id='word_1_352' title='bbox 2768 2242 2819 2286; x_wconf 90' lang='lat' dir='ltr'><strong>et</strong></span> <span class='ocrx_word' id='word_1_353' title='bbox 2844 2233 2895 2286; x_wconf 94' lang='lat' dir='ltr'><strong>in</strong></span> <span class='ocrx_word' id='word_1_354' title='bbox 2920 2233 3115 2287; x_wconf 69' lang='lat' dir='ltr'><strong>szecula</strong></span> <span class='ocrx_word' id='word_1_355' title='bbox 3139 2235 3480 2292; x_wconf 68' lang='lat' dir='ltr'><strong>surculorum.</strong></span> 
     </span>
    </p>
   </div>
   <div class='ocr_carea' id='block_1_47' title="bbox 1889 2325 2082 2378">
    <p class='ocr_par' dir='ltr' id='par_1_47' title="bbox 1889 2325 2082 2378">
     <span class='ocr_line' id='line_1_47' title="bbox 1889 2325 2082 2378; baseline 0 0"><span class='ocrx_word' id='word_1_356' title='bbox 1889 2325 2082 2378; x_wconf 86' lang='lat' dir='ltr'><strong>Anien.</strong></span> 
     </span>
    </p>
   </div>
   <div class='ocr_carea' id='block_1_48' title="bbox 187 2457 3058 2488">
    <p class='ocr_par' dir='ltr' id='par_1_48' title="bbox 187 2457 3058 2488">
     <span class='ocr_line' id='line_1_48' title="bbox 187 2457 3058 2488; baseline 0 -16"><span class='ocrx_word' id='word_1_357' title='bbox 187 2457 3058 2488; x_wconf 84' lang='lat'><strong>____________.___________________.________._</strong></span> 
     </span>
    </p>
   </div>
   <div class='ocr_carea' id='block_1_49' title="bbox 1592 2530 2127 2591">
    <p class='ocr_par' dir='ltr' id='par_1_49' title="bbox 1592 2530 2127 2591">
     <span class='ocr_line' id='line_1_49' title="bbox 1592 2530 2127 2591; baseline -0.002 0"><span class='ocrx_word' id='word_1_358' title='bbox 1592 2530 1933 2591; x_wconf 75' lang='lat' dir='ltr'><strong>HOMILIA</strong></span> <span class='ocrx_word' id='word_1_359' title='bbox 1969 2530 2127 2590; x_wconf 86' lang='lat' dir='ltr'><strong>LIV.</strong></span> 
     </span>
    </p>
   </div>
   <div class='ocr_carea' id='block_1_50' title="bbox 188 2676 1780 2754">
    <p class='ocr_par' dir='ltr' id='par_1_50' title="bbox 188 2676 1780 2754">
     <span class='ocr_line' id='line_1_50' title="bbox 188 2676 1780 2754; baseline -0.016 -2"><span class='ocrx_word' id='word_1_360' title='bbox 188 2695 318 2752; x_wconf 65' lang='lat' dir='ltr'><strong>Car.</strong></span> <span class='ocrx_word' id='word_1_361' title='bbox 343 2694 433 2749; x_wconf 63' lang='lat'><strong>28.</strong></span> <span class='ocrx_word' id='word_1_362' title='bbox 466 2709 517 2748; x_wconf 87' lang='lat' dir='ltr'><strong>v.</strong></span> <span class='ocrx_word' id='word_1_363' title='bbox 558 2693 608 2746; x_wconf 91' lang='grc'><strong>1.</strong></span> <span class='ocrx_word' id='word_1_364' title='bbox 649 2688 867 2744; x_wconf 85' lang='lat' dir='ltr'><strong>Barbari</strong></span> <span class='ocrx_word' id='word_1_365' title='bbox 901 2702 1014 2740; x_wconf 84' lang='lat' dir='ltr'><strong>vero</strong></span> <span class='ocrx_word' id='word_1_366' title='bbox 1056 2682 1360 2754; x_wconf 80' lang='lat' dir='ltr'><strong>prccstabant</strong></span> <span class='ocrx_word' id='word_1_367' title='bbox 1402 2695 1499 2732; x_wconf 87' lang='lat' dir='ltr'><strong>non</strong></span> <span class='ocrx_word' id='word_1_368' title='bbox 1530 2676 1780 2730; x_wconf 78' lang='lat' dir='ltr'><strong>modicam</strong></span> 
     </span>
    </p>
   </div>
   <div class='ocr_carea' id='block_1_51' title="bbox 260 2768 1785 2841">
    <p class='ocr_par' dir='ltr' id='par_1_51' title="bbox 260 2768 1785 2841">
     <span class='ocr_line' id='line_1_51' title="bbox 260 2768 1785 2841; baseline -0.014 0"><span class='ocrx_word' id='word_1_369' title='bbox 260 2787 628 2841; x_wconf 80' lang='lat' dir='ltr'><strong>humanitatem</strong></span> <span class='ocrx_word' id='word_1_370' title='bbox 673 2781 833 2835; x_wconf 85' lang='lat' dir='ltr'><strong>nobis.</strong></span> <span class='ocrx_word' id='word_1_371' title='bbox 878 2779 932 2832; x_wconf 73' lang='grc'><strong>2.</strong></span> <span class='ocrx_word' id='word_1_372' title='bbox 987 2779 1209 2830; x_wconf 78' lang='lat' dir='ltr'><strong>Accensa</strong></span> <span class='ocrx_word' id='word_1_373' title='bbox 1234 2775 1365 2827; x_wconf 85' lang='lat' dir='ltr'><strong>enim</strong></span> <span class='ocrx_word' id='word_1_374' title='bbox 1410 2787 1557 2841; x_wconf 81' lang='lat' dir='ltr'><strong>pyra,</strong></span> <span class='ocrx_word' id='word_1_375' title='bbox 1589 2768 1785 2834; x_wconf 83' lang='lat' dir='ltr'><strong>reﬁcie-</strong></span> 
     </span>
    </p>
   </div>
   <div class='ocr_carea' id='block_1_52' title="bbox 261 2862 1782 2944">
    <p class='ocr_par' dir='ltr' id='par_1_52' title="bbox 261 2862 1782 2944">
     <span class='ocr_line' id='line_1_52' title="bbox 261 2862 1782 2944; baseline -0.015 -9"><span class='ocrx_word' id='word_1_376' title='bbox 261 2883 378 2935; x_wconf 77' lang='lat' dir='ltr'><strong>bant</strong></span> <span class='ocrx_word' id='word_1_377' title='bbox 405 2896 496 2932; x_wconf 92' lang='lat' dir='ltr'><strong>nos</strong></span> <span class='ocrx_word' id='word_1_378' title='bbox 524 2892 714 2939; x_wconf 85' lang='lat' dir='ltr'><strong>omnes,</strong></span> <span class='ocrx_word' id='word_1_379' title='bbox 740 2883 941 2944; x_wconf 83' lang='lat' dir='ltr'><strong>propter</strong></span> <span class='ocrx_word' id='word_1_380' title='bbox 962 2872 1169 2924; x_wconf 81' lang='lat' dir='ltr'><strong>imbrem</strong></span> <span class='ocrx_word' id='word_1_381' title='bbox 1185 2869 1270 2937; x_wconf 96' lang='lat' dir='ltr'><strong>qui</strong></span> <span class='ocrx_word' id='word_1_382' title='bbox 1293 2865 1602 2929; x_wconf 79' lang='lat' dir='ltr'><strong>imminebat,</strong></span> <span class='ocrx_word' id='word_1_383' title='bbox 1624 2872 1669 2915; x_wconf 84' lang='lat' dir='ltr'><strong>ct</strong></span> <span class='ocrx_word' id='word_1_384' title='bbox 1690 2862 1782 2930; x_wconf 75' lang='lat' dir='ltr'><strong>fri-</strong></span> 
     </span>
    </p>
   </div>
   <div class='ocr_carea' id='block_1_53' title="bbox 261 2960 1782 3043">
    <p class='ocr_par' dir='ltr' id='par_1_53' title="bbox 261 2960 1782 3043">
     <span class='ocr_line' id='line_1_53' title="bbox 261 2960 1782 3043; baseline -0.013 -18"><span class='ocrx_word' id='word_1_385' title='bbox 261 2988 374 3043; x_wconf 84' lang='lat' dir='ltr'><strong>gus.</strong></span> <span class='ocrx_word' id='word_1_386' title='bbox 406 2973 456 3025; x_wconf 80' lang='grc'><strong>5.</strong></span> <span class='ocrx_word' id='word_1_387' title='bbox 485 2969 612 3022; x_wconf 87' lang='lat' dir='ltr'><strong>Cum</strong></span> <span class='ocrx_word' id='word_1_388' title='bbox 637 2973 984 3037; x_wconf 78' lang='lat' dir='ltr'><strong>congregasset</strong></span> <span class='ocrx_word' id='word_1_389' title='bbox 1009 2972 1172 3016; x_wconf 89' lang='lat' dir='ltr'><strong>autem</strong></span> <span class='ocrx_word' id='word_1_390' title='bbox 1202 2960 1392 3013; x_wconf 87' lang='lat' dir='ltr'><strong>Paulus</strong></span> <span class='ocrx_word' id='word_1_391' title='bbox 1415 2965 1782 3011; x_wconf 78' lang='lat' dir='ltr'><strong>sarmentorum</strong></span> 
     </span>
    </p>
   </div>
   <div class='ocr_carea' id='block_1_54' title="bbox 262 3048 1784 3124">
    <p class='ocr_par' dir='ltr' id='par_1_54' title="bbox 262 3048 1784 3124">
     <span class='ocr_line' id='line_1_54' title="bbox 262 3048 1784 3124; baseline -0.014 -9"><span class='ocrx_word' id='word_1_392' title='bbox 262 3060 639 3115; x_wconf 81' lang='lat' dir='ltr'><strong>multitudinem</strong></span> <span class='ocrx_word' id='word_1_393' title='bbox 680 3067 724 3110; x_wconf 90' lang='lat' dir='ltr'><strong>et</strong></span> <span class='ocrx_word' id='word_1_394' title='bbox 753 3055 1071 3124; x_wconf 70' lang='lat' dir='ltr'><strong>imposuisset</strong></span> <span class='ocrx_word' id='word_1_395' title='bbox 1101 3053 1152 3104; x_wconf 92' lang='lat' dir='ltr'><strong>in</strong></span> <span class='ocrx_word' id='word_1_396' title='bbox 1195 3052 1380 3120; x_wconf 84' lang='lat' dir='ltr'><strong>ignem,</strong></span> <span class='ocrx_word' id='word_1_397' title='bbox 1418 3048 1589 3116; x_wconf 84' lang='lat' dir='ltr'><strong>vipera</strong></span> <span class='ocrx_word' id='word_1_398' title='bbox 1636 3061 1667 3096; x_wconf 93' lang='lat' dir='ltr'><strong>a</strong></span> <span class='ocrx_word' id='word_1_399' title='bbox 1700 3060 1784 3095; x_wconf 88' lang='lat' dir='ltr'><strong>ca-</strong></span> 
     </span>
    </p>
   </div>
   <div class='ocr_carea' id='block_1_55' title="bbox 264 3140 1572 3220">
    <p class='ocr_par' dir='ltr' id='par_1_55' title="bbox 264 3140 1572 3220">
     <span class='ocr_line' id='line_1_55' title="bbox 264 3140 1572 3220; baseline -0.011 -14"><span class='ocrx_word' id='word_1_400' title='bbox 264 3155 371 3208; x_wconf 88' lang='lat' dir='ltr'><strong>lore</strong></span> <span class='ocrx_word' id='word_1_401' title='bbox 395 3169 509 3206; x_wconf 85' lang='lat' dir='ltr'><strong>cum</strong></span> <span class='ocrx_word' id='word_1_402' title='bbox 534 3149 875 3220; x_wconf 85' lang='lat' dir='ltr'><strong>processisset,</strong></span> <span class='ocrx_word' id='word_1_403' title='bbox 904 3144 1177 3198; x_wconf 85' lang='lat' dir='ltr'><strong>momordit</strong></span> <span class='ocrx_word' id='word_1_404' title='bbox 1206 3157 1411 3194; x_wconf 88' lang='lat' dir='ltr'><strong>manum</strong></span> <span class='ocrx_word' id='word_1_405' title='bbox 1441 3140 1572 3206; x_wconf 87' lang='lat' dir='ltr'><strong>ejus.</strong></span> 
     </span>
    </p>
   </div>
   <div class='ocr_carea' id='block_1_56' title="bbox 263 3226 1782 3311">
    <p class='ocr_par' dir='ltr' id='par_1_56' title="bbox 263 3226 1782 3311">
     <span class='ocr_line' id='line_1_56' title="bbox 263 3226 1782 3311; baseline -0.014 -11"><span class='ocrx_word' id='word_1_406' title='bbox 263 3247 318 3300; x_wconf 83' lang='grc'><strong>1.</strong></span> <span class='ocrx_word' id='word_1_407' title='bbox 353 3241 635 3311; x_wconf 84' lang='lat' dir='ltr'><strong>Quomodo</strong></span> <span class='ocrx_word' id='word_1_408' title='bbox 675 3239 1058 3294; x_wconf 88' lang='lat' dir='ltr'><strong>humanitatem</strong></span> <span class='ocrx_word' id='word_1_409' title='bbox 1091 3239 1406 3303; x_wconf 71' lang='lat' dir='ltr'><strong>prmstarent</strong></span> <span class='ocrx_word' id='word_1_410' title='bbox 1431 3228 1663 3292; x_wconf 91' lang='lat' dir='ltr'><strong>barbari,</strong></span> <span class='ocrx_word' id='word_1_411' title='bbox 1698 3226 1782 3280; x_wconf 86' lang='lat' dir='ltr'><strong>in-</strong></span> 
     </span>
    </p>
   </div>
   <div class='ocr_carea' id='block_1_57' title="bbox 190 3317 1785 3404">
    <p class='ocr_par' dir='ltr' id='par_1_57' title="bbox 190 3317 1785 3404">
     <span class='ocr_line' id='line_1_57' title="bbox 190 3317 1785 3404; baseline -0.013 -14"><span class='ocrx_word' id='word_1_412' title='bbox 190 3343 525 3404; x_wconf 74' lang='lat' dir='ltr'><strong>terpretatur</strong></span> <span class='ocrx_word' id='word_1_413' title='bbox 555 3349 566 3382; x_wconf 92' lang='lat'>:</span> <span class='ocrx_word' id='word_1_414' title='bbox 598 3332 836 3388; x_wconf 82' lang='lat' dir='ltr'><strong>Accensa,</strong></span> <span class='ocrx_word' id='word_1_415' title='bbox 868 3327 1058 3396; x_wconf 90' lang='lat' dir='ltr'><strong>inquit,</strong></span> <span class='ocrx_word' id='word_1_416' title='bbox 1088 3341 1215 3394; x_wconf 83' lang='lat' dir='ltr'><strong>pyra</strong></span> <span class='ocrx_word' id='word_1_417' title='bbox 1236 3322 1523 3389; x_wconf 81' lang='lat' dir='ltr'><strong>reﬁciebant</strong></span> <span class='ocrx_word' id='word_1_418' title='bbox 1546 3336 1634 3373; x_wconf 91' lang='lat' dir='ltr'><strong>nos</strong></span> <span class='ocrx_word' id='word_1_419' title='bbox 1655 3317 1785 3389; x_wconf 89' lang='lat' dir='ltr'><strong>[om-</strong></span> 
     </span>
    </p>
   </div>
   <div class='ocr_carea' id='block_1_58' title="bbox 188 3410 1783 3495">
    <p class='ocr_par' dir='ltr' id='par_1_58' title="bbox 188 3410 1783 3495">
     <span class='ocr_line' id='line_1_58' title="bbox 188 3410 1783 3495; baseline -0.011 -18"><span class='ocrx_word' id='word_1_420' title='bbox 188 3423 326 3495; x_wconf 76' lang='lat' dir='ltr'><strong>nes].</strong></span> <span class='ocrx_word' id='word_1_421' title='bbox 355 3423 485 3491; x_wconf 86' lang='lat' dir='ltr'><strong>Quia</strong></span> <span class='ocrx_word' id='word_1_422' title='bbox 512 3421 654 3478; x_wconf 89' lang='lat' dir='ltr'><strong>enim</strong></span> <span class='ocrx_word' id='word_1_423' title='bbox 684 3418 826 3472; x_wconf 72' lang='lat' dir='ltr'><strong>nulla</strong></span> <span class='ocrx_word' id='word_1_424' title='bbox 848 3433 912 3473; x_wconf 82' lang='lat' dir='ltr'><strong>ex</strong></span> <span class='ocrx_word' id='word_1_425' title='bbox 941 3415 1192 3470; x_wconf 88' lang='lat' dir='ltr'><strong>evasione</strong></span> <span class='ocrx_word' id='word_1_426' title='bbox 1213 3412 1410 3465; x_wconf 87' lang='lat' dir='ltr'><strong>utilitas</strong></span> <span class='ocrx_word' id='word_1_427' title='bbox 1432 3410 1640 3474; x_wconf 82' lang='lat' dir='ltr'><strong>fuisset,</strong></span> <span class='ocrx_word' id='word_1_428' title='bbox 1665 3422 1783 3462; x_wconf 92' lang='lat' dir='ltr'><strong>cum</strong></span> 
     </span>
    </p>
   </div>
   <div class='ocr_carea' id='block_1_59' title="bbox 191 3501 1780 3585">
    <p class='ocr_par' dir='ltr' id='par_1_59' title="bbox 191 3501 1780 3585">
     <span class='ocr_line' id='line_1_59' title="bbox 191 3501 1780 3585; baseline -0.013 -13"><span class='ocrx_word' id='word_1_429' title='bbox 191 3516 362 3585; x_wconf 79' lang='lat' dir='ltr'><strong>frigus</strong></span> <span class='ocrx_word' id='word_1_430' title='bbox 409 3513 529 3567; x_wconf 91' lang='lat' dir='ltr'><strong>illos</strong></span> <span class='ocrx_word' id='word_1_431' title='bbox 558 3512 1002 3578; x_wconf 90' lang='lat' dir='ltr'><strong>interempturum</strong></span> <span class='ocrx_word' id='word_1_432' title='bbox 1028 3513 1194 3569; x_wconf 57' lang='lat'><strong>8358&#39;,</strong></span> <span class='ocrx_word' id='word_1_433' title='bbox 1243 3501 1545 3560; x_wconf 86' lang='lat' dir='ltr'><strong>accendunt</strong></span> <span class='ocrx_word' id='word_1_434' title='bbox 1577 3514 1780 3570; x_wconf 83' lang='lat' dir='ltr'><strong>pyram.</strong></span> 
     </span>
    </p>
   </div>
   <div class='ocr_carea' id='block_1_60' title="bbox 190 3591 1790 3670">
    <p class='ocr_par' dir='ltr' id='par_1_60' title="bbox 190 3591 1790 3670">
     <span class='ocr_line' id='line_1_60' title="bbox 190 3591 1790 3670; baseline -0.012 -8"><span class='ocrx_word' id='word_1_435' title='bbox 190 3608 335 3663; x_wconf 88' lang='lat' dir='ltr'><strong>llinc</strong></span> <span class='ocrx_word' id='word_1_436' title='bbox 364 3605 564 3659; x_wconf 79' lang='lat' dir='ltr'><strong>Paulus</strong></span> <span class='ocrx_word' id='word_1_437' title='bbox 607 3611 826 3670; x_wconf 78' lang='lat' dir='ltr'><strong>accepta</strong></span> <span class='ocrx_word' id='word_1_438' title='bbox 866 3604 1135 3654; x_wconf 89' lang='lat' dir='ltr'><strong>sarmenta</strong></span> <span class='ocrx_word' id='word_1_439' title='bbox 1183 3597 1234 3648; x_wconf 89' lang='lat' dir='ltr'><strong>in</strong></span> <span class='ocrx_word' id='word_1_440' title='bbox 1281 3607 1468 3662; x_wconf 85' lang='lat' dir='ltr'><strong>rogum</strong></span> <span class='ocrx_word' id='word_1_441' title='bbox 1509 3591 1689 3653; x_wconf 86' lang='lat' dir='ltr'><strong>infert,</strong></span> <span class='ocrx_word' id='word_1_442' title='bbox 1732 3598 1790 3643; x_wconf 89' lang='lat' dir='ltr'><strong>nt</strong></span> 
     </span>
    </p>
   </div>
   <div class='ocr_carea' id='block_1_61' title="bbox 191 3682 1790 3763">
    <p class='ocr_par' dir='ltr' id='par_1_61' title="bbox 191 3682 1790 3763">
     <span class='ocr_line' id='line_1_61' title="bbox 191 3682 1790 3763; baseline -0.012 -10"><span class='ocrx_word' id='word_1_443' title='bbox 191 3698 287 3753; x_wconf 69' lang='lat' dir='ltr'><strong>ille</strong></span> <span class='ocrx_word' id='word_1_444' title='bbox 317 3695 595 3763; x_wconf 82' lang='lat' dir='ltr'><strong>subjunglt</strong></span> <span class='ocrx_word' id='word_1_445' title='bbox 619 3709 632 3744; x_wconf 89' lang='lat'>:</span> <span class='ocrx_word' id='word_1_446' title='bbox 659 3691 786 3745; x_wconf 79' lang='lat' dir='ltr'><strong>Cum</strong></span> <span class='ocrx_word' id='word_1_447' title='bbox 833 3694 1186 3759; x_wconf 83' lang='lat' dir='ltr'><strong>congregasset</strong></span> <span class='ocrx_word' id='word_1_448' title='bbox 1227 3693 1394 3737; x_wconf 88' lang='lat' dir='ltr'><strong>autem</strong></span> <span class='ocrx_word' id='word_1_449' title='bbox 1440 3682 1637 3735; x_wconf 88' lang='lat' dir='ltr'><strong>Paulus</strong></span> <span class='ocrx_word' id='word_1_450' title='bbox 1678 3698 1790 3734; x_wconf 85' lang='lat' dir='ltr'><strong>sar-</strong></span> 
     </span>
    </p>
   </div>
   <div class='ocr_carea' id='block_1_62' title="bbox 190 3777 1792 3844">
    <p class='ocr_par' dir='ltr' id='par_1_62' title="bbox 190 3777 1792 3844">
     <span class='ocr_line' id='line_1_62' title="bbox 190 3777 1792 3844; baseline -0.01 -2"><span class='ocrx_word' id='word_1_451' title='bbox 190 3799 481 3843; x_wconf 75' lang='lat' dir='ltr'><strong>mentorum</strong></span> <span class='ocrx_word' id='word_1_452' title='bbox 505 3781 901 3837; x_wconf 82' lang='lat' dir='ltr'><strong>multitudinem.</strong></span> <span class='ocrx_word' id='word_1_453' title='bbox 919 3779 1054 3832; x_wconf 73' lang='lat' dir='ltr'><strong>Vide</strong></span> <span class='ocrx_word' id='word_1_454' title='bbox 1076 3777 1222 3830; x_wconf 91' lang='lat' dir='ltr'><strong>illum</strong></span> <span class='ocrx_word' id='word_1_455' title='bbox 1241 3781 1572 3844; x_wconf 87' lang='lat' dir='ltr'><strong>operantem;</strong></span> <span class='ocrx_word' id='word_1_456' title='bbox 1592 3784 1642 3827; x_wconf 92' lang='lat' dir='ltr'><strong>et</strong></span> <span class='ocrx_word' id='word_1_457' title='bbox 1667 3787 1792 3826; x_wconf 85' lang='lat' dir='ltr'><strong>nus-</strong></span> 
     </span>
    </p>
   </div>
   <div class='ocr_carea' id='block_1_63' title="bbox 189 3869 1800 3954">
    <p class='ocr_par' dir='ltr' id='par_1_63' title="bbox 189 3869 1800 3954">
     <span class='ocr_line' id='line_1_63' title="bbox 189 3869 1800 3954; baseline -0.012 -15"><span class='ocrx_word' id='word_1_458' title='bbox 189 3901 358 3954; x_wconf 84' lang='lat' dir='ltr'><strong>quam</strong></span> <span class='ocrx_word' id='word_1_459' title='bbox 375 3883 573 3937; x_wconf 88' lang='lat' dir='ltr'><strong>frustra</strong></span> <span class='ocrx_word' id='word_1_460' title='bbox 594 3877 852 3933; x_wconf 88' lang='lat' dir='ltr'><strong>mirabilia</strong></span> <span class='ocrx_word' id='word_1_461' title='bbox 868 3883 1187 3947; x_wconf 90' lang='lat' dir='ltr'><strong>patrantem,</strong></span> <span class='ocrx_word' id='word_1_462' title='bbox 1204 3872 1297 3927; x_wconf 88' lang='lat' dir='ltr'><strong>sed</strong></span> <span class='ocrx_word' id='word_1_463' title='bbox 1313 3871 1380 3925; x_wconf 93' lang='lat' dir='ltr'><strong>ob</strong></span> <span class='ocrx_word' id='word_1_464' title='bbox 1397 3869 1800 3924; x_wconf 72' lang='lat' dir='ltr'><strong>necessitatem:</strong></span> 
     </span>
    </p>
   </div>
   <div class='ocr_carea' id='block_1_64' title="bbox 192 3957 1787 4039">
    <p class='ocr_par' dir='ltr' id='par_1_64' title="bbox 192 3957 1787 4039">
     <span class='ocr_line' id='line_1_64' title="bbox 192 3957 1787 4039; baseline -0.013 -9"><span class='ocrx_word' id='word_1_465' title='bbox 192 3991 323 4030; x_wconf 85' lang='lat' dir='ltr'><strong>nam</strong></span> <span class='ocrx_word' id='word_1_466' title='bbox 344 3974 398 4028; x_wconf 89' lang='lat' dir='ltr'><strong>in</strong></span> <span class='ocrx_word' id='word_1_467' title='bbox 425 3978 741 4039; x_wconf 86' lang='lat' dir='ltr'><strong>tempestate</strong></span> <span class='ocrx_word' id='word_1_468' title='bbox 761 3982 970 4038; x_wconf 90' lang='lat' dir='ltr'><strong>quoque</strong></span> <span class='ocrx_word' id='word_1_469' title='bbox 998 3979 1104 4020; x_wconf 91' lang='lat' dir='ltr'><strong>non</strong></span> <span class='ocrx_word' id='word_1_470' title='bbox 1122 3964 1240 4018; x_wconf 91' lang='lat' dir='ltr'><strong>sine</strong></span> <span class='ocrx_word' id='word_1_471' title='bbox 1252 3976 1412 4017; x_wconf 88' lang='lat' dir='ltr'><strong>causa</strong></span> <span class='ocrx_word' id='word_1_472' title='bbox 1433 3957 1787 4030; x_wconf 75' lang='lat' dir='ltr'><strong>prophetarit,</strong></span> 
     </span>
    </p>
   </div>
   <div class='ocr_carea' id='block_1_65' title="bbox 190 4053 1792 4129">
    <p class='ocr_par' dir='ltr' id='par_1_65' title="bbox 190 4053 1792 4129">
     <span class='ocr_line' id='line_1_65' title="bbox 190 4053 1792 4129; baseline -0.011 -6"><span class='ocrx_word' id='word_1_473' title='bbox 190 4079 248 4124; x_wconf 88' lang='lat' dir='ltr'><strong>et</strong></span> <span class='ocrx_word' id='word_1_474' title='bbox 275 4067 367 4122; x_wconf 89' lang='lat' dir='ltr'><strong>hic</strong></span> <span class='ocrx_word' id='word_1_475' title='bbox 387 4079 600 4120; x_wconf 87' lang='lat' dir='ltr'><strong>rursum</strong></span> <span class='ocrx_word' id='word_1_476' title='bbox 628 4070 894 4118; x_wconf 89' lang='lat' dir='ltr'><strong>sarmenta</strong></span> <span class='ocrx_word' id='word_1_477' title='bbox 915 4060 1115 4129; x_wconf 86' lang='lat' dir='ltr'><strong>colligit</strong></span> <span class='ocrx_word' id='word_1_478' title='bbox 1140 4068 1193 4113; x_wconf 90' lang='lat' dir='ltr'><strong>et</strong></span> <span class='ocrx_word' id='word_1_479' title='bbox 1220 4056 1464 4126; x_wconf 91' lang='lat' dir='ltr'><strong>imponit.</strong></span> <span class='ocrx_word' id='word_1_480' title='bbox 1490 4054 1621 4108; x_wconf 88' lang='lat' dir='ltr'><strong>Vide</strong></span> <span class='ocrx_word' id='word_1_481' title='bbox 1645 4053 1792 4107; x_wconf 91' lang='lat' dir='ltr'><strong>illum</strong></span> 
     </span>
    </p>
   </div>
   <div class='ocr_carea' id='block_1_66' title="bbox 190 4145 1794 4223">
    <p class='ocr_par' dir='ltr' id='par_1_66' title="bbox 190 4145 1794 4223">
     <span class='ocr_line' id='line_1_66' title="bbox 190 4145 1794 4223; baseline -0.012 -9"><span class='ocrx_word' id='word_1_482' title='bbox 190 4175 310 4214; x_wconf 90' lang='lat' dir='ltr'><strong>non</strong></span> <span class='ocrx_word' id='word_1_483' title='bbox 329 4158 397 4212; x_wconf 89' lang='lat' dir='ltr'><strong>ad</strong></span> <span class='ocrx_word' id='word_1_484' title='bbox 422 4155 617 4211; x_wconf 85' lang='lat' dir='ltr'><strong>fastum</strong></span> <span class='ocrx_word' id='word_1_485' title='bbox 638 4153 719 4209; x_wconf 89' lang='lat' dir='ltr'><strong>vel</strong></span> <span class='ocrx_word' id='word_1_486' title='bbox 744 4151 1012 4223; x_wconf 85' lang='lat' dir='ltr'><strong>superflue</strong></span> <span class='ocrx_word' id='word_1_487' title='bbox 1029 4157 1296 4219; x_wconf 83' lang='lat' dir='ltr'><strong>agentem,</strong></span> <span class='ocrx_word' id='word_1_488' title='bbox 1321 4145 1413 4201; x_wconf 87' lang='lat' dir='ltr'><strong>sed</strong></span> <span class='ocrx_word' id='word_1_489' title='bbox 1438 4153 1496 4199; x_wconf 93' lang='lat' dir='ltr'><strong>ut</strong></span> <span class='ocrx_word' id='word_1_490' title='bbox 1518 4145 1590 4198; x_wconf 91' lang='lat' dir='ltr'><strong>illi</strong></span> <span class='ocrx_word' id='word_1_491' title='bbox 1608 4158 1794 4198; x_wconf 90' lang='lat' dir='ltr'><strong>serva-</strong></span> 
     </span>
    </p>
   </div>
   <div class='ocr_carea' id='block_1_67' title="bbox 190 4234 1797 4316">
    <p class='ocr_par' dir='ltr' id='par_1_67' title="bbox 190 4234 1797 4316">
     <span class='ocr_line' id='line_1_67' title="bbox 190 4234 1797 4316; baseline -0.011 -10"><span class='ocrx_word' id='word_1_492' title='bbox 190 4259 392 4307; x_wconf 79' lang='lat' dir='ltr'><strong>rentur</strong></span> <span class='ocrx_word' id='word_1_493' title='bbox 404 4247 585 4303; x_wconf 89' lang='lat' dir='ltr'><strong>calore</strong></span> <span class='ocrx_word' id='word_1_494' title='bbox 601 4248 831 4316; x_wconf 89' lang='lat' dir='ltr'><strong>quodam</strong></span> <span class='ocrx_word' id='word_1_495' title='bbox 851 4242 1105 4297; x_wconf 90' lang='lat' dir='ltr'><strong>fruentes.</strong></span> <span class='ocrx_word' id='word_1_496' title='bbox 1122 4239 1324 4295; x_wconf 90' lang='lat' dir='ltr'><strong>Deinde</strong></span> <span class='ocrx_word' id='word_1_497' title='bbox 1340 4238 1519 4307; x_wconf 80' lang='lat' dir='ltr'><strong>vipera</strong></span> <span class='ocrx_word' id='word_1_498' title='bbox 1539 4251 1602 4290; x_wconf 90' lang='lat' dir='ltr'><strong>ex</strong></span> <span class='ocrx_word' id='word_1_499' title='bbox 1617 4234 1797 4289; x_wconf 88' lang='lat' dir='ltr'><strong>calore</strong></span> 
     </span>
    </p>
   </div>
   <div class='ocr_carea' id='block_1_68' title="bbox 189 4327 1796 4412">
    <p class='ocr_par' dir='ltr' id='par_1_68' title="bbox 189 4327 1796 4412">
     <span class='ocr_line' id='line_1_68' title="bbox 189 4327 1796 4412; baseline -0.011 -15"><span class='ocrx_word' id='word_1_500' title='bbox 189 4354 425 4412; x_wconf 74' lang='lat' dir='ltr'><strong>egressa</strong></span> <span class='ocrx_word' id='word_1_501' title='bbox 448 4353 662 4392; x_wconf 91' lang='lat' dir='ltr'><strong>manum</strong></span> <span class='ocrx_word' id='word_1_502' title='bbox 686 4337 801 4404; x_wconf 86' lang='lat' dir='ltr'><strong>ejus</strong></span> <span class='ocrx_word' id='word_1_503' title='bbox 823 4334 1016 4388; x_wconf 79' lang='lat' dir='ltr'><strong>invasit</strong></span> <span class='ocrx_word' id='word_1_504' title='bbox 1043 4352 1053 4385; x_wconf 92' lang='lat'>:</span> <span class='ocrx_word' id='word_1_505' title='bbox 1079 4343 1130 4388; x_wconf 91' lang='lat' dir='ltr'><strong>et</strong></span> <span class='ocrx_word' id='word_1_506' title='bbox 1156 4329 1295 4402; x_wconf 89' lang='lat' dir='ltr'><strong>quod</strong></span> <span class='ocrx_word' id='word_1_507' title='bbox 1322 4330 1596 4394; x_wconf 81' lang='lat' dir='ltr'><strong>invaserit,</strong></span> <span class='ocrx_word' id='word_1_508' title='bbox 1621 4327 1796 4398; x_wconf 84' lang='lat' dir='ltr'><strong>palam</strong></span> 
     </span>
    </p>
   </div>
   <div class='ocr_carea' id='block_1_69' title="bbox 194 4421 1799 4497">
    <p class='ocr_par' dir='ltr' id='par_1_69' title="bbox 194 4421 1799 4497">
     <span class='ocr_line' id='line_1_69' title="bbox 194 4421 1799 4497; baseline -0.01 -10"><span class='ocrx_word' id='word_1_509' title='bbox 194 4440 286 4487; x_wconf 86' lang='lat' dir='ltr'><strong>est</strong></span> <span class='ocrx_word' id='word_1_510' title='bbox 315 4445 382 4485; x_wconf 80' lang='lat' dir='ltr'><strong>ex</strong></span> <span class='ocrx_word' id='word_1_511' title='bbox 427 4426 797 4497; x_wconf 80' lang='lat' dir='ltr'><strong>sequentibus.</strong></span> <span class='ocrx_word' id='word_1_512' title='bbox 829 4426 882 4480; x_wconf 73' lang='grc'><strong>4.</strong></span> <span class='ocrx_word' id='word_1_513' title='bbox 919 4424 986 4479; x_wconf 85' lang='lat' dir='ltr'><strong>Ut</strong></span> <span class='ocrx_word' id='word_1_514' title='bbox 1031 4439 1146 4477; x_wconf 88' lang='lat' dir='ltr'><strong>vero</strong></span> <span class='ocrx_word' id='word_1_515' title='bbox 1184 4424 1413 4476; x_wconf 86' lang='lat' dir='ltr'><strong>viderunt</strong></span> <span class='ocrx_word' id='word_1_516' title='bbox 1450 4421 1651 4474; x_wconf 87' lang='lat' dir='ltr'><strong>barbari</strong></span> <span class='ocrx_word' id='word_1_517' title='bbox 1680 4437 1799 4488; x_wconf 88' lang='lat' dir='ltr'><strong>pen-</strong></span> 
     </span>
    </p>
   </div>
   <div class='ocr_carea' id='block_1_70' title="bbox 195 4511 1794 4586">
    <p class='ocr_par' dir='ltr' id='par_1_70' title="bbox 195 4511 1794 4586">
     <span class='ocr_line' id='line_1_70' title="bbox 195 4511 1794 4586; baseline -0.009 -10"><span class='ocrx_word' id='word_1_518' title='bbox 195 4522 412 4576; x_wconf 79' lang='lat' dir='ltr'><strong>dentem</strong></span> <span class='ocrx_word' id='word_1_519' title='bbox 442 4518 650 4572; x_wconf 83' lang='lat' dir='ltr'><strong>bestiam</strong></span> <span class='ocrx_word' id='word_1_520' title='bbox 671 4518 733 4570; x_wconf 84' lang='lat' dir='ltr'><strong>de</strong></span> <span class='ocrx_word' id='word_1_521' title='bbox 759 4532 910 4568; x_wconf 87' lang='lat' dir='ltr'><strong>manu</strong></span> <span class='ocrx_word' id='word_1_522' title='bbox 935 4517 1062 4586; x_wconf 83' lang='lat' dir='ltr'><strong>ejus,</strong></span> <span class='ocrx_word' id='word_1_523' title='bbox 1080 4515 1210 4568; x_wconf 86' lang='lat' dir='ltr'><strong>inter</strong></span> <span class='ocrx_word' id='word_1_524' title='bbox 1229 4530 1281 4567; x_wconf 85' lang='lat' dir='ltr'><strong>se</strong></span> <span class='ocrx_word' id='word_1_525' title='bbox 1310 4512 1540 4566; x_wconf 86' lang='lat' dir='ltr'><strong>dicebant</strong></span> <span class='ocrx_word' id='word_1_526' title='bbox 1564 4528 1581 4565; x_wconf 93' lang='lat'><strong><em>:</em></strong></span> <span class='ocrx_word' id='word_1_527' title='bbox 1608 4511 1794 4580; x_wconf 80' lang='lat' dir='ltr'><strong>Utique</strong></span> 
     </span>
    </p>
   </div>
   <div class='ocr_carea' id='block_1_71' title="bbox 193 4603 1801 4676">
    <p class='ocr_par' dir='ltr' id='par_1_71' title="bbox 193 4603 1801 4676">
     <span class='ocr_line' id='line_1_71' title="bbox 193 4603 1801 4676; baseline -0.007 -10"><span class='ocrx_word' id='word_1_528' title='bbox 193 4610 470 4666; x_wconf 71' lang='lat' dir='ltr'><strong>homicida</strong></span> <span class='ocrx_word' id='word_1_529' title='bbox 499 4618 572 4662; x_wconf 83' lang='lat' dir='ltr'><strong>est</strong></span> <span class='ocrx_word' id='word_1_530' title='bbox 616 4609 765 4662; x_wconf 86' lang='lat' dir='ltr'><strong>homo</strong></span> <span class='ocrx_word' id='word_1_531' title='bbox 797 4608 876 4660; x_wconf 85' lang='lat' dir='ltr'><strong>hic</strong></span> <span class='ocrx_word' id='word_1_532' title='bbox 900 4647 913 4670; x_wconf 90' lang='lat'><strong>,</strong></span> <span class='ocrx_word' id='word_1_533' title='bbox 955 4623 1101 4676; x_wconf 82' lang='lat' dir='ltr'><strong>quem</strong></span> <span class='ocrx_word' id='word_1_534' title='bbox 1131 4615 1379 4659; x_wconf 79' lang='lat' dir='ltr'><strong>servatum</strong></span> <span class='ocrx_word' id='word_1_535' title='bbox 1423 4605 1483 4657; x_wconf 89' lang='lat' dir='ltr'><strong>de</strong></span> <span class='ocrx_word' id='word_1_536' title='bbox 1510 4605 1637 4656; x_wconf 87' lang='lat' dir='ltr'><strong>mari</strong></span> <span class='ocrx_word' id='word_1_537' title='bbox 1677 4603 1801 4656; x_wconf 85' lang='lat' dir='ltr'><strong>ultio</strong></span> 
     </span>
    </p>
   </div>
   <div class='ocr_carea' id='block_1_72' title="bbox 195 4695 1801 4766">
    <p class='ocr_par' dir='ltr' id='par_1_72' title="bbox 195 4695 1801 4766">
     <span class='ocr_line' id='line_1_72' title="bbox 195 4695 1801 4766; baseline -0.005 -10"><span class='ocrx_word' id='word_1_538' title='bbox 195 4719 307 4756; x_wconf 79' lang='lat' dir='ltr'><strong>non</strong></span> <span class='ocrx_word' id='word_1_539' title='bbox 332 4701 460 4755; x_wconf 81' lang='lat' dir='ltr'><strong>sinit</strong></span> <span class='ocrx_word' id='word_1_540' title='bbox 489 4701 668 4753; x_wconf 84' lang='lat' dir='ltr'><strong>vivere.</strong></span> <span class='ocrx_word' id='word_1_541' title='bbox 699 4698 844 4753; x_wconf 87' lang='lat' dir='ltr'><strong>Bene</strong></span> <span class='ocrx_word' id='word_1_542' title='bbox 868 4697 969 4752; x_wconf 91' lang='lat' dir='ltr'><strong>hoc</strong></span> <span class='ocrx_word' id='word_1_543' title='bbox 994 4697 1308 4766; x_wconf 85' lang='lat' dir='ltr'><strong>permissum</strong></span> <span class='ocrx_word' id='word_1_544' title='bbox 1343 4704 1441 4759; x_wconf 87' lang='lat' dir='ltr'><strong>est,</strong></span> <span class='ocrx_word' id='word_1_545' title='bbox 1470 4707 1522 4749; x_wconf 94' lang='lat' dir='ltr'><strong>ut</strong></span> <span class='ocrx_word' id='word_1_546' title='bbox 1554 4695 1676 4749; x_wconf 87' lang='lat' dir='ltr'><strong>talia</strong></span> <span class='ocrx_word' id='word_1_547' title='bbox 1727 4695 1801 4749; x_wconf 91' lang='lat' dir='ltr'><strong>illi</strong></span> 
     </span>
    </p>
   </div>
   <div class='ocr_carea' id='block_1_73' title="bbox 197 4787 1802 4859">
    <p class='ocr_par' dir='ltr' id='par_1_73' title="bbox 197 4787 1802 4859">
     <span class='ocr_line' id='line_1_73' title="bbox 197 4787 1802 4859; baseline -0.003 -11"><span class='ocrx_word' id='word_1_548' title='bbox 197 4793 459 4850; x_wconf 82' lang='lat' dir='ltr'><strong>viderent</strong></span> <span class='ocrx_word' id='word_1_549' title='bbox 480 4799 533 4846; x_wconf 91' lang='lat' dir='ltr'><strong>et</strong></span> <span class='ocrx_word' id='word_1_550' title='bbox 557 4791 916 4859; x_wconf 88' lang='lat' dir='ltr'><strong>loquerentur,</strong></span> <span class='ocrx_word' id='word_1_551' title='bbox 949 4801 1003 4843; x_wconf 92' lang='lat' dir='ltr'><strong>ut</strong></span> <span class='ocrx_word' id='word_1_552' title='bbox 1026 4789 1203 4844; x_wconf 85' lang='lat' dir='ltr'><strong>futuro</strong></span> <span class='ocrx_word' id='word_1_553' title='bbox 1229 4790 1485 4844; x_wconf 90' lang='lat' dir='ltr'><strong>miraculo</strong></span> <span class='ocrx_word' id='word_1_554' title='bbox 1516 4787 1670 4843; x_wconf 87' lang='lat' dir='ltr'><strong>fidem</strong></span> <span class='ocrx_word' id='word_1_555' title='bbox 1698 4806 1802 4843; x_wconf 89' lang='lat' dir='ltr'><strong>non</strong></span> 
     </span>
    </p>
   </div>
   <div class='ocr_carea' id='block_1_74' title="bbox 196 4879 1805 4956">
    <p class='ocr_par' dir='ltr' id='par_1_74' title="bbox 196 4879 1805 4956">
     <span class='ocr_line' id='line_1_74' title="bbox 196 4879 1805 4956; baseline -0.003 -17"><span class='ocrx_word' id='word_1_556' title='bbox 196 4892 497 4956; x_wconf 80' lang='lat' dir='ltr'><strong>negarent.</strong></span> <span class='ocrx_word' id='word_1_557' title='bbox 532 4881 663 4936; x_wconf 74' lang='lat' dir='ltr'><strong>Vide</strong></span> <span class='ocrx_word' id='word_1_558' title='bbox 705 4882 949 4936; x_wconf 67' lang='lat' dir='ltr'><strong>naturale</strong></span> <span class='ocrx_word' id='word_1_559' title='bbox 990 4883 1246 4951; x_wconf 87' lang='lat' dir='ltr'><strong>judicium</strong></span> <span class='ocrx_word' id='word_1_560' title='bbox 1281 4897 1307 4934; x_wconf 92' lang='lat' dir='ltr'><strong>a</strong></span> <span class='ocrx_word' id='word_1_561' title='bbox 1342 4882 1581 4936; x_wconf 76' lang='lat' dir='ltr'><strong>barbaris</strong></span> <span class='ocrx_word' id='word_1_562' title='bbox 1623 4879 1805 4951; x_wconf 82' lang='lat' dir='ltr'><strong>prola-</strong></span> 
     </span>
    </p>
   </div>
   <div class='ocr_carea' id='block_1_75' title="bbox 197 4974 1806 5044">
    <p class='ocr_par' dir='ltr' id='par_1_75' title="bbox 197 4974 1806 5044">
     <span class='ocr_line' id='line_1_75' title="bbox 197 4974 1806 5044; baseline -0.001 -14"><span class='ocrx_word' id='word_1_563' title='bbox 197 4989 320 5032; x_wconf 85' lang='lat' dir='ltr'><strong>tum</strong></span> <span class='ocrx_word' id='word_1_564' title='bbox 347 5018 362 5040; x_wconf 95' lang='lat'><strong>,</strong></span> <span class='ocrx_word' id='word_1_565' title='bbox 403 4975 657 5043; x_wconf 71' lang='lat' dir='ltr'><strong>ipsosque</strong></span> <span class='ocrx_word' id='word_1_566' title='bbox 698 4974 920 5028; x_wconf 85' lang='lat' dir='ltr'><strong>honeste</strong></span> <span class='ocrx_word' id='word_1_567' title='bbox 946 4975 1082 5028; x_wconf 84' lang='lat' dir='ltr'><strong>inter</strong></span> <span class='ocrx_word' id='word_1_568' title='bbox 1111 4990 1167 5028; x_wconf 92' lang='lat' dir='ltr'><strong>se</strong></span> <span class='ocrx_word' id='word_1_569' title='bbox 1210 4975 1486 5044; x_wconf 90' lang='lat' dir='ltr'><strong>loquentes</strong></span> <span class='ocrx_word' id='word_1_570' title='bbox 1511 5017 1523 5039; x_wconf 95' lang='lat'><strong>,</strong></span> <span class='ocrx_word' id='word_1_571' title='bbox 1556 4990 1651 5029; x_wconf 89' lang='lat' dir='ltr'><strong>nec</strong></span> <span class='ocrx_word' id='word_1_572' title='bbox 1678 4975 1806 5029; x_wconf 89' lang='lat' dir='ltr'><strong>sim-</strong></span> 
     </span>
    </p>
   </div>
   <div class='ocr_carea' id='block_1_76' title="bbox 199 5064 1808 5137">
    <p class='ocr_par' dir='ltr' id='par_1_76' title="bbox 199 5064 1808 5137">
     <span class='ocr_line' id='line_1_76' title="bbox 199 5064 1808 5137; baseline 0.001 -19"><span class='ocrx_word' id='word_1_573' title='bbox 199 5067 428 5137; x_wconf 77' lang='lat' dir='ltr'><strong>pliciter</strong></span> <span class='ocrx_word' id='word_1_574' title='bbox 470 5064 806 5119; x_wconf 83' lang='lat' dir='ltr'><strong>damnantes.</strong></span> <span class='ocrx_word' id='word_1_575' title='bbox 852 5066 925 5119; x_wconf 86' lang='lat' dir='ltr'><strong>Ita</strong></span> <span class='ocrx_word' id='word_1_576' title='bbox 968 5065 1052 5120; x_wconf 90' lang='lat' dir='ltr'><strong>hic</strong></span> <span class='ocrx_word' id='word_1_577' title='bbox 1095 5068 1242 5135; x_wconf 90' lang='lat' dir='ltr'><strong>prius</strong></span> <span class='ocrx_word' id='word_1_578' title='bbox 1281 5066 1481 5132; x_wconf 90' lang='lat' dir='ltr'><strong>vident,</strong></span> <span class='ocrx_word' id='word_1_579' title='bbox 1531 5076 1586 5120; x_wconf 94' lang='lat' dir='ltr'><strong>ut</strong></span> <span class='ocrx_word' id='word_1_580' title='bbox 1641 5069 1808 5137; x_wconf 85' lang='lat' dir='ltr'><strong>magis</strong></span> 
     </span>
    </p>
   </div>
   <div class='ocr_carea' id='block_1_77' title="bbox 198 5156 1807 5229">
    <p class='ocr_par' dir='ltr' id='par_1_77' title="bbox 198 5156 1807 5229">
     <span class='ocr_line' id='line_1_77' title="bbox 198 5156 1807 5229; baseline 0.001 -16"><span class='ocrx_word' id='word_1_581' title='bbox 198 5159 500 5213; x_wconf 80' lang='lat' dir='ltr'><strong>inirentur.</strong></span> <span class='ocrx_word' id='word_1_582' title='bbox 533 5157 585 5211; x_wconf 85' lang='lat'><strong>5.</strong></span> <span class='ocrx_word' id='word_1_583' title='bbox 624 5174 644 5207; x_wconf 83' lang='grc' dir='ltr'><strong>ι</strong></span> <span class='ocrx_word' id='word_1_584' title='bbox 691 5157 759 5210; x_wconf 82' lang='lat' dir='ltr'><strong>At</strong></span> <span class='ocrx_word' id='word_1_585' title='bbox 789 5156 877 5211; x_wconf 91' lang='lat' dir='ltr'><strong>ille</strong></span> <span class='ocrx_word' id='word_1_586' title='bbox 902 5172 1119 5212; x_wconf 83' lang='lat' dir='ltr'><strong>excussa</strong></span> <span class='ocrx_word' id='word_1_587' title='bbox 1147 5158 1312 5213; x_wconf 86' lang='lat' dir='ltr'><strong>bestia</strong></span> <span class='ocrx_word' id='word_1_588' title='bbox 1342 5160 1393 5214; x_wconf 91' lang='lat' dir='ltr'><strong>in</strong></span> <span class='ocrx_word' id='word_1_589' title='bbox 1434 5160 1646 5229; x_wconf 83' lang='lat' dir='ltr'><strong>ignem,</strong></span> <span class='ocrx_word' id='word_1_590' title='bbox 1680 5161 1807 5214; x_wconf 88' lang='lat' dir='ltr'><strong>nihil</strong></span> 
     </span>
    </p>
   </div>
   <div class='ocr_carea' id='block_1_78' title="bbox 201 5248 1806 5318">
    <p class='ocr_par' dir='ltr' id='par_1_78' title="bbox 201 5248 1806 5318">
     <span class='ocr_line' id='line_1_78' title="bbox 201 5248 1806 5318; baseline 0.001 -15"><span class='ocrx_word' id='word_1_591' title='bbox 201 5249 339 5304; x_wconf 90' lang='lat' dir='ltr'><strong>mali</strong></span> <span class='ocrx_word' id='word_1_592' title='bbox 376 5262 566 5318; x_wconf 85' lang='lat' dir='ltr'><strong>passus</strong></span> <span class='ocrx_word' id='word_1_593' title='bbox 595 5255 678 5302; x_wconf 84' lang='lat' dir='ltr'><strong>est</strong></span> <span class='ocrx_word' id='word_1_594' title='bbox 703 5267 716 5302; x_wconf 90' lang='lat'><strong>:</strong></span> <span class='ocrx_word' id='word_1_595' title='bbox 742 5248 792 5302; x_wconf 87' lang='lat'><strong>6.</strong></span> <span class='ocrx_word' id='word_1_596' title='bbox 822 5249 895 5302; x_wconf 89' lang='lat' dir='ltr'><strong>illi</strong></span> <span class='ocrx_word' id='word_1_597' title='bbox 917 5263 1045 5303; x_wconf 89' lang='lat' dir='ltr'><strong>vero</strong></span> <span class='ocrx_word' id='word_1_598' title='bbox 1076 5249 1452 5303; x_wconf 83' lang='lat' dir='ltr'><strong>existimabant</strong></span> <span class='ocrx_word' id='word_1_599' title='bbox 1483 5265 1604 5303; x_wconf 91' lang='lat' dir='ltr'><strong>eum</strong></span> <span class='ocrx_word' id='word_1_600' title='bbox 1638 5251 1688 5304; x_wconf 91' lang='lat' dir='ltr'><strong>in</strong></span> <span class='ocrx_word' id='word_1_601' title='bbox 1723 5261 1806 5304; x_wconf 91' lang='lat' dir='ltr'><strong>Iu—</strong></span> 
     </span>
    </p>
   </div>
   <div class='ocr_carea' id='block_1_79' title="bbox 200 5338 1804 5396">
    <p class='ocr_par' dir='ltr' id='par_1_79' title="bbox 200 5338 1804 5396">
     <span class='ocr_line' id='line_1_79' title="bbox 200 5338 1804 5396; baseline 0 -1"><span class='ocrx_word' id='word_1_602' title='bbox 200 5354 427 5395; x_wconf 86' lang='lat' dir='ltr'><strong>morcm</strong></span> <span class='ocrx_word' id='word_1_603' title='bbox 478 5338 901 5393; x_wconf 81' lang='lat' dir='ltr'><strong>convertendum</strong></span> <span class='ocrx_word' id='word_1_604' title='bbox 929 5348 982 5394; x_wconf 89' lang='lat' dir='ltr'><strong>et</strong></span> <span class='ocrx_word' id='word_1_605' title='bbox 1019 5340 1194 5394; x_wconf 91' lang='lat' dir='ltr'><strong>subito</strong></span> <span class='ocrx_word' id='word_1_606' title='bbox 1223 5356 1471 5394; x_wconf 89' lang='lat' dir='ltr'><strong>casurum</strong></span> <span class='ocrx_word' id='word_1_607' title='bbox 1515 5353 1804 5396; x_wconf 88' lang='lat' dir='ltr'><strong>mortuum.</strong></span> 
     </span>
    </p>
   </div>
   <div class='ocr_carea' id='block_1_80' title="bbox 207 5430 1808 5498">
    <p class='ocr_par' dir='ltr' id='par_1_80' title="bbox 207 5430 1808 5498">
     <span class='ocr_line' id='line_1_80' title="bbox 207 5430 1808 5498; baseline 0.002 -13"><span class='ocrx_word' id='word_1_608' title='bbox 207 5433 315 5485; x_wconf 87' lang='lat' dir='ltr'><strong>Diu</strong></span> <span class='ocrx_word' id='word_1_609' title='bbox 347 5441 531 5483; x_wconf 88' lang='lat' dir='ltr'><strong>autem</strong></span> <span class='ocrx_word' id='word_1_610' title='bbox 558 5430 658 5482; x_wconf 89' lang='lat' dir='ltr'><strong>illis</strong></span> <span class='ocrx_word' id='word_1_611' title='bbox 687 5431 1106 5498; x_wconf 84' lang='lat' dir='ltr'><strong>expectantibus,</strong></span> <span class='ocrx_word' id='word_1_612' title='bbox 1138 5442 1189 5486; x_wconf 90' lang='lat' dir='ltr'><strong>et</strong></span> <span class='ocrx_word' id='word_1_613' title='bbox 1224 5433 1524 5486; x_wconf 70' lang='lat' dir='ltr'><strong>ridentibus</strong></span> <span class='ocrx_word' id='word_1_614' title='bbox 1572 5434 1700 5488; x_wconf 85' lang='lat' dir='ltr'><strong>nihil</strong></span> <span class='ocrx_word' id='word_1_615' title='bbox 1729 5435 1808 5489; x_wconf 91' lang='lat' dir='ltr'><strong>illi</strong></span> 
     </span>
    </p>
   </div>
   <div class='ocr_carea' id='block_1_81' title="bbox 206 5519 1810 5593">
    <p class='ocr_par' dir='ltr' id='par_1_81' title="bbox 206 5519 1810 5593">
     <span class='ocr_line' id='line_1_81' title="bbox 206 5519 1810 5593; baseline 0.003 -17"><span class='ocrx_word' id='word_1_616' title='bbox 206 5523 344 5576; x_wconf 77' lang='lat' dir='ltr'><strong>muli</strong></span> <span class='ocrx_word' id='word_1_617' title='bbox 373 5519 642 5584; x_wconf 84' lang='lat' dir='ltr'><strong>accidere,</strong></span> <span class='ocrx_word' id='word_1_618' title='bbox 677 5531 876 5574; x_wconf 84' lang='lat' dir='ltr'><strong>mutata</strong></span> <span class='ocrx_word' id='word_1_619' title='bbox 906 5523 1190 5588; x_wconf 88' lang='lat' dir='ltr'><strong>sententia,</strong></span> <span class='ocrx_word' id='word_1_620' title='bbox 1219 5522 1467 5577; x_wconf 90' lang='lat' dir='ltr'><strong>dicebant</strong></span> <span class='ocrx_word' id='word_1_621' title='bbox 1500 5523 1668 5593; x_wconf 90' lang='lat' dir='ltr'><strong>ipsum</strong></span> <span class='ocrx_word' id='word_1_622' title='bbox 1693 5535 1810 5580; x_wconf 81' lang='lat' dir='ltr'><strong>esse</strong></span> 
     </span>
    </p>
   </div>
   <div class='ocr_carea' id='block_1_82' title="bbox 207 5611 1812 5676">
    <p class='ocr_par' dir='ltr' id='par_1_82' title="bbox 207 5611 1812 5676">
     <span class='ocr_line' id='line_1_82' title="bbox 207 5611 1812 5676; baseline 0.002 -10"><span class='ocrx_word' id='word_1_623' title='bbox 207 5612 402 5666; x_wconf 83' lang='lat' dir='ltr'><strong>deum.</strong></span> <span class='ocrx_word' id='word_1_624' title='bbox 448 5630 465 5661; x_wconf 73' lang='grc' dir='ltr'><strong>ι</strong></span> <span class='ocrx_word' id='word_1_625' title='bbox 499 5611 598 5676; x_wconf 87' lang='lat' dir='ltr'><strong>Qui</strong></span> <span class='ocrx_word' id='word_1_626' title='bbox 643 5611 1016 5666; x_wconf 86' lang='lat' dir='ltr'><strong>existimabant</strong></span> <span class='ocrx_word' id='word_1_627' title='bbox 1045 5613 1190 5666; x_wconf 92' lang='lat' dir='ltr'><strong>illum</strong></span> <span class='ocrx_word' id='word_1_628' title='bbox 1223 5611 1286 5665; x_wconf 91' lang='lat' dir='ltr'><strong>In</strong></span> <span class='ocrx_word' id='word_1_629' title='bbox 1325 5625 1571 5668; x_wconf 86' lang='lat' dir='ltr'><strong>tumorem</strong></span> <span class='ocrx_word' id='word_1_630' title='bbox 1606 5632 1812 5670; x_wconf 79' lang='lat' dir='ltr'><strong>convcr-</strong></span> 
     </span>
    </p>
   </div>
   <div class='ocr_carea' id='block_1_83' title="bbox 209 5701 1809 5770">
    <p class='ocr_par' dir='ltr' id='par_1_83' title="bbox 209 5701 1809 5770">
     <span class='ocr_line' id='line_1_83' title="bbox 209 5701 1809 5770; baseline 0.003 -15"><span class='ocrx_word' id='word_1_631' title='bbox 209 5703 453 5767; x_wconf 76' lang='lat' dir='ltr'><strong>t:ndum,</strong></span> <span class='ocrx_word' id='word_1_632' title='bbox 485 5701 535 5753; x_wconf 91' lang='lat' dir='ltr'><strong>id</strong></span> <span class='ocrx_word' id='word_1_633' title='bbox 565 5711 664 5765; x_wconf 86' lang='lat' dir='ltr'><strong>est,</strong></span> <span class='ocrx_word' id='word_1_634' title='bbox 694 5701 1103 5770; x_wconf 86' lang='lat' dir='ltr'><strong>dirumpcndum</strong></span> <span class='ocrx_word' id='word_1_635' title='bbox 1131 5721 1141 5757; x_wconf 92' lang='lat'><strong>:</strong></span> <span class='ocrx_word' id='word_1_636' title='bbox 1174 5704 1408 5758; x_wconf 84' lang='lat' dir='ltr'><strong>videntes</strong></span> <span class='ocrx_word' id='word_1_637' title='bbox 1437 5705 1486 5757; x_wconf 92' lang='lat' dir='ltr'><strong>hi</strong></span> <span class='ocrx_word' id='word_1_638' title='bbox 1533 5719 1653 5760; x_wconf 84' lang='lat' dir='ltr'><strong>eum</strong></span> <span class='ocrx_word' id='word_1_639' title='bbox 1679 5707 1809 5760; x_wconf 86' lang='lat' dir='ltr'><strong>nihil</strong></span> 
     </span>
    </p>
   </div>
   <div class='ocr_carea' id='block_1_84' title="bbox 1897 2674 3486 2751">
    <p class='ocr_par' dir='ltr' id='par_1_84' title="bbox 1897 2674 3486 2751">
     <span class='ocr_line' id='line_1_84' title="bbox 1897 2674 3486 2751; baseline 0.006 -23"><span class='ocrx_word' id='word_1_640' title='bbox 1897 2674 2022 2728; x_wconf 92' lang='lat' dir='ltr'><strong>mali</strong></span> <span class='ocrx_word' id='word_1_641' title='bbox 2045 2689 2280 2744; x_wconf 87' lang='lat' dir='ltr'><strong>passum,</strong></span> <span class='ocrx_word' id='word_1_642' title='bbox 2305 2676 2486 2730; x_wconf 88' lang='lat' dir='ltr'><strong>dicunt</strong></span> <span class='ocrx_word' id='word_1_643' title='bbox 2513 2692 2632 2732; x_wconf 86' lang='lat' dir='ltr'><strong>esse</strong></span> <span class='ocrx_word' id='word_1_644' title='bbox 2653 2677 2831 2732; x_wconf 85' lang='lat' dir='ltr'><strong>deum.</strong></span> <span class='ocrx_word' id='word_1_645' title='bbox 2853 2679 3059 2735; x_wconf 81' lang='lat' dir='ltr'><strong>Rursus</strong></span> <span class='ocrx_word' id='word_1_646' title='bbox 3086 2697 3244 2751; x_wconf 87' lang='lat' dir='ltr'><strong>supra</strong></span> <span class='ocrx_word' id='word_1_647' title='bbox 3270 2682 3486 2737; x_wconf 87' lang='lat' dir='ltr'><strong>modum</strong></span> 
     </span>
    </p>
   </div>
   <div class='ocr_carea' id='block_1_85' title="bbox 1893 2767 3486 2846">
    <p class='ocr_par' dir='ltr' id='par_1_85' title="bbox 1893 2767 3486 2846">
     <span class='ocr_line' id='line_1_85' title="bbox 1893 2767 3486 2846; baseline 0.008 -26"><span class='ocrx_word' id='word_1_648' title='bbox 1893 2767 2038 2821; x_wconf 87' lang='lat' dir='ltr'><strong>illum</strong></span> <span class='ocrx_word' id='word_1_649' title='bbox 2073 2768 2355 2832; x_wconf 89' lang='lat' dir='ltr'><strong>honorant,</strong></span> <span class='ocrx_word' id='word_1_650' title='bbox 2383 2783 2438 2824; x_wconf 86' lang='grc' dir='ltr'><strong>ιιι</strong></span> <span class='ocrx_word' id='word_1_651' title='bbox 2464 2774 2630 2826; x_wconf 70' lang='lat' dir='ltr'><strong>turba:</strong></span> <span class='ocrx_word' id='word_1_652' title='bbox 2663 2773 2767 2828; x_wconf 65' lang='lat' dir='ltr'><strong>illte</strong></span> <span class='ocrx_word' id='word_1_653' title='bbox 2791 2777 2841 2827; x_wconf 90' lang='lat' dir='ltr'><strong>in</strong></span> <span class='ocrx_word' id='word_1_654' title='bbox 2867 2776 3153 2846; x_wconf 85' lang='lat' dir='ltr'><strong>Lycaonia.</strong></span> <span class='ocrx_word' id='word_1_655' title='bbox 3185 2779 3236 2832; x_wconf 85' lang='lat'><strong>7.</strong></span> <span class='ocrx_word' id='word_1_656' title='bbox 3272 2777 3337 2832; x_wconf 79' lang='lat' dir='ltr'><strong>In</strong></span> <span class='ocrx_word' id='word_1_657' title='bbox 3360 2779 3486 2832; x_wconf 82' lang='lat' dir='ltr'><strong>locis</strong></span> 
     </span>
    </p>
   </div>
   <div class='ocr_carea' id='block_1_86' title="bbox 1891 2862 3492 2938">
    <p class='ocr_par' dir='ltr' id='par_1_86' title="bbox 1891 2862 3492 2938">
     <span class='ocr_line' id='line_1_86' title="bbox 1891 2862 3492 2938; baseline 0.007 -26"><span class='ocrx_word' id='word_1_658' title='bbox 1891 2869 2061 2912; x_wconf 85' lang='lat' dir='ltr'><strong>autem</strong></span> <span class='ocrx_word' id='word_1_659' title='bbox 2105 2862 2279 2915; x_wconf 85' lang='lat' dir='ltr'><strong>vicinis</strong></span> <span class='ocrx_word' id='word_1_660' title='bbox 2324 2874 2465 2916; x_wconf 86' lang='lat' dir='ltr'><strong>erant</strong></span> <span class='ocrx_word' id='word_1_661' title='bbox 2521 2865 2713 2932; x_wconf 71' lang='lat' dir='ltr'><strong>prwdia</strong></span> <span class='ocrx_word' id='word_1_662' title='bbox 2759 2869 3005 2938; x_wconf 83' lang='lat' dir='ltr'><strong>principis</strong></span> <span class='ocrx_word' id='word_1_663' title='bbox 3051 2868 3236 2923; x_wconf 71' lang='lat' dir='ltr'><strong>insula:</strong></span> <span class='ocrx_word' id='word_1_664' title='bbox 3289 2871 3492 2924; x_wconf 83' lang='lat' dir='ltr'><strong>nomine</strong></span> 
     </span>
    </p>
   </div>
   <div class='ocr_carea' id='block_1_87' title="bbox 1895 2952 3491 3032">
    <p class='ocr_par' dir='ltr' id='par_1_87' title="bbox 1895 2952 3491 3032">
     <span class='ocr_line' id='line_1_87' title="bbox 1895 2952 3491 3032; baseline 0.008 -28"><span class='ocrx_word' id='word_1_665' title='bbox 1895 2952 2102 3016; x_wconf 80' lang='lat' dir='ltr'><strong>Publii;</strong></span> <span class='ocrx_word' id='word_1_666' title='bbox 2135 2957 2220 3023; x_wconf 87' lang='lat' dir='ltr'><strong>qui</strong></span> <span class='ocrx_word' id='word_1_667' title='bbox 2252 2973 2340 3009; x_wconf 89' lang='lat' dir='ltr'><strong>nos</strong></span> <span class='ocrx_word' id='word_1_668' title='bbox 2366 2959 2665 3027; x_wconf 81' lang='lat' dir='ltr'><strong>suscipiens,</strong></span> <span class='ocrx_word' id='word_1_669' title='bbox 2699 2962 2866 3013; x_wconf 69' lang='lat' dir='ltr'><strong>triduo</strong></span> <span class='ocrx_word' id='word_1_670' title='bbox 2896 2978 2986 3014; x_wconf 86' lang='lat' dir='ltr'><strong>nos</strong></span> <span class='ocrx_word' id='word_1_671' title='bbox 3035 2963 3244 3031; x_wconf 86' lang='lat' dir='ltr'><strong>benigne</strong></span> <span class='ocrx_word' id='word_1_672' title='bbox 3268 2964 3491 3032; x_wconf 77' lang='lat' dir='ltr'><strong>hospitio</strong></span> 
     </span>
    </p>
   </div>
   <div class='ocr_carea' id='block_1_88' title="bbox 1893 3047 3491 3121">
    <p class='ocr_par' dir='ltr' id='par_1_88' title="bbox 1893 3047 3491 3121">
     <span class='ocr_line' id='line_1_88' title="bbox 1893 3047 3491 3121; baseline 0.008 -23"><span class='ocrx_word' id='word_1_673' title='bbox 1893 3048 2100 3114; x_wconf 83' lang='lat' dir='ltr'><strong>recepit.</strong></span> <span class='ocrx_word' id='word_1_674' title='bbox 2147 3047 2285 3103; x_wconf 85' lang='lat' dir='ltr'><strong>Ecce</strong></span> <span class='ocrx_word' id='word_1_675' title='bbox 2315 3053 2503 3104; x_wconf 85' lang='lat' dir='ltr'><strong>iterum</strong></span> <span class='ocrx_word' id='word_1_676' title='bbox 2533 3052 2669 3105; x_wconf 82' lang='lat' dir='ltr'><strong>alius</strong></span> <span class='ocrx_word' id='word_1_677' title='bbox 2696 3053 2973 3121; x_wconf 84' lang='lat' dir='ltr'><strong>hOSpitalis</strong></span> <span class='ocrx_word' id='word_1_678' title='bbox 3003 3055 3223 3108; x_wconf 84' lang='lat' dir='ltr'><strong>Publius</strong></span> <span class='ocrx_word' id='word_1_679' title='bbox 3255 3056 3407 3109; x_wconf 84' lang='lat' dir='ltr'><strong>dives</strong></span> <span class='ocrx_word' id='word_1_680' title='bbox 3437 3067 3491 3110; x_wconf 88' lang='lat' dir='ltr'><strong>ct</strong></span> 
     </span>
    </p>
   </div>
   <div class='ocr_carea' id='block_1_89' title="bbox 1893 3137 3490 3209">
    <p class='ocr_par' dir='ltr' id='par_1_89' title="bbox 1893 3137 3490 3209">
     <span class='ocr_line' id='line_1_89' title="bbox 1893 3137 3490 3209; baseline 0.007 -20"><span class='ocrx_word' id='word_1_681' title='bbox 1893 3137 2181 3206; x_wconf 91' lang='lat' dir='ltr'><strong>opulentus</strong></span> <span class='ocrx_word' id='word_1_682' title='bbox 2209 3156 2220 3192; x_wconf 91' lang='lat'>:</span> <span class='ocrx_word' id='word_1_683' title='bbox 2252 3140 2339 3208; x_wconf 90' lang='lat' dir='ltr'><strong>qui</strong></span> <span class='ocrx_word' id='word_1_684' title='bbox 2374 3156 2493 3193; x_wconf 89' lang='lat' dir='ltr'><strong>cum</strong></span> <span class='ocrx_word' id='word_1_685' title='bbox 2527 3141 2656 3194; x_wconf 91' lang='lat' dir='ltr'><strong>nihil</strong></span> <span class='ocrx_word' id='word_1_686' title='bbox 2684 3143 2903 3196; x_wconf 50' lang='lat' dir='ltr'><strong>vidisset</strong></span> <span class='ocrx_word' id='word_1_687' title='bbox 2933 3186 2946 3209; x_wconf 95' lang='lat'><strong>,</strong></span> <span class='ocrx_word' id='word_1_688' title='bbox 2981 3145 3072 3198; x_wconf 92' lang='lat' dir='ltr'><strong>sed</strong></span> <span class='ocrx_word' id='word_1_689' title='bbox 3107 3146 3175 3199; x_wconf 90' lang='lat' dir='ltr'><strong>ob</strong></span> <span class='ocrx_word' id='word_1_690' title='bbox 3199 3146 3366 3200; x_wconf 92' lang='lat' dir='ltr'><strong>solam</strong></span> <span class='ocrx_word' id='word_1_691' title='bbox 3396 3162 3490 3200; x_wconf 82' lang='lat' dir='ltr'><strong>ca-</strong></span> 
     </span>
    </p>
   </div>
   <div class='ocr_carea' id='block_1_90' title="bbox 1895 3229 3485 3306">
    <p class='ocr_par' dir='ltr' id='par_1_90' title="bbox 1895 3229 3485 3306">
     <span class='ocr_line' id='line_1_90' title="bbox 1895 3229 3485 3306; baseline 0.006 -24"><span class='ocrx_word' id='word_1_692' title='bbox 1895 3229 2186 3284; x_wconf 86' lang='lat' dir='ltr'><strong>lamitatem</strong></span> <span class='ocrx_word' id='word_1_693' title='bbox 2217 3231 2468 3285; x_wconf 89' lang='lat' dir='ltr'><strong>misertus</strong></span> <span class='ocrx_word' id='word_1_694' title='bbox 2500 3233 2730 3296; x_wconf 84' lang='lat' dir='ltr'><strong>illorum,</strong></span> <span class='ocrx_word' id='word_1_695' title='bbox 2760 3233 2992 3303; x_wconf 87' lang='lat' dir='ltr'><strong>hospitio</strong></span> <span class='ocrx_word' id='word_1_696' title='bbox 3015 3238 3225 3306; x_wconf 81' lang='lat' dir='ltr'><strong>excepit</strong></span> <span class='ocrx_word' id='word_1_697' title='bbox 3252 3248 3304 3291; x_wconf 92' lang='lat' dir='ltr'><strong>et</strong></span> <span class='ocrx_word' id='word_1_698' title='bbox 3335 3236 3485 3292; x_wconf 84' lang='lat' dir='ltr'><strong>fovit.</strong></span> 
     </span>
    </p>
   </div>
   <div class='ocr_carea' id='block_1_91' title="bbox 1894 3319 3489 3400">
    <p class='ocr_par' dir='ltr' id='par_1_91' title="bbox 1894 3319 3489 3400">
     <span class='ocr_line' id='line_1_91' title="bbox 1894 3319 3489 3400; baseline 0.008 -27"><span class='ocrx_word' id='word_1_699' title='bbox 1894 3319 1948 3374; x_wconf 89' lang='lat'><strong>8.</strong></span> <span class='ocrx_word' id='word_1_700' title='bbox 1969 3320 2189 3391; x_wconf 81' lang='lat' dir='ltr'><strong>Contigit</strong></span> <span class='ocrx_word' id='word_1_701' title='bbox 2219 3331 2404 3385; x_wconf 86' lang='lat' dir='ltr'><strong>autem,</strong></span> <span class='ocrx_word' id='word_1_702' title='bbox 2426 3333 2618 3391; x_wconf 85' lang='lat' dir='ltr'><strong>patrem</strong></span> <span class='ocrx_word' id='word_1_703' title='bbox 2649 3323 2823 3378; x_wconf 83' lang='lat' dir='ltr'><strong>Publii</strong></span> <span class='ocrx_word' id='word_1_704' title='bbox 2845 3326 3063 3396; x_wconf 77' lang='lat' dir='ltr'><strong>febribus</strong></span> <span class='ocrx_word' id='word_1_705' title='bbox 3090 3345 3151 3381; x_wconf 88' lang='lat' dir='ltr'><strong>ac</strong></span> <span class='ocrx_word' id='word_1_706' title='bbox 3200 3329 3489 3400; x_wconf 81' lang='lat' dir='ltr'><strong>dysenteria</strong></span> 
     </span>
    </p>
   </div>
   <div class='ocr_carea' id='block_1_92' title="bbox 1896 3414 3489 3488">
    <p class='ocr_par' dir='ltr' id='par_1_92' title="bbox 1896 3414 3489 3488">
     <span class='ocr_line' id='line_1_92' title="bbox 1896 3414 3489 3488; baseline 0.005 -22"><span class='ocrx_word' id='word_1_707' title='bbox 1896 3424 2130 3466; x_wconf 67' lang='lat' dir='ltr'><strong>vexatum</strong></span> <span class='ocrx_word' id='word_1_708' title='bbox 2158 3414 2453 3468; x_wconf 70' lang='lat' dir='ltr'><strong>decumbere</strong></span> <span class='ocrx_word' id='word_1_709' title='bbox 2486 3431 2504 3468; x_wconf 90' lang='lat'><em>:</em></span> <span class='ocrx_word' id='word_1_710' title='bbox 2529 3416 2596 3468; x_wconf 88' lang='lat' dir='ltr'><strong>ad</strong></span> <span class='ocrx_word' id='word_1_711' title='bbox 2623 3433 2767 3485; x_wconf 84' lang='lat' dir='ltr'><strong>quem</strong></span> <span class='ocrx_word' id='word_1_712' title='bbox 2803 3415 2996 3471; x_wconf 88' lang='lat' dir='ltr'><strong>Paulus</strong></span> <span class='ocrx_word' id='word_1_713' title='bbox 3019 3420 3276 3488; x_wconf 82' lang='lat' dir='ltr'><strong>ingressus</strong></span> <span class='ocrx_word' id='word_1_714' title='bbox 3304 3423 3489 3486; x_wconf 87' lang='lat' dir='ltr'><strong>oravit,</strong></span> 
     </span>
    </p>
   </div>
   <div class='ocr_carea' id='block_1_93' title="bbox 1896 3505 3494 3581">
    <p class='ocr_par' dir='ltr' id='par_1_93' title="bbox 1896 3505 3494 3581">
     <span class='ocr_line' id='line_1_93' title="bbox 1896 3505 3494 3581; baseline 0.006 -24"><span class='ocrx_word' id='word_1_715' title='bbox 1896 3505 2244 3573; x_wconf 80' lang='lat' dir='ltr'><strong>impositisque</strong></span> <span class='ocrx_word' id='word_1_716' title='bbox 2271 3508 2350 3558; x_wconf 88' lang='lat' dir='ltr'><strong>illi</strong></span> <span class='ocrx_word' id='word_1_717' title='bbox 2371 3507 2601 3560; x_wconf 81' lang='lat' dir='ltr'><strong>manibus</strong></span> <span class='ocrx_word' id='word_1_718' title='bbox 2625 3509 2815 3561; x_wconf 83' lang='lat' dir='ltr'><strong>curavit</strong></span> <span class='ocrx_word' id='word_1_719' title='bbox 2837 3525 2971 3562; x_wconf 78' lang='lat' dir='ltr'><strong>eum.</strong></span> <span class='ocrx_word' id='word_1_720' title='bbox 3002 3510 3132 3575; x_wconf 84' lang='lat' dir='ltr'><strong>Quia</strong></span> <span class='ocrx_word' id='word_1_721' title='bbox 3161 3511 3351 3581; x_wconf 83' lang='lat' dir='ltr'><strong>dignus</strong></span> <span class='ocrx_word' id='word_1_722' title='bbox 3376 3522 3494 3567; x_wconf 86' lang='lat' dir='ltr'><strong>erat</strong></span> 
     </span>
    </p>
   </div>
   <div class='ocr_carea' id='block_1_94' title="bbox 1899 3594 3491 3668">
    <p class='ocr_par' dir='ltr' id='par_1_94' title="bbox 1899 3594 3491 3668">
     <span class='ocr_line' id='line_1_94' title="bbox 1899 3594 3491 3668; baseline 0.006 -22"><span class='ocrx_word' id='word_1_723' title='bbox 1899 3594 2182 3660; x_wconf 89' lang='lat' dir='ltr'><strong>beneficio,</strong></span> <span class='ocrx_word' id='word_1_724' title='bbox 2219 3597 2387 3650; x_wconf 89' lang='lat' dir='ltr'><strong>vicem</strong></span> <span class='ocrx_word' id='word_1_725' title='bbox 2419 3597 2492 3650; x_wconf 92' lang='lat' dir='ltr'><strong>illi</strong></span> <span class='ocrx_word' id='word_1_726' title='bbox 2522 3597 2900 3664; x_wconf 81' lang='lat' dir='ltr'><strong>liOSpitalitatis</strong></span> <span class='ocrx_word' id='word_1_727' title='bbox 2923 3600 3245 3668; x_wconf 87' lang='lat' dir='ltr'><strong>rependens,</strong></span> <span class='ocrx_word' id='word_1_728' title='bbox 3280 3603 3491 3656; x_wconf 87' lang='lat' dir='ltr'><strong>curavit</strong></span> 
     </span>
    </p>
   </div>
   <div class='ocr_carea' id='block_1_95' title="bbox 1898 3687 3494 3760">
    <p class='ocr_par' dir='ltr' id='par_1_95' title="bbox 1898 3687 3494 3760">
     <span class='ocr_line' id='line_1_95' title="bbox 1898 3687 3494 3760; baseline 0.006 -23"><span class='ocrx_word' id='word_1_729' title='bbox 1898 3695 2130 3755; x_wconf 86' lang='lat' dir='ltr'><strong>patrem.</strong></span> <span class='ocrx_word' id='word_1_730' title='bbox 2159 3687 2212 3742; x_wconf 87' lang='lat'><strong>9.</strong></span> <span class='ocrx_word' id='word_1_731' title='bbox 2257 3687 2369 3754; x_wconf 86' lang='lat' dir='ltr'><strong>Quo</strong></span> <span class='ocrx_word' id='word_1_732' title='bbox 2418 3690 2574 3757; x_wconf 78' lang='lat' dir='ltr'><strong>facto,</strong></span> <span class='ocrx_word' id='word_1_733' title='bbox 2620 3706 2791 3742; x_wconf 82' lang='lat' dir='ltr'><strong>omnes</strong></span> <span class='ocrx_word' id='word_1_734' title='bbox 2827 3691 2914 3760; x_wconf 83' lang='lat' dir='ltr'><strong>qui</strong></span> <span class='ocrx_word' id='word_1_735' title='bbox 2942 3691 2992 3743; x_wconf 88' lang='lat' dir='ltr'><strong>in</strong></span> <span class='ocrx_word' id='word_1_736' title='bbox 3033 3692 3202 3745; x_wconf 87' lang='lat' dir='ltr'><strong>insula</strong></span> <span class='ocrx_word' id='word_1_737' title='bbox 3243 3691 3494 3746; x_wconf 64' lang='lat' dir='ltr'><strong>habebant</strong></span> 
     </span>
    </p>
   </div>
   <div class='ocr_carea' id='block_1_96' title="bbox 1898 3778 3493 3854">
    <p class='ocr_par' dir='ltr' id='par_1_96' title="bbox 1898 3778 3493 3854">
     <span class='ocr_line' id='line_1_96' title="bbox 1898 3778 3493 3854; baseline 0.006 -25"><span class='ocrx_word' id='word_1_738' title='bbox 1898 3778 2217 3844; x_wconf 80' lang='lat' dir='ltr'><strong>inﬁrmitates</strong></span> <span class='ocrx_word' id='word_1_739' title='bbox 2240 3819 2253 3842; x_wconf 95' lang='lat'><strong>,</strong></span> <span class='ocrx_word' id='word_1_740' title='bbox 2289 3779 2586 3833; x_wconf 81' lang='lat' dir='ltr'><strong>accedebant</strong></span> <span class='ocrx_word' id='word_1_741' title='bbox 2637 3791 2680 3834; x_wconf 89' lang='lat' dir='ltr'><strong>et</strong></span> <span class='ocrx_word' id='word_1_742' title='bbox 2725 3785 3036 3836; x_wconf 81' lang='lat' dir='ltr'><strong>curabuntur</strong></span> <span class='ocrx_word' id='word_1_743' title='bbox 3066 3799 3083 3836; x_wconf 91' lang='lat'><strong><em>:</em></strong></span> <span class='ocrx_word' id='word_1_744' title='bbox 3116 3784 3197 3838; x_wconf 85' lang='grc'><strong>10.</strong></span> <span class='ocrx_word' id='word_1_745' title='bbox 3229 3785 3316 3854; x_wconf 80' lang='lat' dir='ltr'><strong>qui</strong></span> <span class='ocrx_word' id='word_1_746' title='bbox 3341 3787 3493 3839; x_wconf 89' lang='lat' dir='ltr'><strong>etiam</strong></span> 
     </span>
    </p>
   </div>
   <div class='ocr_carea' id='block_1_97' title="bbox 1900 3869 3495 3938">
    <p class='ocr_par' dir='ltr' id='par_1_97' title="bbox 1900 3869 3495 3938">
     <span class='ocr_line' id='line_1_97' title="bbox 1900 3869 3495 3938; baseline 0.005 -17"><span class='ocrx_word' id='word_1_747' title='bbox 1900 3870 2070 3922; x_wconf 85' lang='lat' dir='ltr'><strong>multis</strong></span> <span class='ocrx_word' id='word_1_748' title='bbox 2099 3869 2374 3923; x_wconf 82' lang='lat' dir='ltr'><strong>honoribus</strong></span> <span class='ocrx_word' id='word_1_749' title='bbox 2402 3886 2491 3924; x_wconf 88' lang='lat' dir='ltr'><strong>nos</strong></span> <span class='ocrx_word' id='word_1_750' title='bbox 2513 3872 2888 3925; x_wconf 84' lang='lat' dir='ltr'><strong>ltonoruvcrunt</strong></span> <span class='ocrx_word' id='word_1_751' title='bbox 2913 3913 2928 3938; x_wconf 94' lang='lat'><strong>,</strong></span> <span class='ocrx_word' id='word_1_752' title='bbox 2975 3883 3019 3927; x_wconf 86' lang='lat' dir='ltr'><strong>et</strong></span> <span class='ocrx_word' id='word_1_753' title='bbox 3054 3875 3362 3930; x_wconf 82' lang='lat' dir='ltr'><strong>solventibus</strong></span> <span class='ocrx_word' id='word_1_754' title='bbox 3398 3877 3495 3929; x_wconf 79' lang='lat' dir='ltr'><strong>im-</strong></span> 
     </span>
    </p>
   </div>
   <div class='ocr_carea' id='block_1_98' title="bbox 1902 3963 3494 4030">
    <p class='ocr_par' dir='ltr' id='par_1_98' title="bbox 1902 3963 3494 4030">
     <span class='ocr_line' id='line_1_98' title="bbox 1902 3963 3494 4030; baseline 0.005 -18"><span class='ocrx_word' id='word_1_755' title='bbox 1902 3970 2174 4028; x_wconf 84' lang='lat' dir='ltr'><strong>posuerunt</strong></span> <span class='ocrx_word' id='word_1_756' title='bbox 2202 3977 2315 4030; x_wconf 76' lang='lat' dir='ltr'><strong>qua:</strong></span> <span class='ocrx_word' id='word_1_757' title='bbox 2345 3963 2626 4016; x_wconf 82' lang='lat' dir='ltr'><strong>necessaria</strong></span> <span class='ocrx_word' id='word_1_758' title='bbox 2657 3974 2798 4016; x_wconf 88' lang='lat' dir='ltr'><strong>erant</strong></span> <span class='ocrx_word' id='word_1_759' title='bbox 2831 3979 2849 4016; x_wconf 91' lang='lat'><strong><em>:</em></strong></span> <span class='ocrx_word' id='word_1_760' title='bbox 2877 3964 2926 4017; x_wconf 91' lang='lat' dir='ltr'><strong>id</strong></span> <span class='ocrx_word' id='word_1_761' title='bbox 2966 3974 3049 4018; x_wconf 88' lang='lat' dir='ltr'><strong>est</strong></span> <span class='ocrx_word' id='word_1_762' title='bbox 3075 4005 3088 4027; x_wconf 95' lang='lat'><strong>,</strong></span> <span class='ocrx_word' id='word_1_763' title='bbox 3115 3973 3171 4018; x_wconf 84' lang='lat' dir='ltr'><strong>et</strong></span> <span class='ocrx_word' id='word_1_764' title='bbox 3199 3967 3351 4020; x_wconf 90' lang='lat' dir='ltr'><strong>nobis</strong></span> <span class='ocrx_word' id='word_1_765' title='bbox 3380 3967 3494 4020; x_wconf 86' lang='lat' dir='ltr'><strong>sol-</strong></span> 
     </span>
    </p>
   </div>
   <div class='ocr_carea' id='block_1_99' title="bbox 1901 4051 3496 4114">
    <p class='ocr_par' dir='ltr' id='par_1_99' title="bbox 1901 4051 3496 4114">
     <span class='ocr_line' id='line_1_99' title="bbox 1901 4051 3496 4114; baseline 0.008 -12"><span class='ocrx_word' id='word_1_766' title='bbox 1901 4051 2146 4106; x_wconf 86' lang='lat' dir='ltr'><strong>ventibus</strong></span> <span class='ocrx_word' id='word_1_767' title='bbox 2198 4055 2499 4109; x_wconf 83' lang='lat' dir='ltr'><strong>necessaria</strong></span> <span class='ocrx_word' id='word_1_768' title='bbox 2537 4055 2803 4110; x_wconf 90' lang='lat' dir='ltr'><strong>dederunt</strong></span> <span class='ocrx_word' id='word_1_769' title='bbox 2853 4066 2907 4110; x_wconf 88' lang='lat' dir='ltr'><strong>ct</strong></span> <span class='ocrx_word' id='word_1_770' title='bbox 2947 4057 3086 4111; x_wconf 88' lang='lat' dir='ltr'><strong>aliis.</strong></span> <span class='ocrx_word' id='word_1_771' title='bbox 3140 4057 3270 4112; x_wconf 80' lang='lat' dir='ltr'><strong>Vide</strong></span> <span class='ocrx_word' id='word_1_772' title='bbox 3303 4059 3422 4114; x_wconf 89' lang='lat' dir='ltr'><strong>illos</strong></span> <span class='ocrx_word' id='word_1_773' title='bbox 3463 4075 3496 4114; x_wconf 90' lang='lat' dir='ltr'><strong>a</strong></span> 
     </span>
    </p>
   </div>
   <div class='ocr_carea' id='block_1_100' title="bbox 1905 4145 3494 4218">
    <p class='ocr_par' dir='ltr' id='par_1_100' title="bbox 1905 4145 3494 4218">
     <span class='ocr_line' id='line_1_100' title="bbox 1905 4145 3494 4218; baseline 0.008 -23"><span class='ocrx_word' id='word_1_774' title='bbox 1905 4151 2220 4212; x_wconf 88' lang='lat' dir='ltr'><strong>tempestate</strong></span> <span class='ocrx_word' id='word_1_775' title='bbox 2241 4145 2515 4211; x_wconf 88' lang='lat' dir='ltr'><strong>liberatos,</strong></span> <span class='ocrx_word' id='word_1_776' title='bbox 2547 4163 2651 4201; x_wconf 92' lang='lat' dir='ltr'><strong>non</strong></span> <span class='ocrx_word' id='word_1_777' title='bbox 2684 4148 2846 4202; x_wconf 88' lang='lat' dir='ltr'><strong>fuisse</strong></span> <span class='ocrx_word' id='word_1_778' title='bbox 2870 4150 3142 4218; x_wconf 82' lang='lat' dir='ltr'><strong>neglectos</strong></span> <span class='ocrx_word' id='word_1_779' title='bbox 3170 4167 3184 4214; x_wconf 89' lang='lat'><strong>;</strong></span> <span class='ocrx_word' id='word_1_780' title='bbox 3215 4150 3308 4205; x_wconf 87' lang='lat' dir='ltr'><strong>sed</strong></span> <span class='ocrx_word' id='word_1_781' title='bbox 3332 4153 3494 4207; x_wconf 89' lang='lat' dir='ltr'><strong>etiam</strong></span> 
     </span>
    </p>
   </div>
   <div class='ocr_carea' id='block_1_101' title="bbox 1905 4236 3497 4310">
    <p class='ocr_par' dir='ltr' id='par_1_101' title="bbox 1905 4236 3497 4310">
     <span class='ocr_line' id='line_1_101' title="bbox 1905 4236 3497 4310; baseline 0.007 -24"><span class='ocrx_word' id='word_1_782' title='bbox 1905 4245 2123 4304; x_wconf 87' lang='lat' dir='ltr'><strong>propter</strong></span> <span class='ocrx_word' id='word_1_783' title='bbox 2154 4236 2373 4289; x_wconf 87' lang='lat' dir='ltr'><strong>Paulum</strong></span> <span class='ocrx_word' id='word_1_784' title='bbox 2401 4237 2607 4292; x_wconf 90' lang='lat' dir='ltr'><strong>liberali</strong></span> <span class='ocrx_word' id='word_1_785' title='bbox 2649 4238 2881 4308; x_wconf 83' lang='lat' dir='ltr'><strong>hospitio</strong></span> <span class='ocrx_word' id='word_1_786' title='bbox 2912 4253 3189 4308; x_wconf 85' lang='lat' dir='ltr'><strong>susceptos</strong></span> <span class='ocrx_word' id='word_1_787' title='bbox 3223 4263 3234 4296; x_wconf 89' lang='lat'>:</span> <span class='ocrx_word' id='word_1_788' title='bbox 3266 4257 3360 4310; x_wconf 89' lang='lat' dir='ltr'><strong>per</strong></span> <span class='ocrx_word' id='word_1_789' title='bbox 3389 4251 3497 4298; x_wconf 88' lang='lat' dir='ltr'><strong>tres</strong></span> 
     </span>
    </p>
   </div>
   <div class='ocr_carea' id='block_1_102' title="bbox 1903 4327 3499 4402">
    <p class='ocr_par' dir='ltr' id='par_1_102' title="bbox 1903 4327 3499 4402">
     <span class='ocr_line' id='line_1_102' title="bbox 1903 4327 3499 4402; baseline 0.006 -22"><span class='ocrx_word' id='word_1_790' title='bbox 1903 4327 2046 4381; x_wconf 87' lang='lat' dir='ltr'><strong>enim</strong></span> <span class='ocrx_word' id='word_1_791' title='bbox 2067 4343 2279 4383; x_wconf 91' lang='lat' dir='ltr'><strong>menses</strong></span> <span class='ocrx_word' id='word_1_792' title='bbox 2294 4329 2546 4384; x_wconf 90' lang='lat' dir='ltr'><strong>alimenta</strong></span> <span class='ocrx_word' id='word_1_793' title='bbox 2563 4331 2811 4386; x_wconf 88' lang='lat' dir='ltr'><strong>omnibus</strong></span> <span class='ocrx_word' id='word_1_794' title='bbox 2828 4333 3164 4402; x_wconf 87' lang='lat' dir='ltr'><strong>suppeditata</strong></span> <span class='ocrx_word' id='word_1_795' title='bbox 3180 4345 3322 4389; x_wconf 91' lang='lat' dir='ltr'><strong>sunt.</strong></span> <span class='ocrx_word' id='word_1_796' title='bbox 3343 4336 3499 4402; x_wconf 87' lang='lat' dir='ltr'><strong>Quod</strong></span> 
     </span>
    </p>
   </div>
   <div class='ocr_carea' id='block_1_103' title="bbox 1906 4419 3502 4495">
    <p class='ocr_par' dir='ltr' id='par_1_103' title="bbox 1906 4419 3502 4495">
     <span class='ocr_line' id='line_1_103' title="bbox 1906 4419 3502 4495; baseline 0.006 -22"><span class='ocrx_word' id='word_1_797' title='bbox 1906 4419 2048 4473; x_wconf 87' lang='lat' dir='ltr'><strong>enim</strong></span> <span class='ocrx_word' id='word_1_798' title='bbox 2095 4429 2296 4474; x_wconf 87' lang='lat' dir='ltr'><strong>tantum</strong></span> <span class='ocrx_word' id='word_1_799' title='bbox 2329 4423 2583 4488; x_wconf 87' lang='lat' dir='ltr'><strong>temporis</strong></span> <span class='ocrx_word' id='word_1_800' title='bbox 2613 4423 2683 4477; x_wconf 87' lang='lat' dir='ltr'><strong>ibi</strong></span> <span class='ocrx_word' id='word_1_801' title='bbox 2715 4424 3047 4490; x_wconf 76' lang='lat' dir='ltr'><strong>manserint,</strong></span> <span class='ocrx_word' id='word_1_802' title='bbox 3076 4425 3197 4479; x_wconf 89' lang='lat' dir='ltr'><strong>audi</strong></span> <span class='ocrx_word' id='word_1_803' title='bbox 3229 4427 3502 4495; x_wconf 88' lang='lat' dir='ltr'><strong>quomodo</strong></span> 
     </span>
    </p>
   </div>
   <div class='ocr_carea' id='block_1_104' title="bbox 1907 4513 3500 4580">
    <p class='ocr_par' dir='ltr' id='par_1_104' title="bbox 1907 4513 3500 4580">
     <span class='ocr_line' id='line_1_104' title="bbox 1907 4513 3500 4580; baseline 0.006 -17"><span class='ocrx_word' id='word_1_804' title='bbox 1907 4521 2088 4580; x_wconf 88' lang='lat' dir='ltr'><strong>postea</strong></span> <span class='ocrx_word' id='word_1_805' title='bbox 2120 4523 2302 4566; x_wconf 86' lang='lat' dir='ltr'><strong>narret</strong></span> <span class='ocrx_word' id='word_1_806' title='bbox 2330 4529 2345 4566; x_wconf 87' lang='lat'>:</span> <span class='ocrx_word' id='word_1_807' title='bbox 2377 4514 2466 4568; x_wconf 87' lang='lat' dir='ltr'><strong>ll.</strong></span> <span class='ocrx_word' id='word_1_808' title='bbox 2505 4532 2523 4565; x_wconf 83' lang='grc' dir='ltr'><strong>ι</strong></span> <span class='ocrx_word' id='word_1_809' title='bbox 2563 4513 2690 4567; x_wconf 88' lang='lat' dir='ltr'><strong>Post</strong></span> <span class='ocrx_word' id='word_1_810' title='bbox 2721 4530 2936 4569; x_wconf 92' lang='lat' dir='ltr'><strong>menses</strong></span> <span class='ocrx_word' id='word_1_811' title='bbox 2965 4527 3141 4569; x_wconf 89' lang='lat' dir='ltr'><strong>autem</strong></span> <span class='ocrx_word' id='word_1_812' title='bbox 3183 4525 3291 4570; x_wconf 86' lang='lat' dir='ltr'><strong>tres</strong></span> <span class='ocrx_word' id='word_1_813' title='bbox 3312 4560 3326 4576; x_wconf 87' lang='lat'><strong>.</strong></span> <span class='ocrx_word' id='word_1_814' title='bbox 3353 4518 3500 4572; x_wconf 77' lang='lat' dir='ltr'><strong>navi-</strong></span> 
     </span>
    </p>
   </div>
   <div class='ocr_carea' id='block_1_105' title="bbox 1907 4603 3498 4676">
    <p class='ocr_par' dir='ltr' id='par_1_105' title="bbox 1907 4603 3498 4676">
     <span class='ocr_line' id='line_1_105' title="bbox 1907 4603 3498 4676; baseline 0.007 -22"><span class='ocrx_word' id='word_1_815' title='bbox 1907 4603 2146 4671; x_wconf 84' lang='lat' dir='ltr'><strong>gavimus</strong></span> <span class='ocrx_word' id='word_1_816' title='bbox 2177 4604 2226 4656; x_wconf 94' lang='lat' dir='ltr'><strong>in</strong></span> <span class='ocrx_word' id='word_1_817' title='bbox 2262 4605 2383 4656; x_wconf 87' lang='lat' dir='ltr'><strong>navi</strong></span> <span class='ocrx_word' id='word_1_818' title='bbox 2414 4605 2773 4659; x_wconf 84' lang='lat' dir='ltr'><strong>Alexandrina</strong></span> <span class='ocrx_word' id='word_1_819' title='bbox 2799 4649 2814 4673; x_wconf 94' lang='lat'><strong>,</strong></span> <span class='ocrx_word' id='word_1_820' title='bbox 2844 4623 2963 4676; x_wconf 83' lang='lat' dir='ltr'><strong>qme</strong></span> <span class='ocrx_word' id='word_1_821' title='bbox 2991 4607 3042 4660; x_wconf 93' lang='lat' dir='ltr'><strong>in</strong></span> <span class='ocrx_word' id='word_1_822' title='bbox 3087 4608 3258 4674; x_wconf 88' lang='lat' dir='ltr'><strong>insula</strong></span> <span class='ocrx_word' id='word_1_823' title='bbox 3291 4609 3498 4664; x_wconf 80' lang='lat' dir='ltr'><strong>hicma-</strong></span> 
     </span>
    </p>
   </div>
   <div class='ocr_carea' id='block_1_106' title="bbox 1911 4695 3495 4766">
    <p class='ocr_par' dir='ltr' id='par_1_106' title="bbox 1911 4695 3495 4766">
     <span class='ocr_line' id='line_1_106' title="bbox 1911 4695 3495 4766; baseline 0.006 -21"><span class='ocrx_word' id='word_1_824' title='bbox 1911 4704 2078 4759; x_wconf 88' lang='lat' dir='ltr'><strong>verat,</strong></span> <span class='ocrx_word' id='word_1_825' title='bbox 2110 4695 2193 4747; x_wconf 90' lang='lat' dir='ltr'><strong>cui</strong></span> <span class='ocrx_word' id='word_1_826' title='bbox 2224 4704 2338 4748; x_wconf 87' lang='lat' dir='ltr'><strong>erat</strong></span> <span class='ocrx_word' id='word_1_827' title='bbox 2379 4696 2586 4766; x_wconf 87' lang='lat' dir='ltr'><strong>insigne</strong></span> <span class='ocrx_word' id='word_1_828' title='bbox 2608 4698 2795 4751; x_wconf 75' lang='lat' dir='ltr'><strong>Castor</strong></span> <span class='ocrx_word' id='word_1_829' title='bbox 2828 4708 2877 4753; x_wconf 90' lang='lat' dir='ltr'><strong>et</strong></span> <span class='ocrx_word' id='word_1_830' title='bbox 2909 4698 3118 4753; x_wconf 87' lang='lat' dir='ltr'><strong>Pollux.</strong></span> <span class='ocrx_word' id='word_1_831' title='bbox 3151 4700 3237 4754; x_wconf 67' lang='lat'><strong>12.</strong></span> <span class='ocrx_word' id='word_1_832' title='bbox 3276 4701 3341 4754; x_wconf 87' lang='lat' dir='ltr'><strong>Et</strong></span> <span class='ocrx_word' id='word_1_833' title='bbox 3370 4717 3495 4755; x_wconf 88' lang='lat' dir='ltr'><strong>cum</strong></span> 
     </span>
    </p>
   </div>
   <div class='ocr_carea' id='block_1_107' title="bbox 1910 4786 3509 4857">
    <p class='ocr_par' dir='ltr' id='par_1_107' title="bbox 1910 4786 3509 4857">
     <span class='ocr_line' id='line_1_107' title="bbox 1910 4786 3509 4857; baseline 0.006 -19"><span class='ocrx_word' id='word_1_834' title='bbox 1910 4787 2244 4841; x_wconf 88' lang='lat' dir='ltr'><strong>venissemus</strong></span> <span class='ocrx_word' id='word_1_835' title='bbox 2270 4786 2582 4857; x_wconf 86' lang='lat' dir='ltr'><strong>Syracusas,</strong></span> <span class='ocrx_word' id='word_1_836' title='bbox 2606 4790 2900 4844; x_wconf 90' lang='lat' dir='ltr'><strong>mansimus</strong></span> <span class='ocrx_word' id='word_1_837' title='bbox 2929 4791 2996 4844; x_wconf 93' lang='lat' dir='ltr'><strong>ibi</strong></span> <span class='ocrx_word' id='word_1_838' title='bbox 3029 4792 3222 4847; x_wconf 86' lang='lat' dir='ltr'><strong>triduo.</strong></span> <span class='ocrx_word' id='word_1_839' title='bbox 3256 4794 3340 4847; x_wconf 77' lang='grc'><strong>13.</strong></span> <span class='ocrx_word' id='word_1_840' title='bbox 3374 4794 3509 4848; x_wconf 86' lang='lat' dir='ltr'><strong>Inde</strong></span> 
     </span>
    </p>
   </div>
   <div class='ocr_carea' id='block_1_108' title="bbox 1911 4877 3509 4951">
    <p class='ocr_par' dir='ltr' id='par_1_108' title="bbox 1911 4877 3509 4951">
     <span class='ocr_line' id='line_1_108' title="bbox 1911 4877 3509 4951; baseline 0.005 -20"><span class='ocrx_word' id='word_1_841' title='bbox 1911 4877 2357 4947; x_wconf 80' lang='lat' dir='ltr'><strong>circumlegenles</strong></span> <span class='ocrx_word' id='word_1_842' title='bbox 2403 4879 2715 4934; x_wconf 86' lang='lat' dir='ltr'><strong>devenimus</strong></span> <span class='ocrx_word' id='word_1_843' title='bbox 2759 4880 3021 4950; x_wconf 82' lang='lat' dir='ltr'><strong>Rhegium</strong></span> <span class='ocrx_word' id='word_1_844' title='bbox 3057 4898 3070 4931; x_wconf 87' lang='lat'><em>:</em></span> <span class='ocrx_word' id='word_1_845' title='bbox 3102 4893 3153 4935; x_wconf 87' lang='lat' dir='ltr'><strong>et</strong></span> <span class='ocrx_word' id='word_1_846' title='bbox 3189 4893 3307 4951; x_wconf 85' lang='lat' dir='ltr'><strong>post</strong></span> <span class='ocrx_word' id='word_1_847' title='bbox 3338 4901 3509 4939; x_wconf 81' lang='lat' dir='ltr'><strong>unum</strong></span> 
     </span>
    </p>
   </div>
   <div class='ocr_carea' id='block_1_109' title="bbox 1913 4970 3501 5036">
    <p class='ocr_par' dir='ltr' id='par_1_109' title="bbox 1913 4970 3501 5036">
     <span class='ocr_line' id='line_1_109' title="bbox 1913 4970 3501 5036; baseline 0.003 -12"><span class='ocrx_word' id='word_1_848' title='bbox 1913 4970 2052 5025; x_wconf 92' lang='lat' dir='ltr'><strong>diem</strong></span> <span class='ocrx_word' id='word_1_849' title='bbox 2082 4971 2243 5025; x_wconf 87' lang='lat' dir='ltr'><strong>ﬂante</strong></span> <span class='ocrx_word' id='word_1_850' title='bbox 2271 4982 2454 5025; x_wconf 76' lang='lat' dir='ltr'><strong>austro</strong></span> <span class='ocrx_word' id='word_1_851' title='bbox 2483 5015 2494 5036; x_wconf 92' lang='lat'><strong>,</strong></span> <span class='ocrx_word' id='word_1_852' title='bbox 2527 4973 2759 5025; x_wconf 88' lang='lat' dir='ltr'><strong>secunda</strong></span> <span class='ocrx_word' id='word_1_853' title='bbox 2789 4974 2877 5027; x_wconf 90' lang='lat' dir='ltr'><strong>die</strong></span> <span class='ocrx_word' id='word_1_854' title='bbox 2921 4977 3164 5028; x_wconf 90' lang='lat' dir='ltr'><strong>venimus</strong></span> <span class='ocrx_word' id='word_1_855' title='bbox 3205 4976 3455 5029; x_wconf 74' lang='lat' dir='ltr'><strong>Puteolos</strong></span> <span class='ocrx_word' id='word_1_856' title='bbox 3489 4995 3501 5029; x_wconf 91' lang='lat'>:</span> 
     </span>
    </p>
   </div>
   <div class='ocr_carea' id='block_1_110' title="bbox 1916 5063 3502 5137">
    <p class='ocr_par' dir='ltr' id='par_1_110' title="bbox 1916 5063 3502 5137">
     <span class='ocr_line' id='line_1_110' title="bbox 1916 5063 3502 5137; baseline 0.003 -21"><span class='ocrx_word' id='word_1_857' title='bbox 1916 5064 2000 5116; x_wconf 76' lang='lat' dir='ltr'><strong>H.</strong></span> <span class='ocrx_word' id='word_1_858' title='bbox 2039 5063 2122 5117; x_wconf 91' lang='lat' dir='ltr'><strong>ubi</strong></span> <span class='ocrx_word' id='word_1_859' title='bbox 2153 5063 2383 5117; x_wconf 81' lang='lat' dir='ltr'><strong>inventis</strong></span> <span class='ocrx_word' id='word_1_860' title='bbox 2413 5065 2675 5126; x_wconf 71' lang='lat' dir='ltr'><strong>fratribus,</strong></span> <span class='ocrx_word' id='word_1_861' title='bbox 2710 5066 2875 5133; x_wconf 84' lang='lat' dir='ltr'><strong>rogati</strong></span> <span class='ocrx_word' id='word_1_862' title='bbox 2905 5080 3088 5118; x_wconf 88' lang='lat' dir='ltr'><strong>sumus</strong></span> <span class='ocrx_word' id='word_1_863' title='bbox 3117 5083 3335 5121; x_wconf 88' lang='lat' dir='ltr'><strong>manere</strong></span> <span class='ocrx_word' id='word_1_864' title='bbox 3358 5070 3502 5137; x_wconf 79' lang='lat' dir='ltr'><strong>apud</strong></span> 
     </span>
    </p>
   </div>
   <div class='ocr_carea' id='block_1_111' title="bbox 1914 5156 3507 5223">
    <p class='ocr_par' dir='ltr' id='par_1_111' title="bbox 1914 5156 3507 5223">
     <span class='ocr_line' id='line_1_111' title="bbox 1914 5156 3507 5223; baseline 0.004 -16"><span class='ocrx_word' id='word_1_865' title='bbox 1914 5171 2007 5209; x_wconf 85' lang='lat' dir='ltr'><strong>eos</strong></span> <span class='ocrx_word' id='word_1_866' title='bbox 2039 5164 2242 5223; x_wconf 88' lang='lat' dir='ltr'><strong>septem</strong></span> <span class='ocrx_word' id='word_1_867' title='bbox 2271 5156 2414 5218; x_wconf 86' lang='lat' dir='ltr'><strong>dies;</strong></span> <span class='ocrx_word' id='word_1_868' title='bbox 2442 5166 2494 5210; x_wconf 88' lang='lat' dir='ltr'><strong>et</strong></span> <span class='ocrx_word' id='word_1_869' title='bbox 2525 5156 2599 5208; x_wconf 86' lang='lat' dir='ltr'><strong>sic</strong></span> <span class='ocrx_word' id='word_1_870' title='bbox 2625 5158 2862 5210; x_wconf 88' lang='lat' dir='ltr'><strong>venimus</strong></span> <span class='ocrx_word' id='word_1_871' title='bbox 2895 5158 3139 5211; x_wconf 85' lang='lat' dir='ltr'><strong>Romam.</strong></span> <span class='ocrx_word' id='word_1_872' title='bbox 3177 5161 3262 5213; x_wconf 77' lang='lat'><strong>15.</strong></span> <span class='ocrx_word' id='word_1_873' title='bbox 3291 5159 3350 5212; x_wconf 82' lang='lat' dir='ltr'><strong>Et</strong></span> <span class='ocrx_word' id='word_1_874' title='bbox 3382 5161 3507 5214; x_wconf 87' lang='lat' dir='ltr'><strong>inde</strong></span> 
     </span>
    </p>
   </div>
   <div class='ocr_carea' id='block_1_112' title="bbox 1915 5245 3510 5318">
    <p class='ocr_par' dir='ltr' id='par_1_112' title="bbox 1915 5245 3510 5318">
     <span class='ocr_line' id='line_1_112' title="bbox 1915 5245 3510 5318; baseline 0.002 -20"><span class='ocrx_word' id='word_1_875' title='bbox 1915 5261 2034 5298; x_wconf 86' lang='lat' dir='ltr'><strong>cum</strong></span> <span class='ocrx_word' id='word_1_876' title='bbox 2067 5247 2340 5300; x_wconf 84' lang='lat' dir='ltr'><strong>audissent</strong></span> <span class='ocrx_word' id='word_1_877' title='bbox 2385 5245 2577 5300; x_wconf 86' lang='lat' dir='ltr'><strong>fratres</strong></span> <span class='ocrx_word' id='word_1_878' title='bbox 2603 5287 2615 5308; x_wconf 90' lang='lat'><strong>,</strong></span> <span class='ocrx_word' id='word_1_879' title='bbox 2651 5257 3006 5301; x_wconf 84' lang='lat' dir='ltr'><strong>occurrerunt</strong></span> <span class='ocrx_word' id='word_1_880' title='bbox 3048 5249 3201 5302; x_wconf 89' lang='lat' dir='ltr'><strong>nobis</strong></span> <span class='ocrx_word' id='word_1_881' title='bbox 3232 5265 3400 5318; x_wconf 86' lang='lat' dir='ltr'><strong>usque</strong></span> <span class='ocrx_word' id='word_1_882' title='bbox 3437 5250 3510 5301; x_wconf 78' lang='lat' dir='ltr'><strong>ad</strong></span> 
     </span>
    </p>
   </div>
   <div class='ocr_carea' id='block_1_113' title="bbox 1920 5339 3509 5408">
    <p class='ocr_par' dir='ltr' id='par_1_113' title="bbox 1920 5339 3509 5408">
     <span class='ocr_line' id='line_1_113' title="bbox 1920 5339 3509 5408; baseline 0.003 -17"><span class='ocrx_word' id='word_1_883' title='bbox 1920 5340 2073 5408; x_wconf 78' lang='lat' dir='ltr'><strong>Appii</strong></span> <span class='ocrx_word' id='word_1_884' title='bbox 2125 5339 2294 5392; x_wconf 88' lang='lat' dir='ltr'><strong>forum</strong></span> <span class='ocrx_word' id='word_1_885' title='bbox 2342 5350 2394 5393; x_wconf 92' lang='lat' dir='ltr'><strong>et</strong></span> <span class='ocrx_word' id='word_1_886' title='bbox 2436 5340 2570 5393; x_wconf 86' lang='lat' dir='ltr'><strong>Tres</strong></span> <span class='ocrx_word' id='word_1_887' title='bbox 2621 5339 2891 5394; x_wconf 88' lang='lat' dir='ltr'><strong>tabernas.</strong></span> <span class='ocrx_word' id='word_1_888' title='bbox 2926 5340 3070 5405; x_wconf 88' lang='lat' dir='ltr'><strong>Quos</strong></span> <span class='ocrx_word' id='word_1_889' title='bbox 3118 5357 3237 5394; x_wconf 92' lang='lat' dir='ltr'><strong>cum</strong></span> <span class='ocrx_word' id='word_1_890' title='bbox 3288 5343 3509 5396; x_wconf 75' lang='lat' dir='ltr'><strong>vidisset</strong></span> 
     </span>
    </p>
   </div>
   <div class='ocr_carea' id='block_1_114' title="bbox 1919 5429 3510 5503">
    <p class='ocr_par' dir='ltr' id='par_1_114' title="bbox 1919 5429 3510 5503">
     <span class='ocr_line' id='line_1_114' title="bbox 1919 5429 3510 5503; baseline 0.003 -21"><span class='ocrx_word' id='word_1_891' title='bbox 1919 5429 2133 5494; x_wconf 88' lang='lat' dir='ltr'><strong>Paulus,</strong></span> <span class='ocrx_word' id='word_1_892' title='bbox 2161 5430 2550 5503; x_wconf 81' lang='lat' dir='ltr'><strong>agensgralias</strong></span> <span class='ocrx_word' id='word_1_893' title='bbox 2578 5431 2685 5484; x_wconf 89' lang='lat' dir='ltr'><strong>[)eo</strong></span> <span class='ocrx_word' id='word_1_894' title='bbox 2709 5473 2720 5493; x_wconf 93' lang='lat'><strong>,</strong></span> <span class='ocrx_word' id='word_1_895' title='bbox 2767 5432 2971 5500; x_wconf 87' lang='lat' dir='ltr'><strong>accepit</strong></span> <span class='ocrx_word' id='word_1_896' title='bbox 3007 5430 3274 5486; x_wconf 83' lang='lat' dir='ltr'><strong>ﬁduciam.</strong></span> <span class='ocrx_word' id='word_1_897' title='bbox 3319 5452 3335 5483; x_wconf 76' lang='grc' dir='ltr'><strong>ι</strong></span> <span class='ocrx_word' id='word_1_898' title='bbox 3371 5431 3510 5486; x_wconf 73' lang='lat' dir='ltr'><strong>Vide</strong></span> 
     </span>
    </p>
   </div>
   <div class='ocr_carea' id='block_1_115' title="bbox 1917 5522 3511 5592">
    <p class='ocr_par' dir='ltr' id='par_1_115' title="bbox 1917 5522 3511 5592">
     <span class='ocr_line' id='line_1_115' title="bbox 1917 5522 3511 5592; baseline 0.001 -16"><span class='ocrx_word' id='word_1_899' title='bbox 1917 5522 2184 5592; x_wconf 89' lang='lat' dir='ltr'><strong>quomodo</strong></span> <span class='ocrx_word' id='word_1_900' title='bbox 2209 5532 2428 5591; x_wconf 86' lang='lat' dir='ltr'><strong>prepter</strong></span> <span class='ocrx_word' id='word_1_901' title='bbox 2452 5522 2673 5576; x_wconf 87' lang='lat' dir='ltr'><strong>Paulum</strong></span> <span class='ocrx_word' id='word_1_902' title='bbox 2707 5523 2820 5576; x_wconf 82' lang='lat' dir='ltr'><strong>haec</strong></span> <span class='ocrx_word' id='word_1_903' title='bbox 2842 5523 3019 5576; x_wconf 86' lang='lat' dir='ltr'><strong>omnia</strong></span> <span class='ocrx_word' id='word_1_904' title='bbox 3053 5524 3202 5589; x_wconf 82' lang='lat' dir='ltr'><strong>fiant,</strong></span> <span class='ocrx_word' id='word_1_905' title='bbox 3238 5533 3292 5577; x_wconf 93' lang='grc' dir='ltr'><strong>ιιι</strong></span> <span class='ocrx_word' id='word_1_906' title='bbox 3317 5525 3511 5578; x_wconf 77' lang='lat' dir='ltr'><strong>crede-</strong></span> 
     </span>
    </p>
   </div>
   <div class='ocr_carea' id='block_1_116' title="bbox 1918 5615 3510 5686">
    <p class='ocr_par' dir='ltr' id='par_1_116' title="bbox 1918 5615 3510 5686">
     <span class='ocr_line' id='line_1_116' title="bbox 1918 5615 3510 5686; baseline 0.001 -18"><span class='ocrx_word' id='word_1_907' title='bbox 1918 5625 2034 5669; x_wconf 85' lang='lat' dir='ltr'><strong>rent</strong></span> <span class='ocrx_word' id='word_1_908' title='bbox 2068 5615 2252 5680; x_wconf 83' lang='lat' dir='ltr'><strong>vincti,</strong></span> <span class='ocrx_word' id='word_1_909' title='bbox 2296 5616 2526 5681; x_wconf 87' lang='lat' dir='ltr'><strong>milites,</strong></span> <span class='ocrx_word' id='word_1_910' title='bbox 2560 5617 2822 5670; x_wconf 81' lang='lat' dir='ltr'><strong>centurio.</strong></span> <span class='ocrx_word' id='word_1_911' title='bbox 2856 5616 2985 5670; x_wconf 81' lang='lat' dir='ltr'><strong>Nam</strong></span> <span class='ocrx_word' id='word_1_912' title='bbox 3016 5619 3112 5670; x_wconf 83' lang='lat' dir='ltr'><strong>etsi</strong></span> <span class='ocrx_word' id='word_1_913' title='bbox 3147 5618 3335 5686; x_wconf 76' lang='lat' dir='ltr'><strong>lapidci</strong></span> <span class='ocrx_word' id='word_1_914' title='bbox 3381 5619 3510 5671; x_wconf 69' lang='lat' dir='ltr'><strong>fuis-</strong></span> 
     </span>
    </p>
   </div>
   <div class='ocr_carea' id='block_1_117' title="bbox 1919 5709 3509 5778">
    <p class='ocr_par' dir='ltr' id='par_1_117' title="bbox 1919 5709 3509 5778">
     <span class='ocr_line' id='line_1_117' title="bbox 1919 5709 3509 5778; baseline 0.001 -17"><span class='ocrx_word' id='word_1_915' title='bbox 1919 5717 2036 5761; x_wconf 77' lang='lat' dir='ltr'><strong>sent</strong></span> <span class='ocrx_word' id='word_1_916' title='bbox 2064 5751 2076 5774; x_wconf 92' lang='lat'><strong>,</strong></span> <span class='ocrx_word' id='word_1_917' title='bbox 2111 5718 2161 5760; x_wconf 90' lang='lat' dir='ltr'><strong>et</strong></span> <span class='ocrx_word' id='word_1_918' title='bbox 2210 5724 2300 5777; x_wconf 87' lang='lat' dir='ltr'><strong>per</strong></span> <span class='ocrx_word' id='word_1_919' title='bbox 2332 5723 2391 5761; x_wconf 85' lang='lat' dir='ltr'><strong>ea</strong></span> <span class='ocrx_word' id='word_1_920' title='bbox 2421 5724 2536 5777; x_wconf 61' lang='lat' dir='ltr'><strong>quae</strong></span> <span class='ocrx_word' id='word_1_921' title='bbox 2575 5709 2947 5763; x_wconf 54' lang='lat' dir='ltr'><strong>consulentem</strong></span> <span class='ocrx_word' id='word_1_922' title='bbox 2977 5709 3252 5764; x_wconf 77' lang='lat' dir='ltr'><strong>audierant</strong></span> <span class='ocrx_word' id='word_1_923' title='bbox 3284 5753 3295 5776; x_wconf 88' lang='lat'><strong>,</strong></span> <span class='ocrx_word' id='word_1_924' title='bbox 3329 5719 3379 5764; x_wconf 84' lang='lat' dir='ltr'><strong>et</strong></span> <span class='ocrx_word' id='word_1_925' title='bbox 3417 5729 3509 5778; x_wconf 63' lang='grc' dir='ltr'><strong>μει-</strong></span> 
     </span>
    </p>
   </div>
  </div>
