4118 6340
708 332 774 387 75
1360 321 1419 380 S.
1459 316 1729 377 JOANNIS
1765 302 2236 370 CllRYSOSTUMl
2280 301 2594 360 ARCHIEP.
2632 302 3161 362 CONSTANTINOP.

664 458 727 499 ea
754 461 858 513 qua
898 438 1211 512 prmdixerat
1236 476 1251 502 ,
1281 448 1482 505 perque
1522 427 1775 485 miracula
1803 440 1920 497 qua:
1951 431 2184 495 patrarat
2206 459 2223 486 ,

664 548 718 589 et
744 552 810 590 ex
836 530 1097 587 alimentis
1122 529 1224 584 sibi
1252 522 1616 596 suppeditatis,
1647 533 1837 588 magna
1874 516 1941 571 de
1974 514 2067 570 illo
2087 528 2220 567 con-

666 628 947 692 cepissent.
1004 619 1133 674 Vide
1188 616 1398 687 quando
1446 622 1645 668 rectum
1680 609 1937 679 judicium
1985 616 2086 668 est,
2130 617 2232 658 nes.

667 714 857 769 affectu
910 718 1351 782 praeoccupatum,
1402 702 1665 775 quomodo
1714 701 1892 755 statim
1947 707 2117 753 rectas
2173 707 2228 750 et

667 804 918 875 probatas
944 803 1233 858 sententias
1262 796 1501 865 accipiat.
1546 792 1663 848 Jam
1695 792 1747 845 in
1786 788 2015 845 Siciliam
2046 800 2229 855 perve-

671 891 1143 963 neratprtedicstio
1166 907 1182 955 ;
1207 889 1315 957 jam
1337 899 1503 954 usque
1528 882 1778 937 Puteolos
1809 880 2105 949 pertigerat,
2141 875 2227 928 ubi

670 986 895 1055 repertis
940 980 1248 1053 quibusdam
1304 976 1554 1031 fratribus
1608 972 1744 1042 apud
1814 969 1930 1023 illos
1990 975 2226 1021 manent.

670 1073 869 1130 Deinde
901 1072 1011 1135 alii,
1033 1072 1166 1122 fama
1196 1065 1444 1139 permoti,
1475 1063 1604 1133 ipsis
1637 1064 1980 1115 occurrerunt
2010 1074 2023 1109 :
2054 1063 2230 1109 tantus

670 1173 783 1218 erat
827 1160 1045 1217 fratrum
1093 1156 1330 1219 adactus,
1379 1154 1469 1224 qui
1510 1166 1615 1207 non
1666 1148 1858 1204 turbati
1904 1155 2048 1211 sunt,
2089 1143 2228 1213 quod

670 1252 862 1305 Paulus
888 1259 1031 1304 esset
1056 1249 1109 1303 in
1134 1246 1383 1310 vinculis,
1415 1242 1509 1298 sed
1550 1241 1757 1297 obviam
1780 1244 2061 1292 venerunt.
2095 1234 2227 1288 Vide

674 1349 849 1395 autem
882 1340 1027 1394 illum
1058 1338 1345 1392 humanum
1370 1332 1634 1405 quidpiam
1665 1344 1874 1399 passum
1901 1341 2039 1382 esse.
2065 1324 2231 1378 Fidu-

667 1431 817 1495 ciam,
845 1428 1035 1498 inquit,
1064 1427 1253 1497 accepit
1273 1426 1442 1477 videns
1461 1426 1658 1492 fratres.
1682 1418 1934 1485 Quamvis
1981 1425 2059 1470 tot
2082 1417 2228 1484 signa

674 1522 905 1584 fecisset,
934 1520 1137 1588 accepit
1178 1525 1353 1571 tamen
1384 1530 1447 1568 ex
1502 1520 1722 1581 aspectu
1752 1509 1956 1564 fiducim
1983 1522 2233 1578 augmen-

671 1624 803 1668 tum.
840 1612 969 1665 Hinc
993 1610 1242 1665 discimus
1271 1608 1415 1661 illum
1437 1606 1667 1658 humano
1688 1602 1846 1657 etiam
1876 1614 2023 1654 more
2039 1612 2231 1653 conso-

671 1704 923 1758 lationetn
949 1702 1216 1771 accepisse
1239 1740 1254 1765 ,
1285 1706 1339 1753 et
1368 1706 1575 1751 contra.
1602 1695 1689 1749 16.
1728 1694 1855 1748 Cum
1883 1702 2045 1745 autem
2072 1691 2235 1744 uenis-

670 1812 833 1849 semus
863 1794 1073 1848 Romam
1101 1831 1119 1857 ,
1148 1790 1444 1859 permissum
1472 1797 1542 1841 est
1574 1783 1740 1839 Paulo
1780 1799 1981 1836 manere
2011 1797 2231 1835 seorsum

674 1902 786 1938 eum
812 1884 967 1937 milite
1003 1900 1055 1936 se
1081 1881 1404 1935 custodiente.
1434 1876 1661 1931 Viden’?
1689 1874 2002 1943 permissum
2025 1881 2107 1927 est
2135 1872 2231 1938 illi,

674 1983 731 2029 ut
751 1975 970 2028 seorsim
994 1980 1248 2026 maneret.
1278 1970 1392 2025 Non
1422 1983 1637 2037 parvum
1663 1974 1746 2021 est
1766 1974 1820 2019 et
1840 1965 1940 2019 hoc
1961 1978 2233 2034 argumen-

672 2078 780 2122 tum
805 2066 949 2119 illum
972 2066 1021 2118 in
1041 2079 1223 2131 magna
1241 2061 1587 2117 admiratione
1606 2058 1766 2112 fuisse
1784 2076 1810 2111 ς
1826 2072 1930 2110 non
1952 2056 2092 2111 enim
2111 2070 2232 2110 eum

672 2157 790 2210 aliis
817 2157 985 2221 ipsum
1013 2152 1452 2207 annumerabant.
1499 2148 1625 2202 Post
1665 2157 1761 2201 tres
1786 2154 1951 2199 autem
1981 2145 2086 2198 dies
2110 2160 2233 2197 con-

668 2246 856 2299 vocavit
884 2245 1069 2313 primos
1085 2243 1398 2295 Iudaeorum.
1429 2240 1553 2292 Post
1574 2237 1803 2291 triduum
1830 2236 2017 2290 accivit
2034 2235 2234 2304 primos

670 2337 971 2391 Judmorum
997 2376 1012 2399 ,
1047 2350 1112 2388 ne
1138 2347 1295 2387 aures
1342 2332 1552 2385 illorum
1597 2336 2116 2397 prmoccuparentnr.
2168 2324 2233 2379 Et

671 2427 795 2496 quid
836 2440 1113 2482 commune
1142 2439 1259 2477 cum
1292 2422 1397 2475 illis
1420 2420 1640 2474 habuit?
1670 2433 1773 2472 non
1802 2419 1941 2473 enim
1970 2418 2045 2471 illi
2074 2431 2231 2471 accn-

670 2516 831 2570 saturi
867 2516 1034 2586 ipsum
1062 2522 1231 2569 erant.
1266 2515 1333 2566 At
1361 2511 1448 2565 ille
1476 2526 1579 2564 non
1608 2509 1708 2564 hoc
1732 2509 1950 2563 curabat
1969 2551 1984 2571 .
2008 2508 2101 2563 sed
2132 2508 2234 2564 hoc

670 2608 862 2661 docere
892 2606 1120 2670 volebat,
1153 2613 1208 2657 ut
1233 2619 1298 2658 ne
1328 2619 1391 2657 ex
1422 2602 1579 2656 dictis
1608 2601 2017 2655 offenderentur.

741 2698 797 2749 9..
830 2696 994 2750 Juda-i
1024 2709 1150 2764 ergo
1182 2704 1255 2746 tot
1281 2692 1519 2747 videntes
1549 2690 1821 2754 miracula,
1852 2689 2237 2759 persequeban-

676 2796 779 2850 tur,
813 2785 1117 2855 pellebant;
1149 2782 1356 2836 barbari
1389 2795 1513 2834 vero
1533 2820 1547 2844 ,
1576 2780 1665 2848 qui
1697 2778 1825 2831 nihil
1856 2777 2132 2843 viderant,
2168 2793 2236 2833 ex

675 2878 785 2929 sola
819 2875 1115 2929 calamitate
1151 2870 1521 2925 misericordes
1550 2876 1722 2923 erant.
1760 2868 1998 2932 Omnino,
2028 2866 2233 2936 inquie-

676 2967 823 3028 baut,
842 2964 1090 3017 homicida
1115 2971 1187 3015 est
1219 2962 1297 3013 hic
1325 2962 1491 3013 homo.
1521 2958 1633 3013 Non
1662 2957 1973 3026 simpliciter
2004 2971 2236 3025 pronun-

673 3056 805 3109 tiant
828 3096 844 3118 ,
876 3055 967 3108 sed
993 3095 1009 3119 ,
1041 3054 1281 3119 Omnino,
1312 3051 1532 3115 dicunt;
1562 3049 1616 3103 id
1644 3058 1724 3103 est
1747 3087 1763 3113 ,
1794 3056 1853 3101 ut
1881 3047 2061 3101 videre
2090 3047 2233 3100 licet.

680 3147 744 3200 Et
772 3147 896 3199 ultio
915 3188 928 3213 ,
961 3146 1236 3215 inquiunt,
1266 3145 1429 3211 ipsum
1458 3143 1617 3195 vivere
1641 3157 1739 3194 non
1767 3139 1903 3193 sinit.
1946 3139 2083 3207 Ergo
2114 3153 2238 3207 pro-

678 3236 925 3291 videntia:
968 3236 1225 3289 rationem
1275 3234 1575 3297 habebant,
1624 3241 1675 3285 et
1721 3231 1886 3300 magis
1942 3228 2239 3299 philosophi

678 3334 823 3378 erant
844 3364 862 3389 ,
898 3339 1054 3392 quam
1098 3324 1193 3391 ipsi
1239 3321 1556 3391 plliloSOplii.
1604 3320 1663 3373 lli
1691 3320 1832 3374 enim
1858 3334 1920 3374 ea
1947 3361 1962 3384 ,
1994 3335 2111 3387 quae
2141 3318 2240 3372 sub

679 3416 798 3467 luna
832 3412 983 3476 fiunt,
1009 3411 1333 3481 providentia
1363 3413 1459 3464 frui
1490 3426 1593 3465 non
1621 3415 1801 3464 sinunt
1826 3427 1839 3463 :
1870 3409 1942 3463 illi
1972 3423 2100 3463 vero
2128 3407 2242 3462 ubi-

675 3518 776 3570 que
807 3502 1058 3571 putabant
1086 3502 1251 3555 Deum
1292 3515 1410 3555 esse
1441 3507 1754 3569 praesentem
1781 3540 1797 3566 ,
1843 3508 1895 3553 et
1938 3498 2076 3568 quod
2119 3498 2243 3553 licet

679 3592 842 3645 multa
872 3592 989 3659 quis
1016 3590 1280 3661 eﬂ‘ugeril,
1313 3606 1416 3644 non
1447 3604 1611 3659 usque
1640 3590 1690 3643 in
1720 3589 1876 3643 linem
1908 3597 2081 3643 tamen
2111 3588 2241 3643 effu-

680 3683 807 3749 giet.
842 3680 911 3734 Et
940 3679 1080 3745 vide,
1109 3679 1375 3749 quomodo
1396 3694 1500 3732 non
1530 3678 1804 3748 insurgunt
1832 3678 1882 3731 in
1911 3676 2057 3730 illum
2083 3676 2246 3730 omni-

684 3787 791 3835 no,
838 3770 928 3824 sed
974 3778 1187 3839 propter
1216 3770 1569 3824 calamitatem
1614 3768 1824 3823 interim
1871 3774 2244 3831 revereantur;

687 3877 856 3930 neque
888 3862 975 3916 illa
1014 3861 1317 3929 divulgant,
1349 3861 1439 3914 sed
1474 3860 1609 3913 inter
1635 3874 1692 3913 se
1727 3859 1944 3913 dicunt:
1978 3872 2097 3911 nam
2130 3858 2245 3911 vin-

683 3952 800 4005 cula
825 3952 957 4005 hanc
980 3948 1281 4018 lnjiciebaut
1308 3949 1660 4018 suspicionem
1688 3965 1701 3999 :
1728 3947 1886 4001 vincti
1913 3946 2052 4001 enim
2075 3955 2245 4000 erant.

686 4040 1012 4094 Erubescant
1041 4040 1073 4093 ii
1104 4040 1192 4108 qui
1220 4040 1429 4103 dicunt,
1462 4038 1535 4092 Ne
1580 4037 1879 4092 benefacias
1914 4036 1990 4089 eis
2015 4076 2029 4101 ,
2076 4036 2164 4106 qtti
2196 4036 2246 4088 in

686 4132 988 4185 carceribus
1031 4140 1185 4196 sunt;
1238 4131 1495 4200 pudorem
1541 4129 1694 4184 nobis
1730 4127 1952 4183 aderant
1995 4128 2245 4183 barbari:

693 4237 797 4275 non
826 4224 963 4275 enim
992 4222 1226 4275 sciebant
1252 4222 1464 4289 quinam
1491 4221 1565 4273 illi
1593 4230 1790 4285 essent,
1821 4220 1914 4273 sed
1944 4235 2008 4273 ex
2038 4220 2252 4273 calami-

690 4319 799 4364 tate
828 4310 965 4378 ipsos
987 4324 1105 4364 esse
1132 4310 1373 4363 homines
1402 4309 1731 4374 didicerunt;
1762 4308 1984 4378 ideoque
2010 4324 2125 4363 eum
2149 4310 2251 4364 hu~

693 4400 942 4455 manitate
971 4400 1088 4454 illos
1117 4408 1459 4468 exceperunt.
1498 4398 1716 4451 Mullum
1755 4410 1919 4451 autem
1946 4400 2047 4453 illis
2074 4416 2249 4470 exspe-

687 4493 977 4555 ctantibus,
1028 4492 1239 4561 inquit;
1294 4491 1344 4545 id
1393 4499 1513 4557 est,
1565 4490 1654 4545 diu
1705 4490 2083 4560 exspectabant
2132 4507 2250 4546 eum

696 4583 1030 4636 moriturum.
1078 4581 1171 4636 llle
1200 4595 1322 4635 tero
1349 4581 1572 4635 bestiam
1601 4582 1833 4635 excussit
1864 4581 1913 4635 in
1946 4582 2118 4650 ignem
2143 4622 2157 4647 ,
2201 4591 2254 4637 et

695 4686 904 4724 manum
936 4671 1061 4725 nihil
1094 4686 1299 4741 passam
1331 4671 1657 4725 monstravit.
1712 4671 1821 4725 lloc
1862 4670 2099 4725 videntes
2141 4681 2253 4727 stu-

700 4758 889 4828 pefacti
914 4770 968 4813 et
992 4760 1162 4814 mirati
1191 4772 1331 4815 sunt.
1357 4760 1533 4829 Neque
1559 4761 1733 4813 statim
1760 4760 2149 4830 deprehensum
2177 4772 2257 4817 est

694 4849 902 4917 signum
929 4890 943 4913 ,
988 4850 1080 4903 sed
1107 4850 1427 4918 aliquamdiu
1459 4860 1836 4920 exspectarunt
1864 4852 2103 4907 homines
2128 4894 2143 4919 ,
2190 4869 2257 4908 ne

697 4936 967 4991 videretur
996 4938 1268 5008 phantasia
1296 4954 1414 4993 esse
1444 4956 1455 4990 :
1489 4941 1565 4993 sic
1597 4954 1699 4993 non
1732 4950 1845 4994 erat
1873 4940 2074 4995 fallacia
2100 4983 2115 5007 ,
2148 4958 2255 4997 non

697 5028 858 5083 fraus.
900 5028 967 5081 In
997 5030 1168 5083 vicinis
1195 5039 1359 5083 autem
1390 5029 1512 5083 locis
1540 5040 1680 5083 erant
1706 5032 1896 5099 prtedia
1927 5034 2077 5100 primi
2117 5034 2258 5086 insu-

697 5120 779 5181 lat,
820 5121 1018 5173 nomine
1048 5119 1257 5172 Publii:
1283 5125 1367 5189 qui
1408 5137 1495 5173 nos
1534 5123 1831 5189 suscipiens,
1863 5123 2069 5193 benigne
2096 5126 2258 5192 hoslli-

696 5210 765 5261 tio
810 5214 1017 5277 excepit.
1056 5211 1194 5263 Bene
1235 5212 1310 5263 sic
1359 5211 1585 5280 loquitur
1622 5230 1634 5264 :
1687 5213 2021 5283 benignitatis
2065 5216 2257 5285 quippe

701 5317 904 5371 magna:
944 5311 1021 5353 est
1047 5302 1301 5356 ducentas
1324 5304 1652 5372 septuaginta
1678 5306 1878 5359 animas
1906 5304 2132 5373 hospitio
2162 5322 2252 5360 cx-

697 5392 892 5457 cipere.
912 5390 1092 5458 Cogita
1118 5401 1366 5459 quantum
1394 5392 1462 5445 sit
1492 5393 1864 5461 hospitalitatis
1894 5395 2117 5448 lucrum.
2142 5394 2255 5447 Non

700 5480 837 5549 quod
869 5495 969 5534 nec
1000 5483 1285 5537 necessitas
1314 5492 1474 5547 esset,
1509 5498 1678 5551 neque
1704 5484 1842 5553 quod
1873 5486 2065 5539 invitus
2100 5497 2255 5553 agat,

700 5570 793 5623 sed
820 5571 958 5637 quod
994 5573 1194 5625 lucrum
1226 5582 1407 5640 putet,
1452 5589 1545 5642 per
1575 5584 1681 5627 tres
1722 5574 1835 5628 dies
1873 5574 2100 5644 hospitio
2142 5576 2259 5629 illos

703 5664 923 5730 excepit.
974 5662 1201 5733 Ideoque
1246 5665 1361 5719 talis
1402 5664 1772 5735 hospitalitatis
1805 5669 2099 5723 mercedem
2139 5669 2259 5739 jure

3808 293 3915 351 316

2330 421 2555 487 accipit,
2586 417 2694 473 imo
2718 418 2875 487 longe
2898 416 3044 471 dono
3070 415 3326 485 majorem
3355 432 3369 470 :
3410 429 3532 469 nam
3563 421 3768 484 patrem
3795 416 3914 483 ejus

2327 516 2477 562 curat
2498 522 2528 562 s
2549 508 2852 579 dysenteria
2876 507 3017 562 male
3040 507 3323 577 patientem
3348 519 3366 571 ;
3403 518 3503 559 nec
3524 504 3683 559 modo
3712 505 3914 573 ipsum,

2333 599 2427 656 sed
2458 598 2654 653 multos
2677 600 2837 654 etiam
2866 599 3000 654 alios
3020 599 3258 654 inﬁrmos
3278 606 3458 662 curat,
3488 598 3578 667 qui
3609 596 3778 652 vicem
3821 612 3915 652 re-

2334 687 2568 758 pendunt
2590 687 2901 752 honoribus,
2924 697 3227 743 commeatu
3250 703 3266 745 :
3295 687 3434 757 quod
3464 686 3548 740 hic
3572 684 3911 740 declaratur:

2335 777 2433 841 Qui
2462 778 2629 831 multis
2657 777 2929 833 honoribus
2954 795 3045 833 nos
3083 779 3377 847 prosequuti
3400 786 3515 831 sunt
3534 817 3548 840 ,
3596 786 3642 830 et
3675 775 3916 829 solventi-

2333 870 2423 922 bus
2448 869 2789 939 imposuerunt
2813 885 2927 940 qua
2948 871 3231 925 necessaria
3254 879 3417 924 erant.
3454 869 3570 923 Non
3607 867 3914 923 mercedem

2334 961 2566 1029 recepit,
2613 961 2789 1025 absit;
2822 960 2917 1016 sed
2949 961 3201 1030 impletur
3230 959 3280 1012 id
3312 959 3451 1028 quod
3491 959 3749 1028 scriptum
3789 968 3911 1014 est:

2334 1048 2535 1120 Dignus
2559 1060 2630 1104 est
2658 1052 2922 1120 operarius
2946 1052 3055 1105 cibo
3080 1067 3171 1106 suo
3200 1048 3412 1121 (Matth.
3454 1049 3542 1103 ill.
3582 1049 3697 1119 10).
3725 1049 3913 1104 Palam

2332 1152 2509 1197 autem
2550 1152 2631 1198 est
2661 1158 2755 1197 eos
2779 1183 2795 1209 ,
2842 1143 2931 1213 qui
2968 1143 3048 1198 sic
3089 1142 3236 1196 illum
3275 1148 3641 1210 exceperunt,
3683 1139 3913 1194 verbum

2335 1232 2723 1300 praedicationis
2766 1233 3038 1302 accepisse
3065 1249 3081 1287 :
3108 1246 3280 1302 neque
3316 1233 3458 1285 enim
3492 1231 3750 1284 trimestri
3778 1240 3917 1284 tem-

2334 1337 2463 1391 pore
2492 1322 2864 1385 disseruisset,
2908 1323 3009 1376 nisi
3049 1321 3124 1376 illi
3153 1337 3276 1375 vere
3301 1320 3657 1376 credidissent
3700 1331 3753 1376 et
3800 1320 3917 1373 fru-

2332 1424 2474 1468 ctum
2498 1413 2886 1467 exhibuissent.
2907 1413 3084 1483 itaque
3108 1412 3231 1466 hinc
3255 1411 3505 1465 indicium
3531 1421 3633 1475 est,
3659 1406 3916 1479 maguum

2336 1503 2499 1557 fuisse
2527 1502 2859 1561 credentium
2887 1517 3188 1557 numerum.
3222 1500 3288 1554 Et
3312 1501 3585 1564 soluimus,
3618 1502 3821 1569 Inquit,
3859 1499 3914 1552 in

2335 1595 2449 1649 navi
2489 1594 2876 1661 Alexandrina,
2918 1610 3031 1664 qua
3072 1594 3375 1647 hiemaverat
3417 1591 3471 1644 in
3509 1590 3711 1655 insula,
3764 1591 3917 1657 cujus

2334 1686 2528 1755 insigne
2556 1684 2837 1738 Castorum.
2872 1683 2926 1737 Id
2954 1682 3180 1737 fortasse
3212 1682 3264 1736 in
3295 1681 3382 1736 illa
3412 1681 3612 1750 pictum
3650 1689 3807 1740 erat;
3841 1679 3915 1731 ita

2335 1784 2490 1828 erant
2523 1774 2681 1828 idolis
2718 1773 2905 1827 dediti.
2950 1771 3085 1826 Vide
3124 1771 3245 1825 illos
3281 1785 3461 1824 moras
3500 1770 3807 1832 trahentes,
3859 1777 3917 1821 et

2335 1880 2542 1920 rursum
2575 1864 2907 1920 festinantes.
2941 1862 3109 1917 Paulo
3133 1872 3300 1916 autem
3329 1860 3622 1930 permissum
3649 1860 3746 1928 fuit
3774 1874 3918 1913 seor-

2334 1975 2444 2012 sum
2484 1973 2708 2011 manere.
2737 1956 2963 2011 Demum
2995 1955 3065 2008 ita
3094 1953 3417 2008 venerabilis
3444 1960 3560 2006 crat
3589 1951 3781 2006 Paulus
3806 1992 3821 2014 ,
3856 1959 3919 2006 ut

2334 2064 2576 2104 seorsum
2606 2061 2824 2103 manere
2854 2045 3271 2117 permitteretur.
3290 2043 3471 2112 Neque
3501 2042 3549 2096 id
3576 2043 3767 2096 mirum
3792 2050 3915 2095 est:

2336 2153 2457 2192 nam
2486 2138 2529 2191 si
2555 2137 2780 2192 antehac
2812 2136 3037 2206 benigne
3063 2135 3208 2188 illum
3234 2138 3577 2201 exceperunt,
3607 2131 3777 2185 multo
3797 2145 3919 2185 ma-

2334 2228 2413 2297 gis
2441 2242 2603 2282 nune.
2646 2225 2713 2279 Et
2750 2228 2905 2296 flante
2934 2234 3104 2279 austro
3127 2263 3144 2288 ,
3176 2223 3349 2293 inquit
3372 2264 3387 2288 ,
3419 2221 3661 2288 postridie
3686 2223 3918 2276 uenimus

2339 2319 2611 2382 Puteolos,
2658 2319 2741 2371 ubi
2781 2317 2993 2370 inuentis
3036 2315 3314 2386 fratribus,
3354 2314 3520 2385 rogati
3557 2329 3730 2367 unius
3771 2313 3920 2380 apud

2332 2411 2447 2464 illos
2476 2426 2677 2463 manere
2701 2420 2885 2477 septem
2913 2408 3085 2461 diebus
3110 2422 3128 2461 :
3156 2416 3201 2459 et
3230 2408 3300 2458 sic
3330 2402 3545 2457 Romam
3571 2404 3815 2463 uenimus.
3850 2401 3919 2455 Et

2333 2502 2450 2554 inde
2473 2510 2526 2553 ut
2554 2505 2734 2571 fratres
2758 2500 3027 2552 audierunt
3056 2498 3118 2553 de
3134 2498 3295 2560 nobis,
3318 2496 3543 2549 exierunt
3567 2495 3619 2548 in
3647 2509 3919 2548 occursum

2335 2592 2477 2644 nobis
2502 2607 2659 2661 usque
2683 2590 2750 2641 ad
2774 2589 2929 2660 Appii
2955 2593 3121 2660 forum
3145 2598 3189 2642 et
3215 2586 3339 2641 Tres
3367 2585 3617 2640 tabernas.
3644 2584 3799 2651 Quod
3824 2600 3921 2653 pec

2336 2682 2561 2736 riculum
2605 2688 2901 2735 metuentes
2946 2680 3209 2743 exierint,
3254 2678 3337 2733 vel
3373 2676 3474 2732 hoc
3510 2677 3639 2731 satis
3681 2690 3779 2746 pro
3807 2676 3919 2729 illis

2335 2772 2582 2840 spondet.
2618 2770 2749 2824 Vide
2773 2770 3041 2839 quomodo
3069 2770 3121 2823 in
3152 2778 3297 2823 tanta
3329 2769 3662 2838 navigatione
3697 2766 3762 2821 ad
3793 2767 3920 2821 nul-

2334 2864 2439 2920 lam
2471 2863 2747 2933 appellunt
2774 2864 3064 2927 civitatem,
3097 2862 3190 2917 sed
3220 2861 3286 2915 ad
3315 2862 3574 2926 insulam;
3600 2870 3654 2915 et
3681 2861 3919 2916 hiemem

2336 2962 2501 3008 totam
2527 2955 2824 3023 transigunt
2850 2954 2901 3008 in
2927 2953 3263 3024 navigatione
3288 2969 3300 3005 :
3334 2951 3418 3007 his
3444 2954 3513 3007 ita
3538 2951 3833 3022 dispositis,
3861 2961 3922 3007 ut

2338 3047 2425 3113 qui
2457 3045 2614 3097 simul
2644 3045 2999 3113 navigabant,
3032 3044 3097 3098 ad
3131 3042 3289 3098 fidem
3317 3042 3727 3098 deducerentur.
3779 3041 3919 3097 Per-

2339 3137 2545 3189 missum
2572 3143 2641 3187 est
2671 3136 2714 3187 ei
2732 3176 2747 3201 ,
2781 3136 2986 3204 inquit,
3027 3144 3079 3188 ut
3107 3143 3418 3206 permaneret
3446 3134 3583 3188 solus
3610 3151 3725 3188 eum
3756 3136 3924 3188 milite

2339 3225 2505 3294 ipsum
2529 3225 2857 3280 custodiente.
2898 3226 2964 3279 Et
2992 3234 3291 3294 opportune
3319 3235 3495 3289 certe,
3523 3234 3580 3278 ut
3608 3226 3807 3279 nemini
3853 3225 3923 3279 li-

2338 3326 2482 3370 ceret
2508 3315 2679 3383 ipsum
2704 3315 2908 3369 insidiis
2928 3324 3182 3385 appetere
3206 3332 3220 3369 :
3251 3330 3422 3384 neque
3447 3314 3588 3369 enim
3616 3316 3771 3368 isthic
3795 3316 3925 3371 liceo

2340 3405 2431 3459 bat
2457 3405 2750 3460 seditiones
2780 3414 3017 3460 movere.
3048 3405 3231 3474 Itaque
3255 3420 3361 3459 non
3392 3406 3535 3459 illum
3561 3404 3925 3473 custodiebat,

2341 3495 2433 3549 sed
2460 3495 2702 3560 curabat,
2736 3510 2803 3550 ne
2836 3495 2911 3549 illi
2941 3494 3138 3563 aliquid
3167 3495 3447 3549 molestum
3477 3494 3742 3550 accideret
3772 3512 3786 3549 :
3815 3511 3927 3550 non

2343 3587 2484 3641 enim
2525 3586 2719 3640 licebat
2763 3588 2813 3640 in
2860 3595 3003 3641 tanta
3031 3586 3276 3652 civitate,
3310 3585 3396 3640 ubi
3440 3585 3734 3655 Imperator
3769 3595 3926 3653 erat,

2344 3691 2499 3745 quem
2545 3676 2905 3745 appellaverat
2944 3676 3178 3742 Paulus,
3223 3676 3421 3744 aliquid
3458 3684 3650 3744 praeter
3676 3674 3926 3729 ordinem

2347 3766 2479 3819 ﬁeri.
2528 3766 2603 3819 lta
2649 3780 2863 3835 semper
2908 3780 3002 3835 per
3027 3780 3125 3831 ea,
3168 3780 3285 3834 qua:
3327 3765 3571 3821 videntur
3598 3775 3784 3821 contra
3829 3780 3932 3821 nos

2347 3870 2485 3922 esse,
2514 3870 2609 3924 pro
2634 3856 2787 3910 nobis
2818 3856 2996 3909 omnia
3027 3855 3159 3909 fiunt
3185 3872 3198 3907 :
3224 3865 3405 3910 custos
3433 3856 3573 3911 enim
3602 3856 3765 3911 Paulo
3788 3866 3929 3911 erat.

2349 3946 2412 3999 Et
2442 3945 2750 4000 convocatis
2784 3946 2966 4014 primis
2996 3944 3302 4001 Judzeorurn
3328 3986 3342 4011 ,
3369 3959 3490 3999 cum
3522 3946 3626 3999 illis
3663 3945 3883 4001 disserit
3914 3964 3932 4003 :

2348 4036 2435 4106 qui
2468 4046 2521 4091 et
2546 4035 2911 4104 contradicere
2936 4045 3209 4101 verentur,
3239 4044 3398 4105 atque
3426 4036 3492 4089 ab
3522 4036 3615 4091 illo
3642 4036 3934 4105 increpan-

2362 4136 2444 4180 tur
2473 4136 2526 4181 et
2573 4126 2703 4180 nihil
2733 4127 2929 4181 audent
2971 4126 3184 4191 dicere;
3217 4126 3347 4180 nihil
3397 4127 3541 4181 enim
3589 4127 3699 4194 jam
3740 4137 3936 4181 contra

2352 4214 2497 4268 illum
2530 4224 2734 4269 tentare
2786 4215 2980 4270 licebat
3010 4215 3130 4269 illis.
3179 4215 3293 4269 lloc
3326 4215 3468 4270 enim
3517 4214 3758 4269 mirabile
3810 4224 3931 4281 est,

2351 4305 2492 4375 quod
2543 4322 2646 4359 non
2707 4320 2801 4373 per
2861 4320 2958 4370 ea,
2999 4318 3115 4373 qum
3169 4304 3417 4359 videntur
3460 4305 3526 4358 ad
3589 4306 3937 4360 securitatem

2351 4397 2616 4460 conferre,
2659 4396 2751 4451 sed
2800 4410 2895 4466 per
2939 4398 3202 4450 contraria
3248 4413 3344 4467 pro
3384 4396 3537 4451 nobis
3573 4398 3748 4451 omnia
3781 4398 3937 4454 flant.

2353 4488 2503 4553 Quod
2558 4499 2615 4542 ut
2670 4488 2871 4553 discas,
2945 4487 3067 4542 hinc
3118 4488 3413 4558 perpende.
3482 4489 3651 4544 Jussit
3724 4489 3943 4545 Pharao

2356 4596 2550 4649 pueros
2583 4580 2633 4632 in
2665 4578 2860 4633 ﬂumen
2888 4578 3102 4657 conjici.
3124 4578 3232 4633 Nisi
3258 4579 3478 4647 projecti
3509 4579 3729 4634 fuissent
3756 4581 3942 4649 pueri,

2354 4672 2453 4725 nisi
2486 4670 2537 4723 id
2560 4670 2809 4739 jussissct
2833 4670 3059 4733 Pharao,
3088 4684 3193 4723 non
3222 4679 3463 4723 servatus
3492 4669 3678 4724 fuisset
3703 4670 3943 4741 Moyses,

2356 4777 2459 4816 non
2485 4764 2535 4815 in
2560 4763 2702 4831 regia
2716 4761 2990 4815 educatus.
3021 4760 3155 4815 Cum
3173 4760 3506 4827 servabatur,
3539 4777 3641 4817 non
3657 4763 3707 4816 in
3732 4761 3948 4818 honore

2356 4860 2502 4916 erat;
2532 4866 2650 4905 cum
2682 4851 2953 4919 expositus
2986 4852 3117 4915 fuit,
3158 4860 3268 4905 tum
3311 4852 3360 4904 in
3406 4850 3612 4907 honore
3657 4851 3776 4906 fuit.
3829 4853 3949 4909 Hoc

2357 4957 2487 4996 vero
2536 4942 2765 4995 faciebat
2810 4941 2949 4996 Deus
2974 4983 2987 5005 ,
3035 4952 3089 4995 ut
3122 4953 3175 5007 et
3208 4943 3494 5011 potentiam
3526 4952 3580 4997 et
3620 4944 3947 5011 sapientiam

2360 5046 2506 5086 suam
2550 5032 2875 5086 ostenderet.
2901 5032 3125 5086 Minatus
3150 5042 3231 5086 est
3259 5031 3763 5099 Judaeus,‘dicens:
3801 5034 3951 5090 Num

2360 5124 2582 5177 occidere
2610 5140 2686 5175 me
2713 5122 2783 5175 vis
2816 5121 3005 5191 (Exod.
3035 5123 3087 5175 2.
3120 5124 3205 5193 14)
3225 5124 3248 5176 ?
3272 5134 3327 5178 et
3355 5123 3457 5178 hoc
3484 5124 3556 5177 illi
3586 5124 3807 5193 profuit.
3845 5127 3954 5181 Ita-

2358 5234 2459 5287 que
2505 5233 2572 5272 ex
2619 5215 2953 5286 providentia
3003 5216 3195 5270 factum
3243 5225 3365 5281 est,
3409 5224 3466 5269 ut
3501 5215 3760 5273 visionem
3796 5219 3948 5274 illam

2362 5308 2560 5361 videret
2602 5307 2653 5360 in
2695 5306 2938 5370 deserto,
2983 5316 3039 5359 ut
3080 5316 3288 5375 tempus
3329 5321 3630 5376 congruens
3684 5308 3952 5377 implere-

2361 5408 2465 5463 tur,
2501 5407 2555 5451 ut
2583 5396 3049 5466 philosopharetur
3079 5398 3130 5451 in
3162 5398 3471 5462 solitudine,
3500 5407 3554 5451 et
3578 5412 3770 5453 secure
3798 5402 3953 5455 vive-

2361 5499 2460 5543 ret.
2482 5489 2550 5543 Et
2577 5487 2901 5542 in-omnibus
2921 5502 3037 5556 quae
3064 5503 3093 5541 a
3118 5486 3318 5541 Judaais
3336 5488 3435 5557 ipsi
3458 5498 3711 5558 parantur
3736 5489 3966 5550 insidiis

2363 5579 2590 5649 idipsum
2624 5578 2716 5632 lit:
2771 5587 2895 5632 tunc
2924 5578 3121 5632 clarior
3144 5577 3411 5634 eflicitur:
3447 5590 3502 5634 ut
3541 5582 3702 5635 etiam
3744 5586 3954 5636 Aurum

2362 5671 2604 5741 contigit.
2638 5668 3050 5726 insurrexerunt
3083 5671 3134 5725 in
3169 5670 3340 5740 illum,
3370 5681 3423 5728 et
3447 5672 3729 5729 clariorem
3758 5674 3957 5729 reddi-
