4094 6336
1178 404 1245 459 ΙΝ
1260 424 1267 431 ο
1285 402 1472 460 ACTA

130 522 329 591 έδραμε
359 520 458 575 καὶ
499 523 559 574 ἐν
586 520 891 588 Ποτιόλοις,
912 520 1042 575 ἔνθα
1068 522 1162 575 καὶ
1182 520 1449 591 ἀδελφούς
1477 524 1834 594 τιναςεύρόνο

130 622 215 668 τες
245 606 573 675 ἐπιμένουσι
607 606 739 677 παρ’
768 606 974 669 αὐτοῖς.
1002 602 1135 659 Εἶτα
1158 607 1253 659 καὶ
1286 606 1435 659 ἄλλοι
1460 609 1601 660 κατὰ
1638 610 1829 679 φήμην

129 689 311 751 αὐτοῖς
350 688 660 742 ἀπαντῶσι·
684 689 924 761 τοσαύτη
946 687 1016 761 ἦν
1041 692 1075 760 ἡ
1104 691 1385 761 προθυμία
1416 690 1525 744 τῶν
1556 692 1825 759 ἀδελφῶν,

126 772 208 824 ὅτι
237 773 341 825 οὐκ
374 772 717 844 ἐθορύϐησεν
742 775 940 836 αὐτοὺς
959 774 1019 825 τὸ
1050 775 1108 827 ἐν
1133 774 1356 844 δεσμοῖς
1381 770 1522 827 εἶναι
1552 775 1645 826 τὸν
1675 774 1829 828 Παῦ-

127 854 215 907 λον
240 868 289 919 ι,
334 855 452 908 ἀλλ’
487 856 712 928 ἐξῆλθον
746 860 825 920 εἰς
871 856 1200 925 ἀπάντησιν.
1252 857 1397 926 Ὅρα
1435 856 1492 908 δέ
1526 873 1618 926 μοι
1664 855 1827 908 αὑτὸν

128 940 220 990 καὶ
245 937 593 1009 ἀνθρώπινόν
614 956 667 991 τι
692 939 953 993 παθόντα.
987 939 1225 1007 Θάρσος
1242 940 1373 1008 7&9,
1397 939 1585 1008 φησὶν,
1608 938 1830 992 ἐλαϐεν

130 1020 272 1073 ἰδὼν
320 1022 467 1087 τοὺς
510 1021 838 1090 ἀδελφούς.
878 1021 1071 1074 Καίτοι
1115 1021 1358 1075 τοσαῦτα
1408 1022 1613 1091 σημεῖα
1657 1022 1828 1090 ἐργα-

141 406 241 460 3'75

129 1106 388 1174 σάμενος,
435 1106 551 1160 ἀλλ’
580 1107 733 1176 ὅμως
774 1106 932 1158 ἔλαϐε
967 1104 1062 1157 καὶ
1099 1104 1209 1158 ἀπὸ
1234 1106 1338 1174 τῆς
1365 1104 1542 1172 ὅψεως
1578 1103 1827 1175 προσθή-
1852 1150 1879 1169 κ

126 1204 251 1258 κην.
322 1188 458 1241 Ἀπὸ
510 1190 705 1242 τούτου
757 1187 1135 1258 μανθάνομεν,
1184 1186 1266 1239 ὃτι
1314 1185 1677 1256 ἀνθρωπίνως
1733 1187 1828 1238 καὶ

126 1269 518 1339 παρεκαλεῖτο,
542 1270 638 1323 καὶ
664 1272 995 1324 τούναντίον.
1025 1271 1164 1323 Ὅτε
1185 1269 1255 1322 δὲ
1280 1269 1551 1338 ἤλθομεν
1571 1272 1659 1335 εἰς
1694 1267 1829 1322 Ῥώο

121 1370 267 1421 μην,
322 1354 633 1423 ἐπετράπη
677 1354 758 1419 τῷ
798 1354 1017 1419 Παύλῳ
1046 1353 1257 1421 μένειν
1290 1352 1422 1407 καθ’
1452 1353 1675 1407 ἑαυτὸν
1703 1353 1828 1407 σὺν

124 1435 203 1500 τῷ
222 1437 618 1504 φυλάσσοντι
640 1437 827 1491 αὑτὸν
846 1436 1201 1505 στρατιώτῃ.
1239 1438 1439 1508 Ὀρᾷςς
1466 1437 1825 1509 συνεχωρήθη

125 1518 276 1588 αὐτῷ
297 1519 425 1572 καθ’
448 1519 640 1573 ἐαυτὸν
671 1520 873 1590 μένειν.
898 1521 972 1573 Οὐ
996 1519 1194 1590 μικρὸν
1224 1521 1319 1573 καὶ
1342 1521 1505 1574 τοῦτο
1524 1523 1828 1592 τεκμήριον

125 1601 215 1653 τοῦ
254 1602 401 1654 πάνυ
438 1600 822 1674 θαυμασθῆναι
855 1602 1041 1655 αὐτόν·
1085 1604 1147 1657 ού
1182 1602 1292 1674 γὰρ
1322 1603 1387 1674 δὴ
1420 1604 1560 1674 μετά
1592 1604 1701 1657 τῶν
1730 1604 1829 1658 ἀλ-

127 1683 232 1737 λων
271 1685 546 1755 ήρίθμουν
584 1685 770 1739 αὐτόν.
819 1684 1094 1753 Ἐγένετο
1124 1685 1193 1738 δὲ
1224 1687 1378 1755 μετὰ
1410 1684 1569 1753 τρεῖς
1603 1686 1830 1754 ἠμέρας

125 1765 632 1835 συνκαλέσασθαι
681 1767 871 1821 αὐτὸν
908 1767 1056 1831 τοὺς
1099 1766 1282 1832 ὄντας
1333 1765 1453 1820 τῶν
1520 1766 1831 1822 Ἰουδαίων

127 1850 421 1919 πρώτους.
465 1850 623 1903 Μετά
660 1853 811 1921 τρεῖς
853 1850 1074 1920 ἡμέρας
1115 1850 1347 1903 ἐκάλεσε
1396 1850 1528 1913 τοὺς
1576 1850 1829 1921 πρώτους

126 1936 234 1988 τῶν
280 1934 575 1996 Ἰουδαίων,
608 1933 751 1986 ὥστε
786 1934 861 2005 μὴ
889 1933 1271 2004 προληφθῆναι
1300 1932 1480 1986 αὐτῶν
1509 1932 1609 1995 τὰς
1635 1931 1826 1995 ἀκοάς.

129 2017 237 2069 Καὶ
281 2017 335 2070 τί
386 2017 566 2069 κοινὸν
600 2018 741 2088 πρὸς
787 2017 1030 2079 ἐκείνους
1074 2012 1258 2085 εἰχενς
1290 2014 1353 2067 ού
1403 2014 1512 2085 7&9
1550 2015 1617 2068 ἂν
1670 2014 1830 2066 αὐτοὶ

129 2100 354 2169 ἔμελλον
410 2102 816 2171 κατηγορήσειν
867 2100 1055 2154 αὑτοῦ.
1126 2100 1268 2153 Ἀλλ’
1327 2102 1478 2169 ὅμως
1526 2100 1587 2151 οὐ
1636 2099 1828 2152 τούτου

130 2182 471 2253 ἐφρόντιζεν,
493 2182 632 2235 ἀλλά
664 2183 825 2237 τοῦτο
852 2182 1062 2248 διδάξαι
1087 2182 1184 2237 καὶ
1210 2182 1286 2254 μὴ
1318 2182 1623 2254 προστῆναι
1644 2182 1830 2238 αὐτοῖς

128 2268 195 2318 τά
220 2265 515 2334 λεγόμενα.

197 2352 264 2421 β’.
303 2355 371 2405 Oi
414 2353 516 2422 μὲν
551 2349 646 2405 οὖν
694 2352 945 2407 Ἰουδαῖοι
982 2356 1220 2407 τοσαῦτα
1266 2354 1504 2424 δρῶντες
1545 2352 1825 2422 Οαύματα,

128 2441 377 2507 ἐδίωκον,
408 2440 643 2511 ἡλαυνον
665 2458 677 2470 ·
704 2443 753 2493 οἱ
783 2442 838 2494 δὲ
864 2442 1134 2513 βάρϐαροι
1154 2443 1309 2495 οὐδὲν
1334 2441 1689 2512 θεασάμενοι,
1722 2440 1831 2493 ἀπὸ

131 2525 299 2595 μόνης
327 2524 428 2593 τῆς
460 2526 747 2595 συμφορᾶς
780 2525 1156 2595 φιλάνθρωποι
1179 2521 1342 2597 ἦσαν.
1374 2524 1644 2589 Πάντως,
1672 2524 1826 2593 φησὶ,

126 2612 353 2679 φονεύς
395 2614 569 2665 ἐστιν
616 2614 649 2666 ό
687 2612 1003 2681 ἄνθρωπος
1054 2608 1254 2679 οὗτος.
1300 2614 1414 2682 Οὐχ
1450 2611 1639 2674 ἁπλῶς
1690 2612 1830 2675 ἀπο-

130 2701 441 2769 φαίνονται,
482 2700 639 2764 ἀλλὰ,
668 2701 934 2767 πάντως,
961 2700 1127 2769 φασί·
1160 2701 1467 2763 τουτέστιν,
1510 2700 1586 2762 ὡς
1617 2698 1830 2751 ἔνεστιν

131 2788 275 2839 ἰδεῖν.
308 2786 423 2839 Καὶ
458 2788 496 2854 η
530 2785 693 2853 δίκη,
726 2787 883 2857 φησί,
922 2786 1031 2854 ζῇν
1067 2788 1179 2841 οὐκ
1212 2786 1388 2840 εἴασε
1419 2786 1628 2839 αὐτόν.
1683 2786 1831 2855 Ἀρα

128 2873 334 2927 καὶτὸν
364 2873 494 2942 περί
529 2874 789 2943 προνοίας
816 2874 974 2941 λόγον
1010 2870 1179 2944 εἶχον,
1210 2876 1305 2928 καὶ
1330 2873 1512 2943 πολλῷ
1541 2873 1649 2925 τῶν
1680 2873 1831 2941 φιλο-

130 2963 310 3031 σόφων
343 2959 490 3017 οὗτοι
524 2966 573 3015 οἱ
604 2963 871 3034 βάρϐαροι
910 2964 1340 3035 φιλοσοφώτεροι
1370 2962 1689 3031 ἐτύγχανον.
1719 2961 1829 3013 Αύ-

127 3052 209 3104 το)⁸
237 3052 342 3122 μὲν
374 3052 484 3123 γὰρ
512 3054 614 3105 οὐκ
644 3055 840 3121 ἀφιᾶσι
878 3052 1142 3124 προνοίας
1182 3053 1484 3106 ἀπολαύειν
1511 3052 1580 3103 τά
1601 3051 1709 3102 ὑπὸ
1741 3067 1832 3102 σε-

128 3137 319 3211 λήνην·
356 3141 407 3192 oi
436 3141 495 3193 δέ
525 3141 806 3211 πανταχοῦ
838 3141 1122 3210 νομίξουσι
1155 3144 1415 3212 παρεῖναι
1438 3140 1529 3193 τὸν
1561 3139 1714 3202 Θεὸν,
1739 3139 1834 3190 καὶ

126 3229 229 3291 ὅτι,
260 3228 371 3281 κᾶν
408 3227 581 3281 πολλά
607 3246 691 3291 τις
722 3228 964 3299 διαφύγῃ
991 3270 1005 3293 ,
1041 3229 1101 3281 ού
1145 3228 1500 3295 διαφεύξεται
1536 3228 1617 3289 είς
1653 3226 1829 3288 τέλος.

129 3318 239 3371 Καὶ
282 3318 410 3387 δρα,
454 3317 575 3381 πῶς
623 3318 726 3370 οὐκ
764 3317 1101 3370 ἐπιτίθενται
1150 3316 1347 3378 διόλου,
1393 3315 1509 3368 ἀλλ’
1558 3314 1833 3367 αἰδοῦνται

128 3403 265 3467 τέως
296 3404 388 3457 διά
411 3404 511 3474 τὴν
538 3404 830 3474 συμφοράν
848 3418 860 3431 ’
888 3405 1011 3457 οὐδέ
1034 3404 1505 3474 ἐκπομπεύουσιν,
1534 3403 1670 3456 ἀλλά
1694 3403 1834 3472 πρὸς

130 3490 399 3559 ἀλλήλους
430 3492 686 3561 λέγουσι·
722 3491 791 3545 τά
836 3493 945 3564 γὰρ
984 3492 1161 3562 δεσμά
1180 3491 1348 3545 ἲτοῦτο
1379 3491 1665 3544 ἐδίδασκεν
1702 3491 1836 3543 ὑπο-

132 3580 355 3634 πτεύειν
377 3595 389 3606 ·
424 3580 605 3633 καίτοι
645 3579 929 3649 δεσμῶται
966 3576 1127 3649 ἦσαν.
1173 3578 1632 3649 Αἰσχυνέσθωσαν
1666 3578 1716 3629 οἰ
1748 3576 1835 3629 λέ-

130 3684 346 3735 γοντες,
379 3669 473 3739 Μὴ
493 3664 551 3721 εὖ
578 3668 722 3721 ποίει
752 3669 878 3730 τοὺς
902 3669 962 3720 ἐν
984 3670 1107 3730 ταῖς
1132 3667 1423 3735 φυλακαῖς·
1452 3664 1837 3734 αἰσχυνθῶμεν

128 3758 256 3821 τοὺς
288 3755 631 3827 βαρϐάρους·
662 3754 723 3807 οὐ
747 3754 859 3826 7&9
889 3754 1087 3825 ᾔδεσαν
1117 3754 1262 3817 τίνες
1291 3749 1432 3825 ἦσαν
1463 3756 1685 3815 ἐκεῖνοι,
1719 3751 1835 3805 ἀλλ’

128 3843 237 3897 ἀπὸ
262 3844 369 3913 τῆς
402 3845 695 3914 συμφορᾶς
718 3843 877 3907 τέως,
904 3843 985 3895 ὅτι
1009 3842 1287 3911 ἄνθρωποι
1310 3836 1473 3912 ἦσαν,
1505 3839 1834 3910 ἐμάνθανον·

129 3932 209 3985 διὸ
240 3934 341 3986 καὶ
376 3931 793 4001 φιλανθρωπίας
822 3929 1065 4000 ἠξίωσαν
1109 3929 1328 3992 αὐτούς.
1384 3931 1511 3983 Ἐπί
1548 3929 1709 3982 πολὺ
1745 3929 1834 3991 δὲ,

132 4020 289 4090 φησὶ,
325 4018 812 4088 προσδοκώντων
837 4018 1057 4081 αὐτῶν,
1085 4019 1389 4079 τουτέστιν,
1416 4017 1491 4081 ώς
1515 4016 1683 4068 πολὺν
1705 4017 1837 4087 χρό-

131 4128 218 4163 νον
248 4110 529 4181 ἀνέμενον
564 4109 979 4163 ἀποθανεῖσθαι.
1019 4110 1077 4162 'O
1101 4109 1157 4161 δέ
1193 4109 1255 4162 τό
1285 4126 1342 4161 τε
1377 4107 1566 4179 θηρίον
1598 4108 1839 4172 ἐξετίνα-

133 4197 222 4262 ξεν
258 4198 350 4263 εἰς
370 4198 433 4251 τὸ
470 4196 606 4268 πῦρ,
656 4198 752 4250 καὶ
790 4198 891 4269 τὴν
922 4200 1080 4269 χεῖρα
1119 4197 1290 4261 ἔδειξε
1325 4196 1604 4250 παθοῦσαν
1647 4195 1835 4267 μηδέν.

133 4284 308 4343 Τοῦτο
365 4286 571 4348 ἰδόντες
610 4285 709 4338 καὶ
759 4285 1146 4355 ἐξεπλάγησαν
1194 4286 1289 4337 καὶ
1330 4282 1674 4353 ἐθαύμασαν.
1724 4282 1842 4336 Οὐκ

132 4374 360 4444 ἐγένετο
394 4374 452 4428 δὲ
481 4374 543 4426 τὸ
579 4376 810 4445 σημεῖον
867 4372 1052 4437 εὐθὺς,
1085 4372 1222 4426 ἀλλά
1255 4371 1332 4442 τῷ
1364 4371 1542 4442 χρόνῳ
1577 4371 1840 4441 ἐνδιέτρι-

130 4462 239 4533 ψαν
261 4463 315 4516 οἰ
347 4460 653 4532 ἄνθρωποι,
683 4458 828 4514 ὥστε
868 4460 943 4531 μὴ
975 4459 1124 4524 δόξαι
1156 4459 1462 4530 φαντασίας
1493 4456 1645 4529 [407]
1676 4453 1838 4510 εἶναι·

130 4549 309 4615 οὕτως
342 4548 449 4603 οὐκ
488 4545 556 4621 ἦν
587 4549 796 4618 ἀπάτη,
844 4549 946 4600 οὐκ
973 4542 1041 4617 ἦν
1080 4550 1430 4616 συναρπαγή.
1479 4547 1581 4600 Ἐν
1613 4545 1681 4597 δὲ
1716 4545 1841 4609 τοῖς

132 4639 265 4706 περι
294 4637 409 4692 τὸν
440 4638 632 4691 τόπον
655 4636 894 4690 ἐκεῖνον
917 4633 1155 4703 ὑπῆρχε
1182 4636 1365 4703 χωρία
1392 4634 1473 4699 τῷ
1496 4634 1705 4701 πρώτῳ
1732 4632 1841 4700 τῆς

132 4728 363 4795 νήσου,
413 4726 663 4793 ὀνόματι
720 4724 997 4787 Ποπλίῳ·
1049 4723 1119 4789 ὃς
1179 4721 1634 4791 ἀναδεξάμενος
1679 4720 1841 4791 ἡμᾶς

134 4813 526 4882 φιλοφρόνως
545 4811 805 4877 ἐξένισε.
832 4810 1030 4875 Καλῶς
1057 4810 1230 4873 οὕτως
1258 4806 1402 4862 εἷπε·
1434 4808 1840 4879 φιλοφροσύνης

136 4901 243 4972 γὰρ
275 4901 552 4972 μεγάλης,
586 4900 871 4963 διακοσίας
899 4899 1279 4970 ἐϐδομήκοντα
1310 4899 1373 4950 τὸ
1400 4899 1607 4962 ξενίσαι
1636 4898 1837 4967 ψυχάς.

147 4989 441 5060 Ἐννόησον
462 4989 563 5055 τῆς
586 4986 889 5057 φιλοξενίας
912 4990 1038 5040 ὅσον
1060 4988 1120 5039 τὸ
1141 4986 1351 5055 κέρδος·
1377 4987 1476 5055 οὐχ
1495 4985 1571 5048 ὡς
1592 4987 1841 5056 ἀνάγκης

136 5076 305 5146 οῦσης
337 5076 463 5129 ούδέ
494 5076 571 5139 ὡς
608 5075 779 5139 ἀκων,
813 5075 926 5127 ἀλλ’
974 5076 1050 5137 ὡς
1087 5076 1279 5146 κέρδος
1324 5075 1645 5144 τιθέμενος,
1690 5077 1842 5144 τρεῖς

137 5164 357 5234 ἡμέρας
393 5163 635 5227 ἐξένισεν
665 5162 882 5226 αὐτούς.
930 5163 1023 5216 Διὸ
1061 5165 1155 5216 καὶ
1184 5163 1422 5234 ἀμοιϐὴν
1449 5165 1547 5234 τῆς
1584 5162 1843 5233 τοιαύτης

138 5247 453 5314 φιλοξενίας
475 5245 703 5309 εἰκότως
723 5245 1014 5315 λαμϐάνει,
1030 5248 1122 5300 καὶ
1145 5246 1325 5317 πολλῷ
1346 5246 1570 5318 μείζονα
1589 5246 1621 5317 ἢ
1648 5246 1837 5298 ἔδωκε·

138 5335 229 5387 τὸν
257 5335 374 5407 7&9
398 5335 614 5407 πατέρα
636 5332 803 5386 αὐτοῦ
825 5332 1119 5402 θεραπεύει
1142 5335 1247 5388 ὑπὸ
1269 5334 1623 5405 δυσεντερίας
1652 5334 1841 5396 κακῶς

141 5423 447 5492 πάσχοντα·
480 5422 544 5475 οὐ
578 5421 741 5491 μόνον
769 5421 827 5474 δέ
861 5422 1044 5484 αὑτὸν,
1065 5422 1202 5477 ἀλλά
1227 5422 1325 5476 καὶ
1356 5423 1588 5485 πολλοὺς
1618 5422 1841 5492 ἔχοντας

140 5510 432 5574 ἀσθενείας
463 5511 577 5563 τῶν
606 5510 787 5563 αὐτῶν
818 5510 985 5576 ἀξιοῖ·
1017 5511 1077 5564 ὃν
1106 5512 1201 5566 καὶ
1240 5511 1623 5583 ἀμειϐόμενοι,
1655 5513 1843 5580 τιμαῖς

140 5600 306 5653 αὑτὸν
352 5599 450 5652 καὶ
480 5599 775 5669 χορηγίαις
804 5598 1128 5669 δωροῦνται.
1180 5601 1353 5655 Τοῦτο
1390 5601 1446 5653 δὲ
1481 5601 1641 5671 δῆλον
1671 5601 1843 5653 ποιῶν

145 5687 345 5756 ἐπάγει
370 5703 383 5716 ·
419 5686 489 5741 Οῑ
523 5687 623 5740 καὶ
664 5686 929 5753 πολλαῖς
954 5689 1149 5757 τιμαῖς
1186 5689 1485 5759 ἐτίμησαν
1514 5689 1675 5759 ἡμᾶς
1695 5728 1709 5753 ,
1741 5688 1843 5741 καὶ

145 5773 550 5844 ἀναγομένοις
597 5773 884 5829 ἐπέθεντο
931 5774 1003 5829 τὰ
1057 5776 1209 5845 πρὸς
1248 5776 1364 5844 τὴν
1409 5777 1640 5847 χρείαν.
1699 5774 1837 5845 Οὐχὶ

210 6046 234 6074 ³
258 6041 459 6103 Verbis,
501 6038 734 6097 αὐτοὺς...
763 6040 975 6102 Παῦλον,
997 6042 1200 6093 carebat
1224 6040 1398 6092 Morel.

486 6132 761 6192 ΡΔτιιοι..
809 6130 927 6191 Gn.
974 6130 1101 6192 LX.

1535 400 2093 459 APOSTOLORUM.
2152 404 2391 461 HOMlL.
2436 404 2565 461 LIV.

3544 404 3648 459 3T6

1949 520 2145 590 μισθὸν
2160 521 2345 585 ἔλαϐε,
2373 523 2449 593 μὴ
2473 520 2689 590 γένοιτο
2708 539 2720 552 ·
2746 522 2884 575 ἀλλά
2907 521 2968 574 τὸ
2987 518 3380 592 γεγραμμένον
3404 519 3649 590 πληροῦσι

1940 622 2063 657 ται·
2102 606 2298 671 Ἄξιος
2323 609 2356 659 ό
2382 604 2639 675 ἐργάτης
2664 605 2775 673 τῆς
2814 604 3046 674 τροφῆς
3066 604 3257 658 αὑτοῦ
3280 604 3472 657 ἐστιν.
3502 605 3565 656 OE
3592 603 3650 655 δέ

1935 687 2114 754 οὕτως
2150 690 2353 752 αὐτοὺς
2384 689 2803 759 ὑποδεξάμενοι,
2848 687 3074 758 εὔδηλον
3102 688 3184 740 ὅτι
3224 687 3319 740 καὶ
3360 685 3450 740 τὸν
3488 686 3650 753 λόγον

1930 770 2181 834 ἐδέξαντο
2208 772 2302 825 τοῦ
2329 772 2711 842 κηρύγματος·
2732 773 2796 824 ού
2818 770 2929 841 γὰρ
2952 771 3019 824 ἂν
3043 772 3100 822 ἐν
3123 771 3379 841 τριμήνῳ
3403 767 3649 821 τοσαῦτα

1927 854 2210 926 διελέχθη,
2246 854 2321 926 μὴ
2366 856 2576 924 σφόδρα
2603 851 2784 908 αὐτῶν
2816 856 3236 908 πιστευσάντων
3264 854 3361 906 καὶ
3394 848 3645 923 καρποὺς

1926 938 2361 1008 ἐπιδειξαμένων
2385 954 2399 967 ·
2452 938 2596 991 ὥστε
2646 938 2761 992 ἀπὸ
2798 938 2992 992 τούτου
3020 939 3324 1006 τεκμήριον
3360 934 3507 1005 μέγα
3549 931 3645 985 τοῦ

1927 1019 2166 1090 πλήθους
2188 1018 2298 1072 τῶν
2324 1021 2736 1074 πιστευσάντων
2760 1020 2910 1074 ἐστιν
2943 1021 3096 1074 ἰδεῖν.
3122 1020 3233 1073 Καὶ
3260 1018 3639 1087 ἀνήχθημεν.
3678 1083 3680 1091 ν

1928 1102 2083 1171 φησί,
2127 1103 2199 1155 ἐν
2226 1105 2419 1168 πλοίῳ
2458 1104 2899 1173 Ἀλεξανδρίνῳ
2914 1105 3461 1173 παρακεχειμακότι
3480 1102 3550 1153 ἐν
3570 1099 3645 1169 τῇ

1927 1186 2122 1253 νήσῳ,
2149 1187 2492 1257 παρασήμῳ
2511 1189 3098 1255 Διοσκούροις.”ισως
3116 1186 3280 1239 τοῦτο
3302 1180 3370 1255 ἦν
3397 1189 3572 1256 γεγρα
3582 1202 3644 1253 μ-

1932 1270 2096 1340 μένον
2132 1271 2189 1324 ἐν
2216 1270 2388 1341 αὐτῷ·
2430 1271 2609 1331 οὕτως
2635 1267 2777 1341 ἦσαν
2810 1270 3153 1327 κατείδωλοι.
3188 1270 3336 1340 ’Ὀρα
3371 1266 3645 1338 ἐνδιατρί-

1930 1352 2144 1417 ϐοντας,
2169 1354 2262 1405 καὶ
2281 1354 2444 1405 πάλιν
2470 1352 2801 1417 σπεύδοντας
2826 1354 2874 1406 δ.
2903 1352 2987 1418 Τῷ
2999 1352 3068 1405 δὲ
3092 1354 3315 1416 Παύλῳ
3331 1350 3642 1419 ἐπετράπη

1929 1435 2135 1501 μένειν
2165 1437 2295 1489 καθ’
2326 1437 2568 1490 ἑαυτόν.
2598 1437 2801 1490 Λοιπὸν
2828 1437 3109 1507 αἰδέσιμος
3143 1435 3317 1498 οὕτως
3338 1430 3409 1506 ἦν
3434 1437 3461 1486 6
3492 1432 3642 1487 Παῦ-

1928 1518 2042 1581 λος,
2073 1520 2149 1583 ὼς
2181 1522 2279 1573 καὶ
2312 1521 2728 1591 συγχωρεῖσθαι
2763 1520 2888 1575 καθ’
2924 1521 3119 1573 ἐαυτὸν
3147 1514 3309 1574 εἶναι.
3348 1520 3459 1572 Καὶ
3491 1518 3642 1581 ξένον

1928 1602 2083 1655 οὐδέν
2104 1618 2118 1632 ·
2157 1606 2205 1656 εί
2234 1603 2345 1675 7&9
2380 1604 2476 1657 καὶ
2518 1605 2626 1675 πρὸ
2659 1604 2852 1656 τούτου
2895 1601 3297 1673 φιλανθρώπως
3334 1601 3643 1672 ἐχρήσαντο

1929 1684 2101 1755 αύτῷ,
2158 1685 2344 1756 πολλῷ
2389 1687 2597 1757 μᾶλλον
2644 1686 2762 1740 νῦν.
2820 1686 2929 1740 Καὶ
2966 1686 3437 1754 ἐπιγενομένου,
3481 1686 3642 1755 φησὶ,

1928 1769 2141 1832 νότου,
2198 1770 2530 1839 δευτεραῖοι
2573 1769 2842 1839 ἤλθομεν
2892 1773 2980 1836 είς
3027 1773 3383 1835 Ποτιόλους,
3418 1765 3490 1823 οὗ
3537 1772 3642 1824 εὐ-

1925 1853 2139 1921 ρόντες
2187 1853 2528 1922 ἀδελφοὺς,
2583 1854 3061 1923 παρεκλήθημεν
3111 1854 3206 1906 ἐπ’
3252 1853 3461 1918 αὐτοῖς
3508 1852 3643 1906 ἐπι-

1925 1936 2126 2003 μεῖναι
2182 1937 2410 2007 ὴμέρας
2464 1936 2645 1990 ἑπτά·
2693 1937 2792 1990 καί
2847 1937 3038 2002 οὕτως
3082 1938 3171 2002 εὶς
3217 1935 3335 2003 την
3408 1936 3642 2005 Ῥώμην

1930 2024 2221 2095 ἤλθομεν.
2258 2026 2550 2080 Κάκεῖθεν
2589 2028 2644 2079 οί
2683 2026 2939 2094 ἀδελφοὶ
2974 2026 3364 2091 ἀκούσαντες
3396 2026 3469 2077 τὰ
3502 2025 3639 2091 περὶ

1931 2113 2131 2183 ἡμῶν,
2159 2113 2431 2181 ἐξῆλθον
2454 2117 2545 2181 είς
2576 2113 2928 2182 ἀπάντησιν
2970 2113 3120 2182 ἡμῖν
3145 2112 3324 2183 ἄχρις
3382 2112 3641 2166 Ἀππίου

1930 2203 2122 2269 φόρου
2179 2202 2280 2255 καί
2347 2201 2530 2268 Τριῶν
2584 2200 2911 2269 ταϐερνῶν.
2978 2202 3102 2253 Ὅτι
3162 2200 3498 2270 φοϐηθέντες
3548 2200 3641 2251 τὸν

1930 2288 2176 2341 κίνδυνον
2195 2288 2440 2356 ἐξῆλθον,
2463 2290 2554 2341 καὶ
2578 2290 2753 2341 ταῦτα
2778 2289 2942 2342 ἱκανά
2962 2288 3207 2351 ἐκείνους
3233 2287 3639 2341 πιστώσασθαι.

1931 2377 2077 2447 Ὅρα
2125 2377 2243 2438 πῶς
2276 2378 2517 2448 οὐδαμοῦ
2566 2379 2719 2432 πόλει
2760 2378 3075 2449 παρέϐαλον
3113 2380 3171 2429 ἐν
3218 2376 3463 2446 τοσούτῳ
3500 2376 3637 2447 πλῷ,

1930 2466 2067 2519 ἀλλὰ
2097 2468 2266 2536 νήσῳ,
2300 2466 2510 2519 καὶτὸν
2538 2468 2787 2539 χειμῶνα
2821 2467 3117 2537 ὀλόκληρον
3149 2466 3415 2536 διήγαγον
3451 2465 3644 2518 πλέον⁶

1930 2571 2046 2618 τες,
2099 2555 2331 2607 ἐκείνων
2370 2553 2794 2625 ῥυθμιζομένων
2847 2557 2929 2617 εἰς
2967 2556 3069 2624 τὴν
3106 2553 3291 2606 πίστιν
3339 2553 3450 2605 τῶν
3504 2570 3646 2623 συμ-

1932 2640 2311 2705 πλευσάντων,
2342 2640 2511 2709 λέγω.
2555 2642 2899 2712 Ἐπετράπη,
2939 2642 3095 2711 φησὶ,
3131 2642 3317 2711 μένειν
3348 2641 3471 2694 καθ’
3509 2641 3641 2693 ἐαυ-

1929 2729 2021 2780 τὸν
2048 2729 2146 2782 σὺν
2178 2728 2254 2799 τῷ
2285 2728 2620 2797 φυλάσσοντι
2651 2730 2816 2782 αὑτὸν
2840 2728 3174 2800 στρατιώτῃ.
3201 2729 3366 2782 Μάλα
3387 2729 3637 2795 εἰκότως,

1930 2815 2074 2868 ῶστε
2114 2817 2187 2885 μὴ
2224 2816 2425 2880 ἐξεῖναι
2465 2816 2603 2887 μηδέ
2650 2820 2770 2870 ἐκεῖ
2799 2817 3099 2886 ἐπιϐουλήν
3128 2834 3252 2869 τινα
3299 2816 3461 2869 αὑτὸν
3499 2817 3632 2869 ὑπο-

1933 2907 2146 2973 στῆναι·
2178 2904 2240 2955 ού
2267 2903 2378 2973 γάρ
2407 2905 2535 2973 ἐνῆν
2558 2905 2849 2957 στασιάσαι
2880 2904 3090 2957 λοιπόν.
3114 2905 3279 2957 Ὥστε
3306 2905 3406 2958 οὐκ
3433 2906 3644 2958 ἐκεῖνον

1931 2991 2242 3059 ἐφύλασσεν
2264 3032 2278 3055 ,
2312 2992 2428 3044 ἀλλ’
2465 2992 2609 3045 ὥστε
2648 2994 2723 3062 μὴ
2774 2992 3035 3059 γενέσθαι
3084 3009 3137 3045 τι
3170 2994 3280 3045 τῶν
3312 2992 3495 3063 ἀηδῶν
3516 3010 3529 3023 ·
3579 2994 3641 3047 οὐ

1930 3082 2040 3148 7&9
2066 3078 2193 3148 ἐξῆν
2222 3079 2408 3132 λοιπὸν
2435 3080 2529 3133 καὶ
2566 3080 2776 3142 πόλεως
2815 3080 2983 3149 οῦσης
3015 3084 3311 3151 τοσαύτης,
3345 3081 3446 3133 καῖ·
3480 3080 3642 3151 βασυ-

1931 3168 2068 3229 λέως
2099 3169 2253 3230 ὄντος
2276 3210 2290 3230 ,
2326 3168 2424 3220 καὶ
2463 3168 2707 3236 ἐφέσεως
2740 3168 2945 3239 ούσης,
2980 3156 3324 3235 γενέσθαιτι
3356 3169 3509 3239 παρά
3542 3169 3642 3240 τὴν

1933 3250 2276 3303 ἀκολουθίαν.
2330 3249 2520 3312 υῦτως
2562 3251 2649 3303 ἀεὶ
2698 3251 2786 3304 διά
2830 3252 2940 3303 τῶν
2980 3251 3282 3304 δοκούντων
3327 3248 3467 3305 εἶναι
3516 3252 3641 3305 καθ’

1932 3337 2129 3407 ἡμῶν,
2160 3339 2303 3407 ὑπὲρ
2352 3336 2510 3407 ἡμῶν
2560 3338 2740 3390 πάντα
2779 3338 3011 3406 γίνεται·
3057 3338 3237 3406 φύλαξ
3273 3338 3381 3409 7&9
3428 3336 3496 3411 ἢν
3543 3338 3641 3392 τοῦ

1936 3426 2173 3478 Παύλου.
2212 3426 2327 3489 Καὶ,
2356 3425 2704 3493 συγκαλέσας
2737 3426 2865 3488 τοὺς
2900 3426 3151 3495 πρώτους
3182 3426 3293 3478 τῶν
3338 3426 3640 3487 Ἰουδαίων,

1934 3512 2246 3579 διαλέγεται
2290 3512 2514 3575 αὐτοῖς·
2557 3512 2608 3565 οἳ
2653 3514 2746 3565 καὶ
2788 3512 3169 3580 ἀντιλέγοντες
3194 3524 3215 3550 ε
3258 3512 3639 3583 ἀναχωροῦσι,

1936 3599 2033 3653 καὶ
2063 3599 2381 3670 ὑϐρίζονται
2414 3600 2543 3668 παρ’
2583 3598 2774 3662 αὑτοῦ,
2812 3600 2909 3651 καὶ
2941 3599 3094 3652 οὐδὲν
3124 3600 3405 3671 τολμῶσιν
3440 3602 3640 3653 εἰπεῖν·

1935 3694 1997 3746 ού
2031 3692 2140 3762 7&9
2172 3690 2326 3763 [408]
2356 3694 2424 3763 τῇ
2462 3691 2685 3762 ἐξουσίᾳ
2731 3690 2915 3743 αὐτῶν
2968 3690 3312 3761 ἐπετρέπετο
3356 3691 3546 3743 λοιπὸν
3577 3690 3648 3745 τὰ

1938 3780 2060 3834 κατ’
2088 3780 2276 3833 αὐτόν.
2315 3778 2390 3832 Τὸ
2431 3777 2542 3851 7&9
2574 3778 2891 3849 θαυμαστὸν
2922 3778 3082 3830 τοῦτό
3116 3780 3289 3842 ἐστιν,
3323 3779 3407 3831 ὅτι
3451 3780 3513 3831 οὐ
3557 3779 3648 3832 διά

1938 3867 2047 3921 τῶν
2074 3866 2380 3920 δοκούντων
2412 3862 2553 3919 εἶναι
2584 3866 2725 3937 πρὸς
2755 3866 3083 3935 ἀσφάλειαν,
3115 3866 3252 3919 ἀλλά
3290 3868 3380 3920 καὶ
3414 3868 3504 3921 διὰ
3536 3868 3647 3921 τῶν

1938 3954 2199 4007 ἐναντίων
2256 3955 2438 4008 πάντα
2482 3954 2626 4024 ὑπὲρ
2667 3952 2824 4024 ἡμῶν
2870 3953 3105 4022 γίνεται.
3150 3956 3263 4009 Καὶ
3309 3955 3400 4009 ἵνα
3442 3957 3647 4028 μάθῃς,

1940 4042 2135 4096 σκόπει
2171 4041 2448 4095 ἐντεῦθεν.
2490 4042 2811 4094 Ἐκέλευσεν
2840 4042 2867 4092 6
2894 4040 3098 4112 Φαραὼ
3132 4042 3425 4113 ῥίπτεσθαι
3453 4046 3532 4106 εἰς
3556 4045 3648 4097 τὸν

1940 4131 2188 4201 ποταμὸν
2229 4130 2299 4183 τὰ
2328 4129 2527 4201 βρέφη.
2574 4131 2637 4182 Εἰ
2675 4130 2753 4199 μὴ
2794 4130 2997 4200 ἐρῤίφη
3044 4130 3113 4182 τά
3153 4130 3367 4201 βρέφη,
3404 4134 3453 4184 εἰ
3497 4132 3572 4202 μὴ
3612 4134 3648 4203 ἡ

1946 4220 2246 4291 πρόσταξις
2274 4220 2367 4273 τοῦ
2396 4220 2596 4288 Φαραὼ
2624 4220 2846 4287 ἐγένετο
2872 4219 2919 4285 ³,
2949 4221 3051 4273 οὐκ
3078 4221 3143 4273 ἂν
3168 4219 3350 4289 ἐσώθη
3378 4222 3646 4290 Μωῦσῆς,

1940 4310 2041 4362 οὐκ
2075 4309 2139 4362 ἂν
2171 4312 2226 4360 ἐν
2262 4308 2559 4376 βασιλείοις
2593 4308 2828 4379 ἐτράφη.
2876 4308 3010 4361 Ὅτε
3050 4308 3309 4372 ἐσώζετο,
3345 4311 3447 4362 οὐκ
3481 4306 3550 4380 ἦν
3590 4312 3649 4362 ἐν

1938 4400 2096 4467 τιμῇ·
2132 4397 2219 4449 ὅτε
2243 4396 2493 4465 ἐξετέθη,
2516 4394 2641 4448 τότε
2664 4395 2886 4463 ἐγένετο
2914 4398 2972 4449 ἐν
3000 4399 3160 4467 τιμῇ.
3191 4397 3364 4451 Τοῦτο
3386 4398 3442 4451 δέ
3470 4398 3650 4454 ἐποίει

1939 4488 1969 4539 ὁ
1989 4485 2142 4549 Θεὸς,
2170 4485 2231 4538 τὸ
2256 4483 2492 4556 εὔπορον
2524 4485 2691 4538 αὑτοῦ
2720 4484 2939 4548 δεικνὺς
2968 4488 3061 4539 καὶ
3087 4486 3420 4558 εὐμήχανον.
3463 4489 3652 4541 Ἠπεί-

1938 4574 2105 4645 λησεν
2156 4571 2309 4643 αὐτῷ
2357 4575 2385 4625 6
2442 4573 2700 4637 Ἰουδαῖος
2744 4573 2958 4641 λέγων·
3010 4574 3107 4643 Μὴ
3151 4574 3400 4629 ἀνελεῖν
3444 4592 3523 4646 με
3565 4579 3650 4632 σὺ

1942 4662 2175 4726 θέλεις;
2205 4661 2301 4714 καὶ
2330 4660 2490 4714 τοῦτο
2524 4660 2688 4715 αὐτὸν
2715 4661 2948 4732 ὤνησεν.
2987 4664 3134 4734 ’Ἄρα
3162 4663 3529 4733 οἰκονομικῶς
3553 4667 3650 4733 γέ-

1941 4768 2120 4819 γονεν,
2172 4748 2316 4802 ὥστε
2360 4749 2460 4817 τὴν
2508 4750 2632 4819 ϐψιν
2679 4750 2844 4803 αὐτὸν
2890 4751 3110 4821 ἐκείνην
3156 4751 3286 4804 ἰδεῖν
3325 4752 3423 4823 τὴν
3474 4754 3533 4805 ἐν
3581 4757 3647 4825 τῇ

1942 4839 2159 4908 ἐρήμῳ,
2186 4836 2329 4889 ῶστε
2357 4836 2448 4890 τὸν
2479 4840 2832 4908 προσήκοντα
2857 4840 3052 4909 χρόνον
3081 4838 3469 4909 πληρωθῆναι,
3502 4839 3650 4893 ὥστε

1942 4927 2107 4980 αὑτὸν
2151 4925 2593 4995 ἐμφιλοσοφῆσαι
2624 4930 2690 4997 τῇ
2727 4928 2942 4998 ἐρήμῳ,
2980 4927 3076 4980 καὶ
3113 4929 3173 4980 ἐν
3204 4929 3480 5001 ἀσφαλείᾳ
3524 4930 3648 5001 ζῇν.

1945 5014 2055 5067 Καὶ
2083 5015 2140 5066 ἐν
2169 5013 2375 5077 πάσαις
2396 5016 2515 5076 ταῖς
2542 5014 2662 5066 κατ’
2695 5014 2860 5066 αὑτοῦ
2889 5014 3001 5067 τῶν
3035 5013 3309 5069 Ἰουδαίων
3329 5016 3651 5081 ἐπιϐουλαῖς

1942 5102 2139 5156 ταυτὸν
2171 5102 2406 5171 γίνεται·
2451 5102 2573 5154 τότε
2609 5101 2999 5172 λαμπρότερος
3028 5102 3380 5169 καθίσταται,
3413 5098 3525 5158 οἷον
3550 5106 3649 5159 καὶ
3738 5140 3761 5181 η,

1942 5192 2037 5244 ἐπὶ
2066 5190 2161 5243 τοῦ
2208 5190 2423 5259 Ἀαρών
2449 5204 2461 5217 ⁸
2498 5190 2883 5259 ἐπανέστησαν
2909 5189 3061 5259 αὐτῷ
3080 5230 3095 5254 ,
3126 5190 3224 5243 καὶ
3258 5190 3648 5263 λαμπρότερον

1942 5276 2105 5331 αὑτὸν
2146 5276 2443 5344 ἐποίησαν·
2487 5273 2740 5327 ἐντεῦθεν
2781 5274 2891 5345 γὰρ
2924 5273 3075 5345 αὑτῷ
3122 5275 3219 5327 καὶ
3271 5275 3333 5327 τὸ
3371 5276 3651 5347 ἱερατικὸν

1945 5363 2283 5418 ποικίλλεται
2322 5362 2550 5432 ἔνδυμα,
2592 5362 2689 5414 καὶ⁵
2732 5363 2764 5431 ή
2807 5361 3025 5433 κίδαρις
3057 5362 3439 5434 περιτίθεται,
3488 5363 3585 5417 καὶ
3622 5367 3653 5418 6

1942 5452 2129 5514 λοιπὸς
2162 5452 2258 5520 τῆς
2286 5450 2483 5520 στολῆς
2512 5450 2739 5520 κόσμος,
2770 5448 2914 5502 ῶστε
2936 5450 3431 5521 ἀναμφισϐήτητον
3457 5462 3479 5490 ο
3506 5447 3650 5505 εἶναι

1943 5541 2045 5612 τὴν
2076 5540 2441 5611 χειροτονίαν,
2464 5538 2609 5592 ὥστε
2636 5539 2732 5591 καὶ
2754 5540 2835 5602 είς
2865 5538 2927 5592 τὸ
2959 5538 3084 5609 ἐξῆς
3118 5538 3506 5610 θαυμάζεσθαι
3538 5540 3652 5594 ἀπὸ

1944 5630 2053 5681 τῶν
2083 5628 2335 5682 πετάλων
2360 5627 2455 5680 τοῦ
2485 5626 2710 5697 χαλκοῦ.
2738 5629 2883 5680 Ἰστε
2907 5628 3126 5692 πάντως
3147 5628 3247 5699 τὴν
3274 5628 3540 5700 ἰστορίαν·
3568 5628 3653 5683 διὸ

1944 5720 2041 5772 καὶ
2088 5718 2423 5790 παρατρέχω
2469 5717 2531 5769 τὸ
2567 5718 2835 5787 διήγημα.
2899 5718 3010 5772 Καὶ
3059 5718 3109 5770 εί
3159 5716 3437 5787 βούλεσθε,
3481 5718 3652 5775 πάλιν

2015 5882 2028 5919 ι
2066 5861 2245 5918 Verba,
2273 5863 2355 5909 καὶ
2382 5861 2523 5907 πάλιν
2569 5860 2881 5917 σπεύδοντας.
2932 5862 3077 5913 nobis
3120 5864 3373 5913 dederunt
3414 5864 3571 5913 Savil.
3596 5861 3655 5919 3!-

1951 5916 2057 5973 περ,
2104 5916 2389 5973 ωδε.Ἐοιτ.
2463 5926 2483 5951 ε
2512 5922 2813 5987 Μοτριμκαὶ
2852 5916 3092 5987 λέγοντες.
3163 5924 3189 5964 d
3218 5925 3361 5976 Multi
3397 5926 3581 5984 verbis,
3609 5916 3652 5966 ιι

1952 5989 2099 6055 μὴ
2116 5987 2342 6055 ἐγένετοη
2369 5992 2558 6055 ρει-ειη.
2586 6046 2589 6051 _
2634 5997 2657 6023 θ
2696 5984 2835 6055 Ullus
2860 5984 3005 6037 αὐτὸν
3026 5987 3279 6051 ἐποίησαν,
3302 5991 3432 6039 ὥστε
3450 5990 3654 6051 ἐναμφιο

1957 6050 2218 6107 σϐήτητον,
2245 6049 2441 6097 omissis
2468 6049 2803 6096 intermeans.
