4120 6334
572 437 678 491 877

567 545 770 599 ἀνωθεν
793 545 859 597 τά
879 544 1014 598 αύτά
1034 543 1367 613 ἐπέλθωμεν.
1399 546 1458 599 Ὀ
1476 545 1614 599 Καῒν
1638 546 1726 597 τὸν
1748 544 1973 614 ἀδελφὸν
1994 543 2218 605 ἀνεῖλεν,

567 641 702 695 ἀλλά
753 643 919 711 ταύτῃ
974 641 1171 710 μᾶλλον
1209 641 1505 708 ὠφέλησεν·
1552 641 1780 694 ἄκουσον
1812 639 1922 710 γάρ
1958 639 2010 692 τί
2053 653 2218 703 cano"

567 738 737 803 Φωνὴ
771 739 1011 806 αἵματος
1044 738 1149 792 τοῦ
1187 737 1451 806 ἀδελφοῦ
1493 754 1610 792 σου
1643 735 1764 804 ,ϐοᾷ
1804 743 1947 804 πρός
1987 749 2094 804 με·
2133 736 2222 788 καὶ

568 835 727 889 πάλιν
750 835 1004 905 ἀλλαχοῦ,
1034 838 1261 905 Hyan,
1285 837 1436 905 φησὶ,
1470 835 1739 902 κρεῖττον
1756 833 2046 888 λαλοῦντι
2067 833 2225 898 παρὰ

567 929 674 982 τὸν
707 931 905 984 Ἅϐελ.
950 929 1278 998 Ἀπήλλαξεν
1307 930 1467 983 αὐτὸν
1493 930 1592 1000 τῆς
1620 928 1841 999 ἀδηλίας
1871 926 1965 980 τοῦ
2002 927 2222 997 μέλλον-

564 1039 677 1086 τος,
705 1024 796 1076 τὸν
826 1024 1018 1096 μισθὸν
1045 1024 1245 1095 ηῦξησε
1271 1042 1284 1056 ’
1319 1025 1417 1094 τὴν
1445 1024 1668 1093 ἀγάπην
1699 1025 1972 1094 ἐμάθομεν
2000 1022 2221 1084 πάντες,

561 1116 630 1186 ἢν
658 1119 688 1170 6
709 1118 836 1181 Θεὸς,
869 1130 992 1188 εσχε
1023 1119 1156 1188 πρὸς
1180 1119 1362 1173 αὐτόν.
1397 1120 1462 1172 Τί
1491 1121 1601 1190 γὰρ
1631 1120 1902 1190 ἠδίκηται,
1932 1117 2224 1186 δεξάμενος

561 1210 749 1281 τάχιον
770 1213 866 1283 τὴν
887 1214 1170 1285 τελευτήνς
1195 1214 1358 1268 Οὐδέν
1379 1232 1390 1244 ·
1425 1215 1480 1268 τί
1504 1215 1632 1286 γάρ,
1655 1215 1774 1267 είπέ
1801 1232 1908 1284 μοι,
1935 1217 1981 1266 οί
2009 1213 2222 1283 βράδιον

561 1306 915 1370 τελευτῶντες
948 1309 1354 1379 κερδαίνουσιν;
1400 1309 1564 1362 Οὐδέν
1591 1326 1604 1339 ·
1646 1310 1766 1362 οὐδὲ
1811 1309 1918 1380 γάρ
1967 1307 2117 1378 παρά
2161 1306 2222 1358 :6

561 1400 729 1454 πολλά
770 1401 867 1472 ζῇν
913 1402 1067 1472 ἐτηῆ
1108 1402 1263 1470 όλίγα
1297 1405 1330 1474 ὴ
1369 1403 1656 1474 εύημερία,
1689 1404 1826 1456 ἀλλά
1868 1402 2017 1474 παρά
2053 1402 2112 1455 :6
2142 1404 2222 1466 είς

559 1493 674 1546 δέον
720 1495 1018 1564 κεχρῆσθαι
1048 1499 1114 1567 τῇ
1148 1497 1283 1568 ζωῇ.
1325 1499 1391 1550 οί
1435 1501 1582 1568 τρεῖς
1619 1499 1812 1560 παῖδες
1856 1495 2222 1567 ἐνεϐλήθησαν

561 1589 640 1649 είς
676 1589 932 1656 κάμινον,
968 1594 1059 1644 καὶ
1091 1592 1179 1645 διά
1223 1592 1412 1645 τούτου
1461 1594 1715 1660 γεγόνασι
1759 1593 2158 1662 λαμπρότεροι·
2191 1592 2219 1644 6

560 1681 754 1749 Δανιὴλ
825 1684 903 1745 είς
975 1684 1214 1748 λάκκον,
1279 1687 1372 1739 καὶ
1431 1686 1680 1740 ἐντεῦθεν
1761 1688 2217 1756 περιφανέστερος

562 1775 820 1844 κατέστη.

627 1914 697 1974 γ’.
727 1909 890 1980 Ὁρᾷς
909 1911 1182 1981 πανταχοῦ
1203 1914 1327 1976 τοὺς
1349 1916 1682 1985 πειρασμοίις
1707 1916 1915 1984 μεγάλα
1937 1915 2217 1977 τίκτοντας

557 2001 734 2070 ἀγαθά
780 2007 872 2059 καὶ
901 2007 1164 2071 ἐνταῦθα,
1201 2010 1331 2078 μήτι
1363 2026 1427 2077 γε
1462 2010 1606 2063 ἐκεί·
1653 2012 1744 2063 ἐπὶ
1782 2011 1840 2064 δέ
1877 2015 1976 2081 τῆς
2021 2013 2216 2075 κακίας

553 2099 749 2150 ταυτὸν
775 2099 981 2166 γίνεται
1001 2141 1014 2162 ,
1045 2095 1155 2156 οἷον
1183 2103 1250 2155 ἂν
1278 2105 1332 2156 εί
1357 2121 1440 2166 τις
1475 2104 1720 2173 κάλαμον
1754 2105 1892 2176 ἔχων
1931 2107 2212 2176 παρατάτ-

552 2206 696 2244 τοιτο
724 2193 859 2262 πρὸς
891 2195 1022 2263 πῦρ·
1057 2197 1085 2248 6
1126 2197 1235 2265 γὰρ
1270 2197 1507 2260 τοιοῦτος
1538 2200 1683 2251 δοκεῖ
1721 2200 1818 2268 μὲν
1855 2199 2112 2276 πλήττειν
2154 2201 2214 2254 :6

552 2283 684 2357 πῦρ,
711 2288 840 2341 αὐτὸ
865 2289 922 2341 δὲ
950 2291 1328 2362 λαμπρότερον
1358 2298 1520 2357 ποιεῖ,
1559 2295 1652 2347 καὶ
1686 2295 1875 2349 ἐαυτὸν
1908 2297 2210 2351 ἀναλίσκει.

554 2380 564 2388 ’
601 2383 737 2450 ροφὴ
768 2383 876 2452 γὰρ
904 2384 1110 2452 γίνεται
1137 2390 1169 2456 ή
1205 2388 1372 2440 κακία
1440 2390 1529 2441 καὶ
1558 2389 1810 2454 ὑπόθεσις
1833 2390 2214 2462 λαμπρότητος

549 2477 618 2542 τῇ
648 2475 836 2546 ἀρετῇ·
861 2480 925 2546 τῇ
954 2478 1059 2548 γάρ
1089 2481 1270 2550 ἀδικίᾳ
1295 2483 1372 2543 εἰς
1391 2481 1506 2534 δέον
1531 2483 1620 2534 τοῦ
1651 2484 1786 2536 Θεοῦ
1807 2486 2110 2555 χρωμένου,
2142 2487 2210 2538 τά

573 2566 791 2636 ,μέτερα
821 2569 1021 2639 λάμπει
1055 2573 1274 2641 μᾶλλον.
1303 2575 1467 2627 Πάλιν
1494 2578 1520 2628 6
1549 2577 1793 2641 διάϐολος
1819 2580 1944 2631 ὅταν
1975 2580 2211 2650 ἐργάζη-

547 2662 637 2712 ταί
666 2679 716 2713 τι
746 2664 1012 2730 τοιοῦτον,
1047 2668 1458 2740 λαμπροτέρους
1496 2677 1637 2726 ποιεί
1662 2675 1788 2737 τοὺς
1819 2675 2206 2745 ὑπομένοντας.

549 2755 613 2805 Τί
655 2754 780 2821 οὖν,
823 2761 1021 2828 φησὶν,
1051 2763 1142 2814 ἐπὶ
1176 2763 1272 2816 τοῦ
1330 2765 1501 2835 Ἀδάμ
1539 2767 1599 2819 ού
1638 2768 1829 2835 γέγονε
1869 2771 2044 2834 τοῦτο,
2095 2771 2209 2823 ἀλλ’

547 2849 869 2920 ἀτιμότερος
907 2854 1136 2922 γέγονε;
1175 2859 1424 2912 Μάλιστα
1466 2861 1564 2930 μὲν
1599 2865 1834 2934 κάκείνῳ
1880 2867 1908 2917 6
1955 2866 2084 2930 Θεὸς
2130 2869 2209 2930 εἰς

545 2945 663 2998 δέον
697 2950 967 3020 ἐχρήσατο
989 2971 1001 2982 ·
1038 2957 1084 3006 εί
1111 2955 1166 3009 δέ
1196 2957 1295 3009 πού
1329 2976 1379 3011 τι
1418 2959 1639 3023 ἔπαθεν,
1677 2963 1840 3026 αὐτὸς
1868 2966 2057 3018 ἐαυτὸν
2089 2967 2204 3034 ἡδί-

544 3056 713 3110 κησε·
761 3045 828 3098 τά
883 3049 981 3115 μὲν
1031 3050 1140 3122 γάρ
1199 3052 1328 3123 παρ’
1383 3055 1585 3126 ἐτέρων
1631 3059 1710 3120 εἰς
1757 3061 1906 3129 ἡμᾶς
1947 3062 2205 3130 γινόμενα

546 3137 795 3205 μεγάλων
824 3142 954 3210 ὴμῖν
986 3145 1203 3211 ἀγαθῶν
1231 3148 1377 3200 αῐτια
1417 3150 1655 3216 γίνεται,
1685 3153 1752 3206 τὰ
1784 3155 1841 3206 δὲ
1883 3158 2009 3226 παρ’
2045 3160 2206 3228 ἡμῶν

547 3231 728 3284 αὐτῶν
751 3234 953 3287 οὐκέτι.
993 3238 1209 3309 Ἐπειδὴ
1231 3241 1337 3312 γὰρ
1363 3243 1704 3313 ἀδικούμενοι
1739 3249 1834 3316 μέν
1856 3251 1948 3319 ὑφ’
1978 3251 2201 3323 ἐτέρων,

542 3323 832 3395 ἀλγοῦμεν,
873 3329 975 3380 ὑπὸ
1001 3329 1057 3382 δὲ
1083 3333 1236 3401 ὴμῶν
1263 3336 1442 3388 αὐτῶν
1472 3339 1672 3402 οὐκέτι,
1698 3341 1967 3395 δείκνυσιν
2001 3347 2028 3398 6
2050 3347 2200 3412 Θεὸς,

541 3415 622 3506 δτι
663 3416 691 3466 6
725 3418 821 3485 μὲν
851 3420 980 3489 παρ’
1025 3421 1210 3491 ἐτέρου
1255 3425 1447 3490 ἀδίκως
1483 3430 1725 3500 πάσχων,
1761 3434 2054 3506 εὐδοκιμεῖ,
2090 3441 2117 3492 6
2145 3441 2202 3494 δὲ

546 3504 695 3579 [409]
741 3509 928 3562 ἐαυτὸν
966 3514 1184 3579 ἀδικῶν,
1236 3518 1548 3586 βλάπτεται·
1578 3526 1669 3577 καὶ
1715 3527 1857 3594 μάλα
1901 3504 2122 3594 εἰκότως
2149 3546 2200 3599 ι,

545 3601 630 3697 ῐνα
675 3605 848 3658 ἐκεῖνο
899 3608 998 3676 μὲν
1040 3613 1299 3675 γενναίως
1343 3616 1618 3688 φέρωμεν,
1666 3620 1823 3674 τοῦτο
1869 3624 1923 3676 δὲ
1970 3628 2198 3697 μηκέτι·

540 3694 713 3793 άλλως
741 3715 799 3749 τε
832 3700 890 3751 τὸ
925 3704 1032 3753 πᾶν
1075 3705 1189 3755 ἐκεῖ
1220 3706 1310 3758 τοῦ
1375 3710 1546 3781 ’Λδὰμ
1591 3713 1802 3781 γέγονε.
1856 3719 1952 3769 Διά
1990 3694 2042 3772 τί
2090 3722 2200 3793 γάρ

539 3791 756 3844 ἐπείθου
787 3798 850 3864 τῇ
878 3799 1096 3862 γυναικί
1117 3817 1129 3862 ;
1151 3800 1249 3860 δια
1266 3803 1317 3853 τί
1346 3804 1697 3874 γάρ’ἐναντία
1723 3813 2196 3880 συμϐουλεύουσαν

537 3888 636 3938 οὐκ
663 3889 1014 3958 ἀπεκρούσω;
1055 3895 1125 3946 Σὺ
1158 3896 1370 3960 πάντως
1401 3901 1628 3968 γέγονας
1655 3908 1844 3970 αἴτιος,
1878 3912 2064 3981 ἐπειδὴ
2095 3916 2141 3966 εί
2168 3915 2195 3965 6

537 3979 776 4044 διάϐολος
817 3979 914 4052 ἦν,
944 3985 1047 4037 ἔδει
1089 3990 1226 4041 κατά
1254 3993 1408 4044 τοῦτο
1447 3997 1566 4058 τοὺς
1600 4000 2024 4070 πειραζομένους
2059 4007 2192 4059 πάν·

535 4093 634 4139 τας
659 4079 1006 4134 ἀπόλλυσθαι·
1028 4085 1074 4134 εί
1093 4084 1145 4135 δὲ
1173 4089 1246 4155 μὴ
1269 4089 1615 4155 ἀπόλλυνται,
1649 4098 1778 4166 παρ’
1801 4099 1945 4168 ἡμᾶς
1967 4105 1997 4171 ἡ
2023 4105 2188 4158 αίτία.

547 4172 683 4223 Ἀλλ’
704 4173 830 4235 ἔδει,
851 4178 1000 4246 φησὶ,
1025 4179 1232 4241 πάντας
1260 4187 1383 4247 τοὺς
1417 4190 1841 4260 πειραζομένους
1868 4199 2186 4268 κατορθοῦν,

533 4266 566 4333 ἦ
596 4267 640 4317 εί
661 4271 785 4337 παρ’
805 4271 947 4337 ἡμᾶς
970 4275 1001 4340 ἡ
1026 4275 1190 4335 αἰτία,
1214 4277 1319 4330 ἔδει
1347 4282 1439 4333 καὶ
1463 4286 1628 4352 χωρὶς
1649 4287 1740 4338 τοῦ
1765 4266 2013 4344 διαϐόλου
2033 4266 2189 4348 ἀπόλζ

532 4365 722 4458 λυσθαι
743 4383 756 4428 ;
786 4365 953 4418 Τοῦτο
969 4370 1285 4436 καὶγίνεται
1308 4390 1317 4401 ·
1342 4378 1434 4428 καὶ
1459 4379 1564 4448 γάρ
1588 4383 1771 4435 πολλοὶ
1795 4388 1884 4438 καὶ
1907 4390 2072 4458 χωρὶς
2096 4392 2186 4444 τοῦ

529 4455 771 4509 διαϐόλου
788 4459 1128 4515 ἀπόλλυνται·
1144 4466 1202 4516 ού
1216 4467 1322 4536 γάρ
1335 4469 1397 4537 δὴ
1411 4471 1584 4525 πάντα
1599 4475 1756 4539 αὐτὸς
1771 4455 2182 4548 κατασκευάζει,

529 4550 661 4649 ἀλλὰ
880 4557 967 4606 καὶ
990 4558 1096 4608 ἀπὸ
1131 4561 1297 4630 μόνης
1323 4563 1527 4628 γίνεται
1554 4569 1648 4639 τῆς
1688 4573 1912 4638 νωθείας
1936 4578 2032 4646 τῆς
2059 4581 2185 4649 ἡμε-

527 4642 842 4748 τέραςζείδέ
863 4665 961 4748 που
987 4653 1233 4748 κάκείνος
1253 4658 1440 4720 αἴτιος,
1462 4662 1617 4729 ἡμῶν
1635 4666 1730 4733 τὴν
1748 4668 1917 4737 ἀρχὴν
1931 4642 2185 4748 παρεχόν.

527 4753 651 4791 των.
669 4739 798 4791 Εἰπὲ
815 4743 920 4811 γάρ
936 4761 1044 4811 μοι,
1064 4747 1191 4798 πότε
1209 4752 1234 4801 ό
1253 4750 1493 4817 διάϐολος
1512 4756 1728 4822 ἴσχυσεν
1752 4763 1840 4813 ἐπὶ
1857 4764 1949 4816 τοῦ
1981 4739 2144 4820 Ἰούδα
2163 4788 2176 4834 ;

530 4830 656 4880 Ὀτε
685 4834 920 4902 εἰσῆλθε,
962 4841 1142 4906 φησὶν,
1169 4845 1246 4906 είς
1279 4847 1436 4900 αὐτὸν
1472 4853 1498 4902 6
1523 4851 1781 4916 Σατανᾶς.
1834 4858 1968 4910 Ἀλλ’
2017 4863 2178 4916 ἄκου-

528 4937 618 4971 σον
674 4923 769 4992 τὴν
814 4928 1011 4979 αἰτίαν·
1073 4933 1149 4984 ὅτι
1203 4937 1439 5009 κλέπτης
1491 4940 1577 5013 ἦν,
1621 4951 1713 5000 καὶ
1755 4951 1821 5002 τά
1873 4954 2177 5025 βαλλόμενα

525 5015 841 5079 ἐϐάσταζεν.
892 5025 1058 5087 Αὐτὸς
1103 5029 1298 5083 ἔδωκεν
1337 5038 1483 5107 αὐτῷ
1533 5043 1869 5115 εὐρυχωρίαν
1920 5053 2016 5121 τῆς
2062 5058 2170 5107 εἱσ-

612 5129 672 5214 υ-·
889 5120 982 5214 οὐχ
1021 5123 1046 5172 ό
1091 5125 1331 5192 διάϐολος
1364 5132 1461 5201 τὴν
1494 5136 1666 5206 ἀρχὴν
1711 5113 2008 5214 ἐντίθησιν,
2059 5153 2174 5204 ἀλλ’

523 5205 680 5272 ἡμεῖς
711 5209 868 5314 αῦτὸν
883 5213 1160 5314 ,δεχόμεθα
1192 5225 1284 5275 καὶ
1322 5228 1610 5298 καλοῦμεν.
1661 5236 1798 5287 Ἀλλ’
1833 5205 1892 5292 εί.
1924 5205 1999 5314 μὴ
2030 5249 2172 5300 ἐκεῖ·

522 5314 628 5395 νας,
660 5304 838 5369 φησὶν,
879 5303 964 5376 ἦν,
1004 5311 1099 5364 οὑκ
1134 5315 1197 5367 ἂν
1229 5321 1434 5385 μεγάλα
1465 5326 1678 5391 ἐγένετο
1719 5332 1784 5384 τά
1819 5303 1996 5391 δεινά..
2035 5341 2171 5395 Ἀλλ’

521 5391 886 5506 ἀπαραίτητος
918 5406 1044 5473 ἡμῖν
1065 5408 1285 5478 ἔμελλεν
1306 5411 1440 5469 εἶναι
1466 5422 1496 5489 ἡ
1526 5423 1766 5488 κόλασις·
1795 5429 1888 5482 νῦν
1914 5434 2011 5499 μὲν

519 5490 788 5592 αγαπητὲ,
821 5498 882 5546 τά
921 5499 1019 5567 τῆς
1063 5505 1333 5572 κολάσεως
1366 5515 1494 5582 ἡμῖν
1531 5520 1884 5592 ἡμερώτερα,
1931 5531 1977 5580 εί
2007 5531 2059 5582 δὲ
2102 5490 2168 5585 δι’

517 5579 735 5690 εἰοιυτιῖη)⁹
760 5587 1119 5690 είργαζόμεθα
1147 5602 1212 5652 τά
1241 5579 1414 5670 δεινὰν,
1440 5579 1707 5682 ἀφόρητος
1840 5579 1883 5689 ἡ,
1902 5579 2160 5690 τιμωρία..

519 5671 778 5786 ἓίπὶγάρ
804 5698 911 5750 μοι,
937 5688 982 5738 εί
1008 5691 1193 5757 ταῦτα,
1218 5697 1250 5747 ἂ
1279 5671 1521 5771 ἥμαρτεν
1605 5671 1797 5780 ζΑδνᾶιμί,

613 5771 668 5784 ‘-
1323 5766 1330 5768 _
1401 5766 1411 5771 ,
1740 5766 1749 5780 ι
1788 5766 1796 5774 '
1829 5766 1858 5782 I~
1913 5766 1995 5786 Γ⁷⁷
2034 5766 2135 5788 ’-Ι-η

518 5766 705 5842 ϐουλης
751 5778 981 5850 ἥμαρτε,
1016 5789 1093 5851 τίς
1130 5792 1287 5845 αὑτὸν
1323 5797 1384 5848 ἂν
1417 5801 1687 5870 ἐξήρπασε
1723 5809 1826 5860 τῶν
1869 5814 2160 5879 κινδύνωνς

581 5952 603 5978 ⁸
634 5953 761 6012 Hac.
783 5964 856 6008 καὶ
881 5966 1001 6025 μάλα
1023 5973 1213 6029 εἰκότως
1239 5984 1286 6025 cl
1313 5993 1417 6029 mox
1450 5985 1560 6036 ἐκεῖ,
1585 5987 1761 6040 desunt
1805 6008 1847 6042 ιη
1885 6010 1983 6046 nuo

1278 432 1333 487 S.
1370 432 1652 488 JOANNIS
1688 429 2166 488 CIIRYSOSTOMI
2203 430 2521 491 Αιιςιιιερ.
2561 433 3102 492 (ἸΟΝΞΤᾹΝΤΙΝΟΡ.

3880 425 3987 480 378

2341 546 2478 599 Ἀλλ’
2510 549 2608 600 οὐκ
2643 549 2706 600 ἂν
2734 551 2971 619 ἥμαρτε,
2999 549 3150 619 φησί.
3177 546 3342 600 Πόθεν
3374 563 3462 616 μοι
3488 546 3646 599 τοῦτο
3673 543 3882 615 λέγειςς
3924 546 3987 598 '0

2326 641 2436 711 γὰρ
2459 643 2600 698 οὕτω
2627 643 2822 713 χαῦνος
2852 645 2946 697 καὶ
2973 644 3213 715 ῥᾴθυμος
3237 643 3331 696 καὶ
3361 643 3493 713 πρὸς
3519 643 3704 696 ἄνοιαν
3734 643 3984 712 ἕτοιμος,

2324 737 2462 790 ὥστε
2492 738 2744 802 δέξασθαι
2774 741 3032 808 τοιαύτην
3062 739 3364 810 συμϐουλὴν
3389 775 3403 799 ,
3431 737 3612 806 πολλῷ
3644 736 3840 806 μᾶλλον
3887 746 3989 790 καὶ

2321 832 2488 902 χωρὶς
2521 833 2709 885 τούτου
2735 833 2894 886 τοῦτο
2921 835 3142 900 γέγονεν
3171 834 3256 888 ἀν.
3285 835 3442 895 Ποϊος
3463 831 3706 892 διάϐολος
3735 834 3859 896 τοὺς
3884 831 3984 885 τοῦ

2333 929 2528 998 Ἰωσὴφ
2564 928 2823 997 ἀδελφοὺς
2876 931 2956 990 είς
3004 927 3198 996 φθόνον
3247 927 3530 991 ἐνέϐαλεν;
3573 930 3670 979 Ἂν
3720 931 3986 999 νήφωμεδ

2319 1023 2520 1091 τοίνυν,
2551 1025 2846 1094 ἀγαπητοὶ,
2881 1025 2973 1077 καὶ
3014 1024 3414 1093 εὐδοκιμήσεως
3443 1025 3572 1092 ὴμῖν
3601 1023 3768 1086 αἴτιος
3802 1027 3831 1077 6
3861 1025 3983 1076 διά-

2320 1115 2476 1179 ϐολος
2499 1118 2731 1184 γίνεται.
2759 1117 2824 1169 Τί
2853 1117 2962 1186 γὰρ
2986 1115 3182 1184 ἔϐλαψε
3207 1116 3298 1168 τὸν
3342 1116 3462 1168 Ἰὼϐ
3489 1119 3521 1185 ὴ
3547 1116 3777 1186 τοσαύτη
3810 1117 3982 1169 αὐτοῦ

2321 1213 2534 1281 μηχανή
2560 1211 2620 1274 δ;
2651 1212 2741 1281 Μὴ
2774 1214 2952 1282 εἴπῃς,
2984 1211 3137 1280 φησὶ,
3170 1209 3346 1274 τοῦτο,
3374 1211 3487 1262 ἀλλ’
3520 1213 3548 1262 ὁ
3583 1211 3810 1280 ἀσθενὴς
3845 1210 3978 1280 βλά-

2319 1325 2533 1362 πτεται.
2576 1309 2714 1361 Ἀλλ’
2744 1310 2771 1360 6
2791 1308 3041 1377 ἀσθενὴς,
3071 1307 3172 1361 κᾶν
3204 1305 3280 1377 μὴ
3303 1305 3548 1369 διάϐολος
3569 1303 3624 1376 ᾖ,
3655 1307 3982 1376 βλάπτεται.

2331 1401 2490 1456 ’Λλλά
2545 1403 2842 1474 μειζόνως,
2879 1403 3046 1474 φησὶ,
3095 1403 3230 1473 μετὰ
3284 1403 3374 1472 τῆς
3422 1402 3630 1455 ἐκείνου
3676 1401 3981 1472 ἐνεργείας.

2329 1499 2466 1551 Ἀλλ’
2493 1497 2731 1561 ἔλαττον,
2760 1499 2886 1551 ὅταν
2919 1497 3055 1567 μετά
3080 1499 3178 1569 τῆς
3203 1497 3407 1550 ἐκείνου
3428 1497 3707 1567 ἐνεργείας
3731 1498 3978 1568 ἁμάρτῃ,

2314 1593 2620 1656 κολάζεται·
2654 1595 2713 1646 ού
2753 1593 2860 1664 γὰρ
2893 1594 3107 1647 πάντων
3135 1594 3244 1645 τῶν
3277 1593 3688 1663 ἁμαρτημάτων
3719 1594 3774 1644 αἱ
3811 1594 3982 1646 αὑταὶ

2311 1688 2591 1759 τιμωρίαι.
2624 1688 2708 1759 Μὴ
2734 1687 3028 1757 ἀπατῶμεν
3050 1687 3274 1750 ἑαυτούς
3294 1705 3306 1718 ·
3343 1689 3441 1740 ούκ
3469 1688 3616 1740 ἐστιν
3641 1690 3770 1757 ἡμῖν
3805 1688 3832 1739 6
3856 1687 3978 1742 διάο

2312 1785 2465 1848 ϐολος
2500 1786 2691 1849 αἴτιος,
2735 1785 2829 1838 ἐὰν
2869 1787 3157 1855 νήφωμεν·
3195 1785 3399 1847 ἐκεῖνος
3447 1784 3593 1853 ἡμᾶς
3629 1784 3830 1853 μᾶλλον
3867 1785 3980 1854 ἀφ-

2313 1881 2549 1944 υπνίζει,
2587 1885 2794 1946 ἐκεῖνος
2841 1883 2985 1953 ἡμᾶς
3033 1882 3305 1952 διεγείρει.
3342 1881 3476 1934 Εἰπὲ
3516 1882 3625 1952 γάρ
3676 1899 3764 1950 μοι
3798 1880 3980 1950 (τέως

2310 1978 2484 2030 ταῦτα
2516 1977 2907 2047 ἐξετάσωμεν),
2939 1979 3014 2049 μὴ
3048 1977 3186 2031 ἔστω
3215 1977 3396 2048 θηρία,
3429 1975 3504 2048 μὴ
3525 1976 3661 2030 ἐστω
3689 1977 3977 2047 ἀνωμαλία

2310 2073 2509 2142 ἀέρων,
2546 2074 2621 2143 μὴ
2651 2073 2825 2135 νόσος,
2871 2073 2944 2144 μὴ
2978 2073 3169 2136 λῦπαι,
3207 2072 3280 2144 μὴ
3313 2072 3563 2144 ἀθυμίαι,
3595 2073 3670 2144 μὴ
3705 2072 3895 2143 ’ἕτερόν
3923 2090 3976 2125 τι

2307 2167 2416 2220 τῶν
2463 2168 2738 2220 τοιούτων·
2777 2169 2831 2220 τί
2861 2169 2960 2221 οὐκ
2996 2167 3063 2222 ἂν
3103 2169 3322 2236 ἐγένετο
3360 2168 3390 2221 6
3421 2167 3742 2240 ἀνθρωποςς
3778 2169 3979 2240 Χοίρος

2312 2264 2512 2334 μᾶλλον
2551 2266 2583 2335 ἢ
2628 2264 2932 2336 ἄνθρωπος,
2961 2263 3102 2320 δοκῶ
3138 2280 3251 2335 μοι,
3284 2265 3505 2333 γέγονεν
3542 2265 3609 2318 ἂν
3630 2305 3644 2329 ,
3677 2263 3978 2335 γαστριζό-

2313 2377 2470 2430 μενος
2509 2363 2601 2413 καὶ
2642 2360 2877 2427 μεθύων,
2909 2362 3003 2415 καὶ
3033 2361 3138 2414 ὑπὸ
3169 2360 3396 2430 μηδενὸς
3421 2360 3624 2414 τούτων
3650 2359 3978 2429 ἐνοχλούμε-

2307 2472 2413 2518 νος.
2445 2455 2558 2508 Νῦν
2590 2456 2646 2510 δέ
2674 2458 2731 2511 αί
2757 2457 3035 2528 φροντίδες
3055 2457 3146 2511 καί
3170 2459 3226 2511 αί
3255 2457 3518 2528 μέριμναι
3539 2455 3839 2525 γυμνάσιόν
3866 2457 3978 2509 είσι

2307 2552 2621 2621 φιλοσοφίας
2685 2555 2780 2606 καὶ
2845 2554 3249 2616 διδασκάλειον,
3308 2555 3406 2607 καὶ
3461 2553 3651 2622 ἀγωγὴ
3722 2550 3978 2615 παιδείας

2306 2653 2554 2720 ἀρίστης.
2597 2652 2797 2704 Σκόπει
2828 2652 2883 2704 δέ
2913 2653 3009 2704 καὶ
3037 2651 3210 2715 άλλως
3235 2666 3249 2680 ·
3285 2649 3568 2720 τρεφέσθω
3597 2666 3681 2712 τις
3723 2650 3784 2700 ἐν
3817 2647 3977 2718 βασι-

2305 2744 2468 2808 λείοις
2494 2747 2630 2816 μήτε
2655 2746 2992 2815 λυπούμενος
3013 2748 3150 2815 μήτε
3172 2745 3473 2815 φροντίζων
3505 2747 3640 2815 μήτε
3665 2744 3972 2815 μεριμνῶν,

2305 2839 2398 2892 καὶ
2436 2843 2572 2909 μήτε
2601 2841 2772 2909 ὀργῆς
2808 2840 2944 2909 ἔχων
2991 2841 3260 2911 πρόφασιν
3294 2841 3429 2910 μήτε
3471 2839 3800 2908 ἀποτυχίας,
3831 2837 3972 2892 ἀλλά

2305 2937 2502 2996 πάντα,
2535 2937 2638 2988 ἀπε
2648 2954 2679 3005 ρ
2702 2937 2768 2989 ἂν
2793 2936 3125 3005 ἐπιθυμήσῃ,
3151 2935 3392 3000 ποιείτω,
3418 2936 3510 2987 καὶ
3539 2933 3968 3004 ἐπιτυγχανέτω,

2301 3031 2396 3084 καὶ
2428 3031 2633 3094 πάντας
2667 3033 2838 3102 ἐχέτω
2871 3033 3280 3095 ὑπακούοντας·
3315 3033 3380 3086 ἂν
3424 3033 3497 3103 μὴ
3541 3033 3740 3096 παντὸς
3773 3031 3968 3103 θηρίου

2301 3128 2634 3200 ἀλογώτερος
2660 3132 2878 3200 γένηται
2921 3133 2948 3185 6
2977 3130 3212 3194 τοιοῦτος
3234 3137 3256 3163 ⁸
3279 3147 3294 3196 ;

2373 3241 2524 3316 [MO]
2558 3245 2672 3297 Νῦν
2701 3246 2755 3297 δέ
2781 3246 2969 3316 ὥσπερ
3000 3247 3165 3316 ἀκόνη
3195 3245 3342 3298 ἐστὶν
3367 3245 3692 3317 ἐκτρίϐουσα
3722 3246 3872 3316 ἡμᾶς
3898 3245 3968 3298 τὰ

2299 3340 2407 3393 τῶν
2438 3343 2830 3410 περιστάσεων,
2861 3343 2929 3394 τά
2948 3342 3056 3395 τῶν
3077 3342 3327 3410 θλίψεων.
3360 3342 3459 3395 Διά
3483 3341 3637 3394 τοῦτο
3667 3342 3778 3394 τῶν
3802 3341 3968 3394 πλου-

2297 3437 2533 3491 τούντων
2561 3440 2608 3491 οί
2639 3439 2867 3508 πένητες
2893 3439 2966 3501 ὡς
2987 3441 3078 3492 ἐπὶ
3101 3439 3162 3492 :6
3185 3439 3433 3493 πλεῖστόν
3454 3442 3559 3492 εἱσι
3583 3440 3962 3511 συνετώτεροι,

2297 3535 2553 3606 καθάπερ
2603 3533 2819 3596 πολλοῖς
2857 3536 3310 3606 περικρουόμενοι
3351 3535 3445 3588 καὶ
3481 3534 3964 3607 περιαντλούμενοι

2297 3629 2526 3699 κύμασι.
2566 3631 2675 3683 Καὶ
2726 3629 2835 3698 γὰρ
2886 3631 3042 3700 σῶμα
3072 3631 3132 3684 :6
3190 3632 3288 3700 μὲν
3337 3630 3507 3700 ἀργὸν
3564 3632 3656 3685 καὶ
3705 3632 3964 3704 ἀκίνητον

2294 3723 2521 3784 νοσῶδες
2555 3724 2648 3776 καὶ
2697 3724 2892 3793 ἀηδὲς,
2926 3724 2988 3777 :6
3023 3725 3078 3776 δὲ
3113 3725 3435 3794 κινούμενον
3477 3726 3572 3779 καὶ
3615 3727 3823 3796 κάμνον
3866 3729 3963 3782 καὶ

2291 3817 2805 3888 ταλαιπωρούμενον
2848 3818 3177 3891 ὡραιότερον
3224 3822 3319 3874 καὶ
3353 3821 3715 3892 ὑγιεινότερον
3743 3839 3756 3853 ·
3801 3823 3961 3878 τοῦτο

2292 3915 2347 3967 δέ
2381 3915 2470 3966 ἐπὶ
2506 3914 2683 3983 ψυχῆς
2734 3913 2883 3983 εὖροι
2913 3929 2997 3976 τις
3036 3913 3120 3968 ἄν.
3157 3915 3269 3966 Καὶ
3308 3915 3521 3986 σίδηρος
3561 3917 3813 3985 κείμενος
3860 3918 3957 3988 μὲν

2290 4008 2681 4078 διαφθείρεται,
2698 4008 3067 4077 ἐργαζόμενος
3088 4009 3144 4062 δέ
3165 4010 3389 4079 λάμπει·
3417 4011 3507 4063 καὶ
3529 4011 3672 4082 ψυχὴ
3693 4013 3958 4078 ὡσαύτως

2290 4102 2577 4170 κινουμένη
2601 4119 2611 4129 ·
2638 4103 2848 4171 κίνησις
2875 4103 2931 4156 δὲ
2955 4103 3135 4174 ψυχῆς
3166 4106 3220 4156 αί
3260 4108 3608 4174 περιστάσεις
3636 4099 3818 4162 αὗται.
3844 4110 3954 4162 Καὶ

2286 4197 2470 4266 τέχναι
2504 4196 2862 4261 ἀπόλλυνται,
2895 4198 2968 4266 μὴ
3014 4198 3341 4268 κινουμένης
3372 4199 3547 4269 ψυχῆς
3571 4216 3583 4230 ·
3626 4205 3860 4255 κινεῖται
3897 4203 3952 4256 δέ

2283 4293 2412 4344 ὅταν
2445 4291 2517 4361 μὴ
2546 4292 2720 4344 πάντα
2747 4292 2909 4344 εὐθέα
2985 4309 2998 4322 ·
3033 4296 3262 4350 κινεῖται
3283 4294 3395 4364 γάρ
3415 4295 3518 4348 ὑπὸ
3540 4296 3645 4349 τῶν
3667 4299 3947 4353 ἐναντίων.

2285 4387 2346 4438 EE
2371 4386 2443 4454 μὴ
2471 4387 2553 4454 εἴη
2579 4387 2812 4449 ἐναντία,
2839 4387 2990 4440 οὐδὲν
3018 4387 3082 4440 ἂν
3113 4390 3195 4458 εἴη
3219 4389 3278 4442 :6
3301 4391 3502 4444 κινοῦν·
3535 4386 3664 4458 οἷον,
3699 4394 3747 4445 εί
3771 4395 3948 4448 πάντα

2282 4475 2349 4549 ἦν
2388 4481 2723 4551 είργασμένα
2753 4481 2932 4546 καλῶς
2953 4523 2965 4544 ,
2990 4483 3089 4534 οὐκ
3121 4483 3186 4537 ἂν
3213 4479 3371 4556 εὗρεν
3401 4488 3432 4556 ἡ
3463 4488 3622 4558 τέχνη
3654 4490 3942 4545 κινεῖσθαι.

2283 4573 2436 4627 Οῦτω
2458 4576 2570 4635 καὶ,
2599 4575 2668 4644 [εί
2700 4577 2876 4628 πάντα
2902 4571 2970 4646 ἦν
2999 4577 3135 4631 κατά
3163 4577 3289 4631 νοῦν
3312 4582 3460 4650 ἡμῖν,
3489 4583 3588 4636 ούκ
3618 4583 3684 4636 ἂν
3724 4579 3882 4654 εὗρεν
3908 4588 3939 4656 ἡ

2280 4668 2423 4737 ψυχὴ
2464 4669 2729 4720 κινεῖσθαι
2751 4668 2791 4738 ο]
2833 4671 2879 4722 εί
2908 4671 3186 4740 πανταχοῦ
3221 4673 3619 4746 διεϐαστάζετο,
3653 4678 3825 4748 ἀηδὴς
3852 4674 3937 4747 ἦν.

2279 4766 2387 4832 Ούχ
2420 4765 2566 4833 ὁρᾷς,
2598 4765 2677 4816 ὅτι
2707 4767 2800 4817 καὶ
2829 4770 3048 4834 τροφοῖς
3075 4769 3582 4838 παρακελευόμεθα,
3621 4773 3695 4840 μὴ
3718 4773 3941 4826 διαπαν-

2275 4862 2364 4923 :6;
2402 4860 2686 4928 βαστάζειν
2717 4863 2784 4913 τά
2817 4862 3004 4913 παιδία
3027 4902 3040 4922 ,
3078 4863 3216 4914 ὥστε
3247 4863 3321 4934 μὴ
3359 4866 3436 4928 είς
3484 4865 3602 4929 ἔθος
3634 4869 3772 4920 αὐτά
3809 4870 3938 4922 καθ-

2278 4955 2447 5023 ιστᾷν,
2501 4956 2634 5023 μήτε
2685 4954 2902 5023 ἐξίτηλα
2957 4955 3095 5008 αὐτὰ
3148 4961 3355 5024 ποιείν;
3388 4960 3484 5012 Διά
3528 4961 3686 5014 τοῦτο
3731 4963 3798 5015 τά
3849 4964 3934 5017 ἐπ’

2275 5051 2452 5116 ὕψεσιν
2475 5050 2880 5118 ἀνατρεφόμενα
2913 5050 3017 5102 τῶν
3047 5052 3272 5118 γονέων,
3310 5055 3676 5129 ἀσθενέστερα
3703 5060 3929 5126 γίνεται,

2276 5145 2366 5212 τῆς
2399 5144 2607 5210 φειδοῦς
2639 5145 2734 5212 τῆς
2775 5144 3002 5213 ἀκαίρου
3045 5163 3102 5198 τε
3146 5149 3237 5200 καὶ
3260 5135 3930 5222 ἀμέτρουλυμαινομένης

2271 5237 2447 5288 αὐτῶν
2473 5239 2568 5306 τὴν
2600 5238 2830 5305 ὑγίειαν.
2869 5240 3043 5292 Καλὸν
3085 5243 3179 5295 καὶ
3211 5243 3354 5314 λύπη
3389 5246 3701 5315 σύμμετρος
3722 5286 3736 5309 ,
3769 5249 3929 5302 καλὸν

2269 5335 2361 5384 καὶ
2391 5334 2627 5402 φροντὶς,
2663 5333 2826 5385 καλὸν
2855 5337 2944 5388 καὶ
2969 5336 3161 5392 ἔνδεια·
3201 5342 3454 5411 ἰσχυροὺς
3481 5343 3588 5413 γὰρ
3614 5345 3758 5414 ἡμᾶς
3788 5349 3931 5399 ποιεῖ

2269 5428 2404 5480 καλὰ
2441 5429 2531 5479 καὶ
2559 5429 2634 5479 τὰι
2655 5429 2870 5482 ἐναντία
2891 5448 2902 5458 ·
2944 5433 3171 5487 ἕκαστον
3205 5439 3313 5507 γάρ
3344 5439 3518 5492 αὐτῶν
3560 5441 3794 5511 ἄμετρον
3838 5459 3929 5509 γε·

2267 5526 2486 5590 νόμενον
2512 5523 2792 5587 ἀπόλλυσι,
2818 5527 2904 5578 καὶ
2930 5528 2988 5579 :6
3013 5529 3112 5597 μὲν
3139 5534 3340 5600 χαυνοῖ,
3358 5535 3417 5585 :6
3439 5534 3494 5586 δὲ
3517 5535 3925 5605 διαρρήγνυσιν.

2265 5622 2375 5688 Οὐχ
2403 5622 2550 5690 ὁρᾷς,
2587 5621 2666 5672 ὅτι
2692 5621 2930 5685 καὶτοὺς
2956 5625 3120 5678 αὑτοῦ
3156 5628 3399 5696 μαθητάς
3433 5632 3461 5682 6
3492 5631 3532 5682 Χ
3543 5631 3723 5700 ριστδς
3753 5631 3927 5697 οὕτως

2264 5715 2478 5782 ἐνάγει;
2523 5716 2584 5766 Εἰ
2631 5716 2826 5768 ἐκείνοι
2867 5717 2922 5770 δέ
2967 5721 3168 5774 τούτων
3219 5723 3459 5791 ἐδέοντο,
3503 5727 3680 5797 πολλῷ
3727 5730 3924 5797 μᾶλλον

2262 5814 2438 5880 ἡμεῖς.
2469 5814 2524 5863 Εἰ
2554 5812 2606 5863 δὲ
2632 5812 2880 5881 δεόμεθα,
2909 5817 2982 5886 μὴ
3008 5818 3420 5893 ἀγανακτῶμεν,
3448 5826 3578 5877 ἀλλὰ
3603 5827 3698 5878 καὶ
3724 5829 3923 5901 χαίρω-

2320 5950 2346 5984 ῑι
2377 5949 2510 5996 [Inus
2550 5949 2689 5995 αὐτο-λ

2260 6011 2453 6059 habent.

2745 5949 2998 6011 ἀμηχανία.
3087 5958 3108 5986 ε
3149 5956 3204 6006 Ὀ
3255 5961 3462 6019 τοιοῦτος
3509 5964 3605 6014 duo
3638 5965 3781 6016 codd.
3825 5980 3918 6018 non
