4120 6334
101 461 208 516 577

101 579 302 629 derunt
328 587 344 633 ;
393 570 518 625 hinc
555 564 698 620 enim
730 561 804 615 illi
836 556 1168 614 sacerdotale
1197 550 1570 606 indumentum
1598 558 1695 615 pa-

102 675 281 727 ratur,
313 663 447 715 tiara
477 654 788 727 imponitur,
818 662 871 706 et
901 649 1142 717 reliquus
1171 642 1399 698 vestium
1437 647 1695 727 ornatus,

105 768 159 810 nt
201 725 471 807 ordinatio
499 725 615 818 ejus
640 746 757 800 sine
785 741 947 797 dubio
970 736 1041 791 sit
1062 737 1080 768 ¹
1104 750 1121 801 ;
1163 740 1222 789 ut
1248 732 1501 799 deinceps
1526 725 1697 781 admi-

104 846 305 901 rationi
341 842 601 896 habeatur
630 852 659 890 a
693 834 889 889 lamina
917 844 1076 887 area.
1124 827 1288 883 Scitis
1318 824 1485 895 probe
1522 820 1695 874 histo-

103 938 239 990 tiam
271 952 285 989 :
310 933 534 1000 ideoque
559 936 940 998 przetercurro.
966 920 1031 975 Et
1054 919 1099 974 si
1129 917 1311 981 vultis,
1344 914 1515 985 prisca
1544 926 1607 966 ea
1628 908 1697 964 de

105 1047 160 1083 re
188 1027 470 1082 adeamus.
499 1022 629 1076 Cain
659 1020 876 1073 fratrem
906 1011 1133 1075 occidit;
1174 1008 1269 1065 sed
1307 1007 1385 1062 sic
1425 1006 1499 1060 illi
1530 1001 1696 1073 magis

104 1116 309 1186 profuit
336 1132 349 1167 :
392 1111 513 1166 audi
544 1109 686 1164 enim
726 1104 851 1176 quid
881 1103 1060 1159 dicat:
1097 1098 1208 1154 Vos:
1230 1095 1490 1186 sanguinis
1518 1089 1696 1186 fratris

102 1180 176 1260 tui
210 1207 401 1260 clamat
427 1201 495 1254 ad
524 1217 603 1254 me
635 1196 785 1270 (Gen.
814 1197 867 1250 ει.
900 1193 1025 1263 10);
1053 1199 1106 1245 et
1136 1202 1322 1244 rursus
1351 1184 1508 1239 alibi:
1553 1180 1693 1237 Sane

102 1300 260 1367 (μήνιε
286 1294 468 1349 melius
496 1293 726 1352 loquente
751 1301 900 1356 quam
926 1282 1049 1336 Abel
1076 1280 1094 1350 (
1117 1278 1275 1333 Hebr.
1317 1274 1404 1367 12.
1439 1273 1563 1341 24).
1607 1269 1696 1367 l.i-

104 1364 315 1440 beravit
365 1384 511 1437 illum
554 1380 623 1433 ab
666 1380 871 1431 incerto
911 1372 1109 1433 futuri,
1152 1366 1453 1422 mercedem
1498 1364 1690 1415 auxit:

104 1476 359 1529 novimus
382 1485 569 1527 omnes
593 1468 935 1522 dilectionem
961 1503 976 1527 ,
1017 1474 1175 1530 quam
1222 1460 1360 1512 Deus
1386 1469 1510 1522 erga
1544 1453 1692 1505 illum

106 1566 311 1620 habuit.
362 1564 416 1617 In
448 1576 553 1629 quo
582 1559 740 1613 latsus
765 1565 841 1610 εει
865 1597 881 1620 ,
914 1552 1071 1607 citius
1097 1560 1271 1604 morte
1305 1542 1588 1600 sublatus?
1640 1540 1692 1593 In

108 1656 301 1709 nullo:
345 1650 470 1721 quid
508 1649 685 1712 enim,
723 1660 929 1715 quatsn,
970 1641 1242 1695 lucrantur
1284 1638 1318 1691 ii
1364 1635 1454 1702 qui
1495 1631 1696 1686 tardius

105 1742 457 1800 moriuntur?
498 1738 681 1794 Nihil:
715 1750 888 1805 neque
915 1732 1056 1787 enim
1089 1729 1314 1784 felicitas
1355 1741 1421 1781 ex
1462 1732 1569 1780 VlL‘l
1607 1722 1690 1776 vel

105 1840 270 1907 longa
300 1834 383 1890 vel
421 1829 575 1887 brevi
604 1826 829 1899 pendet,
858 1823 950 1878 sed
986 1838 1052 1877 ex
1094 1836 1159 1876 eo
1180 1860 1195 1886 ,
1222 1817 1364 1889 quod
1403 1816 1509 1871 vita
1554 1816 1692 1870 bene

106 1939 346 1982 utamur.
370 1923 504 1977 Tres
533 1920 679 1990 pueri
714 1917 889 1985 iujeeti
922 1923 1048 1969 sunt
1075 1915 1128 1967 in
1156 1914 1426 1965 fornacem
1450 1950 1464 1969 .
1489 1915 1545 1962 et
1571 1907 1697 1961 hinc

102 2017 365 2073 clariores
390 2012 565 2068 eﬂ‘ecti
592 2019 716 2064 sunt
739 2025 754 2062 :
787 2006 968 2060 Daniel
991 2005 1042 2058 in
1066 2003 1259 2067 lacum,
1289 2010 1345 2056 et
1370 1998 1491 2054 inde
1518 1998 1695 2069 splen-

102 2108 285 2163 didior
310 2104 573 2160 ascendit.

172 2199 230 2253 5.
276 2195 597 2250 Tetttationea
618 2207 800 2262 magna
822 2188 1022 2260 pariunt
1043 2184 1193 2239 bona.
1222 2212 1293 2223 —
1314 2180 1473 2236 Vides
1498 2179 1695 2249 ubique

106 2286 436 2343 tentationes
476 2296 663 2352 magna
697 2294 884 2349 parere
916 2278 1084 2339 bona,
1123 2274 1282 2329 etiam
1328 2272 1414 2325 hic
1436 2311 1452 2335 ,
1497 2278 1694 2339 quanto

105 2378 278 2447 magis
307 2375 453 2430 illic!
488 2373 544 2427 In
578 2371 774 2425 ntalilia
802 2378 979 2422 autem
1008 2366 1148 2419 idem
1178 2363 1386 2426 evenit,
1415 2376 1478 2414 ac
1504 2362 1547 2414 si
1574 2360 1694 2429 quis

103 2454 367 2523 cadamum
409 2464 650 2526 habens,
683 2460 956 2532 prwlietur
997 2468 1182 2512 contra
1222 2456 1439 2525 ignem:
1482 2452 1694 2505 videtur

103 2562 249 2615 enim
284 2561 459 2630 ignem
491 2566 794 2627 percutere,
824 2563 877 2609 et
905 2554 1075 2613 ipsum
1102 2550 1443 2621 fulgidiorem
1472 2546 1615 2612 facit,
1638 2554 1693 2599 et

104 2652 341 2721 seipsum
370 2648 657 2703 consumit.
682 2645 879 2699 Malitia
912 2656 1142 2712 namque
1170 2641 1348 2696 virtuti
1380 2640 1690 2693 alimentum

103 2755 158 2798 et
190 2740 493 2811 splendoris
512 2739 723 2793 occasio
749 2748 831 2791 est
857 2753 872 2789 :
909 2750 1030 2790 nam
1058 2734 1167 2789 Deo
1193 2733 1448 2801 injustitia
1478 2740 1534 2785 ut
1556 2746 1692 2799 npus

102 2842 186 2887 est
224 2840 437 2895 tuente,
482 2845 569 2885 res
598 2838 795 2883 nostra!
836 2827 1003 2897 magis
1037 2826 1257 2896 fulgent.
1304 2824 1535 2879 Rursum
1578 2823 1689 2876 dia-

106 2923 264 2977 bolus
292 2936 414 2975 eum
446 2921 551 2974 tale
576 2919 847 2988 quidpiam
878 2925 1151 2987 operatur,
1178 2930 1273 2969 eos
1302 2916 1391 2984 qui
1421 2913 1692 2983 patiuntur

101 3011 501 3082 splendidiores
530 3009 722 3064 reddit.
756 3008 866 3063 Cur
889 3022 1018 3078 ergo
1039 3046 1054 3071 ,
1098 3006 1309 3075 inquies
1334 3045 1350 3070 ,
1392 3004 1445 3058 in
1485 3003 1691 3057 Adamn

106 3116 213 3157 non
248 3102 357 3155 tale
382 3101 653 3170 quidpiam
680 3100 874 3152 factum
912 3105 1016 3163 est,
1047 3096 1141 3151 sed
1172 3095 1263 3150 ille
1288 3094 1691 3165 ignominiosior

100 3204 185 3247 est
216 3192 497 3248 redditus?
521 3192 691 3247 Etiam
724 3191 812 3245 illo
842 3198 899 3244 ut
917 3205 1014 3261 par
1034 3196 1150 3243 erat
1180 3202 1309 3242 usus
1332 3195 1415 3241 est
1440 3185 1583 3240 Deus
1605 3200 1621 3250 ;
1645 3186 1687 3239 si

100 3298 233 3337 vero
261 3283 386 3353 quid
411 3296 597 3352 passus
618 3282 709 3343 sit,
734 3282 846 3350 ipse
866 3280 1101 3349 seipsum
1142 3277 1281 3332 laesit
1308 3294 1321 3330 :
1348 3292 1467 3330 nam
1489 3292 1605 3346 quae
1622 3276 1690 3329 ab

100 3374 220 3428 aliis
264 3374 420 3427 nobis
476 3372 814 3438 inferuntur,
861 3385 1174 3438 magnorum
1224 3366 1379 3421 nobis
1428 3367 1687 3420 bonorum

98 3480 282 3519 causae
323 3474 481 3526 sunt;
524 3480 642 3534 qua:
683 3475 860 3517 autem
901 3478 929 3516 a
961 3462 1114 3515 nobis
1155 3460 1285 3532 ipsis
1314 3500 1329 3524 ,
1382 3475 1486 3513 non
1538 3458 1685 3513 item.

98 3556 237 3623 Quia
279 3557 422 3610 enim
464 3555 533 3609 ab
572 3555 692 3608 aliis
731 3554 845 3609 laesi
888 3553 1175 3617 dolemus,
1230 3567 1260 3605 a
1309 3552 1460 3607 nobis
1508 3563 1686 3605 autem

100 3646 233 3714 ipsis
262 3660 366 3701 non
398 3646 549 3710 item,
577 3643 810 3699 ostendit
840 3644 976 3699 Deus
992 3642 1242 3713 eum,qui
1270 3642 1338 3695 ab
1362 3643 1468 3696 alio
1497 3642 1689 3709 injuste

103 3737 303 3804 patitur
322 3774 339 3801 ,
367 3735 568 3789 clarum
597 3748 717 3789 esse
738 3775 755 3799 ,
783 3748 904 3788 eum
936 3748 1095 3798 vero,
1124 3733 1210 3802 qui
1243 3733 1473 3801 seiysum
1505 3732 1647 3786 lmdit
1670 3772 1684 3795 ,

99 3826 358 3881 damnum
385 3824 525 3880 ferre
550 3843 564 3879 :
591 3834 648 3879 et
666 3826 789 3894 jure
813 3823 1050 3894 quidem,
1078 3832 1138 3876 ut
1164 3823 1292 3877 illud
1324 3822 1527 3877 fortiter
1554 3822 1689 3876 fera-

100 3934 243 3983 mns,
271 3929 327 3973 et
360 3932 462 3970 non
491 3917 592 3971 hoc
615 3933 628 3969 :
654 3917 890 3984 alioquin
917 3930 1045 3969 vero
1067 3924 1235 3969 totum
1259 3915 1327 3968 ibi
1352 3914 1450 3968 fuit
1475 3914 1685 3967 Adzuni.

98 4009 210 4064 Cur
237 4009 383 4063 enim
409 4007 669 4061 credebas
698 4005 949 4059 mulieri?
975 4020 1069 4059 cur
1085 4004 1305 4058 adversa
1322 4006 1685 4059 consulentem

102 4112 208 4151 non
244 4096 532 4165 repulisti?
575 4094 655 4149 Tu
700 4095 921 4149 omnino
952 4094 1002 4147 in
1043 4109 1204 4148 causa
1246 4094 1430 4148 fuisti:
1478 4109 1599 4148 nam
1643 4094 1686 4148 si

102 4187 359 4241 diabolus
390 4186 441 4238 in
472 4199 634 4239 causa
665 4194 831 4250 esset,
860 4192 1133 4252 oporteret
1157 4199 1347 4237 omnes
1370 4183 1457 4252 qui
1484 4192 1691 4237 tentan-

104 4290 187 4332 lur
216 4278 397 4346 perire
426 4294 439 4329 :
468 4274 609 4346 quod
637 4275 680 4330 si
713 4289 818 4329 non
847 4284 1108 4346 pereunt,
1144 4275 1194 4329 in
1223 4275 1377 4329 nobis
1401 4290 1560 4329 causa
1585 4285 1687 4330 est.

103 4373 166 4422 At
186 4375 483 4435 oporteret.
504 4366 731 4436 inquies,
747 4380 937 4420 omnes
952 4366 1038 4435 qui
1060 4374 1332 4420 tentantur
1348 4374 1491 4420 recte
1508 4381 1686 4436 agerc;

102 4458 205 4523 vel,
236 4457 282 4511 si
310 4470 409 4509 nos
434 4456 485 4509 in
516 4470 675 4511 causa
702 4471 911 4521 sumus,
943 4456 1103 4510 etiam
1136 4458 1337 4525 absque
1362 4456 1574 4512 diabolo
1601 4475 1693 4527 pe-

104 4548 209 4601 rire
236 4547 261 4598 2
311 4545 421 4601 lloc
461 4545 622 4600 etiam
667 4546 879 4611 evenit;
926 4562 1047 4599 nam
1092 4547 1242 4600 multi
1288 4548 1446 4601 etiam
1492 4548 1692 4619 absque

104 4637 322 4692 diabolo
363 4651 626 4707 pereunt:
670 4654 842 4708 neque
882 4639 1023 4692 enim
1053 4638 1145 4693 ille
1169 4640 1347 4693 omnia
1374 4640 1533 4695 efficit
1553 4681 1570 4704 ,
1598 4641 1690 4696 sed

106 4730 267 4782 etiam
312 4729 476 4782 multa
509 4727 641 4782 fiunt
675 4743 741 4782 ex
778 4729 981 4798 ignavia
1012 4736 1193 4783 nostra
1222 4747 1235 4783 :
1264 4730 1404 4799 quod
1432 4731 1474 4784 si
1508 4730 1597 4786 ille
1637 4731 1691 4785 in

107 4834 267 4873 causa
296 4821 388 4877 sit.
420 4819 573 4871 nobis
599 4818 784 4887 utique
810 4824 994 4872 ausam
1022 4819 1401 4888 praebentibus.
1432 4820 1525 4874 Die
1550 4823 1691 4876 enim

110 4909 613 4978 mihi.qnandonam
642 4908 891 4964 diabolus
921 4920 1123 4965 tantum
1163 4913 1330 4967 valuit
1369 4914 1419 4966 in
1461 4913 1695 4967 Judam?

108 5002 335 5069 Quando
363 5005 631 5071 ingressus
658 5015 739 5057 est
759 5043 772 5067 ,
806 5004 1043 5077 inquies,
1075 5003 1127 5057 in
1155 5021 1277 5059 eum
1306 5016 1542 5061 satanas.
1588 5008 1692 5062 Sed

114 5095 232 5149 audi
260 5108 477 5149 causam
508 5113 521 5149 :
552 5096 673 5164 quia
706 5095 788 5149 fur
814 5105 971 5161 erat,
1018 5104 1076 5152 et
1116 5113 1235 5166 qua:
1275 5098 1695 5153 immittebantur

115 5190 379 5259 portabat.
411 5188 529 5258 Ipse
566 5188 713 5243 dedit
753 5190 825 5243 illi
869 5190 1031 5244 latum
1064 5190 1395 5260 ingrediendi
1422 5192 1648 5261 spatium
1678 5209 1692 5245 ε

114 5291 163 5333 et
194 5281 263 5333 ita
290 5296 397 5333 non
424 5278 672 5334 diabolus
698 5280 905 5334 initium
936 5281 1056 5343 dat,
1084 5281 1179 5335 sed
1208 5296 1304 5335 nos
1331 5282 1477 5335 illum
1507 5283 1700 5351 reeipi-

117 5386 233 5423 mus
273 5381 328 5424 et
370 5385 643 5426 vocamus.
691 5370 885 5425 \‘erum
907 5413 923 5438 ,
955 5372 1180 5440 inquies,
1216 5373 1259 5426 si
1289 5374 1374 5427 ille
1398 5389 1502 5429 non
1530 5382 1694 5439 esset,

116 5456 217 5513 non
246 5459 426 5528 gravia
456 5470 634 5515 essent
661 5462 817 5515 mala.
862 5461 965 5516 Sed
1010 5462 1315 5517 inevitabile
1352 5478 1449 5517 nos
1492 5464 1695 5533 suppli-

114 5551 250 5603 cium
282 5560 521 5603 maneret
546 5568 559 5603 :
587 5565 726 5604 nunc
751 5550 915 5615 enim,
943 5550 1157 5613 dilecte,
1178 5566 1331 5620 poena
1356 5552 1509 5607 nobis
1535 5554 1699 5607 levior

116 5657 195 5694 est
220 5659 234 5703 ;
278 5640 323 5695 si
368 5654 499 5695 vero
524 5656 589 5694 ex
622 5642 773 5695 nobis
801 5641 927 5711 ipsis
954 5641 1132 5711 gravia
1163 5652 1495 5713 patraremus
1517 5684 1533 5710 ,
1562 5644 1701 5698 into-

180 5796 197 5829 ι
234 5799 362 5861 t‘nus
381 5793 629 5861 habet..."
655 5794 997 5861 reddiderunt,
1020 5801 1070 5846 ut
1088 5797 1332 5847 ordinatio
1345 5793 1449 5861 ejus
1476 5808 1577 5849 stne
1604 5802 1694 5851 du-

124 5854 183 5903 bit
212 5854 291 5913 sit,
312 5856 506 5903 omissis
530 5856 856 5905 intentu-diis.

1100 440 1165 495 IN
1204 436 1378 493 ACTA
1422 427 1941 487 APOSTOLOBUM.
1981 426 2209 485 llOSIIL.
2252 423 2384 484 ων.

3295 422 3393 477 ῖιῒ3

1801 540 2027 596 lerabtte
2051 550 2195 597 esset
2221 539 2565 610 supplicium.
2602 543 2693 593 llic
2723 538 2866 593 enim
2887 578 2903 603 ,
2935 552 3050 601 oro,
3079 538 3122 591 si
3149 552 3213 595 ea
3232 579 3246 602 ,
3276 552 3396 607 qua:

1802 634 2044 702 peccavit
2068 632 2260 698 Adam,
2291 633 2492 702 absque
2520 633 2746 687 consilio
2774 642 3067 701 peccasset,
3098 631 3219 701 quis
3246 630 3394 686 illutn

1799 742 1863 781 ex
1894 727 2145 797 periculis
2166 725 2502 795 eripuisset?
2529 724 2920 794 Seduinquies,
2952 741 3057 778 non
3086 731 3384 794 peccasset.

1803 817 2079 873 Uudenam
2118 818 2220 872 hoc
2250 818 2381 871 mihi
2410 817 2589 871 dicis?
2616 816 2717 883 Qui
2758 817 2902 870 enim
2945 816 3017 869 ita
3057 816 3237 871 mollis
3278 824 3395 869 erat

1797 916 1850 963 et
1896 908 2150 979 ignavus,
2195 919 2357 977 atque
2392 908 2461 962 ad
2504 892 2862 978 insipientiam
2909 920 3104 976 pronus
3134 947 3148 965 ,
3193 917 3249 960 ut
3290 906 3394 960 tatis

1796 999 2079 1055 consilium
2107 1000 2395 1068 acciperet,
2427 1001 2597 1054 multo
2622 1000 2791 1069 magis
2821 1000 2980 1054 etiam
3020 1014 3090 1054 ex
3138 1011 3198 1051 se
3238 995 3392 1051 fecis-

1796 1099 1896 1145 set.
1942 1091 2073 1157 Quis
2102 1089 2350 1145 diabolus
2375 1090 2595 1161 Josephi
2622 1090 2815 1146 fratres
2854 1092 2906 1145 in
2937 1091 3186 1144 invidiam
3212 1089 3395 1160 conje-

1797 1182 1909 1237 cit?
1934 1181 1987 1238 Si
2018 1182 2297 1251 vigilemus
2321 1197 2451 1253 ergo
2469 1222 2484 1246 ,
2513 1182 2731 1248 dilecti,
2762 1182 2915 1236 nobis
2939 1182 3186 1235 diabolus
3208 1182 3395 1251 gloria!

1797 1280 1985 1326 auctor
2026 1276 2152 1327 erit.
2195 1272 2334 1340 Quid
2365 1273 2509 1328 enim
2535 1272 2672 1327 Job'n
2701 1274 2884 1327 nocuit
2911 1283 3113 1326 tantum
3143 1272 3282 1326 illius
3308 1288 3391 1325 ar-

1800 1361 2065 1417 tificium?
2098 1362 2173 1417 Ne
2206 1364 2327 1427 hoc,
2359 1364 2588 1433 inquies,
2617 1364 2854 1428 dixeris;
2900 1364 2992 1417 sed
3032 1364 3119 1433 qui
3153 1364 3395 1418 intlrntus

1797 1464 1876 1509 est
1904 1455 2139 1507 laeditur.
2170 1456 2240 1509 At
2272 1456 2538 1519 infirmus,
2566 1457 2776 1511 etiamsi
2806 1456 3052 1510 diabolus
3081 1470 3184 1508 non
3212 1466 3351 1509 esset
3380 1497 3391 1515 ,

1799 1546 2019 1617 perinde
2051 1548 2285 1603 lautitur.
2318 1549 2517 1605 Verum
2567 1565 2834 1618 repones,
2877 1550 3047 1619 magis
3085 1564 3207 1603 cum
3252 1549 3396 1602 illius

1797 1638 2111 1707 operatione
2139 1637 2371 1692 l.rditur.
2416 1638 2522 1695 Sed
2550 1640 2595 1694 si
2622 1654 2744 1694 cum
2769 1640 2911 1694 illius
2935 1639 3245 1709 Operatione
3274 1653 3391 1709 pec-

1796 1731 2030 1794 caverit,
2059 1730 2237 1785 minus
2265 1732 2484 1799 punitur
2508 1748 2521 1785 :
2566 1747 2739 1800 neque
2764 1732 2910 1787 enim
2935 1731 3175 1785 omnium
3208 1745 3396 1800 pecca-

1799 1832 1971 1875 torum
2003 1837 2158 1889 parcs
2185 1833 2309 1882 sunt
2335 1838 2528 1893 poenze.
2575 1822 2652 1878 Ne
2698 1838 2795 1878 nos
2836 1825 2981 1894 ipsos
3020 1824 3390 1893 decipiamus:

1799 1928 1902 1967 non
1931 1922 2013 1968 est
2054 1914 2287 1970 nobisin
2326 1930 2489 1970 causa
2526 1915 2809 1979 diabolus,
2847 1916 2891 1970 si
2935 1915 3257 1987 vigilemus:
3304 1915 3395 1969 ille

1798 2019 1895 2058 nos
1920 2005 2088 2074 magis
2111 2006 2483 2062 somnnlentos
2511 2008 2729 2062 excitat.
2764 2008 2855 2061 die
2881 2009 3023 2061 enim
3052 2007 3182 2063 mihi
3211 2008 3229 2077 (
3254 2008 3394 2064 inte-

1798 2095 1897 2148 rim
1943 2095 2057 2149 lucc
2083 2097 2456 2152 examincmus
2477 2100 2495 2165 )
2520 2114 2534 2151 :
2565 2114 2671 2152 non
2700 2099 2805 2151 sint
2833 2097 2992 2164 ferat,
3022 2113 3140 2173 non_
3159 2099 3229 2152 sit
3252 2098 3396 2154 aeris

1796 2184 2139 2253 intemperies
2162 2225 2179 2251 ,
2213 2202 2318 2240 non
2345 2186 2564 2242 morbus
2590 2227 2604 2250 ,
2636 2202 2739 2241 non
2767 2187 2985 2243 dolores
3013 2228 3027 2248 .
3057 2204 3162 2242 non
3191 2202 3393 2241 intrro-

1796 2289 1920 2337 res,
1950 2290 2049 2329 nec
2078 2276 2204 2345 quid
2246 2277 2463 2332 simile:
2514 2278 2606 2346 qui
2651 2293 2754 2333 non
2789 2278 2958 2334 factus
3002 2290 3146 2335 esset
3186 2278 3395 2335 homo?

1798 2366 2000 2421 Porcus
2027 2367 2197 2438 magis
2220 2384 2381 2439 quam
2410 2371 2572 2425 homo
2592 2413 2605 2436 ,
2638 2382 2696 2424 ut
2724 2371 2934 2426 videtur
2962 2373 3088 2425 mihi
3111 2412 3127 2437 ,
3172 2372 3391 2440 fuisset,

1793 2457 1931 2525 gulae
1962 2467 2013 2512 et
2055 2458 2303 2513 ebrietati
2342 2474 2403 2515 se
2444 2460 2651 2515 dedens
2676 2504 2688 2523 ,
2731 2471 2784 2516 et
2825 2478 2853 2515 a
2900 2464 3047 2517 nullo
3088 2478 3274 2517 eorum
3313 2461 3395 2518 in-

1796 2550 2204 2605 terturharetur.
2231 2550 2382 2606 Nunc
2423 2568 2553 2607 vero
2593 2569 2736 2607 cure
2764 2563 2819 2609 et
2860 2555 3269 2622 sollicitudines,
3291 2570 3389 2627 gy-

1794 2639 2060 2694 mnasium
2101 2648 2157 2695 et
2195 2642 2378 2695 schola
2406 2642 2759 2713 philosophia:
2789 2655 2915 2700 sunt
2946 2646 3059 2713 illi,
3101 2657 3262 2716 atque
3302 2644 3391 2701 in-

1792 2729 2003 2782 stitutio
2027 2731 2248 2799 Optima.
2270 2731 2383 2786 Hoc
2412 2732 2535 2787 item
2566 2735 2839 2802 perpende
2864 2754 2876 2788 :
2906 2735 3166 2790 educetur
3188 2736 3311 2805 quia
3336 2735 3389 2793 in

1792 2821 1938 2891 regia
1966 2820 2083 2876 sine
2118 2821 2305 2877 dolore
2342 2838 2442 2879 nec
2478 2839 2607 2879 cura
2646 2826 2727 2880 vel
2776 2826 3173 2893 sollicitudine,
3216 2843 3391 2897 neque

1793 2910 1887 2964 ira:
1931 2912 2014 2966 vel
2062 2912 2337 2967 infortunii
2380 2916 2725 2971 occasionem
2771 2914 3005 2983 habeat,
3057 2918 3153 2973 sed
3209 2920 3387 2973 omnia

1791 3016 1909 3071 quae
1929 3003 2297 3069 concupiverit
2318 3003 2478 3059 faciat
2514 3014 2569 3059 et
2608 3018 2947 3076 assequatur,
2970 3024 3267 3079 omnesque
3293 3010 3389 3064 ha-

1798 3094 1920 3148 beat
1945 3096 2047 3150 sibi
2076 3096 2479 3166 obsequentes:
2527 3113 2705 3152 annon
2732 3100 2859 3155 talis
2898 3099 3063 3155 homo
3090 3105 3234 3156 omni
3274 3102 3385 3158 fera

1793 3187 2213 3243 irrationabilior
2241 3190 2332 3243 fiet
2353 3190 2378 3242 ἳ

1863 3284 2225 3338 Catamitatum
2252 3286 2463 3340 utilitas.
2483 3285 2722 3342 -—Nunc
2749 3302 2880 3342 vero
2902 3288 3038 3343 sicut
3068 3304 3161 3343 eos
3188 3304 3386 3345 acuens

1792 3386 1890 3427 nos
1920 3383 2047 3426 sunt
2086 3374 2458 3429 calamitates:
2508 3375 2630 3429 ideo
2661 3391 2922 3446 pauperes
2960 3378 3216 3434 divitibus
3259 3390 3387 3435 sunt

1791 3474 1848 3516 ut
1897 3465 2185 3533 plurimum
2234 3466 2630 3533 sapientiores,
2682 3478 2867 3538 utpote
2910 3470 3090 3524 multis
3137 3470 3385 3527 fluetibus

1790 3557 1964 3610 vexati
1994 3566 2047 3611 et
2088 3559 2386 3613 exercitati.
2431 3558 2563 3613 Nam
2604 3575 2800 3629 corpus
2829 3562 3061 3616 otiosum
3093 3574 3147 3617 et
3188 3564 3383 3618 immo-

1791 3657 1901 3701 tum
1927 3689 1943 3713 ,
1974 3649 2177 3703 morbis
2203 3649 2494 3704 obnoxium
2522 3660 2607 3705 est
2636 3661 2689 3704 et
2718 3652 2957 3707 deforme
2982 3670 2997 3718 ;
3030 3654 3171 3723 quod
3204 3664 3380 3710 autem

1730 3800 1735 3811 η
1791 3747 2042 3793 movetur
2085 3749 2139 3793 et
2184 3738 2392 3793 laborat
2433 3739 2831 3811 aﬂligiturque,
2874 3743 3159 3799 formosius
3204 3755 3287 3800 est
3328 3757 3386 3801 et

1790 3832 2012 3885 sanius:
2050 3830 2149 3886 hoc
2177 3832 2336 3886 etiam
2370 3833 2423 3886 in
2460 3834 2638 3887 anima
2672 3836 2908 3902 reperire
2937 3848 3040 3891 est.
3087 3838 3152 3891 Et
3184 3838 3381 3893 ferrum

1789 3923 1833 3977 si
1860 3922 2062 3991 jaceat,
2092 3922 2393 3992 rubiginem
2422 3926 2692 3979 contrahit
2718 3941 2734 3986 ;
2766 3926 2809 3980 si
2838 3938 3154 3981 exerceatur
3182 3938 3381 3993 autem.

1790 4014 2079 4083 splendet:
2128 4015 2483 4085 similiterque
2512 4016 2690 4070 anima
2732 4034 2851 4087 quae
2894 4028 3171 4084 movetur;
3218 4022 3385 4075 motio

1790 4114 1965 4159 autem
2005 4106 2197 4160 animae
2238 4117 2363 4160 sunt
2404 4107 2738 4163 calamitates
2770 4127 2782 4163 :
2821 4120 3072 4180 artesque
3118 4121 3381 4182 pereunt,

1791 4198 1835 4251 si
1879 4212 1985 4251 non
2020 4206 2303 4252 moveatur
2344 4198 2558 4263 anima;
2590 4212 2840 4254 movetur
2870 4209 3050 4256 autem
3077 4244 3092 4267 ,
3124 4217 3244 4257 cum
3276 4220 3383 4258 non

1791 4288 1968 4341 omnia
2002 4288 2157 4356 plana
2198 4298 2361 4343 sunt:
2396 4297 2641 4343 movetur
2670 4291 2812 4345 enim
2858 4306 2888 4345 a
2928 4293 3231 4348 contrariis.
3274 4294 3383 4350 Nisi

1791 4379 2057 4433 contraria
2079 4380 2207 4441 sint,
2237 4380 2369 4434 nihil
2389 4388 2475 4434 est
2498 4381 2640 4450 quod
2665 4391 2912 4436 moveat:
2942 4384 3173 4453 exempli
3200 4400 3382 4447 causa,

1793 4474 1837 4528 si
1868 4473 2048 4526 omnia
2090 4483 2275 4527 essent
2302 4472 2523 4541 pulchre
2553 4472 2687 4528 facta
2715 4516 2727 4534 ,
2759 4490 2864 4529 non
2897 4476 3158 4532 inveniret
3197 4494 3289 4534 ars
3334 4481 3385 4533 in

1792 4580 1899 4635 quo
1928 4573 2252 4619 moveretur.
2285 4564 2375 4619 Sic
2405 4566 2487 4634 (α)
2519 4563 2586 4637 [si
2623 4567 2800 4619 omnia
2828 4577 3006 4621 essent
3039 4568 3195 4623 nobis
3233 4569 3384 4638 juxta

1794 4657 2122 4709 voluntatem
2154 4665 2413 4719 nostram,
2442 4671 2549 4710 non
2581 4656 2847 4711 inveniret
2875 4659 3073 4723 anima,
3099 4659 3241 4715 unde
3272 4676 3387 4715 mo-

1796 4758 2011 4803 veretur
2040 4768 2053 4803 :
2078 4747 2100 4821 ]
2128 4748 2173 4802 si
2206 4749 2401 4819 ubique
2432 4758 2755 4818 gestaretur,
2802 4750 3008 4820 ingrata
3049 4762 3214 4809 esset.
3267 4753 3385 4809 Non

1797 4839 1946 4895 vides
1972 4854 2069 4893 nos
2099 4838 2334 4894 nutrices
2358 4838 2550 4908 jubere
2580 4856 2684 4893 non
2714 4854 2926 4910 semper
2954 4841 3183 4897 infantes
3211 4856 3391 4914 gesta-

1798 4946 1877 4995 re,
1909 4946 1977 4985 ne
2008 4931 2059 4983 in
2094 4931 2231 4985 hanc
2274 4930 2717 4986 consuetudinem
2768 4931 3064 4994 deducant,
3108 4948 3244 4989 neve
3288 4934 3381 4988 im-

1800 5020 2021 5075 becilles
2054 5020 2222 5073 fiant?
2252 5019 2376 5074 Ideo
2401 5019 2493 5089 qui
2534 5020 2587 5073 in
2627 5030 2916 5088 conspectu
2947 5034 3224 5089 parentum
3252 5023 3376 5078 edu-

1798 5120 2020 5175 cantur,
2064 5110 2386 5165 infirmiores
2414 5118 2578 5174 sunt,
2627 5126 2693 5165 eo
2733 5110 2875 5179 quod
2924 5112 3295 5180 intempestiva
3334 5125 3393 5170 et

1802 5200 2151 5255 immoderata
2199 5216 2327 5255 cura
2377 5202 2587 5255 illorum
2637 5201 2999 5256 valetudinem
3052 5206 3380 5273 pessumdet.

1801 5292 1981 5347 Bonus
2010 5302 2090 5347 est
2119 5293 2274 5347 dolor
2315 5293 2627 5348 moderatus
2651 5334 2668 5358 ,
2711 5293 2848 5348 bona
2874 5309 2999 5348 cura
3026 5336 3042 5361 ,
3084 5297 3219 5349 bona
3268 5299 3389 5351 talis

1802 5392 2050 5453 egestas:
2098 5383 2264 5438 fortes
2290 5384 2432 5437 enim
2467 5398 2563 5437 nos
2588 5382 2817 5438 reddunt
2848 5401 2968 5455 qua:
3005 5386 3140 5439 bona
3172 5396 3228 5441 et
3263 5403 3391 5443 cnn-

1806 5474 1967 5529 traria
1997 5483 2161 5538 sunt;
2195 5474 2290 5528 sed
2327 5490 2513 5529 eorum
2546 5476 2753 5545 singula
2784 5476 2827 5529 si
2856 5476 3202 5532 immoderata
3244 5479 3351 5533 sint
3375 5521 3390 5543 ,

1808 5564 2073 5633 perdunt,
2119 5564 2369 5635 aliudque
2412 5566 2655 5630 emollit,
2698 5568 2841 5622 aliud
2888 5568 3161 5637 ditatmpit.
3204 5571 3392 5625 Nonne

1806 5659 1954 5713 vides
1982 5657 2255 5713 Christum
2285 5659 2579 5729 discipulos
2604 5673 2729 5714 suos
2758 5661 2835 5715 sic
2865 5660 3143 5717 instituere
3168 5664 3191 5712 7
3235 5663 3290 5716 Si
3322 5664 3390 5716 illi

1872 5801 1943 5859 (α)
1962 5808 2074 5858 Qua:
2100 5800 2229 5866 inter
2252 5801 2464 5866 uncinos
2476 5797 2782 5866 clauduntur,
2797 5798 3197 5866 noniegunturin
3212 5791 3394 5861 venit,

1806 5870 2015 5921 suntque
2041 5876 2146 5923 sum
2167 5861 2263 5910 leta
2290 5877 2316 5909 υ
2340 5862 2485 5910 Codd.
2515 5868 2562 5909 et
2583 5860 2724 5910 Savil.
