4118 6340
764 452 866 507 379

769 568 851 620 his
879 565 1121 635 egebant,
1154 564 1322 619 multo
1349 566 1513 633 magis
1544 579 1657 619 nos.
1686 562 1739 617 Si
1768 577 1865 617 nos
1893 577 2127 631 egemus,
2158 577 2224 616 ne
2250 562 2330 615 iu-

766 658 1079 724 dignemur,
1124 654 1217 708 sed
1265 654 1584 723 gaudeamus
1631 652 1682 706 in
1726 650 2187 706 tribulationibus:
2234 651 2329 703 hu-

765 743 994 812 iusmodi
1044 756 1270 813 namque
1302 744 1579 812 pharmaca
1620 752 1748 795 sunt
1793 744 1987 795 nostris
2029 740 2331 795 vulneribus

767 835 1112 904 congruentia
1137 875 1152 897 ,
1182 835 1283 888 alia
1310 835 1516 903 quidem
1547 848 1755 894 amara,
1790 833 1891 886 alia
1927 848 2052 887 vero
2090 832 2276 886 blanda
2313 846 2326 881 :

772 930 1054 990 utrumque
1094 933 1269 978 autem
1315 924 1554 988 illorum,
1601 924 1645 977 si
1685 923 1858 977 solum
1898 921 2097 987 fuerit,
2147 923 2332 976 inutile

766 1024 868 1066 est.
915 1013 1148 1068 Gratiam
1196 1024 1318 1082 ergo
1360 1014 1466 1066 Deo
1498 1013 1784 1067 habeamus
1827 1014 1893 1067 de
1933 1014 2011 1067 his
2042 1014 2284 1067 omnibus
2314 1030 2326 1064 :
2362 1080 2369 1087 .

769 1119 870 1156 non
900 1105 1039 1157 enim
1071 1105 1183 1158 sine
1212 1118 1368 1158 causa
1399 1103 1511 1157 lucc
1536 1104 1660 1158 sinit
1690 1104 1951 1169 accidere,
1979 1103 2070 1157 sed
2097 1103 2161 1155 ad
2193 1103 2335 1157 utili-

770 1203 929 1246 tatcm
974 1195 1263 1247 animarum
1307 1203 1624 1249 nostrarum.
1672 1194 1890 1249 Gratum
1935 1209 2059 1263 ergo
2094 1195 2330 1248 animum

1506 450 1560 505 S.
1602 449 1871 507 JOANNIS
1907 448 2377 506 CllRYSOSTOlll
2404 451 2713 510 ARCIIIEP.
2753 455 3284 515 CONSTANTINOP.
3921 463 4009 517 380

2437 564 2768 634 exhibentes,
2796 571 2995 639 gratias
3021 586 3259 641 agamus,
3288 570 3666 639 gloriiicemus,
3699 570 3909 627 fortiter
3938 589 4009 627 re.

2439 656 2687 712 sistamus
2708 700 2723 725 ,
2759 669 3363 729 temporaneamteorum
3396 664 3654 717 rationem
3686 665 3977 734 cogitantes
3997 706 4009 729 ,

2440 755 2493 800 et
2521 746 2584 801 ad
2614 748 2782 801 futura
2807 760 3037 803 mentem
3068 762 3303 806 nostram
3331 752 3697 819 extendentes,
3723 763 3779 807 ut
3806 764 3860 808 et
3887 771 4011 823 pne-

2440 838 2614 891 sentia
2644 838 2856 892 fortiter
2884 840 3117 894 feramus
3138 885 3153 906 ,
3184 854 3239 896 et
3271 842 3440 896 futura
3469 842 3603 896 bona
3632 845 3892 911 consequi
3939 823 4013 897 di-

2439 942 2683 997 gnemur,
2716 931 2883 997 gratia
2914 940 2967 983 et
2996 932 3317 1000 benignitate
3346 932 3607 1002 Unigeniti
3638 935 3776 1002 ejus,
3806 935 4012 1003 quicum

2442 1020 2584 1075 Patri
2621 1031 2675 1076 et
2715 1023 2934 1092 Spiritui
2972 1035 3157 1078 sancto
3184 1025 3351 1094 gloria
3377 1065 3393 1089 ,
3439 1027 3718 1095 imperium
3746 1070 3761 1091 ,
3809 1028 4010 1092 honor,

2442 1126 2581 1167 nunc
2610 1122 2662 1167 et
2691 1127 2924 1182 semper,
2954 1122 3006 1168 et
3039 1114 3089 1167 in
3118 1115 3307 1169 saecula
3336 1116 3670 1169 saeculorum.
3705 1122 3904 1170 Amen.

2135 1406 2478 1467 HOMILIA
2521 1405 2649 1466 LV.

766 1554 889 1612 Car.
921 1557 1009 1614 28.
1036 1575 1085 1611 v.
1118 1560 1201 1614 l7.
1239 1560 1359 1613 Post
1388 1569 1485 1613 tres
1505 1570 1667 1613 autem
1687 1560 1794 1613 dies
1820 1558 2101 1611 convocavit
2136 1553 2329 1608 Paulus

840 1649 1352 1719 primosJudtzoram.
1380 1651 1598 1717 Cumque
1625 1650 1983 1707 convenissent,
2008 1648 2200 1699 dicebat
2221 1647 2291 1697 eis
2312 1660 2330 1698 :

848 1740 954 1793 Viri
978 1741 1186 1808 fratres,
1219 1756 1307 1809 ego
1336 1756 1447 1792 cum
1476 1739 1603 1792 nihil
1631 1740 1940 1792 Contrarium
1972 1738 2194 1805 fecissem
2222 1752 2330 1804 po—

839 1832 956 1899 pulo
985 1833 1058 1884 vel
1084 1826 1257 1899 patriis
1284 1830 1519 1891 moribus,
1551 1831 1741 1882 vinctus
1780 1829 1842 1880 ab
1868 1827 2195 1896 Jerosolymis
2223 1836 2329 1876 tra-

838 1923 973 1975 ditus
1000 1939 1112 1975 sum
1140 1923 1190 1975 in
1219 1938 1392 1974 manus
1418 1921 1756 1975 Romanorum
1782 1935 1800 1974 :
1828 1920 1912 1973 18.
1940 1920 2023 1988 qui
2037 1935 2151 1971 cum
2179 1918 2330 1969 inter-

838 2014 1145 2079 rogationem
1170 2013 1229 2065 de
1253 2028 1327 2064 me
1355 2012 1656 2072 habuissent,
1686 2010 1910 2063 volebant
1946 2027 2022 2060 me
2047 2009 2291 2059 dimittere
2309 2047 2322 2068 ,

839 2118 897 2153 eo
930 2102 1064 2169 quod
1092 2102 1229 2153 nulla
1254 2112 1379 2153 esset
1414 2115 1564 2153 causa
1592 2101 1763 2153 mortis
1792 2101 1842 2151 in
1870 2115 1964 2151 me.
1992 2098 2076 2153 19.
2111 2096 2325 2151 Contra-

837 2196 1108 2246 dicemibus
1132 2204 1295 2245 autem
1323 2192 1536 2253 Judwis,
1570 2202 1769 2245 coactus
1797 2207 1908 2244 sum
1938 2191 2195 2259 appellare
2220 2190 2327 2242 (Ite-

839 2302 1000 2338 sarem
1031 2301 1047 2337 :
1076 2301 1173 2337 non
1203 2285 1346 2353 quasi
1384 2286 1588 2335 habeam
1621 2285 1682 2335 de
1711 2298 1809 2350 quo
1838 2291 2031 2350 gentem
2062 2296 2217 2332 meam
2248 2295 2334 2331 ac-

841 2387 1029 2428 cusem.
1058 2374 1146 2427 ‘20.
1184 2373 1395 2442 Propter
1424 2375 1550 2425 hanc
1574 2389 1687 2443 ergo
1720 2386 1923 2424 causam
1953 2371 2186 2423 advocavi
2211 2386 2294 2421 vos
2314 2409 2330 2433 ,

842 2477 896 2517 ut
927 2466 1139 2517 viderem
1170 2474 1214 2518 et
1240 2464 1521 2531 alloquerer
1553 2472 1792 2531 :propter
1812 2478 1949 2530 spent
1971 2462 2100 2513 enim
2125 2459 2331 2510 lsraelis

841 2564 1013 2607 catena
1034 2557 1127 2607 hac
1156 2554 1490 2606 circumdatus
1516 2568 1647 2604 sum.

842 2649 893 2699 1.
938 2645 1046 2697 lloc
1076 2644 1207 2697 bene
1230 2652 1281 2696 et
1308 2652 1663 2710 congruenter
1683 2641 1820 2709 agit,
1856 2654 1974 2694 cum
2006 2640 2209 2707 primos
2236 2638 2331 2691 Ju-

770 2738 1007 2789 ihenrum
1037 2734 1100 2788 ad
1127 2734 1447 2803 colloquium
1477 2740 1757 2786 convocat.
1783 2730 2003 2783 Volebat
2030 2730 2169 2782 enim
2196 2738 2249 2781 et
2277 2741 2336 2781 se

774 2838 828 2883 et
848 2829 980 2881 alios
1001 2841 1027 2878 a
1056 2825 1276 2880 crimine
1306 2825 1530 2877 liberare
1564 2841 1577 2877 :
1603 2838 1677 2883 se,
1704 2837 1768 2875 ne
1792 2830 2127 2874 accusaretur
2144 2819 2209 2871 ab
2234 2820 2332 2884 eis,

773 2929 824 2970 et
844 2919 943 2971 hoc
961 2917 1063 2969 illis
1078 2925 1324 2976 noceret;
1356 2915 1472 2966 illos
1501 2906 1646 2975 vero,
1667 2927 1731 2964 ne
1756 2920 1919 2963 totum
1941 2911 2171 2977 ipsorum
2192 2907 2335 2960 vide-

773 3017 915 3061 retur
940 3021 1077 3059 esse.
1104 3004 1401 3058 Verisimile
1428 3003 1569 3056 enim
1601 3011 1681 3054 est
1711 3000 2074 3069 percrebuisse
2106 2994 2331 3059 famam,

772 3098 942 3165 ipsum
974 3110 1001 3147 a
1032 3095 1227 3147 indicis
1255 3093 1501 3146 traditum
1530 3090 1730 3153 fuisse;
1768 3090 1921 3157 idque
1951 3088 2243 3142 sufﬁciebat
2268 3087 2333 3139 ad

774 3189 1080 3241 terrenJum
1104 3188 1241 3239 illus.
1264 3184 1450 3237 Statim
1480 3197 1607 3251 ergo
1638 3183 1759 3235 huic
1795 3182 1868 3235 rei
1900 3182 2149 3243 occurrit,
2177 3190 2230 3233 et
2259 3180 2337 3231 sic

771 3279 1001 3345 seipsnut
1033 3287 1304 3329 mansuete
1333 3273 1583 3327 defendit.
1614 3272 1740 3325 Vide
1765 3286 1922 3340 porro
1951 3269 2215 3339 quomodo
2244 3270 2337 3324 de-

771 3369 1063 3425 fcnsionem
1092 3382 1239 3420 suam
1268 3375 1427 3429 texat,
1469 3364 1652 3418 dicens
1679 3383 1690 3414 :
1730 3361 1835 3414 Viri
1876 3365 2071 3431 fratres,
2104 3376 2193 3430 ego
2221 3377 2335 3414 cum

772 3462 899 3513 nihil
942 3460 1249 3512 contrarium
1290 3459 1513 3527 fecissem
1557 3456 1742 3525 populo
1772 3454 1846 3507 vei
1876 3456 2050 3523 patriis
2078 3452 2329 3517 moribus,

770 3552 960 3603 vinctus
987 3565 1049 3602 ea:
1070 3548 1403 3617 Jerosolymis
1430 3546 1642 3598 traditus
1667 3561 1777 3597 sum
1799 3542 1852 3596 in
1878 3560 2051 3595 manus
2082 3541 2335 3594 Romano-

769 3658 900 3694 rum.
935 3641 1127 3693 Deinde
1154 3642 1272 3708 quia
1305 3638 1588 3691 verisimile
1618 3644 1731 3689 erat
1760 3634 1962 3703 aliquos
1985 3646 2048 3685 ex
2079 3632 2333 3685 auditori-

772 3731 870 3785 bus
906 3730 1135 3783 dicturos
1172 3744 1289 3782 esse
1323 3746 1334 3778 :
1365 3726 1639 3793 Quomodo
1668 3722 1915 3778 credatur
1945 3733 1995 3777 te
2030 3724 2145 3777 sine
2174 3713 2331 3775 causa

772 3820 1016 3874 traditum
1052 3818 1248 3871 inisse?
1274 3817 1473 3870 addidit
1504 3835 1515 3867 :
1553 3816 1650 3879 Qui
1676 3831 1789 3865 cum
1815 3814 2246 3882 interrogationem
2274 3813 2335 3863 tle

771 3927 851 3962 me
882 3908 1184 3972 habuissent,
1208 3908 1468 3959 voluerunt
1498 3922 1573 3957 me
1600 3905 1887 3967 dimittere;
1926 3918 1987 3956 ac
2016 3904 2059 3957 si
2089 3903 2289 3956 diceret
2317 3918 2331 3953 :

771 4001 1053 4055 Testantnr
1074 4000 1428 4052 Romanorum
1462 3999 1743 4065 principes,
1775 3998 1859 4065 qui
1889 4006 1940 4050 et
1969 3996 2333 4050 examinarunt

771 4104 857 4143 tne
880 4098 931 4143 et
955 4090 1230 4143 voluerunt
1264 4089 1548 4141 dimittere.
1578 4088 1853 4154 Quomodo
1882 4101 2010 4155 ergo
2035 4102 2140 4139 non
2172 4083 2329 4139 dimi—

769 4180 989 4233 serunt?
1016 4177 1477 4232 Contradicentibus
1502 4178 1716 4241 Judwis,
1747 4176 1931 4247 inquit.
1970 4177 2155 4230 Videu’
2195 4192 2331 4244 quo-

770 4272 928 4323 modo
950 4271 1155 4329 illorum
1180 4271 1396 4325 crimina
1422 4270 1641 4322 minuit?
1666 4269 1719 4323 Si
1744 4271 1883 4322 enim
1915 4283 2108 4336 augere
2137 4269 2331 4321 voluis-

770 4370 869 4423 Sct,
890 4370 1093 4427 poterat
1110 4362 1469 4415 vehementius
1485 4374 1720 4427 carpere.
1740 4358 1963 4427 Ideoque
1976 4360 2049 4413 sic
2065 4359 2330 4428 loquutus,

769 4452 1002 4508 sobdidit
1037 4472 1048 4506 :
1083 4452 1297 4507 Coactus
1322 4470 1433 4506 sum
1460 4452 1716 4521 appellare
1741 4449 2005 4504 Cwsarem.
2059 4449 2235 4519 Itaque
2266 4451 2330 4504 ad

770 4545 978 4597 veniam
1032 4546 1206 4596 omnia
1254 4551 1510 4611 spectant.
1573 4540 1769 4594 Deinde
1813 4556 1879 4594 ne
1924 4541 2043 4609 quis
2092 4541 2327 4595 diceret:

769 4630 903 4696 Quid
939 4630 1111 4696 igitur,
1159 4641 1227 4680 an
1258 4638 1310 4679 nt
1338 4641 1431 4680 eos
1466 4639 1703 4691 accuses,
1746 4626 1858 4679 haec
1891 4620 2100 4678 fecisti?
2132 4622 2231 4679 Per
2268 4640 2328 4680 ea

770 4734 887 4785 quae
912 4716 1077 4783 addit,
1109 4716 1208 4770 hoc
1242 4717 1473 4783 corrigit,
1505 4714 1687 4767 dicens
1716 4732 1728 4765 :
1760 4712 1879 4766 Non
1925 4716 2069 4781 quasi
2098 4714 2326 4779 habeam,

775 4808 837 4860 de
863 4823 957 4874 quo
983 4816 1175 4877 gentem
1201 4822 1357 4859 meam
1386 4820 1647 4868 accusem;
1674 4804 1765 4858 sed
1797 4815 1851 4857 ut
1881 4804 2169 4873 periculum
2197 4806 2332 4858 em»

770 4914 971 4968 gerem.
1027 4900 1250 4967 Propter
1291 4913 1385 4951 vos
1420 4900 1558 4953 enim
1606 4900 1703 4951 hac
1743 4910 1925 4953 catena
1974 4897 2331 4953 circumdatus

771 5003 909 5043 sum.
941 4987 1165 5043 Tantum
1206 4988 1373 5051 abest,
1412 4989 1597 5057 inquit,
1631 5001 1688 5043 ut
1717 4992 1929 5044 initnico
1953 5005 2075 5060 erga
2105 5004 2200 5043 vos
2226 4993 2325 5043 sim

769 5079 970 5142 animo,
999 5090 1053 5131 ut
1076 5077 1173 5133 bac
1201 5087 1383 5133 catena
1409 5079 1762 5133 circumdatus
1782 5081 1901 5133 sim.
1919 5081 2050 5147 Quid
2078 5097 2201 5152 ergo
2219 5082 2329 5136 illi?

768 5168 1029 5223 Sermone
1066 5170 1179 5236 ejus
1217 5168 1286 5223 ila
1328 5170 1464 5238 capti
1510 5180 1650 5237 sunt,
1684 5176 1741 5224 ut
1770 5182 1871 5224 non
1901 5173 2073 5227 Solum
2106 5189 2200 5241 pro
2235 5190 2323 5238 se,

770 5260 863 5313 sed
891 5261 1046 5314 etiam
1076 5275 1170 5329 pro
1200 5262 1433 5329 cognatis
1478 5264 1585 5316 suis
1629 5262 1993 5319 defensionem
2036 5276 2282 5335 pararent
2312 5284 2325 5321 :

769 5351 906 5416 quod
930 5350 1205 5405 declarans
1226 5351 1301 5405 sic
1327 5352 1493 5420 pergit
1522 5371 1532 5403 :
1563 5369 1580 5401 ι
1605 5351 1681 5406 Illi
1704 5366 1830 5407 vero
1860 5355 2106 5409 dixerunt
2127 5358 2174 5410 ei
2200 5374 2209 5407 :
2234 5357 2323 5410 21.

770 5439 875 5491 Nos
917 5454 1084 5508 neque
1118 5440 1301 5493 literas
1344 5440 1413 5495 de
1441 5451 1490 5495 te
1530 5440 1826 5509 accepimus
1853 5459 1880 5497 a
1908 5444 2107 5510 Judaea,
2155 5459 2325 5516 neque

764 5528 1057 5582 adveniens
1093 5530 1281 5598 aliquis
1315 5530 1533 5584 fratrum
1560 5534 1816 5588 nuntiavit
1851 5546 1941 5589 aut
1969 5537 2213 5606 loquutus
2243 5544 2325 5592 est

765 5618 960 5687 aliquid
995 5618 1063 5672 de
1109 5628 1158 5673 te
1195 5622 1337 5675 mali.
1384 5621 1473 5673 22.
1500 5622 1782 5690 Rogamus
1814 5635 1985 5678 autem
2015 5641 2042 5679 a
2072 5636 2122 5681 te
2142 5629 2324 5681 audire

763 5726 878 5778 qua:
909 5711 1072 5764 semis
1106 5728 1117 5763 :
1151 5726 1270 5766 nam
1293 5714 1356 5768 de
1380 5724 1523 5769 secta
1547 5716 1644 5769 hac
1670 5726 1849 5771 nutum
1876 5728 1954 5773 est
1986 5720 2158 5783 nobis,
2182 5720 2320 5788 quod

756 5802 953 5870 ubique
978 5802 1025 5855 ei
1048 5803 1440 5859 contradicitur.
1472 5825 1492 5856 ι
1538 5808 1611 5860 Ae.
1638 5810 1678 5861 si
1707 5809 1942 5863 dicerent
1976 5828 1989 5865 ι
2018 5810 2198 5879 Neque
2230 5826 2320 5878 per

2438 1552 2638 1616 literas,
2670 1566 2841 1620 neque
2868 1567 2963 1622 per
2994 1550 3238 1605 homines
3272 1551 3639 1621 signiﬁcaram
3663 1552 3864 1621 aliquid
3896 1556 4012 1607 mali

2436 1642 2501 1696 de
2529 1651 2579 1695 te
2608 1662 2619 1696 :
2654 1652 2888 1695 attamen
2920 1652 3023 1695 ate
3050 1642 3234 1697 audire
3262 1644 3523 1696 volumus.
3558 1642 3648 1697 Sic
3683 1658 4017 1714 pmoceupa-

2436 1744 2561 1787 runt
2603 1734 2920 1787 sententiam
2961 1734 3235 1789 declarare
3279 1750 3445 1799 suam,
3481 1746 3532 1789 et
3562 1736 3710 1789 aiunt
3740 1755 3751 1789 :
3783 1735 3925 1788 Nam
3962 1738 4018 1789 de

2436 1841 2570 1877 secta
2594 1824 2688 1876 hac
2721 1834 2894 1875 uotum
2934 1834 3006 1877 est
3052 1823 3213 1887 nobis,
3256 1824 3392 1890 quod
3442 1824 3621 1893 ubique
3668 1826 3713 1878 ei
3757 1828 4013 1879 contrarii.

2437 1915 2587 1968 citur.
2641 1915 2752 1968 Non
2805 1914 3013 1980 dicunt,
3070 1913 3528 1980 Contradicimus;
3577 1916 3693 1981 sed,
3742 1915 4011 1970 Contradi-

2436 2006 2597 2069 citur,
2643 2014 2697 2058 et
2743 2020 2802 2058 se
2850 2004 2918 2058 ab
2960 2006 3299 2059 accusatione
3347 2006 3646 2060 absolvunt.
3683 2026 3701 2059 ‹
3749 2009 3842 2062 23.
3893 2009 4015 2063 Cum

2436 2095 2838 2149 constituissent
2865 2105 3042 2149 autem
3074 2097 3119 2147 ei
3157 2096 3321 2159 diem,
3373 2107 3633 2150 venerunt
3675 2098 3742 2151 ad
3795 2112 3922 2151 eum
3971 2101 4015 2150 in

2441 2185 2723 2254 hospitium
2758 2187 2966 2254 plurimi
2998 2203 3011 2237 :
3040 2185 3231 2254 quibus
3271 2187 3572 2253 exponebat
3610 2188 3907 2242 testilicans
3936 2206 4018 2241 rc-

2440 2291 2597 2343 gnum
2630 2277 2754 2337 Dei,
2797 2276 3131 2344 suadensque
3162 2276 3239 2329 eis
3265 2274 3331 2329 de
3358 2275 3482 2329 Jesu
3509 2292 3572 2330 cx
3604 2277 3786 2347 Moyse
3815 2288 3873 2331 et
3906 2294 4019 2345 pro-

2439 2366 2633 2434 phetis,
2659 2380 2685 2416 a
2712 2378 2865 2419 mane
2891 2380 3055 2434 usque
3085 2365 3149 2418 ad
3179 2381 3479 2433 vesperam.
3499 2365 3587 2420 24.
3611 2366 3674 2420 Ει
3693 2369 3783 2421 alii
3808 2368 4017 2436 quidem

2438 2454 2726 2508 credebant
2758 2455 2841 2519 iis,
2872 2471 2990 2524 quae
3015 2454 3355 2518 dici-bantur,
3404 2455 3491 2508 alii
3533 2472 3658 2510 vero
3705 2472 3810 2509 non
3839 2460 4019 2511 crede

2440 2544 2584 2598 bant.
2618 2564 2636 2595 ι
2676 2544 2860 2597 Viden’
2887 2545 3155 2613 quomodo
3186 2560 3287 2598 non
3330 2546 3508 2599 statim
3558 2548 3869 2612 respondit,
3924 2548 4013 2599 sed

2439 2635 2580 2689 diem
2614 2636 2717 2689 illis
2737 2636 2988 2688 audiendi
3018 2635 3295 2690 constituit
3327 2656 3340 2688 :
3374 2654 3493 2691 cum
3521 2650 3698 2693 autem
3724 2643 4015 2699 venissent,

2440 2724 2739 2779 disserebat
2779 2740 2807 2778 a
2854 2724 2967 2794 iege
3014 2726 3208 2795 Moysis
3265 2738 3318 2781 et
3359 2742 3387 2779 a
3432 2728 3704 2796 prophetis
3738 2722 3750 2779 ἐ
3790 2748 3808 2778 ι
3843 2727 3909 2783 Et
3938 2731 4020 2781 alii

2442 2816 2749 2881 credebant,
2783 2818 2869 2871 alii
2907 2834 3034 2870 vero
3080 2836 3181 2871 non
3211 2820 3518 2873 credebant.
3561 2820 3650 2873 25.
3680 2819 3814 2873 Cum
3849 2829 4019 2875 autem

2443 2921 2547 2959 non
2596 2916 2777 2959 es~ent
2808 2910 3207 2961 consentientes
3235 2910 3375 2962 inter
3404 2924 3484 2973 se,
3529 2909 3900 2975 discedebant,
3946 2912 4020 2963 di-

2440 3005 2593 3050 cente
2643 2995 2807 3049 l‘anlo
2854 3012 3015 3050 unum
3057 2998 3278 3053 verbum
3314 3015 3326 3051 :
3362 2999 3504 3053 Bene
3544 2998 3773 3069 Spiritus
3809 3013 4021 3054 sanctus

2443 3086 2689 3156 loquutus
2719 3099 2799 3142 est
2822 3104 2914 3157 per
2934 3086 3124 3143 lsaiam
3153 3093 3463 3160 prophetam
3491 3093 3556 3145 ad
3588 3101 3764 3161 patres
3789 3102 4021 3155 nostros,

2442 3178 2530 3231 26.
2578 3180 2759 3232 dicens
2810 3197 2822 3231 :
2879 3180 3020 3234 Vade
3060 3181 3127 3234 ad
3176 3183 3427 3251 populum
3472 3184 3652 3245 istum,
3696 3193 3750 3238 et
3779 3184 3869 3239 die
3900 3186 4017 3238 eis:

2443 3271 2585 3323 Aure
2608 3268 2857 3335 audietis,
2908 3281 2961 3339 et
2994 3282 3098 3323 non
3129 3269 3473 3341 intelligetis;
3517 3284 3571 3327 et
3597 3276 3844 3329 videntes
3876 3275 4021 3329 vide-

2442 3359 2584 3422 bitis,
2634 3369 2685 3413 et
2728 3376 2832 3413 non
2876 3362 3202 3429 percipictis.
3248 3362 3337 3416 27.
3371 3363 3723 3417 lnerassatum
3758 3375 3845 3418 est
3883 3366 4023 3418 enim

2442 3463 2535 3502 cor
2561 3450 2737 3518 potiuli
2769 3449 2949 3517 hujus,
2998 3461 3051 3503 et
3087 3452 3306 3506 auribus
3347 3453 3579 3520 graviter
3620 3453 3929 3516 audierunt,
3976 3464 4025 3507 et

2440 3541 2625 3595 oculos
2649 3556 2775 3595 suos
2812 3551 3264 3610 compresserunt,
3313 3558 3379 3596 ne
3410 3544 3545 3597 forte
3569 3544 3786 3597 videant
3818 3546 4022 3605 oculis,

2441 3638 2495 3684 et
2537 3630 2752 3685 auribus
2790 3631 3027 3692 audiant,
3077 3640 3131 3685 et
3181 3631 3342 3685 corde
3374 3631 3687 3702 intelligant,
3717 3644 3771 3686 et
3802 3648 4026 3689 conver-

2441 3727 2615 3772 tantur
2640 3727 2693 3773 et
2720 3732 2902 3773 sanem
2934 3736 3028 3774 eos
3054 3737 3073 3771 ι
3112 3718 3263 3789 (lsai.
3285 3723 3333 3776 6.
3363 3720 3394 3774 9
3412 3732 3457 3774 et
3477 3722 3584 3792 l0).
3613 3722 3744 3777 Cum
3779 3723 4023 3779 discede-

2440 3809 2567 3861 bant
2592 3809 2730 3863 inter
2755 3824 2814 3865 se
2850 3810 3260 3877 dissentientes,
3313 3821 3437 3865 tunc
3480 3812 3663 3866 Isaiam
3706 3817 4021 3882 pronhetam

2440 3899 2617 3962 atl'ert,
2667 3916 2771 3954 non
2816 3909 2875 3954 ut
2920 3901 3023 3954 illis
3066 3903 3417 3966 convicietur,
3466 3903 3559 3957 sed
3592 3914 3648 3957 ut
3685 3903 3782 3957 hos
3828 3908 4021 3960 tirmet.

2439 3988 2575 4055 Quid
2605 3990 2678 4043 ait
2709 3989 2837 4044 ille?
2871 3992 3008 4043 Λευ-ε
3034 3993 3270 4055 audietis,
3294 4002 3341 4045 et
3366 4009 3465 4045 non
3489 3994 3799 4063 intelligetis.
3832 3996 4023 4050 Viden'

2438 4079 2705 4149 quomodo
2744 4080 2863 4133 illos
2897 4083 3039 4134 onmi
3070 4083 3220 4135 venia
3252 4080 3498 4151 indignos
3539 4083 3815 4136 ostendit?
3857 4086 4023 4155 siqui-

2436 4170 2557 4225 dem
2591 4172 2900 4241 prOpbetam
2940 4172 3197 4227 habentes
3222 4173 3331 4240 jam
3359 4174 3484 4226 olim
3520 4173 3632 4228 hac
3664 4178 4022 4243 prmnuntian-

2440 4270 2568 4326 tem,
2624 4279 2728 4317 non
2777 4265 3020 4317 Conversi
3074 4273 3214 4317 sunt.
3271 4262 3399 4318 Cum
3441 4276 3620 4318 autem
3667 4266 3814 4328 dicit,
3864 4267 4017 4331 Bene,

2439 4355 2673 4409 ostendit
2701 4355 2983 4422 illosjuste
3024 4354 3225 4423 eiectos
3255 4354 3436 4409 fuisse.
3481 4360 3652 4425 Atque
3678 4357 3743 4410 ita
3767 4362 4020 4428 gentibus

2439 4445 2618 4499 datum
2661 4457 2762 4510 est,
2818 4455 2877 4499 ut
2928 4447 3029 4499 hoc
3071 4449 3382 4515 mysterium
3424 4459 3833 4517 cognoscerent.
3880 4451 4019 4505 Nihil

2439 4534 2633 4589 mirum
2664 4536 2814 4604 igitur
2844 4539 2884 4587 si
2914 4536 3348 4591 eontradicebant
3376 4556 3389 4592 :
3422 4540 3520 4591 hoc
3550 4539 3659 4606 jatn
3704 4540 3835 4594 olim
3889 4558 4020 4610 pne-

2436 4627 2633 4682 dictum
2658 4627 2846 4681 fuerat.
2875 4628 3072 4682 Deinde
3100 4630 3267 4683 zelum
3294 4646 3478 4683 eorutn
3504 4638 3759 4699 provocat
3786 4648 3854 4687 ex
3887 4650 4017 4702 gen-

2439 4720 2599 4785 tibus,
2651 4722 2761 4774 haee
2795 4722 3084 4790 subiiciens
3118 4739 3129 4775 :
3170 4740 3187 4771 ι
3227 4721 3316 4774 28.
3352 4721 3542 4775 Notum
3593 4737 3719 4790 ergo
3746 4725 3818 4777 sit
3841 4726 4015 4786 vobis,

2437 4816 2682 4885 quoniam
2728 4814 2970 4883 gentibus
3016 4814 3235 4867 missum
3279 4821 3363 4866 est
3391 4811 3495 4866 hoc
3534 4814 3769 4869 salutare
3800 4814 3921 4881 Dei,
3969 4829 4017 4871 et

2439 4904 2535 4973 ipsi
2574 4902 2812 4956 audient.
2858 4899 2947 4957 “29.
2984 4903 3190 4957 Etcum
3234 4903 3346 4956 lure
3382 4901 3623 4965 dixisset,
3671 4904 3924 4959 exierunt
3955 4909 4017 4958 ab

2437 5008 2502 5046 eo
2523 4992 2717 5057 Judzri,
2751 4993 2967 5045 multam
3001 4992 3257 5047 habentes
3288 4995 3424 5046 inter
3446 5009 3503 5046 se
3530 4994 3904 5061 qna-stionem.
3931 4997 4017 5051 3t).

2436 5083 2624 5137 Mansn
2651 5092 2829 5137 autem
2864 5084 3075 5137 biennio
3098 5093 3209 5137 toto
3237 5085 3287 5136 in
3320 5099 3415 5138 suo
3444 5084 3727 5148 conducto,
3757 5098 3813 5138 ct
3846 5090 4017 5141 susci-

2436 5176 2615 5245 piebat
2664 5186 2853 5231 Omnes
2901 5176 2987 5244 qui
3037 5176 3466 5245 ingrediebantur
3492 5176 3555 5230 ad
3584 5192 3731 5241 eum,
3754 5178 3851 5231 51.
3889 5196 4019 5248 pra}-

2434 5268 2617 5323 dicans
2664 5286 2882 5337 regnum
2934 5268 3047 5330 Dei,
3097 5280 3146 5322 et
3184 5268 3381 5324 docens
3411 5285 3527 5338 qum
3558 5277 3679 5323 sunt
3705 5269 3771 5324 de
3804 5271 4020 5325 Christo

2434 5359 2557 5414 Jesu
2587 5378 2706 5414 eum
2732 5362 2875 5413 omni
2910 5360 3123 5425 ﬁducia,
3149 5360 3361 5415 nemine
3397 5360 3733 5430 prohibente.
3765 5382 3789 5415 ›
3822 5367 4019 5419 Amen.

2435 5450 2529 5505 llic
2558 5453 2788 5507 ostendit
2815 5452 3031 5505 demum
3077 5452 3374 5508 libertatem
3415 5469 3563 5507 suam
3596 5472 3610 5507 :
3646 5454 3833 5510 Romae
3864 5474 4016 5511 nam

2433 5556 2533 5609 que
2556 5544 2671 5595 sine
2700 5542 3080 5609 impedimento
3111 5544 3382 5612 praedicat,
3411 5546 3500 5614 qui
3533 5547 3587 5599 in
3612 5545 3798 5602 Iudaea
3830 5549 4019 5619 prohi-

2433 5631 2570 5685 bitus
2602 5632 2789 5693 fuerat,
2816 5644 2868 5685 ετ
2898 5636 3091 5688 mansit
3122 5635 3337 5689 biennio
3363 5635 3562 5691 docens
3592 5638 3718 5691 illic.

2500 5722 2552 5773 2.
2593 5722 2694 5777 Sed
2720 5723 2993 5791 superiora
3026 5735 3347 5794 repetamus.
3374 5726 3595 5795 Propter
3626 5729 3758 5781 hanc
3778 5745 4011 5793 causam,

2432 5813 2617 5883 inquit,
2648 5814 2885 5867 advocavi
2915 5830 2997 5869 vos
3038 5827 3087 5867 ut
3126 5818 3369 5881 riderent;
3401 5818 3450 5871 id
3476 5828 3579 5882 est,
3610 5817 3727 5871 ideo
3766 5819 3819 5872 id
3846 5819 4012 5883 volui,
