4120 6334
172 366 269 423 381

169 494 241 533 ne
276 475 504 545 cuipiam
539 475 722 531 liceret
764 488 849 529 me
886 486 1158 534 accusare,
1188 480 1242 524 et
1275 484 1392 538 qum
1420 468 1472 521 in
1510 474 1743 520 mentem

167 570 418 624 venerint
446 568 628 622 dicere
656 583 671 619 :
700 566 822 635 quia
850 578 1036 617 manus
1058 576 1242 616 eormn
1263 559 1443 629 effugi,
1476 569 1526 613 et
1554 558 1618 611 ad
1646 556 1747 611 hoc

166 658 312 713 veni.
366 657 479 714 Non
534 666 589 709 ut
627 655 747 708 aliis
784 653 919 707 mala
957 652 1228 716 inferrem,
1261 649 1355 704 sed
1385 659 1441 703 ut
1469 649 1581 718 ipse
1610 646 1745 699 mala

160 750 480 818 effugerem,
517 748 658 801 veni.
704 745 781 799 Illi
830 759 958 798 vero
1002 755 1269 813 reponunt
1302 760 1315 795 :
1351 742 1607 811 Rogamus
1642 755 1672 790 (ι
1704 747 1749 791 te

165 842 347 893 audire
384 855 497 909 quia
534 838 706 892 sentis.
742 834 873 891 Vide
917 836 1038 889 illos
1082 835 1412 889 mansuetius
1443 834 1745 902 loquentes.

172 928 451 1000 Rogamus,
480 928 742 996 inquiunt,
772 935 826 981 et
850 928 1033 980 volunt
1056 927 1214 979 etiam
1240 940 1336 993 pro
1363 924 1466 977 illis
1488 923 1747 975 rationem

180 1022 395 1076 'eddere
436 1039 451 1074 :
494 1020 615 1074 ideo
660 1019 946 1072 constituta
991 1018 1077 1071 die
1120 1025 1404 1070 venerunt.
1465 1014 1578 1067 Hoc
1620 1028 1749 1067 vero

165 1126 418 1180 magnum
464 1120 579 1164 erat
613 1118 1005 1178 argumentum,
1055 1106 1198 1176 quod
1221 1120 1279 1160 se
1310 1106 1408 1174 ipsi
1437 1105 1751 1159 damnarent

164 1216 342 1268 neque
389 1199 488 1253 sibi
541 1199 783 1252 ﬁderent.
812 1196 944 1252 Nam
991 1198 1035 1251 si
1077 1196 1351 1260 fidissent,
1402 1196 1592 1250 saltem
1620 1210 1750 1248 cott-

166 1293 465 1350 venissent.
495 1299 551 1343 ut
578 1290 748 1357 ipsum
780 1303 963 1343 secum
1000 1288 1370 1350 attraherent;
1401 1300 1541 1341 nunc
1570 1296 1748 1339 autem

160 1395 284 1435 cum
329 1396 435 1433 non
488 1378 749 1443 ﬁderent,
814 1377 947 1448 pigri
1003 1378 1217 1431 fuerunt
1266 1376 1331 1431 ad
1386 1376 1747 1431 veniendum:

162 1472 401 1542 alioquin
432 1486 558 1525 vero
585 1471 767 1534 etiam,
810 1469 954 1537 quod
999 1482 1146 1537 saepe
1178 1468 1518 1532 tentavcrint,
1565 1476 1748 1522 osten-

160 1562 358 1617 derunt
393 1577 452 1615 se
480 1561 724 1615 liduciam
759 1574 863 1613 non
898 1558 1113 1613 habere.
1149 1557 1215 1611 Et
1252 1558 1343 1611 alii
1376 1557 1576 1626 quidem
1602 1556 1749 1610 dictis

161 1653 454 1717 credebant,
489 1650 677 1720 inquit,
705 1650 795 1703 atii
825 1665 924 1703 non
953 1649 1241 1715 credebant,
1278 1658 1325 1703 et
1363 1665 1477 1701 cum
1504 1665 1604 1701 non
1631 1664 1751 1701 con-

161 1744 339 1797 cordes
379 1752 571 1806 essent,
600 1740 960 1804 discedebant;
1006 1739 1057 1794 id
1085 1747 1187 1805 est,
1217 1755 1325 1793 non
1356 1737 1639 1793 credentes
1666 1755 1749 1792 re-

162 1833 447 1888 cedebant.
483 1830 616 1886 Vide
641 1830 911 1901 quomodo
958 1844 1099 1883 nunc
1140 1845 1247 1883 non
1280 1830 1332 1883 in
1362 1829 1509 1883 illum
1542 1839 1750 1883 struant

162 1925 419 1989 insidias;
453 1922 546 1977 sed
577 1924 628 1976 in
654 1921 975 1986 Jutlaca,-ubi
1000 1921 1152 1990 quasi
1177 1921 1229 1974 in
1263 1920 1543 1990 tyrannide
1573 1930 1745 1973 erant.

160 2018 269 2072 Cur
296 2031 428 2086 ergo
452 2015 589 2069 Deus
617 2012 850 2083 providit
918 2021 975 2066 ut
1030 2012 1121 2065 illo
1172 2012 1443 2082 migraret,
1462 2011 1699 2080 dixitque
1730 2029 1744 2064 :

164 2108 400 2172 Festina,
429 2108 508 2159 exi
546 2122 609 2159 ea:
642 2104 927 2158 Jerusalem
982 2104 1118 2173 (Act.
1146 2104 1234 2157 9.2.
1280 2104 1411 2174 18)?
1455 2103 1519 2160 Ut
1561 2120 1746 2157 eorum

164 2203 400 2270 nequitia
449 2202 858 2263 ostenderetur,
914 2214 1123 2253 necnon
1194 2199 1388 2252 veritas
1451 2198 1748 2267 prophetia:

163 2291 382 2357 Christi,
410 2293 552 2362 quod
584 2307 687 2346 non
739 2290 1122 2345 sustinebunt:
1153 2299 1313 2359 utque
1348 2304 1535 2344 omnes
1575 2289 1746 2343 disce.

166 2394 307 2447 rent,
350 2386 522 2454 ipsum
569 2383 636 2438 ad
687 2382 994 2451 patiendum
1040 2396 1163 2437 esse
1197 2390 1463 2451 paratum,
1494 2380 1651 2450 idque
1680 2379 1746 2433 ad

160 2479 578 2535 cumulationem
608 2485 851 2545 vergeret
876 2490 1095 2534 eorum.
1128 2475 1214 2542 qui
1247 2482 1402 2527 erant
1430 2474 1481 2526 in
1509 2472 1693 2527 Judaza
1730 2489 1745 2525 :

162 2587 282 2626 nam
304 2580 361 2626 et
396 2570 466 2623 ibi
514 2569 675 2622 multa
704 2568 841 2621 mala
882 2580 1072 2637 passus
1122 2574 1224 2620 est.
1267 2565 1320 2617 Si
1355 2580 1482 2619 veto
1526 2566 1746 2620 Judaica

162 2662 482 2731 praedicans,
528 2668 671 2713 tanta
703 2674 893 2728 passus
927 2660 1028 2716 sit.
1073 2658 1117 2709 si
1161 2656 1502 2725 prmdieassct
1550 2658 1746 2711 Christi

160 2752 416 2823 gloriam,
461 2750 729 2819 quomodo
762 2749 813 2803 id
848 2749 1129 2803 tulissent?
1170 2748 1306 2801 Cum
1335 2763 1394 2802 se
1418 2749 1744 2817 puriticaret,

162 2860 266 2898 non
289 2852 407 2898 erat
433 2841 748 2905 tolerabilis,
778 2840 1048 2911 quomodo
1068 2851 1244 2893 autem
1276 2839 1570 2907 prcedicans
1612 2840 1747 2894 tole-

161 2935 349 2991 rabilis
368 2933 588 2987 fuisset?
616 2933 722 2988 Cur
747 2933 1009 2987 accusatis
1038 2930 1179 2985 nos?
1216 2930 1341 3001 quid
1367 2930 1628 2985 audistis?
1657 2930 1749 2985 Ni-

159 3026 233 3083 hil
272 3026 378 3080 tale
403 3025 557 3081 di‘xit.
596 3025 751 3079 Visus
779 3034 880 3090 est,
913 3033 965 3079 et
993 3039 1181 3079 omnes
1210 3024 1569 3093 exasperavit.
1618 3023 1748 3078 Jure

157 3133 284 3189 ergo
306 3118 554 3188 gentibus
597 3117 741 3172 salus
770 3131 1027 3172 concessa
1055 3127 1156 3181 est,
1187 3116 1309 3185 jure
1336 3116 1523 3187 procul
1549 3117 1745 3171 missus

154 3219 272 3273 est,
324 3207 435 3262 illic
475 3207 721 3278 gentibus
766 3207 1170 3277 prmdicaturus.
1225 3207 1503 3276 Perpende
1537 3218 1740 3273 autem,

156 3300 362 3369 primos
389 3297 605 3353 Judteos
640 3297 896 3361 advocat;
943 3306 1159 3366 postea,
1210 3306 1266 3349 ut
1315 3310 1399 3351 res
1445 3296 1548 3351 illis
1592 3312 1747 3351 mons

156 3388 371 3454 stravit,
414 3397 541 3441 tunc
583 3386 651 3441 ad
701 3396 891 3456 gentes
947 3387 1110 3441 venit.
1159 3386 1312 3453 Quod
1354 3402 1484 3441 vero
1524 3386 1745 3452 dixerit,

160 3478 304 3533 Dixit
335 3478 582 3547 Spiritus,
612 3477 743 3531 nihil
775 3478 969 3531 mirum
1003 3494 1017 3529 :
1053 3493 1174 3530 nam
1212 3478 1434 3547 angelus
1460 3478 1655 3533 dicitur
1683 3494 1746 3533 ea

155 3570 361 3631 dicere,
409 3582 530 3637 quas
581 3567 839 3622 Dominus
892 3567 1146 3637 loquitur.
1189 3566 1323 3621 Bene
1364 3568 1511 3629 dixit,
1556 3568 1744 3637 inquit,

156 3659 389 3729 Spiritus
453 3668 677 3710 sanctus.
714 3657 819 3713 Sed
864 3657 1091 3722 hic_sic,
1127 3658 1234 3712 illic
1270 3674 1375 3713 neu
1414 3660 1562 3713 item.
1596 3659 1747 3714 Alio-

154 3751 285 3817 quin
319 3765 446 3804 vero
471 3764 592 3803 cum
612 3752 682 3803 de
710 3750 1027 3819 quihusdam
1058 3750 1128 3803 ah
1155 3752 1348 3820 angelo
1380 3752 1539 3807 dictis
1572 3753 1746 3823 loqui-

155 3858 300 3907 mur,
327 3856 432 3894 non
462 3842 705 3901 dicimus,
735 3842 877 3895 Bene
906 3841 1039 3895 dixit
1081 3842 1339 3910 angelus;
1370 3843 1464 3897 sed
1496 3843 1639 3899 Bene
1670 3844 1750 3899 di—

155 3936 235 3989 xit
257 3934 535 3994 Dominus,
570 3932 713 3987 Bene
741 3932 872 3986 dixit
899 3933 1160 4003 Spiritus;
1190 3949 1252 3987 ac
1280 3934 1323 3987 si
1355 3934 1600 3990 diceret:
1630 3935 1747 3990 Non

154 4025 290 4078 mihi
344 4023 499 4077 [idem
545 4024 767 4093 negatis,
818 4024 910 4077 sed
954 4023 1195 4092 Spiritui.
1247 4024 1428 4094 Itaque
1469 4025 1575 4080 hoe
1619 4026 1749 4081 olim

157 4117 304 4171 Deus
332 4115 667 4184 praeviderat.
704 4115 804 4180 Qui
830 4130 941 4167 cum
970 4116 1366 4178 exantinasscnt,
1397 4117 1588 4185 inquit,
1618 4118 1726 4171 vole

154 4209 281 4263 bant
304 4223 387 4259 me
411 4206 697 4269 dimittere;
746 4206 797 4261 id
838 4216 941 4267 est,
973 4206 1105 4260 nihil
1145 4206 1491 4263 damnatione
1531 4210 1750 4280 dignum

155 4300 499 4354 invenientes
542 4300 591 4351 in
644 4312 749 4363 tne,
790 4298 1073 4352 absolvere
1103 4298 1369 4353 volebant.
1415 4299 1628 4354 Etcum
1658 4300 1751 4355 de~

155 4392 405 4445 huisscut
434 4390 579 4443 illum
613 4390 840 4459 eripere,
872 4389 1205 4445 tradiderunt
1236 4390 1287 4442 in
1321 4405 1512 4445 manus
1550 4392 1751 4445 Roma-

155 4497 357 4537 norum
384 4497 398 4543 ;
430 4490 485 4533 et
516 4489 657 4532 tanta
688 4490 803 4533 erat
834 4480 1091 4535 libertatis
1121 4480 1468 4547 abundantia,
1502 4492 1559 4535 ut
1590 4484 1751 4537 etiam

156 4574 262 4640 ipsi
291 4570 655 4625 condemnare
684 4584 786 4622 non
818 4579 1057 4639 possent,
1108 4571 1202 4623 scd
1236 4572 1469 4625 vinctum
1515 4572 1750 4626 tradide-

158 4669 309 4715 runt.
360 4659 573 4715 Coactus
613 4677 746 4725 sum,
801 4661 989 4730 inquit,
1037 4662 1298 4730 appellare
1328 4663 1613 4727 Caesarem;
1653 4681 1752 4719 non

155 4755 309 4824 quasi
346 4752 554 4805 habeam
598 4753 661 4805 de
697 4769 793 4816 quo
841 4765 1035 4822 gentem
1072 4771 1231 4806 meam
1274 4771 1500 4808 accusent
1521 4772 1539 4817 ;
1570 4756 1749 4822 idest,

160 4864 271 4900 nun
302 4853 360 4898 ut
392 4845 529 4897 mala
557 4846 675 4897 aliis
697 4843 946 4908 inferam,
971 4844 1064 4898 sed
1090 4854 1145 4897 ut
1168 4860 1253 4899 me
1281 4862 1309 4897 a
1335 4848 1486 4899 malis
1506 4849 1749 4913 liberem,

163 4940 271 4989 hoc
303 4934 425 4997 feci,
454 4949 551 4989 nec
580 4934 788 4995 lubens,
820 4934 911 4986 sed
941 4946 1177 4988 coactus.
1216 4935 1346 4989 Vide
1371 4946 1653 4990 verborum
1679 4952 1754 4990 ta-

161 5028 531 5080 niiliaritalctn
559 5042 570 5075 :
600 5040 702 5077 non
731 5040 789 5077 se
817 5025 1069 5087 alienum,
1101 5024 1192 5077 srd
1239 5027 1510 5093 proprium
1547 5028 1651 5080 illis
1681 5027 1756 5080 fa-

158 5122 259 5179 cit,
284 5133 408 5171 cunt
438 5115 587 5175 dicit,
621 5114 794 5167 Gentis
826 5131 962 5167 metu.
994 5117 1194 5169 Rursus
1222 5127 1397 5169 autem
1428 5118 1615 5185 dogma
1648 5120 1757 5173 dis-

164 5210 418 5266 Setninat.
444 5208 553 5262 Nec
581 5209 733 5271 dixit,
766 5224 868 5259 non
897 5224 1121 5273 accuso;
1154 5210 1267 5271 sed,
1302 5208 1420 5263 Non
1446 5210 1600 5263 habco
1622 5213 1757 5278 quod

167 5316 423 5363 accusem,
471 5300 571 5353 etsi
623 5310 726 5351 tam
773 5300 952 5366 gravia
999 5314 1207 5368 passus.
1240 5300 1378 5353 Nihil
1406 5316 1535 5371 ergo
1568 5305 1755 5356 hormu

168 5395 321 5459 dicit,
354 5409 420 5447 ne
445 5408 707 5447 onerosus
731 5402 872 5446 esset
904 5411 914 5444 :
947 5410 1117 5462 neque
1144 5394 1207 5445 ad
1238 5396 1461 5463 gratiam
1510 5398 1637 5465 ipsis
1672 5404 1754 5452 lo.

168 5488 263 5557 qui
291 5485 520 5539 videtur.
558 5485 681 5539 Ideo
704 5500 807 5537 non
840 5496 1022 5552 aperte
1052 5486 1306 5553 loquitur,
1337 5489 1428 5541 scd
1460 5490 1759 5545 StlilittdiCnl

171 5586 381 5632 tantum
423 5586 478 5630 et
523 5578 885 5643 prtctcrcurrit
914 5594 925 5627 ε
958 5576 1057 5629 hoc
1096 5578 1237 5630 enim
1275 5579 1483 5632 interim
1517 5584 1755 5636 studebat

170 5668 482 5733 ostendere,
506 5667 647 5736 quod
676 5666 930 5721 Romanis
956 5668 1099 5720 illutn
1131 5670 1360 5721 \iltt’ltllli
1395 5672 1750 5725 ttalidissent.

175 5760 251 5818 llli
282 5776 414 5815 vero
444 5775 564 5813 cum
607 5759 725 5813 illos
754 5760 1005 5813 damnare
1038 5770 1089 5814 et
1118 5778 1370 5814 accusare
1413 5764 1756 5832 oportuisset,

1111 354 1175 412 IN
1216 351 1392 411 ACTA
1432 342 1952 406 APOSTOLORUM.
1995 346 2225 405 llOMlL.
2266 350 2375 407 LV.

3342 351 3450 409 331

1853 463 2029 530 potius
2059 464 2352 519 defendunt
2381 479 2473 519 eos
2501 480 2514 530 ;
2558 464 2652 519 sed
2688 479 2781 534 per
2809 478 2891 530 ea,
2922 465 3116 536 quibus
3146 468 3447 537 apologiatn

1850 563 2161 618 coalexunt,
2189 556 2332 623 ipsos
2359 565 2632 609 accusant.
2660 554 2855 608 Notum
2882 566 2955 609 est
2979 558 3142 618 nobis,
3177 558 3444 626 inquiunt,

1850 643 1987 711 quod
2010 644 2191 714 ubique
2216 648 2607 700 contradicitur.
2639 646 2743 701 Sed
2772 648 2981 702 etiamsi
3018 650 3119 702 hoc
3147 653 3365 721 conting
3387 664 3444 716 -t,

1852 745 2084 789 attamen
2115 736 2312 806 ubique
2335 738 2575 793 creditis.
2612 738 2807 805 Quibus
2834 742 3137 807 exponebat,
3186 743 3375 813 inquit,
3419 761 3451 794 a

1853 824 1960 893 lege
1985 835 2031 878 et
2058 827 2337 894 praphetis.
2373 828 2503 881 Vide
2532 844 2719 883 rursus
2742 829 2894 883 illum
2922 848 3025 885 non
3060 848 3089 883 a
3132 833 3320 902 signis,
3354 834 3449 887 scd

1853 929 1881 967 a
1909 914 2025 985 lege
2072 929 2124 970 et
2166 919 2440 987 prophetis
2485 934 2546 973 os
2593 920 2701 975 illis
2740 921 3011 986 oliturarc,
3043 932 3095 976 et
3120 925 3317 993 ubique
3346 926 3447 977 hoc

1852 1018 2031 1073 agere,
2075 1008 2174 1061 etsi
2209 1007 2393 1062 liceret
2433 1011 2584 1077 signa
2634 1007 2847 1074 faecrc;
2898 1011 2993 1065 sed
3040 1011 3298 1081 deinceps
3342 1030 3447 1066 non

1856 1098 1976 1152 fidei
2021 1115 2107 1154 res
2147 1101 2334 1155 fuisset
2367 1118 2379 1154 :
2416 1117 2665 1171 magnum
2707 1104 2849 1156 enim
2883 1113 2999 1158 erat
3038 1105 3250 1174 signum
3277 1122 3305 1158 a
3336 1108 3451 1175 lege

1853 1198 1904 1242 et
1931 1189 2206 1259 prophetis
2238 1191 2526 1247 disserere.
2562 1193 2793 1259 Deinde,
2838 1210 2905 1249 ne
2935 1204 3085 1263 putes
3114 1210 3224 1250 rem
3255 1213 3447 1250 novatn

1853 1296 1994 1348 esse,
2042 1283 2181 1351 quod
2223 1284 2298 1337 illi
2339 1285 2600 1340 increduli
2630 1299 2932 1350 manerent,
2970 1290 3181 1344 inducit
3212 1292 3446 1362 prOphc-

1856 1370 1980 1424 tiam
2011 1372 2278 1428 dicentem
2311 1393 2323 1429 :
2356 1376 2494 1430 Aure
2518 1378 2756 1443 audietis,
2782 1388 2833 1432 et
2856 1396 2955 1433 non
2982 1381 3310 1452 intelligetis;
3331 1400 3445 1437 ma-

1853 1463 1933 1533 gis
1958 1480 2118 1530 nune,
2151 1467 2344 1535 inquit,
2374 1482 2534 1537 quam
2570 1478 2695 1524 tunc
2726 1488 2738 1523 :
2769 1480 2814 1523 et
2847 1470 3096 1537 videbitis,
3128 1484 3173 1526 et
3201 1491 3302 1528 non
3336 1493 3449 1542 per-

1853 1552 2091 1623 cipietis;
2123 1556 2292 1625 magis
2326 1572 2466 1612 nunc
2502 1573 2659 1628 quam
2713 1570 2860 1615 tunc.
2903 1561 3104 1617 Contra
3142 1565 3451 1621 incredulos

1853 1643 1975 1697 illos
1999 1644 2113 1699 huic
2150 1646 2288 1700 dicta
2323 1646 2557 1715 fuerant,
2601 1666 2720 1719 quae
2748 1667 2853 1706 non
2877 1654 3234 1711 conviciantis
3270 1668 3443 1717 erant.

1853 1736 1947 1790 sed
1973 1736 2355 1793 odendiculum
2389 1742 2645 1797 tollentis.
2691 1743 2886 1798 Natant
2915 1762 3033 1817 ergo
3060 1749 3126 1800 sit
3165 1749 3324 1815 vobis,
3363 1752 3446 1804 in-

1851 1830 1987 1899 quit,
2014 1831 2149 1897 quod
2177 1833 2229 1885 in
2265 1843 2437 1903 gentes
2481 1851 2692 1889 nussum
2732 1846 2805 1890 est
2846 1838 3072 1893 salutare
3108 1839 3202 1893 Dei
3231 1858 3249 1895 :
3275 1844 3362 1911 qui
3403 1854 3451 1896 et

1851 1923 2077 1977 audient.
2107 1921 2213 1978 Cur
2239 1940 2368 1995 ergo
2397 1927 2551 1980 nobis
2579 1927 2858 1997 loqueris?
2888 1944 2957 1983 an
2991 1930 3104 1985 huic
3134 1933 3451 1989 nesciebas?

1856 2013 2047 2078 Etiam,
2077 2014 2169 2068 sed
2198 2024 2254 2069 ut
2276 2016 2509 2071 credatis
2540 2019 2804 2072 rationem
2836 2020 3002 2074 reddo
3022 2063 3037 2087 ,
3081 2032 3135 2076 et
3165 2032 3221 2077 ut
3250 2026 3449 2080 nemini

1851 2103 1972 2157 dem
2000 2120 2206 2158 ansam.
2255 2106 2467 2173 Mansit,
2511 2109 2704 2179 inquit,
2742 2110 2943 2165 Paulus
2975 2122 3077 2166 toto
3105 2114 3326 2181 biennio,
3358 2120 3449 2170 do-

1850 2210 1966 2248 cens
1986 2211 2101 2248 cum
2130 2198 2269 2249 omni
2292 2199 2517 2265 fiducia,
2564 2202 2765 2255 nemine
2802 2205 3116 2272 prohibente.
3163 2207 3305 2263 Bene
3349 2211 3451 2264 hoc

1850 2285 2056 2341 addidit
2084 2306 2097 2341 :
2131 2292 2394 2360 contingit
2420 2294 2565 2347 enim
2605 2293 2894 2363 aliquando
2930 2298 3100 2353 libere
3140 2300 3446 2370 loquentem

1851 2377 2145 2446 prohiberi.
2188 2380 2457 2435 Fiduciam
2486 2398 2615 2452 ergo
2644 2384 2790 2438 Pauli
2822 2387 2954 2440 nihil
2988 2390 3301 2456 prohibuit,
3352 2394 3447 2447 sed

1851 2469 2009 2521 etiam
2038 2470 2253 2525 nemine
2281 2470 2598 2539 prohibente
2626 2474 2779 2528 dixit.
2814 2476 3004 2531 Mansit
3026 2490 3194 2533 autem
3221 2481 3444 2549 Paulus,

1850 2559 2040 2628 inquit,
2081 2560 2281 2615 biennio
2320 2572 2423 2615 toto
2464 2564 2517 2616 in
2559 2567 2769 2633 praptio
2798 2569 3048 2623 conducto
3067 2589 3087 2636 ;
3119 2573 3187 2625 ita
3220 2587 3332 2628 erat
3362 2591 3449 2631 se-

1849 2650 2043 2715 dulus;
2086 2651 2192 2705 imo
2221 2653 2289 2706 ita
2325 2654 2636 2724 magistrum
2666 2674 2822 2712 suum
2860 2660 3172 2717 imitabatur
3194 2666 3246 2718 in
3274 2668 3451 2723 omni-

1850 2742 1970 2808 bus,
2001 2752 2057 2797 ut
2082 2744 2242 2798 etiam
2270 2745 2599 2801 domicilium
2628 2747 2850 2806 haberet
2877 2767 2981 2807 non
3003 2770 3069 2809 ex
3091 2757 3281 2812 alienis
3308 2760 3450 2815 labo-

1849 2834 2029 2901 ribus,
2079 2836 2173 2891 sed
2218 2854 2285 2892 ex
2329 2840 2484 2894 suis:
2518 2840 2623 2896 hoc
2662 2843 2804 2897 enim
2854 2845 3120 2916 signiﬁcat
3164 2851 3328 2918 illud,
3380 2853 3447 2908 In

1848 2928 2059 2997 proprio
2100 2930 2371 2985 conducto.
2403 2931 2558 2999 Quod
2584 2942 2762 2988 autem
2802 2935 3060 2994 Dominus
3085 2958 3297 3012 quoque
3326 2946 3448 2999 nul-

1849 3016 1953 3070 lam
1997 3018 2216 3074 haberet
2250 3021 2467 3076 domum
2490 3064 2506 3089 ,
2538 3025 2663 3078 audi
2699 3026 2846 3081 illutn
2882 3040 3025 3084 recte
3053 3032 3321 3089 dicentem
3356 3039 3445 3105 ei,

1848 3112 1939 3179 qui
1969 3112 2070 3166 sibi
2097 3113 2312 3169 dixerat
2345 3133 2357 3168 :
2383 3117 2585 3186 Sequar
2614 3126 2681 3181 te,
2714 3135 3030 3191 quocumque
3058 3126 3175 3180 ieris
3204 3144 3223 3180 :
3259 3126 3448 3199 Vulpes

1848 3206 2019 3273 foveas
2048 3206 2255 3268 habent,
2285 3216 2331 3260 et
2364 3210 2589 3263 volucres
2617 3209 2729 3263 (teli
2753 3212 2937 3277 nidos;
2971 3214 3019 3267 Γ
3021 3217 3139 3270 ilius
3169 3229 3335 3272 autem
3366 3222 3452 3275 Ito-

1849 3297 2000 3350 minis
2038 3313 2140 3351 non
2178 3299 2348 3365 habet,
2392 3301 2477 3353 ubi
2510 3312 2665 3366 caput
2704 3321 2855 3357 suum
2897 3308 3103 3362 reclinet
3151 3310 3362 3381 (Matth.
3392 3315 3448 3370 8.

1847 3387 1963 3459 ξολ.
1995 3390 2086 3444 Sic
2118 3406 2213 3459 per
2239 3406 2297 3445 se
2324 3391 2507 3447 docuit
2536 3394 2667 3449 nihil
2697 3411 2818 3458 esse
2848 3399 3253 3469 possidendum,
3278 3420 3451 3476 neque

1849 3479 2007 3534 rebus
2034 3483 2263 3537 terrenis
2291 3483 2603 3539 hmrendum
2635 3501 2775 3541 esse.
2811 3486 2879 3542 Et
2904 3492 3210 3560 excipiebat,
3244 3496 3449 3565 inquit,

1851 3568 2099 3625 venientes
2126 3572 2193 3623 ad
2219 3588 2294 3635 se,
2323 3574 2609 3642 prwdicans
2630 3592 2842 3646 regnum
2870 3577 2984 3631 Dei.
3036 3581 3166 3637 Vide
3194 3585 3341 3639 illum
3370 3589 3451 3641 tti-

1852 3660 1923 3713 hil
1948 3661 2015 3714 de
2042 3662 2425 3730 prtesentibus.
2474 3666 2569 3719 sed
2610 3668 2786 3719 omnia
2811 3667 2879 3723 de
2908 3685 3074 3740 regno
3105 3673 3196 3728 Dei
3223 3675 3448 3745 loqueno

1853 3759 1980 3803 tem.
2025 3751 2209 3805 Viden‘
2242 3751 2332 3807 Dei
2359 3754 2789 3821 providentiam?
2832 3760 2928 3814 llic
2972 3777 3281 3821 sermonem
3309 3769 3450 3826 sistit

1852 3852 2038 3895 auctor
2068 3842 2221 3908 libri,
2250 3858 2313 3898 ac
2344 3844 2598 3915 relinquit
2644 3848 2943 3905 auditorem
2980 3855 3271 3923 sitientem,
3303 3868 3359 3915 ut
3383 3877 3448 3918 ex

1856 3934 2035 4002 seipso
2065 3935 2320 4006 deinceps
2350 3939 2717 3995 ratiociuetur.
2769 3943 2880 3999 Hoc
2909 3956 2963 4000 et
2995 3950 3171 4003 exteri
3204 3950 3404 4008 faciunt
3433 3975 3449 4013 :

1855 4042 1976 4079 nam
2028 4030 2208 4081 omnia
2254 4030 2418 4095 scire,
2468 4032 2715 4102 ignavum
2756 4046 2811 4089 et
2855 4039 3213 4109 negligentem
3254 4045 3448 4100 reddit.

1854 4116 1966 4171 Hoc
2000 4128 2177 4171 autem
2221 4117 2366 4184 facit,
2418 4132 2473 4175 et
2515 4139 2634 4191 quae
2678 4136 2902 4195 sequuta
2930 4140 3073 4193 sunt,
3108 4147 3213 4185 non
3249 4146 3450 4202 narrat,

1853 4210 2179 4277 superfluum
2226 4211 2274 4265 id
2328 4221 2520 4282 putans
2567 4214 2665 4277 iis,
2704 4219 2791 4283 qui
2820 4234 2880 4273 ea
2923 4236 3043 4290 quae
3075 4225 3270 4293 scripta
3299 4239 3453 4281 erant

1854 4300 2111 4370 legerent,
2139 4312 2192 4356 et
2219 4303 2341 4355 hinc
2372 4304 2676 4358 ediscerent
2704 4322 2823 4377 qua:
2847 4309 2927 4363 his
2950 4310 3213 4368 adderent
3247 4334 3260 4368 :
3297 4318 3452 4386 plane

1852 4391 1993 4443 enim
2017 4394 2189 4461 qualia
2210 4394 2409 4461 priora,
2447 4396 2570 4447 talia
2599 4413 2717 4465 quin
2742 4410 2861 4466 post
2884 4413 3107 4471 sequuta
3140 4418 3282 4459 sunt.
3314 4410 3449 4462 Audi

1854 4496 1982 4535 vero
2008 4484 2180 4552 qualia
2207 4494 2389 4552 postea
2418 4486 2660 4540 scribens
2692 4490 2757 4542 ad
2790 4490 3079 4555 Romanos,
3110 4496 3253 4551 dicat
3286 4519 3297 4552 :
3326 4499 3453 4554 Cum

1855 4576 2149 4644 proﬁciscar
2170 4578 2220 4629 in
2243 4576 2579 4646 Hispaniam,
2605 4582 2799 4635 veniant
2828 4585 2894 4635 ad
2917 4602 3001 4639 vos
3029 4587 3203 4657 (Rom.
3240 4592 3447 4659 15.9“).

1927 4668 1978 4719 '5.
2012 4665 2199 4720 Viden’
2231 4670 2499 4735 quomodo
2520 4672 2701 4725 omnia
2732 4676 3030 4741 prmvideat
3066 4693 3277 4735 Sacrum
3321 4685 3449 4738 illud

1855 4766 1908 4810 et
1937 4757 2172 4810 divinum
2224 4769 2424 4827 caput,
2477 4760 2566 4813 ille
2599 4764 2686 4830 qui
2709 4764 2941 4818 animam
2977 4767 3137 4823 habet
3166 4775 3341 4825 munia
3374 4775 3448 4827 δίο

1858 4850 1963 4902 titul
1994 4852 2461 4918 complectentem,
2491 4852 2580 4921 qui
2612 4856 2812 4922 primas
2837 4872 3014 4925 partes
3038 4873 3282 4930 Occupat,
3319 4863 3452 4918 i‘uu-

1859 4943 1979 4993 lus'.’
2002 4941 2152 5010 cujus
2179 4943 2352 4996 solum
2378 4959 2571 4998 nomen
2602 4947 2897 5001 scientibus
2921 4950 3116 5004 sufﬁcit
3136 4954 3198 5006 ad
3218 4956 3449 5010 animum

1857 5032 2210 5094 excitandam,
2233 5033 2296 5084 ad
2327 5032 2673 5101 vigilantiam,
2707 5037 2772 5088 ad
2791 5052 3038 5092 somnum
3071 5045 3448 5101 excutiendum

1859 5142 2095 5178 omnem.
2130 5126 2352 5194 Excepit
2376 5127 2525 5180 illum
2557 5128 2724 5181 Roma
2756 5130 3009 5195 vinctum,
3044 5149 3110 5187 ex
3134 5138 3341 5190 tnarino
3372 5141 3459 5192 itt-

1865 5233 1993 5269 nere
2020 5217 2167 5269 littus
2196 5226 2536 5284 tangentem,
2570 5234 2597 5270 a
2630 5218 2905 5290 naufragio
2934 5234 3237 5292 servatura,
3284 5239 3338 5279 et
3389 5231 3453 5282 li-

1862 5308 2041 5360 bcrata
2089 5317 2172 5360 est
2207 5322 2235 5360 a
2275 5308 2549 5377 naufragio
2585 5311 2804 5363 erroris.
2855 5311 3005 5366 Sicut
3037 5316 3180 5367 enim
3217 5334 3306 5372 rex
3340 5330 3452 5386 post

1865 5401 2104 5453 navalem
2150 5415 2377 5468 pugnam
2420 5412 2473 5454 et
2508 5402 2823 5469 victoriam,
2859 5405 2909 5457 in
2939 5408 3272 5474 splendidam
3314 5412 3451 5467 illam

1866 5491 2168 5559 rcgiamqne
2202 5492 2385 5545 urbem
2418 5492 2689 5560 ingressus
2720 5506 2819 5547 est.
2856 5496 2928 5549 De
2954 5498 3034 5549 his
3056 5499 3332 5563 scribens,
3374 5504 3453 5556 tli-

1865 5583 2021 5634 ct-liat
2049 5601 2057 5633 :
2099 5583 2301 5635 l’cnt'nm
2323 5626 2335 5644 ,
2368 5592 2417 5637 el
2451 5584 2721 5639 vobiscum
2752 5586 3022 5653 quiescam
3057 5592 3105 5641 in
3141 5591 3458 5659 plenitudine

1870 5675 2223 5727 bcncdictimtis
2253 5668 2510 5743 Evangelii
2558 5676 2755 5746 (lium.
2810 5679 2890 5730 15.
2935 5680 3004 5734 ‘29
3032 5681 3081 5747 );
3128 5694 3178 5735 ct
3238 5701 3452 5751 t‘ttrstm,

1875 5768 1946 5819 1ιό
1979 5768 2351 5819 ιιιίιιιδιιιιιιιηιδ
2386 5768 2433 5818 in
2462 5766 2745 5819 Jerusalem
2785 5767 2911 5839 (Id.
2948 5787 2994 5823 ιο.
3036 5768 3155 5824 iiii.
3206 5772 3311 5825 lloc
3348 5790 3454 5837 cst,
