4118 6340
734 459 877 529 quod
894 458 1102 513 dicebat
1130 474 1142 509 :
1176 453 1534 521 Eleemosynas
1563 454 1787 520 facturus
1815 443 1950 516 genti
1981 458 2125 507 nteit,
2147 445 2301 495 adve-

736 553 789 604 ni
813 552 834 621 (
855 553 966 603 Act.
999 548 1087 601 ει.
1115 546 1182 601 l7
1208 545 1249 615 ).
1272 543 1389 600 Jam
1418 556 1580 613 prope
1598 549 1711 595 erat
1732 547 1791 593 ut
1815 551 2068 593 coronam
2098 533 2305 603 accipe-

736 653 820 697 ret
843 660 855 695 :
889 639 1095 705 excepit
1114 638 1258 691 illum
1276 636 1444 690 Roma
1468 635 1722 697 vinctum,
1740 630 1976 699 viditque
1991 633 2303 682 coronatum

735 745 788 788 et
816 733 1222 803 proclamatum.
1271 729 1382 783 Illic
1416 725 1678 779 Vobiscum
1723 723 1972 791 quiescam
1995 718 2180 789 (Rom.
2213 715 2300 769 l5.

733 824 802 878 '52
829 827 871 893 ),
889 822 1077 891 inquit.
1104 819 1281 874 lsthuc
1308 817 1464 880 vado,
1489 813 1884 867 ministraturus
1910 811 1961 864 in
1982 808 2297 864 Jerusalem.

735 914 844 967 lloc
869 923 1045 967 autem
1075 910 1277 965 initium
1298 920 1486 961 cursus
1515 905 1707 958 iterum
1724 912 1864 966 erat,
1889 910 1942 955 et
1966 910 2166 969 tropaea
2195 905 2305 948 tro-

734 1004 861 1071 pzcis
908 1001 1163 1063 addebat,
1210 993 1629 1065 inexpugnabilis
1677 1007 1798 1047 cum
1827 999 1988 1045 esset.
2016 984 2303 1041 Corinthus

736 1095 883 1147 illum
912 1090 1133 1145 detinuit
1158 1087 1365 1142 duobus
1394 1086 1570 1149 annis,
1600 1084 1724 1137 Asia
1757 1083 1945 1147 tribus,
1970 1080 2134 1133 Roma
2165 1077 2301 1131 duo-

736 1185 831 1235 bus
854 1222 871 1247 ,
914 1194 1018 1249 quo
1064 1178 1298 1233 secundo
1328 1177 1507 1239 venit,
1534 1172 1748 1243 quando
1777 1178 2173 1225 consummatus
2198 1177 2299 1221 est.

733 1271 798 1325 In
826 1272 992 1339 prima
1032 1285 1140 1323 mea
1177 1268 1466 1335 defensione
1488 1307 1501 1329 ,
1533 1265 1740 1334 inquit,
1774 1262 1944 1318 nullus
1973 1260 2095 1313 mihi
2131 1259 2304 1311 aderat

730 1362 820 1427 (2.
868 1358 1001 1414 Tim.
1051 1360 1105 1413 4.
1149 1358 1214 1412 16
1238 1360 1283 1427 ).
1326 1355 1416 1410 Sic
1456 1370 1594 1409 nunc
1639 1353 1850 1423 effugit,
1884 1362 1937 1406 et
1973 1366 2095 1405 cum
2134 1358 2301 1403 totum

736 1452 1009 1521 implesset
1037 1449 1218 1503 orbem
1236 1489 1251 1512 ,
1280 1448 1357 1501 sic
1381 1447 1540 1499 vitam
1590 1443 1780 1496 finivit.
1817 1440 1955 1508 Quid
1982 1440 2196 1493 volebas
2223 1439 2303 1492 di-

734 1558 883 1597 scere
935 1557 1052 1611 quze
1105 1538 1436 1608 sequuntur?
1474 1535 1619 1589 Talia
1660 1543 1817 1598 sunt,
1864 1531 2035 1601 qualia
2087 1530 2299 1598 priora:

736 1633 963 1696 vincula,
996 1640 1277 1693 tormenta,
1310 1642 1497 1697 pugna:
1520 1666 1534 1689 ,
1565 1640 1809 1679 carceres
1830 1664 1844 1689 ,
1874 1623 2077 1675 insidia:
2101 1661 2117 1686 ,
2142 1634 2302 1689 syco-

736 1722 995 1790 pbantise,
1040 1720 1360 1790 quotidiana
1410 1726 1630 1771 mortes.
1668 1714 1853 1769 Vidisti
1903 1714 2043 1767 illius
2088 1726 2301 1781 parvam

738 1812 983 1880 partem?
1010 1810 1098 1865 Sic
1126 1810 1327 1877 cogites
1354 1808 1555 1876 reliqua
1584 1821 1642 1860 se
1672 1805 1886 1858 habere.
1913 1802 2064 1858 Sicut
2091 1802 2144 1855 in
2172 1803 2303 1855 cmlo

738 1915 1124 1972 quamcumque
1145 1898 1342 1953 videris
1371 1905 1597 1966 partem,
1629 1896 1758 1948 tales
1785 1904 1907 1947 sunt
1933 1894 2051 1945 aliae
2079 1902 2255 1958 partes
2282 1907 2297 1954 ;

733 1994 777 2046 si
824 1991 964 2044 enim
1004 1990 1119 2043 czeli
1149 2003 1303 2041 uuam
1355 1995 1554 2055 partem
1605 1984 1803 2049 videas,
1837 1996 2169 2051 quocumque
2226 1980 2300 2034 ie-

738 2082 830 2145 ris,
873 2078 1195 2133 tantumdem
1238 2076 1479 2129 videbis:
1526 2074 1613 2129 vel
1641 2074 1779 2128 sicut
1807 2073 1935 2127 solis
1963 2072 2141 2126 radios
2166 2070 2209 2122 si
2236 2084 2302 2123 ex

731 2181 881 2239 parte
907 2171 1123 2235 videris,
1155 2170 1278 2223 hinc
1302 2168 1522 2235 cunjieis
1549 2166 1721 2235 qualis
1748 2165 1828 2219 sol
1849 2166 1917 2217 sit
1942 2181 1955 2216 :
1976 2163 2055 2216 sic
2074 2162 2141 2216 de
2165 2162 2300 2215 Pau-

731 2266 785 2319 lo
826 2263 1132 2319 dicendum.
1183 2261 1311 2330 Ejus
1356 2269 1473 2313 acta
1504 2258 1698 2327 partim
1736 2257 1913 2311 vidisti
1946 2272 1961 2311 :
1993 2256 2173 2310 omnia
2201 2254 2303 2307 alia

731 2353 923 2407 similia
950 2360 1111 2417 sunt,
1138 2350 1385 2420 periculis
1425 2350 1600 2418 plena.
1638 2348 1728 2402 Ille
1750 2348 1934 2401 caelum
1975 2356 2090 2400 erat
2134 2345 2299 2399 solem

732 2443 948 2511 iustitiae
974 2441 1196 2505 habens,
1218 2454 1325 2493 non
1351 2438 1623 2507 vulgarem
1648 2438 1831 2501 illum;
1859 2448 2017 2503 atque
2043 2438 2175 2490 adeo
2194 2451 2301 2491 ca:-

730 2534 784 2588 lo
810 2533 997 2587 melior
1024 2531 1104 2585 vir
1134 2531 1222 2586 ille
1244 2539 1375 2585 erat.
1405 2534 1486 2583 An
1512 2529 1613 2584 hoc
1638 2543 1823 2598 parum
1839 2542 1961 2583 esse
1982 2528 2168 2590 putas?
2190 2528 2303 2596 Ego

731 2623 942 2693 quidem
973 2636 1077 2675 non
1096 2620 1363 2675 existimo.
1384 2619 1516 2673 Cum
1535 2619 1847 2687 Apostolum
1874 2618 2094 2682 dixeris,
2123 2620 2302 2672 statim

732 2717 878 2770 illum
906 2729 1092 2769 onmes
1112 2713 1449 2783 cogitabunt;
1485 2720 1541 2765 ut
1561 2726 1683 2766 cum
1710 2711 1997 2779 Baptislam
2016 2710 2170 2774 dicis,
2195 2719 2303 2765 sta-

734 2808 826 2861 tim
856 2806 1088 2861 Joannes
1111 2805 1388 2872 cogitatur.
1422 2801 1519 2856 Cui
1537 2801 1619 2855 rei
1646 2801 1766 2869 quis
1792 2800 1935 2853 illius
1961 2800 2125 2853 verba
2154 2813 2304 2853 com-

734 2896 1029 2965 paraverit?
1055 2894 1226 2961 mari,
1256 2908 1323 2947 an
1353 2892 1599 2947 Oceano?
1626 2891 1731 2948 Sed
1772 2890 1901 2946 nihil
1944 2906 2038 2960 par
2067 2890 2169 2945 illis
2196 2900 2300 2947 est.

734 2986 899 3055 llujus
921 2985 1091 3038 fluxus
1114 2983 1269 3054 longe
1291 2993 1415 3039 sunt
1437 2983 1658 3037 marinis
1686 2982 2093 3051 frequentiores,
2120 2982 2302 3051 purio-

730 3090 820 3130 res
842 3116 856 3140 ,
886 3072 1290 3143 profundiores;
1335 3083 1394 3143 ut
1420 3088 1525 3126 non
1559 3073 1888 3126 aberraverit
1915 3074 2004 3141 qui
2029 3086 2123 3126 cor
2154 3072 2302 3126 Pauli

735 3181 879 3221 mare
922 3177 977 3220 et
1009 3166 1197 3219 celum
1233 3180 1353 3219 esse
1396 3166 1586 3219 dixerit
1617 3183 1630 3218 :
1661 3166 1850 3219 caelum
1886 3166 1955 3220 ob
1981 3166 2262 3233 puritatem
2285 3204 2299 3228 ,

737 3271 882 3310 mare
908 3258 976 3311 ob
1001 3254 1433 3325 profunditatem.
1466 3254 1610 3309 Mare
1630 3264 1731 3318 est.
1760 3271 1863 3309 non
1886 3256 2028 3324 quod
2053 3256 2297 3325 navigan-

736 3355 814 3399 tes
838 3346 903 3399 ab
931 3346 1060 3398 urbe
1089 3345 1139 3397 in
1170 3343 1353 3398 urbem
1382 3344 1559 3409 ducat,
1589 3344 1681 3397 sed
1704 3359 1730 3396 a
1763 3354 1901 3399 terra
1928 3346 1980 3399 in
2002 3346 2223 3401 caelum:
2257 3347 2302 3399 si

733 3436 850 3505 quis
893 3434 991 3489 hoc
1037 3448 1185 3488 mare
1217 3436 1464 3503 naviget,
1497 3434 1725 3489 secunda
1768 3449 1898 3489 aura
1927 3437 2215 3505 navigabit.
2244 3437 2301 3491 in

738 3526 837 3581 hoc
863 3526 994 3580 mari
1024 3542 1128 3580 non
1157 3526 1302 3581 venti
1327 3537 1469 3591 sunt,
1498 3526 1590 3580 sed
1632 3527 1746 3581 vice
1792 3528 1931 3581 venti
1960 3526 2191 3598 Spiritus
2218 3529 2302 3584 di-

740 3618 894 3671 vinus
917 3627 971 3671 ct
1014 3625 1230 3671 sanctus
1258 3617 1563 3687 navigantes
1592 3618 1798 3671 animas
1822 3618 1966 3673 vehit
1995 3637 2011 3671 :
2047 3636 2153 3674 non
2179 3629 2303 3676 sunt

740 3709 827 3762 hic
870 3707 1079 3770 ﬂuctus,
1128 3723 1231 3761 non
1272 3718 1354 3763 est
1393 3709 1672 3778 scopulus,
1713 3726 1818 3764 non
1856 3710 2086 3767 bellum:
2126 3713 2301 3766 omnia

737 3800 1017 3867 tranquilla
1045 3807 1187 3854 sunt.
1217 3798 1359 3853 Mare
1388 3808 1469 3853 est
1501 3808 1652 3867 portu
1676 3802 2013 3871 tranquillius
2036 3813 2090 3856 ct
2116 3805 2299 3871 tutius,

741 3889 871 3944 nihil
898 3890 1095 3945 salsum
1127 3889 1351 3957 habens,
1380 3890 1471 3945 sed
1497 3890 1694 3946 fontem
1721 3907 1933 3960 purum,
1966 3893 2302 3950 dulcissimos

739 3981 920 4038 latices
969 3982 1321 4047 emittentem,
1368 3981 1479 4037 sole
1506 3981 1835 4052 splendidius
1864 3993 1918 4040 et
1947 3984 2297 4055 pellucidius°

1434 345 1493 403 S.
1530 340 1819 409 JOANNIS
1848 332 2343 396 CHRYSOSTOMI
2378 337 2695 390 ARLHIEP.
2733 324 3279 390 CUNS'IANTINOP.

3856 328 3959 384 381

2407 458 2551 499 mare
2577 450 2690 503 est.
2727 456 2831 494 non
2860 439 3062 508 lapides
3092 438 3294 492 habens
3324 435 3615 505 pretiosos,
3646 449 3745 492 nec
3771 451 3977 506 purpu-

2403 541 2514 578 ram
2545 567 2560 589 ,
2589 528 2680 581 sed
2713 528 2870 597 longe
2900 528 2981 581 his
3007 527 3250 582 meliora.
3284 525 3381 593 Qui
3406 525 3521 579 vult
3546 527 3599 580 ir.
3622 524 3725 580 hoc
3755 526 3976 594 pelagus

2401 615 2743 681 descendere,
2792 633 2896 670 non
2919 632 3052 685 Opus
3092 617 3250 671 habet
3286 616 3641 670 urinatoribus
3686 616 3769 669 vel
3818 616 3975 682 oleo,

2401 709 2491 763 sed
2516 708 2847 778 phil05ophia
2878 710 3042 764 multa
3075 727 3087 761 :
3121 709 3353 762 inveniet
3382 708 3432 761 in
3458 708 3572 776 ipso
3597 708 3776 762 omnia
3812 706 3975 766 bona.

2399 814 2516 867 quae
2537 808 2658 853 sunt
2688 800 2737 851 in
2768 813 2932 868 regno
2959 798 3234 853 cselorum.
3262 799 3362 864 Qui
3386 798 3503 852 talis
3532 809 3632 863 est,
3659 798 3858 866 poterit
3887 811 3975 849 res

2398 906 2519 946 esse
2538 933 2552 953 .
2575 901 2629 948 et
2659 903 2825 945 totum
2852 892 3109 945 mundum
3130 891 3372 959 accipere
3391 930 3406 954 ,
3437 906 3661 960 esst-que
3690 890 3741 942 in
3772 889 3977 943 honore

2400 983 2631 1035 maximo
2675 982 2791 1053 (a):
2838 982 2928 1051 qui
2977 982 3027 1035 in
3073 981 3175 1036 hoc
3214 981 3348 1035 mari
3398 982 3639 1049 navigat,
3686 994 3975 1047 numquam

2399 1073 2726 1143 naufragium
2776 1073 2968 1137 faciet,
3001 1072 3093 1126 sed
3124 1070 3299 1125 omnia
3328 1071 3463 1125 bene
3483 1071 3636 1124 sciet.
3674 1070 3874 1124 Verum
3902 1073 3975 1125 si-

2398 1176 2483 1219 cut
2511 1166 2565 1229 ii,
2597 1164 2685 1234 qui
2718 1164 2767 1216 in
2798 1163 2897 1217 hoc
2928 1162 3060 1215 mari
3091 1163 3359 1230 navigant,
3384 1160 3428 1213 si
3463 1159 3691 1229 imperiti
3714 1160 3846 1225 sint,
3871 1160 3976 1215 suf-

2400 1257 2677 1311 fucantur:
2728 1257 2805 1309 sic
2834 1263 2888 1309 et
2914 1254 2966 1307 in
2991 1254 3080 1307 illo
3111 1253 3243 1306 mari
3275 1269 3288 1305 :
3332 1250 3384 1305 id
3406 1251 3546 1321 quod
3574 1250 3770 1305 accidit
3802 1252 3975 1305 luere-

2400 1348 2518 1401 ticis
2540 1388 2555 1411 ,
2588 1347 2675 1416 qui
2709 1346 2823 1415 plus
2843 1360 3001 1415 quam
3031 1344 3201 1398 ferant
3224 1342 3365 1397 vires
3390 1383 3406 1409 ,
3438 1352 3721 1396 atlentant.
3754 1341 3975 1411 Oportet

2397 1455 2523 1507 ergo
2541 1439 2948 1507 profunditatem
2981 1436 3097 1506 ejus
3121 1436 3280 1499 scire,
3311 1436 3395 1488 vel
3421 1450 3526 1488 non
3558 1445 3849 1489 attentare.
3879 1434 3995 1495 Na-,

2399 1532 2620 1599 vigaturi
2646 1546 2774 1599 ergo
2802 1530 2902 1583 hoc
2934 1528 3183 1597 pelagus,
3213 1527 3350 1581 bene
3373 1527 3597 1580 accincti
3625 1526 3816 1578 simus.
3856 1523 3976 1579 Non

2399 1624 2557 1692 potui,
2591 1623 2779 1691 inquit,
2809 1624 2945 1675 vobis
2969 1620 3107 1690 loqui
3132 1630 3186 1673 ut
3207 1619 3575 1687 spiritualibus,
3606 1620 3693 1672 sed
3716 1628 3774 1671 ut
3804 1633 3977 1671 carus-

2399 1714 2527 1767 libus
2558 1714 2576 1781 (
2609 1715 2657 1767 l.
2688 1714 2803 1766 Cor.
2839 1713 2943 1767 3.!
2976 1714 3017 1779 ).
3050 1712 3235 1764 Nullus
3268 1711 3549 1779 impatiens
3575 1710 3624 1761 in
3656 1710 3757 1763 hoc
3788 1709 3979 1778 pelago

2398 1804 2626 1872 naviget.
2659 1805 2912 1859 Paremus
2937 1803 3093 1858 nobis
3124 1818 3319 1867 naves;
3353 1802 3402 1856 id
3427 1811 3527 1868 est,
3560 1801 3797 1854 studium
3817 1840 3833 1861 ,
3865 1802 3976 1855 ala-

2395 1896 2657 1959 critatem,
2688 1910 2892 1963 preces.
2913 1905 2969 1949 ut
2994 1910 3114 1949 cum
3142 1894 3318 1964 quiete
3340 1892 3465 1947 illud
3490 1893 3849 1961 trajiciamus:
3875 1902 3978 1946 cte-

2396 1985 2631 2039 nimha:c
2652 2000 2784 2055 aqua
2804 1988 2990 2040 vivens
3019 1993 3120 2039 est.
3148 1986 3226 2039 Ac
3244 1984 3285 2038 si
3314 1984 3430 2053 quis
3455 1983 3730 2053 chalybem
3762 1984 3977 2051 igneum

2395 2077 2587 2146 capiat,
2619 2077 2695 2131 sic
2721 2078 2810 2147 qui
2845 2077 3062 2131 Paulum
3090 2076 3238 2130 novit
3263 2116 3277 2139 ,
3304 2084 3361 2128 ut
3390 2074 3612 2144 chalybs
3640 2074 3935 2127 roboratur
3962 2090 3975 2126 :

2396 2184 2459 2223 ac
2478 2170 2521 2223 si
2551 2170 2669 2237 quis
2689 2168 2921 2238 gladium
2944 2177 3158 2223 acutum
3184 2166 3396 2231 habeat,
3423 2167 3503 2221 sic
3529 2166 3646 2220 talis
3672 2166 3835 2219 homo
3859 2166 3978 2234 capi

2398 2277 2500 2315 non
2532 2263 2746 2329 poterit.
2786 2262 2957 2317 Etiam
3003 2262 3069 2317 ad
3106 2262 3448 2332 intelligenda
3481 2262 3627 2315 Pauli
3672 2277 3829 2315 sensa
3874 2263 3979 2317 vita

2393 2368 2523 2421 pura
2547 2363 2629 2407 est
2656 2368 2804 2422 opus.
2840 2352 2965 2408 Ideo
2985 2354 3198 2408 dicebat
3223 2372 3238 2415 ς
3266 2353 3494 2407 Intactis
3520 2354 3813 2407 necessitate
3833 2355 3977 2415 estis.

2393 2445 2513 2513 quia
2550 2444 2819 2498 imbecilles
2861 2444 3064 2499 auribus
3093 2427 3225 2515 .facti
3257 2445 3372 2498 estis
3408 2443 3428 2514 (
3454 2442 3610 2497 Hebr.
3636 2444 3688 2498 5.
3728 2444 3824 2514 {2.
3861 2446 3978 2512 il).

2397 2534 2491 2587 Est
2517 2536 2678 2599 enim,
2710 2545 2812 2600 est,
2834 2536 3068 2605 inquam,
3096 2535 3375 2589 infirmitas
3400 2535 3630 2589 auditus.
3655 2534 3807 2589 Sicut
3831 2540 3978 2589 cnim

2396 2625 2703 2679 stomachus
2730 2640 2889 2680 sanos
2919 2636 2973 2680 et
3003 2624 3235 2679 difficilis
3261 2625 3522 2679 coctionis
3544 2626 3690 2679 cibos
3714 2640 3821 2679 non
3854 2641 3978 2679 sus-

2395 2717 2545 2786 cipit,
2571 2718 2614 2771 si
2642 2718 2711 2770 sit
2737 2717 2980 2771 infirmus
3014 2735 3026 2769 :
3062 2719 3139 2771 sic
3166 2727 3219 2772 et
3244 2718 3419 2771 anima
3452 2726 3661 2772 tumens
3687 2727 3738 2771 et
3772 2717 3976 2781 inﬂata,

2394 2809 2602 2862 enervis
2633 2808 2766 2862 facta
2797 2818 2850 2862 et
2870 2809 3148 2873 dissoluta,
3175 2825 3280 2863 non
3316 2818 3490 2878 potest
3510 2809 3839 2877 Spiritualem
3864 2826 3983 2866 scr-

2395 2913 2605 2952 monem
2625 2900 2883 2967 accipere.
2908 2900 3044 2954 Audi
3074 2900 3366 2968 discipulos
3392 2901 3633 2954 dicentes
3662 2918 3674 2952 :
3705 2899 3889 2955 Durus
3910 2912 3982 2955 est

2396 2990 2477 3043 hic
2504 3007 2701 3052 sermo;
2742 2993 2853 3060 quis
2879 2994 3059 3060 poterit
3099 3010 3213 3045 eum
3240 2994 3419 3045 audire
3448 2993 3467 3064 (
3491 2992 3645 3046 Joan.
3674 2993 3727 3047 6.
3756 2993 3819 3047 61
3852 2991 3979 3063 )?Si

2396 3095 2522 3133 vero
2573 3080 2722 3133 furtis
2766 3090 2820 3134 et
2864 3096 2989 3134 sana
3036 3084 3140 3146 sit,
3182 3083 3358 3135 omnia
3390 3083 3561 3147 levia,
3592 3085 3770 3136 omnia
3804 3083 3978 3138 facilia

2394 3181 2553 3236 sunt;
2580 3174 2843 3227 excelsior
2873 3173 2955 3225 illa
2984 3182 3037 3228 et
3068 3173 3237 3227 levior
3258 3175 3424 3244 magis
3449 3174 3692 3228 sublimis
3720 3174 3978 3239 efﬁcitur,

2394 3272 2449 3317 et
2485 3265 2534 3315 in
2584 3263 2746 3316 altum
2787 3260 3005 3316 tollitur.
3044 3262 3169 3317 llzrc
3215 3277 3343 3331 ergo
3363 3277 3481 3317 cum
3513 3263 3764 3327 sciamus,
3791 3278 3981 3318 sanam

2394 3356 2777 3409 constituamus
2808 3356 3040 3409 animam
3071 3364 3309 3409 nostram
3342 3373 3357 3408 :
3387 3357 3701 3410 aemulemur
3725 3356 3982 3423 Paulum,

2396 3446 2667 3499 imitemur
2706 3444 2894 3498 fortem
2926 3444 3065 3498 illam
3094 3455 3147 3499 et
3191 3446 3583 3499 adamantinam
3613 3447 3846 3499 animam
3874 3465 3892 3512 ;
3927 3456 3984 3501 ut

2396 3534 2511 3604 ejus
2537 3535 2658 3587 vitae
2689 3535 2906 3605 vestigia
2928 3544 3234 3603 sequentes,
3264 3536 3529 3604 possimus
3549 3537 3835 3605 przesentis
3857 3541 3983 3593 vita

2395 3628 2616 3697 pelagus
2648 3628 2912 3695 trajicere,
2944 3637 2998 3682 et
3027 3627 3101 3688 ad.
3128 3627 3469 3698 tranquillum
3499 3636 3709 3697 portum
3738 3630 3983 3698 appelle-

2397 3731 2494 3780 re,
2536 3732 2597 3769 ac
2640 3716 2898 3785 promissa
2944 3717 3283 3786 diligentibus
3326 3717 3491 3772 Deum
3520 3716 3655 3771 bona
3682 3722 3980 3787 corisequi,

2396 3806 2563 3874 gratia
2603 3815 2656 3859 et
2698 3805 3028 3875 benignitate
3060 3806 3267 3860 Domini
3306 3806 3470 3860 nostri
3492 3805 3621 3860 Jesu
3647 3806 3868 3875 Christi,
3896 3811 3983 3865 cui

2395 3893 2561 3963 gloria
2591 3903 2646 3947 et
2672 3894 2977 3963 imperium,
2996 3910 3136 3951 nunc
3151 3905 3204 3950 et
3231 3910 3463 3965 semper,
3487 3905 3542 3952 et
3567 3896 3621 3954 in
3654 3900 3852 3955 secula
3878 3913 3985 3954 sae-

2396 3981 2657 4038 culorum.
2686 3985 2875 4041 Amen.
