4118 6340
241 333 345 389 583

241 438 304 513 ἦν
331 444 520 499 λοιπὸν
544 445 640 528 τοῦ
690 447 978 517 στεφάνου·
1019 448 1234 517 ἐδέξατο
1264 454 1429 509 αὐτὸν
1458 458 1491 527 η
1544 455 1730 528 Ῥώμη
1765 459 1910 511 δεδε-

243 532 427 600 μένον,
455 533 550 585 καὶ⁵
572 527 680 585 εἶδε
703 534 1113 603 στεφανωθέντα
1136 538 1227 590 καὶ
1248 527 1728 612 ἀνακηρυχθέντα.
1768 547 1913 598 Ἐκεῖ

240 618 793 686 Συναναπαύσομαι
840 619 1001 688 ὑμῖν,
1062 621 1186 691 ἔφη.
1252 625 1516 680 Ἐνταῦθα
1574 629 1906 699 πορεύομαι,

240 701 576 773 διακονήσων
619 707 699 769 εἰς·
750 705 1119 779 Ἰερουσαλήμ.
1153 700 1227 763 Τδ
1270 712 1325 765 δὲ
1373 714 1515 786 ἀρχὴ
1562 717 1657 768 τοῦ
1708 717 1909 787 δρόμου

244 792 405 846 πάλιν
430 790 520 865 ἦν,
554 797 649 848 καὶ
687 798 926 866 τρόπαια
951 801 1233 869 τροπαίοις
1262 804 1556 872 συνῆπτεν,
1593 806 1909 876 ἀκατάπλη-

245 896 368 944 κτος
400 880 497 935 ὢν.
535 882 797 953 Κόρινθος
831 884 993 938 αὑτὸν
1040 888 1276 959 κατέσχε
1307 890 1400 942 δύο
1432 892 1551 961 ἔτη,
1605 894 1700 945 καὶ
1756 894 1909 947 Ἀσία

252 968 388 1036 τρία,
420 970 511 1020 καὶ
538 967 679 1037 αὕτη
713 969 804 1022 δύο
836 971 993 1037 τέως,
1020 972 1160 1027 ὥστε
1187 974 1437 1046 δεύτερον
1470 978 1663 1048 ἐπέϐη,
1699 980 1786 1031 ὅτε
1816 982 1908 1033 καὶ

242 1055 547 1124 ἐτελειώθη.
598 1056 701 1109 Ἐν
730 1058 803 1125 τῇ
836 1058 1036 1129 πρώτῃ
1072 1080 1191 1128 μου
1221 1064 1536 1131 ἀπολογίᾳ,
1580 1068 1769 1136 φησιν,
1805 1069 1907 1121 οὑ-

240 1139 363 1205 δείς
389 1160 493 1210 μοι
526 1144 1027 1213 συμπαρεγένετο.
1060 1147 1215 1200 Οὕτω
1244 1148 1465 1217 διέφυγε
1494 1152 1645 1216 τότε,
1675 1154 1767 1205 καὶ
1799 1155 1905 1205 πᾶ-

241 1243 336 1279 σαν
367 1228 656 1298 ἐμπλήσας
682 1230 776 1300 τὴν
800 1232 1121 1304 οἰκουμένην
1145 1233 1239 1287 τοῦ
1275 1235 1650 1307 κηρύγματος,
1680 1239 1908 1290 κατέλυ-

242 1329 330 1365 σεν
352 1314 496 1366 οὕτω
520 1315 610 1365 τὸν
655 1315 786 1383 βίον.
839 1317 903 1369 Τί
938 1318 1158 1372 ἐϐούλου
1194 1320 1384 1390 μαθεῖν
1415 1324 1482 1375 τὰ
1519 1324 1658 1394 μετὰ
1694 1325 1901 1390 ταῦτα;

242 1398 475 1451 Τοιαῦτα
500 1402 614 1453 ἐστι
640 1404 887 1455 κάκεῖνα·
914 1403 1109 1473 δεσμὰ,
1140 1406 1387 1474 βάσανοι,
1423 1410 1616 1479 μάχαι,
1642 1413 1903 1478 φυλακαὶ,

241 1486 541 1551 ἐπιϐουλαὶ,
574 1490 949 1556 συκοφαντίαι,
984 1491 1203 1546 θάνατοι
1227 1496 1604 1566 καθημερινοί.
1635 1496 1787 1562 Εἶδες
1807 1501 1905 1552 αὐ-

240 1572 325 1624 τοῦ
369 1573 563 1641 μικρὸν
606 1575 805 1644 μέρος;
832 1576 1085 1631 Τοιοῦτον
1115 1580 1223 1632 νόει
1248 1583 1342 1633 καὶ
1368 1583 1427 1649 τὸ
1453 1582 1659 1636 λοιπόν.
1694 1586 1903 1656 ’Ὠσπερ

240 1659 324 1711 ἐπὶ
354 1659 451 1711 τοῦ
481 1661 734 1729 ούρανοῦ,
762 1662 885 1716 ὅσον
910 1663 974 1717 ἀν
1008 1664 1122 1737 ἴδῃς
1154 1668 1341 1733 αὑτοῦ,
1379 1668 1631 1723 τοσοῦτόν
1660 1671 1776 1723 ἐστι
1811 1673 1904 1725 καὶ

241 1744 295 1797 τὸ
339 1746 504 1799 ἀλλο·
549 1746 781 1817 οὐρανοῦ
836 1749 943 1821 γάρ
991 1750 1057 1803 ἂν
1108 1752 1273 1823 μέρος
1310 1753 1481 1827 θεάσῃ
1525 1754 1605 1820 ἓν,
1656 1758 1789 1809 ὅπου
1840 1757 1906 1810 ἂν

240 1830 493 1901 ἀπέλθῃς,
530 1832 769 1886 τοιοῦτον
793 1834 911 1903 ὄψει
943 1836 1038 1888 καὶ
1066 1837 1127 1890 τὸ
1152 1838 1336 1892 λοιπόν
1360 1857 1373 1869 ·
1404 1840 1437 1911 ἢ
1467 1840 1718 1913 καθάπερ
1750 1842 1904 1912 ἡλίου

237 1919 330 1981 τὰς
377 1920 605 1981 ἀκτῖνας
651 1920 755 1972 κᾶν
801 1922 865 1974 ἐκ
897 1924 1098 1993 μέρους
1137 1924 1286 1995 ίδῃς,
1318 1926 1555 1998 στοχάζῃ
1603 1930 1667 1981 ἐκ
1700 1929 1904 1982 τούτων

238 1998 339 2065 οἶος
377 2005 407 2056 6
441 2004 622 2072 ἥλιος,
652 2005 795 2059 οὕτω
824 2009 917 2061 καὶ
950 2010 1043 2062 ἐπὶ
1085 2010 1317 2064 Παύλου.
1356 2013 1466 2074 Τάς
1505 2013 1733 2083 πράξεις
1762 2012 1904 2079 εἶδες

239 2092 297 2143 ἐκ
323 2092 524 2160 μέρους
555 2091 742 2154 αὐτοῦ,
778 2096 949 2147 πᾶσαι
974 2096 1220 2151 τοιαῦται
1248 2099 1611 2169 τυγχάνουσι,
1644 2102 1903 2154 κινδύνων

237 2178 517 2247 γέμουσαι.
550 2177 793 2248 Οὐρανὸς
823 2177 891 2251 ἦν
923 2183 1128 2246 ἐκεῖνος
1166 2185 1317 2254 ἥλιον
1348 2186 1695 2259 δικαιοσύνης
1738 2189 1897 2259 ἔχων,

238 2265 292 2316 οὗ
320 2264 583 2329 τοιοῦτον,
616 2266 755 2319 ὥστε
787 2268 880 2319 καὶ
905 2269 1136 2339 ούρανοῦ
1169 2270 1393 2341 βελτίων
1424 2274 1453 2325 6
1483 2273 1642 2343 ἀνήρ.
1690 2276 1899 2346 Μικρὸν

236 2350 331 2403 οἴει
353 2348 511 2404 τοῦτο
539 2351 715 2420 εἰναι;
747 2355 859 2408 Οὐκ
888 2354 1063 2423 ἔγωγε
1091 2354 1264 2427 οἶμαι.
1298 2359 1465 2413 Ὅταν
1497 2361 1792 2415 ἀπόστολον
1818 2366 1897 2417 εῖ-

237 2454 355 2506 πῃς,
380 2437 584 2501 εὐθέως
622 2440 824 2503 πάντες
861 2441 1023 2494 αὑτὸν
1062 2443 1351 2496 ἐννοοῦσιν·
1386 2444 1515 2498 ὅταν
1548 2444 1894 2518 Βαπτιστὴν,

236 2524 425 2587 εὐθέως
501 2526 593 2577 τὸν
669 2524 942 2596 Ἰωάννην.
1016 2528 1136 2580 Τίνι
1207 2530 1268 2583 ἀν
1332 2546 1413 2594 τις
1485 2534 1775 2605 παραϐάλῃ
1830 2537 1899 2590 τὰ

236 2612 436 2664 ἐκείνου
484 2612 739 2682 ρἡατα;
768 2613 1032 2686 θαλάσσῃ,
1077 2616 1111 2687 ἢ
1144 2617 1240 2669 καὶ
1267 2616 1528 2688 ώκεανῷ;
1573 2620 1714 2673 Ἀλλ’
1743 2623 1897 2675 οὐδὲν

238 2696 360 2751 ἴσον.
387 2698 573 2768 Πολλῷ
608 2699 815 2770 ταύτης
850 2701 1208 2773 δαψιλέστερα
1240 2704 1309 2757 τὰ
1348 2706 1596 2776 ῥεύματα
1618 2718 1643 2748 α
1678 2709 1747 2762 τὰ
1776 2710 1898 2763 τού-

233 2802 339 2848 του,
370 2786 733 2857 καθαρώτερα
753 2787 848 2839 καὶ
879 2787 1171 2859 βαθύτερα,
1200 2790 1338 2844 ὥστε
1376 2794 1471 2845 καὶ
1499 2792 1776 2847 θάλασσαν
1800 2799 1894 2851 καὶ

233 2873 452 2943 οὐρανὸν
479 2875 581 2926 οὐκ
605 2875 669 2927 ἀν
698 2892 779 2937 τις
810 2876 1043 2945 ἁμάρτοι
1076 2876 1175 2947 τὴν
1208 2878 1421 2931 Παύλου
1447 2880 1674 2950 καρδίαν
1697 2882 1889 2949 είπὼν,

232 2960 289 3011 τὸ
328 2961 427 3029 μὲν
466 2962 554 3015 διὰ
596 2962 658 3014 τὸ
701 2961 962 3034 καθαρὸν,
1001 2964 1061 3015 τὸ
1101 2964 1157 3016 δέ
1196 2965 1283 3017 διά
1325 2966 1384 3018 τὸ
1434 2966 1591 3035 βαθύ.
1635 2969 1891 3026 Θάλασσα

233 3048 398 3114 ἐστιν,
456 3050 556 3102 οῦκ
610 3049 717 3102 ἀπὸ
776 3049 978 3113 πόλεως
1020 3053 1100 3114 εἰς
1138 3052 1291 3104 πόλιν
1345 3054 1552 3121 ἄγουσα
1607 3057 1736 3119 τοὺς
1789 3060 1890 3127 έμ-

234 3133 506 3199 πλέοντας,
539 3135 654 3188 ἀλλ⁹
678 3136 786 3189 ἀπὸ
817 3138 920 3206 γῆς
942 3139 1022 3201 είς
1047 3139 1294 3209 ούρανόψ
1325 3141 1379 3192 εἴ
1398 3159 1481 3205 τις
1509 3142 1711 3213 ταύτην
1739 3145 1889 3198 πλέοι

232 3220 321 3291 τὴν
371 3222 669 3287 θάλασσαν,
720 3225 778 3290 ἐξ
827 3224 1017 3294 οὐρίας
1075 3226 1391 3281 πλεύσεται.
1459 3230 1546 3282 Ἐν
1596 3230 1766 3303 ταύτῃ
1820 3234 1885 3303 τῇ

233 3308 467 3382 θαλάσσῃ
512 3309 613 3362 οὐκ
658 3310 869 3380 ἄνεμοι,
910 3312 1025 3364 ἀλλ’
1069 3313 1190 3366 ἀντὶ
1229 3314 1446 3385 ἀνέμων
1492 3316 1717 3386 Πνεῦμα
1745 3318 1888 3372 θεῖον

232 3394 375 3463 ἀγιον
409 3396 505 3458 τὰς
554 3397 897 3464 ἐμπλεούσας
942 3400 1302 3469 παραπέμπει
1347 3402 1548 3472 ψυχάς·
1592 3405 1694 3457 οὐκ
1740 3404 1888 3459 ἔστιν

231 3480 454 3535 ἐνταῦθα
491 3482 742 3551 κύματα,
787 3484 887 3537 οὐκ
921 3484 1036 3538 ἔστι
1082 3488 1365 3553 σκόπελος,
1409 3490 1510 3543 οὐκ
1549 3489 1665 3543 ἐστι
1700 3490 1883 3563 θηρία·

232 3569 399 3621 πάντα
428 3568 659 3636 γαληνά.
707 3570 965 3625 Θάλασσά
1003 3574 1119 3626 ἐστι
1160 3574 1376 3645 λιμένος
1407 3576 1747 3648 γαληνοτέρα
1791 3581 1888 3635 καὶ

232 3656 619 3725 ἀσφαλεστέρα,
647 3656 798 3710 οὐδὲν
822 3658 1064 3730 ἁλμυρὸν
1098 3660 1295 3732 ἔχουσα
1316 3704 1332 3728 ,
1366 3663 1504 3717 ἀλλά
1532 3667 1717 3737 πηγὴν
1755 3666 1883 3738 [κα-

232 3743 395 3812 θαράν
422 3742 539 3814 καὶ]
567 3744 759 3814 ἥδιστα
788 3746 1022 3814 ῥέουσαν
1048 3747 1267 3817 νάματα
1284 3790 1299 3814 ,
1322 3751 1473 3822 ἡλίου
1499 3752 1885 3825 λαμπροτέραν

233 3833 318 3883 καὶ
336 3832 410 3884 διε
420 3832 714 3900 ιδεστέραψ
734 3830 983 3886 θάλασσά
997 3836 1134 3917 ἐστι,
1150 3837 1211 3888 οὐ
1227 3836 1407 3900 λίθους
1434 3838 1632 3908 ἔχουσα
1650 3840 1885 3910 τιμίους,

230 3918 339 3970 οὑδὲ
369 3917 660 3987 ἁλουργίδα
688 3918 973 3989 τοιαύτην,
1007 3920 1143 3973 ἀλλά
1178 3923 1435 3993 κτήματα
1467 3924 1648 3996 πολλῷ
1680 3926 1886 3981 τούτων

232 4003 436 4075 βελτίω.
492 4004 547 4057 Ὁ
591 4001 912 4074 βουλόμενος
951 4007 1032 4069 εἰς
1063 4005 1220 4059 τοῦτο
1263 4006 1508 4064 καθεῖναι
1548 4010 1612 4064 τὸ
1649 4013 1885 4081 πέλαγος

286 4105 312 4133 ⁸
339 4102 422 4152 Sic
443 4100 591 4151 Savil.
618 4109 775 4153 recte.
812 4102 983 4155 Morel.
1011 4104 1072 4154 τὰ
1095 4106 1303 4171 ῥήματα.

1349 334 1421 394 ια
1459 338 1644 394 Μ.τὰ
1673 338 2221 400 Αροδτοιοιιυλι.
2262 341 2499 399 ΠΟΜῖίι.
2528 342 2637 401 ιν.

3575 344 3682 397 τιτι

2016 463 2228 527 ἐαυτὸν,
2260 464 2322 515 οὐ
2351 459 2708 533 κολυμϐητῶν
2737 461 2925 521 δεῖται,
2956 459 3057 514 οὐκ
3081 459 3281 527 ἐλαίου,
3312 460 3449 516 ἀλλὰ
3474 464 3692 533 φιλοσο-

2014 550 2140 617 φίας
2171 550 2387 618 πόλλ-ἧς’
2416 550 2638 619 εὑρήσει
2668 550 2725 599 ἐν
2755 546 2904 615 αὐτῷ
2928 548 3103 599 πάντα
3129 546 3198 599 τά
3226 547 3405 615 ἀγαθὰ
3434 550 3503 602 τὰ
3532 553 3588 603 ἐν
3620 554 3686 621 τῇ

2015 636 2263 707 βασιλεία
2293 636 2399 689 τῶν
2431 636 2695 706 οὐρανῶν.
2744 635 2800 687 '0
2835 634 3077 697 τοιοῦτος
3104 632 3251 705 [416]
3285 637 3375 688 καὶ
3403 637 3693 707 δυνήσεται

2011 722 2265 790 γενέσθαι
2295 723 2569 794 βασιλεὺς,
2602 722 2696 774 καὶ
2726 722 2906 774 πάντα
2929 722 3019 773 τὸν
3046 722 3249 791 κόσμον
3279 724 3484 789 λαϐεῖν,
3516 726 3606 778 καὶ
3632 728 3693 778 ἐν

2009 813 2142 881 τιμῇ
2170 806 2305 863 εἰναι
2350 810 2578 880 μεγίστῃ
2598 826 2610 838 ·
2644 810 2671 859 6
2710 809 2913 877 ταύτην
2952 808 3135 860 πλέων
3161 809 3262 878 τὴν
3292 809 3568 863 θάλασσαν
3594 811 3687 862 ού-

2008 896 2199 949 δέποτε
2216 900 2474 962 ναυάγιον
2496 897 2701 963 ύποστή
2712 912 2883 954 σεται,
2903 894 3036 947 ἀλλά
3056 894 3232 947 πάντα
3250 894 3455 948 εἰσεται
3480 897 3684 959 καλῶς.

2023 982 2161 1035 Ἀλλ’
2184 982 2369 1051 ὥσπερ
2392 983 2441 1033 οἰ
2463 981 2665 1049 ταύτης
2688 982 2906 1049 ἄπειροι
2930 982 3026 1049 τῆς
3054 981 3331 1051 θαλάσσης
3356 984 3685 1050 ἀποπνίγον-

2008 1086 2119 1131 ται,
2146 1068 2288 1121 οῦτω
2314 1069 2377 1137 δὴ
2404 1068 2497 1119 καὶ
2523 1067 2774 1119 ἐνταῦθα’
2800 1068 2937 1136 ὅπερ
2966 1068 3029 1137 δὴ
3061 1068 3330 1136 πάσχουσι
3356 1068 3452 1120 καὶ
3478 1069 3687 1138 αἱρετι-

2009 1157 2095 1209 κοὶ
2116 1159 2225 1218 τοῖς
2248 1155 2387 1225 ὑπὲρ
2413 1155 2641 1225 δύναμιν
2671 1154 3065 1224 ἐγχειροῦντες.
3089 1158 3183 1207 Δεῖ
3211 1156 3274 1221 δὴ
3301 1156 3362 1207 τὸ
3386 1155 3547 1225 βάθος
3571 1155 3685 1207 τοί-

2007 1260 2101 1295 νυν
2124 1244 2343 1301 εἰδέναι,
2383 1243 2415 1312 ἢ
2452 1242 2526 1311 μὴ
2556 1242 2924 1312 κατατολμᾷν.
2975 1242 3071 1294 "Av
3112 1242 3398 1311 μέλλωμεν
3432 1244 3586 1293 πλεῖν
3625 1241 3688 1295 τὸ

2009 1330 2243 1397 πέλαγος
2266 1328 2441 1392 τοῦτο,
2469 1327 2693 1391 εὔζωνοι
2712 1327 3018 1396 γενώμεθα.
3047 1333 3167 1382 Οὐκ
3185 1330 3503 1399 ἠδυνήθην
3520 1329 3689 1398 ὑμῖν,

2006 1417 2159 1485 φησι,
2189 1415 2457 1482 λαλῆσαι
2484 1416 2564 1481 ὡς
2594 1415 3039 1483 πνευματικοῖς,
3071 1417 3210 1469 ἀλλ’
3244 1417 3324 1479 ὠς
3349 1415 3686 1482 σαρκικοῖς.

2006 1502 2207 1571 Μηδεὶς
2233 1503 2606 1571 ἁκαρτέρητος
2644 1501 2802 1553 τοῦτο
2845 1501 3049 1554 πλείτω
3077 1502 3137 1554 τὸ
3200 1502 3456 1568 πέλαγος.
3503 1505 3689 1555 Κατα-

2009 1589 2373 1658 σκευάσωμεν
2408 1590 2621 1650 ἑαυτοῖς
2652 1588 2836 1649 πλοῖα,
2866 1588 3144 1641 τουτέστιν
3164 1589 3435 1660 σπουδὴν,
3485 1589 3688 1660 προθυο

2010 1677 2160 1746 μίαν,
2190 1674 2375 1745 εὐχὰς,
2403 1675 2543 1727 ὥστε
2577 1674 2825 1727 διανύσαι
2851 1675 2911 1727 τὸ
2953 1676 3191 1743 πέλαγος
3231 1678 3288 1727 ἐν
3320 1676 3543 1745 ἡσυχίᾳ·
3591 1677 3687 1731 καὶ

2004 1764 2113 1834 γάρ
2140 1764 2201 1816 τὸ
2228 1763 2372 1834 ὕδωρ
2394 1761 2552 1814 τοῦτο
2575 1762 2682 1825 ζῶν
2706 1764 2840 1814 ἐστι.
2867 1761 3133 1833 Καθάπερ
3158 1762 3211 1814 εί
3228 1780 3313 1826 τις
3336 1764 3507 1835 πυρὸς
3528 1764 3684 1817 λάϐοι

2008 1851 2202 1920 στόμα,
2234 1850 2405 1913 οὕτως
2437 1851 2465 1901 6
2504 1849 2714 1907 Παῦλον
2748 1849 2901 1912 εἰδὼς
2942 1850 3237 1915 στομοῦται
3266 1850 3316 1886 δ’
3351 1850 3603 1921 καθάπερ
3634 1848 3690 1903 ετ

2003 1953 2085 2000 τις
2117 1938 2391 2006 μάχαιραν
2407 1936 2585 2002 ὀξεῖαν
2616 1936 2751 2007 ἔχοι,
2780 1937 2952 1999 οὕτως
2982 1940 3009 1990 ὁ
3045 1939 3285 2000 τοιοῦτος
3313 1938 3475 1990 πάλιν
3503 1937 3680 1991 ἀκάθ-

1968 2060 1973 2067 ι
2004 2043 2163 2088 εκτος
2218 2026 2449 2093 γίνεται.
2487 2028 2598 2079 Καὶ
2632 2028 2769 2096 πρὸς
2803 2026 2865 2078 τὸ
2892 2027 3081 2095 νοῆσαι
3119 2026 3175 2078 δὲ
3215 2027 3282 2078 τά
3312 2025 3525 2078 Παύλου
3563 2026 3679 2095 βίου

2004 2113 2247 2184 καθαροῦ
2297 2113 2485 2166 δεῖται.
2538 2113 2637 2165 Διὰ
2681 2114 2839 2166 τοῦτο
2889 2114 2984 2165 καὶ
3027 2114 3207 2181 ἐλεγε’
3253 2114 3569 2177 Γάλακτος
3612 2114 3681 2166 ἐν

2002 2203 2173 2269 χρείᾳ
2211 2202 2562 2265 κατέστητε,
2592 2202 2719 2253 ἐπεὶ
2756 2200 2967 2268 νωθροὶ
2994 2202 3272 2269 γεγόνατε
3296 2200 3421 2265 ταῖς
3450 2199 3677 2265 ἀκοαῖς.

2006 2289 2160 2341 Ἐστι
2204 2289 2334 2357 γὰρ,
2385 2288 2536 2341 ἔστιν
2572 2288 2827 2341 ἀσθένεια
2877 2288 2975 2357 τῆς
3020 2289 3209 2358 ἀκοῆς.
3261 2289 3529 2357 Καθάπερ
3572 2287 3677 2358 γὰρ

2003 2376 2273 2445 στόμαχος
2319 2375 2420 2428 οὐκ
2454 2374 2520 2428 ἂν
2556 2374 2770 2439 δέξαιτο
2820 2374 3035 2443 ὑγιεινά
3074 2376 3219 2427 σιτία
3260 2376 3355 2427 καὶ
3379 2374 3680 2443 δυσκατέρ-

1998 2480 2175 2531 γαστα
2196 2503 2211 2526 ,
2245 2462 2476 2532 ἀσθενὴς
2516 2461 2613 2525 ὢν,
2660 2462 2803 2515 οὕτω
2835 2464 2927 2514 καὶ
2965 2462 3110 2531 ψυχὴ
3144 2461 3479 2529 ὀγκωθεῖσα,
3506 2461 3675 2529 φλεγ-

2002 2552 2285 2621 μαίνουσα,
2318 2551 2504 2613 ἄτονος
2538 2550 2806 2619 γενομένη
2844 2551 2937 2601 καὶ
2980 2549 3224 2610 ἔκλυτος,
3284 2549 3385 2600 οὐκ
3418 2547 3483 2600 ἂν
3512 2547 3674 2617 δυνηο

1998 2638 2115 2707 θείη
2150 2637 2406 2700 δέξασθαι
2451 2637 2543 2688 τὸν
2576 2636 2949 2705 πνευματικὸν
2981 2635 3158 2703 λόγον.
3209 2636 3407 2687 Ἀκουε
3437 2636 3545 2687 τῶν
3582 2652 3681 2703 μα-

1997 2724 2174 2794 θητῶν
2202 2724 2501 2791 λεγόντωνθ
2536 2724 2809 2791 Σκληρός
2848 2724 3019 2775 ἐστιν
3057 2726 3089 2775 ό
3138 2724 3320 2790 λόγος
3363 2718 3558 2787 οὗτος·
3588 2723 3678 2788 τίς

1994 2810 2241 2863 δύναται
2266 2810 2450 2865 ὰύτοῦ
2486 2811 2761 2872 ἁκούειν;
2794 2812 2889 2861 ‘Av
2923 2810 2979 2862 δὲ
3021 2810 3216 2879 ἰσχυρά
3314 2810 3408 2861 καὶ
3440 2809 3672 2877 ὑγιεινὴ,

1996 2899 2173 2950 πάντα
2211 2900 2417 2968 ῥᾷστα,
2464 2898 2640 2950 πάντα
2684 2895 2915 2958 εὔκολα,
2965 2896 3275 2965 ὑψηλοτέρα
3323 2897 3531 2963 γίνεται
3581 2895 3676 2947 κα)⁵

1997 2984 2323 3053 κουφοτέρα,
2360 2985 2560 3054 μᾶλλον
2596 2983 2988 3052 μετεωρίζεται
3025 2984 3118 3035 καὶ
3150 2985 3228 3045 εἰς
3262 2982 3393 3050 ὕψος
3438 2983 3673 3049 αἴρεται.

1996 3070 2182 3124 Ταῦτα
2223 3067 2316 3123 οῦν
2351 3070 2548 3133 εἰδότες
2580 3069 2820 3139 ὑγιεινὴν
2851 3070 3007 3139 ἡμῶν
3042 3070 3545 3137 κατασκευάσωμεν
3576 3068 3676 3138 τὴν

1994 3156 2193 3226 ψυχὴν,
2236 3157 2328 3209 καὶ
2373 3156 2707 3226 ζηλώσωμεν
2751 3158 2843 3209 τὸν
2889 3155 3125 3219 Παῦλον,
3163 3155 3255 3209 καὶ
3302 3153 3674 3223 μιμησώμεθα

1995 3244 2097 3313 τὴν
2121 3246 2379 3311 γενναίαν
2416 3246 2633 3313 ἐκείνην
2663 3245 2759 3296 καὶ
2790 3244 3158 3313 ἀδαμαντίνην
3188 3243 3386 3312 ψυχήν·
3426 3242 3513 3293 ’ίνα
3550 3240 3672 3292 κατ’

2000 3329 2143 3401 ἴχνος
2164 3331 2273 3384 τῶν
2300 3331 2490 3398 ἐκείνῳ
2507 3332 2854 3401 βεϐιωμένων
2879 3331 3254 3402 πορευόμενοι,
3275 3328 3590 3399 δυνηθῶμεν
3612 3328 3675 3379 τὸ

1995 3417 2232 3484 πέλαγος
2283 3418 2378 3481 τοῦ
2426 3419 2693 3489 παρόντος
2742 3419 2859 3488 βίου
2912 3418 3275 3479 διαπλεῦσαι,
3320 3417 3416 3469 καὶ
3461 3416 3538 3478 εἰς
3579 3415 3673 3467 τὸν

1994 3504 2307 3574 ἀκύμαντον
2339 3505 2537 3574 λιμένα
2569 3506 2938 3575 καταντῆσαι,
2975 3505 3070 3557 καὶ
3102 3505 3211 3557 τῶν
3242 3502 3672 3573 ἐπηγγελμένων

1994 3590 2217 3659 ἀγαθῶν
2237 3595 2348 3655 τοῖς
2368 3592 2536 3657 ἀξίως
2555 3593 2649 3645 τοῦ
2675 3586 2913 3663 Χρισθοῦ
2934 3591 3140 3663 βιοῦσιν
3162 3593 3462 3661 ἐπιτυχεῖν,
3484 3591 3672 3660 χάριτι

1992 3677 2087 3730 καὶ
2126 3677 2509 3749 φιλανθρωπίᾳ
2566 3677 2662 3730 τοῦ
2708 3678 2915 3751 Κυρίου
2960 3677 3121 3749 ἡμῶν
3174 3678 3350 3748 Ἰησοῦ
3397 3675 3667 3747 Χριστοῦ,

1995 3763 2115 3835 μεθ’
2146 3759 2209 3819 οῦ
2232 3765 2310 3833 τῷ
2345 3767 2524 3836 Πατρὶ
2550 3765 2667 3836 ἅμα
2692 3765 2769 3837 τῷ
2792 3767 2934 3837 ἁγίῳ
2960 3765 3239 3837 Πνεύματι
3263 3766 3413 3829 δόξα,
3442 3764 3665 3834 κράτος,

1987 3854 2145 3924 τιμὴ,
2176 3854 2272 3908 νῦν
2317 3857 2413 3909 καὶ
2455 3856 2576 3921 ἀεὶ,
2612 3856 2706 3908 καὶ
2742 3858 2823 3919 εἰς
2864 3859 2993 3921 τοὺς
3044 3855 3247 3919 αἰῶνας
3284 3855 3393 3908 των
3430 3852 3664 3908 αἰώνων.

2000 3942 2195 4013 ’Δμήν.

2050 4043 2080 4107 b
2115 4043 2299 4107 aneg
2324 4042 2433 4093 fere
2454 4058 2591 4102 ωδε..
2616 4047 2766 4102 οὕτως
2802 4048 2829 4095 ὁ
2852 4045 3049 4095 Παῦλον
3071 4046 3207 4103 εἰδὼς
3225 4041 3509 4107 στομοῦται.
3534 4039 3664 4093 Εόὶιὶ

1988 4106 2017 4155 6
2040 4103 2236 4162 Παῦλος
2258 4105 2382 4162 εἶδος
2403 4106 2687 4170 στομοῦται,
2713 4108 2917 4159 obscura
2938 4109 3107 4157 dictio.
