4118 6340
595 306 708 364 ut,
2013 283 2387 343 πληκτιο
3741 275 3853 329 ass

609 417 3844 490 Μ

1662 657 2764 815 ΡΒΧΕῈΑΤΙΟ

1960 954 2068 1017 AD
2125 953 2487 1016 HOMILIAS

1058 1171 1210 1284 IN
1299 1164 2184 1281 EPISTOLAM
2295 1164 2494 1274 AD
2605 1155 3378 1273 ROMANOS.

1897 1422 2419 1456 -ὒοοὺ-

677 1648 822 1705 lnter
841 1647 1195 1719 elegantiores
1215 1657 1271 1703 et
1293 1643 1766 1718 praestantissima
1792 1640 2160 1713 Cbrysostomi
2191 1639 2482 1694 conciones
2511 1634 2755 1690 Ilomilize
2795 1633 2849 1688 in
2883 1632 3176 1702 Epistolam
3205 1632 3274 1688 ad
3301 1632 3580 1688 Romanos
3611 1647 3866 1688 censen-

607 1752 718 1799 tur.
773 1741 864 1798 llis
908 1743 1054 1796 enim
1103 1741 1409 1797 accuratius
1465 1737 1856 1794 concinnandis
1905 1751 2122 1806 operam
2179 1733 2334 1789 Dedit
2370 1732 2560 1786 doctor
2612 1737 2818 1788 noster,
2854 1726 2982 1796 quia
3023 1725 3078 1780 in
3114 1725 3217 1781 hac
3251 1725 3477 1796 epistola
3517 1741 3614 1779 sua
3659 1725 3872 1779 Paulus

604 1836 836 1890 obscura
895 1836 1296 1901 humanumque
1346 1832 1686 1887 ratiocinium
1738 1828 2117 1898 exsuperantia
2159 1828 2326 1881 multa
2367 1823 2752 1884 admiscuerat,
2785 1835 2905 1890 quae
2955 1819 3238 1891 ingenioso
3281 1834 3345 1874 ac
3401 1828 3629 1874 strenuo
3684 1819 3867 1873 inter-

610 1935 763 1994 prete
786 1941 922 1994 opus
948 1927 1166 1980 habent.
1199 1922 1543 1994 Explicandis
1569 1919 1782 1974 arcanis
1811 1919 1915 1972 illis
1945 1917 2234 1987 mysteriis,
2260 1931 2379 1986 quae
2407 1917 2606 1986 passim
2633 1917 2687 1971 in
2720 1918 2820 1972 hac
2848 1918 2997 1974 Pauli
3028 1917 3255 1986 epistola
3294 1924 3613 1978 occurrunt,
3651 1921 3872 1994 tantam

607 1989 844 2072 ioaanes
898 2025 1082 2072 noster
1125 1989 1375 2069 adhibuit
1425 2027 1668 2081 operam,
1725 2020 1779 2064 ut
1833 2008 1918 2063 vix
1968 2023 2152 2077 parem
2209 2008 2264 2061 iu
2314 2007 2530 2076 scriptis
2580 2008 2701 2077 ejus
2749 2007 3148 2076 deprehendas.
3193 2006 3263 2061 Et
3295 2014 3445 2061 certe
3479 2004 3647 2059 multa
3681 2004 3740 2056 in
3775 1989 3870 2056 illa

611 2111 878 2167 habentur
909 2109 1049 2164 circa
1079 2109 1302 2177 gratiam
1360 2115 1415 2159 et
1456 2100 2005 2172 pncdcstinationcm,
2041 2110 2163 2169 quae
2205 2099 2655 2170 pcritissimorum
2702 2098 2917 2170 ingenia
2962 2107 3273 2160 exerceant,
3304 2109 3535 2168 qumque
3584 2112 3694 2150 non
3743 2097 3874 2150 sine

609 2203 830 2258 errandi
864 2199 1107 2270 pericqu
1134 2196 1352 2251 tractari
1386 2202 1634 2264 possunt,
1657 2193 1761 2247 nisi
1787 2207 1981 2263 magna
2013 2191 2191 2245 cautio
2219 2191 2561 2246 adhibeatur.
2588 2189 2780 2245 Mirum
2821 2199 3086 2260 quantum
3121 2189 3370 2243 bomilias
3410 2191 3570 2244 hasce
3623 2187 3878 2243 Isidorus

611 2297 879 2352 Pelusiota
913 2292 1286 2352 celebraverit,
1316 2292 1406 2358 qui
1439 2289 1517 2343 sic
1547 2289 1709 2342 habet
1731 2287 1823 2340 lib.
1857 2288 1890 2341 5
1912 2290 1964 2340 in
1991 2285 2224 2354 Epistola

2256 2285 2325 2340 52
2351 2285 2415 2338 ad
2449 2283 2714 2339 Isidorum
2749 2284 3038 2339 diaconum
3069 2303 3082 2339 :
3115 2284 3202 2337 Ἐν
3232 2287 3296 2354 τῇ
3327 2283 3594 2354 ἑρμηνείᾳ
3622 2285 3690 2353 τῇ
3726 2299 3875 2353 προς

621 2385 921 2456 Ῥωμαίους
965 2384 1196 2453 μάλιστα
1226 2383 1258 2450 ἠ
1295 2380 1539 2433 Ἰωάννου
1567 2377 1658 2430 τοῦ
1695 2376 1970 2445 πανσόφου
2008 2377 2168 2445 σοφία
2201 2375 2648 2446 τεθησαύρισται·
2693 2371 2846 2444 οἶμαι
2873 2375 3004 2445 γὰρ.
3033 2376 3127 2428 καὶ
3161 2376 3236 2445 μή
3277 2392 3360 2436 τις
3391 2374 3530 2444 πρὸς
3578 2374 3745 2444 χάριν
3776 2374 3874 2426 λι-

609 2493 731 2548 7th
780 2474 1062 2546 νομιζέτω,
1098 2474 1178 2526 ὅτι
1225 2475 1273 2526 ει
1314 2471 1344 2522 ὁ
1401 2467 1610 2531 Παῦλος
1673 2471 1701 2518 ὁ
1752 2466 2034 2527 θεσπέσιος
2085 2465 2338 2534 Ἀττικὴν
2387 2465 2575 2533 εἴληφε
2620 2464 2889 2532 γλῶτταν,
2936 2464 3077 2517 ὥστε
3123 2465 3313 2518 ἑαυτὸν
3352 2463 3713 2535 ἑρμηνεῦσαι.
3768 2465 3880 2518 οὐκ

614 2571 682 2625 ἂν
711 2569 882 2631 ἄλλως
912 2567 1276 2639 ήρμήνευσεν.
1312 2563 1346 2632 ἢ
1376 2561 1451 2624 ὡς
1483 2563 1510 2613 ὁ
1541 2559 1934 2629 προειρημένος
1957 2557 2202 2628 ἀοίδιμος
2242 2559 2410 2627 ἀνὴρ·
2440 2556 2582 2610 οὕτω
2616 2557 2708 2610 καὶ
2743 2558 3112 2628 ἐνθυμήμασι,
3151 2558 3243 2610 καὶ
3280 2557 3465 2611 κάλλει
3487 2559 3580 2611 καὶ
3616 2557 3881 2625 κυριολε-

617 2660 706 2731 εἰς.
735 2657 1124 2728 κεκόσμηταιὴ
1155 2653 1439 2725 ἑρμηνεία.
1470 2652 1524 2706 Id
1553 2662 1635 2706 est
1661 2670 1674 2703 :
1715 2651 1778 2704 In
1809 2652 2184 2703 eorumentario
2215 2668 2243 2702 n

2254 2652 2443 2704 iaaime
2479 2652 2532 2702 in
2566 2650 2859 2718 Epistolam
2889 2651 2959 2703 ad
2990 2649 3254 2704 Romanos
3283 2650 3614 2720 sagacissimi
3641 2648 3880 2704 Joannis

615 2750 889 2818 sapientiae
939 2746 1166 2800 thesauri
1219 2743 1693 2821 deprehendantur.
1756 2740 1890 2793 Puto
1945 2741 2125 2804 enim;
2174 2757 2237 2793 ac
2282 2757 2344 2792 ne
2399 2741 2516 2809 quis
2570 2757 2650 2793 me
2705 2745 2776 2794 ad
2832 2742 3066 2811 gratiam
3123 2741 3266 2811 loqui
3325 2742 3583 2797 existimet
3625 2758 3645 2795 .'
3683 2759 3730 2796 si
3790 2743 3880 2796 di-

616 2846 764 2897 vinus
815 2840 1010 2894 Paulus
1065 2839 1240 2892 Attica
1297 2853 1419 2890 usus
1463 2835 1641 2905 lingua
1695 2834 2028 2902 senirtipsum
2088 2832 2461 2902 interpretatus
2513 2833 2718 2900 fuisset,
2774 2849 2876 2884 non
2922 2833 3030 2886 alio
3079 2835 3232 2886 modo
3278 2835 3639 2902 expositurum
3687 2837 3880 2905 fuisse,

619 2949 778 3005 quam
822 2938 1138 2983 memoratus
1181 2927 1484 2996 conspicuus
1506 2926 1583 2978 vir
1613 2924 1732 2977 :ita
1768 2939 1950 2989 nempe
1982 2940 2155 2986 sensu,
2186 2924 2448 2992 elegantia
2479 2933 2527 2976 et
2561 2923 2835 2978 uerborum
2865 2925 3186 2994 proprietate
3213 2926 3326 2994 ejus
3357 2927 3730 3000 interpretatio
3781 2947 3878 2984 or-

621 3036 805 3084 natur.

691 3113 790 3171 Alii
824 3126 1037 3181 quoque
1061 3110 1201 3165 docti
1224 3109 1323 3164 viri
1354 3108 1598 3163 eamdem
1640 3108 1708 3163 de
1745 3107 1893 3162 hisce
1915 3107 2274 3162 concinnibus
2303 3106 2630 3160 sententiam
2663 3108 2967 3178 proferunt.
3004 3110 3208 3166 Omnes
3236 3113 3470 3182 denique
3497 3114 3588 3170 hic
3619 3131 3883 3187 magnam

625 3210 824 3286 ingenii
856 3207 1229 3268 subtilitatem,
1264 3206 1454 3260 orandi
1485 3206 1594 3260 vim
1624 3214 1679 3260 ct
1707 3204 2026 3274 elegantiam
2055 3202 2496 3271 deprehendunt,
2527 3208 2690 3271 atque
2720 3203 2958 3257 nativam
2993 3205 3112 3273 ejus
3148 3205 3534 3275 eloquentiam,
3559 3208 3880 3280 stylumque

621 3303 834 3361 caeteris
860 3298 1230 3368 Chrysostomi
1265 3299 1519 3366 Operibus
1540 3298 1619 3352 sic
1649 3295 1885 3358 aliinem,
1916 3303 1973 3348 ut
1993 3311 2103 3348 non
2131 3294 2200 3349 sit
2224 3309 2386 3348 ovum
2414 3309 2517 3348 ovo
2551 3295 2781 3349 similius
2820 3309 2834 3348 :
2867 3296 2939 3349 ita
2969 3306 3026 3350 ut
3055 3313 3124 3351 ne
3151 3313 3296 3352 unus
3329 3299 3548 3368 quidem
3580 3302 3884 3361 dubitave.

624 3394 716 3458 rit,
753 3391 882 3461 quin
912 3388 1013 3440 hoc
1036 3385 1107 3438 sit
1133 3401 1320 3439 verum
1343 3396 1398 3440 et
1420 3401 1738 3456 germanum
1761 3384 2134 3455 Chrysostomi
2167 3398 2327 3450 opus.

694 3485 812 3539 Non
838 3502 936 3556 par
959 3496 1262 3540 consensus
1293 3479 1618 3548 scriptorum
1648 3486 1729 3532 est
1760 3479 1902 3530 circa
1935 3476 2134 3540 locum,
2167 3475 2257 3528 ubi
2287 3470 2449 3530 hasce
2481 3476 2772 3530 conciones
2803 3477 2991 3532 habuit
3018 3478 3457 3549 Chrysostomus.
3493 3479 3645 3555 [M8]
3664 3483 3882 3550 Quaeri-

625 3583 714 3630 tur
744 3576 908 3638 enim,
937 3573 1308 3630 Antiochiane
1335 3587 1401 3626 an
1438 3560 1902 3638 Constantinopoli
1937 3569 2052 3622 haec
2077 3567 2468 3637 pnedicaverit.
2505 3568 2738 3624 Savilius
2768 3571 3071 3626 Antiochia:
3096 3572 3270 3628 dictas
3296 3573 3558 3629 Honiilias
3586 3577 3652 3630 ad
3677 3578 3883 3633 Roma-

625 3680 726 3719 nos
756 3665 923 3719 fuisse
950 3665 1225 3734 opinatur,
1258 3661 1581 3716 auctoritate
1608 3659 1803 3714 ductus
1832 3658 2030 3722 Pbotii,
2055 3657 2144 3726 qui
2181 3658 2254 3713 ait
2283 3658 2650 3714 Antiochenas
2687 3661 3058 3732 Cbrysostomi
3090 3663 3341 3718 homilias
3366 3667 3880 3740 Constantin0polj-

627 3757 771 3814 tanis
792 3733 1032 3827 ejusdem
1072 3769 1192 3809 esse
1217 3753 1598 3824 elegantiores.
1625 3750 1762 3805 Cum
1791 3750 2000 3804 videret
2029 3765 2157 3820 ergo
2181 3748 2414 3804 Savilius
2445 3751 2544 3805 has
2571 3752 2864 3806 conciones
2895 3762 3154 3821 prastare
3177 3753 3403 3819 salibus,
3437 3759 3619 3812 nervis
3662 3733 3883 3817 εει-ειδ-

625 3848 866 3918 quentia,
902 3845 1201 3899 Antiochia:
1230 3843 1583 3897 concinnatas
1628 3850 1683 3895 et
1716 3839 1928 3895 habitas
1960 3839 2127 3894 fuisse
2159 3839 2554 3908 pronuntiavit.
2580 3839 2779 3894 Verum
2817 3841 2932 3896 haec
2963 3839 3142 3896 Photii
3179 3851 3307 3897 nota
3335 3844 3545 3908 critica,
3579 3863 3704 3918 qua
3731 3865 3884 3923 sep.

627 3957 752 3996 vera
781 3955 901 3995 esse
947 3939 1348 4008 comprobatur,
1384 3935 1673 3991 nonnullas
1713 3933 1878 3987 habet
1904 3933 2271 4002 exceptiones.
2313 3933 2617 4001 Aliquando
2654 3935 2798 3987 enim
2843 3934 3465 4007 Constantinopolitanae
3497 3939 3882 4015 Chrysostomi

626 4034 915 4089 conciones
943 4031 1186 4101 quzedam
1219 4027 1456 4084 bomiliis
1480 4027 1686 4096 aliquot
1715 4025 2070 4080 Antiochenis
2093 4025 2357 4095 elegantia
2395 4035 2523 4079 sunt
2544 4018 2964 4094 antepon'endae.

699 4122 1073 4176 Tillemontius
1094 4137 1240 4185 vero,
1258 4122 1348 4191 qui
1375 4118 1562 4189 maiori
1594 4119 1940 4172 accuratione
1969 4127 2026 4172 ct
2047 4118 2339 4183 sagacitate
2369 4135 2454 4173 res
2479 4129 2711 4173 tractare
2739 4120 2896 4182 solet,
2920 4120 3095 4173 allatis
3120 4120 3245 4176 hinc
3271 4131 3327 4177 et
3351 4122 3480 4179 inde
3501 4124 3883 4197 Chrysostomi

630 4208 782 4271 locis,
809 4217 864 4261 et
892 4207 1130 4262 excussis
1155 4209 1405 4275 utrinque
1432 4204 1751 4268 rationibus,
1781 4219 2076 4274 suspensus
2107 4206 2297 4270 haeret,
2324 4222 2426 4261 nec
2451 4206 2719 4262 aﬂirmare
2749 4209 2930 4272 audet,
2971 4217 3089 4263 utra
3119 4212 3172 4264 in
3200 4211 3422 4269 civitate
3467 4216 3552 4273 Im
3579 4223 3882 4281 conciones

628 4303 787 4357 dicta:
811 4301 1030 4356 fuerint.
1062 4298 1259 4351 Verum
1289 4297 1708 4367 Chrysostonius
1744 4305 1932 4364 aperte
1977 4295 2109 4349 dicit
2137 4304 2193 4350 et
2227 4311 2285 4349 se
2311 4306 2363 4350 ct
2398 4296 2676 4351 auditores
2719 4311 2846 4351 suos
2888 4306 3160 4366 pastorem
3195 4300 3416 4368 habere,
3449 4307 3636 4377 utique
3666 4311 3884 4369 Flavia.

628 4409 782 4460 num,
815 4393 969 4463 queis
1001 4389 1266 4458 significat
1295 4403 1352 4442 se
1391 4387 1763 4457 presbyterum
1794 4388 2096 4442 Antiochia
2122 4388 2468 4443 concionare.
2499 4388 2581 4441 En
2616 4389 2735 4457 ejus
2767 4388 2927 4442 verba
2959 4389 3176 4444 homilia
3218 4403 3408 4449 octava
3447 4399 3571 4467 (col.
3601 4402 3730 4473 46.!)
3763 4424 3778 4460 :
3815 4408 3883 4462 Τί

628 4488 836 4553 λέγεις;
888 4487 1020 4554 ὁρᾷς
1067 4483 1274 4544 πάντας
1328 4482 1474 4550 ἡμᾶς
1525 4481 1629 4533 ὑπὸ
1677 4483 1788 4542 τοῖς
1823 4483 2005 4545 αὐτοῖς
2039 4484 2274 4552 τείχεσιν
2315 4484 2494 4545 ὄντας,
2533 4483 2638 4535 ὑπὸ
2684 4483 2774 4535 τὸν
2818 4483 2982 4536 αὐτὸν
3025 4488 3124 4555 τῆς
3173 4488 3472 4557 ἐκκλησίας
3527 4498 3717 4565 σηκὸν,
3775 4503 3885 4558 ὑπὸ

627 4580 728 4648 τὴν
758 4579 927 4649 αὐτὴν
961 4577 1197 4646 μάνδραν
1236 4574 1355 4645 μεθ’
1375 4575 1625 4643 ὁμονοίας
1659 4574 1923 4637 ἑστῶτας.
1955 4575 2142 4628 οὐδένα
2174 4577 2500 4646 μαχόμενον,
2533 4576 2636 4629 ὑπὸ
2667 4575 2744 4645 τῷ
2779 4576 2929 4643 αὖτῷ
2963 4577 3203 4645 ποιμένι,
3233 4583 3385 4651 κοινῇ
3425 4581 3690 4651 βοῶντας,
3726 4597 3882 4666 κοινῇ

629 4671 737 4723 τῶν
777 4669 1088 4739 λεγομένων
1131 4668 1534 4739 ὰκρο‹‹›μένους,
1571 4672 1723 4739 κοινῇ
1757 4669 1854 4731 τὰς
1883 4669 2047 4736 εὐχὰς
2079 4670 2522 4740 ἀναπέμποντας,
2557 4670 2651 4723 καὶ
2682 4670 2864 4738 μάχης
2908 4669 3184 4738 μέμνησαι
3227 4672 3321 4724 καὶ
3355 4673 3634 4744 arduae”;
3683 4682 3885 4754 Μάχης

635 4760 939 4830 μέμνημαι,
976 4760 1068 4812 καὶ
1109 4759 1170 4811 οὑ
1215 4758 1475 4828 μαίνομαι
1517 4757 1635 4810 οὐδὲ
1673 4759 1959 4828 ἐξέστηκα.
2011 4760 2153 4826 ’0ρῶ
2194 4760 2293 4828 μὲν
2329 4760 2433 4828 γὰρ
2465 4760 2499 4814 ἃ
2529 4761 2658 4831 ¹δρῶ,
2700 4762 2792 4813 καὶ
2823 4755 2958 4823 οἶδα,
2997 4759 3078 4811 ὅτι
3121 4760 3225 4812 ὑπὸ
3255 4762 3347 4814 τὸν
3379 4765 3546 4834 σηκὸν
3591 4768 3684 4822 τὸν
3714 4772 3884 4831 αὐτόν

631 4853 796 4922 ἐσμεν
827 4852 919 4905 καὶ
946 4853 1036 4904 τὸν
1065 4850 1311 4920 ποιμένα.
1345 4850 1401 4903 Id
1433 4860 1516 4904 est
1547 4868 1558 4900 :
1590 4849 1725 4914 Quid
1755 4853 1832 4904 ais
1858 4853 1881 4904 .7
1915 4869 2003 4904 nos
2030 4869 2207 4906 omnes
2237 4870 2257 4905 ο

2255 4852 2373 4905 rides
2403 4852 2542 4905 intra
2573 4853 2775 4906 eosdem
2808 4852 3051 4918 parietes,
3083 4853 3137 4904 in
3183 4870 3286 4906 uno
3333 4857 3619 4927 eodemque
3647 4863 3881 4922 ecclesia:

629 4955 798 5013 septo,
825 4947 880 4997 in
919 4946 1089 4998 eodem
1119 4945 1240 4997 ovili
1277 4945 1676 4998 concordissime
1700 4956 1984 5007 versantes,
2011 4948 2267 4999 neminem
2302 4957 2641 5015 pugnantem,
2679 4945 2770 4998 sub
2795 4947 2971 4999 eodem
3001 4956 3231 5013 pastore,
3271 4949 3434 5001 simul
3461 4950 3770 5016 clamantes,
3809 4959 3884 5011 si-

631 5036 743 5090 mul
769 5039 908 5090 dicta
942 5038 1228 5101 audientes,
1261 5037 1418 5090 simul
1447 5054 1622 5105 preces
1656 5039 1964 5097 eminentes,
2000 5049 2046 5090 et
2079 5057 2307 5108 pugnam
2338 5041 2744 5106 seditionemque
2780 5039 3079 5091 memoras?
3113 5037 3355 5110 Pugnant
3384 5058 3636 5105 memoro,
3673 5061 3763 5097 nec
3789 5047 3882 5100 in-

630 5130 800 5191 sanio,
837 5147 926 5182 nec
957 5139 1124 5182 mente
1164 5138 1342 5195 captus
1382 5147 1518 5182 sum.
1554 5129 1707 5182 Video
1734 5132 1871 5182 enim
1907 5131 1996 5182 illa
2034 5147 2147 5198 qua:
2185 5133 2349 5194 video,
2373 5132 2578 5200 sciaque
2610 5147 2700 5182 nos
2725 5129 2815 5182 sub
2851 5131 3027 5183 eodem
3063 5141 3207 5200 septo
3237 5149 3342 5185 esse
3377 5143 3425 5186 et
3465 5144 3693 5202 pastore.
3728 5137 3881 5202 Quid

631 5219 870 5275 clarius?
897 5221 1259 5274 (.‘oncionator
1287 5221 1399 5289 ipse
1438 5219 1858 5290 Chrysostomus
1885 5224 2109 5291 perinde
2139 5233 2300 5291 atque
2331 5225 2561 5292 populus
2597 5224 2698 5276 sub
2726 5232 2941 5290 pastore
2968 5232 3069 5287 cst,
3100 5239 3298 5292 nempe
3339 5225 3440 5280 sub
3471 5224 3729 5281 Flaviano
3752 5233 3882 5300 cpi-

630 5323 818 5375 scopo,
852 5309 1184 5377 proindcque
1217 5309 1588 5364 Antiochenos
1612 5312 1919 5379 alloquitur,
1946 5329 2053 5364 non
2085 5321 2266 5365 autem
2296 5313 2950 5383 Cmistantinopolitanos,
2979 5330 3209 5382 quorum
3245 5315 3381 5386 ipse,
3408 5317 3536 5370 dum
3560 5317 3883 5378 Constanti-

629 5400 810 5468 nopoli
845 5411 1009 5463 esset,
1039 5412 1217 5470 pastor
1243 5403 1547 5473 przecipuus
1582 5413 1636 5458 et
1660 5407 1943 5474 cpiscopm
1973 5423 2188 5474 semper
2213 5406 2327 5459 fuit.
2362 5408 2418 5459 In
2455 5407 2640 5460 multis
2671 5407 2903 5460 antehae
2941 5408 3193 5471 homiliis,
3231 5410 3320 5462 ubi
3360 5417 3633 5477 pastorem
3680 5427 3884 5480 supre-

632 5506 780 5543 tnum
812 5490 1096 5543 memorari
1128 5492 1627 5554 animadvertimus,
1653 5494 1832 5548 statim
1867 5495 2184 5549 concionem
2214 5496 2512 5552 Antiochiae
2540 5497 2776 5553 habitam
2811 5496 2976 5554 fuisse
3002 5515 3125 5552 cum
3158 5498 3508 5554 Tilleniontio
3549 5501 3881 5568 pronuntia-

634 5596 831 5635 Vliﬂlla‘.

702 5670 859 5736 Quid,
899 5671 1038 5742 quod
1101 5672 1259 5727 etiam
1317 5687 1375 5726 se
1428 5673 1726 5731 Antiochia:
1783 5679 2194 5733 contionantem
2252 5695 2369 5736 CSse
2417 5698 2516 5735 nec
2563 5681 2792 5735 obscure
2843 5679 2949 5735 alio
2993 5681 3043 5735 in
3093 5683 3211 5736 loco
3255 5680 3566 5752 signiﬁcat?
3623 5682 3676 5737 Id
3718 5695 3878 5742 certe
