4118 6340
300 343 405 398 337
1381 341 1473 397 AD
1512 339 1748 398 HOMIL.
1795 341 1863 396 IN
1905 341 1926 396 ι

1957 341 2126 398 PIST.
2166 347 2255 399 AD
2295 345 2461 413 non,
3475 342 3583 398 ass

289 455 412 525 ipso
439 451 791 508 'I‘illemoutio
827 454 964 509 duce
1010 452 1518 517 animadvertimus,
1552 452 1771 508 bomilia
1803 467 2002 522 nempe
2034 453 2306 524 trigesima
2340 453 2466 523 (col.
2499 453 2649 523 666),
2686 454 2776 507 ubi
2821 454 2902 509 sic
2931 454 3194 524 populum
3241 455 3582 527 alloquitur:

287 551 338 602 et
383 549 491 618 γὰρ
534 547 675 617 μετὰ
716 547 971 600 τοσοῦτον
1005 547 1196 616 χρόνον
1232 547 1517 611 εἰσιόντες,
1549 545 1677 598 ἔνθα
1708 545 1892 614 ἔμεινε
1931 543 2166 612 Παῦλος,
2209 545 2341 599 ἔνθα
2387 545 2567 617 ἐδέθη,
2614 545 2745 600 ἔνθα
2787 547 3111 601 συνεκάθισε
3159 550 3255 602 καὶ
3307 547 3581 624 διελέχθη,

288 638 666 708 πτερούμιθα.
718 639 812 693 καὶ
865 640 1002 709 πρὸς
1048 637 1148 708 τὴν
1204 639 1426 708 μνήμην
1473 638 1573 707 τῆς
1614 637 1834 706 ἡμέρας
1889 635 1998 690 ἀπὸ
2047 637 2158 691 τῶν
2201 637 2384 690 τόπων
2429 638 2942 710 παραπεμπόμεθα·
3001 639 3082 692 ἔτι
3131 641 3416 711 νεωτέρων
3472 644 3584 697 τῶν

288 734 639 803 πραγμάτων
676 734 867 797 ὄντων,
890 733 942 785 τι
970 733 1202 802 πάσχειν
1235 733 1381 798 εἰκὸς
1421 733 1548 796 τοὺς
1581 733 1698 803 μετ’
1733 733 1914 786 εὐλασε

1955 750 2020 796 ας
2047 732 2490 803 ξενοδοκοῦντας;
2534 734 2591 790 Id
2623 745 2749 790 est:
2794 738 2936 789 Nam
2984 738 3030 790 si
3061 754 3152 791 nos
3195 748 3315 806 post
3365 748 3579 795 tantum

286 828 542 895 temporis
567 828 800 896 spatium
826 826 917 880 illo
942 827 1184 897 ingressi,
1215 826 1304 880 ubi
1329 825 1537 880 Paulus
1566 827 1835 886 manebat,
1871 825 1960 879 ubi
1986 825 2183 896 ligatus
2219 836 2316 890 est,
2345 826 2437 881 ubi
2456 829 2594 882 sedit
2617 837 2668 881 et
2710 829 2980 893 disseruit,
3017 831 3172 899 quasi
3201 831 3303 885 alis
3333 834 3577 886 assumtis

285 921 567 990 erigimur,
599 930 646 974 et
672 923 742 974 ad
771 921 877 974 diei
917 919 1062 974 illius
1101 920 1514 973 recordationem
1549 935 1614 972 ea:
1647 918 1774 972 locis
1805 921 1937 988 ipsis
1967 922 2289 974 remittimur
2317 916 2338 973 ἐ
2366 937 2485 972 cum
2517 936 2596 972 res
2627 920 2756 988 ipsa:
2789 921 3055 984 adessent,
3088 939 3191 991 quo
3229 940 3334 976 non
3391 925 3583 995 affecti.

287 1012 636 1066 movebantur
654 1012 754 1074 illi,
786 1013 876 1081 qui
903 1027 1020 1064 cum
1050 1012 1249 1078 pietate
1279 1009 1433 1063 illum
1460 1011 1832 1065 excipiebant?
1861 1010 1921 1063 In
1956 1011 2043 1064 illa
2077 1011 2241 1082 igitur
2268 1011 2488 1066 civitate
2526 1011 2876 1081 praedicabat,
2919 1013 3008 1067 ubi
3045 1014 3246 1069 Paulus
3275 1027 3582 1082 manserat,

287 1109 379 1163 ubi
431 1123 492 1164 se
541 1109 807 1164 adeuntes
853 1108 1253 1177 alloquebatur,
1294 1106 1440 1161 unde
1486 1105 1645 1162 facile
1695 1107 1989 1162 adibantur
2026 1107 2164 1172 loca,
2198 1108 2288 1162 ubi
2333 1108 2534 1163 Paulus
2585 1108 2783 1180 ligatus
2824 1108 3035 1170 fuerat;
3083 1111 3135 1163 in
3173 1110 3322 1182 [tl9]
3368 1113 3584 1168 duabus

283 1209 474 1255 autem
539 1207 747 1254 tantum
796 1199 1112 1255 civitatibus
1164 1199 1483 1268 praedicavit
1530 1199 1770 1255 Joannes
1825 1199 2281 1270 Chrysostomus,
2329 1202 2636 1257 Antiochia:
2690 1213 2746 1258 et
2797 1203 3276 1276 Constantinopoli
3332 1225 3348 1260 :
3398 1212 3582 1262 annon

290 1291 656 1361 conspicuum
684 1291 911 1346 omnino
938 1300 1023 1347 est
1059 1329 1074 1355 ,
1111 1291 1203 1348 hic
1227 1292 1297 1348 de
1327 1290 1625 1347 Antiochia
1654 1305 1968 1347 sermonem
2006 1294 2239 1349 haberi?
2266 1295 2399 1349 Nam
2436 1295 2678 1366 Byzantii
2712 1313 2994 1368 nunquam
3025 1299 3187 1354 sedes
3213 1299 3406 1355 habuit
3433 1300 3585 1372 Apo-

283 1381 389 1436 stol
397 1399 482 1437 us.

355 1470 538 1528 Haeret
573 1483 754 1530 tamen
800 1474 981 1529 adhuc
1028 1472 1414 1531 Tillemontius
1461 1485 1520 1532 et
1551 1490 1772 1531 causam
1824 1476 2067 1532 harendi
2105 1479 2315 1548 profert
2365 1494 2431 1533 ex
2475 1478 2582 1535 line
2635 1480 2877 1538 homilize
2916 1481 3193 1553 vigesimm
3239 1499 3422 1550 nonae,
3490 1483 3581 1540 ubi

279 1565 711 1635 Chrysostomus
775 1582 835 1622 se
885 1575 1161 1636 pastorem
1217 1566 1369 1634 dicit,
1416 1577 1472 1624 et
1525 1571 1762 1641 pastoris
1812 1570 1989 1626 ofﬁcia
2035 1587 2475 1629 commemorans
2519 1573 2592 1628 ita
2646 1575 2852 1630 claudit
2894 1594 2907 1630 :
2953 1576 3138 1630 Ταῦτα
3188 1577 3248 1629 δέ
3306 1594 3397 1648 μοι
3451 1579 3583 1648 περὶ

278 1659 526 1730 ἀριστων
553 1660 772 1733 εἴρηται
793 1660 1090 1731 ποιμένων,
1119 1661 1182 1715 οὐ
1215 1663 1346 1733 περὶ
1368 1663 1611 1734 ἐμαυτοῦ
1638 1665 1730 1720 καὶ
1761 1664 1872 1718 τῶν
1897 1665 2020 1720 καθ’
2039 1669 2212 1737 ἡμᾶς,
2242 1666 2359 1720 ἀλλ’
2391 1668 2444 1720 ετ
2474 1684 2557 1731 τις
2581 1668 2843 1732 τοιοῦτος,
2869 1665 2982 1733 οἷος
3012 1672 3042 1723 ό
3083 1669 3294 1734 Παῦλος
3333 1666 3423 1742 ἦν,
3469 1665 3583 1736 οἷος

277 1755 311 1809 ὁ
369 1756 600 1826 Πέτρος,
664 1749 777 1818 οἷος
827 1755 857 1809 ό
897 1756 1162 1828 Μωῦσῆς.
1215 1757 1455 1822 Τούτους
1507 1755 1602 1814 οὖν
1647 1761 1903 1831 μιμησώει

1959 1761 2025 1815 θα
2078 1762 2173 1816 καὶ
2216 1761 2479 1834 ἄρχοντες
2511 1762 2611 1816 καὶ
2650 1764 2969 1834 ἀρχόμενοι.
3015 1765 3072 1820 Id
3103 1777 3187 1822 est
3219 1770 3387 1821 :Ha'e
3425 1785 3585 1838 porro

282 1864 318 1900 ο
357 1863 440 1900 me
472 1847 615 1900 dicta
645 1857 767 1900 sunt
803 1848 868 1901 de
895 1850 1109 1917 optimis
1144 1851 1465 1919 pastoribus.
1501 1869 1604 1907 non
1630 1855 1694 1908 de
1725 1871 1807 1908 me
1831 1856 1989 1924 ipso;
2023 1856 2115 1909 sed
2143 1857 2193 1909 si
2234 1857 2352 1926 quis
2380 1856 2505 1910 talis
2540 1857 2608 1910 sit
2642 1859 2818 1928 qualis
2859 1856 3062 1914 Paulus
3101 1871 3234 1923 erat,
3273 1861 3449 1931 qualis
3479 1861 3586 1917 Pe-

279 1952 416 2000 trus,
444 1940 621 2009 qualis
644 1941 862 2010 Moyses.
895 1941 1002 1996 Hos
1049 1943 1232 2014 itaque
1286 1945 1561 2000 imitmur
1602 1957 1652 2001 et
1690 1951 1928 2019 prmfecti
1977 1959 2024 2002 et
2065 1949 2279 2002 subditi.
2317 1947 2428 2004 Hoc
2469 1966 2578 2005 uno
2617 1952 2886 2008 abductus
2932 1953 3252 2008 testimonio
3282 1952 3585 2008 'l‘illemon-

281 2033 393 2089 tius
423 2050 455 2087 a
491 2034 701 2106 judicio
724 2035 949 2091 ferendo
975 2037 1261 2108 abstinuit,
1300 2056 1403 2096 nec
1433 2042 1734 2097 decernere
1773 2044 1946 2098 voluit
1974 2044 2355 2100 Antiochia'ne
2382 2061 2451 2098 an
2486 2045 2965 2116 Constantinopoli
3011 2047 3110 2102 has
3141 2049 3442 2105 conciones
3480 2048 3583 2103 ba-

283 2129 493 2182 bucrit.

3479 2118 3508 2146 ς.

358 2225 550 2279 Laudo
574 2225 826 2296 equidem
855 2227 988 2281 tanti
1017 2226 1119 2281 viri
1154 2228 1556 2284 consideratam
1589 2228 1642 2282 in
1667 2227 1876 2298 judicio
1903 2228 2132 2286 ferendo
2164 2234 2496 2299 tarditatem,
2520 2251 2643 2303 qua:
2678 2235 2730 2288 in
2757 2235 2978 2305 scriptis
3017 2237 3131 2291 suis
3163 2235 3216 2290 in
3248 2237 3384 2292 orhe
3421 2237 3584 2292 Chri-

280 2317 466 2371 stiano
500 2326 608 2371 tam
637 2317 924 2373 celebratis
953 2319 1158 2388 passim
1187 2319 1660 2390 deprehenditur;
1695 2331 1750 2375 at
1787 2322 1875 2376 hic
1895 2332 2044 2378 certe
2069 2323 2286 2379 videtur
2311 2326 2444 2381 mihi
2478 2328 2702 2384 nimiam
2738 2329 3003 2386 adhibere
3051 2331 3387 2387 cautionem.
3442 2332 3584 2387 Dicit

280 2410 713 2480 Chrysostomus
742 2426 801 2465 se
828 2411 931 2465 sub
962 2420 1182 2482 pastore
1218 2428 1360 2477 esse,
1384 2414 1592 2469 scilicet
1613 2416 1716 2470 sub
1744 2415 2001 2470 Flaviano
2030 2417 2339 2474 Antiochia:
2359 2421 2656 2491 episcopo;
2693 2440 2801 2480 non
2831 2424 2940 2478 alio
2975 2425 3181 2495 quippe
3227 2425 3389 2480 modo
3417 2424 3583 2482 intel-

277 2499 370 2571 ligi
405 2508 593 2569 potest
623 2517 636 2552 :
668 2515 727 2554 se
779 2500 834 2552 in
877 2500 1010 2555 urbe
1049 2501 1136 2556 illa
1167 2516 1310 2566 esse,
1344 2503 1436 2557 ubi
1465 2506 1838 2559 venerabundi
1876 2506 2024 2562 cives
2063 2508 2181 2562 loca
2213 2524 2308 2564 seu
2332 2511 2500 2576 aedes,
2537 2513 2587 2565 iu
2622 2515 2779 2584 queis
2802 2515 3003 2572 Paulus
3036 2527 3338 2586 manserat,
3371 2520 3580 2574 invise-

279 2594 434 2648 bant.
460 2593 657 2646 Annon
685 2593 922 2662 idipsum
955 2603 1092 2656 erat,
1130 2609 1195 2648 ac
1223 2596 1267 2650 si
1291 2596 1518 2651 dixisset
1541 2614 1599 2651 se
1631 2598 1939 2654 Antiochiae
1964 2602 2318 2658 concionari?
2347 2605 2416 2659 At
2457 2621 2578 2660 sese
2621 2607 2738 2671 ille,
2771 2608 3007 2679 inquies,
3040 2611 3094 2667 in
3123 2613 3225 2666 alia
3259 2613 3316 2668 in
3348 2611 3574 2684 Episto-

278 2687 387 2740 lam
419 2687 488 2740 ad
513 2684 790 2738 Romanos
815 2686 1082 2742 concione
1112 2695 1387 2756 pastorem
1414 2697 1590 2742 vocat.
1628 2687 1772 2743 Sane
1799 2700 1982 2744 utrum
2017 2692 2068 2747 in
2102 2710 2269 2764 supra
2307 2709 2612 2752 memorato
2651 2700 2771 2755 loco
2813 2717 2936 2757 sese
2973 2711 3250 2773 pastorem
3275 2707 3579 2770 vocaverit,

278 2789 475 2852 posset
509 2780 740 2834 fortasse
773 2779 826 2832 in
859 2780 1292 2834 controversiam
1326 2780 1541 2846 vocari;
1573 2784 1667 2835 sed
1690 2783 1906 2837 etiamsi
1947 2799 2006 2838 se
2046 2786 2206 2839 talem
2238 2787 2459 2852 dixerit,
2494 2789 2625 2858 quid
2662 2800 2777 2845 tum
2814 2802 3002 2862 postea
3030 2795 3053 2847 ?
3094 2811 3279 2851 annon
3316 2801 3579 2855 sacerdo-

277 2880 363 2925 tes
383 2870 500 2934 alii,
535 2886 644 2924 non
679 2868 942 2939 episcopi,
979 2869 1068 2939 qui
1097 2872 1282 2924 ovium
1307 2870 1510 2924 Christi
1545 2888 1731 2926 curam
1768 2874 1991 2939 habent,
2023 2885 2272 2945 pastores
2305 2887 2433 2932 sunt
2463 2889 2519 2935 et
2552 2885 2867 2937 vocantur?
2891 2885 3134 2942 Joannes
3161 2904 3293 2943 vero
3342 2891 3582 2963 Chryso-

275 2972 493 3014 otomus
524 2959 754 3014 llomilia
786 2959 839 3012 in
867 2959 1050 3015 Terrae
1077 2971 1285 3016 motum
1318 2972 1374 3018 et
1404 2962 1666 3020 Lazarqu
1697 2978 1828 3022 tom.
1863 2967 2035 3029 Ilcol.
2065 2970 2252 3037 1029),
2300 2986 2421 3040 quae
2471 2972 2616 3028 haud
2662 2976 2827 3032 dubie
2878 2978 3189 3037 Antiochiae
3235 2983 3422 3040 habita
3454 2959 3580 3055 l‘uit,

275 3068 398 3107 Sese
430 3067 542 3106 non
568 3052 801 3115 obscure
825 3061 1098 3121 pastorem
1130 3062 1186 3107 et
1216 3054 1362 3109 clare
1392 3064 1649 3122 satorem,
1679 3058 1981 3124 doctorem,
2018 3062 2289 3117 medicum
2328 3075 2384 3118 et
2422 3068 2822 3136 speculatorem
2858 3082 3040 3128 vocat.
3343 3139 3349 3145 .

350 3146 434 3200 En
461 3145 606 3200 illius
632 3145 837 3200 verba:
879 3144 1019 3197 Ἀλλ’
1049 3146 1196 3216 ἐρεῖς
1233 3164 1343 3217 μοι,
1387 3149 1480 3202 καὶ
1525 3149 1578 3203 τί
1616 3151 1847 3218 ὠφελεῖς
1888 3153 2094 3222 λέγων;
2143 3157 2373 3225 Ὠφελῶ,
2407 3159 2502 3212 ἐάν
2539 3160 2622 3224 τες
2669 3180 2772 3232 μου
2807 3163 3003 3237 ἀκούῃ.
3051 3166 3194 3236 Ἐγὼ
3231 3169 3293 3222 τὸ
3335 3171 3580 3242 δμαυτοῦ

281 3237 445 3291 ποιῶ·
477 3241 505 3291 ὁ
533 3238 776 3308 σπείρων
811 3239 1049 3307 σπείρει.
1088 3239 1344 3311 Ἐξῆλθεν
1371 3241 1399 3292 ὁ
1434 3243 1676 3313 σπείρων
1704 3245 1798 3298 τοῦ
1827 3249 2071 3317 σπεῖραι·
2101 3252 2195 3302 καὶ
2227 3251 2296 3304 τὰ
2330 3253 2430 3320 μὲν
2464 3256 2625 3308 ἔπεσε
2673 3259 2826 3329 παρὰ
2863 3261 2964 3333 τὴν
2993 3263 3136 3328 ὁδὸν,
3170 3265 3237 3318 τὰ
3263 3265 3319 3318 δὲ
3351 3237 3444 3320 ἐπὶ
3472 3267 3573 3338 τὴν

280 3331 520 3402 πέτραν,
561 3331 629 3384 τὰ
667 3331 725 3384 δὲ
766 3332 861 3384 ἐπὶ
905 3331 1004 3395 τὰς
1033 3333 1297 3398 ἀκάνθας,
1336 3333 1403 3386 τὰ
1429 3335 1486 3386 δὲ
1517 3335 1611 3387 ἐπὶ
1636 3335 1736 3406 τὴν
1757 3338 1862 3408 γῆν
1893 3338 1992 3409 τὴν
2029 3340 2224 3411 καλήν·
2252 3343 2379 3414 τρία
2411 3348 2556 3417 μέρη
2592 3349 2863 3419 ἀπώλετο,
2900 3331 2996 3405 διαὶ
3019 3354 3078 3407 ἒν
3112 3356 3318 3427 ἐσώθη·
3349 3359 3443 3411 καὶ
3478 3331 3579 3415 ob):

274 3431 496 3498 ἀπέστη
526 3429 625 3496 τῆς
655 3427 955 3498 γεωργίας,
978 3429 1094 3481 ἀλλ’
1125 3429 1313 3499 ἐπειδὴ
1355 3429 1414 3483 ἓν
1451 3430 1781 3497 διεσώζετο,
1821 3435 1920 3486 οὐκ
1970 3437 2252 3491 ἐπαύσατο
2292 3443 2390 3512 τῆς
2442 3447 2731 3514 γηπονὶας.
2775 3493 2787 3504 .
2825 3490 2839 3504 .
2877 3491 2890 3505 .
2930 3493 2941 3506 .
2985 3452 3109 3506 ἐπεὶ
3151 3453 3247 3505 καὶ
3292 3457 3322 3508 ό
3371 3456 3580 3528 ποιμὴν

273 3525 488 3583 ἐκεῖνος
526 3521 595 3574 τὰ
638 3522 1157 3619 ἐννενηκονταεννέα
1190 3522 1440 3594 πρόϐατα
1482 3525 1825 3590 καταλιπὼν,
1867 3529 1959 3581 ἐπὶ
2014 3530 2075 3583 τὸ
2115 3532 2174 3584 ἓν
2228 3534 2290 3587 τὸ
2340 3538 2762 3612 πεπλανημένον
2812 3544 3070 3616 ἔδραμεν.
3123 3547 3202 3603 Οὐ
3244 3521 3578 3619 καταφρονῶ

273 3613 599 3685 ἀνθρώπου·
629 3612 732 3666 κᾶν
753 3607 833 3677 εἷς
858 3602 916 3688 ᾖ,
939 3615 1230 3686 ἄνθρωπός
1259 3617 1398 3681 ἐστι,
1427 3617 1490 3670 τὸ
1521 3621 1899 3689 περισπούδασ

1949 3639 1998 3675 ον
2025 3623 2106 3694 τῷ
2142 3625 2262 3697 Θεῷ
2293 3629 2453 3691 ζῶον.
2494 3631 2548 3688 Id
2575 3602 2660 3690 est
2689 3655 2701 3690 :
2734 3639 2804 3691 At
2834 3602 2974 3694 dices
2999 3643 3148 3706 mihi,
3188 3602 3340 3708 Quid
3355 3602 3575 3701 dicendo

273 3706 532 3775 proficis?
560 3704 805 3774 Pro/icio,
834 3709 881 3760 si
907 3708 1025 3777 quis
1053 3725 1136 3762 me
1166 3710 1374 3764 audiat.
1401 3708 1516 3781 Ego
1539 3712 1677 3782 quod
1702 3715 1930 3784 ofﬁcium
1956 3735 2129 3774 meum
2152 3733 2247 3788 est,
2277 3725 2334 3778 id
2362 3739 2591 3794 promo;
2619 3733 2914 3787 seminator
2940 3704 3163 3791 semina.
3192 3704 3347 3793 ⁷ἰῖειέὶἱι
3379 3741 3471 3810 qui
3493 3759 3577 3795 se-

277 3799 454 3852 minat
484 3798 559 3851 ad
592 3799 999 3862 seminandum;
1026 3801 1269 3870 quaedam
1290 3803 1590 3858 ceciderunt
1619 3823 1768 3861 secus
1798 3808 1961 3871 viam,
1986 3815 2229 3881 quantam
2268 3834 2431 3886 supra
2462 3832 2689 3889 petram,
2723 3825 2970 3894 qmerlam
3007 3845 3171 3898 supra
3193 3798 3402 3899 spinas:
3421 3851 3570 3904 qna:-

275 3895 404 3947 dam
435 3894 492 3946 in
526 3901 722 3945 terram
755 3893 947 3946 bonam
978 3909 997 3946 :
1027 3903 1132 3948 tres
1169 3905 1351 3963 partes
1376 3899 1669 3965 perierunt,
1691 3909 1742 3954 et
1775 3919 1881 3955 una
1907 3917 2118 3960 servata
2145 3919 2257 3975 est;
2284 3928 2378 3964 nec
2413 3924 2592 3968 tamen
2623 3917 2688 3970 ab
2717 3920 3047 3988 agricultura
3073 3924 3292 3987 destitit,
3325 3928 3416 3980 sed
3433 3893 3572 3998 'quo-

275 3989 426 4042 uiam
458 4004 565 4039 una
589 3997 896 4041 conservata
919 3997 1013 4051 est,
1049 4006 1239 4060 agrum
1263 3992 1432 4046 colere
1463 4011 1565 4048 non
1588 3999 1830 4051 cessavit.
1871 4037 1886 4053 .
1926 4038 1941 4054 .
1982 4041 1997 4054 .
2037 4042 2051 4055 .
2086 4002 2523 4077 Quandoquidem
2545 4020 2594 4064 et
2617 4021 2800 4081 pastor
2818 4013 2928 4078 ille,
2959 4019 3051 4084 qui
3073 4020 3363 4088 nonaginta
3390 4037 3568 4075 novem

275 4079 569 4148 reliquerat
599 4095 734 4141 oves,
768 4081 840 4132 ad
869 4097 1032 4134 unam
1065 4082 1317 4146 cucurrit,
1362 4100 1480 4153 qua:
1514 4086 1876 4142 abet-raverat.
1931 4090 2214 4147 Hominem
2259 4113 2360 4150 non
2400 4109 2677 4155 contemno
2700 4119 2718 4156 .·
2745 4104 2865 4158 licet
2897 4123 3033 4161 unus
3060 4111 3148 4171 sit,
3181 4111 3336 4163 homo
3391 4123 3572 4169 tamen

273 4179 356 4224 est
401 4169 609 4222 animal
643 4169 748 4224 Deo
775 4171 1129 4226 carissimum.
1169 4175 1249 4227 An
1283 4171 1436 4245 [420]
1467 4191 1525 4229 se
1552 4186 1826 4244 pastorem
1850 4178 2032 4235 dicere
2056 4200 2164 4238 non
2195 4189 2394 4242 audeat
2426 4189 2491 4254 is,
2525 4193 2615 4261 qui
2647 4194 2718 4249 ita
2756 4195 3036 4267 loquitur;
3070 4183 3184 4256 imo
3226 4219 3354 4258 vero
3383 4222 3567 4261 annon

273 4279 336 4316 se
369 4262 515 4316 clare
546 4271 820 4330 pastorem
851 4261 982 4316 dicit
1020 4263 1136 4318 haec
1170 4266 1543 4334 proferendo?
1585 4267 1751 4324 Paulo
1783 4281 1899 4339 post

1943 4285 2119 4329 autem
2153 4278 2266 4332 hmo
2303 4284 2586 4349 subjicit.:
2627 4289 2701 4338 Οὐ
2737 4288 3020 4359 παύσομαι
3071 4292 3254 4361 λέγειν
3295 4298 3425 4365 ἐγὼ,
3464 4301 3569 4354 κᾶν

278 4354 476 4468 μηδεὶς
511 4351 874 4468 ᾖὲόιάκιῖὂωνο
909 4356 1259 4468 ἰατρόςρεὶμι,
1293 4359 1579 4468 ἐπιτίοηξιι
1603 4363 1672 4414 τὰ
1700 4363 1989 4468 φάρὲιακα·
2023 4367 2343 4435 διδάσκαλός
2373 4377 2508 4444 ειμι,
2547 4385 2838 4450 παραινεῖν
2868 4351 3221 4459 ἐπελεύσθῇν·

273 4446 493 4502 Σκοπὸν
541 4445 755 4499 δέδωκά
814 4465 873 4500 σε
926 4447 1005 4516 τῷ
1052 4447 1189 4520 οἴκῳ
1222 4450 1460 4520 Ἰσραήλ.
1521 4453 1578 4506 Id
1627 4463 1753 4508 est:
1799 4457 1899 4511 Νοι

2630 4445 2640 4450 -
3153 4445 3165 4459 ι
3331 4445 3341 4460 ι
3395 4445 3403 4447 ‘
3448 4445 3542 4468 l"|'

1975 4463 2184 4516 dicendi
2231 4466 2391 4533 ﬁnem
2447 4471 2669 4538 faciam,
2721 4477 2931 4530 etiamsi
2987 4482 3167 4536 nullus
3215 4486 3282 4537 sit
3333 4491 3424 4556 qui
3472 4509 3569 4543 an-

274 4544 396 4596 diat
423 4559 442 4606 ;
470 4541 701 4594 medicus
731 4558 868 4607 sum,
898 4543 1186 4610 pharmaca
1217 4547 1475 4611 adhibeo;
1529 4549 1711 4603 doctor
1742 4568 1880 4619 sum,
1918 4565 1969 4609 et
2021 4559 2280 4615 admoneo
2307 4579 2322 4627 ;
2372 4564 2450 4616 ait
2486 4567 2625 4619 enim
2653 4585 2670 4622 :

2706 4569 3120 4639 Speculatorem
3147 4579 3268 4634 dedi
3298 4592 3348 4635 te
3380 4583 3565 4638 (Inlttlti

276 4636 468 4694 Israel.

352 4727 414 4782 In
445 4726 810 4845 aliiquuoque
835 4729 1646 4845 bomilii:Antiochize'habiltis,
1668 4737 1754 4792 illa
1785 4741 1967 4797 munia
1992 4758 2050 4798 se
2076 4759 2334 4804 exercere
2357 4751 2509 4816 dicit,
2532 4772 2653 4825 qua:
2680 4760 2936 4817 videntur
2964 4766 3029 4820 ad
3055 4770 3324 4840 praecipua
3350 4777 3567 4845 episeo-

276 4820 693 4933 porum‘ol‘licia
722 4823 1023 4933 pertinere.
1056 4824 1232 4933 Sicnin
1258 4827 1514 4898 vigesima
1546 4831 1766 4887 homilia
1797 4836 1864 4889 ad
1897 4839 2157 4906 populum
2193 4820 2620 4913 Antiochenum.
2659 4861 2789 4908 tom.
2824 4858 2866 4912 Il
2914 4820 3576 4933 (col.r2lli1:ﬂ1—‘ao;oupdl:

276 4931 448 4967 κοντα
487 4912 676 4966 λοιπὸν
711 4913 921 4983 ἡμέραι
954 4916 1252 4986 παρῆλθον·
1305 4919 1372 4973 ἂν
1412 4924 1590 4975 τοίνυν
1620 4925 1680 4976 τὸ
1713 4929 1900 4996 πάσχα
1947 4933 2194 5005 παρέλθῃ
2234 4937 2296 4988 τό
2336 4940 2498 5008 ἱερὸν,
2537 4912 2710 4998 οὐδενὶ

280 5005 608 5082 παραίνεσιν
652 5005 934 5077 προσάξω,
972 5007 1090 5062 ἀλλ’
1125 5011 1395 5082 ἐπιταγὴν
1428 5016 1522 5066 καὶ
1552 5016 1858 5088 ἁποιιιμίαν
1896 5023 2375 5098 ἀκαταφρόνητον.
2411 5072 2424 5085 .
2455 5073 2468 5087 .
2507 5074 2520 5087 .
2552 5076 2564 5087 .
2614 5041 2749 5092 πᾶσι
2796 5005 2974 5098 τοίνυν
3025 5005 3278 5120 προλέγω
3318 5005 3411 5109 καὶ
3447 5057 3564 5113 δια-ι

283 5097 547 5120 --μΑ--ε-,Α
579 5117 672 5120 μ--
734 5099 811 5120 2--
864 5098 926 5120 ι--
986 5117 1009 5120 -
1049 5117 1139 5120 κη-κ
1193 5102 1208 5120 Ι
1434 5107 1446 5120 ο
1504 5109 1526 5120 .-
1724 5110 1739 5120 ι
1784 5112 1851 5120 .-.
2070 5118 2079 5120 -
2145 5119 2151 5120 ,

282 5097 696 5208 μίιρτύρουριαι,
730 5099 813 5216 6::
843 5098 926 5208 ,ἂν
950 5102 1377 5216 ,συγγενόμενος
1398 5107 1556 5216 .13va
1616 5110 1739 5162 κατ’
1772 5112 1942 5216 ,ιδίαν,
1997 5118 2091 5170 καὶ
2143 5097 2323 5176 λαϐὼν
2379 5126 2692 5200 ἀπόπειραν
2744 5135 3006 5205 (λήψομαι

279 5190 429 5262 εὕρω
487 5193 640 5257 τινὰς
708 5193 782 5264 μὴ
829 5194 1235 5266 ὀιορῦώσαντας
1286 5198 1344 5252 τὸ
1393 5199 1706 5270 ἐλάττωμα.
1760 5206 2057 5279 ἀπαιτήσω
2107 5212 2287 5284 δίκην,
2339 5190 2604 5287 κελεύσαξ
2667 5226 2692 5277 ἓ

277 5283 386 5336 τῶν
417 5284 602 5354 ἱερῶν.
633 5286 746 5342 Hoc
777 5297 860 5342 cst
893 5306 905 5342 :
937 5289 1305 5364 Quadraginta
1356 5298 1466 5352 dies
1492 5300 1612 5367 jam
1643 5305 2015 5367 prteterierunt
2049 5311 2137 5363 :si
2164 5313 2324 5380 igitur
2367 5283 2676 5390 sacrnm'qn

279 5378 421 5431 ultra
448 5379 656 5431 veniam
684 5381 841 5444 dabo,
869 5399 970 5435 non
1009 5386 1438 5451 admonitionem,
1472 5391 1561 5441 sed
1592 5393 1691 5444 vim
1735 5394 1945 5461 imperii
1996 5408 2044 5450 et
2085 5406 2418 5458 severitatem
2456 5425 2558 5462 non
2597 5378 2676 5464 cor

279 5469 531 5523 ﬂantibus
570 5472 749 5540 itaque
772 5476 1021 5528 denuntio
1052 5487 1097 5529 ct
1127 5488 1415 5546 protestor;
1450 5484 1586 5550 quod
1614 5485 1658 5535 si
1690 5502 1775 5537 vos
1810 5488 2040 5556 singulos
2089 5509 2213 5546 c-onv

3278 4869 3346 4920 Τε
3356 4875 3565 4942 σσσρά-

2759 4953 3147 5024 συγγνώσομαι
3193 4958 3400 5024 λοιπὸν,
3439 4967 3562 5020 οὐδὲ

2699 5226 2774 5292 ξω
2831 5232 3014 5300 μένειν
3076 5237 3186 5290 τῶν
3242 5250 3562 5315 μυστηρίων

2683 5342 2812 5393 oqne
2852 5327 3058 5386 Pascha
3116 5345 3376 5407 transeat,
3429 5347 3563 5400 nulli

2679 5421 3032 5474 itemnendam
3059 5427 3331 5485 adhibebo.
3369 5471 3383 5486 .
3422 5475 3436 5489 .
3472 5476 3486 5490 .
3521 5479 3534 5493 .

2220 5497 2416 5557 cniens,
2458 5513 2505 5554 et
2538 5507 2952 5565 experimentum
2992 5531 3201 5572 sumens
3240 5526 3386 5591 (nam
3416 5529 3560 5586 haud

278 5564 430 5616 dubie
459 5569 711 5629 sumam),
745 5568 1126 5635 deprehendero
1161 5575 1414 5642 quosdam
1447 5575 1541 5628 hoc
1575 5578 1759 5630 vitium
1793 5597 1893 5634 non
1916 5600 2088 5636 correa
2104 5587 2221 5653 isse,
2255 5606 2463 5657 poenam
2494 5597 2756 5667 irrogabo,
2796 5605 2997 5659 edicam
3028 5620 3081 5661 ut
3121 5614 3224 5680 fori

279 5671 367 5708 cra
397 5661 645 5724 mysteria
674 5664 945 5716 consistat.
985 5664 1064 5718 Au
1114 5671 1346 5734 pastoris
1386 5687 1584 5724 nomen
1626 5690 1889 5742 usurpare
1921 5693 2028 5731 non
2071 5683 2268 5737 audeat
2299 5687 2388 5753 qui
2425 5690 2546 5743 [aiio
2586 5692 2764 5749 lzullr?

280 5746 431 5801 tendi
465 5747 870 5806 Tillcmontium
897 5755 1177 5810 detinuere
1204 5775 1214 5809 :
1240 5770 1291 5812 ct
1323 5759 1699 5817 .-\ntiochi~.Lue
1720 5781 1785 5818 an
1806 5766 2277 5840 Constantinopoli
2305 5746 2547 5834 IIOIIIiliu‘
2571 5780 2622 5834 in
2649 5746 2798 5852 Lpist

3225 5633 3250 5666 δ
3282 5629 3431 5673 extra
3465 5639 3524 5675 818

2801 5696 2998 5754 Verum
3039 5701 3152 5757 lucc
3184 5723 3210 5759 a
3238 5708 3446 5775 judicio
3477 5713 3540 5768 le-

2802 5786 2940 5842 olam
2966 5792 3032 5845 ad
3061 5792 3335 5855 Romanos
3357 5801 3556 5860 habitu:
