4118 6340
619 332 724 389 389
2037 325 2192 382 ΡΒᾹΞ
2201 326 2245 380 F.

2229 325 2404 381 ’ΛΊἹΟ
3753 324 3855 378 390

618 452 837 509 fuerint,
864 445 1089 502 delinire
1123 463 1230 501 non
1260 461 1424 501 ausus
1449 454 1548 499 est.
1583 443 1690 497 Nos
1723 453 1904 498 autem
1926 443 2083 512 quasi
2113 448 2321 496 certum
2347 449 2400 494 et
2426 440 2760 507 exploratum
2787 439 3092 495 habendum
3120 451 3390 510 putamus,
3421 441 3536 494 illas
3559 438 3858 494 Antiochiae

620 540 830 594 habitas
861 541 1041 594 fuisse.
1079 541 1403 595 Tillemontii
1432 542 1575 594 enim
1605 538 1838 607 obiectio
1862 553 1961 591 nos
1987 553 2016 590 a
2050 534 2142 590 tali
2180 534 2400 589 ferenda
2433 533 2700 586 sententia
2728 533 2996 588 abducere
3021 550 3127 588 non
3157 544 3356 604 potest.
3377 535 3486 585 (Zur
3513 534 3660 585 enim
3689 531 3860 598 Chry-

617 642 911 696 sostomus,
953 631 1155 685 fatente
1191 630 1549 694 Tillemontio,
1583 631 1666 683 bis
1702 630 1843 682 clare
1875 627 2077 680 indicet
2124 641 2183 678 se
2226 622 2528 676 Antiochia:
2564 622 2895 685 concionari,
2934 623 3060 694 quid
3105 625 3241 677 ultra
3290 623 3636 692 qumramus?
3669 631 3723 674 et
3765 638 3858 677 cur

620 731 727 774 tam
755 722 854 774 levi
887 724 1198 792 conjectura
1235 739 1262 776 a
1296 723 1661 792 Chrysostomi
1689 719 1998 774 testimonio
2028 717 2303 787 sequendo
2332 714 2707 770 detineamur?

690 839 929 903 Annum,
977 855 1084 909 quo
1119 841 1277 894 hasce
1309 841 1557 893 homilias
1589 839 1825 894 Joannes
1867 832 2156 890 adornavit
2198 842 2254 888 et
2296 832 2447 894 dixit,
2481 846 2548 885 ne
2583 831 2894 899 conjectura
2926 831 3141 900 quidem
3187 827 3402 899 assequi
3434 828 3678 882 valemus
3708 845 3720 882 :
3763 840 3864 882 hoc

620 946 788 984 unum
819 930 937 984 sine
959 932 1168 985 errandi
1200 930 1442 1000 periculo
1472 931 1652 985 dicere
1677 944 1980 999 possumus,
2007 925 2224 982 nonnisi
2252 934 2374 994 post
2407 939 2609 976 annum
2649 921 2753 976 588
2785 922 3025 992 potuisse
3049 921 3493 991 Chrysostomum
3526 919 3612 972 his
3642 933 3860 971 manum

619 1032 674 1075 et
712 1037 928 1090 operam
950 1021 1237 1074 admovere
1281 1038 1292 1073 :
1329 1023 1486 1076 annis
1519 1021 1885 1090 namqueillis
1916 1019 2209 1089 prioribus,
2239 1017 2394 1087 queis
2418 1015 2818 1071 coneionatoris
2850 1013 3024 1070 ollieio
3050 1014 3269 1068 functus
3293 1023 3395 1078 est,
3427 1020 3504 1068 tot
3529 1012 3700 1067 edidit
3730 1027 3861 1066 con-

617 1114 801 1166 ciones
829 1125 883 1166 et
915 1112 1180 1176 homilias,
1208 1123 1263 1166 ut
1293 1113 1421 1183 ipsis
1450 1115 1584 1167 alias
1615 1114 1849 1182 adjicere
1879 1126 1986 1164 non
2016 1108 2253 1163 licuerit.

685 1222 818 1277 Cum
851 1238 1012 1290 porro
1036 1221 1304 1288 Julianus,
1334 1225 1422 1292 qui
1452 1223 1645 1294 Pelagii
1673 1238 1882 1276 errores
1917 1222 2190 1283 tuebatur,
2221 1219 2286 1272 ad
2313 1228 2594 1289 peceatum
2624 1218 2884 1289 originale
2910 1219 3206 1273 tollendum
3231 1220 3602 1290 Chrysostomi
3631 1221 3867 1273 auctori-

617 1319 724 1366 tate
751 1330 882 1368 usus
911 1325 1088 1379 esset;
1119 1318 1481 1384 Augustinus,
1503 1317 1591 1384 qui
1629 1317 1772 1369 hunc
1798 1315 2067 1367 haereseos
2097 1320 2549 1382 propugnatorem
2582 1312 2792 1381 egregie
2829 1311 3055 1378 depulit,
3093 1326 3158 1364 ex
3189 1313 3409 1365 homilia
3441 1313 3650 1367 decima
3691 1311 3862 1381 Chry-

616 1409 839 1459 sostomi
887 1409 1052 1460 multa
1085 1408 1364 1460 confertim
1397 1408 1575 1460 attulit
1612 1408 1744 1459 libro
1775 1409 1792 1459 l
1827 1415 2014 1459 contra
2041 1403 2338 1465 Julianum,
2371 1417 2542 1470 eaque
2568 1400 2760 1455 Latine
2800 1417 3081 1462 conversa,
3113 1417 3233 1470 qua:
3275 1404 3434 1457 nobis
3473 1404 3560 1457 hic
3587 1417 3865 1471 apponere

616 1497 791 1550 visum
824 1511 925 1562 est,
949 1502 1220 1554 annotatis
1245 1502 1296 1553 in
1332 1501 1574 1571 margine
1605 1500 1757 1565 locis,
1798 1499 1939 1552 unde
1963 1500 2076 1552 lucc
2104 1497 2376 1566 excerpsit
2406 1495 2763 1564 Augustinus.

686 1610 838 1682 [$2l,
876 1615 952 1682 (α)
985 1614 1116 1682 Lege
1141 1616 1300 1667 etiam
1327 1616 1764 1685 quemadmodum
1792 1613 2000 1680 exponit
2034 1612 2169 1664 idem
2214 1611 2324 1676 ipse
2367 1610 2447 1661 vir
2490 1618 2702 1661 sanctus
2753 1617 2990 1659 eumdem
3032 1609 3204 1674 ipsum
3260 1605 3494 1673 Apostoti
3534 1605 3725 1667 locum,
3779 1606 3866 1660 ubi

611 1703 861 1768 scriptum
888 1715 960 1757 est
990 1719 1006 1755 :
1043 1705 1144 1759 Per
1171 1723 1334 1759 unum
1362 1707 1635 1759 hominem
1668 1716 1945 1775 peceatum
1979 1703 2202 1757 intravit
2229 1702 2281 1755 in
2307 1701 2568 1754 mundum
2606 1700 2777 1764 (Rom.
2809 1717 2860 1756 ν.
2901 1701 3003 1754 l2).
3039 1699 3116 1752 lbi
3147 1701 3284 1752 enim
3312 1698 3424 1750 luce
3453 1696 3650 1749 clarius
3681 1697 3736 1749 in
3766 1701 3866 1750 Im-

602 1789 696 1856 jus
720 1791 841 1857 ﬁdei
869 1791 1149 1847 Catholij
1184 1795 1400 1846 veritate
1429 1804 1687 1847 versatur.
1712 1792 1861 1858 Quod
1892 1803 2054 1844 totum
2077 1793 2198 1860 quia
2232 1791 2446 1857 longum
2473 1798 2546 1842 est
2577 1789 2696 1841 huic
2722 1789 2864 1857 operi
2891 1789 3140 1851 intexere,
3173 1789 3354 1856 paucis
3370 1789 3496 1840 inde
3523 1789 3826 1858 contingam
3849 1803 3868 1839 :

613 1879 973 1944 Manifestum,
1006 1887 1196 1954 inquit,
1219 1887 1471 1953 quoniam
1496 1901 1599 1937 non
1636 1887 1809 1953 ipsum
1842 1893 2144 1953 peceatum,
2175 1883 2317 1950 quod
2350 1896 2410 1934 ex
2441 1881 2572 1950 legis
2605 1880 3056 1947 transgressione,
3083 1880 3177 1933 sed
3211 1879 3338 1932 illud
3379 1890 3682 1948 peccatum,
3719 1879 3867 1948 quod

615 1984 680 2021 ex
714 1971 840 2024 Adae
872 1972 1253 2031 inobedientia,
1280 1974 1382 2026 hoc
1412 1983 1546 2033 erat,
1565 1973 1716 2039 quod
1750 1973 1928 2024 omnia
1962 1970 2367 2024 contaminavit.
2404 1968 2469 2021 Et
2502 1970 2662 2038 paulo
2696 1979 2810 2036 post
2840 1985 2857 2020 :
2893 1970 3180 2039 Regnavit,
3206 1971 3395 2038 inquit,
3431 1985 3577 2023 mors
3603 1971 3671 2023 ab
3695 1971 3869 2024 Adam

614 2077 784 2128 usque
807 2062 870 2112 ad
896 2061 1129 2130 Moysen,
1159 2072 1211 2113 et
1241 2063 1291 2114 in
1321 2077 1434 2123 eos,
1467 2063 1558 2130 qui
1594 2079 1699 2114 non
1727 2070 2104 2130 peccaverunt.
2131 2060 2412 2124 Quomodo
2449 2060 2727 2130 regnavit?
2755 2061 2811 2112 ln
2843 2060 3196 2113 similitudine
3232 2061 3678 2131 transgressionis
3703 2062 3854 2127 Adae,

609 2157 701 2226 qui
734 2168 816 2209 est
847 2155 1015 2208 forma
1052 2157 1214 2208 futuri
1251 2157 1428 2224 (Ibid,
1458 2157 1565 2222 Nl.
1601 2155 1890 2223 Propterea
1938 2164 1990 2208 et
2030 2155 2198 2208 forma
2237 2165 2320 2208 est
2353 2152 2552 2207 Christi
2590 2153 2776 2207 Adam.
2813 2152 3096 2219 Quomodo
3141 2153 3311 2207 forma
3354 2163 3457 2217 est,
3485 2153 3680 2208 aiunt?
3714 2155 3869 2220 Quo-

610 2247 754 2299 niam
805 2247 944 2300 sieut
989 2247 1076 2298 ille
1126 2264 1189 2299 ex
1222 2247 1512 2314 semetipso
1545 2249 1915 2306 nascentibus.
1946 2248 2193 2315 quamvis
2241 2262 2349 2300 non
2379 2246 2822 2300 manducaverint
2849 2247 2916 2300 de
2941 2246 3102 2312 ligno.
3135 2246 3307 2300 factus
3337 2258 3418 2299 est
3455 2263 3616 2300 causa
3650 2248 3869 2313 mortis,

611 2353 730 2407 qua:
757 2352 850 2405 per
881 2337 1058 2390 cibmn
1093 2337 1309 2389 inducta
1336 2346 1417 2390 est
1452 2356 1463 2389 :
1501 2337 1570 2390 ita
1607 2349 1656 2390 et
1698 2337 1948 2391 Christus
1985 2337 2068 2399 iis,
2105 2337 2194 2404 qui
2227 2352 2291 2391 ex
2335 2337 2452 2405 ipso
2497 2345 2644 2395 sunt.
2677 2337 2885 2397 tametsi
2933 2336 3067 2388 nihil
3098 2337 3244 2404 juste
3283 2337 3512 2406 egerint,
3555 2337 3732 2392 factus
3780 2353 3874 2406 es;

612 2429 856 2498 provisor
893 2429 1133 2495 justitize,
1173 2444 1334 2496 quam
1363 2444 1458 2496 per
1487 2444 1702 2481 crucem
1746 2427 1900 2480 nobis
1926 2426 2180 2480 omnibus
2209 2426 2535 2480 condonavit
2566 2425 2661 2494 (b).
2703 2425 2819 2477 Alio
2858 2427 2911 2477 in
2951 2425 3060 2478 loco
3109 2435 3284 2480 eodem
3309 2445 3547 2481 sermone
3577 2447 3589 2481 :
3626 2429 3700 2484 Ut
3743 2446 3871 2484 cum

612 2523 707 2576 tibi
737 2523 932 2575 dixerit
955 2520 1192 2583 Judams,
1223 2521 1418 2589 inquit,
1444 2521 1726 2585 Quomodo
1752 2521 1912 2575 unius
1948 2522 2149 2575 virtute
2175 2521 2376 2574 Christi
2401 2521 2634 2574 mundus
2662 2519 2898 2580 salvatus
2920 2521 3037 2574 est?
3060 2520 3236 2589 possis
3264 2520 3311 2572 ei
3340 2521 3552 2574 dicere:
3581 2520 3866 2586 Quemad-

611 2610 828 2663 modum
861 2624 968 2662 uno
993 2608 1335 2662 inobediente
1361 2609 1526 2661 Adam
1556 2610 1790 2662 mundus
1823 2611 2111 2662 damnatus
2139 2617 2241 2662 est.
2268 2608 2586 2676 Quanquam
2623 2624 2730 2661 non
2757 2610 2863 2662 sint
2894 2609 3138 2677 mqualia,
3165 2611 3330 2680 gratia
3359 2619 3520 2679 atque
3553 2623 3870 2680 peceatum,

611 2717 790 2769 neque
820 2701 967 2768 paria
992 2701 1100 2752 sint
1122 2716 1268 2752 mors
1297 2709 1458 2767 atque
1487 2700 1614 2762 vita,
1645 2715 1752 2752 non
1789 2700 2008 2769 :rqualis
2040 2699 2178 2753 Deus
2213 2715 2275 2752 ac
2306 2699 2552 2752 diabolus
2589 2699 2679 2767 (e).
2721 2701 2856 2752 Item
2888 2710 3001 2767 post
3027 2699 3306 2767 paululum
3335 2719 3347 2754 :
3381 2702 3488 2756 Sed
3524 2718 3633 2757 non
3674 2719 3874 2773 quem-

611 2792 898 2846 admodum
925 2791 1204 2854 delictum,
1235 2792 1422 2857 inquit,
1455 2792 1522 2844 ita
1551 2801 1604 2843 et
1633 2792 1820 2861 gratia.
1856 2791 1912 2845 Si
1941 2792 2087 2846 enim
2121 2792 2280 2845 unius
2307 2792 2504 2845 delicto
2537 2792 2689 2845 multi
2721 2793 2920 2845 mortui
2955 2803 3102 2857 sunt,
3132 2795 3301 2848 multo
3341 2797 3511 2866 magis
3547 2799 3718 2868 gratia
3766 2799 3870 2854 Dei

611 2896 665 2939 et
698 2874 896 2938 dondm
922 2884 975 2936 in
1000 2884 1166 2952 gratia
1201 2884 1360 2937 unius
1390 2883 1625 2936 hominis
1647 2883 1774 2937 Jesu
1797 2884 1999 2939 Christi
2031 2885 2084 2937 in
2121 2885 2318 2938 multos
2341 2884 2638 2939 abundavit
2670 2884 2823 2954 (Ibid.
2861 2885 2970 2951 15).
2999 2885 3156 2952 Quod
3183 2889 3326 2942 enim
3356 2890 3508 2953 dicit,
3540 2893 3729 2960 inquit,
3763 2894 3875 2949 bu-

609 2975 846 3047 jusmoili
877 2985 957 3030 est
994 2994 1005 3025 :
1039 2973 1092 3026 Si
1124 2982 1402 3043 peceatum
1429 2974 1615 3036 valuit,
1653 2985 1706 3029 et
1738 2986 2020 3043 peccatum
2057 2977 2218 3031 unius
2241 2976 2516 3040 hominis;
2549 2977 2717 3046 gratia
2760 2986 2815 3030 et
2860 2977 2954 3031 Dei
3003 2980 3194 3046 gratia,
3223 2989 3277 3034 et
3318 2996 3426 3034 non
3459 2982 3634 3036 solum
3662 2985 3873 3050 Patris,

608 3067 700 3118 sed
733 3065 894 3118 etiam
943 3064 1082 3128 Filii,
1113 3063 1567 3131 quemadmodum
1603 3079 1712 3117 non
1744 3065 1976 3134 amplius
2012 3065 2362 3133 pnevalcbit?
2407 3065 2574 3119 Multo
2619 3066 2763 3120 enim
2813 3068 2915 3121 hoc
2950 3069 3345 3125 rationabilius.
3394 3072 3525 3126 Nam
3567 3074 3734 3128 alium
3769 3093 3874 3145 pro

609 3156 716 3209 alio
745 3155 1011 3215 damnari,
1045 3170 1153 3206 non
1178 3154 1330 3206 valde
1359 3155 1572 3206 videtur
1608 3154 1805 3207 habere
1836 3155 2099 3208 rationem
2140 3172 2151 3205 :
2186 3155 2351 3207 alium
2382 3164 2565 3207 autem
2593 3171 2689 3223 pro
2725 3155 2830 3207 alio
2855 3156 3068 3218 salvari,
3101 3168 3157 3211 et
3179 3159 3463 3213 decentius
3487 3162 3655 3232 magis
3682 3172 3738 3217 et
3779 3181 3875 3220 ra-

610 3247 922 3302 tionabilius
955 3255 1198 3315 apparet.
1231 3245 1283 3298 Si
1311 3245 1470 3314 igitur
1495 3247 1622 3300 illud
1655 3239 1854 3300 factum
1886 3255 1987 3304 est.
2015 3247 2188 3300 multo
2220 3248 2390 3317 magis
2425 3247 2526 3300 hoc
2551 3247 2651 3314 (d).
2695 3246 2932 3317 Itemque
2957 3248 3086 3301 alibi
3119 3250 3173 3302 in
3203 3254 3624 3319 consequentibus
3659 3271 3673 3319 ;
3708 3255 3874 3310 ludi-

607 3345 771 3406 cium,
807 3342 994 3409 inquit,
1022 3357 1084 3394 ex
1119 3356 1224 3392 uno
1254 3341 1304 3392 in
1336 3340 1866 3404 condemnationem,
1902 3340 2073 3406 gratia
2121 3347 2300 3393 autem
2346 3356 2410 3393 ex
2461 3338 2643 3391 multis
2693 3338 2909 3394 delictis
2962 3342 3016 3393 in
3044 3342 3492 3410 justiticatiom-m
3526 3347 3707 3411 (Ibid,
3754 3349 3870 3419 16).

608 3434 724 3490 Hoc
754 3435 895 3489 idem
923 3443 1027 3497 est,
1054 3435 1243 3502 inquit,
1271 3433 1411 3502 quod
1443 3433 1659 3496 dicitur,
1700 3431 1953 3500 quoniam
1980 3431 2197 3499 quidem
2229 3441 2456 3486 mortem
2497 3441 2551 3485 et
2587 3433 2988 3486 damnationem
3024 3435 3200 3503 potuit
3242 3447 3523 3504 peccatum
3555 3439 3824 3495 inducere
3853 3460 3870 3509 ;

605 3528 775 3600 gratia
802 3536 983 3580 autem
1007 3541 1113 3578 non
1151 3541 1314 3578 unum
1349 3525 1476 3577 illud
1511 3524 1886 3576 tantummodo
1927 3523 2200 3577 interfecit
2230 3533 2534 3601 peceatum,
2569 3525 2661 3576 sed
2702 3525 2864 3577 etiam
2916 3535 3033 3593 post
3067 3527 3195 3580 illud
3238 3529 3566 3582 introeuntia
3615 3542 3869 3597 peccata.

608 3620 676 3674 Et
702 3617 862 3687 paulo
887 3625 999 3684 post
1022 3615 1085 3666 de
1110 3614 1202 3665 hoc
1231 3613 1340 3680 ipso
1364 3629 1379 3667 :
1406 3613 1671 3678 Quoniam
1695 3628 1842 3682 ergo,
1868 3614 2058 3681 inquit,
2093 3613 2244 3681 plura
2272 3613 2574 3667 introducta
2599 3625 2725 3668 sunt
2753 3615 2919 3680 bona,
2947 3625 3002 3670 et
3031 3632 3137 3669 non
3160 3619 3332 3671 solum
3359 3621 3487 3674 illud
3511 3622 3872 3679 interfectum

608 3721 693 3766 est
723 3721 1026 3780 peccatum.
1058 3707 1152 3760 sed
1178 3707 1337 3760 etiam
1369 3707 1548 3760 omnia
1582 3707 1806 3775 reliqua,
1836 3708 2074 3760 ostendit
2098 3708 2284 3761 dicens
2312 3724 2327 3761 :
2357 3707 2538 3762 Gratia
2562 3717 2743 3762 autem
2777 3725 2841 3763 ex
2875 3711 3060 3762 multis
3082 3711 3292 3766 delictis
3314 3713 3364 3764 in
3395 3713 3870 3782 justificationem.

614 3806 678 3860 Et
702 3815 813 3874 post
837 3803 1113 3873 paululum
1137 3804 1212 3854 ait
1261 3820 1272 3854 :
1314 3801 1493 3857 Primo
1521 3802 1663 3855 enim
1696 3803 1864 3855 dixit:
1893 3802 2157 3867 Quoniam
2202 3803 2245 3857 si
2292 3803 2453 3856 unius
2505 3813 2783 3872 peccatum
2825 3804 3093 3858 interfecit
3135 3820 3346 3871 onmes,
3390 3810 3559 3863 multo
3599 3814 3772 3883 magis
3816 3825 3873 3869 et

609 3898 769 3952 unius
804 3897 973 3966 gratia
1005 3896 1202 3964 poterit
1234 3896 1460 3949 salvare.
1494 3894 1618 3948 Post
1653 3896 1766 3948 haec
1795 3904 1976 3948 autem
2008 3896 2266 3958 ostendit,
2304 3898 2494 3964 inquit,
2529 3897 2780 3965 quoniam
2830 3913 2936 3951 non
2983 3895 3109 3952 illud
3162 3903 3336 3954 solum
3384 3903 3734 3960 interfectum
3785 3919 3873 3962 est

605 4000 889 4060 peccatum
925 4006 1020 4058 per
1047 3988 1296 4059 gratiam,
1319 3988 1410 4042 sed
1432 3989 1595 4042 etiam
1624 3988 1803 4042 omnia
1830 3988 2034 4056 reliqua
2067 4007 2080 4041 ε
2110 3998 2296 4041 etnon
2329 3989 2499 4043 solum
2535 4002 2750 4059 peccata
2780 3992 3063 4046 interfecta
3088 4003 3232 4061 sunt,
3263 3997 3353 4048 sed
3383 3998 3544 4050 etiam
3575 4010 3629 4052 et
3663 4002 3872 4058 tributa

609 4080 814 4149 justitia
848 4088 932 4133 est
961 4097 973 4132 :
1004 4089 1058 4133 et
1091 4095 1199 4132 non
1232 4087 1443 4132 tantum
1475 4080 1647 4133 solum
1681 4080 1881 4148 profuit
1923 4080 2191 4143 Christus,
2214 4093 2474 4150 quantum
2515 4083 2698 4138 nocuit
2727 4086 2919 4150 Adam,
2952 4087 3044 4140 sed
3082 4088 3251 4141 multo
3282 4091 3514 4158 amplius
3545 4102 3711 4161 atque
3748 4112 3872 4150 ma-

621 4167 705 4235 gis
730 4165 824 4234 (e).
870 4167 991 4220 Post
1030 4167 1136 4219 luet:
1175 4168 1228 4219 in
1255 4167 1433 4219 eodem
1466 4184 1582 4219 cum
1608 4167 1673 4219 de
1711 4168 1969 4235 baptismo
2004 4178 2201 4236 ageret,
2236 4169 2543 4237 interposuit
2578 4173 2730 4224 verba
2762 4173 3014 4239 Apostoli,
3049 4176 3264 4228 dicentis
3298 4197 3310 4229 :
3344 4179 3424 4232 An
3455 4178 3739 4249 ignoratis,
3782 4186 3870 4238 in-

614 4256 747 4324 quit,
780 4256 993 4322 fratres,
1019 4256 1273 4325 quoniam
1293 4256 1598 4325 quicunque
1636 4257 1686 4310 in
1722 4258 1942 4311 Christo
1969 4257 2224 4326 baptizati
2257 4274 2466 4323 sumus,
2495 4261 2548 4313 in
2597 4270 2769 4316 morte
2796 4264 2966 4332 ipsius
2993 4266 3244 4334 baptizati
3275 4271 3499 4324 sumus?
3535 4272 3869 4344 Consepulti

610 4365 742 4420 ergo
769 4364 960 4404 sumus
986 4348 1059 4402 illi
1089 4365 1185 4420 per
1208 4349 1532 4418 baptismum
1568 4349 1620 4402 in
1655 4360 1849 4405 morte.
1901 4349 2042 4415 Quid
2067 4360 2150 4405 est
2181 4369 2194 4404 :
2228 4351 2285 4404 lu
2314 4362 2486 4406 morte
2521 4355 2638 4422 ejus
2671 4355 2920 4425 haptizati
2953 4374 3140 4413 sumus
3162 4362 3184 4412 ?
3209 4359 3277 4414 Ut
3310 4371 3365 4415 et
3409 4363 3508 4433 ipsi
3560 4370 3869 4427 moriamur

606 4444 752 4498 sicut
774 4453 828 4497 et
860 4442 968 4496 ille.
990 4442 1133 4497 Crux
1164 4441 1306 4496 enim
1330 4449 1412 4495 est
1439 4442 1722 4511 baptisma.
1753 4443 1904 4509 Quod
1929 4460 2060 4512 ergo
2090 4461 2217 4498 crux
2240 4444 2457 4499 Christo
2477 4455 2531 4499 et
2551 4448 2878 4516 sepulcrum,
2912 4450 3011 4504 hoc
3033 4452 3188 4506 nobis
3215 4454 3480 4523 baptisma
3513 4457 3718 4513 factum
3750 4475 3870 4529 est;

610 4533 824 4589 tametsi
851 4549 958 4587 non
988 4533 1040 4586 in
1073 4533 1276 4587 eisdem
1309 4534 1462 4601 ipsis.
1490 4533 1610 4602 Ipse
1640 4551 1871 4603 namque
1892 4551 2055 4590 carne
2089 4545 2144 4589 et
2182 4549 2425 4591 mortuus
2454 4547 2536 4592 est
2557 4548 2611 4593 et
2631 4542 2910 4609 sepultus;
2943 4558 3043 4598 nos
3065 4553 3246 4599 autem
3278 4557 3500 4615 peccato
3529 4550 3580 4604 in
3608 4559 3869 4625 utroque.

606 4624 947 4693 Quapropter
975 4641 1082 4678 non
1115 4625 1281 4679 dixit:
1314 4625 1675 4694 Complantati
1700 4627 1858 4681 morti
1888 4645 1902 4692 ;
1933 4629 2050 4690 sed,
2078 4628 2432 4683 Similitudini
2460 4633 2668 4685 mortis.
2704 4633 2848 4688 Mors
2880 4649 3114 4704 namque
3139 4645 3193 4690 et
3225 4639 3329 4691 hoc
3363 4653 3418 4692 et
3446 4641 3594 4702 illud.
3629 4647 3727 4700 sed
3758 4624 3870 4701 non

605 4720 785 4773 eidem
827 4720 926 4788 ipsi
959 4720 1220 4789 subjacet,
1247 4721 1342 4776 sed
1379 4721 1495 4776 lucc
1522 4722 1740 4791 quidem
1762 4723 1944 4777 carnis
1965 4723 2191 4787 Christi,
2220 4733 2402 4779 nostra
2434 4735 2617 4780 autem
2658 4729 2886 4797 peccati.
2921 4729 3389 4793 Quemadmodum
3430 4749 3560 4806 ergo
3585 4737 3671 4790 illa
3709 4756 3868 4807 vera,

608 4820 666 4865 et
701 4811 816 4864 hzec
839 4813 923 4880 (Γ).

684 4925 834 4996 [4‘22]
878 4926 972 4980 llis
1009 4927 1246 4996 adjicere
1272 4927 1444 4982 visum
1477 4940 1560 4984 est
1589 4931 1694 4994 illa,
1725 4947 1844 4999 qua:
1871 4932 2106 4986 Stvilius
2133 4934 2274 4988 circa
2306 4951 2456 4989 suam
2497 4935 2850 4991 llomiliarum
2894 4939 3261 5011 Chrysostomi
3311 4943 3363 4997 in
3393 4945 3662 5014 Epistolas
3697 4948 3861 5004 Pauli

607 5013 935 5078 Editioncm,
967 5019 1109 5071 notis
1156 5019 1432 5088 prmmisit.
1469 5020 1627 5075 Putat
1658 5023 1744 5076 ille
1773 5024 2030 5079 llomtlias
2062 5027 2432 5098 Chrysostomi
2466 5029 2519 5082 in
2550 5029 2841 5099 Epistolam
2881 5032 2947 5087 ad
2979 5031 3251 5091 Romanos
3293 5013 3599 5094 Antiochiae
3645 5040 3873 5098 habitas

605 5106 793 5171 fuisse,
825 5124 985 5176 quam
1011 5125 1109 5163 nos
1133 5113 1457 5165 sententiam
1488 5113 1717 5183 amplexi
1753 5130 1960 5171 sumus.
1990 5117 2186 5172 Verum
2219 5119 2306 5174 ille
2332 5135 2437 5174 non
2470 5121 2662 5176 eodem
2692 5137 2801 5192 quo
2825 5140 2925 5180 nos
2949 5128 3217 5200 κριτηρίῳ
3249 5130 3314 5185 ad
3349 5130 3495 5185 illam
3518 5147 3874 5204 propugnan-

605 5197 731 5253 dam
771 5201 1095 5255 sententiam
1134 5217 1263 5255 usus
1293 5213 1395 5256 est.

670 5413 743 5484 (ᾳ)
771 5414 1031 5484 angustia.
1063 5425 1230 5484 contra
1249 5416 1500 5484 Julianum
1527 5421 1618 5484 l._I,
1645 5433 1686 5468 c.
1715 5422 1792 5474 27,
1817 5435 1864 5484 p.
1887 5423 1997 5470 5|3.

933 5478 1177 5536 UIQ’SOSL
1209 5481 1375 5529 humil.
1404 5481 1461 5531 10
1487 5484 1533 5531 iu
1562 5474 1715 5544 Epist.
1745 5483 1803 5531 ad
1819 5474 1983 5544 Rom,
2009 5485 2084 5535 col
2134 5483 2242 5536 £75.

695 5600 748 5655 d)
780 5597 900 5645 Ibid.
926 5599 1019 5646 Col.
1049 5599 1154 5648 ιῖῦ.

692 5660 740 5715 c)
772 5659 890 5707 lbid.

671 5715 734 5784 tt)
764 5717 883 5768 ιωιι.
914 5723 985 5770 col
1016 5722 1121 5770 tan.
