4120 6334
319 432 431 484 δδθ
1442 415 1694 471 δΑΥΙΙοΙΙ
1733 413 1804 467 ΙΝ
1848 411 1946 465 ’1ολ

1974 409 2096 465 IUM
2138 406 2472 464 TERTIUM.
3469 398 3601 460 390°

318 544 3595 609 Mm

750 775 1348 961 SAVILII
1450 777 1610 901 IN
1709 774 2284 900 TOMUM
2392 774 3172 899 TERTIUM.

1744 1050 2179 1075 ψ*

394 1261 545 1336 [425]
577 1261 845 1317 Caeterum
874 1257 941 1312 de
968 1254 1111 1322 loco,
1138 1253 1228 1308 ubi
1260 1251 1477 1323 scriptae
1503 1249 1587 1305 vel
1617 1250 1775 1305 dictae
1806 1248 1915 1302 sint
1949 1247 2035 1302 ha:
2063 1245 2117 1300 in
2147 1245 2364 1300 beatum
2396 1245 2717 1315 Apostolum
2766 1263 2794 1301 a
2837 1246 3048 1302 Joanne
3090 1259 3281 1304 nostro
3312 1248 3607 1305 elaboratae

318 1354 701 1424 Expositiones
733 1360 789 1406 et
814 1350 1073 1408 homilize,
1107 1362 1136 1401 a
1171 1345 1346 1400 doctis
1382 1345 1539 1397 video
1571 1343 1623 1396 in
1654 1342 1830 1396 varias
1858 1340 1990 1394 itum
2022 1354 2142 1393 esse
2177 1340 2497 1393 sententias.
2528 1340 2775 1395 Andreas
2809 1341 3077 1395 Douna-us
3107 1342 3159 1396 in
3194 1341 3339 1398 notis
3368 1344 3482 1396 suis
3507 1346 3609 1399 do-

317 1445 583 1502 etissimis
611 1444 678 1499 ad
702 1458 824 1497 eum
860 1442 1043 1496 locum
1072 1437 1464 1509 Chrysostomi,
1493 1435 1584 1504 qui
1618 1432 1887 1502 reperitur
1919 1443 1944 1485 ιι

1979 1448 2026 1484 In
2064 1427 2155 1493 IV,
2190 1447 2307 1499 pag.
2346 1431 2459 1494 ΙΞϐ,
2491 1432 2557 1485 13
2588 1450 2599 1483 ;
2627 1431 3004 1501 προσέκρουσε
3036 1433 3115 1503 τῷ
3148 1451 3278 1486 ποτε
3315 1436 3606 1505 κρατοῦντι

318 1538 356 1607 ἡ
382 1536 537 1598 πόλις
563 1537 595 1605 ὴ
628 1534 901 1605 ἡμετέρα,
928 1540 1059 1597 etc.,
1086 1529 1269 1584 omnia
1294 1530 1411 1583 haec
1436 1526 1490 1580 in
1521 1527 1740 1580 beatum
1767 1524 1991 1577 Paulum
2021 1522 2325 1577 Antiochia:
2354 1524 2553 1591 scripta
2584 1524 2795 1577 videtur
2823 1539 3068 1577 asserere
3103 1543 3113 1577 :
3150 1542 3273 1580 cum
3319 1536 3501 1581 tamen
3543 1528 3611 1580 de

318 1630 429 1684 illis
468 1629 599 1698 ipsis
629 1628 682 1681 in
714 1627 1010 1696 Epistolam
1036 1625 1102 1679 ad
1123 1624 1476 1678 Colossenses
1503 1622 1866 1675 certissimum
1899 1619 1969 1673 sit
1999 1619 2230 1687 scriptas
2254 1619 2422 1673 fuisse
2450 1620 2529 1673 vel
2569 1620 2781 1674 habitas
2810 1620 3304 1690 Constantinopoli,
3342 1630 3399 1674 ut
3428 1638 3491 1675 ex
3524 1638 3612 1677 se-

318 1723 620 1799 quentibus
650 1721 897 1791 liquebit.
932 1719 1136 1773 Contra
1167 1718 1475 1787 βιογράφοι,
1507 1715 1599 1784 qui
1630 1714 1825 1769 bellam
1853 1713 2012 1765 nobis
2050 1714 2431 1783 exeogiturunt
2464 1714 2703 1767 fabulam
2743 1715 2886 1767 illam
2930 1717 2997 1769 de
3033 1717 3197 1771 Paulo
3228 1718 3278 1770 in
3313 1734 3500 1771 aurem
3532 1720 3614 1773 di-

320 1826 508 1871 ctante
535 1824 722 1867 nostro
747 1811 965 1874 Joanni,
992 1826 1111 1879 quae
1142 1809 1425 1873 scriberet,
1468 1822 1696 1876 eamque
1735 1821 1849 1859 rem
1875 1804 2064 1859 l’roclo
2094 1806 2206 1873 (qui
2238 1816 2347 1858 tum
2382 1806 2728 1859 ministrabat
2768 1807 3178 1876 Cbrysostomo,
3214 1819 3269 1863 et
3318 1823 3505 1879 postea
3554 1813 3607 1864 in

321 1911 642 1980 episcopatu
672 1904 955 1976 successit)
987 1922 1086 1975 per
1110 1905 1276 1959 rimas
1311 1905 1504 1968 visam,
1535 1912 1729 1956 cuncta
1761 1902 2016 1955 videntur
2040 1900 2851 1969 vindicarc'ConstantinOpoli.
2888 1901 3096 1965 Neutri,
3122 1912 3179 1957 ut
3203 1904 3418 1972 opinor,
3443 1921 3568 1957 vere
3598 1920 3611 1955 :

322 2003 633 2057 rectissime
664 2002 912 2061 Photius,
945 2001 1037 2070 qui
1078 2017 1199 2071 pag.
1232 2000 1329 2053 201
1367 1999 1621 2053 editionis
1652 1998 1878 2068 August.
1926 2015 1949 2051 ιη

1987 1998 2159 2052 ediam
2195 2004 2343 2050 secat
2375 1996 2538 2057 viam,
2592 1998 2675 2051 his
2710 2000 2891 2053 verbis
2923 2018 2935 2053 :
2970 1999 3108 2053 ἀλλὰ
3144 2002 3244 2063 τὰς
3282 2003 3383 2071 μὲν
3417 2003 3496 2063 εἰς
3524 2001 3614 2053 τὸν

337 2096 669 2151 ’Λτοόστολον
699 2095 1044 2165 συγγραφὰς,
1074 2093 1222 2146 ἔστιν
1251 2092 1310 2157 es
1345 2092 1524 2145 αὐτῶν
1548 2092 1773 2144 ἐκείνων
1798 2090 2115 2157 ἐπιγνῶναι,
2156 2089 2305 2141 ποῖαί
2335 2107 2393 2141 τε
2430 2092 2607 2143 αὐτῶν
2638 2091 2696 2142 ἐν
2731 2091 3032 2163 Ἀντιοχείᾳ
3058 2093 3389 2161 διατρίϐοντι
3427 2093 3617 2156 ἐξεπο-

323 2188 597 2259 νήθηταν,
627 2188 683 2239 αῖ
715 2187 806 2239 καὶ
837 2186 1037 2255 μᾶλλον
1068 2187 1480 2256 διηκρίεωνται,
1512 2182 1607 2235 καὶ
1642 2186 1791 2234 ποῖαι
1821 2184 1945 2252 ἀρχι

1989 2182 2265 2251 ρατεύοντι
2298 2182 2656 2253 ἐποιήθησαν.
2691 2185 2766 2238 Ex
2796 2185 2995 2254 quibus
3020 2186 3200 2239 verbis
3229 2186 3479 2256 quamvis
3513 2202 3616 2240 nec

324 2280 424 2343 ibi,
458 2295 559 2333 nec
589 2294 837 2349 usquam,
879 2277 1021 2347 quod
1056 2276 1243 2339 sciam,
1287 2275 1354 2327 ab
1386 2276 1501 2341 ipso
1533 2273 1733 2327 diserte
1768 2272 2125 2338 exprimatur,
2158 2286 2266 2340 quo
2301 2287 2528 2341 quaeque
2574 2273 2694 2327 loco
2745 2274 2946 2342 scripta
3000 2275 3222 2337 fuerint,
3278 2278 3382 2331 hoc
3435 2286 3617 2331 tamen

328 2369 1091 2427 habemus.Antiochenorum
1125 2375 1179 2419 et
1208 2364 1944 2433 Constantinopolitanorum

1991 2361 2278 2431 ιριτήριον,
2312 2363 2570 2417 nimirum
2603 2363 2701 2434 τὴν
2728 2365 3034 2434 ἀκρίϐειαν.
3066 2367 3185 2431 Quo
3209 2376 3391 2422 tamen
3425 2386 3618 2438 κριτη-

331 2470 434 2542 ρὶῳ
458 2470 657 2523 certius
689 2466 951 2520 habemus
986 2464 1129 2517 aliud
1152 2473 1201 2517 et
1228 2463 1411 2516 minus
1443 2460 1601 2514 fallax
1640 2460 1691 2512 in
1724 2458 2024 2519 nonnullis,
2057 2459 2294 2511 auctoris
2327 2458 2497 2527 ipsius
2522 2460 2709 2514 verba.
2743 2460 2841 2515 Ubi
2874 2471 3056 2517 autem
3106 2465 3207 2518 hoc
3251 2466 3621 2520 destituemur

326 2564 577 2620 subsidio
599 2564 795 2633 (neque
819 2560 964 2615 enim
992 2560 1046 2612 in
1074 2560 1329 2613 omnibus
1362 2558 1491 2611 illud
1518 2573 1581 2610 ex
1609 2556 1790 2610 verbis
1818 2553 2194 2627 Chrysostomi
2224 2556 2491 2625 apparet),
2514 2555 2941 2625 confugiendum
2968 2558 3075 2610 erit
3096 2558 3162 2611 ad
3187 2559 3337 2627 prius
3366 2560 3495 2615 illud
3519 2564 3622 2631 τῆς

326 2655 622 2726 ἀκριϐείας
649 2656 951 2723 κριτήριον,
993 2652 1097 2705 hoc
1123 2660 1227 2715 est,
1260 2667 1345 2704 res
1378 2650 1753 2720 probabilibus
1778 2652 1953 2720 conjec

1992 2652 2115 2705 ;uris
2142 2651 2517 2720 expendenda.
2550 2653 2627 2705 Ac
2649 2668 2717 2705 ne
2746 2652 3203 2722 longeabeamus,
3237 2654 3304 2708 de
3341 2656 3518 2724 priore
3554 2658 3619 2711 ad

328 2749 645 2808 Corinthios
676 2762 990 2817 expressum
1018 2745 1283 2798 habemus
1312 2758 1375 2797 ex
1411 2744 1581 2813 ipsius
1609 2742 1980 2813 Chrysostomi
2011 2744 2192 2797 verbis
2220 2743 2615 2809 testimonium,
2648 2744 2877 2813 scriptas
2895 2744 3063 2799 fuisse
3087 2746 3337 2801 homilias
3371 2749 3487 2801 illas
3514 2755 3624 2803 An-

332 2847 571 2904 tiochia.
610 2845 787 2898 Locus
818 2850 921 2905 est,
965 2840 1187 2894 bomilia
1220 2838 1479 2909 vigesima
1510 2840 1684 2908 prima
1717 2856 1768 2909 p.
1802 2840 1929 2904 579,

2036 2860 2048 2893 :
2086 2837 2376 2894 καὶταῦτα
2407 2842 2465 2891 ὲν
2494 2841 2815 2910 Ἀντιοχείᾳ,
2839 2844 2895 2892 ὲν
2925 2835 2957 2913 ᾗ
2993 2841 3209 2912 πρῶτον
3242 2844 3623 2914 ἐχρημάτισαν

329 2937 672 3009 Χριστιανοί.
708 2936 773 2989 Et
798 2935 1015 3004 quidem
1046 2930 1223 2984 Photii
1255 2934 1538 3000 κριτήριον
1570 2932 1695 2985 huic
1721 2934 1925 3000 scripto
1955 2952 1956 2955 ‘

1997 2934 2194 2986 erbelle
2225 2934 2502 2995 convenit,
2536 2948 2659 2986 cum
2688 2933 2824 2986 nihil
2855 2934 2926 2987 sit
2959 2935 3167 3003 uspiam
3199 2935 3267 2988 ab
3288 2936 3499 2990 Joanne
3526 2952 3624 2991 no-

331 3041 450 3087 stro
480 3030 583 3084 illis
616 3028 961 3083 sermonibus
991 3028 1253 3096 scriptum
1287 3024 1616 3085 accuratius,
1641 3024 1777 3077 nihil
1808 3025 2072 3078 limatius.
2100 3024 2173 3079 De
2201 3024 2561 3079 Sermonibus
2590 3025 2643 3078 in
2671 3025 2965 3095 Epistolam
2990 3027 3057 3081 ad
3087 3026 3291 3091 'l'itum,
3316 3032 3436 3099 plus
3459 3048 3623 3102 quam

333 3129 615 3199 probabile
660 3137 743 3182 est
786 3126 1001 3180 habitos
1056 3124 1241 3178 itidem
1294 3123 1460 3176 fuisse
1508 3122 1829 3174 Antiochia.
1874 3120 1963 3175 Sic
2014 3122 2161 3175 en‘im
2206 3122 2447 3189 loquitur
2492 3121 2710 3175 homilia
2770 3124 2949 3187 tertia,
2984 3140 3104 3194 pag.
3151 3126 3276 3188 392,
3322 3128 3391 3181 45
3427 3146 3441 3179 :
3476 3129 3529 3180 τί
3559 3131 3627 3183 ἂν

336 3239 489 3275 ιιποι
520 3238 603 3281 τις
633 3221 763 3289 περὶ
789 3218 899 3271 τῶν
924 3221 1003 3279 εἰς
1032 3216 1236 3275 τόπους
1262 3213 1658 3283 ἀπερχομένων
1682 3212 1913 3274 ἐκείνοις
1950 3214 2179 3279 (scilicet
2210 3212 2513 3281 Ἰουδαίοις)
2549 3214 2993 3283 ὰφιερωμένους;
3029 3217 3121 3269 τὸν
3150 3218 3209 3268 ἐν
3240 3220 3429 3292 Δάφνῃ
3457 3221 3624 3288 λέγω,

331 3318 400 3370 τὸ
425 3317 522 3385 τῆς
552 3316 862 3384 Ματρώνης
889 3314 1181 3382 λεγόμενον
1212 3309 1479 3381 σπήλαιον
1515 3328 1527 3362 :
1562 3316 1645 3361 est
1692 3317 1875 3361 autem
1926 3307 1958 3359 ll

1997 3309 2152 3376 ,plme
2194 3308 2540 3361 notissimum
2584 3308 2712 3361 illud
2762 3310 3138 3364 suburbanum
3194 3312 3624 3369 Antiochenum.

332 3410 459 3468 Jam
511 3411 579 3466 de
634 3409 992 3464 Sermonibus
1048 3408 1102 3460 in
1168 3405 1463 3475 Epistolam
1517 3404 1581 3457 ad
1644 3403 2021 3466 Colossenses,
2079 3400 2338 3471 quicquid
2413 3403 2560 3456 dicat
2622 3404 2978 3457 doctissimus
3043 3406 3338 3471 Dounmus,
3411 3418 3626 3461 eertum

338 3514 429 3559 est
450 3502 918 3571 Constantinopoli
950 3500 1182 3569 scriptos
1210 3499 1380 3552 fuisse
1415 3498 1482 3551 ab
1506 3498 1696 3551 eodem
1731 3497 1835 3565 iam
1880 3498 2138 3566 episcopo
2177 3516 2187 3547 :
2223 3496 2274 3550 id
2299 3496 2442 3565 quod
2486 3511 2549 3549 ex
2580 3497 2766 3551 multis
2797 3497 2930 3552 locis
2972 3499 3035 3551 ad
3069 3498 3230 3552 finem
3266 3500 3437 3554 ethici
3482 3503 3628 3556 tertii

336 3600 466 3654 luce
511 3596 712 3651 clarius
755 3605 1000 3665 apparet,
1035 3611 1158 3665 pag.
1201 3594 1321 3656 107,
1368 3593 1405 3646 l.
1436 3595 1503 3647 Η
1546 3611 1558 3647 :
1607 3593 1681 3662 μὴ
1733 3594 1841 3661 γὰρ
1886 3593 1963 3659 ἐγ(

2036 3592 2231 3661 δίδωμι
2274 3592 2371 3662 τὴν
2408 3594 2673 3663 εἰρήνην;
2706 3594 2865 3662 Atqui
2910 3611 3073 3664 supra
3128 3596 3165 3649 l.
3200 3595 3236 3648 Ξ
3281 3597 3384 3652 hoc
3416 3599 3629 3653 dixerat

336 3692 624 3766 proprium
651 3707 773 3747 esse
801 3681 897 3743 τόῦ
923 3690 1230 3759 ἐφεστῶτος
1250 3689 1350 3758 τῆς
1377 3686 1726 3757 Ἐκκλησίας.
1760 3688 1869 3741 Aut
1896 3688 1939 3741 si

1999 3689 2258 3757 presbyter
2286 3687 2390 3741 dici
2420 3697 2605 3756 posset
2650 3688 2932 3757 προεστὼς
2956 3691 3057 3758 τῆς
3094 3691 3443 3761 Ἐκκλησίας,
3480 3693 3626 3761 quod

338 3804 456 3845 non
487 3798 638 3859 puto.
682 3788 737 3841 in
784 3787 918 3841 urbe
959 3785 1322 3855 cpiscOpalem
1369 3784 1555 3837 sedem
1602 3784 1861 3843 habente.
1900 3799 1959 3835 cc

1998 3793 2047 3836 te
2088 3784 2231 3851 quod
2290 3784 2538 3849 sequitur
2582 3783 2617 3835 1.
2653 3786 2713 3838 41
2753 3802 2765 3835 :
2804 3783 2909 3847 ἓως
2960 3786 3006 3838 δ’
3044 3786 3109 3839 ἂν
3150 3788 3243 3840 ἐπὶ
3290 3788 3388 3840 τοῦ
3430 3788 3625 3857 θρόνου

336 3880 537 3935 τούτου
571 3878 883 3948 καθήμεθα,
916 3887 1045 3941 etc.,
1072 3878 1138 3933 de
1174 3872 1491 3947 presbytero
1515 3877 1619 3931 dici
1648 3891 1756 3929 non
1785 3884 1963 3946 potest

2023 3875 2087 3929 Et
2117 3877 2246 3930 illud
2277 3894 2328 3945 p.
2369 3878 2491 3941 108,
2533 3877 2566 3928 5
2595 3894 2606 3927 :
2642 3877 2799 3929 τοῦτο
2819 3879 2928 3948 γάρ
2949 3882 3064 3931 ἐστι
3102 3881 3163 3933 τὸ
3193 3882 3291 3950 τῆς
3320 3883 3624 3953 ἐπισκοπῆς

339 3977 586 4048 ἀξίωμα,
610 3973 1059 4029 manifestissime
1088 3974 1368 4027 convincit
1396 3987 1584 4026 verum
1608 3987 1753 4037 esse,
1775 3973 1921 4040 quod
1950 3971 2184 4025 dicimus
2208 3972 2272 4025 de
2296 3972 2379 4025 bis
2412 3973 2463 4025 in
2498 3972 2764 4042 Epistolas
2785 3975 2851 4028 ad
2888 3976 3247 4031 Colossenses
3269 3978 3538 4032 llomiliis.
3562 3980 3623 4032 ln

344 4078 635 4135 utramque
664 4067 827 4119 etiam
858 4066 924 4119 ad
948 4061 1469 4118 Thessalonicenses
1495 4062 1867 4134 Chrysostomi
1897 4062 2159 4117 llomilias
2189 4063 2277 4116 aio
2298 4065 2531 4134 scriptas
2554 4065 2795 4119 dictasve
2811 4067 3306 4138 Constantinopoli.
3331 4069 3403 4123 De
3422 4072 3628 4141 priore,

342 4159 538 4217 homil.
570 4161 880 4225 undecima,
908 4174 1030 4231 pag.
1060 4158 1183 4225 207,
1221 4160 1286 4211 l7
1317 4177 1330 4212 :
1368 4162 1416 4212 εἰ
1452 4160 1559 4230 γὰρ
1592 4158 1893 4221 ὑπεύθυνος
1923 4161 1969 4227 ἐπ

1998 4162 2195 4229 ενόμην
2226 4161 2323 4229 τῆς
2353 4162 2575 4214 πάντων
2600 4162 2755 4231 ὑμῶν
2795 4164 3155 4230 προστασίας,
3193 4176 3300 4220 etc.
3338 4165 3412 4219 De
3443 4177 3625 4236 postc-

344 4253 515 4314 riore,
545 4249 733 4305 homil.
758 4260 970 4321 quarta,
994 4266 1097 4323 pag
1118 4250 1244 4312 258,
1270 4251 1368 4305 lin.
1390 4251 1461 4305 ‘22
1489 4268 1503 4305 :
1536 4252 1597 4304 σὺ
1614 4251 1669 4303 δὲ
1700 4251 1873 4316 ἀξιοῖς
1896 4252 1971 4305 τὸε

2013 4252 2141 4305 λαὸν
2168 4254 2305 4323 ὑπὲρ
2328 4254 2419 4305 τοῦ
2444 4257 2753 4324 ἡγουμένου
2778 4259 3151 4325 παρακαλείν;
3176 4270 3230 4313 et
3257 4277 3378 4314 mox
3409 4262 3503 4314 lin.
3524 4264 3627 4317 25:

342 4344 441 4401 τοῦ
494 4346 823 4418 κρατοῦντος
858 4364 872 4400 :
907 4363 1027 4416 quae
1060 4363 1169 4402 non
1198 4348 1303 4402 nisi
1333 4349 1591 4417 episcopo
1622 4350 1920 4404 convenire
1952 4360 2182 4419 possunt
2251 4349 2516 4406 Sermone
2560 4365 2757 4420 quarto
2796 4356 2848 4407 in
2900 4354 3196 4425 Epistulam
3237 4357 3304 4412 ad
3343 4357 3626 4423 Hebraeos,

345 4457 471 4514 pag.
505 4441 632 4503 454,
662 4441 899 4510 loquitur
932 4452 991 4496 ut
1018 4442 1323 4513 episcopus,
1360 4442 1429 4497 de
1461 4442 1526 4496 iis
1555 4459 1743 4513 agens,
1780 4445 1872 4514 qui
1910 4449 2151 4515 puniit-as
2188 4447 2253 4501 ad
2290 4450 2563 4514 planctum
2605 4451 2857 4504 ciendum
2911 4454 3223 4508 conducunt
3261 4473 3275 4509 :
3318 4456 3485 4509 πολὺν
3532 4458 3633 4509 αὐ-

344 4535 476 4595 τοὺς
504 4534 717 4603 χρόνον,
756 4533 933 4603 inquit
961 4533 1057 4587 lin.
1092 4535 1181 4599 30,
1206 4535 1305 4606 τῆς
1330 4535 1624 4605 ἐκκλησίας
1658 4538 1923 4608 ἀπείρξω,
1956 4558 1971 4591 ι

2005 4557 2031 4603 ς
2065 4540 2154 4592 τὸν
2185 4543 2581 4613 εἰδωλολάτρην
2612 4564 2623 4598 :
2664 4555 2715 4598 et
2746 4546 2841 4598 lin.
2877 4547 2944 4600 58
2980 4565 2993 4599 :
3031 4550 3078 4599 si
3115 4548 3169 4601 δὲ
3212 4548 3286 4618 μὴ
3340 4549 3629 4617 βούλεσθε,

352 4630 507 4700 ἡμεῖς
536 4630 635 4682 οὐκ
658 4630 961 4700 ἀνεχόμεθα
981 4632 1085 4702 ἢθη
1114 4631 1336 4685 τοιαῦτα
1366 4630 1587 4701 ὀλέθρια
1612 4635 1676 4703 τῇ
1704 4634 1971 4704 ἐκκλησίᾳ

2009 4640 2410 4705 ιπεισαγαγεῖν.
2429 4639 2573 4704 Quin
2598 4650 2652 4693 ct
2674 4642 2727 4693 in
2748 4641 2864 4710 ipso
2886 4642 3044 4695 titulo
3064 4643 3195 4696 editi
3223 4645 3481 4699 dicuntur
3511 4660 3636 4697 ser-

350 4724 543 4779 mones
564 4723 652 4776 ill't
672 4724 725 4777 in
757 4724 1056 4794 Epistolam
1083 4725 1149 4779 ad
1174 4726 1431 4781 Hebraeos
1462 4728 1601 4797 μετὰ
1632 4730 1732 4798 τὴν
1765 4728 1977 4797 κοίμηση

2007 4744 2023 4780 ν
2054 4728 2242 4794 αὑτοῦ,
2279 4740 2336 4783 ut
2368 4731 2661 4785 verisimile
2690 4734 2759 4785 sit
2790 4735 3050 4788 extremis
3083 4736 3424 4805 temporibus
3454 4738 3634 4792 dictos

353 4819 542 4875 fuisse.
581 4818 656 4875 De
686 4821 987 4889 posteriore
1018 4821 1083 4875 ad
1116 4820 1430 4877 Corinthios
1464 4824 1818 4879 subdubitare
1850 4840 1937 4877 me
1972 4824 2117 4895 cogit
2138 4825 2323 4888 dictio,
2352 4842 2511 4895 quam
2551 4828 2602 4879 in
2631 4830 2877 4898 proxime
2908 4834 3243 4895 memoratis,
3278 4835 3441 4903 paulo
3470 4838 3635 4902 ἀκρι-

347 4913 607 4983 6εστέρα.
640 4913 695 4967 Si
731 4922 909 4968 tamen
949 4918 1170 4986 γνήσιον
1216 4926 1297 4971 est
1345 4919 1561 4972 ethieon
1609 4919 1741 4974 illud
1782 4920 2056 4989 vigesimze
2102 4930 2287 4984 serite,
2338 4923 2479 4991 quod
2516 4924 2659 4977 inter
2697 4926 2886 4980 doctos
2920 4927 3209 4993 disceptari
3251 4930 3428 4997 video,
3466 4934 3632 4987 verba

349 5015 498 5063 certe
528 5008 613 5061 illa
637 5023 757 5079 pag.
788 5008 914 5071 687,
936 5009 1006 5062 28
1033 5026 1044 5059 :
1080 5012 1175 5063 καὶ
1196 5011 1306 5081 γὰρ
1329 5013 1426 5066 καὶ
1453 5014 1689 5067 ἐνταῦθα
1712 5016 1974 5067 Κωνσταν

2003 5016 2120 5066 ἶνον
2148 5014 2238 5067 τὸν
2272 5018 2468 5085 μέγαν,
2493 5028 2623 5083 etc.,
2651 5020 3163 5091 Constantinotiolin
3190 5027 3334 5079 clare
3367 5028 3630 5086 indicant.

349 5106 530 5173 Atque
574 5104 689 5159 haec
731 5113 879 5171 sunt,
907 5121 1027 5175 quae
1058 5122 1121 5159 ex
1162 5105 1295 5175 ipsis
1331 5107 1705 5179 Chrysostomi
1754 5111 1956 5175 verbis,
1991 5119 2269 5180 utcunque
2296 5128 2395 5181 pro
2428 5122 2694 5184 tempore,
2739 5118 2937 5171 elicere
2977 5119 3272 5187 potuimus.
3310 5120 3388 5175 Ad
3426 5123 3635 5191 reliqua

350 5200 597 5255 adhibito
627 5200 804 5254 Photii
839 5200 1130 5270 κριτηρίῳ,
1155 5203 1298 5271 quod
1325 5205 1555 5257 alterum
1592 5221 1710 5270 nos,
1748 5205 1792 5261 si
1831 5217 1978 5262 recte
2005 5209 2314 5275 observavi,
2350 5210 2552 5265 deliine
2579 5212 2907 5277 destituerit,
2950 5212 3196 5270 llomilia:
3238 5216 3291 5269 in
3335 5217 3634 5287 Epistolam

351 5297 419 5351 ad
456 5296 754 5357 Romanos,
800 5304 855 5350 et
891 5295 1168 5366 Expositio
1225 5300 1278 5352 in
1327 5299 1543 5355 Galatas
1592 5302 1952 5358 Antiochenis
1985 5305 2072 5357 διὰ
2119 5304 2220 5373 τὴν
2268 5305 2556 5375 ἀκρίϐειαν
2611 5310 2968 5362 acccnsendze
3026 5325 3039 5360 :
3092 5311 3341 5365 Homiliae
3399 5314 3451 5365 in
3503 5314 3634 5383 Epi-

352 5388 519 5445 stolas
552 5390 619 5444 ad
667 5389 952 5460 Ephesios,
991 5389 1391 5463 Philippenses,
1428 5404 1715 5467 utramque
1747 5398 1813 5451 ad
1845 5399 1979 5453 Time

2007 5401 2195 5453 theum
2235 5410 2289 5455 et
2330 5401 2710 5458 Philemonem
2751 5404 2838 5457 διὰ
2878 5405 2936 5457 τὸ
2967 5405 3100 5458 αὐτὸ
3145 5408 3492 5478 αὐτοσχέδιον
3530 5410 3630 5476 τῆς

353 5480 551 5545 λέξεως
572 5483 1210 5558 (Ionstantinopolitanis.
1244 5490 1419 5559 Atque
1460 5490 1576 5545 lucc
1602 5491 1819 5560 quidem
1853 5509 1951 5549 nos

2009 5494 2512 5565 ιύτοσχεδιάζοντες,
2556 5496 2784 5552 meliora
2822 5506 3137 5554 monentem
3185 5500 3325 5553 haud
3361 5501 3636 5555 illibcnter

350 5578 621 5634 secuturi.

1820 5760 2154 5775 Ἦ
