4118 6340
593 443 687 499 5M

1274 437 1334 494 S.
1372 435 1657 494 JOANNIS
1692 431 2178 497 CHRYSUSTOMl
2212 430 2529 487 ARClIlEP.
2567 428 3111 498 CONSTANTINOP.

3689 430 3788 484 an!

595 570 3783 623 -Μ

644 603 1739 619 ο-σ-σ--υο-σ-ο--ι-σι-

1358 781 1831 869 SANCTI
1936 778 2420 866 PATRIS
2520 774 3017 865 NOSTRI

732 1021 1738 1202 JOANNIS
1910 1015 3659 1197 CHRYSOSTOMI

1496 1328 2005 1387 ARCHIEPISCOP!
2058 1327 2890 1393 CONSTANTINOPOLITANI,

983 1514 1782 1597 COMMENTARIUS
1856 1516 1963 1593 IN
2042 1515 2615 1591 EPISTOLAM
2700 1518 2827 1590 AD
2898 1514 3404 1592 ROMANOS.

2063 1713 2320 1726 —————_

1269 1888 1434 1950 ABG
1447 1886 1877 1949 UMENTUM
1910 1884 1992 1964 (α)
2038 1887 2165 1947 EPi

2246 1887 2470 1947 TOLE
2509 1886 2620 1944 AD
2662 1883 3062 1945 ROMANOS
3091 1892 3127 1941 ¹.

646 2058 698 2112 1.
724 2058 856 2113 Dum
880 2060 1235 2129 Epistolarum
1261 2060 1319 2114 S.
1344 2059 1489 2113 Pauli
1514 2060 1794 2113 lectionem
1816 2058 2143 2127 frequenter,

573 2161 637 2201 sc
661 2163 802 2215 sepe
830 2157 912 2203 ter
933 2160 1184 2218 quaterve
1211 2163 1305 2217 per
1323 2148 1557 2217 singulas
1579 2148 1936 2201 hebdomadas
1963 2148 2145 2213 audio,

572 2237 782 2303 quando
810 2246 1112 2291 sanctorum
1138 2249 1428 2307 martyrum
1452 2238 1761 2291 memoriam
1788 2238 2144 2304 celebramus,

569 2326 777 2394 gaudeo
806 2336 862 2381 et
886 2329 1114 2393 exsulto,
1147 2328 1269 2382 tuba
1306 2329 1486 2384 fruens
1527 2322 1786 2398 spirituali
1805 2370 1819 2391 ,
1850 2330 2149 2385 desiderio-

570 2432 675 2485 que
694 2417 880 2483 ardeo,
904 2432 1024 2471 cum
1050 2421 1274 2472 amicam
1294 2419 1421 2472 mihi
1442 2434 1625 2473 vocem
1648 2420 1907 2486 ausculto,
1936 2420 2150 2488 fereque

573 2507 699 2559 tuibi
730 2507 914 2562 videor
944 2509 1091 2561 illum
1124 2518 1437 2577 praesentem
1473 2518 1528 2563 et
1550 2509 1901 2565 disserentem
1930 2511 2147 2579 conspi-

569 2615 727 2663 cere;
760 2602 851 2654 sed
879 2612 913 2652 a
935 2617 1047 2669 igor
1072 2616 1133 2654 ac
1163 2600 1477 2663 discrucior,
1510 2602 1649 2671 quod
1681 2618 1784 2654 non
1816 2617 2002 2656 omnes
2034 2612 2151 2655 tan-

573 2697 681 2740 tum
710 2690 881 2742 virum
902 2699 959 2742 ut
991 2705 1083 2759 par
1103 2697 1245 2743 esset
1264 2699 1608 2758 cognoscant,
1630 2700 1683 2744 et
1699 2703 1867 2760 usque
1890 2690 2021 2744 adeo
2041 2692 2151 2761 qui-

574 2777 695 2831 dam
723 2778 997 2848 ignorent.
1030 2788 1089 2832 ut
1117 2794 1215 2833 nec
1248 2793 1524 2832 numerum
1555 2779 1768 2848 quidem
1799 2780 2146 2848 epistularum

572 2866 689 2934 ejus
716 2868 906 2919 sciant.
936 2865 1066 2919 Illud
1100 2883 1225 2919 vero
1255 2883 1359 2921 non
1386 2867 1509 2928 hinc
1535 2869 1743 2933 evenit,
1771 2868 1912 2937 quod
1940 2868 2150 2925 discere

573 2971 676 3009 nou
706 2946 947 3021 valeant,
995 2958 1086 3011 sed
1137 2958 1277 3027 quod
1311 2959 1477 3011 nolint
1504 2975 1624 3012 cum
1670 2971 1857 3013 saneto
1899 2962 2010 3014 viro
2042 2964 2147 3015 fre-

571 3054 789 3111 quenter
822 3046 1037 3099 versari.
1068 3046 1249 3115 Neque
1279 3048 1418 3100 enim
1450 3064 1543 3101 nos
1572 3064 1690 3116 qua:
1716 3040 1939 3114 scimus,
1971 3051 2017 3104 si
2047 3068 2145 3120 qua

571 3141 746 3187 tamen
778 3134 1010 3199 scimus,
1042 3152 1107 3191 ex
1152 3137 1345 3206 ingenii
1388 3138 1678 3193 acrimonia
1726 3141 2004 3207 novimus,
2050 3144 2143 3195 sed

570 3223 709 3291 quod
737 3223 856 3292 ejus
886 3224 1081 3299 scripta
1110 3226 1322 3280 assidue
1344 3236 1647 3290 tractemus,
1674 3229 1930 3298 illumque
1952 3230 2145 3285 alfecm

580 3313 811 3367 maxime
837 3315 1274 3379 complectamur.
1305 3314 1435 3368 Nam
1466 3317 1555 3384 qui
1590 3328 1770 3371 amant
1792 3358 1809 3382 ,
1849 3328 2145 3373 amatorum

569 3414 685 3455 acta
718 3402 1020 3470 plusquam
1047 3404 1137 3457 alii
1164 3418 1351 3457 omnes
1382 3418 1595 3467 norunt.
1630 3418 1812 3477 utpote
1836 3410 1925 3479 qui
1952 3410 2019 3463 de
2043 3412 2147 3465 illis

570 3493 782 3546 solliciti
812 3494 916 3547 sint
942 3511 955 3546 :
990 3494 1039 3546 id
1072 3495 1209 3562 quod
1250 3495 1334 3546 hic
1364 3496 1441 3548 vir
1472 3498 1657 3551 beatus
1682 3499 2000 3561 ostendens,
2032 3499 2147 3553 Phi-

570 3583 898 3650 lippensibus
925 3582 1055 3636 dicit
1083 3602 1097 3635 :
1133 3583 1279 3637 Sicut
1304 3584 1426 3636 mihi
1448 3588 1641 3653 justum
1670 3596 1741 3639 est
1764 3590 1857 3639 hoc
1882 3589 2064 3641 sentire
2082 3590 2146 3640 de

569 3674 726 3736 vobis,
760 3690 817 3725 eo
836 3674 970 3739 quod
996 3690 1081 3727 vos
1108 3676 1158 3726 in
1183 3675 1336 3727 corde
1360 3675 1566 3728 habeam
1595 3677 1644 3728 in
1676 3678 1885 3730 vinculis
1913 3680 2033 3732 meis
2052 3720 2071 3740 .
2095 3691 2146 3739 ct

567 3767 621 3818 in
648 3766 937 3834 defensione
961 3776 1005 3817 ct
1035 3768 1414 3846 conﬁrmatione
1436 3769 1680 3836 evangelii
1706 3767 1962 3839 (Philipp.
1992 3772 2041 3823 1.
2063 3772 2141 3839 7).

571 3857 749 3925 Itaque
776 3858 819 3910 si
844 3859 1001 3912 vultis
1024 3859 1232 3912 lectioni
1260 3859 1539 3927 diligenter
1558 3862 1851 3926 attendere,
1876 3871 1979 3918 nun
2001 3864 2142 3917 aliud

572 3949 944 4014 requirendum
991 3950 1138 4000 vobis
1183 3951 1284 4001 erit
1314 3968 1326 4002 :
1362 3966 1544 4004 verum
1588 3952 1783 4021 quippe
1828 3963 1910 4009 est
1947 3955 2141 4008 Christi

569 4038 766 4090 dictum
800 4036 926 4090 illud
954 4056 965 4089 :
1001 4038 1220 4103 Quam'te
1241 4079 1255 4102 ,
1286 4049 1331 4090 et
1361 4040 1657 4104 invenietis,-
1698 4043 1922 4107 pulsate,
1951 4052 1998 4096 et
2023 4060 2144 4112 ape-

569 4130 723 4181 rielur
749 4129 883 4183 vobis
914 4129 1123 4200 (Matth.
1153 4132 1205 4184 7.
1229 4131 1307 4201 7).
1336 4130 1528 4187 Verum
1550 4134 1670 4199 quia
1700 4132 1937 4201 plerique
1962 4148 2026 4188 ex
2056 4136 2139 4199 iis,

568 4221 657 4287 qui
688 4219 791 4272 huc
818 4220 1089 4273 uobiscum
1118 4236 1420 4275 convenere
1442 4262 1455 4284 ,
1488 4220 1712 4287 liberos,
1746 4237 1965 4277 uxorem
1995 4224 2143 4277 alen-

566 4308 724 4373 dam,
765 4310 1011 4379 a2desque
1039 4311 1298 4365 curandas
1336 4327 1656 4381 suscepere,
1699 4329 1796 4368 nec
1825 4330 1944 4369 sese
1990 4324 2131 4369 totos

568 4397 694 4452 huic
714 4400 890 4453 studio
909 4400 1036 4453 dare
1060 4412 1279 4469 possunt
1303 4420 1315 4454 :
1342 4403 1407 4455 ad
1430 4419 1514 4466 ea,
1538 4420 1656 4471 quae
1683 4404 1772 4457 alii
1792 4405 2138 4475 collegerunt,

569 4491 881 4559 excipienda
914 4507 1007 4545 vos
1034 4504 1357 4562 comparate.
1390 4504 1698 4565 tantumque
1721 4498 1953 4553 studium
1984 4501 2141 4555 dictis

568 4582 845 4637 audiendis
892 4583 1171 4650 adhibete,
1217 4595 1473 4653 quantum
1520 4587 1830 4655 colligendae
1880 4592 2135 4657 pecuuizn.

571 4674 679 4728 Etsi
712 4690 937 4743 namque
968 4684 1123 4745 turpe
1144 4685 1227 4730 est
1251 4675 1380 4731 nihil
1401 4692 1430 4731 a
1460 4678 1606 4731 vobis
1630 4680 1747 4748 plus
1774 4681 2013 4749 exigere,
2038 4683 2141 4736 uti-

567 4783 685 4819 nam
716 4768 795 4820 vel
825 4776 1025 4821 tantum
1057 4768 1375 4824 adltibeatis.

636 4858 1018 4925 Scripturaruns
1055 4860 1341 4927 ignorantia
1380 4868 1567 4926 quanta
1595 4860 1760 4929 pariat
1798 4860 1953 4917 mala.
1998 4862 2136 4917 Ordo

564 4950 800 5017 temporis
829 4949 880 4999 in
906 4950 1115 5018 singulis
1142 4951 1365 5017 epistolis
1395 4950 1565 5004 Pauli.
1587 4982 1658 4992 —
1676 4952 1806 5006 Nam
1834 4969 1864 5007 a
1892 4954 2134 5025 Scriptu-

565 5053 739 5089 rarum
760 5038 1053 5105 ignorantia
1075 5040 1347 5093 innumera
1368 5049 1479 5093 orta
1499 5052 1621 5095 sunt
1637 5045 1771 5097 mala
1793 5062 1805 5097 :
1830 5043 1951 5099 hinc
1970 5047 2134 5101 multa

561 5134 838 5187 DmTCsCttll
884 5130 1034 5193 lues,
1080 5129 1203 5184 hinc
1232 5132 1416 5200 ignava
1454 5134 1660 5187 vivendi
1702 5135 1837 5188 ratio
1877 5137 2131 5195 etiut'ru-

560 5219 728 5271 stuosi
762 5218 988 5272 labores.
1022 5216 1171 5274 Sicut
1197 5221 1339 5275 enim
1370 5223 1459 5291 qui
1503 5224 1619 5277 luce
1662 5224 1955 5291 privamur,
1988 5237 2130 5281 recta

558 5308 811 5363 incedere
838 5319 1103 5377 nequeunt
1132 5327 1143 5362 :
1174 5311 1249 5364 sic
1272 5313 1357 5380 qui
1388 5312 1682 5367 divinarum
1708 5316 1868 5369 radiis
1895 5314 2131 5386 Scriptu-

560 5414 736 5451 rarum
788 5414 893 5453 non
941 5399 1208 5465 frtumtur,
1254 5406 1555 5458 necessario
1596 5416 1817 5474 peccant
1857 5418 1910 5461 et
1952 5420 2132 5463 errant

568 5489 882 5554 irequentcr,
915 5501 1094 5559 utpote
1130 5493 1217 5561 qui
1252 5494 1299 5546 in
1326 5494 1653 5549 densissimis
1682 5498 1910 5551 tenebris
1939 5500 2126 5553 authu-

624 5602 637 5630 ‘
663 5608 802 5674 tinus
823 5602 969 5674 habet
996 5618 1057 5674 ex
1080 5605 1287 5674 satilio,
1320 5616 1368 5654 In
1392 5608 1705 5674 oumcspault
1728 5610 1947 5672 epistolas
1969 5616 2126 5674 proto-

556 5660 835 5733 gtts._luit_i_o
855 5665 1036 5725 ptologi
1061 5667 1123 5733 de
1147 5660 1370 5733 omnibus
1394 5668 1514 5733 t‘attli
1547 5660 1767 5733 Epistolis
1792 5674 1907 5733 agit.

619 5724 693 5781 (α)
711 5723 944 5772 Collatum
967 5723 1070 5774 cum
1090 5727 1261 5777 Codice
1284 5737 1430 5792 Regio
1460 5732 1573 5783 193i
1588 5723 1851 5782 'ctttiolbert
1875 5751 1930 5781 :to
1952 5735 2059 5782 995.

2252 2056 2381 2110 lent.
2430 2057 2480 2109 Id
2514 2073 2581 2111 ne
2609 2061 2860 2120 eveniat.
2901 2061 2965 2113 ad
2986 2061 3221 2128 Apostoli
3261 2062 3523 2117 dictorum
3573 2063 3833 2135 fulgorem

2251 2147 2434 2202 oculos
2475 2149 2776 2215 aperiamus
2808 2168 2821 2202 :
2854 2150 2971 2219 ejus
3008 2152 3203 2220 quippe
3233 2153 3409 2223 lingua
3442 2153 3719 2224 plusquam
3753 2156 3835 2213 sol

2254 2236 2411 2301 lucet,
2442 2247 2771 2309 ueteresque
2793 2256 2980 2295 omnes
3000 2244 3237 2297 doctrina
3261 2246 3407 2299 verhi
3432 2258 3670 2316 superat.
3698 2249 3832 2316 Quia

2253 2329 2393 2380 enim
2440 2329 2555 2397 plus
2594 2346 2751 2399 quam
2780 2331 2852 2385 illi
2884 2332 3173 2395 laboravit,
3219 2350 3461 2405 magnam
3491 2338 3586 2391 sibi
3617 2341 3837 2393 attraxit

2252 2416 2479 2485 Spiritus
2528 2420 2798 2488 gratiam:
2858 2422 3014 2490 idque
3057 2439 3161 2477 non
3212 2440 3276 2479 ex
3331 2427 3572 2496 epistolis
3628 2440 3834 2485 tantum

2251 2506 2397 2575 ejus,
2428 2510 2521 2561 sed
2546 2510 2703 2563 etiam
2735 2526 2799 2565 ex
2829 2513 2991 2580 gestis
3017 2516 3403 2571 contenderim.
3443 2519 3576 2574 Nam
3622 2523 3666 2576 si
3707 2540 3838 2576 eon-

2250 2597 2495 2652 cionandi
2526 2608 2737 2667 tempus
2775 2612 2951 2667 esset,
2983 2604 3102 2659 illas
3129 2606 3226 2673 ipsi
3261 2616 3440 2677 partes
3472 2612 3665 2681 ubique
3706 2631 3839 2669 eou-

2251 2689 2512 2743 cedebant
2546 2708 2559 2741 :
2594 2691 2815 2761 ideoque
2859 2694 2997 2763 apud
3046 2696 3348 2754 incredulos
3378 2700 3672 2765 Mercurius
3714 2720 3836 2761 esse

2254 2777 2538 2845 putabatur
2583 2780 2717 2849 (Act.
2759 2783 2847 2836 Η.
2888 2785 2999 2852 ll),
3044 2786 3183 2855 quod
3235 2790 3286 2842 in
3341 2791 3643 2861 eloquentia
3691 2798 3838 2864 priu-

2253 2886 2377 2941 cops
2427 2884 2591 2928 esset.
2652 2874 2707 2929 In
2768 2876 2901 2931 hanc
2951 2889 3128 2933 autem
3173 2884 3451 2950 epistolam
3504 2886 3836 2956 ingressuri,

2254 2977 2474 3017 necesse
2524 2975 2600 3018 est
2633 2975 2687 3018 ut
2738 2974 2981 3036 tempus,
3032 2985 3139 3038 quo
3180 2972 3373 3041 scripta
3420 2973 3552 3041 fuit,
3598 2978 3839 3048 assigne-

2253 3070 2389 3109 mus.
2436 3055 2550 3111 Non
2607 3059 2781 3120 enim.
2830 3072 2886 3113 ut
2942 3063 3091 3115 multi
3147 3067 3485 3133 existimant,
3523 3079 3647 3131 ante
3704 3074 3841 3129 alias

2251 3160 2438 3199 omnes
2460 3148 2650 3217 scripta
2682 3148 2803 3208 fuit:
2834 3153 2925 3203 sed
2953 3154 3121 3220 prima
3144 3154 3358 3223 quidem
3384 3167 3467 3211 est
3488 3174 3695 3226 earum,
3715 3180 3839 3231 qtuve

2253 3235 2417 3289 Roma
2452 3239 2625 3292 missa:
2652 3240 2828 3307 luere,
2858 3246 3096 3295 numiunt
3118 3284 3135 3310 ,
3177 3254 3229 3297 at
3259 3249 3523 3315 posterior
3556 3251 3694 3315 aliis,
3733 3256 3836 3309 etsi

2254 3344 2357 3381 non
2386 3329 2653 3383 omnibus.
2689 3333 2894 3386 Etenim
2939 3336 3112 3388 ambze
3147 3337 3212 3389 ad
3245 3336 3549 3395 Corinthios
3592 3344 3837 3411 epistola:

2253 3417 2387 3471 hanc
2427 3432 2835 3486 prseceSseruut.
2871 3422 2923 3476 Id
2972 3425 3224 3493 liquidum
3267 3437 3440 3482 estex
3489 3431 3581 3496 iis,
3614 3449 3733 3500 quae
3781 3437 3833 3489 iu

2252 3508 2353 3561 line
2381 3507 2535 3577 hujus
2563 3513 2777 3579 scripsit
2809 3513 2892 3566 his
2921 3515 3097 3568 verbis
3123 3533 3136 3567 :
3167 3514 3321 3570 Nunc
3346 3530 3512 3572 autem
3540 3524 3837 3590 proﬁciscor

2247 3600 2647 3671 Jerosulgntam,
2680 3605 2969 3659 ministram
2994 3610 3203 3661 sanctis.
3246 3608 3415 3663 Visum
3439 3622 3515 3664 est
3543 3615 3674 3666 enim
3715 3614 3836 3672 lla:-

2249 3692 2473 3745 cedoniw
2499 3703 2546 3746 et
2576 3694 2781 3747 Achaia:
2803 3698 3306 3751 communicationem
3332 3701 3555 3769 aliquam
3580 3703 3748 3769 facere
3779 3708 3835 3761 in

2249 3798 2493 3851 pauperes
2512 3795 2798 3839 sanctorum
2813 3787 2896 3855 qui
2920 3798 3033 3841 sunt
3048 3787 3381 3860 lerosolymis
3406 3791 3579 3859 (Rom.
3606 3796 3692 3850 15.
3711 3796 3832 3867 ἳϋ).

2246 3871 2538 3926 Corinthiis
2567 3883 2743 3927 autem
2772 3876 3013 3929 scribens
3041 3878 3114 3930 ait
3138 3894 3153 3928 :
3192 3878 3341 3943 Quod
3368 3881 3413 3933 si
3440 3882 3653 3952 dignum
3678 3889 3835 3954 fuerit

2248 3974 2301 4016 ut
2328 3974 2373 4017 et
2402 3982 2493 4034 ego
2531 3982 2641 4019 eam
2662 4008 2675 4030 ,
2708 3984 2897 4021 merum
2940 3970 3321 4039 proﬁciscentur
3351 3974 3427 4046 (1.
3460 3975 3579 4031 Cor.
3618 3978 3705 4033 16.
3734 3980 3829 4047 4);

2247 4056 2315 4111 de
2346 4059 2407 4112 iis
2438 4060 2694 4128 loquens,
2725 4063 2814 4130 qui
2847 4062 2971 4116 illuc
3002 4065 3254 4132 pecunias
3292 4065 3621 4133 deportaturi
3652 4084 3829 4127 erant.

2250 4146 2400 4202 Unde
2447 4149 2649 4219 liquet,
2700 4166 2821 4206 cum
2875 4154 3138 4209 scriberet
3184 4155 3511 4223 Corinthiis,
3564 4161 3829 4219 incertum

2246 4238 2409 4296 fuisse
2436 4255 2505 4295 an
2542 4257 2609 4298 eo
2649 4242 2986 4313 profecturus
3013 4255 3195 4313 esset;
3228 4264 3348 4302 eum
3379 4264 3507 4305 vero
3540 4250 3829 4325 Romanis,

2244 4346 2355 4386 rem
2378 4335 2717 4389 constitutam
2742 4347 2798 4391 et
2822 4346 3024 4391 certam
3043 4337 3225 4393 fuisse.
3247 4341 3358 4407 Qua
3385 4346 3828 4413 recomprobata.

2244 4432 2448 4477 certum
2471 4435 2553 4478 est
2586 4425 2721 4481 banc
2748 4437 2866 4494 post
2886 4428 3004 4483 illas
3030 4430 3282 4498 scriptam
3305 4431 3487 4487 fuisse.
3514 4434 3689 4491 Etiam
3711 4441 3829 4509 epi-

2244 4513 2378 4565 stola
2408 4513 2472 4567 ad
2509 4514 3015 4573 Thessalonicenses
3053 4519 3261 4575 videtur
3306 4522 3431 4577 mihi
3482 4529 3830 4592 percussisse

2244 4602 2520 4672 epistolam
2563 4606 2629 4660 ad
2669 4608 2993 4665 Corinthios.
3036 4609 3168 4665 Nam
3210 4626 3331 4667 eum
3362 4614 3465 4669 illis
3509 4618 3654 4686 prius
3686 4622 3826 4675 scri~

2243 4692 2433 4760 psisset
2456 4694 2525 4748 de
2565 4694 2900 4769 elcemosyua
2932 4699 3013 4755 his
3044 4700 3255 4766 verbis,
3295 4701 3375 4757 De
3397 4708 3623 4774 fraterno
3647 4720 3827 4764 autem

2242 4804 2411 4843 amore
2432 4806 2531 4843 non
2557 4808 2683 4861 opus
2706 4803 2777 4846 est
2807 4805 2859 4847 ut
2886 4796 3163 4851 scribamus
3185 4798 3319 4853 vobis
3343 4802 3369 4853 ε’
3389 4816 3476 4853 vos
3502 4802 3631 4853 enim
3657 4819 3689 4853 a
3714 4802 3828 4857 Deo

2240 4878 2373 4932 docti
2408 4882 2524 4935 estis
2552 4890 2606 4934 ut
2640 4883 2862 4953 diligatis
2896 4886 3107 4939 invicem
3133 4902 3151 4939 :
3176 4889 3354 4941 etenim
3382 4889 3476 4942 hoc
3504 4892 3669 4959 facilis
3697 4908 3827 4962 erga

2237 4978 2442 5024 cunctos
2457 4974 2639 5040 fratres
2661 4973 2735 5043 (l.
2763 4973 2934 5029 Thess.
2959 4976 3012 5030 4.
3040 4976 3090 5031 9.
3120 4977 3243 5046 10);
3274 4988 3399 5034 tune
3417 4979 3482 5034 ad
3506 4982 3828 5039 Corinthios

2238 5060 2481 5130 scripsit;
2518 5062 2566 5116 id
2596 5064 2735 5132 quod
2778 5065 2891 5132 ipse
2920 5066 3105 5135 probat
3144 5068 3367 5125 dicens:
3399 5070 3521 5126 Scio
3563 5074 3696 5125 enim
3723 5092 3828 5145 e99

2238 5162 2527 5220 promptum
2550 5154 2776 5206 animum
2806 5166 3056 5223 uestrum,
3099 5176 3192 5229 pro
3230 5176 3328 5229 quo
3362 5162 3427 5215 de
3465 5162 3601 5215 vobis
3625 5165 3828 5233 glorios-

2236 5243 2373 5309 apud
2401 5242 2702 5296 Maccdonas
2723 5263 2740 5309 ,'
2762 5248 2997 5313 quoniam
3021 5258 3066 5302 et
3091 5251 3282 5304 Achaia
3306 5263 3485 5321 parata
3505 5263 3577 5307 est
3596 5255 3657 5306 ab
3677 5271 3825 5311 atina

2238 5336 2487 5401 piwtrrito
2512 5351 2529 5388 :
2559 5348 2602 5388 et
2635 5348 2794 5389 vestra
2831 5340 3085 5393 wumlatio
3124 5344 3409 5411 provocavit
3449 5345 3795 5417 plurimos(2

2239 5423 2350 5477 Cor.
2378 5425 2429 5479 9.
2460 5427 2540 5494 2).
2571 5426 2771 5491 Quibus
2797 5443 3181 5485 eoitimonstrat
3210 5447 3268 5486 se
3310 5435 3535 5501 primum
3578 5437 3679 5489 illis
3713 5438 3825 5494 hac

2234 5516 2299 5569 de
2329 5532 2383 5571 re
2417 5518 2690 5585 loquutum
2720 5535 2859 5573 esse.
2890 5521 3015 5576 llaec
3037 5525 3191 5592 igitur
3219 5526 3467 5593 epistola,
3497 5544 3616 5597 qu;e
3642 5530 3821 5596 prima

2232 5620 2313 5663 est
2338 5626 2551 5676 earum,
2586 5628 2715 5681 quas
2741 5613 2924 5668 Ruunt:
2955 5616 3202 5684 scripsit,
3235 5616 3338 5671 illis
3365 5620 3606 5687 epistolis
3636 5628 3787 5687 poste

2234 5701 2341 5753 rior
2370 5712 2470 5756 est.
2514 5702 2752 5757 Nondum
2786 5706 2925 5759 enim
2972 5706 3188 5762 Ruinam
3228 5721 3481 5774 venerat,
3525 5726 3645 5763 cum
3677 5713 3821 5769 hanc
