4118 6340
193 429 297 485 395

191 538 401 608 scripsit
427 537 719 608 epistolam
748 552 762 601 ;
796 536 847 590 id
889 533 1031 604 quod
1066 532 1148 585 his
1178 532 1354 585 verbis
1387 529 1586 583 indicat
1614 544 1629 578 ι
1662 523 1801 577 Desi-

192 637 307 686 dere
329 632 470 686 enim
493 632 668 684 ridere
696 645 803 690 vos,
833 637 887 679 ut
917 624 1113 695 aliquid
1139 624 1428 693 impertiam
1460 620 1597 674 vobis
1624 619 1809 689 gratia:

194 723 477 785 spiritualis
508 720 689 791 (Rom.
719 721 771 774 1.
804 720 910 787 li).
943 716 1116 771 Roma
1138 725 1316 769 autem
1340 715 1404 768 ad
1431 712 1805 782 Philippenscs

192 818 406 887 scripsit
438 834 452 870 :
490 815 613 869 ideo
640 814 714 866 ait
740 830 753 865 :
790 808 1037 866 Salutant
1062 826 1148 864 vos
1168 825 1345 862 omnes
1370 808 1558 869 sancti,
1584 806 1804 859 maritae

190 912 273 979 Qui
314 910 379 961 de
405 908 625 962 Ca’saris
653 906 805 961 domo
845 915 959 959 sunt
1004 904 1266 975 (Philipp.
1298 906 1354 958 4.
1390 901 1513 968 2'2).
1563 898 1805 955 Heln-mis

187 1014 406 1069 quoque
438 1000 638 1054 isthinc
674 999 923 1065 scripsit,
956 999 1138 1067 aitque
1166 997 1386 1050 salutari
1417 994 1660 1065 ipsosrab
1695 995 1760 1048 iis
1787 1035 1801 1058 ,

188 1092 276 1161 qui
309 1092 363 1145 in
398 1090 550 1145 Italia
578 1099 735 1145 erant
766 1088 951 1162 (Hebr.
982 1090 1071 1145 15.
1104 1089 1219 1160 24).
1255 1088 1549 1159 Epistulam
1582 1086 1708 1141 item
1737 1086 1802 1140 ad

188 1180 535 1237 Timotheum
562 1182 733 1237 Roma
764 1182 972 1237 vinctus
1004 1181 1181 1244 misit,
1225 1194 1344 1251 qua!
1371 1189 1643 1250 postrema
1672 1177 1803 1231 mihi

190 1277 404 1330 videtur
429 1276 670 1329 omnium
702 1275 847 1329 Pauli
876 1274 1247 1343 epistolartun,
1283 1280 1341 1326 ttt
1365 1280 1429 1325 ex
1456 1271 1573 1340 ejus
1602 1271 1709 1325 line
1742 1269 1804 1322 Ιί-

186 1376 316 1434 quet
343 1384 356 1420 :
397 1365 509 1436 Ego
530 1368 663 1420 enim
680 1367 793 1435 jam
825 1361 1085 1431 immoior,
1126 1363 1289 1433 inquit
1311 1404 1326 1427 ,
1359 1372 1404 1417 et
1431 1372 1627 1431 tempus
1666 1376 1786 1415 roso

187 1457 403 1512 httionis
432 1474 558 1511 mea:
587 1458 742 1511 instat
783 1457 861 1524 (2.
891 1453 1024 1513 Tim.
1054 1458 1108 1511 4.
1134 1457 1212 1526 6).
1263 1455 1416 1521 Quod
1458 1465 1638 1507 autem
1683 1453 1803 1507 istic

186 1552 351 1603 tinem
385 1550 600 1604 vivendi
629 1550 838 1616 fecerit,
866 1548 1064 1602 nemini
1088 1558 1192 1601 non
1222 1557 1405 1601 notum
1429 1558 1530 1601 est.
1561 1544 1801 1615 Epistula

185 1657 403 1711 quoque
438 1641 505 1695 ad
541 1640 908 1695 Philemonem
954 1641 1093 1694 inter
1120 1649 1419 1709 postremas
1448 1650 1559 1700 est;
1618 1639 1669 1692 itt
1702 1653 1811 1691 ex-

186 1742 359 1787 trema
402 1734 546 1788 enim
585 1741 865 1787 senectute
895 1732 1113 1800 scripsit
1157 1732 1302 1785 illam
1330 1749 1343 1786 :
1377 1730 1500 1785 ideo
1535 1730 1749 1784 dicebat
1783 1747 1795 1784 :

189 1822 255 1879 Ut
284 1818 491 1878 Paulus
530 1839 712 1888 senet,
758 1840 892 1877 nunc
930 1835 1098 1877 autem
1137 1825 1332 1877 vim-tus
1370 1824 1421 1875 in
1450 1822 1649 1877 Christo
1672 1820 1800 1875 Iesu

187 1914 443 1983 (Philem.
484 1916 563 1988 9).
599 1916 727 1971 llzec
758 1931 918 1985 ρυιϊυ
964 1917 1241 1985 praecessit
1276 1915 1558 1985 epistolam
1599 1914 1664 1966 ad
1696 1912 1801 1967 Co-

187 2010 463 2063 lussenses
484 2051 500 2075 ,
534 2018 591 2061 ut
618 2024 683 2062 ex
716 2008 835 2078 ejus
866 2010 969 2062 line
996 2008 1260 2079 arguitur,
1292 2008 1378 2061 ιώὶ
1412 2008 1491 2061 sic
1524 2007 1797 2076 loquitur:

186 2100 445 2171 Tyclticus
474 2103 646 2156 omnia
670 2101 805 2155 vobis
833 2102 1078 2166 narrabit,
1106 2116 1250 2172 quem
1274 2102 1390 2154 misi
1414 2118 1528 2154 cum
1560 2100 1799 2154 θηρείηιο

186 2195 326 2259 ﬁdeli
354 2205 399 2247 et
425 2195 607 2248 dilecto
625 2198 784 2264 fratre
811 2194 944 2266 (Col.
965 2201 1018 2250 4.
1042 2196 1118 2263 7).
1144 2194 1433 2249 Onesimus
1454 2204 1633 2250 autem
1656 2204 1795 2262 erat,

186 2285 342 2355 cujus
372 2289 543 2356 gratia
565 2286 631 2338 ad
660 2286 1027 2340 Philemonem
1058 2288 1274 2356 scripsit
1299 2286 1607 2355 epistolam.
1641 2286 1795 2352 Quod

187 2393 315 2431 vero
348 2393 458 2431 non
490 2378 626 2431 alius
673 2388 819 2433 esset
862 2380 958 2449 ipsi
1000 2380 1371 2447 cognominis,
1422 2388 1566 2448 patet
1592 2394 1656 2433 ex
1696 2381 1797 2433 Ar-

185 2471 385 2540 chippo
412 2489 424 2523 :
460 2487 617 2540 quem
640 2472 783 2526 enim
814 2473 864 2525 itt
897 2472 1121 2541 epistola
1148 2473 1213 2525 ad
1238 2471 1609 2526 Philemonem
1639 2472 1793 2542 adju-

186 2570 361 2615 toreut
408 2564 618 2630 aecepit
658 2563 724 2616 ad
771 2579 883 2616 rem
928 2579 1023 2632 pro
1067 2564 1323 2619 Unesituo
1370 2564 1791 2633 impetrandam,

188 2652 330 2706 hunc
362 2668 576 2722 quoque
622 2654 675 2706 itt
707 2652 930 2723 epistola
964 2653 1028 2705 ad
1070 2652 1421 2709 Colossenses
1464 2656 1665 2709 excitat
1710 2657 1793 2710 his

187 2746 366 2798 verbis
393 2762 405 2796 :
437 2743 604 2798 Dicite
644 2744 943 2815 Archippo:
984 2743 1106 2799 Vide
1145 2746 1509 2812 ministerium,
1542 2749 1679 2814 quod
1706 2765 1795 2801 ac-

185 2837 395 2904 cepisti,
438 2847 492 2889 ut
529 2838 659 2891 illud
687 2840 899 2901 mtpleas
930 2837 1106 2911 (Ibid.
1141 2854 1188 2891 υ.
1222 2839 1332 2910 17).
1364 2839 1585 2895 Videtur
1610 2850 1790 2896 autem

187 2930 316 2983 tnilti
347 2931 629 2999 epistolam
656 2933 721 2985 ad
745 2930 960 2986 Galatas
986 2948 1127 2997 eam,
1155 2948 1275 3004 qua:
1298 2934 1362 2988 ad
1392 2934 1667 2991 Romanos
1686 2948 1788 3000 est,

186 3024 551 3091 praecessisse.
586 3024 640 3077 Si
683 3033 861 3077 autem
910 3025 960 3077 in
1004 3026 1153 3079 libris
1198 3028 1359 3079 alium
1408 3027 1609 3083 habent
1647 3029 1793 3084 ordi-

183 3131 330 3177 nem,
368 3116 501 3169 nihil
533 3116 724 3169 mirum
753 3136 765 3170 :
796 3117 1227 3189 quandoquidem
1269 3131 1321 3173 et
1351 3119 1636 3176 duodecim
1668 3137 1791 3193 pre-

184 3207 363 3274 pheta:
395 3223 500 3259 non
531 3206 825 3261 secundum
860 3211 1118 3277 temporis
1158 3209 1403 3265 ordinem
1425 3252 1441 3277 ,
1490 3212 1584 3267 sed
1631 3214 1790 3284 longe

180 3311 340 3355 atate
383 3301 677 3364 diStautes,
724 3301 775 3356 in
821 3301 1007 3357 Bibliis
1050 3303 1300 3358 collocati
1343 3316 1487 3359 sunt.
1521 3309 1785 3378 Aggaeus,

182 3389 219 3445 Ζ
239 3394 475 3447 tebarizis
492 3404 548 3447 et
566 3394 654 3447 alii
682 3406 795 3463 post
824 3395 1158 3452 Ezecltielem
1183 3406 1235 3452 ct
1254 3398 1539 3455 ,Dauielem
1559 3404 1791 3471 protube-

184 3496 469 3550 laverunt;
503 3496 559 3539 et
586 3488 739 3540 multi
788 3502 907 3557 μηδι
938 3488 1128 3543 Jonam
1166 3501 1219 3542 et
1254 3491 1585 3560 Scultennam
1621 3506 1786 3551 cante-

184 3592 381 3646 rusque
406 3594 619 3641 omnes,
654 3590 707 3633 et
736 3590 910 3635 tamen
942 3583 1043 3636 illis
1068 3584 1318 3637 omnibus
1341 3587 1614 3655 conjuncti
1640 3600 1785 3655 sunt,

182 3687 207 3720 a
233 3671 433 3738 quibus
462 3681 609 3744 tanto
635 3676 891 3741 temporis
912 3676 1085 3744 Spatia
1112 3687 1236 3730 sunt
1265 3678 1459 3733 dissiti.

246 3762 301 3815 2.
321 3742 668 3818 Nentozltuuc
694 3764 932 3820 laberem
962 3778 1111 3821 extra
1142 3784 1254 3823 rem
1285 3785 1431 3836 esse,
1454 3786 1626 3843 neque
1650 3775 1788 3831 hanc

182 3855 617 3927 disquisitionem
635 3860 962 3929 superﬂuam
980 3871 1034 3915 et
1054 3876 1120 3915 ex
1142 3861 1457 3918 curiositate
1482 3862 1592 3918 fieri
1615 3876 1783 3934 putet:

180 3962 301 4001 nam
350 3951 702 4019 epistularum
733 3960 942 4020 tempus
972 3968 1078 4004 non
1108 3968 1294 4021 parum
1322 3952 1387 4007 ad
1418 3957 1638 4024 qttmsiut
1675 3959 1787 4012 sol-

180 4041 349 4095 venda
383 4042 613 4095 confert.
649 4040 783 4095 Cum
820 4044 965 4095 enim
1008 4043 1163 4097 video
1192 4042 1411 4098 Paulum
1444 4044 1702 4101 Romanis
1732 4059 1786 4103 et

178 4134 595 4189 Colossensibus
642 4134 711 4190 de
728 4136 929 4190 iisdem
974 4136 1138 4191 rebus
1167 4138 1427 4205 scribere,
1482 4153 1656 4210 neque
1703 4151 1785 4195 ta-

181 4244 302 4282 men
335 4228 499 4282 simili
521 4228 702 4295 modo,
734 4230 829 4284 sed
851 4230 954 4283 illis
984 4245 1106 4285 cum
1131 4231 1459 4303 indulgentia
1486 4248 1699 4303 magna,
1732 4246 1789 4290 ιιι

180 4336 299 4373 cum
330 4320 486 4386 dicit,
531 4318 809 4390 lnﬁrmum
851 4337 967 4376 vero
993 4323 1045 4376 in
1073 4323 1177 4392 ﬁde
1196 4325 1457 4391 assumite,
1490 4342 1593 4378 non
1623 4327 1677 4379 in
1704 4328 1788 4379 di-

178 4412 579 4482 sceptationibus
628 4414 1016 4467 ratiociniorum
1043 4431 1061 4468 :
1110 4415 1244 4469 alius
1284 4416 1488 4485 quidem
1529 4418 1687 4470 credit
1734 4434 1792 4471 se

182 4504 446 4557 comedere
484 4521 629 4569 posse
670 4506 883 4571 omnia;
920 4506 1007 4574 qui
1032 4516 1202 4559 autem
1228 4507 1463 4575 inﬁrmus
1507 4519 1616 4574 est,
1647 4508 1790 4562 olera

182 4597 462 4649 manducat
493 4594 671 4669 (Rom.
705 4598 793 4652 ﬂ.
828 4596 997 4668 1.2);
1037 4598 1453 4656 Colosseusibus
1497 4611 1675 4657 autem
1721 4602 1791 4657 de

186 4688 371 4751 iisdem
400 4688 567 4743 rebus
594 4704 701 4743 non
725 4690 796 4743 ita
827 4689 1081 4761 loquitur,
1109 4692 1203 4745 sed
1230 4707 1352 4747 cum
1392 4692 1581 4761 majori
1623 4693 1788 4748 liber-

188 4791 291 4835 tate
325 4800 338 4834 :
378 4801 397 4831 ι
431 4781 489 4836 Si
521 4784 717 4837 mortui
751 4784 917 4846 estis,
952 4801 973 4837 ι
1021 4784 1222 4854 inquit,
1253 4803 1273 4837 ‹
1307 4801 1430 4840 cum
1464 4786 1680 4841 Christo
1723 4786 1792 4842 ab

184 4876 468 4929 elementis
487 4875 693 4943 mundi,
712 4892 809 4931 cur
826 4877 1002 4933 adhuc
1018 4887 1269 4949 tanquam
1294 4881 1540 4936 viventes
1562 4883 1613 4935 in
1638 4896 1793 4935 mun-

188 4964 571 5021 dedecernitis
602 4983 616 5019 :
648 4966 723 5022 Ne
742 4968 1006 5039 tetigeris,
1038 4986 1113 5026 ne
1131 4972 1454 5040 gustaveris,
1481 4987 1549 5026 ne
1578 4985 1793 5029 contre-

188 5059 601 5128 etaveris‘lquaz
646 5070 772 5113 sunt
810 5060 988 5114 omnia
1020 5062 1072 5115 in
1122 5063 1397 5118 interitum
1436 5064 1553 5134 ipso
1592 5065 1786 5130 abusu,

193 5166 295 5206 non
327 5154 379 5207 in
410 5152 618 5208 honore
645 5153 848 5224 aliquo,
881 5154 947 5209 ad
977 5157 1315 5212 saturitatem
1342 5159 1522 5212 carnis
1566 5157 1701 5228 (Col.
1733 5162 1789 5216 '1.

192 5244 378 5317 20-25)
412 5263 425 5298 :
464 5264 484 5298 ι
516 5262 622 5301 nun
646 5246 804 5300 aliam
837 5248 995 5319 hujus
1024 5249 1344 5307 dilierenlia:
1385 5267 1602 5306 causam
1640 5253 1793 5309 inve-

194 5338 303 5399 nio,
351 5354 511 5406 quam
562 5355 744 5394 rerum
788 5350 843 5395 et
893 5344 1149 5413 temporis
1198 5345 1583 5402 conditionem.
1635 5347 1795 5404 Initio

194 5428 393 5499 quippe
419 5429 751 5501 indulgentia
781 5432 856 5487 ttti
883 5434 1191 5503 oportebat,
1221 5438 1468 5507 sequenti
1499 5454 1628 5494 vero
1658 5450 1796 5494 tem-

196 5534 325 5588 pore
358 5538 463 5577 non
491 5524 639 5578 item.
685 5526 825 5581 Alibi
854 5544 1069 5597 qttoque
1116 5529 1265 5583 illtuu
1298 5532 1376 5586 sic
1408 5547 1571 5602 agere
1620 5535 1790 5589 vides.

195 5610 284 5666 Sic
332 5613 508 5670 facere
558 5618 737 5672 Solent
786 5618 1026 5675 medicus
1064 5631 1121 5676 et
1157 5621 1347 5677 doctor
1388 5640 1604 5695 :ncquc
1650 5625 1793 5683 enim

458 5952 726 6018 ΡΛτιιυι..
779 5934 889 6020 (in.
950 5963 1074 6027 LX.

1331 415 1396 469 ΙΝ
1438 411 1655 469 Ειηετ.
1700 408 1790 463 .\D
1834 406 1997 462 llOTtl.
2044 406 2272 463 HOMIL.
2312 400 2353 462 Ι.

3420 412 3528 464 Ξειι

1916 518 2157 573 ttn'dicus
2181 531 2444 589 aegrotare
2482 520 2799 591 incipientes
2816 562 2834 586 ι,
2870 529 2926 575 et
2951 535 3079 585 eos,
3112 536 3202 590 qut
3249 520 3466 575 domum
3498 539 3527 571 a

1914 610 2106 666 morbo
2137 620 2452 667 recreantur
2476 630 2491 675 ;
2520 627 2697 681 neque
2723 612 2917 667 doctor
2946 616 3201 683 puerulos
3246 614 3443 677 simul,
3472 623 3527 667 ct

1909 720 2006 757 eos
2027 704 2115 773 qtti
2144 703 2453 773 perfectiori
2475 714 2638 774 egent
2672 704 2919 759 doetrina
2973 707 3085 775 pari
3117 707 3279 760 modo
3304 718 3520 761 curant.

1915 795 2109 850 i‘aulus
2126 796 2287 867 igitur
2305 796 2427 850 aliis
2452 798 2554 850 alia
2579 798 2646 852 de
2663 814 2823 853 causa
2847 809 2901 852 et
2920 808 3242 867 argumento
3258 782 3523 854 adductus

1908 886 2272 956 scribebat(Ct
2300 887 2402 941 hoc
2430 888 2690 953 declarat,
2717 904 2838 942 eum
2865 889 3164 944 Corinthiis
3184 890 3345 946 dicit:
3368 890 3444 945 De
3461 893 3524 944 iis

1907 990 2100 1044 autent,
2124 997 2238 1051 qua:
2263 981 2333 1034 ad
2357 999 2437 1035 me
2450 983 2727 1053 scripsistis
2745 986 2791 1056 (l
2808 1022 2823 1035 .
2846 983 3119 1056 Catii);
3152 984 3358 1039 Galatis
3392 1002 3522 1038 vero

1908 1074 2088 1127 Statim
2107 1074 2175 1127 ab
2194 1075 2417 1129 exordio
2437 1085 2489 1128 et
2508 1090 2605 1146 per
2623 1087 2789 1130 totam
2811 1076 3095 1145 epistolam
3113 1077 3343 1146 itlipsum
3364 1078 3505 1147 εἰμί

1909 1166 2070 1235 heat)
2103 1184 2113 1217 :
2146 1166 2229 1219 Itis
2258 1181 2386 1221 vero
2414 1182 2509 1220 cur
2551 1179 2606 1221 et
2654 1184 2759 1237 qua
2804 1168 2872 1223 de
2911 1183 3070 1223 causa
3103 1170 3305 1223 scribat
3351 1169 3516 1225 dicit:

1908 1272 1968 1307 ac
2015 1258 2289 1310 testiﬁcari
2344 1257 2555 1312 videtur
2605 1260 2752 1328 ipsos
2795 1273 2918 1313 esse
2966 1260 3204 1315 bonitate
3244 1269 3299 1313 ct
3340 1261 3520 1315 scien-

1910 1346 1979 1399 tia
2008 1348 2155 1401 otuui
2187 1348 2481 1402 instructos
2508 1391 2521 1414 ,
2568 1350 2655 1417 qui
2691 1360 2914 1417 possent
2952 1350 3089 1404 alios
3120 1365 3364 1406 mouere.
3418 1353 3529 1406 Cur

1906 1453 2037 1507 ergo
2077 1439 2363 1506 epistolam
2406 1440 2585 1495 misit?
2639 1440 2859 1510 l’rOpter
2888 1452 3109 1513 gratiam
3159 1441 3278 1507 Dei,
3327 1444 3525 1507 inquit,

1905 1545 2019 1596 qua:
2044 1531 2167 1582 data
2192 1541 2263 1584 est
2288 1532 2435 1596 mihi,
2471 1542 2523 1584 ut
2552 1533 2648 1585 sim
2677 1535 2909 1587 minister
2942 1533 3070 1589 Jcsu
3100 1519 3291 1589 Cliristi
3314 1530 3338 1608 (
3369 1536 3523 1592 llon'.

1909 1623 1993 1678 15.
2024 1623 2089 1677 14
2114 1624 2153 1691 ).
2198 1623 2432 1693 Ideoque
2460 1625 2511 1678 in
2545 1626 2812 1696 principio
2840 1626 2976 1680 dixit
3008 1644 3019 1678 :
3058 1626 3267 1681 Debitor
3296 1644 3430 1691 sum,
3465 1639 3522 1680 ut

1906 1731 1999 1784 pro
2022 1716 2158 1768 virili
2191 1733 2301 1770 mea
2329 1728 2473 1785 parte
2498 1717 2638 1771 vobis
2658 1762 2671 1783 ,
2700 1719 2787 1788 qui
2814 1716 2995 1773 Romae
3031 1721 3169 1781 estis,
3203 1721 3521 1793 evangelium

1905 1809 2176 1875 prtediccm
2204 1809 2367 1881 (Ibid.
2391 1812 2443 1863 1.
2478 1813 2565 1865 11.
2589 1812 2703 1881 15).
2724 1811 2857 1867 Nam
2880 1812 3027 1867 dicta
3050 1815 3188 1883 ejus,
3218 1816 3365 1869 verbi
3394 1831 3518 1884 pra-

1905 1900 2001 1963 tia,
2032 1901 2175 1970 quod
2205 1902 2413 1971 possint
2444 1903 2584 1958 alios
2611 1904 2927 1968 admouere,
2971 1917 3024 1960 et
3051 1906 3272 1974 similia,
3304 1906 3519 1964 laudem

1906 1995 2174 2063 praecipue
2194 2004 2250 2050 et
2274 1995 2709 2052 exhortationem
2743 2014 2854 2068 pra:
2885 2013 2945 2053 se
2990 1998 3205 2055 ferunt:
3236 2016 3299 2079 ac
3328 2016 3524 2056 neces-

1900 2087 2044 2141 saria
2074 2087 2234 2142 etiam
2272 2088 2353 2142 bis
2384 2100 2498 2143 erat
2521 2090 2830 2145 emendatio
2855 2105 2950 2161 per
2979 2092 3183 2149 literas.
3207 2093 3342 2161 Quia
3372 2096 3518 2150 enim

1903 2180 2138 2233 nondum
2168 2180 2347 2235 istbuc
2373 2192 2613 2248 venerat,
2637 2184 2836 2252 duplici
2865 2187 3074 2241 ratione
3098 2186 3242 2242 viros
3265 2188 3515 2254 instituit,

1901 2281 1956 2326 et
1985 2272 2265 2328 literarum
2296 2273 2526 2329 utilitate
2547 2318 2561 2341 ,
2594 2288 2649 2330 et
2675 2276 2941 2333 adventus
2976 2278 3057 2332 sui
3084 2281 3514 2350 exspectatione,

1902 2366 2022 2418 talis
2048 2366 2249 2436 quippe
2275 2379 2391 2421 erat
2424 2379 2612 2423 sancta
2639 2370 2724 2422 illa
2745 2370 2925 2423 anima
2949 2389 2963 2426 :
2991 2381 3161 2426 totum
3188 2376 3517 2445 complecte-

1900 2458 2059 2514 batur
2084 2461 2297 2526 orbetn,
2323 2471 2378 2516 et
2408 2477 2600 2517 omnes
2631 2478 2815 2517 secum
2845 2463 3289 2536 circumferebat,
3318 2483 3520 2539 cogna.

1900 2554 2100 2607 tionem
2145 2555 2435 2609 tnaximam
2470 2556 2614 2610 illam
2649 2572 2771 2613 esse
2802 2569 3032 2627 putans,
3066 2577 3187 2631 quae
3215 2566 3515 2621 secundum

1900 2644 2068 2698 Deum
2098 2655 2182 2700 est
2218 2663 2231 2699 :
2259 2656 2421 2716 atque
2446 2647 2515 2701 ita
2550 2648 2668 2701 illos
2694 2664 2885 2703 omnes
2912 2651 3150 2719 amabat,
3180 2668 3243 2708 ac
3267 2654 3313 2709 si
3356 2670 3517 2726 pcpco

1900 2738 2078 2799 risset,
2103 2738 2212 2790 imo
2240 2739 2503 2808 majorem
2538 2756 2647 2809 pra:
2676 2755 2736 2795 se
2766 2740 2999 2810 ferebat,
3026 2760 3188 2814 quam
3219 2747 3397 2818 quivis
3428 2765 3517 2819 pa-

1902 2839 2003 2894 ter,
2028 2829 2399 2885 dilectionem.
2426 2831 2573 2885 Talis
2596 2833 2740 2887 enim
2767 2844 2852 2888 est
2871 2836 3044 2905 gratia
3078 2836 3317 2910 Spiritus
3341 2856 3359 2893 :
3388 2855 3513 2895 car-

1900 2922 2051 2975 nales
2075 2932 2257 2991 pat-lus
2274 2932 2513 2991 superat,
2536 2934 2591 2978 et
2611 2925 2979 2982 ardentiorem
3004 2930 3510 2990 exbibetaﬂ'cctttm.

1902 3012 1955 3065 ltl
1990 3014 2041 3066 iu
2073 3014 2265 3084 primis
2292 3016 2477 3069 videre
2508 3026 2589 3071 cst
2615 3018 2665 3071 in
2694 3018 2873 3073 anima
2908 3020 3083 3088 Pauli,
3109 3024 3201 3093 qtti
3232 3028 3385 3096 quasi
3416 3042 3515 3082 vo-

1896 3108 2061 3160 lueris
2101 3123 2167 3161 ex
2194 3109 2421 3163 caritate
2445 3107 2640 3173 factus,
2674 3126 2865 3165 omnes
2893 3110 3210 3184 frequenter
3236 3117 3510 3187 circumit,

1894 3217 2160 3271 nusquam
2191 3217 2417 3257 manens
2447 3203 2527 3257 vel
2560 3203 2889 3259 consistens.
2917 3204 3052 3273 Quia
3081 3208 3227 3264 enim
3264 3210 3513 3268 audierat

1894 3295 2102 3349 dixisse
2140 3295 2444 3363 Christum,
2497 3294 2671 3361 l’etre,
2701 3312 2847 3350 amas
2875 3298 2990 3353 me!
3036 3316 3189 3369 pasce
3228 3317 3343 3357 oves
3369 3321 3509 3362 meas

1894 3388 2078 3459 (Joan.
2107 3386 2198 3442 ΩΙ.
2222 3388 2336 3459 15),
2354 3398 2517 3457 atque
2540 3388 2683 3444 hunc
2702 3390 2936 3446 maxime
2950 3393 3193 3450 caritatis
3214 3398 3504 3453 terminum

1896 3484 2275 3553 pronuntiasse
2297 3494 2457 3553 supra
2489 3485 2709 3540 modum
2733 3485 3023 3543 exhibebat
3044 3489 3216 3546 illunt.
3239 3493 3393 3550 llunc
3410 3497 3512 3568 igi-

1896 3586 1983 3630 tur
2009 3586 2063 3630 et
2092 3589 2190 3631 nes
2232 3578 2552 3632 tentulautcs
2577 3617 2592 3644 ,
2622 3578 2665 3632 si
2699 3579 2879 3633 minus
2922 3582 3109 3637 orbem
3139 3595 3234 3639 aut
3271 3587 3510 3659 integras

1893 3668 2139 3722 civitates
2178 3668 2260 3722 vel
2304 3679 2515 3739 gentes,
2539 3670 2732 3724 saltem
2765 3672 2995 3742 quisque
3045 3675 3265 3731 domum
3325 3694 3503 3748 suam,

1894 3776 2140 3823 uxorem,
2165 3759 2302 3813 ﬁlios
2323 3800 2338 3824 ,
2386 3762 2615 3827 amicus,
2648 3764 2855 3817 vicinos
2884 3774 3031 3821 recte
3058 3781 3366 3839 eetnputtat.
3402 3777 3508 3831 Nec

1894 3853 2024 3908 mihi
2055 3854 2321 3923 quispiam
2364 3854 2580 3919 dixerit,
2609 3854 2893 3924 Imperitus
2916 3873 3035 3915 sum
3066 3868 3122 3917 ct
3152 3864 3321 3920 rudis.
3361 3865 3507 3924 Nihil

1894 3946 2163 4002 indoctius
2208 3947 2399 4016 Petro,
2457 3948 2590 4003 nihil
2640 3950 2945 4019 imperitius
2986 3953 3175 4011 Paulo.
3208 3957 3344 4015 illud
3392 3962 3512 4033 ipse

1892 4054 2105 4109 quoque
2123 4039 2340 4105 fatetur,
2364 4055 2463 4095 nec
2476 4040 2640 4110 pudet
2671 4043 2820 4096 illum
2844 4044 3024 4101 dicere
3054 4065 3067 4099 :
3098 4046 3214 4101 Etsi
3241 4050 3509 4123 imperitus

1893 4148 2008 4185 sum
2028 4147 2277 4197 sermone,
2297 4132 2387 4187 sed
2418 4151 2517 4187 non
2539 4135 2751 4189 scientia
2769 4136 2846 4209 (2.
2874 4135 2994 4194 Cor.
3022 4140 3111 4195 11.
3139 4142 3218 4214 6).
3250 4146 3506 4206 Attamen
3553 4149 3563 4157 ’

1896 4227 2178 4297 imperitus
2208 4227 2315 4293 hic,
2344 4227 2593 4283 indoctus
2615 4230 2723 4295 illo,
2759 4244 3051 4289 sexcentos
3074 4236 3510 4312 viceruntphilo-

1895 4320 2097 4388 sophos
2120 4360 2135 4384 ,
2171 4319 2488 4375 innumeros
2514 4321 2764 4378 rhetores
2806 4324 2875 4379 ad
2901 4325 3179 4383 silentium
3225 4336 3511 4403 compule-

1896 4420 2041 4477 runt,
2075 4426 2174 4465 suo
2191 4411 2371 4467 studio
2394 4424 2448 4467 et
2467 4413 2557 4467 Dei
2574 4416 2743 4485 gratia
2769 4424 2939 4473 letum
2965 4432 3308 4491 peragentes.
3337 4426 3511 4497 Quam

1894 4519 2026 4575 ergo
2072 4521 2171 4561 nos
2203 4511 2609 4564 excusationem
2665 4509 3024 4582 habebimus,
3067 4520 3160 4587 qui
3208 4535 3276 4575 ne
3323 4524 3509 4594 viginti

1896 4600 2111 4667 quidem
2137 4600 2446 4656 nominibus
2474 4618 2571 4657 seu
2602 4606 2850 4673 personis
2879 4606 3213 4675 sufﬁcimus,
3251 4628 3352 4670 nec
3379 4631 3512 4673 cen-

1899 4692 2267 4747 tubernalihus
2302 4695 2463 4750 utiles
2486 4697 2712 4751 sumus?
2737 4697 3004 4755 Obtentus
3027 4702 3141 4757 haec
3165 4710 3293 4760 Sunt
3312 4718 3368 4762 et
3397 4709 3515 4765 ina-

1899 4799 1996 4838 nes
2031 4786 2413 4842 excusationes
2446 4800 2463 4841 :
2503 4803 2676 4858 neque
2706 4791 2850 4844 enim
2894 4792 3193 4862 ignorantia
3241 4807 3295 4852 ct
3334 4801 3511 4871 impe-

1898 4879 2018 4932 ritia
2035 4878 2338 4933 doctrinam
2364 4880 2685 4950 impediunt,
2704 4883 2797 4938 sed
2822 4884 3033 4954 ignavia
3052 4896 3107 4943 et
3121 4892 3512 4950 somnolentia.

1901 4973 2013 5027 Hoc
2043 4974 2205 5045 igitur
2240 4990 2471 5030 excusso
2499 4990 2713 5043 somno,
2757 4992 2879 5032 cum
2914 4981 3060 5034 omni
3085 4984 3267 5039 Sittle
3298 4990 3515 5059 propria

1902 5067 2142 5120 membra
2171 5083 2445 5133 curemus,
2492 5079 2551 5123 ut
2581 5080 2637 5125 et
2668 5070 2754 5125 hic
2782 5073 2952 5128 tnulta
2981 5075 3225 5132 fruamur
3254 5085 3517 5153 tranquil-

1900 5157 2068 5223 litate,
2115 5159 2242 5213 dum
2271 5161 2567 5216 Secundum
2603 5162 2852 5219 timorem
2901 5166 2996 5221 Dei
3025 5173 3368 5229 necessarios
3413 5192 3516 5230 ne-

1902 5259 2046 5303 stros
2076 5252 2442 5318 instituemus,
2479 5263 2534 5307 et
2561 5253 2984 5313 illic‘innumcra
3000 5274 3400 5333 consequamur
3422 5268 3517 5323 be-

1904 5356 1995 5407 tta,
2029 5344 2198 5412 gratia
2222 5356 2275 5398 et
2306 5345 2638 5416 benignitate
2661 5347 2873 5403 Domini
2909 5353 3081 5407 nostri
3109 5352 3241 5409 Jesu
3283 5358 3510 5427 Christi,

1902 5449 2000 5503 per
2025 5451 2183 5505 quem
2215 5448 2268 5493 ct
2299 5454 2420 5493 cmn
2450 5453 2558 5509 quo
2588 5438 2735 5495 Patri
2771 5442 2939 5515 gloria
2963 5486 2977 5509 ,
3011 5448 3284 5519 simulque
3323 5464 3514 5511 sancto

1904 5528 2152 5597 Spiritui,
2185 5546 2327 5585 nunc
2354 5539 2408 5586 et
2450 5546 2687 5605 semper,
2741 5549 2773 5589 e
2852 5536 2905 5592 in
2935 5539 3133 5595 excole
3162 5543 3511 5607 sweulorum.

1902 5623 2101 5676 Amen.
