4118 6340
640 419 746 474 395

1425 406 1479 460 S.
1521 398 1792 457 JOANNIS
1830 391 2298 449 (IllllYSOS’l'Olll
2347 390 2663 444 AllillllEl'.
2709 389 3241 445 C(lNS'l‘AlVl'lNOP.

650 521 2812 567 _________________________-.___._——_____.

3832 384 3932 440 396

2817 527 3014 535 φ..-

1985 595 2341 662 uomuit
2385 597 2409 655 1
2439 593 2553 678 (α).

641 779 769 833 Cu».
793 781 840 831 ι.
861 775 1055 828 Paulus
1076 787 1242 825 servus
1258 766 1378 820 Iesu
1399 763 1604 827 Christi,
1628 768 1831 812 vocatus
1849 752 2126 823 apostolus.
2147 763 2224 801 sc-

719 880 949 940 gregatas
982 868 1032 918 in
1063 861 1370 931 evangelista:
1393 855 1511 922 Dei,
1547 855 1601 907 ‘2.
1631 851 1765 922 quod
1789 845 2226 916 anteprontisernt

721 978 807 1027 per
833 959 1101 1024 pmphetas
1126 969 1242 1005 suos
1268 952 1319 1003 in
1347 946 1628 1016 Scripturis
1653 943 1859 997 sanctis.

720 1057 770 1105 l.
823 1052 1029 1120 Moyses
1075 1046 1226 1100 libris
1274 1043 1510 1110 quinque
1547 1054 1576 1091 a
1618 1053 1675 1090 se
1715 1034 1925 1102 scriptis
1967 1042 2224 1095 nusquam

648 1159 838 1197 nomen
871 1119 1022 1192 suum
1055 1136 1342 1206 apposuit,
1385 1148 1554 1200 neque
1587 1130 1660 1182 illi
1691 1127 1778 1195 qui
1813 1139 1897 1178 res
1930 1131 2047 1188 post
2079 1119 2224 1170 illum

646 1243 824 1306 gestans
876 1230 1207 1297 scripserunt
1248 1241 1260 1276 :
1306 1222 1398 1277 sed
1459 1237 1630 1288 neque
1680 1214 1992 1271 Mallhmus,
2058 1222 2227 1275 neque

643 1301 876 1376 Joannes
903 1363 916 1385 ,
952 1336 1057 1373 non
1090 1319 1327 1379 Marcus,
1362 1329 1466 1367 non
1498 1313 1686 1365 Lucas.
1721 1313 1789 1361 At
1817 1306 2003 1359 beatus
2032 1301 2225 1354 Paulus

646 1417 893 1467 monibus
915 1411 1150 1482 epistolis
1173 1409 1281 1462 suis
1306 1420 1499 1459 nomen
1529 1417 1681 1455 suum
1705 1396 1994 1468 praemittit.
2016 1389 2227 1459 Quare?

649 1509 783 1576 Quia
816 1507 888 1559 illi
923 1502 1273 1573 praesentibus
1302 1496 1623 1556 scribebant,
1657 1503 1709 1544 ct
1741 1488 1926 1541 inutile
1959 1486 2150 1550 fuisset
2171 1494 2230 1533 se

647 1573 936 1670 pvrzescntes
965 1594 1271 1655 declarare;
1302 1589 1388 1642 hic
1413 1601 1538 1640 vero
1567 1583 1747 1652 procul
1779 1579 1958 1632 literas
1989 1573 2231 1627 mittebat

645 1692 883 1760 epistola:
931 1689 1095 1741 forma
1128 1702 1140 1738 :
1170 1691 1492 1753 quapropter
1524 1675 1822 1730 necessaria
1855 1679 1968 1724 erat
1999 1667 2230 1721 nominis

643 1787 862 1840 additio.
887 1783 939 1836 Si
963 1789 1138 1834 autem
1164 1779 1212 1830 in
1237 1773 1473 1844 Epistola
1492 1771 1554 1824 ad
1578 1769 1830 1823 llebra-os
1854 1766 1901 1817 id
1922 1779 2025 1816 non
2051 1761 2227 1822 faciat,

648 1875 936 1945 prudenter
967 1882 1018 1925 et
1047 1867 1274 1923 consilio
1303 1864 1443 1916 lacu.
1490 1861 1621 1926 Quia
1665 1858 1805 1916 enim
1852 1868 2071 1923 perosus
2119 1859 2232 1902 erat

649 1941 814 2034 ipsis:
841 1979 906 2018 ne
931 1979 956 2014 a
988 1958 1265 2029 principio,
1289 1955 1470 2008 audito
1499 1953 1733 2010 nomine,
1764 1944 1994 1998 sermoni
2026 1941 2227 1993 aditum

645 2057 1010 2116 oi'cludereut,
1065 2051 1153 2103 illo
1200 2059 1516 2116 suppressn,
1573 2041 1644 2093 uti
1695 2056 1753 2092 sc
1797 2035 2065 2095 audirent,
2116 2045 2230 2084 arte

649 2149 880 2218 pellexit.
924 2146 977 2198 Si
1020 2157 1148 2196 vero
1194 2138 1464 2208 propheta:
1507 2145 1560 2188 et
1599 2133 1847 2187 Salomon
1882 2128 2096 2181 nomina
2138 2138 2230 2176 suo

647 2217 963 2308 appos-uere,
990 2235 1142 2286 vobis
1172 2226 1558 2298 exquirendum
1591 2224 1860 2291 relinquo,
1892 2235 1987 2271 cur
2014 2217 2100 2268 alii
2135 2229 2232 2266 no-

649 2349 771 2386 tueu
817 2325 1156 2396 apposueriut
1177 2363 1189 2383 ,
1230 2321 1316 2372 alii
1363 2332 1515 2371 secus
1541 2334 1552 2366 :
1580 2330 1750 2382 neque
1777 2313 1916 2364 enim
1946 2323 2091 2376 opus
2121 2316 2231 2366 est,

648 2435 703 2477 ut
733 2422 906 2476 outnia
937 2435 966 2470 a
998 2433 1079 2469 me
1112 2413 1389 2472 ediscatis;
1422 2408 1516 2461 sed
1553 2404 1902 2459 laborandum
1933 2412 1983 2452 et
2015 2397 2229 2467 perqui-

652 2515 875 2568 rendum
905 2508 1053 2562 vobis
1083 2517 1164 2560 est
1188 2547 1202 2568 ,
1249 2513 1304 2556 ut
1333 2518 1398 2555 ne
1439 2501 1715 2569 segniores
1744 2495 2002 2550 evadatis.
2038 2489 2234 2542 Paulus

649 2624 816 2660 servus
841 2603 964 2655 Jesu
986 2596 1197 2654 Christi.
1232 2596 1340 2650 Cur
1371 2609 1562 2646 nomen
1591 2591 1704 2652 eius
1733 2587 2028 2640 innuutarit
2063 2583 2199 2634 Deus
2219 2622 2233 2643 ,

651 2710 704 2750 et
753 2696 970 2748 Saubnn
1005 2687 1210 2742 vocavit
1252 2683 1514 2738 Paulum?
1560 2679 1635 2733 Ne
1680 2681 1777 2730 hac
1816 2678 1974 2729 etiam
2009 2676 2057 2724 in
2090 2682 2237 2740 parte

653 2785 907 2854 apostolis
958 2781 1174 2834 inferior
1218 2777 1530 2833 haberetur;
1578 2773 1670 2823 sed
1719 2781 1772 2820 ut
1821 2769 2044 2834 idipsum
2098 2780 2234 2832 pra»

654 2879 905 2950 rugativa:
950 2875 1208 2932 haberet,
1258 2868 1395 2938 quod
1451 2865 1830 2933 discipulorum
1882 2862 2234 2930 eoryphzrus,

660 2973 674 3025 l
698 2973 886 3038 ineque
909 2970 1104 3020 arctius
1126 2963 1285 3018 canui
1305 2963 1636 3029 jungeretur.
1660 2956 1853 3007 Lhristi
1879 2970 2002 3006 vero
2022 2966 2235 3003 Servum

656 3082 713 3120 se
743 3083 844 3116 non
875 3063 986 3114 sine
1013 3073 1170 3112 causa
1193 3057 1363 3110 dixit:
1392 3053 1540 3106 multi
1573 3066 1798 3117 namque
1823 3057 1946 3101 sunt.
1971 3043 2239 3098 servitutis

659 3157 799 3209 modi
836 3173 849 3208 :
881 3155 1015 3206 alius
1060 3149 1348 3205 secundum
1396 3146 1719 3199 creatiouen't
1745 3182 1759 3206 ,
1812 3143 1878 3194 de
1928 3157 2031 3208 quo
2073 3137 2236 3190 dtu-it:

663 3252 842 3304 thuuia
870 3248 1088 3300 serviunt
1116 3244 1202 3296 tibi
1233 3240 1402 3307 (Psal.
1436 3239 1554 3292 l18.
1585 3238 1642 3290 ‘Jl
1663 3251 1712 3303 );
1754 3237 1983 3300 itemque
2004 3273 2016 3292 ,
2053 3231 2241 3284 Seruus

662 3361 796 3396 meus
823 3339 1288 3393 Nabuchodonosor
1309 3329 1441 3402 (Jer.
1467 3330 1555 3384 25.
1579 3328 1672 3397 9);
1703 3341 1836 3393 Opus
1865 3339 2091 3392 namque.
2124 3323 2240 3389 opi-

665 3437 746 3486 tiei
779 3448 986 3486 St'l'VtIllI
1035 3438 1135 3482 est.
1166 3428 1312 3480 Alius
1343 3423 1530 3475 modus
1571 3430 1650 3472 est
1679 3436 1704 3468 a
1742 3419 1840 3469 Iido
1861 3459 1875 3480 ,
1904 3416 1970 3468 de
2000 3432 2098 3483 qua
2131 3416 2239 3466 ait:

661 3525 839 3578 Gratia
867 3531 1032 3573 autem
1073 3518 1206 3578 Deo,
1242 3515 1358 3585 quia
1399 3513 1529 3565 servi
1557 3511 1708 3563 eratis
1737 3518 1940 3576 peccato
1961 3548 1975 3566 ,
2008 3505 2244 3557 obetlistis

661 3626 827 3669 tndem
857 3630 917 3666 ex
936 3611 1105 3673 corde,
1132 3611 1183 3661 in
1213 3623 1362 3676 quam
1393 3604 1566 3657 traditi
1588 3612 1706 3654 estts
1735 3602 1978 3652 doctrina:
2001 3600 2239 3664 (orntum,

663 3723 706 3763 et
734 3707 928 3761 liberati
958 3723 988 3756 a
1029 3711 1252 3770 peccato,
1286 3698 1409 3751 servi
1438 3697 1561 3766 [acti
1593 3695 1709 3747 estis
1739 3693 1953 3760 justitia:
1983 3688 2155 3760 (Rom.
2188 3690 2240 3739 ti.

667 3801 776 3869 Π).
813 3801 958 3850 Alius
988 3811 1015 3846 a
1045 3798 1159 3846 vitae
1195 3793 1453 3852 instituto,
1483 3787 1550 3839 de
1581 3787 1688 3853 quo
1716 3787 1824 3836 ait:
1855 3782 2054 3851 Moyses
2076 3795 2245 3832 scrrus

667 3909 804 3943 meus
844 3881 1066 3938 mortuus
1107 3893 1178 3934 est
1226 3878 1359 3951 (los.
1409 3879 1457 3930 l.
1491 3877 1545 3946 2)
1582 3890 1939 3943 :quatnquatn
1984 3882 2037 3924 et
2078 3870 2245 3923 Judwi

667 3998 853 4036 omnes
882 3983 1020 4032 Servi
1054 3984 1239 4038 erant;
1271 3972 1365 4026 sed
1392 3972 1600 4038 Moyses
1631 3968 1681 4020 in
1713 3967 1896 4037 primis
1922 3982 1985 4018 cx
2016 3965 2134 4016 vita:
2163 3965 2244 4016 iu-

668 4077 855 4127 stituto
899 4066 1231 4138 splendebat.
1261 4063 1520 4130 Quoniam
1571 4059 1728 4128 igitur
1767 4058 1958 4111 Paulus
2002 4054 2248 4108 omnibus

668 4162 936 4219 Servitutis
961 4161 1131 4211 modis
1159 4169 1345 4210 servus
1375 4161 1526 4216 erat,
1561 4151 1829 4220 dignitatis
1859 4148 2102 4200 maximae
2131 4147 2248 4199 loco

671 4257 818 4326 pauit
845 4252 992 4315 illud,
1026 4251 1209 4303 Servus
1234 4248 1357 4298 Jesu
1376 4243 1569 4299 Christi
1594 4253 1686 4295 :et
1711 4239 2125 4308 dispensationis
2155 4254 2250 4288 ttu-

669 4354 811 4404 miua
832 4345 1092 4409 obtendit,
1113 4342 1178 4393 ab
1196 4338 1532 4394 inferioribus
1552 4336 1615 4386 ad
1639 4335 1909 4402 superiora
1930 4333 2247 4385 ascendens.

669 4445 873 4500 Nomen
922 4440 1116 4509 quippe
1159 4434 1283 4489 ,ιι-ευ
1331 4432 1506 4485 lci-ens
1544 4428 1760 4497 angelos
1794 4427 1936 4478 venit
1979 4426 2044 4479 de
2084 4427 2248 4487 caelis,

672 4533 884 4607 quattth
914 4533 998 4584 ille
1035 4537 1188 4582 natus
1217 4533 1299 4579 cst
1327 4525 1394 4576 de
1430 4522 1675 4589 Virgine;
1708 4519 1952 4572 Clirisms
1979 4528 2155 4570 autem
2188 4516 2254 4569 ab

673 4630 923 4683 unctione
952 4622 1167 4676 dicitur.
1195 4617 1335 4687 quod
1370 4615 1530 4668 etiam
1555 4627 1732 4666 carnis
1758 4622 1893 4666 erat.
1928 4612 1992 4664 Et
2019 4626 2143 4677 quo,
2179 4611 2252 4661 in-

672 4727 845 4790 quies,
876 4719 994 4772 oleo
1024 4725 1213 4766 unctus
1242 4708 1359 4765 est?
1389 4708 1519 4760 Oleo
1549 4706 1762 4774 quidem
1794 4719 1895 4757 non
1931 4713 2118 4756 unctus
2150 4713 2249 4766 est,

675 4816 768 4875 ,ρει
798 4812 995 4880 Spiritu
1023 4825 1035 4860 :
1059 4808 1195 4859 Solet
1221 4812 1397 4856 autem
1430 4800 1698 4868 Scriptura
1735 4797 2034 4865 hujusmodi
2071 4804 2258 4848 unctos

676 4920 869 4959 Vocare
915 4901 1166 4954 cbristos.
1216 4895 1269 4947 In
1315 4894 1560 4945 unctione
1606 4893 1834 4959 quippe,
1883 4889 2023 4959 quod
2075 4889 2258 4957 pra'ci-

678 5010 863 5062 ruunt,
891 4991 1120 5059 Spiritus
1149 4995 1227 5038 est
1252 5001 1265 5046 ;
1298 4985 1416 5037 ideo
1444 4993 1497 5036 et
1524 4983 1694 5035 oleum
1723 4983 2025 5034 assumitur.
2058 4981 2122 5033 Et
2146 4981 2260 5032 ubi-

674 5107 798 5145 nam
831 5085 1060 5141 cbristos
1083 5089 1236 5134 vocat
1260 5093 1373 5139 cos,
1403 5076 1490 5144 qui
1512 5091 1622 5127 non
1651 5085 1772 5126 sunt
1799 5074 1917 5126 oleo
1947 5074 2130 5126 uneti‘.’
2159 5073 2257 5127 Ubi

677 5185 823 5243 dicit,
852 5177 1020 5232 Nolite
1046 5185 1247 5242 tangere
1272 5170 1480 5221 christos
1511 5184 1665 5230 meos,
1698 5176 1742 5218 et
1773 5166 1822 5216 in
1853 5166 2108 5234 ριόρΙιθιὶδ
2140 5167 2259 5216 meis

684 5274 836 5328 nolite
854 5265 1119 5336 malignari
1147 5261 1316 5333 (Psal.
1344 5261 1460 5312 104.
1488 5256 1595 5325 15).
1622 5255 1772 5310 Tunc
1791 5258 1930 5310 enim
1956 5256 2130 5307 nullus
2148 5266 2263 5309 erat

682 5367 747 5417 ad
765 5363 1062 5416 unctionem
1082 5355 1181 5408 olei
1201 5360 1504 5420 apparatus.
1531 5349 1746 5403 Vocatus
1761 5348 2036 5416 apostolus.
2058 5346 2262 5416 Ubique

685 5473 744 5514 se
775 5467 1007 5506 meatum
1041 5449 1306 5520 appellat,
1339 5454 1542 5512 gratum
1575 5445 1807 5495 animum
1837 5443 2098 5496 exhibens
2120 5485 2132 5505 ,
2184 5445 2262 5494 in-

682 5551 976 5614 dicansqae
1002 5560 1059 5596 se
1092 5559 1195 5592 non
1229 5545 1551 5608 qua-reutctn
1581 5535 1866 5595 invenisse,
1897 5535 1986 5588 sed
2017 5545 2260 5587 vocatum

685 5640 1002 5695 obedivisse.
1037 5633 1246 5687 Fideles
1275 5645 1402 5684 vero
1426 5630 1503 5682 sic
1531 5627 1779 5694 appellat,
1813 5638 2009 5679 vocatos
2039 5639 2258 5681 sanrtos.

749 5733 819 5794 (tt)
845 5734 1057 5782 Stultius
1080 5731 1305 5794 bomilias
1336 5731 1479 5794 hasce.
1510 5728 1734 5794 inscribit
1761 5729 1926 5788 λόγους
1952 5727 2257 5794 (sermones).

685 5788 1003 5865 planusrrtpll
1031 5793 1111 5842 alii
1144 5797 1325 5848 λόγου..
1352 5793 1434 5841 alii
1461 5794 1664 5852 ὁμιλίας,
1699 5792 1828 5838 liene
1851 5802 2013 5839 autem
2041 5788 2263 5837 liOtnilta:

688 5857 1038 5913 inscribuntur,
1078 5865 1127 5904 ut
1156 5862 1200 5902 ei
1233 5864 1423 5904 ιίιίρτω
1448 5858 1504 5903 ad
1530 5858 1766 5916 popu'utu
1797 5857 2059 5900 contiones

2333 742 2409 795 ΙΙΙὶ
2444 758 2671 812 namque
2718 742 2784 797 ad
2830 744 2988 797 iidem
3035 743 3208 797 vocati
3251 751 3405 802 sunt;
3458 739 3580 794 huic
3621 755 3751 793 veto
3793 737 3933 790 aliud

2331 836 2719 898 concreditum,
2743 836 3073 905 apostolatus
3098 851 3310 901 nempe,
3336 850 3424 889 res
3451 833 3755 887 innumeris
3781 839 3934 900 plena

2335 928 2521 988 Iuniis,
2570 929 2707 980 dona
2757 927 2933 979 omnia
2989 941 3249 993 superans
3299 926 3495 993 illaque
3539 924 3931 993 complectens.

2333 1020 2532 1085 Ecquid
2558 1030 2638 1073 est
2662 1021 2796 1074 ultra
2822 1020 3127 1083 dicendum,
3155 1018 3253 1071 nisi
3279 1018 3416 1087 quod
3436 1032 3520 1076 ea,
3545 1033 3665 1086 qtae
3690 1016 3938 1068 (.bristus

2335 1114 2553 1167 veniens
2587 1115 2740 1177 fecit,
2785 1113 3093 1183 demigrans
3127 1111 3231 1164 illis
3262 1111 3563 1164 Commisit?
3597 1112 3649 1161 ltl
3683 1110 3936 1176 estquod

2331 1205 2490 1259 etiam
2550 1206 2743 1258 Paulus
2792 1206 3032 1258 clamans
3081 1215 3133 1258 ct
3190 1204 3554 1273 apostolorum
3608 1202 3926 1270 dignitatem

2332 1299 2597 1353 extollens
2624 1300 2754 1352 dicit
2777 1317 2789 1350 :
2815 1297 2924 1350 Pro
2951 1298 3153 1351 Christo
3189 1297 3440 1366 legatione
3479 1297 3761 1365 fungimur,
3791 1293 3938 1363 quasi

2333 1391 2444 1444 Deo
2476 1392 2771 1444 exhortante
2802 1408 2889 1460 per
2926 1407 3018 1442 nos
3049 1390 3127 1458 (2.
3162 1388 3281 1442 Cor.
3315 1390 3367 1443 5.
3400 1389 3530 1452 20);
3581 1389 3630 1440 id
3673 1397 3782 1452 est,
3819 1389 3937 1439 vice

2332 1485 2554 1538 Christi.
2590 1484 2895 1553 Segregntns
2921 1491 2971 1536 in
2996 1484 3309 1554 evangelium
3335 1483 3445 1535 Dei.
3467 1482 3937 1550 Quemadmodum

2331 1579 2386 1631 in
2420 1579 2578 1631 domo
2606 1577 2669 1630 ad
2703 1577 2916 1631 diversa
2949 1593 3112 1646 opera
3145 1577 3337 1645 singuli
3367 1577 3627 1645 segregati
3656 1586 3787 1628 sunt
3819 1594 3830 1625 :
3861 1575 3939 1627 sic

2337 1673 2388 1724 in
2436 1671 2668 1725 Ecclesia
2701 1671 2915 1724 diversa
2944 1681 3068 1724 sunt
3109 1670 3389 1723 distributa
3423 1670 3744 1723 ministeria.
3780 1667 3943 1720 Vide-

2336 1777 2424 1818 tur
2453 1780 2611 1832 porro
2640 1764 2764 1815 mihi
2797 1764 2880 1816 hic
2909 1780 3014 1816 non
3045 1763 3214 1832 ipsam
3245 1773 3443 1816 sortem
3474 1762 3766 1831 signium-ri
3793 1803 3808 1824 ,
3845 1759 3940 1814 sed

2329 1859 2437 1926 jam
2463 1857 2590 1910 olim
2621 1858 2791 1924 ipsum
2821 1857 2885 1909 ad
2915 1858 3016 1910 hoc
3045 1856 3358 1924 deputatum
3394 1855 3553 1907 luissp.
3583 1855 3751 1906 innui.
3781 1852 3940 1920 Quod

2333 1950 2493 2002 etiam
2537 1949 2797 2003 leremias
2841 1951 2915 2000 ait
2959 1949 3025 2002 de
3072 1963 3130 2002 se
3172 1948 3373 2000 dixisse
3419 1947 3624 2000 Deum:
3653 1947 3942 2012 Antequam

2331 2042 2499 2094 ea‘ires
2527 2040 2588 2092 de
2614 2040 2759 2092 rulra
2781 2082 2793 2102 ,
2828 2039 3144 2108 sanctiﬁcari
3173 2049 3248 2094 te.
3284 2040 3581 2108 prapltetam
3623 2039 3672 2088 in
3708 2036 3943 2105 gentibus

2339 2136 2483 2200 posui
2507 2145 2550 2183 te
2572 2131 2706 2200 (Jer.
2735 2135 2785 2185 1.
2817 2131 2894 2197 5).
2916 2131 3045 2198 Quia
3071 2131 3212 2184 enim
3241 2129 3306 2183 ad
3337 2139 3675 2198 arrogantem
3710 2141 3762 2179 et
3801 2130 3942 2178 fastu

2343 2228 2551 2294 plenam
2587 2226 2782 2276 urbem
2805 2224 3108 2285 scribebat,
3159 2221 3241 2276 his
3281 2221 3530 2273 omnibus
3572 2220 3809 2272 ostendit
3847 2220 3941 2271 Dei

2337 2335 2455 2373 esst-
2485 2319 2875 2370 ordinationem
2904 2336 2914 2369 :
2941 2317 3138 2370 etenim
3187 2315 3300 2384 ipse
3341 2316 3552 2367 vocavit
3576 2355 3590 2377 ,
3625 2323 3676 2365 et
3709 2313 3823 2381 ipse
3857 2329 3944 2364 se-

2339 2411 2596 2480 gregavit.
2633 2410 2740 2462 lloc
2763 2418 2938 2461 autem
2959 2407 3109 2469 facit,
3133 2418 3183 2459 ιιι
3208 2408 3314 2458 title
3335 2406 3548 2473 dignam
3579 2415 3632 2457 et
3657 2413 3941 2472 acceptam

2339 2504 2528 2558 reddat
2570 2503 2874 2571 epistolam.
2910 2500 2974 2553 In
2989 2499 3319 2569 evangelium
3355 2497 3468 2550 Dei.
3497 2498 3612 2551 Non
3642 2512 3771 2564 ergo
3798 2497 3941 2548 Mat-

2341 2596 2510 2649 thzeus
2536 2604 2739 2648 tantum
2771 2603 2822 2646 et
2855 2593 3064 2647 Marcus
3083 2603 3218 2646 sunt
3246 2591 3585 2658 evangelista!
3609 2633 3622 2652 ,
3669 2599 3728 2642 ut
3761 2606 3946 2658 neque

2343 2689 2430 2743 hic
2454 2688 2598 2741 solus
2627 2697 2706 2740 est
2735 2687 3028 2755 apostolus.
3060 2685 3151 2738 sed
3184 2685 3344 2738 etiam
3367 2683 3479 2747 illi;
3509 2685 3607 2736 etsi
3641 2701 3734 2752 per
3761 2684 3946 2736 excel-

2342 2781 2559 2836 lentiam
2584 2780 2671 2834 hic
2691 2780 2990 2849 apostolus,
3013 2779 3086 2832 illi
3105 2778 3446 2847 evangelista:
3466 2791 3742 2830 vocentur.
3768 2778 3946 2829 livan-

2344 2873 2540 2943 gelimn
2571 2889 2698 2926 vero
2728 2873 2898 2941 ipsum
2927 2887 3082 2925 vocat
3111 2886 3216 2923 non
3247 2870 3316 2924 ob
3337 2870 3447 2938 jam
3479 2870 3620 2922 illata
3655 2870 3790 2922 bona
3823 2882 3944 2921 tau-

2344 2976 2475 3028 tutn,
2504 2964 2598 3019 sed
2631 2965 2789 3018 etiam
2820 2965 2888 3016 ob
2915 2963 3110 3016 futura.
3139 2962 3421 3029 Quomodo
3447 2977 3623 3014 autem
3651 2961 3819 3014 Deum
3849 2977 3946 3029 per

2345 3059 2515 3128 ipsum
2545 3059 2898 3127 evangelizari
2927 3058 3035 3110 ait?
3062 3073 3182 3111 nam
3207 3056 3354 3119 dicit,
3379 3056 3684 3125 Segregatns
3710 3057 3762 3107 in
3788 3072 3948 3108 evan-

2346 3154 2530 3212 qelium
2572 3151 2664 3204 Dei
2691 3168 2707 3203 :
2733 3151 2889 3204 Pater
2931 3153 3072 3204 enim
3114 3159 3240 3203 ante
3282 3149 3555 3217 evangelia
3603 3158 3760 3200 notus
3800 3159 3944 3201 etut.

2350 3246 2544 3298 Verum
2572 3246 2669 3298 etsi
2703 3253 2859 3297 notus
2888 3252 3021 3306 erat,
3053 3241 3252 3297 JlltlﬂPlS
3281 3251 3507 3304 tantum,
3530 3253 3582 3293 et
3610 3258 3677 3294 ne
3708 3242 3789 3294 bis
3819 3242 3949 3310 qui-

2345 3337 2466 3392 dem
2496 3338 2763 3398 umnibus.
2799 3347 2856 3390 ut
2885 3353 2978 3404 par
3002 3334 3189 3389 fuiSset
3217 3352 3230 3388 :
3258 3349 3430 3404 neque
3454 3335 3594 3388 enim
3625 3333 3797 3402 ipsum
3822 3349 3950 3388 esse

2350 3430 2559 3483 Patrem
2592 3429 2854 3493 sciebant,
2888 3439 2942 3481 et
2969 3428 3130 3481 multa
3162 3426 3250 3479 illo
3280 3425 3492 3495 indigna
3522 3435 3646 3478 lllllC
3680 3426 3950 3490 imagina-

2351 3524 2563 3577 bantur.
2589 3523 2712 3578 ldeo
2738 3523 2947 3575 dicebat
2963 3521 3238 3575 Christus:
3262 3517 3474 3575 Venient
3495 3518 3598 3569 ueri
3612 3517 3949 3577 ador-amns;

2349 3627 2401 3669 et
2426 3658 2439 3678 ,
2496 3615 2644 3667 Pater
2689 3614 2814 3666 tales
2855 3615 3032 3682 quierit
3073 3612 3152 3665 sui
3195 3611 3491 3664 adoratores
3523 3607 3702 3678 (Joan.
3741 3609 3790 3662 ι.
3823 3607 3947 3678 Ξῦ).

2350 3711 2573 3763 lletnum
2607 3716 2784 3759 autem
2831 3707 2945 3774 ipse
2974 3721 3094 3758 cum
3129 3704 3264 3757 Filio
3294 3704 3409 3756 orbi
3441 3702 3534 3756 toti
3570 3701 3950 3756 manili-status

2351 3812 2453 3854 est.
2485 3801 2636 3867 Quod
2678 3798 3042 3867 prirnttntians
3066 3794 3340 3858 Christus,
3374 3795 3622 3848 dicebat:
3653 3793 3718 3847 Ut
3750 3811 3950 3865 cogno-

2353 3902 2494 3944 scant
2537 3902 2581 3943 te
2617 3890 2779 3943 solum
2822 3905 2992 3941 verum
3038 3886 3222 3953 Deum,
3265 3897 3311 3939 et
3352 3903 3498 3954 quem
3537 3885 3715 3938 misisti
3764 3883 3952 3937 Iesum

2353 3982 2608 4037 Christum
2659 3980 2767 4052 (Id.
2802 3981 2886 4033 l7.
2917 3980 2994 4049 5).
3046 3978 3391 4047 Evangelium
3431 3989 3605 4030 autem
3643 3977 3734 4031 Dei
3768 3988 3949 4036 voCat.

2353 4077 2420 4128 ab
2471 4074 2697 4127 exordio
2744 4074 2958 4141 erigens
3006 4071 3324 4126 auditorem.
3374 4067 3557 4138 Neque
3601 4070 3747 4122 enim
3802 4071 3954 4123 venit

2357 4168 2504 4218 triste
2535 4166 2802 4234 quidpiam
2834 4164 3201 4223 nuntiaturus,
3245 4169 3303 4213 ut
3333 4159 3627 4228 proﬂictas,
3660 4161 3907 4214 convicia
3935 4202 3949 4224 ,

2356 4261 2721 4312 arcusaliones
2749 4300 2762 4319 ,
2812 4255 3232 4325 increpationes;
3267 4254 3360 4308 sed
3392 4254 3666 4322 evangelia
3702 4263 3754 4306 et
3786 4269 3955 4306 erait-

2359 4351 2496 4419 gelia
2534 4351 2660 4412 Dei,
2709 4351 2982 4401 ltrmorum
3013 4355 3066 4400 et
3094 4344 3501 4399 immutabilium
3533 4345 3795 4397 bonorum
3827 4346 3950 4398 the-

2356 4459 2546 4497 sauros
2567 4441 2821 4495 inﬁnitos.
2848 4441 2901 4494 2.
2927 4440 3079 4505 Quod
3103 4445 3220 4492 ante
3247 4441 3546 4507 promiserat
3567 4454 3657 4506 per
3676 4439 3956 4507 prop/tetas

2359 4551 2474 4588 suos
2495 4536 2545 4587 in
2570 4534 2850 4604 Scripturis
2881 4537 3086 4586 sanctis.
3115 4532 3358 4585 Dominus
3386 4531 3527 4585 enim
3559 4530 3720 4593 dabit,
3753 4531 3953 4599 ittquit,

2356 4628 2557 4679 verbum
2603 4626 3060 4696 cvangelizantibns
3086 4627 3265 4679 virtute
3292 4626 3451 4676 multa
3495 4621 3668 4692 (Psal.
3701 4624 3791 4676 67.
3833 4623 3954 4686 t9);

2360 4732 2412 4772 et
2444 4737 2672 4783 rursum,
2707 4722 2872 4784 Quam
2893 4719 3104 4789 speciosi
3129 4718 3277 4787 pedes
3305 4716 3756 4788 euangelizandum
3775 4734 3959 4787 pacem

2361 4816 2508 4882 (lsai.
2541 4815 2627 4869 52.
2663 4815 2752 4884 ηε

2431 4910 2485 4962 2.
2523 4909 2710 4961 Video‘
2735 4909 2934 4960 diserte
2963 4903 3220 4973 evangelii
3252 4912 3306 4955 et
3333 4918 3527 4955 nomen
3567 4914 3619 4955 et
3647 4902 3874 4955 modum
3911 4906 3961 4954 in

2363 5001 2541 5056 Veteri
2571 5002 2918 5055 Testamento
2947 4993 3343 5066 positutn?Non
3367 4996 3508 5048 enim
3536 4994 3701 5047 verbo
3728 5004 3961 5055 tantum,

2364 5097 2552 5163 intpiit,
2585 5093 2713 5146 illud
2745 5091 3118 5160 praedicamus,
3143 5087 3236 5141 sed
3266 5089 3426 5140 etiam
3453 5086 3739 5153 operibus;
3776 5086 3819 5137 si
3845 5089 3958 5150 qui-

2363 5188 2481 5239 dem
2517 5201 2619 5238 non
2657 5186 2943 5236 lunnanuut
2973 5190 3122 5243 erat,
3166 5179 3259 5234 sed
3308 5179 3545 5231 divinum
3573 5218 3587 5239 ,
3621 5193 3884 5230 at'eauum
3915 5186 3970 5228 et

2364 5293 2574 5332 onittetu
2605 5289 2866 5345 superans
2900 5285 3160 5327 naturam.
3183 5272 3316 5339 Quia
3343 5287 3472 5323 vero
3503 5271 3751 5322 novitatis
3788 5272 3966 5336 ipsum

2365 5371 2688 5423 accusabant
2709 5409 2724 5433 ,
2771 5367 3005 5420 ostendit
3036 5365 3160 5418 illud
3193 5380 3312 5417 esse
3343 5363 3544 5417 Crtccis
3574 5364 3885 5430 antiquius.
3917 5370 3972 5415 et

2366 5480 2392 5515 a
2429 5462 2704 5531 prophetis
2734 5460 2876 5528 prius
2908 5455 3455 5526 descriptum-fuisse.
3490 5454 3640 5520 Quod
3676 5456 3718 5505 si
3756 5469 3866 5505 non
3903 5453 3970 5504 ab

2369 5559 2519 5609 initio
2549 5555 2715 5619 dedit,
2745 5557 2795 5607 in
2821 5544 2974 5605 causa
2998 5562 3121 5604 sunt
3143 5554 3230 5616 qui
3256 5549 3304 5602 id
3333 5550 3613 5602 uoluerunt
3638 5545 3964 5605 admittere:

2370 5670 2487 5702 nam
2537 5651 2623 5718 qui
2671 5650 2986 5706 \‘ulttCl'llltl,
3029 5644 3266 5696 audiere.
3311 5643 3565 5693 Abraham
3596 5651 3742 5707 pater
3773 5652 3956 5704 restcr,

2370 5748 2570 5814 inquit,
2621 5742 2916 5803 exsultavit,
2963 5749 3014 5790 ut
3059 5737 3242 5788 rideret
3283 5737 3415 5788 diem
3458 5751 3657 5795 meum;
3695 5748 3739 5786 et
3773 5737 3900 5787 vidit
3932 5747 3974 5785 et

2371 5841 2567 5907 natiuis
2600 5848 2668 5890 est
2714 5835 2889 5888 lJoan.
2926 5835 2976 5886 ε.
3167 5827 3444 5899 Quomodo
3477 5828 3632 5896 igitur
3657 5826 3730 5880 ull
3763 5847 3776 5879 :
3825 5821 3975 5877 .llulti
