4118 6340
225 459 327 516 ειη

226 573 483 645 proptrea:
510 580 559 627 et
578 570 716 641 justi
746 569 1010 624 voluerunt
1042 567 1235 628 videre,
1279 579 1394 634 qua:
1424 579 1510 616 vos
1538 560 1716 614 videtis
1736 598 1751 622 ,
1780 563 1827 610 et

224 685 321 721 non
353 667 587 719 riderent
623 663 840 734 (Matth.
876 663 958 717 15.
998 662 1134 732 '17)?
1165 659 1237 714 Ita
1267 655 1504 716 scilicet,
1537 655 1730 722 inquit,
1764 659 1821 704 ut

223 775 317 812 vos
369 757 564 811 videtis
612 765 668 810 et
715 754 932 818 auditis,
983 753 1152 822 ipsam
1197 763 1439 810 carnem,
1492 746 1602 814 ipsa
1647 743 1823 812 signa,

221 850 392 904 oeulis
455 859 728 919 percepta.
788 847 868 901 Tu
917 861 1046 898 vero
1095 844 1221 895 mihi
1270 840 1582 895 consideres
1630 836 1821 899 velim,

219 951 422 1012 quanto
469 951 628 995 antea
673 953 913 1009 tempore
957 938 1072 990 lucc
1121 936 1371 1006 praedicta
1423 935 1616 986 fuerint
1650 948 1662 982 :
1700 944 1820 982 nam

219 1050 338 1087 cum
379 1034 521 1088 licus
552 1047 745 1102 magna
776 1030 1020 1100 quaedam
1049 1039 1402 1098 apparaturus
1432 1036 1535 1089 est,
1567 1040 1628 1080 ea
1654 1021 1822 1076 multo

222 1140 345 1181 aute
391 1139 637 1195 tempore
678 1125 1032 1195 pnemuuiat,
1080 1138 1239 1177 aures
1285 1135 1592 1190 pratparaus
1634 1117 1697 1170 ad
1732 1116 1821 1170 illa

218 1220 560 1286 excipienda.
616 1217 676 1270 In
717 1217 1001 1286 Scripturis
1041 1218 1249 1268 sanctis.
1283 1213 1397 1266 Non
1444 1221 1646 1266 tautmu
1677 1209 1819 1261 cuitu

216 1311 472 1365 dicebant
511 1311 824 1380 prophetze,
867 1309 961 1363 sed
992 1307 1294 1360 scribebant
1327 1307 1490 1358 etiam
1525 1304 1611 1356 illa
1641 1345 1654 1366 ,
1697 1315 1818 1367 qua

216 1404 574 1473 loquebantur
603 1421 613 1454 :
645 1418 743 1457 nec
769 1402 1073 1455 scribebant
1099 1399 1297 1462 solum,
1324 1397 1417 1450 St'tl
1449 1412 1541 1466 per
1569 1410 1654 1448 res
1688 1393 1821 1463 ligu-

217 1498 440 1560 rahant;
488 1507 544 1550 ιιι
592 1511 714 1551 eum
756 1494 1024 1549 Abraham
1061 1495 1206 1548 Isaac
1231 1493 1488 1555 duceret,
1528 1501 1583 1546 ct
1610 1491 1822 1559 Moyses

213 1601 529 1657 serpentem
586 1589 891 1648 exsultat-et.
942 1601 1136 1640 manus
1191 1585 1509 1637 extenderet
1562 1583 1822 1636 adversus

215 1683 467 1744 Amalec,
511 1691 567 1736 et
614 1696 810 1750 agnum
841 1679 1144 1749 paschalem
1180 1678 1502 1730 immolaret.
1534 1675 1585 1729 3.
1615 1673 1690 1727 De
1713 1674 1820 1741 [ilio

210 1789 302 1826 suo
326 1815 340 1838 ,
367 1775 458 1843 qui
499 1786 650 1826 natus
681 1783 752 1826 est
779 1772 842 1825 de
870 1772 1059 1825 semine
1087 1769 1255 1824 David
1285 1769 1558 1824 secundum
1592 1784 1816 1820 carnem.

210 1867 348 1933 Qttid
381 1868 514 1922 facis
536 1911 551 1934 ,
586 1865 786 1921 Paule?
815 1876 1098 1936 postquam
1142 1865 1354 1918 animos
1396 1873 1610 1915 nostros
1643 1863 1692 1914 in
1722 1875 1816 1916 su-

211 1960 375 2015 blime
409 1960 705 2013 subvexisti
727 2001 742 2022 ,
787 1974 851 2012 ac
882 1974 1070 2027 magna
1104 1971 1406 2022 arcanaque
1451 1953 1816 2022 imaginationi

208 2057 492 2120 obtulisti,
535 2063 589 2109 ct
635 2054 969 2124 evangelium
1015 2052 1362 2112 tltetlttirasti,
1406 2065 1466 2101 ac
1521 2050 1610 2102 Dei
1657 2065 1817 2101 evzut-

210 2151 407 2218 grlium
437 2191 453 2215 ,
503 2151 592 2204 ubi
641 2150 766 2202 item
813 2149 1042 2202 chorum
1099 2145 1479 2215 prophetarum
1536 2143 1815 2206 imluxisti,

208 2245 508 2312 omnesque
567 2243 751 2295 multis
808 2249 933 2294 ante
984 2241 1139 2293 annis
1198 2239 1373 2291 l'utuia
1428 2239 1818 2305 pl'_:t'ltllltll:iSSt:

210 2337 497 2392 ostendisti
528 2352 820 2407 :quorsum
847 2352 1032 2389 rursus
1063 2353 1158 2386 nos
1188 2335 1413 2388 adducis
1435 2333 1496 2384 ad
1525 2332 1818 2384 lfavidem?

206 2431 273 2486 de
301 2447 566 2502 quonam,
596 2447 800 2500 ιιιιειιμυ,
833 2430 1050 2483 homine
1078 2429 1338 2498 loqueris,
1370 2427 1453 2480 cui
1485 2437 1686 2496 patrem
1722 2425 1817 2477 das

205 2525 358 2581 Jesse
388 2524 594 2579 ﬁlium?
635 2525 908 2595 quomodo
948 2533 1170 2592 poSsunt
1211 2523 1324 2576 lure
1353 2522 1512 2589 digna
1552 2535 1671 2574 esse
1717 2520 1813 2580 iis,

207 2635 326 2689 qua:
353 2619 499 2672 dicta
532 2616 690 2672 sunt?
719 2615 1021 2671 Admodum
1053 2629 1200 2671 certe
1227 2614 1386 2684 digna
1411 2633 1422 2667 :
1445 2631 1550 2667 non
1579 2615 1720 2666 enim
1750 2612 1816 2666 de

206 2730 358 2768 mero
382 2705 623 2778 homine,
667 2711 862 2778 inquit,
888 2725 1067 2765 sermo
1101 2711 1256 2762 nobis
1283 2718 1384 2762 est.
1417 2708 1646 2776 ldeeque
1685 2703 1815 2760 illud

205 2808 402 2876 adjeci,
436 2806 730 2861 Secundum
755 2821 998 2868 carnem,
1043 2804 1392 2858 subimlicans
1422 2802 1584 2857 etiam
1617 2815 1814 2855 secun-

206 2904 332 2956 dum
381 2901 642 2970 Spiritum
685 2899 1092 2968 generationem
1131 2899 1248 2966 ejus
1278 2913 1420 2952 esse.
1469 2897 1534 2950 Et
1564 2911 1661 2949 cur
1693 2895 1817 2949 hinc

191 2997 432 3066 intepit,
478 3003 534 3048 et
561 3009 666 3047 non
697 2993 892 3048 illiuca
922 2990 1369 3046 sublimiorilius?
1394 2990 1658 3057 Quoniam
1693 2988 1815 3041 hinc

203 3087 367 3141 etiam
395 3095 452 3140 et
479 3085 759 3141 Matthmus
789 3093 842 3140 ct
870 3085 1042 3138 Lucas
1067 3093 1121 3138 et
1142 3083 1369 3138 Marcus.
1400 3083 1532 3135 Nam
1562 3083 1608 3135 is
1632 3081 1721 3150 qui
1748 3080 1814 3134 ad

203 3181 402 3234 «mlum
425 3179 683 3234 ducturus
707 3188 812 3244 est,
846 3179 913 3233 ab
945 3176 1285 3232 inferioribus
1313 3178 1377 3232 ad
1405 3178 1682 3246 superiora
1717 3193 1814 3231 nev-

201 3274 445 3328 cessario
475 3273 659 3326 ducet.
694 3271 806 3326 lloc
832 3272 976 3326 enim
1009 3270 1199 3324 ordine
1240 3285 1326 3324 res
1372 3269 1660 3323 constituta
1691 3268 1810 3323 fuit.

201 3365 388 3420 Primo
416 3363 576 3433 igitur
603 3364 852 3418 viderunt
874 3363 1020 3416 illum
1047 3362 1316 3415 hominem
1344 3362 1393 3414 in
1422 3371 1584 3424 terra,
1614 3372 1666 3415 et
1690 3359 1816 3416 hinc

201 3458 593 3512 intellexerunt
619 3472 743 3512 esse
776 3457 966 3510 Deum.
1007 3456 1120 3524 Qua
1172 3456 1330 3524 igitur
1362 3455 1474 3524 ipse
1513 3455 1812 3508 doctrinam

200 3551 506 3618 impertiit,
555 3548 745 3604 cadent
789 3548 996 3602 ratione
1021 3547 1322 3610 discqatlus
1349 3549 1466 3613 ejus
1499 3548 1635 3600 viam
1666 3554 1814 3600 secat

199 3641 332 3696 illuc
358 3641 649 3694 ferentem.
681 3640 859 3693 Primo
890 3639 1050 3708 igitur
1078 3639 1483 3708 generationem
1516 3635 1812 3692 secundum

202 3747 427 3787 carnem
460 3741 760 3797 menmrat,
797 3746 902 3784 non
947 3731 1087 3800 quod
1130 3733 1300 3799 prima
1329 3734 1436 3795 sit,
1472 3731 1565 3786 sed
1595 3731 1716 3800 quia
1741 3729 1814 3783 ab

201 3825 303 3880 hac
329 3823 398 3878 ad
434 3825 578 3878 illam
613 3823 728 3877 vult
768 3823 1068 3878 auditorem
1101 3825 1321 3880 ducere.
1356 3826 1409 3879 4.
1444 3824 1546 3890 Qui
1571 3825 1814 3892 deﬁnitus

198 3928 269 3970 est
286 3913 456 3968 Filius
469 3916 568 3970 Dei
595 3917 651 3970 in
677 3917 860 3970 virtute
886 3928 932 3970 et
962 3917 1165 3985 Spiritu
1189 3919 1614 3986 sanctiﬁcationis
1638 3934 1701 3972 ea:
1729 3934 1810 3974 re.-

197 4009 516 4062 surrectioue
541 4018 856 4062 mortuorum
877 4008 908 4059 .l
917 4025 1002 4061 esu
1023 4008 1229 4063 Christi.
1252 4009 1327 4063 Ex
1355 4010 1639 4063 verborum
1662 4025 1812 4062 com-

198 4104 494 4170 plieationc
524 4104 816 4158 obscurqu
846 4113 930 4156 est
959 4103 1100 4172 quod
1144 4103 1307 4168 dicit,
1335 4113 1666 4173 quapropter
1695 4104 1808 4158 dis-

197 4199 512 4268 tinguamus
540 4205 772 4264 Oportet.
807 4196 946 4263 Quid
991 4196 1090 4250 sibi
1125 4197 1244 4250 vult.
1264 4212 1392 4267 ergo
1418 4215 1431 4249 :
1459 4197 1591 4251 Eum
1625 4198 1713 4266 qui
1743 4212 1810 4252 ex

197 4288 406 4342 Davide
430 4298 585 4342 natus
611 4297 694 4342 est
717 4278 1092 4357 priediesunus,
1120 4288 1310 4357 inquit,
1340 4288 1434 4344 sed
1464 4287 1566 4342 hoc
1591 4289 1808 4359 quidem

194 4392 447 4452 apertum
478 4392 582 4436 est.
613 4380 717 4436 Sed
746 4381 1201 4447 undcuam?Quia
1227 4382 1313 4436 hic
1337 4382 1641 4438 incarnatus
1656 4381 1820 4437 Filius

198 4477 292 4531 Dei
323 4487 429 4531 est.
462 4477 502 4530 Α
529 4476 807 4547 prophetis
843 4476 1072 4542 primum
1102 4475 1346 4540 discitur,
1375 4475 1494 4530 ideo
1524 4476 1631 4528 ait:
1658 4475 1807 4540 Quod

193 4581 309 4623 ante
338 4569 643 4639 promiserat
672 4585 763 4638 per
790 4569 1064 4638 prophetas
1086 4585 1203 4621 suos
1221 4571 1274 4627 in
1288 4567 1566 4637 Scripturis
1592 4568 1804 4623 sanctis.

194 4660 310 4714 Non
343 4677 507 4730 parva
531 4672 711 4715 autem
734 4659 1140 4716 demonstrandi
1166 4661 1301 4714 ratio
1321 4661 1434 4714 lucc
1449 4671 1550 4717 8st.
1579 4659 1802 4727 Deinde,

194 4770 256 4806 es
289 4753 458 4808 modo
489 4755 650 4807 etiam
696 4754 1097 4824 generationis;
1141 4753 1285 4822 quod
1326 4763 1379 4807 et
1411 4756 1524 4822 ipse
1569 4754 1803 4809 declarat

195 4847 276 4898 his
307 4847 514 4899 verbis:
535 4844 618 4898 Ex
637 4849 824 4902 semine
846 4845 1011 4898 David
1031 4847 1309 4900 secundum
1330 4864 1534 4900 carnem
1556 4864 1576 4902 :
1599 4859 1803 4904 uatnrre

193 4940 395 5006 quippe
427 4939 596 5006 legem
623 4939 802 4994 solvit.
827 4938 1009 4993 Tertio
1037 4955 1064 4991 a
1095 4940 1370 4993 miraculis
1398 4956 1516 5008 qtue
1546 4942 1796 5009 patravit,

193 5049 405 5101 magna:
457 5033 709 5100 pulctttltl‘.
760 5042 1134 5102 argumentum
1183 5035 1462 5102 pia-hens;
1516 5033 1617 5088 hoc
1657 5035 1801 5088 enim

193 5128 290 5180 sibi
345 5127 459 5180 vult
507 5125 660 5188 illud,
715 5125 781 5179 In
828 5128 1030 5180 virtute.
1063 5128 1291 5193 Quarto,
1341 5143 1367 5180 τι
1409 5128 1608 5196 Spiritu
1641 5145 1799 5198 quem

193 5219 343 5273 dedit
367 5219 714 5274 credentibus
740 5221 793 5273 in
818 5234 908 5277 se.
937 5230 994 5274 et
1037 5235 1130 5288 per
1157 5236 1314 5289 quem
1343 5235 1533 5275 omnes
1586 5231 1801 5277 sanctos

192 5314 404 5378 cllecit;
442 5315 560 5367 ideo
591 5313 704 5379 ait,
750 5312 1044 5366 Secundum
1083 5315 1319 5382 spiritum
1357 5315 1796 5382 sanctificationis.

197 5409 287 5462 Dei
319 5408 462 5461 enim
493 5408 660 5460 solius
688 5417 805 5462 erat
838 5406 960 5459 talia
991 5406 1131 5460 dona
1169 5408 1370 5477 largiri.
1403 5407 1622 5474 Quinto,
1657 5425 1683 5460 a
1716 5425 1801 5464 rc-

194 5500 528 5554 surrectioue
549 5500 778 5553 Domini.
807 5500 904 5554 llic
926 5500 1069 5554 enim
1095 5502 1298 5568 primus
1320 5510 1373 5555 et
1395 5504 1542 5556 solus
1564 5505 1798 5571 seipsuin

197 5612 222 5642 a
259 5590 485 5644 mortuis
515 5593 792 5646 excitavit.
817 5592 968 5660 Quod
993 5602 1047 5647 ct
1071 5593 1184 5660 ipse
1214 5593 1288 5646 ait
1317 5593 1529 5663 signum
1555 5595 1796 5650 omnium

199 5688 430 5740 maxime
454 5685 705 5739 idoneum
732 5701 853 5742 esse
874 5687 939 5739 ad
971 5686 1392 5757 impudentiores
1420 5689 1795 5742 conl'utaudos.

197 5777 327 5833 Nam
356 5781 428 5834 ait
452 5800 464 5832 :
493 5778 691 5834 Solvite
711 5780 955 5848 templum
984 5780 1097 5845 hoc,
1125 5791 1170 5833 et
1195 5780 1247 5833 in
1275 5781 1431 5833 tribus
1463 5781 1638 5834 diebus
1666 5785 1802 5835 exci-

199 5875 312 5925 tabo
354 5874 485 5928 illud
529 5872 712 5946 (Joan.
755 5873 810 5928 2.
856 5873 1215 5941 19);et,Cum
1255 5875 1599 5928 exultaveritis
1630 5892 1708 5928 me
1741 5878 1802 5930 de

204 5975 364 6031 terra,
411 5978 527 6021 tunc
553 5967 861 6039 cognoscetis
887 5968 1005 6037 quia
1033 5982 1123 6036 ego
1150 5983 1263 6021 sum
1294 5967 1344 6038 (J
1357 5984 1472 6021 oan.
1509 5968 1560 6023 8.
1587 5967 1712 6039 28);
1747 5980 1800 6024 et

1366 448 1433 506 IN
1474 449 1688 506 El’lST.
1729 451 1818 504 AD
1857 444 2024 504 llOM.
2059 440 2291 504 "011“...
2335 445 2374 497 1.

3435 442 3544 498 398

1937 570 2172 621 rursum,
2197 553 2468 610 Generatio
2513 557 2618 610 lucc
2650 561 2855 627 signum
2897 558 3095 627 quierit.
3131 567 3179 612 et
3211 559 3412 630 signant
3442 578 3545 613 non

1934 649 2141 704 dabitur
2192 652 2260 717 ei,
2307 651 2408 705 nisi
2447 653 2653 721 signum
2688 650 2846 705 Jama
2887 651 3098 723 (Jlatth.
3138 651 3224 708 19..
3257 655 3372 722 '59).
3401 653 3544 719 Quid

1931 742 2032 797 sibi
2064 741 2178 796 vult
2206 742 2335 797 illud
2358 786 2372 809 ,
2402 742 2694 798 deﬁnitus?
2725 740 3009 808 Ostensus,
3049 743 3373 808 declaratus,
3406 746 3548 800 indi-

1929 846 2102 901 catus,
2147 834 2450 901 confessus,
2493 837 2734 897 omnium
2776 836 2983 906 judicio
3009 837 3332 902 ct-calculo,
3361 853 3391 892 a
3421 853 3546 908 pro-

1933 926 2108 995 phetis
2132 969 2146 990 ,
2200 929 2267 982 ab
2323 930 2696 998 inexspectato
2735 940 2854 983 ortu
2898 931 3196 984 secundum
3228 947 3479 998 carnem,
3518 947 3547 985 a

1930 1023 2172 1093 potentia
2202 1024 2503 1094 signorum,
2533 1039 2560 1076 ιι
2589 1024 2812 1095 Spiritu.
2847 1041 2944 1095 per
2970 1041 3128 1092 quem
3159 1027 3551 1080 sanctiﬁcatio-

1930 1131 2053 1169 nem
2089 1116 2274 1180 dedit,
2307 1132 2339 1170 a
2371 1118 2772 1172 resurrectione
2794 1159 2809 1180 ,
2838 1133 2942 1187 qua
2973 1120 3168 1173 mortis
3200 1117 3542 1190 tyrannidem

1927 1209 2108 1262 solvit.
2139 1210 2194 1264 ὅ.
2225 1208 2330 1263 Per
2355 1226 2501 1271 quem
2528 1211 2821 1280 accepimus
2847 1213 3067 1281 gratiam
3111 1220 3160 1265 et
3194 1206 3546 1280 apostolatum

1927 1302 1979 1356 in
2028 1302 2367 1356 obedientiam
2415 1304 2555 1371 ﬁdei.
2601 1304 2736 1360 Vide
2773 1315 2984 1375 gratum
3034 1305 3216 1360 bimuli
3263 1305 3544 1368 animum;

1929 1395 2058 1448 nihil
2091 1410 2258 1449 suum
2281 1411 2403 1450 esse
2432 1397 2566 1459 vult,
2601 1397 2695 1452 sed
2727 1399 2906 1452 omnia
2939 1399 3168 1452 Dmnini.
3207 1399 3364 1469 Atqui
3400 1399 3544 1454 hunc

1927 1501 2143 1556 quoque
2187 1487 2448 1558 Spiritum
2494 1488 2671 1552 dedit;
2717 1489 2841 1544 ideo
2880 1489 3125 1546 dicebat:
3167 1489 3336 1544 Multa
3379 1490 3542 1544 habeo

1928 1579 2067 1632 vobis
2096 1579 2284 1641 dicere,
2314 1581 2402 1634 sed
2434 1598 2536 1634 non
2567 1581 2772 1650 potestis
2795 1595 3001 1650 portare
3021 1583 3192 1634 modo.
3219 1580 3347 1636 Cum
3370 1592 3540 1635 autem

1926 1674 2114 1726 venerit
2142 1673 2230 1726 ille
2260 1673 2486 1742 Spiritus
2517 1676 2762 1736 veritatis,
2798 1676 2947 1729 ducet
2978 1692 3063 1729 ros
3090 1677 3142 1729 in
3173 1693 3372 1730 omnem
3405 1678 3538 1731 reri-

1928 1775 2079 1817 ttttem
2106 1765 2288 1836 (Joan.
2321 1767 2407 1820 16.
2443 1766 2554 1836 12).
2584 1769 2646 1822 Et
2675 1784 2906 1833 rursum,
2946 1769 3227 1840 Segregale
3249 1770 3372 1823 mihi
3391 1769 3533 1823 Ρηιις

1925 1856 2032 1908 tum
2081 1867 2125 1908 et
2156 1855 2450 1910 Barnabam
2476 1859 2612 1926 (Act.
2645 1861 2731 1915 13.
2759 1861 2842 1931 2).
2886 1860 2953 1914 Et
2982 1860 3034 1914 in
3068 1861 3295 1930 cpistola
3324 1862 3392 1916 ad
3437 1862 3540 1916 (Io-
3593 1912 3603 1924 ,

1927 1950 2156 2004 rintltios
2196 1951 2269 2004 ait
2295 1971 2309 2008 :
2332 1953 2437 2006 Alii
2467 1971 2557 2022 per
2587 1955 2841 2020 Spiritum
2873 1957 3027 2009 datur
3051 1973 3215 2010 sermo
3247 1959 3535 2028 sapieiitiw,

1924 2043 2016 2096 alii
2045 2061 2210 2096 sermo
2237 2048 2465 2098 scientiir
2495 2047 2570 2114 (1.
2601 2047 2716 2099 (lor.
2749 2047 2836 2101 1‘2.
2872 2048 2953 2118 8).
2988 2049 3070 2113 Et,
3104 2047 3224 2118 Ipse
3254 2051 3427 2103 onmia
3452 2051 3536 2104 tli-

1925 2135 2050 2189 vidit
2089 2138 2220 2190 sicut
2255 2137 2358 2190 vult
2387 2139 2520 2207 (Aet.
2556 2138 2646 2193 ‘20.
2675 2138 2790 2208 28).
2832 2140 2896 2194 Et
2943 2140 3164 2195 Milesiis
3204 2143 3536 2198 conciouans

1921 2228 2082 2283 dicit:
2125 2229 2189 2282 In
2227 2247 2324 2300 quo
2362 2235 2530 2302 posuit
2575 2248 2662 2286 vos
2715 2235 2944 2304 Spiritus
2989 2245 3196 2290 sanctus
3233 2248 3462 2306 pastores
3488 2249 3539 2292 et

1921 2322 2204 2392 episcopos.
2239 2322 2428 2396 Viden
2453 2325 2727 2392 quomodo
2754 2342 2818 2381 ea
2847 2343 2967 2397 qua:
2983 2328 3217 2396 Spiritus
3237 2341 3384 2394 sunt,
3411 2330 3536 2386 Filii

1921 2428 2043 2468 esse
2073 2415 2244 2479 dicat;
2289 2425 2344 2470 ct
2384 2433 2504 2485 qua:
2552 2417 2673 2472 Filii
2715 2430 2862 2484 sunt,
2907 2419 3183 2489 Spiritus?
3217 2421 3452 2478 Gratiam
3486 2433 3537 2478 et

1921 2510 2306 2578 apostolatum;
2346 2510 2394 2564 id
2429 2521 2540 2575 est,
2587 2526 2692 2566 non
2725 2528 2825 2569 nos
2856 2513 2958 2568 hoc
2985 2513 3266 2571 eﬂecimus
3299 2525 3357 2571 ut
3379 2530 3534 2572 esse-

1922 2618 2042 2655 mus
2068 2603 2312 2671 apostoli.
2358 2603 2473 2658 Non
2501 2605 2644 2658 enim
2695 2605 2878 2661 labore
2908 2618 2962 2661 et
2988 2622 3151 2675 opera
3182 2617 3366 2664 nostra
3396 2609 3538 2665 hanc

1920 2695 2234 2764 dignitatem
2266 2698 2442 2752 sortiti
2475 2714 2694 2760 smnus;
2727 2700 2821 2752 sed
2854 2701 3084 2770 gratiam
3114 2703 3447 2773 accepimus,
3481 2713 3538 2759 ct

1919 2804 1986 2841 es
2013 2804 2250 2857 superno
2272 2789 2415 2843 dono
2439 2791 2540 2846 huc
2568 2807 2765 2863 munus
2788 2793 2972 2847 datum
3000 2794 3155 2850 nobis
3183 2804 3289 2851 est.
3323 2795 3388 2851 In
3413 2797 3538 2852 obe-

1919 2884 2163 2936 dientiam
2197 2886 2339 2952 [idet

1992 2979 2045 3032 5.
2078 2978 2194 3032 Non
2222 2995 2353 3049 ergo
2382 2981 2613 3049 apostoli
2661 2979 2777 3036 ha‘c
2803 2980 3113 3038 efﬁciebant
3133 3024 3147 3046 ,
3179 2983 3276 3038 sed
3318 2999 3533 3052 praeve-

1921 3073 2074 3126 niens
2122 3072 2241 3127 illos
2284 3074 2474 3142 gratia.
2528 3074 2745 3128 lllormr
2793 3077 2994 3145 quippe
3042 3085 3159 3130 erat
3206 3078 3437 3134 circuire
3481 3090 3538 3136 et

1920 3165 2606 3236 praedicare;persuadere
2635 3177 2816 3223 autem
2861 3171 2952 3226 Dei
2995 3183 3143 3235 erat,
3179 3172 3232 3226 in
3265 3172 3368 3226 illis
3399 3189 3533 3242 ope-

1920 3260 2112 3324 rantis,
2142 3271 2194 3312 ut
2219 3271 2275 3314 et
2300 3259 2669 3315 Lucas-dicit:
2699 3261 2910 3331 Aperuit
2935 3279 3022 3316 cor
3046 3263 3309 3332 ipsorum;
3339 3275 3393 3319 et
3418 3282 3537 3318 rur-

1919 3365 2060 3409 sum.
2079 3349 2271 3412 Quibus
2299 3353 2476 3405 datum
2501 3369 2606 3406 erat
2628 3355 2806 3408 audire
2831 3355 3034 3409 verbum
3057 3355 3172 3410 Dei.
3202 3356 3228 3410 Ι
3237 3375 3269 3411 η
3297 3358 3536 3412 obedien-

1917 3443 2062 3495 tiam.
2081 3440 2363 3505 Nondixit,
2384 3441 2440 3496 ln
2458 3445 2902 3514 perquisitionem
2919 3444 3023 3508 vel,
3045 3444 3102 3498 In
3115 3460 3492 3519 argumentum
3517 3471 3531 3514 ;

1909 3532 2101 3594 sed,ln
2117 3535 2503 3590 obedientiam.
2530 3535 2715 3607 Neque
2737 3539 2879 3592 enim
2909 3540 3056 3592 missi
3085 3557 3272 3596 sumus
3292 3585 3305 3608 ,
3339 3545 3530 3613 inquit,

1920 3636 1976 3681 ut
2020 3628 2364 3697 syllogismos
2405 3628 2729 3695 alleraiuus,
2781 3631 2875 3684 sed
2923 3640 2981 3684 ut
3031 3633 3175 3702 quod
3224 3638 3534 3704 accepimus

1919 3721 2228 3777 reddamus.
2263 3723 2398 3778 Cum
2441 3723 2586 3776 enim
2629 3725 2885 3780 Dominus
2931 3727 3132 3797 aliquid
3179 3731 3530 3797 pronuntiat,

1922 3830 2030 3869 non
2073 3815 2271 3869 debent
2309 3815 2588 3870 auditores
2616 3817 2832 3872 curiose
2870 3821 3098 3872 scrutari
3123 3820 3206 3874 vel
3237 3820 3532 3892 indagare,

1915 3908 2009 3963 sed
2039 3910 2216 3963 solum
2241 3909 2511 3977 accipere.
2534 3908 2668 3964 Nam
2690 3910 2924 3974 apostoli
2957 3911 3080 3966 ideo
3106 3914 3256 3966 missi
3287 3924 3442 3979 sunt,
3474 3925 3535 3970 ut

1915 4022 2034 4070 qua:
2063 4005 2356 4058 audierunt
2381 4004 2582 4068 dicant,
2617 4022 2722 4059 nou
2757 4016 2814 4060 ut
2843 4007 3046 4077 aliquid
3078 4010 3146 4063 de
3169 4025 3266 4063 suo
3289 4010 3485 4066 addant
3513 4028 3530 4068 :

1914 4107 1970 4150 et
2006 4111 2104 4150 nos
2147 4099 2320 4150 solum
2355 4108 2411 4150 ut
2441 4098 2746 4154 credamus.
2784 4099 2920 4167 Quid
2953 4101 3281 4156 credamus?
3321 4101 3401 4155 De
3431 4121 3524 4157 no»

1915 4191 2048 4244 mine
2071 4194 2183 4261 ejus
2210 4191 2348 4263 (Act.
2375 4194 2426 4245 5.
2453 4192 2535 4260 ϐ),
2559 4210 2662 4246 non
2689 4194 2830 4247 utde
2853 4196 3151 4250 substantia
3177 4198 3292 4266 ejus
3315 4199 3531 4254 curiose

1911 4286 2320 4355 perquiramus,
2372 4287 2465 4338 sed
2513 4287 2563 4339 in
2614 4303 2807 4340 nomen
2855 4288 2975 4356 eius
3020 4289 3348 4344 credamus:
3401 4291 3529 4345 illud

1913 4379 2056 4433 enim
2089 4380 2235 4448 signa
2266 4379 2496 4434 faciebat
2529 4399 2540 4433 :
2577 4381 2707 4434 Nam
2734 4382 2828 4442 ait.
2862 4381 2926 4434 In
2957 4384 3162 4436 nomine
3189 4383 3316 4437 Jesu
3340 4384 3530 4439 Christi

1910 4482 2134 4540 surgeet
2165 4471 2373 4524 ambula
2414 4471 2598 4541 (Rom.
2633 4473 2719 4527 15.
2763 4473 2884 4542 19).
2922 4474 2988 4527 Et
3019 4476 3068 4528 in
3113 4476 3214 4529 hoc
3248 4477 3350 4530 title
3390 4494 3529 4546 opus

1911 4578 1988 4620 est
2011 4608 2024 4630 ,
2074 4567 2312 4636 nihilque
2353 4582 2540 4621 eorum
2575 4569 2856 4621 ratiocinio
2885 4584 3084 4638 capere
3116 4585 3423 4638 possumus.
3460 4569 3527 4625 In

1909 4658 2141 4710 omnibus
2161 4657 2421 4722 Gentibus,
2437 4660 2488 4711 iu
2502 4659 2680 4728 quibus
2694 4661 2810 4713 estis
2823 4671 2869 4714 et
2883 4678 2970 4714 ros
2989 4663 3153 4714 vocati
3169 4660 3205 4715 Ι
3209 4680 3296 4715 esu
3314 4662 3524 4716 Christi.

1909 4749 2046 4816 Quid
2074 4751 2244 4820 ergo?
2275 4752 2353 4802 Au
2384 4751 2637 4804 omnibus
2662 4749 2927 4806 Gentibus
2951 4753 3263 4821 praztlit'avit
3293 4755 3524 4808 Paulus?

1907 4842 2062 4910 Quod
2093 4844 2236 4897 enim
2262 4843 2332 4896 ab
2360 4843 2716 4915 JeroSolymis
2745 4845 2812 4899 ad
2840 4846 3109 4916 Illyricum
3136 4851 3525 4916 peragraverit,

1909 4935 2140 5004 indeque
2170 4951 2381 4989 rursmn
2422 4936 2488 4990 ad
2519 4947 2762 4993 extrema
2796 4947 2956 4992 terra:
2983 4941 3308 5008 pervaserit,
3346 4942 3523 5009 palam

1906 5037 2073 5082 estex
2103 5023 2166 5081 iis
2197 5045 2317 5099 qute
2341 5030 2600 5084 Romanis
2625 5031 2860 5099 scripsit.
2897 5032 3006 5085 Etsi
3031 5048 3160 5086 vero
3183 5049 3288 5086 nou
3316 5034 3380 5088 ad
3407 5051 3528 5088 om-

1907 5138 2006 5178 nes
2031 5125 2374 5190 pervenerit,
2409 5140 2474 5178 ne
2511 5126 2588 5178 sic
2614 5125 2828 5194 quidem
2860 5124 3053 5179 falsum
3085 5135 3169 5180 est
3196 5127 3338 5196 quod
3368 5128 3520 5182 dicit.

1905 5217 2021 5271 Non
2050 5218 2192 5271 enim
2231 5217 2381 5271 dese
2411 5226 2616 5272 tantum
2660 5219 2928 5288 loquitur;
2967 5220 3060 5276 sed
3093 5222 3256 5274 etiam
3295 5221 3362 5275 de
3389 5222 3526 5274 duo-

1904 5311 2082 5366 decim
2128 5311 2421 5380 apostolis,
2462 5323 2516 5364 et
2559 5312 2628 5367 de
2667 5313 2730 5364 iis
2761 5313 2851 5381 qui
2883 5329 3004 5366 cum
3038 5313 3140 5368 illis
3169 5313 3392 5366 verbum
3424 5329 3524 5367 an-

1905 5407 2307 5459 nuntiaverunt.
2347 5405 2598 5475 Alioquin
2640 5415 2820 5459 autem
2868 5407 3079 5460 etiamsi
3129 5406 3198 5460 de
3249 5407 3418 5461 Paulo
3468 5409 3520 5463 id

1900 5497 2310 5568 intelligendum
2334 5513 2548 5568 arguas,
2569 5515 2672 5552 non
2697 5509 2885 5553 contra
2907 5499 3088 5553 dit-ere
3121 5502 3315 5569 possis,
3342 5503 3385 5555 si
3413 5501 3518 5554 fer-

1908 5608 2091 5647 vorem
2114 5591 2230 5660 ejus
2251 5591 2604 5656 consideres;
2637 5601 2685 5645 et
2716 5592 2858 5661 quod
2891 5609 2956 5644 ne
2986 5602 3107 5660 post
3133 5601 3363 5646 mortem
3394 5599 3516 5660 qui-

1904 5686 2026 5740 dem
2075 5694 2252 5738 cesset
2311 5684 2505 5752 ubique
2554 5693 2817 5737 terrarum
2867 5685 3182 5753 pra-dicare.
3231 5685 3517 5755 Perpende

1902 5777 2175 5850 quomodo
2207 5777 2426 5831 extollat
2458 5777 2683 5843 donum,
2717 5778 3074 5849 ostendatque
3107 5795 3358 5849 magnum
3387 5780 3515 5837 illud

1903 5887 2023 5926 esse
2063 5880 2118 5925 et
2158 5870 2320 5941 priori
2363 5871 2650 5924 sublimius
2704 5889 2714 5923 :
2765 5881 2946 5927 vetera
2987 5871 3253 5942 siquidem
3301 5883 3517 5943 gentem

1904 5981 2062 6020 unum
2090 5966 2440 6037 sirenabaut;
2467 5965 2567 6020 hoc
2595 5973 2771 6019 autem
2803 5965 3004 6022 donum
3046 5975 3245 6022 terram
3275 5978 3326 6022 et
3369 5985 3518 6025 mars
