4118 6340
604 455 705 511 399

609 570 846 633 attraxit.
880 567 989 627 [loc
1020 568 1143 629 item
1178 566 1309 619 mihi
1342 566 1648 619 consideres
1700 564 1855 617 velim
1884 605 1897 625 ,
1926 562 2193 629 quomodo

607 663 757 725 Pauli
801 666 975 715 anima
1027 661 1170 717 ontui
1217 674 1409 727 expers
1449 659 1519 711 sit
1560 657 1881 709 adulatione.
1926 656 2195 707 Romanos

610 758 751 811 enim
795 755 945 825 quasi
998 754 1047 806 in
1092 754 1289 807 vertice
1336 750 1497 804 totius
1530 748 1675 804 orbis
1702 748 2021 801 constitutos
2060 746 2162 797 allo

616 864 819 918 quens,
873 848 1001 901 nihil
1057 847 1282 915 amplius
1330 845 1438 901 illis
1471 844 1750 906 concedit,
1798 857 1955 909 quam
1985 842 2193 892 metet-is

610 940 889 1007 gentibus;
921 955 1092 1007 neque
1118 938 1323 991 etiamsi
1352 936 1559 991 caeteris
1586 934 1888 1003 imperarint
1918 948 1979 984 ac
2009 946 2193 997 regna-

624 1030 751 1097 rint,
782 1033 830 1085 in
857 1032 1218 1101 spirituatibus
1239 1030 1356 1097 plus
1379 1028 1573 1082 habere
1596 1027 1754 1090 dicit;
1779 1023 1873 1079 sed
1902 1024 2039 1075 sicut
2070 1038 2196 1087 gen-

614 1125 753 1178 tihus
782 1124 1049 1181 omnibus,
1082 1122 1272 1190 inquit,
1306 1120 1676 1188 prwdicamus.
1712 1117 1779 1168 ita
1810 1126 1864 1169 et
1895 1114 2042 1167 vobis
2074 1129 2193 1169 Cum

614 1215 831 1283 Scythis
862 1223 913 1265 rt
951 1212 1249 1267 Thracibus
1282 1212 1424 1280 ipsos
1453 1221 1774 1263 enumerans
1810 1224 1823 1256 :
1862 1204 2193 1281 quandoqui-

614 1309 736 1362 dem
752 1309 848 1363 nisi
868 1308 966 1359 hoc
980 1307 1276 1375 signiﬁcare
1296 1305 1565 1368 voluisset,
1582 1314 2032 1372 supervacaneum
2053 1307 2199 1351 esset

614 1403 832 1464 dixisse,
863 1398 923 1452 In
948 1400 1125 1468 quibus
1152 1400 1265 1452 estis
1286 1408 1331 1451 et
1352 1414 1458 1452 vos.
1482 1397 1603 1449 lla-.c
1621 1405 1794 1449 autem
1818 1395 1960 1458 facit,
1987 1393 2193 1445 illorum

615 1492 806 1557 [ustum
821 1503 873 1545 et
890 1492 1191 1561 superbiam
1210 1492 1533 1558 deprimens,
1556 1490 1801 1557 ipsosque
1821 1487 2028 1538 rmteris
2046 1500 2196 1551 pares

612 1603 731 1641 esse
755 1581 974 1639 docens.
1005 1585 1335 1651 Quapropter
1359 1582 1474 1635 lucc.
1501 1581 1770 1649 subiungit
1804 1597 1814 1631 :
1845 1579 1898 1632 6.
1934 1577 1997 1629 In
2021 1579 2196 1644 quibus

614 1678 732 1732 estis
774 1685 820 1737 et
859 1691 945 1731 ros
991 1677 1152 1731 vocati
1179 1677 1301 1730 Jesu
1349 1673 1570 1731 Christi;
1604 1671 1650 1725 id
1681 1682 1762 1725 est
1792 1714 1803 1732 ,
1853 1686 1972 1724 eum
2005 1669 2196 1738 quilms

616 1770 744 1822 estis
771 1779 823 1821 et
862 1780 974 1821 vos.
1022 1768 1083 1820 Et
1117 1784 1219 1821 non
1266 1765 1429 1823 dixit.
1464 1764 1562 1819 Alii
1589 1763 1899 1821 vobiscum;
1931 1761 2056 1819 sed.
2094 1758 2199 1812 Vos

618 1878 733 1916 t-um
780 1862 919 1913 aliis.
963 1860 1018 1918 Si
1062 1860 1202 1911 enim
1248 1858 1298 1909 in
1327 1854 1539 1909 Christo
1582 1855 1708 1908 Jesu
1745 1870 1847 1906 non
1891 1863 1972 1906 est
2013 1866 2200 1905 servus

616 1968 783 2021 neque
816 1952 967 2016 liber,
1003 1952 1170 2003 multo
1202 1950 1369 2017 magis
1398 1964 1567 2018 neque
1599 1964 1688 2001 rex
1721 1963 1889 2017 neque
1918 1947 2152 2017 privatus
2182 1961 2194 1994 :

614 2048 810 2100 etenim
842 2056 895 2097 et
941 2060 1035 2096 vos
1063 2044 1233 2097 vocati
1260 2042 1390 2095 estis
1416 2083 1428 2105 ,
1460 2056 1633 2109 neque
1662 2051 1853 2108 Sponte
1890 2048 2063 2092 vestra
2106 2052 2196 2091 ac.-
2270 2060 2271 2063 η

614 2139 873 2194 cessistis.
919 2137 970 2189 7.
1020 2135 1278 2197 Omnibus,
1313 2137 1398 2200 qui
1449 2145 1563 2186 sunt
1616 2131 1816 2195 Ιέοηιιε,
1866 2133 2056 2184 dilectis
2109 2129 2203 2187 Dei

616 2231 803 2287 vocatis
826 2229 1031 2292 sanctis,
1059 2228 1222 2297 gratia
1251 2226 1386 2278 vobis
1408 2236 1452 2277 et
1475 2242 1575 2293 pars
1602 2241 1631 2275 α
1652 2223 1759 2276 Deo
1796 2223 1947 2275 Putre
1967 2231 2201 2275 nostraet

622 2323 841 2383 Domino
865 2320 991 2379 Jesu
1021 2321 1242 2374 Christo.
1281 2319 1408 2373 Vide
1454 2333 1613 2387 quam
1657 2318 1963 2385 frequenter
2005 2330 2200 2373 nomen

613 2416 772 2469 vocati
798 2423 1049 2481 usurpet,
1093 2411 1311 2465 Vocatus
1342 2408 1604 2479 apostolus
1624 2450 1637 2472 ,
1667 2408 1890 2471 dicens;
1919 2406 1985 2459 In
2025 2407 2203 2477 quibus

618 2510 736 2564 estis
765 2519 810 2561 et
846 2524 930 2562 vos
978 2506 1178 2570 vocati;
1224 2504 1469 2558 Omnibus
1499 2502 1584 2572 qui
1614 2510 1731 2555 sunt
1774 2501 1949 2561 [lamis
1993 2500 2199 2551 vocatis.

616 2600 751 2658 Illud
782 2607 960 2652 autem
994 2613 1098 2649 non
1130 2596 1399 2664 superﬂue
1422 2603 1671 2662 repetens
1702 2590 1865 2654 facit,
1895 2592 1987 2643 sed
2018 2600 2072 2642 ut
2100 2590 2202 2643 illis

616 2691 931 2745 beneﬁcium
963 2690 1013 2755 in
1050 2688 1362 2743 memoriam
1396 2696 1634 2740 revocet.
1666 2685 1799 2751 Quia
1844 2686 1987 2744 enim
2020 2684 2206 2736 γει-ἰδίη

615 2786 742 2841 mile
765 2794 914 2844 erat,
943 2783 1080 2853 inter
1109 2780 1390 2835 credentes
1416 2794 1485 2832 ex
1520 2776 1793 2848 praefectis
1814 2788 1865 2831 et
1900 2776 2203 2837 consulari-

619 2877 717 2929 bus
741 2874 999 2941 quosdam
1030 2872 1190 2931 fuisse
1211 2912 1225 2936 ,
1275 2866 1508 2940 itemque
1561 2883 1820 2937 pauperes
1844 2874 1896 2920 et
1931 2867 2163 2935 privatos
2187 2906 2201 2929 ,

618 2970 934 3037 dignitatum
962 2966 1375 3035 ina-qualitatem
1403 2964 1613 3027 tollens,
1637 2962 1882 3014 oumibus
1906 2975 2061 3015 unam
2086 2960 2209 3012 mit-

619 3062 683 3115 tit
707 3060 1189 3131 eOmpellatiouem.
1214 3057 1269 3111 Si
1294 3072 1419 3112 vero
1440 3057 1491 3109 in
1512 3057 1670 3110 rebus
1697 3055 1862 3125 magis
1887 3054 2207 3113 necessariis

619 3166 673 3210 et
724 3153 1093 3223 spiritualibus
1139 3150 1441 3208 communia
1489 3150 1668 3211 omnia
1713 3148 1887 3201 servis
1926 3157 1979 3205 et
2024 3147 2207 3201 liberis

623 3256 897 3322 prostant;
928 3256 985 3298 ut
1020 3246 1213 3298 caritas
1245 3243 1367 3307 Dei,
1399 3242 1605 3295 vocatio
1625 3283 1641 3307 ,
1668 3240 2025 3310 evangelium,
2080 3238 2209 3293 ado-

629 3338 769 3409 ptio,
802 3336 967 3407 gratia
989 3377 1003 3400 ,
1035 3349 1153 3404 pax.
1204 3332 1589 3397 sanctilkatio,
1632 3341 1933 3400 cmteraque
1962 3332 2139 3387 tunnia
2193 3349 2206 3384 :

645 3429 895 3499 piommlo
927 3443 1029 3481 nou
1076 3439 1336 3479 extrema:
1374 3425 1660 3479 dementia:
1688 3422 1847 3478 fuerit
1871 3464 1884 3485 ,
1917 3438 2045 3487 eos,
2075 3438 2211 3490 quos

630 3524 769 3576 lletts
795 3519 1073 3587 conjunxit
1095 3527 1146 3573 et
1178 3519 1226 3571 iu
1254 3517 1544 3585 majoribus
1571 3531 1725 3585 pares
1754 3515 1901 3582 fecit,
1928 3531 1954 3568 a
1986 3516 2211 3569 terrenis

628 3612 854 3681 negotiis
882 3609 1251 3679 distinguere?
1280 3608 1510 3677 ideoque
1532 3608 1598 3660 ab
1625 3609 1847 3669 exordio
1876 3609 1961 3661 hic
1984 3608 2062 3661 vir
2087 3609 2211 3661 bea-

628 3716 715 3763 tus
753 3720 966 3774 gravem
996 3702 1137 3757 hunc
1173 3702 1447 3775 depellens
1477 3703 1745 3770 morbum,
1776 3703 1825 3759 iu
1863 3712 2087 3756 matrem
2119 3703 2209 3755 bo-

627 3812 815 3856 ttormn
839 3796 1074 3851 omnimu
1098 3794 1448 3855 humilitatem
1476 3796 1618 3863 ipsos
1640 3794 1856 3854 inducit.
1889 3795 1998 3849 lloc
2029 3783 2214 3849 servos

629 3889 876 3943 meliores
904 3886 1199 3951 efficiebat,
1230 3887 1369 3957 quod
1408 3888 1711 3947 ediscerent
1741 3889 1871 3942 nihil
1903 3889 2003 3942 sibi
2032 3889 2213 3943 daiuni

630 3999 699 4042 ex
731 3984 988 4039 servitute
1014 3982 1150 4046 fore,
1184 3999 1301 4037 cum
1320 4000 1442 4037 vera
1468 3983 1713 4037 libertate
1742 3984 2043 4039 fruerentur
2074 4002 2088 4049 ς
2117 3989 2215 4039 hoc

633 4078 793 4129 etiam
832 4076 1079 4129 dominos
1111 4076 1421 4130 instituebat
1443 4118 1458 4140 ,
1496 4092 1616 4129 cum
1645 4076 2000 4131 edocerentur
2024 4120 2039 4143 ,
2084 4079 2215 4138 nihil

630 4171 733 4226 sibi
778 4169 1123 4230 emolumenti
1171 4185 1200 4224 a
1254 4169 1499 4224 libertate
1544 4167 1707 4238 ferri,
1761 4171 1858 4223 nisi
1901 4187 2021 4239 quae
2054 4171 2211 4227 ﬁdem

630 4267 941 4329 spectabant
964 4260 1351 4331 prim-ederent.
1380 4262 1555 4330 Atque
1585 4271 1640 4313 ut
1669 4261 1841 4316 discas
1870 4262 2088 4319 Paulum
2114 4264 2215 4318 hoc

635 4351 917 4408 iacientem
948 4394 961 4414 ,
1009 4369 1112 4406 non
1142 4353 1512 4409 confusionem
1559 4352 1814 4412 inducere
1842 4394 1857 4419 ,
1888 4370 1991 4414 nec
2032 4357 2212 4412 omnia

638 4450 899 4511 miseere,
949 4448 1040 4501 sed
1068 4447 1322 4516 optimam
1364 4446 1757 4501 distinctionem
1804 4449 2057 4513 novisse,
2112 4466 2217 4509 non

634 4539 953 4607 simpliciter
1002 4540 1253 4607 scripsit,
1287 4539 1547 4596 munibus
1579 4541 1663 4607 qui
1693 4539 1877 4597 Roma:
1920 4544 2081 4609 estis,
2124 4545 2217 4602 sed

636 4647 755 4683 cem
782 4632 1125 4688 distinctione
1149 4673 1163 4694 ,
1194 4630 1402 4689 Diiedis
1431 4631 1543 4685 Dei.
1580 4632 1701 4686 llzec
1733 4632 1874 4686 enim
1909 4634 2106 4703 optima
2137 4645 2219 4691 est

636 4721 934 4787 distinctio,
963 4722 1303 4790 ostenditque
1331 4723 1470 4777 unde
1502 4723 1571 4777 sit
1596 4723 1967 4781 sanctiﬁcatio.

703 4812 756 4877 4.
810 4813 1162 4882 Sancti/icatio
1206 4832 1238 4866 a
1290 4816 1516 4869 caritate.
1571 4814 1807 4884 Dignitus
1850 4833 1963 4884 qua:
2006 4820 2220 4887 pecunia

637 4910 887 4971 scnditur,
909 4926 1008 4961 non
1038 4911 1241 4978 proprie
1266 4910 1507 4977 dignitas.
1533 4939 1601 4949 —
1624 4908 1779 4965 Unde
1812 4926 1939 4981 ergo
1967 4923 2048 4967 est
2092 4928 2217 4973 sau-

639 5000 924 5057 t-tiﬁcaiio?
951 5003 989 5051 A
1024 5001 1329 5055 dilectione.
1362 5000 1494 5055 Cum
1524 5001 1748 5058 dixisset
1775 5004 1940 5067 enim,
1982 5004 2215 5071 Ditectis,

640 5098 763 5149 time
791 5088 1025 5154 addidit,
1073 5091 1270 5144 Vocatis
1312 5093 1533 5155 sanctis,
1565 5094 1855 5150 ostendens
1881 5096 2022 5152 hunc
2065 5101 2219 5155 nobis

636 5195 757 5234 esse
786 5179 985 5234 fontem
1014 5182 1271 5235 bonorum
1300 5184 1540 5239 umidum
1572 5203 1583 5239 :
1609 5198 1825 5242 sanctos
1853 5200 2032 5244 autem
2064 5203 2219 5247 vocat

636 5272 821 5328 ﬁdeles
848 5290 1054 5330 omnes.
1088 5272 1265 5328 Gratia
1289 5276 1425 5330 vobis
1450 5286 1494 5330 et
1520 5295 1640 5347 pax.
1672 5280 1717 5330 t)
1742 5282 2114 5340 salutationem
2140 5286 2219 5340 in-

638 5384 854 5425 numera
887 5369 1023 5435 bona
1052 5369 1397 5426 efferentem!
1431 5371 1541 5427 Hoc
1567 5372 1813 5429 Christus
1850 5380 2122 5447 apostolos
2163 5382 2217 5436 in

637 5460 823 5518 domos
869 5463 1128 5518 intrantes
1166 5464 1339 5533 primo
1378 5469 1723 5533 pronuntiare
1752 5470 1976 5525 verbum
2016 5473 2167 5543 jubet
2200 5492 2213 5528 :

640 5550 863 5621 idiroque
905 5555 1099 5611 Paulos
1125 5557 1201 5610 sic
1247 5557 1442 5626 ubique
1469 5560 1680 5617 orditur
1704 5604 1719 5623 .
1766 5578 1793 5619 a
1825 5564 1991 5635 gratia
2026 5581 2217 5636 nempe

636 5652 694 5707 et
721 5658 871 5713 pace.
898 5644 1077 5717 liii-que
1102 5649 1245 5702 enim
1278 5648 1520 5705 Christus
1549 5654 1814 5709 modicum
1850 5658 2069 5725 perfecit
2099 5659 2215 5714 bel-

640 5734 771 5805 luat.
805 5737 897 5797 sed
928 5742 1149 5807 varium,
1179 5742 1545 5799 omnimodum
1586 5756 1634 5800 et
1668 5747 2011 5818 diuturnum;
2057 5751 2215 5823 idque

1276 452 1330 510 S.
1373 450 1646 507 “Mhlle
1685 449 2154 506 (IllliYSOSTOMI
2196 450 2511 508 Al'iClllEP.
2553 455 3085 515 CUNSTANTINOP.

3792 455 3898 514 400

2300 581 2404 617 noti
2424 584 2485 619 ex
2514 569 2781 623 laboribus
2814 572 3030 635 nostris,
3054 574 3146 624 sed
3176 588 3267 640 per
3291 575 3515 641 gratiam
3548 586 3724 625 suam.
3752 570 3899 637 Quo-

2300 662 2438 711 niam
2472 661 2629 728 igitur
2655 663 2871 716 dilectio
2893 664 3139 732 gratiam,
3165 665 3332 733 gratia
3365 680 3545 731 pacem
3576 664 3723 717 dedit
3756 678 3767 713 :
3797 662 3897 716 hac

2297 755 2631 806 Salutattunis
2662 754 2827 806 {urina
2855 758 3078 826 prolata.
3106 767 3354 824 precatur
3388 774 3604 811 manere
3634 765 3895 826 perpetua

2298 858 2344 898 ct
2383 848 2634 912 immota,
2673 865 2737 903 ne
2771 865 2953 908 rursus
2985 852 3122 902 aliud
3156 852 3415 907 excitetur
3449 852 3643 903 bellum
3666 893 3679 911 ,
3712 860 3767 902 et
3798 852 3895 901 da-

2300 951 2469 997 torem
2503 954 2648 1009 rogat
2673 985 2687 1007 ,
2722 961 2781 996 ea
2814 946 2963 996 ﬁrma
2993 956 3293 1006 conservet,
3326 944 3407 1005 llis
3438 962 3517 997 vet
3537 946 3615 996 bis
3651 960 3662 994 :
3714 942 3899 994 Gratia

2300 1035 2434 1088 vobis
2479 1045 2523 1087 et
2588 1051 2693 1099 piat
2735 1054 2764 1087 η
2822 1035 2927 1088 Deo
2973 1036 3125 1091 Patre
3168 1048 3373 1100 nostra,
3422 1049 3467 1089 et
3515 1035 3735 1087 Domino
3772 1033 3899 1088 Jcsu

2301 1128 2517 1196 Christo.
2554 1128 2691 1180 Ecce
2725 1129 2824 1181 hoc
2858 1131 2974 1181 ineo
3008 1130 3167 1192 illud,
3200 1147 3260 1191 a,
3291 1146 3574 1181 couimune
3622 1137 3706 1179 est
3754 1126 3898 1179 Patri

2300 1228 2354 1277 et
2402 1219 2569 1283 Filio;
2614 1222 2752 1288 quod
2804 1221 3022 1287 perinde
3069 1233 3147 1273 est
3197 1236 3258 1274 ac
3299 1223 3341 1274 si
3384 1222 3623 1284 dit-cret,
3656 1220 3736 1279 Ex
3769 1236 3895 1285 quo.

2300 1313 2481 1380 Neque
2512 1314 2653 1366 enim
2686 1314 2848 1375 dixit,
2882 1311 3059 1367 Gratia
3096 1313 3244 1365 vobis
3284 1322 3337 1370 et
3374 1330 3470 1379 pax
3519 1330 3547 1361 a
3600 1315 3707 1365 lteo
3744 1312 3900 1365 [’atrc

2304 1423 2397 1474 per
2428 1408 2708 1464 Dominum
2739 1422 2978 1465 noszrum
3007 1406 3188 1461 Jesum
3217 1406 3527 1469 Christum;
3559 1406 3651 1461 sed
3672 1448 3686 1467 ,
3718 1407 3760 1461 Α
3798 1405 3899 1457 ΙΙευ

2305 1497 2461 1551 Putre
2492 1512 2536 1551 et
2573 1498 2790 1550 Domino
2821 1512 2991 1569 nostro
3022 1500 3145 1553 Jestt
3174 1499 3394 1552 Christo.
3429 1500 3584 1568 Papa:
3633 1510 3896 1567 quantum

2302 1608 2329 1665 μ
2359 1594 2471 1645 .tnit
2505 1594 2595 1645 ltei
2626 1595 2871 1648 dilectio!
2927 1596 3125 1647 Inimici
3152 1605 3209 1647 et
3241 1596 3451 1661 reprobi
3481 1604 3703 1661 repente
3730 1592 3898 1645 sam-ii

2303 1692 2356 1736 et
2384 1684 2476 1736 lilii
2511 1695 2635 1736 sunt
2670 1686 2682 1714 ¹
2718 1684 2913 1741 elfeeti.
2947 1686 3080 1739 Cum
3110 1687 3252 1739 enim
3292 1684 3501 1743 Patrem
3535 1694 3726 1748 vocat,
3764 1685 3903 1737 ﬁlios

2304 1775 2496 1828 iudicat
2525 1818 2536 1839 ,
2565 1792 2681 1830 cum
2718 1777 2850 1829 filios
2875 1778 3021 1839 dicit.
3055 1794 3266 1835 omnem
3292 1779 3550 1831 Impurum
3585 1779 3900 1831 thesaurum

2303 1869 2525 1925 revelat.
2580 1868 2999 1925 Perseveremus
3058 1870 3199 1926 bono
3247 1881 3394 1927 t:mto
3449 1872 3663 1941 dignam
3735 1872 3901 1923 vitam

2300 1958 2635 2023 exhibentes,
2662 1969 2715 2013 et
2745 1976 2926 2028 pacem
2960 1963 3409 2033 sanctitatemque
3442 1974 3750 2017 servantes.
3779 1962 3901 2015 Ca:-

2304 2061 2432 2107 teraa
2478 2054 2672 2123 quippe
2721 2054 3009 2122 dignitates
3058 2065 3420 2121 temporaque
3470 2068 3625 2119 siml,
3668 2071 3733 2110 ac
3780 2072 3903 2111 cutu

2305 2146 2553 2215 praesenti
2589 2149 2694 2198 vita
2722 2150 2972 2208 avolant;
3021 2150 3243 2216 pecunia
3290 2167 3499 2218 quaque
3544 2150 3853 2204 vcnduutur
3888 2169 3901 2203 :

2304 2240 2445 2295 unde
2479 2254 2579 2292 noo
2610 2239 2899 2306 dignitates
2922 2243 3043 2310 quis
3076 2243 3295 2306 dixerit,
3321 2245 3414 2298 sed
3447 2243 3769 2312 dignitatum
3804 2262 3904 2297 no-

2306 2334 2446 2386 mina
2478 2344 2679 2387 tantum
2704 2377 2718 2396 ,
2750 2350 2866 2402 quae
2902 2336 2950 2386 in
2980 2338 3202 2393 vesnum
3235 2337 3625 2406 magnificentia
3660 2350 3714 2393 et
3744 2340 3904 2395 satel-

2308 2426 2461 2481 litum
2491 2426 2799 2483 adulatione
2841 2431 2947 2481 vim
2996 2430 3214 2483 habent.
3259 2429 3369 2488 lloc
3396 2443 3607 2494 autem,
3642 2443 3831 2500 utpote
3875 2449 3905 2487 ιι

2309 2521 2418 2576 Deo
2448 2520 2698 2574 collatum
2725 2563 2737 2585 ,
2772 2522 2971 2573 denum
3006 2522 3448 2585 sanctiﬁcationis
3476 2536 3529 2579 et
3558 2524 3868 2594 adoptionis
3888 2567 3904 2587 ,

2307 2625 2479 2669 morte
2505 2632 2608 2667 nou
2636 2614 2858 2678 tollitur;
2893 2616 2988 2669 sed
3016 2626 3069 2669 et
3094 2617 3176 2677 hic
3197 2618 3505 2686 splendidos
3535 2619 3720 2677 efﬁcit.
3754 2631 3804 2671 et
3837 2620 3905 2675 ad

2307 2704 2537 2763 futuram
2571 2706 2731 2759 vitam
2761 2708 3037 2766 nobiscum
3064 2709 3345 2780 demigrat.
3376 2711 3507 2770 Nam
3536 2714 3623 2781 qui
3656 2715 3910 2781 adoptio-

2307 2815 2428 2853 netn
2467 2809 2647 2854 servat
2672 2842 2685 2864 ,
2736 2809 2790 2854 et
2838 2802 3315 2860 sanctificationein
3357 2818 3605 2865 accurate
3636 2807 3904 2870 custodit,

2310 2891 2435 2957 illo,
2467 2892 2555 2961 qui
2588 2892 2891 2947 diademate
2923 2894 3203 2949 redimitur
3239 2907 3292 2949 et
3336 2912 3572 2968 purpma
3621 2900 3864 2954 induitur
3889 2942 3907 2966 ,

2309 2985 2465 3055 longe
2510 2985 2843 3053 splemlidior
2891 2986 3207 3059 feliciorque
3234 3002 3355 3055 est,
3383 3004 3541 3061 atque
3572 2994 3621 3045 iu
3656 2993 3909 3060 prtesenti

2307 3081 2413 3137 vita
2435 3081 2817 3149 tranquillitate
2848 3079 3040 3140 fruitur
3067 3099 3390 3157 inagna,spe
3414 3086 3553 3142 bona
3576 3086 3763 3150 fretus,
3790 3090 3913 3144 nul.

2310 3175 2520 3244 Iamque
2566 3175 2766 3229 habens
2812 3177 3067 3229 tumultus
3106 3188 3159 3230 et
3194 3180 3613 3250 perturbationis
3660 3183 3911 3237 occasio-

2311 3284 2456 3335 nem,
2474 3268 2567 3323 sed
2582 3272 2853 3338 voluptate
2873 3281 3122 3341 perpetua
3140 3273 3397 3342 gaudens.
3418 3274 3749 3334 llilaritatem
3764 3279 3909 3331 enim

2313 3372 2368 3416 et
2399 3363 2633 3421 laetitiam
2664 3378 2767 3416 u0n
2800 3363 3007 3431 imperii
3038 3366 3368 3435 magnitudo,
3405 3383 3509 3421 non
3541 3369 3620 3422 vis
3652 3372 3914 3447 pecunia-

2313 3470 2458 3523 rum,
2501 3470 2604 3517 non
2639 3454 2889 3523 potentiae
2923 3454 3125 3517 fastus,
3154 3473 3258 3510 non
3311 3458 3475 3513 robur
3502 3462 3766 3526 corporis.
3803 3478 3913 3515 non

2316 3548 2460 3607 lauta
2478 3561 2680 3606 mensa.
2703 3562 2807 3600 non
2834 3550 3311 3613 vestiomoruatus,
3339 3566 3442 3604 non
3467 3551 3608 3611 aliud
3637 3553 3914 3623 quidpiam

2317 3640 2606 3700 humanum
2633 3656 2819 3708 parere
2868 3642 3044 3708 solet,
3090 3642 3183 3697 sed
3218 3653 3362 3698 recte
3396 3644 3589 3704 factum
3634 3648 3919 3716 spirituale

2319 3746 2521 3798 tantum
2548 3746 2601 3789 et
2628 3736 2761 3788 bona
2795 3737 3149 3795 conscientia.
3182 3738 3281 3811 Qui
3314 3754 3499 3807 puram
3531 3726 3675 3803 ilhm
3706 3752 3917 3809 servat|

2316 3831 2524 3892 etiamsi
2557 3830 2748 3884 laceris
2773 3832 2959 3898 pannis
2983 3830 3254 3895 induatur,
3285 3833 3386 3886 etsi
3415 3848 3541 3893 eum
3567 3835 3705 3889 fame
3737 3835 3915 3889 lucte-

2320 3931 2425 3986 tur,
2458 3922 2629 3975 la‘tior
2657 3932 2739 3975 est
2766 3922 2829 3975 iis
2854 3964 2866 3983 ,
2894 3923 2983 3991 qui
3015 3923 3065 3976 iu
3094 3924 3319 3977 suimnis
3360 3925 3563 3979 deliciis
3589 3938 3916 3991 versantur;

2322 4027 2378 4069 ut
2410 4016 2523 4074 v'tce
2546 4031 2718 4080 versa,
2750 4019 2838 4086 qui
2875 4018 3136 4075 malorum
3168 4018 3266 4071 sibi
3292 4020 3539 4073 censcius
3568 4030 3670 4084 est,
3703 4021 3922 4080 etiamsi

2321 4112 2569 4165 omnibus
2616 4112 2810 4179 Opibus
2854 4112 3226 4179 circumﬂuat,
3295 4115 3534 4168 omnium
3582 4115 3922 4169 miserrimus

2320 4214 2422 4259 est.
2494 4203 2720 4273 Ideoque
2767 4204 2964 4260 Paulus
3006 4205 3056 4257 in
3111 4205 3327 4263 assidua
3378 4207 3516 4258 fante
3565 4217 3617 4263 et
3674 4207 3924 4263 nuditate

2323 4314 2545 4353 versans
2570 4340 2583 4361 ,
2641 4298 2864 4367 ﬂagellis
2916 4297 3151 4366 Quotidie
3181 4313 3355 4351 cwsus
3378 4338 3393 4359 ,
3435 4298 3728 4369 plusquam
3763 4316 3922 4371 reges

2322 4391 2587 4459 gaudebat
2642 4401 2697 4443 et
2755 4391 3035 4443 la-tahatur
3087 4408 3099 4441 :
3167 4393 3353 4449 Achab
3406 4410 3533 4445 vero
3586 4410 3818 4463 regnans
3866 4411 3924 4453 et;

2325 4484 2484 4537 lautis
2519 4483 2701 4537 fruens
2728 4481 2959 4547 deliciis,
2985 4483 3103 4551 quia
3135 4494 3411 4551 peccatum
3445 4485 3573 4538 illud
3604 4487 3920 4553 admiserat,

2324 4574 2598 4644 gemebat,
2632 4575 2823 4636 anxius
2855 4586 3003 4637 erat,
3046 4586 3099 4629 et
3125 4576 3301 4629 vultus
3328 4581 3445 4643 ejus
3473 4578 3813 4641 conciderat,
3867 4589 3925 4635 et

2324 4679 2448 4723 ante
2480 4676 2753 4734 peccatum
2782 4676 2835 4720 et
2866 4676 2984 4736 post
3008 4678 3303 4737 peccatum.
3334 4668 3389 4723 Si
3418 4671 3641 4723 velimus
3668 4687 3800 4742 ergo
3828 4689 3926 4727 vo—

2326 4759 2528 4827 luptate
2554 4759 2655 4815 frui
2682 4802 2699 4825 ,
2728 4770 2853 4815 ante
2883 4763 3063 4815 omnia
3096 4762 3384 4831 nequitiam
3418 4764 3680 4833 fugiamus
3705 4808 3717 4826 ,
3750 4768 3925 4819 virtu-

2328 4861 2540 4921 temque
2588 4863 2904 4920 sectemur,
2946 4854 3086 4923 quod
3138 4872 3243 4907 non
3297 4857 3561 4924 pessimus
3611 4858 3718 4911 alio
3757 4858 3931 4912 modo

2326 4947 2654 5015 voluptatem
2685 4947 2918 5015 assequi,
2949 4947 3156 5000 etiamsi
3190 4947 3238 4999 iu
3273 4948 3444 5015 ipsum
3470 4949 3665 5003 solium
3709 4950 3923 5019 regium

2324 5037 2696 5092 ascendamus.
2741 5037 3099 5106 Quamobrem
3155 5038 3350 5095 Paulus
3393 5041 3648 5095 dicebat:
3698 5040 3929 5105 Fructus

2324 5143 2491 5189 autem
2521 5131 2747 5201 Spiritus
2779 5142 2849 5185 est
2889 5134 3095 5199 caritas,
3123 5134 3386 5204 gaudium.
3418 5153 3519 5205 pax
3548 5134 3691 5201 (Gal.
3716 5136 3771 5191 5.
3798 5138 3924 5209 ΞΕ).

2326 5225 2476 5281 Ilunc
2502 5241 2630 5295 ergo
2664 5225 2891 5279 fructum
2920 5226 3059 5294 apud
3092 5242 3189 5281 nos
3218 5243 3516 5293 servemus,
3544 5238 3598 5281 ut
3630 5229 3713 5283 hic
3739 5230 3929 5287 hetitia

2324 5322 2565 5377 fruamur
2586 5364 2600 5387 ,
2630 5330 2683 5375 et
2713 5320 2944 5375 futurum
2979 5339 3201 5392 regnum
3232 5340 3581 5393 assequamur
3607 5367 3618 5385 ,
3648 5326 3820 5391 gratia
3874 5338 3931 5383 et

2325 5413 2653 5485 benignitate
2690 5414 2897 5468 Domini
2932 5417 3097 5469 nostri
3129 5415 3250 5471 Iesu
3278 5415 3500 5481 Clll'lSli,
3531 5420 3745 5485 quicum
3777 5419 3931 5476 Patri

2323 5508 2515 5576 gloria.
2543 5523 2643 5561 una
2668 5523 2787 5561 cum
2818 5518 3003 5565 sancto
3033 5509 3256 5578 Spiritu,
3288 5525 3427 5567 niiiic
3457 5520 3509 5566 et
3530 5526 3769 5584 semper,
3795 5526 3856 5575 et
3876 5515 3931 5577 in

2324 5602 2518 5656 saecula
2549 5601 2891 5655 saeculorum.
2919 5604 3110 5659 Amen.

2390 5765 2403 5795 ¹
2441 5764 2535 5814 Alii
2559 5762 2751 5823 leaunt,
2770 5777 2950 5825 suam“,
2979 5776 3082 5827 iro,
3106 5771 3229 5817 sicut.
