4108 6340
196 448 306 505 599

194 561 368 631 ψυχή.
410 558 698 628 Ῥωμαίοις
730 556 837 626 γάρ
877 557 1257 626 διαλεγόμενος
1287 560 1396 621 τοῖς
1443 557 1632 625 ὥσπερ
1684 558 1741 607 ἐν
1792 571 1880 607 κο-

204 648 351 717 ρυφῇ
398 661 505 696 τινι
562 644 658 712 τῆς
716 643 1040 711 οἰκουμένης
1100 644 1319 711 ἀπάσης
1347 642 1693 709 καθημένοις,
1732 640 1882 692 οὐδὲν

204 729 367 782 πλέον
394 727 575 788 αὐτοῖς
594 726 775 778 δίδωσι
802 724 911 776 τῶν
934 724 1134 776 λοιπῶν
1164 724 1356 785 ἐθνῶν,
1384 724 1527 787 ούδέ,
1555 723 1741 791 ἐπειδὴ
1762 723 1881 774 τότε

200 822 468 889 ἐκράτουν
489 818 583 871 καὶ
614 817 948 877 ἐϐασίλευον,
982 817 1076 868 καὶ
1103 817 1158 867 ἐν
1184 818 1296 878 τοῖς
1322 817 1717 883 πνευματικοῖς
1747 812 1882 883 φησί

198 925 253 961 τι
290 908 452 960 πλέον
494 906 689 969 αὐτοὺς
712 905 875 975 ἔχειν’
912 903 1050 964 ἀλλ’,
1080 904 1310 975 Ὥσπερ,
1351 905 1507 972 φησι,
1558 905 1668 963 τοῖς
1702 901 1881 953 ἔθνεσι

198 992 340 1044 πᾶσι
389 989 748 1061 κηρύττομεν,
785 986 929 1039 οὕτω
980 988 1077 1039 καὶ
1128 988 1278 1057 ὑμῖν,
1330 988 1467 1058 μετά
1522 986 1745 1040 Σκυθῶν
1788 986 1881 1038 καὶ

200 1081 355 1157 [45η
386 1080 615 1152 Θρᾳκῶν
645 1080 841 1142 αὐτοὺς
876 1078 1127 1151 ἀριθμῶν
1152 1097 1164 1107 ·
1196 1081 1321 1133 ἐπεὶ
1354 1084 1402 1134 εἰ
1436 1082 1508 1150 μὴ
1540 1081 1697 1133 τοῦτο
1727 1080 1885 1132 ἐϐού-⁵

198 1168 325 1219 λετο
352 1166 625 1235 δηλῶσαι,
669 1163 927 1234 περιττὸν
954 1159 1022 1233 ἦν
1049 1164 1109 1215 τὸ
1135 1166 1329 1228 εἰπεῖν,
1371 1166 1467 1216 Ἐν
1498 1159 1587 1229 οἷς
1611 1165 1751 1216 ἐστε
1784 1163 1902 1217 καί⁸

195 1250 393 1319 ὑμεῖς.
445 1244 631 1300 Ταῦτα
674 1245 730 1298 δὲ
775 1250 927 1302 ποιεῖ,
958 1247 1235 1318 καθαιρῶν
1282 1247 1461 1300 αὐτῶν
1507 1248 1567 1300 τὸ
1608 1248 1880 1317 φρόνημα,

200 1336 299 1388 καὶ
347 1333 519 1386 κενῶν
557 1330 618 1384 τὸ
651 1333 878 1401 φύσημα
918 1331 1019 1399 τῆς
1064 1330 1322 1396 διανοίας,
1354 1331 1449 1382 καὶ
1478 1331 1743 1384 διδάσκων
1784 1332 1882 1383 αύ-

199 1418 327 1479 τοῦς
342 1416 440 1485 τὴν
459 1415 593 1485 πρὸς
610 1417 735 1477 τοὺς
754 1414 947 1477 ἄλλους
967 1415 1237 1483 ἰσοτιμίαν
1258 1427 1282 1455 ε
1295 1456 1306 1467 .
1338 1414 1428 1469 Διὸ
1450 1416 1726 1485 ἐπήγαγεν
1752 1416 1884 1468 αὐτὸ

197 1507 360 1561 τοῦτο
401 1507 578 1575 λέγων
600 1524 615 1538 ·
660 1508 762 1560 Ἐν
789 1501 881 1571 οἷς
908 1507 1049 1559 ἐστε
1083 1507 1182 1560 καὶ
1215 1507 1384 1576 ὑμεῖς
1424 1506 1639 1573 κλητοὶ
1681 1507 1883 1573 Ἰησοῦ

197 1592 497 1659 Χριστοῦ·
547 1592 815 1654 τουτέστι,
858 1591 995 1647 Μεθ’
1020 1585 1094 1644 ὧν
1138 1594 1260 1645 ἐστε
1294 1592 1385 1644 καὶ
1424 1592 1598 1660 ὑμεῖς.
1646 1592 1755 1646 Καὶ
1784 1592 1885 1646 ούκ

198 1672 387 1740 εἶπεν,
432 1678 511 1729 ὅτι
549 1676 686 1737 Τοὺς
738 1674 930 1737 ἄλλους
967 1675 1085 1744 μεθ’
1134 1674 1305 1745 ὑμῶν,
1345 1673 1459 1725 ἀλλ’
1522 1673 1699 1743 Ὑμᾶς
1747 1673 1885 1743 μετὰ

197 1762 311 1813 τῶν
368 1760 545 1813 ἄλλων
594 1759 873 1824 ἐκάλεσεν.
924 1760 986 1811 Εἰ
1038 1758 1145 1828 γάρ
1192 1759 1249 1810 ἐν
1300 1756 1520 1827 Χριστῷ
1581 1755 1752 1827 Ἰησοῦ
1785 1759 1884 1809 ούκ

199 1850 318 1903 ἔστι
348 1850 531 1913 δοῦλος
563 1849 684 1902 ούδέ
722 1849 1023 1918 ἐλεύθερος,
1054 1848 1234 1917 πολλῷ
1262 1848 1459 1918 μᾶλλον
1480 1848 1599 1902 οὐδὲ
1631 1849 1884 1918 βασιλεὺς

198 1940 299 1991 καὶ
326 1937 541 2007 ἰδιώτης
561 1955 574 1968 ·
610 1939 702 1990 καὶ
732 1938 838 2007 γὰρ
876 1938 1034 2006 ὑμεῖς
1063 1936 1350 2006 ἐκλήθητε,
1385 1938 1479 1990 καὶ
1507 1939 1607 1989 οὐκ
1645 1938 1737 2007 ἀφ’
1762 1940 1886 1990 ἐαυ-

198 2022 311 2073 τῶν
356 2021 717 2091 προσήλθετε.
766 2018 924 2073 ΙΙᾶσι
963 2019 1086 2085 τοῖς
1112 2017 1293 2073 οὖσιν
1325 2021 1395 2072 ἐν
1436 2020 1624 2091 Ῥώμῃ
1659 2022 1887 2089 ἀγαπη-

199 2105 327 2167 τοῖς
375 2104 553 2166 Θεοῦ,
591 2102 838 2171 κλητοῖς
882 2103 1092 2171 ἀτίοις,
1133 2104 1305 2171 χάρις
1350 2106 1493 2167 ὑμῖν
1536 2106 1633 2158 καὶ
1676 2106 1884 2175 εἰρήνη

200 2188 323 2241 ἀπὸ
351 2186 499 2240 Θεοῦ
526 2189 757 2254 Πατρός
787 2185 957 2254 ήμῶν
980 2187 1078 2239 καὶ
1108 2189 1327 2254 Κυριόυ
1373 2189 1577 2252 Ἰησοῦ
1600 2190 1882 2256 Χριστοῦ.

202 2272 347 2340 Ὅρα
379 2272 496 2334 πῶς
525 2272 762 2340 συνεχῶς
784 2274 844 2323 τὸ
868 2271 1039 2341 ὄνομα
1063 2270 1156 2323 τοῦ
1184 2271 1384 2340 κλητοῦ
1415 2272 1619 2341 τίθησι,
1652 2274 1887 2339 Κίητὸς

201 2356 572 2421 ἀπόστολος,
606 2356 797 2423 λέγων.
850 2356 951 2409 Ἓν
993 2350 1084 2421 οἷς
1133 2357 1273 2407 ἐστε
1306 2356 1404 2409 καὶ
1442 2358 1609 2424 ὑμεῖς
1650 2360 1883 2423 κλητοί·

199 2445 363 2501 Πᾶσι
398 2447 520 2514 τοῖς
552 2444 732 2501 οὖσιν
760 2448 829 2500 ἐν
874 2446 1061 2515 Ῥώμῃ
1086 2446 1349 2514 κλητοῖς.
1381 2448 1554 2501 Τοῦτο
1594 2449 1650 2501 δὲ
1694 2450 1753 2502 ού
1800 2468 1889 2503 πε-

203 2530 533 2601 ριττολογῶν
574 2534 735 2593 ποιεῖ,
773 2530 909 2584 άλλά
940 2530 1258 2600 βουλόμενος
1290 2532 1485 2593 αὐτοὺς
1524 2535 1623 2602 τῆς
1660 2535 1887 2603 εὐεργε-

204 2615 329 2677 σίας
384 2615 717 2684 ἀναμνῆσαι.
790 2614 1007 2684 Ἐπειδὴ
1058 2616 1167 2683 γάρ
1223 2614 1370 2677 εἰκὸς
1419 2610 1485 2685 ῆν
1537 2617 1594 2668 ἐν
1638 2620 1752 2678 τοῖς
1796 2636 1887 2669 πι-

203 2698 456 2750 στεύουσι
486 2700 576 2750 καὶ
611 2697 669 2761 ἐξ
699 2698 963 2768 ὑπάρχων
986 2691 1125 2750 εῖναι
1148 2699 1243 2749 καὶ
1265 2698 1505 2763 ὑπάτων,
1528 2702 1620 2753 καὶ
1649 2702 1888 2772 πένητας

203 2789 299 2842 καὶ
327 2789 563 2853 ἰδιώτας,
604 2790 880 2843 ἐκϐάλλων
918 2790 1013 2860 τὴν
1055 2790 1373 2859 ἀνωμαλίαν
1398 2791 1505 2843 τῶν
1534 2793 1884 2862 ἀξιωμάτων,

203 2875 341 2925 πᾶσι
391 2874 521 2942 μίαν
556 2874 861 2926 ἐπιστέλλει
892 2874 1282 2945 προσηγορίαν.
1319 2873 1382 2925 Εἰ
1414 2874 1469 2926 δὲ
1502 2876 1558 2928 ἐν
1584 2879 1694 2939 τοῖς
1723 2878 1888 2947 ἀνα-γ.

203 2957 389 3010 καιοτέ
401 2974 512 3026 ροις
535 2959 629 3009 καὶ
652 2959 1043 3027 πνευματικοῖς
1067 2959 1222 3012 κοινά
1243 2958 1448 3021 δούλοις
1473 2959 1565 3011 καὶ
1584 2960 1889 3031 ἐλευθέροις

202 3050 421 3103 ᾶπαντα
458 3050 764 3120 πρόκειται,
812 3043 987 3118 οἷονή
1037 3049 1224 3119 ἀγάπη
1270 3052 1301 3120 ὴ
1336 3052 1486 3122 παρά
1529 3052 1623 3104 τοῦ
1667 3051 1824 3112 Θεοῦ,
1854 3054 1887 3121 ἡ

202 3138 417 3209 κλῆσις,
446 3138 507 3190 τὸ
535 3137 886 3205 Εὐαγγέλιον,
913 3139 944 3207 ή
973 3136 1231 3203 υἱοθεσία,
1269 3140 1300 3208 ἡ
1346 3140 1524 3209 χάρις,
1562 3142 1598 3209 ή
1626 3142 1836 3211 εἰρήνη,
1862 3142 1889 3193 0

201 3224 498 3292 ἁγιασμὸς,
543 3223 612 3275 τά
639 3222 773 3276 ἄλλα
819 3223 1014 3280 πάντα.
1048 3223 1166 3284 πῶς
1195 3224 1429 3293 ἐσχάτης
1461 3225 1645 3287 ἀνοίας
1682 3225 1781 3276 ούιι
1822 3225 1890 3278 ἂν

202 3306 316 3377 εἴη,
354 3306 447 3369 οὓς
481 3309 508 3360 ό
536 3306 668 3369 Θεὸς
707 3307 911 3377 συνῆψε
941 3308 1035 3359 καὶ
1067 3307 1365 3375 ὁμοτίμους
1396 3307 1657 3376 ἐποίησεν
1676 3310 1731 3360 ἐν
1776 3310 1889 3371 τοῖς

204 3391 444 3462 μείζοσι,
475 3390 694 3453 τούτους
717 3392 946 3461 διαιρεῖν
974 3391 1081 3444 ἀπὸ
1101 3391 1208 3441 τῶν
1232 3393 1287 3442 ἐν
1313 3395 1377 3461 τῇ
1410 3394 1478 3461 γῇ
1511 3394 1886 3461 πραγμάτων;

198 3474 306 3527 Διά
344 3492 423 3526 τοι
453 3474 610 3527 τοῦτο
648 3475 755 3528 ἀπὸ
786 3474 894 3526 τῶν
927 3476 1229 3544 προοιμίων
1277 3475 1454 3527 αὐτῶν
1501 3477 1600 3544 τὴν
1647 3475 1889 3546 χαλεπὴν

198 3556 411 3625 ταύτην
436 3556 682 3610 ἐκϐαλὼν
706 3558 869 3611 νόσον
892 3557 920 3608 0
946 3557 1211 3626 μακάριος
1240 3550 1416 3619 οὗτος,
1446 3558 1525 3618 εἰς
1551 3556 1649 3626 τὴν
1676 3558 1890 3629 μητέρα

201 3639 316 3691 τῶν
345 3640 567 3705 ἀγαθῶν
598 3641 793 3703 αὐτοὺς
832 3640 1142 3711 ἐμϐιϐάζει,
1165 3640 1687 3707 ταπεινοφροσύνην.
1717 3640 1889 3692 Τοῦτο

202 3732 305 3784 καὶ
333 3732 549 3793 οἰκέτας
590 3731 833 3801 βελτίους
874 3731 1179 3800 εἰργάζετο,
1201 3732 1570 3800 μανθάνοντας
1615 3732 1688 3794 ὡς
1735 3732 1889 3785 οὐδὲν

201 3816 269 3867 ἐκ
287 3816 384 3884 τῆς
411 3815 653 3877 δουλείας
687 3816 1225 3887 παραϐλαϐήσονται,
1256 3816 1353 3884 τὴν
1375 3816 1542 3879 ὅντως
1579 3815 1888 3883 ἐλευθερίαν

200 3897 422 3967 ἔχοντες
440 3915 454 3929 ·
481 3897 641 3950 τοῦτο
666 3898 762 3952 καὶ
787 3899 915 3960 τοὺς
943 3898 1212 3960 δεσπότας
1239 3899 1617 3967 παρεσκεύαζε
1658 3899 1887 3967 μετριάο

200 3982 342 4044 ζειν,
384 3982 808 4051 παιδευομένους
872 3983 947 4044 ὼς
975 3982 1125 4036 οὐδὲν
1172 3983 1358 4045 αὐτοῖς
1387 3982 1577 4050 ὄφελος
1604 3982 1705 4051 τῆς
1734 3983 1888 4035 ἐλευ-

201 4074 414 4143 θερίας,
451 4074 515 4126 ἂν
549 4072 623 4142 μὴ
650 4091 712 4126 τα
748 4075 844 4143 τῆς
876 4074 1111 4137 πίστεως
1215 4075 1622 4145 προηγούμενα.
1660 4076 1778 4128 Καϊ
1802 4076 1888 4128 ἵνα

206 4157 415 4226 μάθῃς,
448 4158 531 4208 ὅτι
572 4157 629 4207 ού
674 4155 937 4229 σύγχυσιν
989 4158 1355 4227 ἐργαζόμενος
1386 4157 1542 4210 τοῦτο
1585 4159 1760 4210 ἐποίει
1795 4159 1888 4211 καὶ

202 4244 389 4296 πάντα
438 4244 654 4313 μιγνὺς,
714 4244 828 4296 ἀλλ’
875 4240 984 4297 οἶδε
1039 4246 1131 4297 καὶ
1176 4246 1440 4317 διαίρεσιν
1486 4247 1736 4316 ἀρίστην,
1788 4248 1887 4318 οὑχ

202 4331 396 4394 ἁπλῶς
440 4331 645 4400 ἔγραψε
684 4333 817 4384 πᾶσι
858 4335 972 4395 τοῖς
1017 4328 1166 4386 οὖσιν
1201 4336 1265 4385 ἐν
1315 4334 1522 4405 Ῥώμῃ,
1576 4334 1713 4387 ἀλλά
1749 4335 1886 4403 μετά

196 4419 509 4489 διορισμοῦ,
552 4419 677 4485 Τοῖς
699 4420 1027 4489 ἀγαπητοῖς
1052 4422 1157 4475 τοῦ
1187 4423 1353 4475 Θεοῦ.
1390 4422 1536 4491 Αῦτη
1571 4423 1680 4494 γάρ
1709 4425 1741 4493 ἡ
1765 4424 1886 4495 ἀρί-

202 4525 304 4577 στη
333 4508 623 4579 διάκρισις,
660 4510 752 4561 καὶ
780 4508 1058 4562 δείκνυσιὶι
1094 4510 1255 4563 πόθεν
1286 4512 1313 4562 0
1344 4512 1633 4581 ἀγιασμός.

273 4597 339 4648 δ’.
357 4596 523 4648 Πόθεν
541 4592 633 4649 οὖν
649 4596 677 4647 0
700 4596 970 4667 ἁγιασμὸς
988 4614 1002 4662 ;
1020 4598 1153 4650 Ἀπὸ
1169 4602 1267 4667 τῆς
1288 4600 1525 4668 ἀγάπης.
1549 4600 1731 4652 Εἰπὼν
1754 4600 1882 4672 γὰρ,

214 4682 581 4755 Ἄγαπητοῖς,
630 4684 751 4736 τότε
798 4686 1082 4754 ἐπήγαγε,
1133 4688 1390 4753 Κλητοῖς
1449 4688 1657 4754 ἁγίοις,
1710 4689 1886 4758 δηλῶν

199 4772 285 4822 ὅτι
310 4780 331 4808 ε
367 4768 613 4823 ἐντεῦθεν
635 4773 765 4841 ήμῖν
789 4774 820 4841 ή
846 4773 995 4843 πηγὴ
1016 4772 1125 4825 τῶν
1145 4774 1366 4841 ἀγαθῶν
1396 4776 1672 4829 ἁπάντων·
1698 4778 1886 4844 ἁγίους

201 4858 259 4911 δὲ
292 4857 421 4919 τοὺς
459 4859 681 4921 πιστοὺς
710 4858 865 4911 καλεῖ
894 4861 1119 4923 πάντας.
1156 4862 1336 4929 Χάρις
1360 4863 1502 4931 ὑμῖν
1522 4866 1619 4917 καί
1652 4865 1882 4933 εἰρήνη.

204 4947 268 4997 Ὠ
312 4946 682 5016 προσηγορίας
738 4947 909 5017 μυρία
956 4948 1227 5019 φερούσης
1277 4951 1478 5019 ἀγαθάί
1526 4952 1698 5005 Τοῦτο
1736 4953 1829 5006 καὶ
1859 4956 1886 5007 0

199 5032 439 5104 Χριστὸς
467 5035 580 5094 τοῖς
608 5034 928 5097 ἀποστόλοις
970 5038 1048 5098 εἰς
1078 5037 1175 5098 τὰς
1200 5038 1375 5101 οἰκίας
1402 5039 1631 5092 εἰσιοῦσι
1667 5039 1885 5110 πρῶτον

201 5122 361 5193 ῥῆμα
388 5121 619 5188 φάσκειν
649 5120 935 5179 ἐπέταττε.
967 5125 1064 5177 Διὰ
1091 5124 1249 5178 τοῦτο
1274 5127 1367 5179 καὶ
1392 5128 1419 5178 0
1455 5127 1666 5191 Παῦλος
1696 5127 1881 5180 ἐντεῦ-

198 5209 297 5262 θεν
333 5208 606 5277 πανταχοῦ
644 5209 1084 5279 προοιμιάζεται,
1116 5213 1222 5266 ἀπὸ
1260 5215 1358 5281 τῆς
1398 5215 1618 5284 χάριτος
1654 5217 1754 5268 καὶ.
1784 5219 1885 5287 τῆς

200 5296 450 5365 εἰρήνης.
480 5296 614 5347 υὺδὲ
639 5296 748 5366 γὰρ
773 5297 966 5367 μικρὸν
1000 5300 1294 5354 κατέλυσεν
1318 5304 1345 5354 ὁ
1366 5303 1601 5371 Χριστὸς
1624 5304 1881 5375 πόλεμον,

197 5380 343 5437 ἀλλά
392 5382 485 5433 καὶ
524 5383 765 5435 ποικίλον
812 5386 906 5437 καὶ
960 5386 1302 5440 παντοδαπὸν
1355 5389 1452 5441 καὶ
1492 5390 1725 5459 χρόνιον,
1790 5394 1885 5445 καὶ⁸

196 5470 391 5524 τοῦτον
419 5471 519 5522 οὐκ
545 5472 606 5522 ἐκ
636 5471 743 5523 τῶν
772 5472 1057 5543 ἡμετέρων
1078 5476 1275 5541 πόνων,
1306 5477 1444 5531 ἀλλά
1475 5478 1563 5531 διὰ
1584 5480 1685 5550 τῆς
1712 5481 1881 5534 αὐτοῦ

263 5611 281 5683 ξ
310 5613 414 5683 [mp
439 5626 553 5659 mss.
578 5612 812 5683 τήνηπρὸς
829 5615 1061 5672 ἀλλήλους
1080 5617 1232 5683 ἰσοτ.Δ
1268 5619 1319 5683 Δθ’
1348 5616 1517 5679 Iidem,
1570 5622 1803 5683 διάκρισις
1847 5624 1876 5678 ἥ

195 5677 280 5727 καὶ
319 5676 547 5727 δείκνυσι.
614 5678 635 5704 ⁸
664 5674 749 5723 Sic.
766 5690 881 5724 mss.
921 5685 1076 5726 recte.
1111 5678 1233 5727 Edili
1262 5680 1495 5738 δηλονότι.

1436 445 1502 500 IN
1546 444 1768 500 EPIST.
1807 444 1885 497 At

1989 442 2102 497 ΟΜ.
2149 440 2385 496 ῐιονΜιι..
2430 440 2467 496 1.
3572 436 3666 494 MO

1984 553 2227 623 χάριτος.
2270 551 2420 624 μῦὅ]
2471 553 2623 604 Ἐπεὶ
2656 545 2749 605 οῦν
2782 554 2813 620 ή
2857 551 2955 622 μὲν
2982 552 3171 621 ἀγάπη
3199 552 3295 621 τὴν
3330 549 3509 623 χάριν,
3545 550 3577 618 ή
3619 546 3679 601 δὲ

1984 641 2143 711 χάρις
2170 640 2270 710 τὴν
2306 642 2531 709 εἰρήνην
2555 638 2889 708 ἐδωρήσατο,
2922 639 2998 702 ὼς
3023 642 3080 691 ἐν
3107 640 3259 703 τάξει
3301 639 3671 710 προσηγορίας

1984 730 2124 784 αύτὲί.
2157 730 2290 793 θεὶς,
2324 729 2617 798 ἐπεύχεται
2656 728 2837 796 μένειν
2868 728 3090 799 διηνεκῆ
3123 730 3217 781 καὶ
3250 728 3504 796 ἀκίνητα,
3536 727 3681 783 ὥστε

1987 817 2062 887 μὴ
2090 817 2253 870 πάλιν
2279 818 2467 886 ἕτερον
2498 816 2963 888 ἀναρριπισθῆναι
2993 816 3232 887 πόλεμον
3254 834 3266 846 ·
3300 817 3395 870 καὶ
3423 833 3670 887 παρακα-

1984 906 2065 958 λεῖ
2093 906 2184 959 τὸν
2228 908 2521 967 δεδωκότα,
2558 908 2730 971 πάγια
2769 906 2942 958 ταῦτα
2974 906 3271 977 διατηρεῖν,
3301 906 3443 958 οῦτω
3470 906 3673 973 λέγωνπ

1986 994 2165 1061 Χάρις
2195 994 2339 1062 ὑμῖν
2376 995 2471 1046 καί
2509 992 2720 1062 εἰρήνη
2749 994 2866 1047 ἀπὸ
2904 992 3053 1047 Θεοῦ
3084 994 3318 1061 Πατρός
3350 992 3539 1061 ἡμῶν.
3582 987 3677 1045 καὶ

1987 1082 2208 1148 Κυρίου
2256 1081 2459 1147 Ἰησοῦ
2492 1078 2771 1147 Χριστοῦ.
2835 1078 2966 1132 Ἰδοὺ
2996 1079 3233 1132 ἐνταῦθα
3263 1080 3345 1143 τὸ,
3382 1078 3521 1140 ἀπὸ,
3560 1095 3675 1131 κοι-

1985 1170 2074 1221 νόν
2109 1170 2225 1221 ἐστι
2258 1169 2473 1239 Πατρὸς
2509 1170 2602 1220 καὶ
2632 1166 2786 1229 Υἰοῦ,
2820 1167 2957 1235 ὅπερ
2991 1168 3139 1219 ἐστὶν
3188 1168 3301 1219 ἰσον
3334 1165 3431 1236 τῷ,
3475 1166 3563 1232 Ἐξ
3593 1159 3675 1217 οἶ).

1987 1257 2061 1309 Οὐ
2091 1256 2200 1326 γὰρ
2230 1252 2372 1323 εἷπε,
2413 1257 2590 1325 Χάρις
2621 1256 2751 1325 ὑμῖν
2784 1256 2877 1308 καὶ
2910 1256 3102 1325 εἰρήνη
3151 1254 3260 1307 ἀπὸ
3295 1254 3429 1307 Θεοῦ
3469 1254 3681 1324 Πατρὸς

1985 1346 2072 1399 διὰ
2119 1345 2212 1397 τοῦ
2253 1346 2460 1415 Κυρίου
2490 1343 2650 1415 ήμῶν
2702 1342 2876 1415 Ἰησοῦ
2909 1343 3169 1413 Χριστοῦ,
3206 1341 3499 1407 ἀλλ’,Ἀπὸ
3533 1340 3679 1395 8807’

1985 1434 2219 1501 Πατρός
2259 1434 2358 1485 καί
2406 1434 2630 1501 Κυρίου
2672 1430 2844 1500 ἡμῶν
2903 1430 3107 1497 Ἰησοῦ
3158 1429 3437 1499 Χριστοῦ.
3483 1430 3674 1486 Βαϐαὶι

1987 1520 2153 1573 πόσον
2178 1521 2399 1590 ἴσχυσεν
2426 1521 2458 1589 ἡ
2490 1518 2583 1572 τοῦ
2608 1517 2744 1571 Θεοῦ
2772 1518 2959 1587 ἀγάπη
2986 1518 2997 1570 !
3037 1519 3086 1570 οἰ
3117 1517 3303 1587 ἐχθροὶ
3339 1516 3432 1569 καὶ
3471 1518 3673 1587 ἠτιμω-

1992 1608 2161 1677 μένοι,
2200 1608 2343 1675 ἆγιοι
2369 1609 2462 1661 καὶ
2508 1607 2614 1659 υἱοὶ
2658 1604 2990 1675 γεγόνασινά
3044 1605 3323 1674 ἐξαίφνης.
3377 1606 3545 1659 Ὅταν
3576 1605 3687 1671 γὰρ

1988 1695 2199 1765 πατέρα
2244 1695 2471 1767 καλέσῃ,
2512 1695 2663 1757 υἱοὺς
2713 1694 3017 1763 ἐδήλωσεν’
3063 1694 3193 1746 ὅταν
3232 1691 3288 1758 δὲ
3339 1693 3491 1754 υἱοὺς
3533 1695 3687 1765 εῐπῃ,

1989 1782 2208 1837 ἅπαντα
2235 1782 2595 1850 τῶνάγαθῶν
2626 1783 2718 1834 τὸν
2754 1782 3029 1851 θησαυρὸν
3056 1779 3385 1848 ἀνεκάλυψε.
3417 1782 3687 1852 Μένωμεν

1988 1872 2167 1923 τοίνυν
2202 1871 2359 1938 ἀξίαν
2390 1872 2489 1941 τῆς
2530 1872 2744 1941 δωρεᾶς
2787 1870 2886 1939 τὴν
2935 1870 3215 1922 πολιτείαν
3256 1869 3685 1939 ἐνδεικνύμενοι.

1990 1958 2081 2011 καὶ
2110 1959 2208 2028 τὴν
2237 1961 2461 2030 εἰρήνην
2506 1959 2601 2012 καὶ
2639 1958 2737 2029 τὴν
2782 1958 3097 2028 ἁγιωσύνην
3148 1956 3555 2029 διατηροῦντες.
3606 1955 3682 2017 Τὰ

1994 2046 2090 2117 μὲν
2122 2046 2229 2117 γὰρ
2275 2046 2410 2101 ἄλλα
2457 2045 2762 2113 ἀξιώματα·
2788 2045 3107 2115 πρόσκαιρά
3157 2044 3217 2096 τέ
3268 2048 3407 2107 ἐστι,
3464 2048 3556 2098 καὶ
3608 2045 3698 2117 τῷ

1989 2135 2219 2206 παρόντι
2252 2134 2687 2203 συγκαταλύεται
2718 2134 2839 2204 βίῳ,
2863 2134 2954 2186 καὶ
2974 2133 3275 2204 χρημάτων
3297 2134 3443 2188 ἐστὶν
3468 2134 3676 2204 ὠνητά·

1989 2218 2113 2271 ὅθεν
2166 2218 2287 2270 ούδέ
2345 2219 2679 2287 ἀξιώματαε
2736 2217 2879 2270 αύτά
2929 2214 3069 2269 εἶναι
3125 2218 3191 2271 ἀν
3226 2233 3308 2279 τις
3357 2218 3513 2287 φαίη,
3570 2218 3691 2273 ἀλλ’

1988 2303 2231 2371 ὀνόματα
2273 2301 2606 2370 ἀξίω-μάτων
2655 2302 2840 2372 μόνον,
2885 2303 2946 2353 ἐν
2996 2305 3062 2371 τῇ
3113 2301 3222 2353 τῶν
3258 2303 3489 2372 ἱματίων
3531 2322 3684 2372 περι-

1990 2384 2141 2454 ϐολῇ,
2190 2386 2283 2437 καὶ
2333 2388 2399 2455 τῇ
2466 2384 2577 2438 τῶν
2617 2384 2936 2455 δορυφόρων
2996 2385 3259 2455 κολακεία
3308 2386 3406 2457 τὴν
3457 2386 3688 2458 δύναμιν

1989 2467 2203 2538 ἔχοντα’
2230 2467 2387 2520 τοῦτο
2414 2468 2490 2529 δέ,
2531 2469 2626 2521 ἆτε
2659 2468 2810 2537 παρά
2839 2467 2935 2519 τοῦ
2966 2468 3100 2520 Θεοῦ
3125 2469 3301 2532 δοθὲν,
3335 2471 3395 2521 τὸ
3425 2470 3600 2542 δῶρον
3627 2474 3685 2524 τὸ

1987 2564 2087 2631 τῆς
2128 2562 2441 2630 ἁγιωσύνης
2476 2562 2571 2613 καὶ
2612 2562 2711 2630 τῆς
2747 2561 3046 2624 υἱοθεσίας,
3083 2562 3203 2614 οὐδὲ
3246 2562 3465 2634 θανάτῳ
3498 2564 3683 2618 διακό-

1991 2664 2207 2707 πτεται,
2262 2646 2399 2699 ἀλλὰ
2450 2648 2541 2699 καὶ
2592 2646 2831 2699 ἐνταῦθα
2878 2649 3027 2698 ποιεῖ
3060 2646 3372 2716 λαμπροὺς,
3424 2650 3517 2701 καὶ
3551 2652 3696 2721 πρὸς

1987 2731 2087 2798 τὴν
2121 2728 2418 2797 μέλλουσαν
2450 2730 2581 2798 ἡμῖν
2610 2730 2988 2799 συναποδημεῖ
3018 2730 3183 2798 ζωήν.
3220 2732 3279 2783 '0
3307 2731 3416 2802 γάρ
3445 2734 3543 2799 τὴν
3578 2736 3692 2787 υἰο-

1990 2813 2178 2866 θεσίαν
2222 2814 2518 2884 διατηρῶν,
2569 2821 2664 2865 καὶ
2714 2814 2812 2883 τὴν
2848 2812 3163 2883 ἁγιωσύνην
3210 2815 3351 2884 μετά
3401 2817 3694 2887 ἀκριϐείας

1991 2897 2296 2964 φυλάττων,
2332 2897 2496 2949 αὑτοῦ
2524 2896 2619 2949 τοῦ
2650 2898 2711 2949 τὸ
2750 2898 2992 2967 διάδημα
3033 2899 3426 2968 περικειμένου
3458 2902 3550 2954 καὶ
3591 2904 3693 2973 τὴν

1991 2981 2284 3051 ἁλουργίδα
2326 2980 2565 3050 ἔχοντος,
2595 2981 2984 3052 λαμπρότερός
3018 2985 3078 3035 τέ
3106 2986 3223 3036 ἐστι
3259 2985 3441 3055 πολλῷ
3464 2987 3554 3040 καὶ
3583 3005 3688 3058 μα-

1993 3065 2400 3135 καριστότερος,
2435 3066 2527 3116 καὶ
2558 3065 2703 3117 κατὰ
2742 3066 2835 3116 τὸν
2866 3065 3111 3135 παρόντα
3144 3066 3257 3134 βίον
3288 3069 3499 3143 γαλήνῃ
3528 3088 3587 3123 τε
3611 3072 3693 3124 ἐν-

1992 3148 2215 3218 τρυφῶν
2246 3148 2437 3217 πολλῇ,
2469 3148 2564 3201 καὶ
2586 3152 2854 3218 χρησταῖς
2883 3152 3321 3221 συντρεφόμενος
3348 3154 3552 3221 ἐλπίσι,
3596 3158 3691 3210 καὶ

1991 3240 2248 3310 οὐδεμίαν
2272 3240 2507 3309 θορύϐου
2538 3243 2632 3293 καὶ
2664 3243 2913 3311 ταραχῆς
2947 3241 3088 3313 ἔχων
3121 3242 3401 3309 ὑπόθεσιν,
3434 3247 3548 3300 ἀλλ’
3571 3249 3685 3319 ἡδο·

1990 3324 2087 3393 νῆς
2128 3323 2413 3392 διηνεκοῦς
2446 3323 2761 3378 ἀπολαύων.
2793 3325 3075 3396 Εὐθυμίαν
3108 3327 3218 3399 γάρ
3246 3331 3342 3382 καὶ
3376 3326 3556 3401 χαρὰν
3588 3333 3685 3385 οὐκ

1992 3406 2167 3475 ἀρχῆς
2218 3406 2468 3474 μέγεθος,
2522 3408 2583 3459 οὐ
2627 3409 2929 3478 χρημάτων
2976 3409 3209 3478 πλῆθος,
3255 3413 3314 3465 οὐ
3366 3414 3685 3478 δυναστείας

1991 3488 2177 3556 δγκος,
2217 3489 2317 3540 οὐκ
2367 3490 2520 3558 ἰσχὺς
2568 3488 2843 3560 σώματος,
2885 3492 2946 3544 ού
2996 3493 3322 3547 πολυτέλεια
3381 3499 3685 3569 τραπέζης,

1991 3581 2087 3649 οὐχ
2126 3579 2354 3648 ἱματίων
2375 3578 2600 3650 κόσμος,
2626 3581 2727 3633 οὑκ
2758 3581 2889 3635 ἀλλο
2916 3600 2970 3636 τι
2990 3584 3101 3637 τῶν
3124 3586 3482 3657 ἀνθρωπίνων
3516 3595 3687 3644 ποιεῖν

1991 3661 2205 3721 είωθεν,
2270 3660 2383 3712 ἀλλ’
2444 3661 2476 3730 ἢ
2532 3661 2869 3731 κατόρθωμα
2929 3664 3091 3733 μόνον
3142 3671 3535 3738 πνευματικὸν,
3596 3676 3688 3726 καὶ

1993 3742 2230 3804 συνειδὸς
2268 3740 2491 3808 ἀγαθόν.
2544 3742 2656 3794 Καὶ
2689 3744 2717 3793 0
2751 3742 2910 3795 τοῦτο
2940 3745 3355 3816 κεκαθαρμένον
3384 3750 3542 3819 ἔχων,
3584 3753 3689 3805 κᾶν

1993 3824 2160 3893 ῥάκια
2196 3821 2668 3897 περικείμενος
2700 3827 2793 3878 καὶ
2836 3826 2981 3897 λιμῷ
3025 3828 3294 3890 παλαίων,
3334 3832 3442 3885 τῶν
3481 3837 3691 3907 σφόδρα

1989 3914 2323 3984 τρυφώντων
2378 3915 2527 3966 ἐστὶν
2587 3914 2987 3986 εὐθυμότερος·
3026 3917 3226 3989 ὥσπερ
3264 3917 3357 3974 οῦν
3402 3924 3430 3977 0
3474 3926 3691 3996 πονηρά

1993 3998 2247 4061 συνειδὼς
2278 3997 2477 4069 ἐαυτῷ,
2505 3997 2607 4051 κᾶν
2634 3999 2702 4052 τά
2732 4000 2950 4052 πάντων
2976 4002 3375 4075 περιϐάλληται
3406 4009 3509 4077 χρή
3521 4026 3688 4077 ματα,

1990 4081 2209 4134 πάντων
2249 4082 2396 4133 ἐστίν
2431 4080 2784 4151 ἀθλιώτερος.
2836 4082 2938 4135 Διὰ
2976 4083 3039 4153 δὴ
3088 4085 3249 4140 τοῦτο
3277 4090 3305 4142 0
3348 4092 3445 4159 μὲν
3477 4092 3690 4158 Παῦλος

1991 4164 2049 4215 ἐν
2094 4162 2243 4233 λιμῷ
2289 4163 2397 4227 ζῶν
2429 4162 2506 4233 τῷ
2536 4162 2780 4234 διηνεκεῖ
2817 4167 2911 4218 καὶ
2946 4168 3273 4240 γυμνότητι,
3307 4174 3402 4225 καὶ
3431 4175 3692 4243 μαστιζό-

1993 4273 2153 4324 μενος
2184 4256 2305 4308 καθ’
2338 4257 2579 4327 ἑκάστην
2607 4259 2846 4328 ἡμέραν,
2889 4259 3079 4331 ἔχαιρέ
3103 4279 3163 4314 τε
3190 4264 3286 4316 καὶ
3314 4267 3523 4336 ἐτρύφα
3554 4269 3691 4338 μᾶλ-

1988 4340 2080 4392 λον
2100 4340 2210 4392 τῶν
2243 4339 2638 4409 βασιλευόντων
2676 4342 2832 4394 τότε’
2861 4343 2888 4394 0
2923 4343 2979 4396 δὲ
3025 4344 3229 4414 Ἀχαάϐ
3265 4346 3569 4416 βασιλεύων
3595 4354 3691 4406 καὶ

1988 4423 2199 4493 τρυφῆς
2256 4424 2547 4477 ἀπολαύων
2591 4425 2951 4489 πολυτελοῦς,
3014 4428 3206 4500 ἐπειδὴ
3254 4431 3352 4501 τὴν
3408 4435 3689 4503 ἁμαρτίαν

1988 4506 2207 4577 ἐκείνην
2242 4509 2556 4578 εἰργάσατο,
2602 4508 2787 4562 ἐστενέ
2836 4527 2893 4562 τε
2924 4513 3018 4565 καί
3051 4510 3274 4582 ἠθύμει,
3309 4517 3402 4568 καὶ
3421 4517 3481 4569 τὸ
3520 4520 3691 4588 πρόσει

1987 4613 2137 4649 ωπον
2166 4598 2332 4651 αὑτοῦ
2362 4601 2771 4670 συμπεπτωκὸς
2789 4597 2887 4669 ἦν,
2907 4605 3003 4656 καὶ
3028 4604 3135 4673 πρὸ
3165 4606 3265 4675 τῆς
3291 4611 3571 4679 ἁμαρτίας
3594 4614 3691 4665 καὶ

1993 4681 2132 4749 μετά
2170 4681 2271 4752 τὴν
2323 4684 2621 4752 ἁμαρτίαν.
2680 4684 2741 4737 Εἰ
2796 4685 2974 4739 τοίνυν
3032 4687 3336 4759 βουλόμεθα
3388 4694 3689 4749 ἀπολαύειν

1986 4763 2206 4849 ἡδονῆς,
2247 4766 2354 4837 πρὸ
2400 4766 2508 4819 τῶν
2551 4767 2727 4821 ἀλλων
2760 4770 3017 4823 ἀπάντων
3057 4773 3354 4845 φεύγωμεν
3396 4780 3684 4849 πονηρίαν,

1988 4849 2081 4900 καὶ
2108 4848 2396 4921 διώκωμεν
2417 4852 2639 4923 ἀρετὴν,
2684 4852 2759 4916 ὡς
2794 4855 2895 4906 οὑκ
2925 4856 3047 4907 ἐνὸν
3074 4855 3251 4921 ἄλλως
3282 4860 3475 4917 τούτου
3516 4880 3688 4931 μετα-

1990 4943 2160 5010 σχεῖν,
2209 4941 2312 4995 κᾶν
2356 4945 2443 4996 ἐπε
2485 4945 2649 5003 αὐτὸν
2708 4946 3004 5017 ἀναδῶμεν
3038 4947 3133 5001 τὸν
3170 4949 3361 5021 θρόνον
3390 4952 3486 5012 τὸν
3532 4954 3688 5025 βασι-

1988 5024 2163 5079 λικόν.
2206 5026 2297 5078 Διὸ
2340 5029 2436 5081 καὶ
2472 5029 2501 5081 0
2544 5026 2698 5101 [456]
2743 5030 2955 5095 Παῦλος
2989 5032 3214 5100 ἔλεγεν·
3256 5034 3320 5086 '0
3346 5034 3413 5088 δὲ
3453 5041 3687 5106 καρπὸς

1988 5106 2094 5160 τοῦ
2136 5108 2485 5177 Πνεύματος
2517 5110 2742 5179 ἀγάπη,
2776 5114 2947 5180 χαρὰ,
2979 5114 3213 5183 εἰρήνη.
3245 5117 3448 5172 Τοῦτον
3470 5116 3564 5174 οὖν
3594 5124 3686 5176 τὸν

1988 5192 2199 5261 καρπὸν
2246 5193 2556 5263 τρέφωμεν.
2585 5196 2717 5265 παρ’
2765 5196 3001 5265 ἑαυτοῖς,
3056 5198 3144 5252 ἵνα
3185 5201 3278 5254 καὶ
3317 5204 3416 5272 τῆς
3450 5206 3687 5263 ἐνταῦθα

1986 5281 2165 5351 χαρᾶς
2207 5280 2627 5353 ἀπολαύσωμεν,
2687 5284 2784 5337 καὶ
2825 5285 2925 5355 τῆς
2982 5287 3286 5359 μελλούσης
3333 5291 3685 5365 ἐπι-τύχωμεν

1989 5368 2289 5438 βασιλείας,
2342 5369 2526 5440 χάριτι
2561 5372 2656 5424 καὶ
2700 5371 3087 5445 φιλανθρωπίᾳ
3137 5377 3234 5429 τοῦ
3280 5379 3487 5450 Κυρίου
3526 5384 3684 5453 ἡμῶν

1998 5456 2173 5527 Ἰησοῦ
2202 5458 2466 5529 Χριστοῦ,
2498 5460 2617 5529 μεθ’
2652 5454 2713 5514 οὗ
2739 5460 2817 5530 τῷ
2836 5461 3014 5534 Πατρὶ
3043 5466 3076 5532 ἡ
3106 5462 3255 5531 δόξα,
3289 5466 3407 5536 ἅμα
3437 5469 3514 5540 τῷ
3543 5474 3685 5544 ἁγίῳ

1988 5544 2292 5613 Πνεύματι,
2318 5544 2411 5598 νῦν
2443 5546 2539 5599 καὶ
2558 5546 2667 5613 ἀεὶ,
2696 5548 2790 5601 καὶ
2818 5550 2899 5612 εἰς
2922 5550 3050 5614 τοὺς
3078 5551 3283 5617 αἰῶνας
3309 5553 3416 5606 τῶν
3444 5558 3681 5617 αἰώνων.

2003 5631 2198 5700 Ἀμήν.

2053 5730 2079 5770 δ
2103 5730 2257 5782 [idem
2278 5735 2372 5782 υἰοὶ
2389 5734 2669 5797 γεγόναμεν.
2733 5738 2752 5759 ⁸
2770 5736 2945 5790 Morel.
2968 5742 3125 5801 solus,
3142 5742 3287 5795 οὐδὲν
3306 5746 3574 5807 ἀξιώματα.
