4118 6340
199 433 284 493 (οι
1269 427 1333 483 lN
1374 426 1591 485 EPIST.
1638 426 1727 481 AD
1760 424 1922 482 “03d.
1966 424 2180 481 liOltllL
2243 423 2311 482 Il.

1811 563 2033 573 —-—-—--.-—

3381 416 3488 472 602

1624 637 1961 700 ΗΟΜΙΠΑ
2009 637 2086 699 ll.

193 799 301 853 (In.
337 798 377 852 Ι.
408 811 456 847 v.
487 798 540 850 8.
573 794 807 849 Primum
834 792 1033 859 quidem
1061 788 1253 861 grn'ias
1277 801 1373 855 ago
1401 782 1505 837 Deo
1530 798 1639 836 meo
1670 798 1763 845 per

251 889 410 944 lium
439 887 695 943 Christum
723 901 816 957 pro
846 882 1077 939 omnibus
1105 879 1260 938 vobis.
1287 880 1407 949 quia
1436 877 1565 944 ﬁdes
1593 886 1758 931 vestra

251 982 566 1036 annuntialur
593 980 647 1032 in
674 987 778 1033 toto
808 975 1016 1029 mundo.

254 1073 300 1129 l.
327 1072 494 1127 Beata:
522 1074 717 1125 animm
746 1081 1049 1138 congruens
1080 1063 1385 1125 exordium,
1414 1058 1563 1131 quod
1589 1057 1755 1126 possit

191 1182 357 1221 manes
387 1164 667 1219 instituere
688 1204 702 1227 ,
746 1170 805 1216 ut
828 1174 1049 1231 cperunt
1073 1170 1127 1212 et
1154 1170 1464 1211 sermonum
1497 1153 1759 1205 bonorum

194 1258 320 1313 initia
349 1259 451 1310 Deo
476 1255 742 1317 oll'eraut;
768 1265 946 1323 neque
976 1250 1149 1305 solum
1182 1262 1278 1317 pro
1308 1246 1439 1306 suis,
1468 1244 1561 1299 sed
1600 1245 1760 1297 etiam

192 1366 274 1419 pro
298 1348 475 1402 alienis
517 1360 665 1401 reete
706 1344 860 1400 factis
899 1344 1095 1414 gratias
1126 1347 1323 1410 agant;
1351 1337 1493 1407 quod
1526 1338 1761 1390 animam

194 1439 362 1492 invidia
408 1448 461 1492 et
505 1434 678 1491 livore
707 1450 928 1493 vacuam
972 1443 1027 1487 et
1072 1447 1258 1502 puram
1309 1430 1519 1495 reddit,
1565 1429 1763 1498 Deique

193 1532 421 1599 majorem
475 1528 905 1584 benevolentiam
945 1526 1145 1597 gratias
1190 1524 1472 1595 agentibus
1513 1521 1758 1574 attrahit.

191 1624 518 1690 Quamobrem
551 1621 677 1675 alibi
707 1621 778 1674 ait
809 1636 823 1673 :
854 1619 1161 1672 Benedictus
1191 1615 1331 1669 Deus
1357 1625 1405 1668 et
1446 1612 1602 1665 Pater
1650 1611 1761 1664 Do-

191 1717 296 1774 mini
337 1716 490 1770 nostri
536 1713 668 1773 Jesu
717 1710 939 1772 Christi,
966 1711 1054 1782 qui
1101 1709 1353 1763 benedixit
1396 1723 1487 1760 uos
1524 1706 1579 1759 iu
1626 1706 1799 1757 omni-

192 1807 509 1862 benedictione
535 1806 793 1878 spirituali
827 1803 1042 1875 (Ephes.
1079 1803 1133 1857 1.
1165 1805 1246 1872 '5).

250 1901 424 1956 Gratia:
450 1901 559 1956 Deo
587 1900 795 1973 quando
819 1899 1050 1970 agendis.
1073 1927 1145 1938 -
1163 1896 1375 1953 Gratias
1397 1903 1575 1949 autem
1606 1902 1766 1965 agant

189 2004 410 2063 oportet,
442 2010 548 2053 non
577 1994 770 2048 divites
800 2002 1002 2047 tantum
1025 2034 1041 2058 ,
1074 1991 1170 2047 sed
1192 1992 1353 2045 etiam
1386 1992 1605 2059 in0pes;
1654 2005 1767 2045 non

188 2088 312 2154 Iani,
343 2087 435 2143 sed
474 2097 530 2144 et
582 2086 772 2157 aegroti
817 2068 968 2151 ;non
1018 2084 1053 2138 ii
1103 2084 1320 2148 solum,
1373 2082 1461 2152 qui
1507 2096 1764 2151 prospere

188 2190 364 2250 agunt,
396 2180 487 2236 sed
517 2182 551 2235 ii
583 2195 797 2252 quoque
820 2222 841 2248 ,
887 2179 1083 2250 quibus
1107 2177 1334 2233 adversa
1378 2177 1694 2246 contingunt
1746 2193 1760 2230 :

190 2271 281 2326 lico
308 2274 442 2327 enim
490 2272 693 2345 gratias
719 2287 878 2341 agere
908 2286 1031 2327 eum
1056 2269 1298 2327 secundo
1345 2283 1505 2322 cursu
1555 2281 1642 2321 res
1682 2265 1762 2319 l‘e-

188 2374 351 2417 runtttr
372 2405 389 2431 ,
419 2359 554 2419 nihil
580 2364 813 2419 mirum;
846 2362 939 2418 sed
967 2377 1088 2416 cum
1119 2362 1266 2431 gravi
1299 2359 1519 2414 suborta
1553 2369 1761 2427 tempe-

186 2466 339 2523 state,
384 2458 584 2528 jactata
615 2458 767 2513 navis
797 2456 1167 2528 periclitatur,
1217 2463 1342 2509 tunc
1383 2453 1659 2525 patientia)
1709 2461 1765 2506 et

186 2549 302 2618 grati
329 2551 489 2605 animi
520 2550 846 2618 signiﬁcatio
884 2557 1103 2618 accepta
1138 2546 1426 2601 admodum
1458 2555 1559 2600 est.
1590 2545 1665 2600 Ea
1695 2544 1764 2602 dc

187 2656 324 2695 causa
353 2641 451 2698 Job
480 2653 776 2698 coronatus
805 2650 908 2707 est,
939 2651 993 2697 et
1022 2655 1083 2695 os
1116 2639 1403 2710 impudens
1428 2638 1624 2692 diaboli
1664 2638 1761 2691 ob-

187 2736 376 2799 turavit,
406 2734 661 2805 clareque
694 2734 947 2797 ostendit,
981 2748 1040 2787 se
1068 2748 1191 2787 cum
1239 2746 1497 2802 prospere
1541 2741 1765 2801 ageret,

187 2842 275 2882 non
302 2830 647 2898 pecuniarum
675 2843 857 2893 causa.
882 2828 976 2883 sed
1005 2826 1098 2881 Dei
1126 2840 1310 2881 amore
1336 2834 1539 2879 motum
1567 2825 1766 2893 gratias

185 2920 355 2989 egisse.
388 2920 523 2976 Vide
570 2930 787 2985 autem,
838 2935 942 2990 qua
998 2918 1067 2974 de
1110 2933 1272 2973 causa
1319 2917 1520 2972 Paulus
1564 2916 1764 2986 gratias

186 3026 289 3089 agat
320 3033 331 3069 :
359 3032 463 3071 non
494 3015 566 3073 de
592 3016 818 3087 imperio
844 3058 858 3083 ,
887 3016 954 3071 de
997 3016 1231 3085 potentia
1257 3056 1270 3078 ,
1300 3015 1367 3068 de
1392 3013 1601 3084 gloria;
1650 3012 1766 3068 haec

184 3110 306 3163 enim
334 3110 482 3165 nihili
517 3110 761 3168 habenda
795 3119 951 3173 sunt;
986 3109 1079 3163 sed
1108 3108 1174 3162 de
1204 3109 1291 3175 iis,
1325 3122 1445 3178 qua:
1472 3122 1599 3161 vere
1625 3106 1763 3161 bona

185 3214 317 3269 sunt,
345 3205 412 3261 de
439 3206 574 3271 lide,
606 3205 673 3260 de
700 3204 949 3274 loquendi
981 3204 1229 3260 libertate
1263 3223 1275 3256 :
1306 3212 1359 3257 et
1390 3211 1593 3271 quanto
1642 3217 1763 3254 eum

186 3297 350 3352 aﬂ‘ectu
379 3300 583 3369 gratias
630 3298 740 3368 agit
774 3314 787 3350 :
822 3314 929 3351 non
959 3296 1101 3351 enim
1130 3296 1280 3356 dixit,
1320 3295 1468 3358 Deo;
1505 3293 1621 3359 sed,
1657 3292 1764 3347 lico

186 3390 464 3461 meo;quod
489 3393 653 3445 etiam
680 3389 951 3459 propheta:
981 3387 1201 3446 faciunt.
1229 3387 1281 3454 id
1308 3386 1450 3456 quod
1478 3401 1767 3441 commune

185 3493 251 3537 est
278 3485 369 3537 sibi
401 3483 759 3538 vindicantes.
797 3482 1000 3553 Ecquid
1033 3484 1249 3545 mirum,
1283 3482 1326 3536 si
1363 3481 1463 3534 hoc
1491 3479 1766 3548 prophetae

185 3574 394 3630 faciunt?
426 3577 546 3648 lpse
576 3592 806 3647 namque
829 3577 968 3631 Deus
999 3590 1125 3643 erga
1158 3589 1344 3628 servos
1373 3588 1501 3627 suos
1534 3574 1765 3643 idipsum

183 3669 308 3737 agit,
339 3684 398 3725 se
428 3671 599 3724 Deum
629 3669 924 3731 Abraham,
959 3667 1105 3721 Isaac
1133 3679 1187 3721 et
1209 3667 1376 3721 .lacob
1404 3668 1633 3721 seorsim
1680 3666 1765 3719 di-

183 3772 311 3812 cens.
350 3761 482 3829 Quia
534 3761 664 3830 ﬁdes
708 3769 872 3814 vestra
920 3760 1257 3813 annuntiatur
1302 3759 1355 3811 in
1404 3768 1508 3811 toto
1553 3758 1763 3811 mundo.

186 3851 303 3919 Quid
333 3857 506 3926 ergo?
539 3855 868 3909 universaue
897 3864 1038 3908 terra
1072 3853 1435 3907 Romanorum
1465 3852 1623 3906 ﬁdem
1667 3868 1765 3907 au-

183 3945 331 4001 divit?
359 3949 623 4005 Uuiversa
649 3948 719 4005 ab
748 3947 876 4013 illo;
906 3957 959 4003 et
988 3946 1118 4000 nihil
1149 3963 1254 4000 non
1284 3947 1575 4002 verisimile
1609 3965 1621 4000 :
1659 3964 1765 4001 non

182 4042 303 4095 enim
325 4042 557 4098 obseura
588 4042 716 4098 urbs
740 4050 878 4107 erat,
903 4041 997 4096 sed
1019 4041 1171 4110 quasi
1205 4042 1255 4093 in
1274 4040 1505 4109 quodam
1534 4041 1769 4098 culmine

182 4132 287 4199 sita,
315 4133 455 4187 clara
485 4132 728 4202 undique
757 4141 896 4187 erat.
928 4131 1006 4187 Tu
1033 4146 1164 4185 vero
1197 4130 1322 4183 mihi
1357 4130 1630 4199 perpende
1660 4132 1766 4185 vim

182 4223 582 4292 pnedicationis,
608 4240 715 4296 quo
737 4236 895 4295 pacto
922 4224 1068 4279 brevi
1093 4232 1335 4295 tempore
1361 4224 1765 4293 publicanorum

182 4330 225 4371 et
250 4320 567 4388 piscatorum
600 4335 762 4390 opera
791 4320 1003 4374 urbium
1033 4330 1192 4388 caput
1224 4319 1481 4375 invaserit
1505 4362 1520 4385 ,
1546 4334 1611 4375 ac
1637 4319 1762 4392 Syri

183 4409 405 4468 homines
420 4414 791 4471 Romanorum
806 4413 1054 4467 doctores
1074 4423 1536 4483 praeceptoresque
1551 4411 1767 4469 fuerint.

185 4503 280 4557 Duo
296 4507 450 4577 igitur
468 4508 600 4578 ipsis
620 4516 764 4561 recte
788 4506 925 4560 facta
940 4513 1038 4559 teSI
1051 4504 1277 4572 ilicatur,
1294 4516 1348 4558 et
1361 4504 1500 4574 quod
1517 4504 1765 4560 credide-

181 4600 289 4661 rint,
321 4602 530 4672 etquod
544 4615 670 4657 cum
688 4598 877 4653 fiducia
908 4598 1266 4661 crediderint,
1294 4609 1339 4652 et
1363 4599 1578 4667 quidem
1603 4609 1767 4666 'anta,

184 4702 233 4747 ut
248 4696 315 4748 rei
336 4694 475 4749 fama
502 4711 599 4765 per
625 4703 792 4753 totum
809 4695 1011 4749 volaret
1030 4693 1240 4751 orbem.
1265 4692 1418 4745 Fides
1436 4694 1569 4746 enim
1584 4704 1767 4758 vi-‘slra,

185 4788 352 4855 inquit,
380 4787 720 4841 annuntinmr
741 4786 793 4841 in
819 4796 922 4840 toto
950 4786 1155 4839 mundo.
1181 4785 1359 4850 Fides,
1387 4786 1772 4854 nondiscepta-

185 4877 355 4938 tiones.
381 4896 487 4933 non
516 4862 850 4950 qurestiones
876 4920 890 4942 ,
921 4894 1027 4933 non
1060 4880 1352 4950 syllogismi
1400 4895 1413 4931 :
1445 4895 1769 4948 quamquam

184 4970 328 5027 multa
344 4972 448 5026 tllic
476 4980 659 5038 erant,
686 4987 804 5041 qua:
841 4972 1141 5025 doctrinam
1172 4971 1513 5040 impedirent.
1550 4970 1763 5031 Etenim

187 5060 410 5128 llemani,
431 5065 522 5135 qui
543 5079 717 5131 nuper
732 5063 1016 5133 imperium
1032 5063 1179 5117 orbis
1208 5062 1387 5131 adepti
1410 5072 1584 5127 erant,
1605 5063 1772 5119 altum

186 5156 464 5225 sapiebaut,
498 5160 552 5212 in
582 5156 873 5226 divitiisac
903 5156 1270 5225 voluptatibus
1296 5158 1460 5213 vitam
1502 5167 1725 5225 agentes
1754 5172 1770 5211 :

188 5249 605 5313 phedieationem
632 5264 760 5304 vero
784 5249 1083 5303 afferebant
1112 5248 1407 5317 piscatores
1431 5247 1599 5301 Juda-i
1630 5258 1682 5301 et
1708 5265 1775 5313 ex

186 5335 360 5395 Jndzeis
397 5343 500 5397 orti
524 5385 539 5403 .
574 5358 695 5410 quae
724 5356 857 5412 gens
889 5342 1057 5395 invisa
1084 5352 1137 5395 et
1162 5338 1491 5395 exsecranda
1518 5342 1774 5397 oumibus

184 5444 284 5488 erat
305 5476 318 5495 .
362 5446 413 5490 et
439 5436 762 5491 crucilixum
792 5434 1017 5489 adorare
1055 5433 1316 5502 jubebant
1341 5475 1355 5498 ,
1384 5433 1472 5502 qtti
1504 5435 1555 5486 in
1582 5433 1774 5489 .ludtea

190 5524 421 5581 educatus
453 5526 668 5593 fuerat;
697 5542 759 5581 ac
793 5542 916 5581 eum
948 5526 1190 5582 doctrina
1223 5526 1384 5577 vitam
1416 5524 1606 5578 duram
1638 5541 1777 5595 prue-

192 5620 474 5676 miltebant
490 5622 747 5675 doctores
771 5620 1081 5677 hominibus
1102 5620 1361 5688 voluptati
1387 5619 1579 5673 deditis
1598 5661 1612 5683 ,
1638 5630 1695 5685 et
1712 5623 1775 5673 ad

194 5718 447 5781 ptﬁt'sentia
481 5717 662 5773 solmn
698 5717 1049 5779 iuhiantibus,
1084 5716 1165 5769 Ad
1201 5715 1316 5768 hmc
1342 5755 1353 5776 .
1380 5716 1469 5783 qui
1504 5720 1603 5769 ista
1638 5730 1779 5768 unn-

196 5806 392 5876 liabanl,
420 5825 693 5879 pauperes
719 5817 897 5863 erant.
932 5807 1131 5867 idiotze,
1166 5792 1433 5877 ignobiles
1464 5822 1527 5861 ex
1574 5808 1779 5877 ignobi-

198 5896 315 5957 hbus
339 5902 461 5961 orti.
498 5908 569 5961 At
616 5903 809 5959 borum
845 5906 974 5958 nihil
1019 5904 1163 5959 verbi
1193 5918 1410 5957 cursum
1454 5902 1732 5972 impedivit
1764 5922 1775 5955 :

1875 786 2020 833 tanta
2049 788 2168 835 erat
2194 780 2435 837 crucifixi
2459 784 2718 852 potentia,
2749 792 2807 837 ut
2833 784 3055 841 verbum
3084 784 3319 857 undique
3339 801 3488 857 spara

1869 884 2039 942 geret.
2072 874 2421 928 Aummtiamr
2440 917 2455 941 ,
2490 876 2684 944 inquit,
2713 866 2768 930 in
2795 885 2899 931 toto
2924 877 3136 931 mundo.
3162 877 3281 934 Non
3309 879 3445 934 dixit
3464 922 3488 945 ,,

1874 964 2277 1032 Manifestatur;
2308 968 2401 1022 sed
2426 1011 2441 1033 ,
2481 968 2833 1022 Annuutiatur
2856 1011 2870 1033 ,
2902 986 2965 1024 ac
2990 969 3034 1025 si
3058 985 3249 1026 omnes
3279 971 3335 1027 iu
3383 986 3482 1027 ore

1873 1059 2095 1111 terrent.
2124 1057 2177 1113 Id
2206 1073 2334 1114 vero
2372 1059 2967 1128 Thessalonicensibus,
3011 1054 3305 1120 testificaris
3332 1063 3478 1118 aliud

1874 1149 2019 1203 addit
2052 1168 2063 1203 ε
2094 1166 2215 1205 cum
2256 1152 2476 1207 dixisset
2524 1155 2667 1208 enim
2695 1195 2709 1218 ,
2738 1153 2782 1207 Α
2812 1154 2949 1209 vobis
2991 1165 3229 1225 personat
3274 1157 3481 1211 verbum

1871 1238 1997 1303 Dei,
2034 1240 2251 1305 subdit,
2302 1242 2389 1296 Ita
2428 1253 2482 1297 ut
2505 1260 2605 1297 non
2643 1262 2771 1313 opus
2809 1248 2875 1301 sit
2919 1249 3064 1301 nobis
3106 1249 3246 1311 loqui
3280 1249 3481 1320 aliquid

1871 1336 1948 1404 (1.
1973 1333 2155 1398 Thess.
2179 1337 2231 1390 l.
2255 1336 2336 1406 8).
2371 1338 2623 1409 Discipuli
2649 1355 2882 1409 namque
2904 1342 2954 1394 in
2982 1340 3267 1397 doctorum
3289 1342 3482 1413 gradu,

1869 1443 1991 1482 eum
2019 1427 2211 1485 ﬁducia
2238 1429 2489 1500 loquendi
2517 1446 2708 1487 omnes
2729 1432 3084 1489 instituebant
3112 1444 3166 1489 et
3195 1435 3263 1490 ad
3288 1450 3348 1492 se
3378 1445 3489 1491 tra-

1872 1521 2089 1582 hebant.
2114 1523 2389 1593 Nusquam
2422 1525 2736 1594 praedicatio
2758 1526 3003 1589 sistebat,
3033 1527 3127 1582 sed
3160 1528 3283 1598 igne
3316 1527 3484 1581 vehe~

1871 1616 2106 1669 tuentius
2144 1624 2312 1670 totum
2353 1616 2686 1686 pervadebat
2720 1619 2933 1676 orbem.
2978 1618 3093 1674 Hoc
3137 1628 3318 1675 autem
3362 1617 3485 1677 loco

1870 1708 2043 1763 Solum
2067 1708 2281 1775 dicitur,
2307 1709 2450 1778 quod
2474 1710 2845 1764 annuntiatur.
2868 1710 3013 1765 Bene
3037 1711 3194 1776 dixit,
3224 1712 3347 1781 quia
3374 1712 3484 1764 An-

1871 1802 2155 1866 nuntiatur,
2173 1804 2467 1858 ostendens
2486 1803 2616 1856 nihil
2636 1802 2943 1858 addendum
2972 1803 3132 1857 dictis
3162 1818 3315 1868 esse,
3349 1804 3483 1857 nihil

1871 1892 2196 1954 demendum
2225 1896 2427 1949 :nuntii
2450 1897 2592 1949 enim
2610 1894 2858 1965 boeopus
2874 1904 2975 1957 est,
3004 1903 3143 1950 utea
3166 1896 3339 1951 solum
3363 1913 3484 1967 quae

1870 1985 2012 2038 dicta
2045 1996 2171 2039 sunt
2195 1988 2409 2049 atl‘erat.
2441 1988 2676 2057 Ideoque
2716 1988 2976 2044 sacerdos
3005 1989 3231 2044 nuntius
3259 2004 3357 2045 seu
3378 2007 3487 2049 an-

1871 2080 2025 2148 gelus
2049 2092 2273 2135 vocatur
2293 2124 2307 2141 .
2340 2083 2462 2151 quia
2489 2097 2597 2137 non
2625 2098 2718 2137 sua
2746 2125 2761 2149 ,
2803 2082 2899 2138 sed
2929 2098 2989 2138 ea
3017 2126 3033 2146 ,
3067 2099 3189 2154 quae
3220 2084 3485 2141 mittentis

1872 2182 1999 2226 sunt
2024 2216 2038 2238 ,
2068 2176 2377 2229 annuntiat.
2424 2176 2587 2247 Atqui
2619 2177 2815 2232 Petrus
2848 2177 2957 2231 illic
2989 2179 3332 2247 prmdicavit;
3386 2180 3483 2233 sed

1873 2268 2040 2337 ipsius
2061 2278 2200 2332 acta,
2229 2278 2284 2323 et
2310 2283 2407 2327 sua
2436 2284 2559 2325 esse
2594 2269 2743 2325 ducit
2774 2289 2788 2325 :
2822 2272 2921 2335 sic,
2954 2280 3011 2324 ut
3039 2286 3201 2341 supra
3249 2272 3383 2339 dixi,
3413 2273 3483 2326 ab

1873 2358 2070 2413 invidia
2133 2362 2442 2415 omnimoda
2501 2361 2661 2418 liber.
2715 2363 2769 2419 9.
2832 2363 2993 2419 Testis
3040 2365 3176 2418 enim
3233 2375 3306 2418 est
3356 2366 3487 2419 mihi

1870 2451 2031 2516 Deus,
2068 2453 2150 2505 cui
2176 2456 2337 2508 servio
2362 2454 2416 2509 iu
2451 2455 2635 2527 spiritu
2660 2473 2793 2523 meo,
2826 2456 2879 2511 in
2909 2458 3169 2529 evangelio
3196 2458 3322 2512 Filii
3345 2463 3480 2529 ejus.

1942 2544 1995 2600 2.
2024 2544 2100 2599 Ex
2131 2545 2443 2614 apostolicis
2464 2548 2763 2603 visceribus
2789 2550 2904 2604 luce
2931 2551 3096 2606 verba
3126 2552 3480 2621 proﬁciscun-

1872 2647 1989 2703 tur,
2019 2649 2252 2707 paternae
2274 2654 2418 2694 cura:
2448 2642 2717 2695 sententia
2746 2652 2848 2696 est.
2883 2642 3021 2711 Quid
3054 2658 3185 2699 vero
3210 2644 3314 2701 sibi
3348 2646 3483 2711 vult,

1872 2741 1927 2785 et
1955 2748 2056 2803 qua
2089 2732 2158 2788 de
2187 2748 2351 2788 causa
2392 2734 2559 2789 Deum
2592 2746 2748 2790 vocat
2781 2743 2973 2790 testem
3005 2736 3028 2789 ?
3060 2736 3137 2792 De
3162 2736 3357 2793 aﬂ‘ectu
3386 2753 3488 2793 suo

1873 2840 2054 2878 sermo
2090 2835 2225 2880 erat.
2269 2825 2403 2894 Quia
2450 2826 2611 2897 igitur
2649 2827 2888 2882 nondum
2935 2828 3057 2884 illos
3087 2829 3320 2897 viderat,
3364 2831 3489 2889 ideo

1874 2919 2079 2973 nullum
2109 2919 2421 2983 hominem,
2456 2921 2550 2976 sed
2592 2937 2715 2977 eum
2736 2963 2753 2990 ,
2786 2924 2875 2993 qui
2928 2924 2979 2977 in
3010 2924 3175 2983 corda
3203 2936 3486 2996 penetrat,

1875 3013 2083 3064 vocavit
2111 3020 2325 3066 testem.
2362 3013 2652 3083 Postquam
2680 3016 2825 3073 enim
2854 3016 3089 3083 dixerat,
3123 3019 3263 3079 Amo
3286 3034 3403 3083 vos,
3436 3030 3492 3075 et

1873 3105 2083 3173 signum
2111 3106 2365 3160 attulerat
2385 3107 2527 3176 quod
2556 3104 2876 3179 frequenter
2906 3118 3244 3179 precaretur,
3268 3113 3490 3179 etquod

1873 3197 2038 3251 vellet
2070 3198 2215 3266 ipsos
2242 3199 2395 3253 adire
2426 3216 2439 3251 :
2468 3216 2589 3254 cum
2625 3201 2727 3256 hoc
2749 3203 2924 3271 palam
2961 3219 3066 3259 non
3095 3214 3261 3269 esset,
3287 3204 3353 3259 ad
3385 3205 3491 3261 lide

1875 3289 2097 3360 dignum
2150 3291 2516 3345 testimonium
2564 3291 2826 3363 confugit.
2861 3296 2942 3347 An
2976 3294 3173 3363 poterit
3203 3297 3489 3366 quisquam

1874 3394 2110 3438 vestrum
2132 3384 2375 3455 gloriari,
2401 3388 2542 3455 quod
2569 3389 2884 3442 memoriam
2911 3388 3071 3443 faciat
3089 3388 3232 3444 domi
3260 3405 3492 3459 precaus

1875 3476 2225 3545 plenitudinis
2277 3478 2579 3533 Ecclesize?
2620 3479 2735 3535 Non
2784 3493 2929 3550 puto.
2980 3482 3085 3537 Sed
3138 3484 3337 3542 Paulus
3381 3500 3489 3538 non

1875 3586 1973 3638 pro
2004 3586 2105 3623 una
2134 3570 2369 3634 civitate,
2398 3570 2492 3625 sed
2526 3586 2624 3640 pro
2649 3580 2760 3627 toto
2780 3575 2910 3629 orbe
2938 3575 3103 3627 Deum
3132 3577 3488 3643 precabatur;

1876 3661 2037 3731 idque
2069 3676 2174 3716 non
2199 3662 2390 3725 semel,
2417 3678 2522 3717 n0u
2558 3665 2659 3730 bis,
2687 3680 2793 3718 non
2819 3676 2921 3730 ter,
2949 3667 3041 3721 sed
3074 3669 3310 3722 assidue.
3337 3669 3492 3735 Quod

1875 3755 1917 3807 si
1946 3754 2162 3807 assidue
2187 3756 2237 3808 in
2264 3757 2524 3810 memoria
2549 3759 2855 3827 quempiam
2881 3759 3248 3825 circumferat,
3275 3761 3492 3817 nonnisi

1876 3863 1940 3901 ex
1960 3848 2185 3903 caritate
2206 3865 2397 3918 magna
2424 3847 2536 3905 ﬁeri
2558 3852 2756 3920 possit:
2775 3868 2896 3908 nam
2922 3854 2971 3906 iu
2996 3854 3244 3921 precibus
3260 3856 3495 3908 circum-

1876 3940 2039 4005 ferre,
2072 3941 2232 4011 idque
2266 3943 2652 4003 indesinenter.
2682 3946 2855 4015 Cogita
2884 3948 3065 4015 quanti
3095 3947 3162 3999 sit
3194 3949 3415 4002 ali'ectus
3438 3960 3494 4002 et

1874 4035 2093 4089 amoris.
2128 4036 2259 4090 Cum
2292 4047 2470 4091 autem
2497 4037 2647 4103 dicit,
2675 4036 2770 4091 Cui
2798 4041 2959 4092 servio
2991 4041 3041 4093 iu
3064 4042 3249 4109 Spiritu
3276 4058 3407 4100 meo.
3437 4043 3491 4095 in

1877 4129 2135 4197 evanqelio
2161 4126 2288 4184 Filii
2318 4146 2451 4199 ejus,
2483 4130 2575 4184 Dei
2597 4132 2824 4200 gratiam
2852 4133 3033 4195 simul,
3055 4142 3109 4187 et
3128 4133 3489 4189 humilitatem

1878 4237 2031 4275 suam
2066 4223 2222 4277 nobis
2252 4223 2508 4279 exhibet.
2546 4226 2639 4279 Dei
2669 4227 2922 4295 gratiam,
2955 4227 3096 4295 quod
3132 4237 3332 4281 tantam
3375 4244 3490 4281 rem

1882 4316 1979 4387 ipsi
2004 4318 2336 4372 commiserit
2370 4335 2383 4382 ;
2420 4317 2773 4373 humilitatem
2808 4335 2958 4373 suam
2982 4363 2995 4382 ,
3022 4322 3143 4389 quia
3179 4337 3282 4375 non
3313 4322 3495 4376 studio

1879 4424 2000 4471 suo,
2027 4410 2119 4463 sed
2145 4411 2377 4478 Spiritus
2409 4412 2609 4465 auxilio
2639 4422 2806 4465 totum
2835 4412 3114 4468 adscribit.
3145 4412 3277 4469 Cum
3311 4426 3491 4470 autem

1880 4505 2217 4573 evangelium
2270 4505 2450 4567 addit,
2503 4506 2784 4559 ministerii
2855 4521 3027 4575 genus
3079 4507 3301 4561 indicat.
3352 4506 3489 4562 Nam

1881 4597 2035 4650 multi
2067 4608 2117 4650 et
2147 4597 2344 4651 diversi
2376 4607 2497 4650 sunt
2524 4599 2809 4653 ministerii
2832 4600 2999 4666 modi,
3030 4601 3315 4672 cultusque
3339 4603 3497 4656 simi-

1881 4689 2023 4745 liter.
2052 4688 2516 4753 Quemadmodum
2546 4690 2687 4743 euim
2707 4692 2844 4758 apud
2876 4707 3027 4761 reges
3050 4710 3236 4748 omnes
3259 4696 3359 4753 sub
3386 4712 3497 4749 uno

1883 4790 2008 4835 sunt
2062 4781 2335 4850 principe,
2386 4782 2481 4835 sed
2528 4798 2635 4835 non
2685 4784 2825 4837 idem
2890 4800 3081 4840 omnes
3133 4785 3497 4845 ministerium

1884 4886 2139 4931 exercent
2174 4894 2188 4927 ε
2230 4878 2369 4930 alius
2408 4894 2549 4929 enim
2579 4879 2840 4931 exercitui
2876 4880 3134 4947 imperat,
3168 4882 3306 4935 alius
3336 4883 3499 4936 urbes

1884 4972 2052 5041 regit,
2088 4972 2225 5023 alius
2270 4971 2323 5026 in
2358 4972 2632 5038 peuuariis
2666 4973 2922 5039 pecunias
2954 4986 3132 5027 servat
3178 4992 3190 5027 :
3235 4976 3315 5029 sic
3353 4985 3411 5030 et
3445 4977 3497 5029 iu

1884 5063 2275 5131 Spiritualibus,
2311 5064 2445 5117 alius
2481 5079 2575 5133 per
2604 5065 2764 5120 [idem
2798 5066 2963 5120 Deum
2989 5068 3118 5121 colit
3141 5068 3352 5139 ipsique
3382 5083 3501 5124 ser—

1886 5157 1997 5220 vit,
2050 5156 2323 5227 vitamque
2359 5171 2509 5209 snam
2557 5167 2703 5211 recte
2756 5160 2988 5213 instituit
3036 5161 3223 5215 :alius
3254 5161 3500 5231 hospites

1886 5250 2084 5319 excipit
2109 5292 2122 5314 ,
2169 5250 2308 5303 alius
2353 5251 2570 5313 inopum
2603 5266 2785 5305 curam
2819 5254 2959 5321 gerit
2990 5270 3002 5305 :
3040 5254 3500 5322 quemadnmdum

1886 5344 2048 5397 etiam
2097 5342 2237 5412 apud
2268 5344 2542 5411 apostolos
2572 5342 2879 5411 Stephanus
2922 5361 3016 5412 per
3046 5345 3329 5401 viduarum
3360 5364 3501 5416 prm-

1887 5439 2084 5491 Sitiillnl
2109 5448 2162 5491 et
2188 5451 2371 5491 curam
2416 5438 2525 5491 Deo
2551 5438 2831 5491 serviebat
2862 5455 2877 5502 ;
2910 5440 3050 5494 alius
3076 5455 3169 5508 per
3196 5440 3502 5497 doctrinam

1889 5530 2037 5583 \Ct‘bi
2071 5546 2084 5595 ;
2125 5545 2189 5583 ex
2224 5546 2451 5597 quorum
2499 5545 2726 5583 munero
2754 5529 2950 5584 Paulus
2983 5541 3119 5596 erat,
3153 5533 3241 5602 qui
3272 5534 3323 5587 in
3358 5551 3501 5604 prte-

1888 5622 2159 5676 dicatione
2192 5623 2458 5691 evangelii
2496 5623 2603 5676 Deo
2635 5624 2907 5677 serviebat
2940 5644 2952 5679 :
2986 5636 3041 5678 et
3067 5624 3155 5680 hic
3185 5636 3303 5680 erat
3332 5628 3505 5697 ipsius

1889 5716 2169 5771 servitutis
2204 5720 2393 5771 modus
2423 5737 2433 5769 :
2466 5719 2569 5771 hoc
2599 5718 2743 5773 enim
2787 5721 2884 5789 ipsi
2918 5721 3500 5784 commissum'l'ucrat.

1890 5810 2018 5864 Ideo
2048 5826 2155 5865 non
2198 5811 2359 5866 modo
2392 5812 2558 5867 Deum
2590 5822 2780 5867 testem
2816 5827 3000 5881 vocat;
3031 5815 3124 5869 sed
3156 5818 3205 5869 id
3233 5818 3331 5871 sibi
3366 5836 3509 5874 cou-

1894 5901 2158 5958 crcditunt
2193 5918 2313 5959 esse
2340 5905 2465 5959 dicit
2490 5946 2502 5971 ,
2529 5904 2810 5959 declarans
2842 5921 2900 5960 se
2932 5909 3017 5962 cui
3059 5909 3181 5981 talia
3215 5915 3507 5967 commissa
