4108 6340
673 419 776 474 ωδ

679 530 926 597 fuerant,
977 530 1401 586 committentem
1444 530 1544 586 sibi
1587 532 1639 584 in
1675 538 1865 583 testem
1899 545 1993 597 pro
2027 544 2083 582 re
2125 527 2253 580 ial~a

672 638 956 691 numquam
988 635 1299 677 vocaturum
1341 622 1523 675 fuisse.
1555 621 1631 675 Ad
1669 620 1782 675 lucc
1807 622 1966 674 etiam
1994 619 2119 673 illud
2147 620 2253 672 vult

672 715 954 770 ostendere
973 756 986 777 ,
1020 716 1295 769 caritatem
1337 725 1391 769 et
1418 730 1598 768 curam
1627 730 1782 782 quam
1813 714 1880 767 de
1906 713 2010 768 illis
2038 712 2255 783 gerebat

673 809 1027 861 necessariam
1066 822 1203 862 esse.
1248 807 1323 862 Ne
1347 808 1582 861 dicereut
1616 808 1754 861 cnim
1790 805 1908 861 :Tu
1940 807 2059 877 quis
2086 820 2165 867 es,
2200 813 2253 857 et

672 901 812 954 unde
833 902 1062 956 civitatis
1091 912 1249 955 tanta:
1280 916 1342 954 ac
1370 901 1529 969 regia:
1556 916 1736 955 curam
1777 909 1827 955 te
1856 898 2131 967 suscipere
2171 899 2253 950 di-

668 992 745 1043 cis
775 990 798 1042 ?
828 992 1055 1045 ostendit
1091 992 1230 1045 illam
1263 1007 1411 1043 suam
1440 990 1853 1047 sollicitudinem
1888 991 2247 1044 necessariam

673 1098 790 1138 esse
828 1102 841 1137 :
878 1085 1135 1154 siquidem
1169 1084 1253 1137 hic
1294 1084 1364 1137 illi
1397 1084 1672 1138 servitutis
1709 1084 1898 1137 modus
1929 1087 2249 1136 constitutus

670 1188 770 1239 est.
794 1188 851 1231 ut
877 1177 1205 1246 evangelium
1235 1176 1684 1232 annuntiet.Nam
1718 1178 1785 1242 is,
1811 1178 1892 1230 cui
1926 1174 2027 1230 hoc
2058 1192 2250 1229 munus

672 1266 917 1321 traditum
942 1278 1043 1332 est,
1070 1270 1372 1323 necessario
1393 1268 1683 1332 debeteos,
1712 1268 1800 1337 qui
1825 1266 2040 1321 verbum
2070 1282 2251 1321 susce-

672 1360 810 1429 pturi
837 1368 991 1427 sunt,
1022 1362 1319 1430 semperliu
1351 1370 1527 1416 mente
1557 1358 1775 1417 habere.
1808 1361 1957 1414 Aliud
1990 1361 2148 1415 etiam
2177 1363 2249 1413 si-

669 1451 903 1519 gniﬁcat,
925 1466 1044 1505 cum
1067 1452 1194 1508 dicit
1217 1470 1229 1504 :
1253 1451 1523 1522 Inspiritu
1546 1471 1655 1507 meo
1678 1469 1697 1507 .'
1716 1452 1853 1522 quod
1876 1468 2066 1522 nempe
2095 1453 2251 1523 longe

671 1543 953 1599 sublimior
978 1555 1093 1600 erat
1120 1545 1233 1601 liazc
1261 1547 1445 1616 religio
1476 1560 1629 1617 quam
1660 1546 1952 1616 gentiliset
1979 1545 2196 1600 .ludaica
2230 1561 2242 1597 :

670 1652 793 1691 nam
821 1639 1034 1708 gentilis
1058 1647 1112 1693 et
1141 1655 1363 1695 erronea
1391 1649 1445 1695 et
1469 1639 1695 1695 carnalis
1718 1651 1832 1693 erat
1850 1679 1867 1705 ,
1900 1637 2118 1693 Judaica
2149 1653 2245 1693 au-

671 1740 781 1785 tem
811 1746 934 1786 vera
963 1730 1201 1801 quidem,
1232 1732 1325 1787 sed
1351 1730 1580 1786 carnalis
1606 1740 1661 1787 et
1687 1730 1799 1799 ipsa
1828 1739 1972 1793 erat;
1996 1728 2247 1786 Ecclesiae

670 1833 828 1889 porro
851 1822 1043 1885 cultus,
1066 1822 1251 1891 gentili
1282 1822 1607 1889 contrarius,
1635 1820 1858 1877 Iudaico
1884 1832 2057 1876 autem
2087 1820 2247 1890 longe

664 1913 944 1969 sublimior
965 1926 1067 1969 est.
1091 1915 1205 1969 Non
1237 1916 1380 1971 enim
1406 1930 1555 1983 oves,
1588 1916 1805 1981 vitulos,
1837 1914 2043 1970 fumum
2081 1925 2134 1970 et
2166 1915 2247 1968 ni~

667 2005 852 2061 dorem
883 2009 1055 2063 cultus
1084 2020 1268 2063 noster
1304 2010 1540 2071 adhibet.
1580 2008 1674 2064 sed
1707 2024 1802 2078 per
1827 2011 2059 2063 animam
2089 2009 2246 2077 spiri-

668 2098 865 2153 tualem
894 2101 983 2155 ﬁt:
1008 2100 1145 2169 quod
1164 2101 1454 2156 ostendens
1474 2101 1719 2155 Christus
1735 2102 1947 2156 dicebat
1975 2120 1987 2155 :
2020 2100 2244 2172 Spiritus

664 2201 737 2247 cst
769 2191 921 2259 Deus,
952 2206 997 2247 et
1012 2211 1097 2249 eos
1122 2197 1210 2267 qui
1236 2196 1382 2249 illum
1403 2196 1641 2261 adorant,
1670 2198 1721 2249 in
1749 2196 1931 2263 spiritu
1962 2204 2007 2249 et
2035 2197 2245 2249 veritate

663 2283 881 2337 adorare
904 2294 1100 2353 oportet
1124 2286 1143 2357 (
1158 2284 1319 2341 Joan.
1350 2288 1402 2341 4.
1426 2286 1551 2356 24).
1580 2286 1647 2342 bs
1677 2287 1934 2356 evangelio
1963 2285 2087 2341 Filii
2109 2290 2237 2341 rius.

661 2376 793 2431 Cum
826 2380 1073 2448 superius
1118 2380 1343 2435 dixisset
1387 2380 1716 2451 evangelium
1761 2379 1932 2433 Patris
1959 2394 2113 2442 esse,
2152 2380 2245 2438 hic

663 2466 785 2522 Filii
814 2484 933 2525 esse
962 2470 1092 2524 dicit
1137 2490 1149 2526 :
1190 2472 1262 2526 ita
1296 2471 1664 2526 indiderenter
1688 2471 1862 2527 Patris
1883 2470 2082 2525 et‘Filii
2110 2470 2246 2525 dici-

661 2569 768 2611 tur.
810 2560 1032 2616 Edidicit
1058 2563 1199 2617 enim
1236 2563 1445 2617 abeata
1475 2564 1558 2619 illa
1583 2578 1729 2628 voce,
1758 2578 1875 2632 qute
1912 2563 2089 2617 Patris
2110 2571 2239 2617 sunt

661 2649 778 2704 Filii
819 2665 959 2713 esse,
989 2661 1043 2706 et
1079 2670 1197 2721 quae
1226 2654 1348 2708 Filii
1377 2654 1500 2708 item
1530 2655 1721 2709 Patris.
1756 2653 1940 2709 Omnia
1976 2656 2128 2721 enim,
2160 2657 2241 2709 in-

658 2744 792 2808 quit,
826 2752 912 2796 tua
940 2761 1048 2796 mea
1078 2756 1215 2809 sunt,
1243 2758 1290 2799 et
1318 2763 1427 2799 mea
1452 2758 1536 2799 tua
1561 2756 1677 2800 sunt
1703 2746 1879 2816 (Joan.
1909 2748 1996 2801 l7.
2028 2747 2139 2817 10).
2172 2746 2241 2802 Ut

656 2834 993 2889 indesinenter
1027 2839 1319 2890 memoriam
1360 2839 1523 2891 vestris
1548 2838 1735 2907 faciant
1770 2840 1823 2892 in
1851 2840 2084 2909 precibus
2117 2842 2241 2895 meis

657 2925 845 2994 (Ibid.
882 2928 924 2997 ).
977 2927 1087 2983 Hoc
1135 2946 1402 2995 germanae
1463 2930 1699 2985 caritatis
1748 2940 1851 2985 est.
1911 2931 1978 2986 Et
2030 2931 2240 2987 videtur

656 3020 869 3087 quidem
904 3038 1062 3075 unum
1092 3022 1291 3083 dicere,
1325 3022 1449 3077 dum
1473 3034 1700 3094 quatuor
1729 3024 1878 3093 ponit
1911 3044 1924 3079 ;
1955 3023 2096 3094 quod
2120 3039 2225 3081 meo

656 3129 775 3167 mor
802 3115 889 3175 sit,
923 3115 1483 3181 quodindesiuenter,
1515 3115 1658 3186 quod
1689 3118 1741 3171 in
1779 3117 2046 3185 precibus,
2068 3116 2237 3187 quod-

654 3222 758 3275 que
797 3222 893 3275 pro
924 3207 1137 3277 magnis
1158 3210 1316 3264 rebus
1345 3219 1615 3277 precetur.
1720 3209 1808 3263 ωδ
1843 3210 2021 3263 Omns
2054 3210 2099 3262 si
2137 3226 2237 3279 quo

653 3298 805 3351 modo
834 3298 1114 3368 aliquando
1154 3315 1394 3369 prospere
1430 3300 1638 3368 possim.
1667 3300 1859 3353 volente
1900 3297 2008 3353 Deo
2027 3342 2041 3364 ,
2068 3300 2239 3355 venire

652 3389 721 3440 ad
751 3405 855 3441 vos.
908 3389 990 3443 ll.
1028 3388 1272 3443 Desidere
1305 3390 1437 3444 enim
1468 3390 1634 3443 videre
1662 3406 1766 3445 sos.
1814 3388 2003 3445 Videu’
2029 3406 2236 3447 summe

654 3490 923 3547 optantem
969 3480 1090 3535 illos
1119 3482 1336 3546 videre,
1390 3497 1563 3551 neque
1599 3482 1648 3535 id
1690 3480 1866 3538 facere
1905 3492 2098 3552 praeter
2140 3484 2233 3540 Dei

656 3571 907 3639 placitum
940 3572 1227 3635 volentem,
1260 3573 1351 3627 sed
1382 3586 1620 3627 amorem
1652 3572 1746 3628 Dei
1790 3575 1981 3628 timore
2009 3575 2233 3631 mixtum

650 3673 925 3730 gerentem
948 3662 973 3716 ἓ
997 3663 1225 3719 Amabat
1246 3666 1443 3735 quippe
1468 3665 1585 3720 illos
1609 3675 1664 3720 et
1681 3665 1746 3720 ad
1770 3664 1887 3721 illos
1909 3666 2232 3734 festinabat;

653 3756 745 3809 sed
773 3755 897 3811 licet
921 3764 1147 3819 amaret,
1177 3771 1281 3811 non
1308 3765 1501 3826 praeter
1539 3757 1630 3811 Dei
1660 3756 1909 3826 placitum
1938 3758 2119 3813 videre
2139 3773 2236 3814 cu-

654 3846 853 3915 piebat.
890 3846 1016 3902 Hice
1038 3855 1120 3900 est
1143 3862 1392 3916 germana
1433 3849 1627 3903 caritas
1656 3869 1670 3903 :
1706 3863 1811 3902 non
1839 3850 1974 3903 sicut
2003 3866 2118 3915 nos,
2143 3851 2234 3922 qui

656 3940 904 4007 utrinque
932 3952 959 3990 a
1000 3938 1238 3993 caritatis
1268 3939 1474 4009 legibus
1497 3939 1793 3995 excidimus
1826 3958 1839 3996 :
1870 3957 1991 3995 nam
2021 3943 2104 3998 vel
2143 3958 2238 3998 ne-

657 4030 856 4083 minem
883 4043 1125 4084 amamus
1150 4070 1166 4095 ,
1193 4030 1282 4084 vel
1305 4030 1348 4083 si
1375 4044 1616 4085 amemus
1635 4072 1657 4096 ι
1684 4030 1735 4085 id
1766 4042 1962 4102 pmter
1992 4033 2087 4089 Dei
2118 4034 2235 4103 pla-

655 4121 821 4175 citum
880 4120 1153 4187 facimus;
1203 4131 1489 4192 utrumque
1546 4130 1729 4177 contra
1780 4122 2010 4178 divinam
2066 4125 2235 4195 legem

656 4210 932 4267 facientes.
952 4212 1006 4268 Si
1037 4212 1153 4268 haec
1171 4213 1312 4268 dicta
1336 4227 1583 4278 onerosa,
1601 4215 1910 4271 onerosiora
1939 4226 2085 4273 certe
2110 4225 2238 4274 sunt

655 4306 701 4359 si
735 4305 881 4359 ﬁant.

730 4396 783 4451 3.
814 4395 878 4449 Et
902 4395 1194 4466 quomodo,
1216 4396 1446 4465 inquies,
1470 4407 1665 4467 preter
1690 4398 1784 4453 Dei
1812 4400 2061 4468 placitum
2086 4414 2235 4456 ama-

660 4502 778 4541 mus
808 4487 833 4542 ?
862 4486 1086 4555 Quando
1118 4486 1387 4542 Christum
1432 4488 1569 4542 fame
1604 4489 1962 4545 tabescentem
2002 4491 2231 4561 despici-

661 4594 799 4645 mus,
831 4578 955 4634 ﬁliis
980 4590 1158 4634 autem
1179 4622 1194 4644 ,
1227 4581 1412 4636 amicis
1442 4588 1497 4635 et
1522 4582 1760 4650 cognatis
1803 4583 1922 4651 plus
1948 4598 2107 4653 quam
2138 4600 2235 4641 ne-

657 4688 807 4727 cesse
824 4682 903 4728 est
922 4673 1229 4743 elargimur.
1256 4673 1367 4727 lmo
1387 4675 1561 4743 potius
1580 4675 1703 4743 quid
1726 4690 1869 4743 opus
1884 4684 1965 4729 est
1991 4689 2237 4733 sermone

661 4768 882 4822 ulterius
928 4768 1173 4837 progredi
1205 4767 1228 4820 ‘l
1272 4766 1403 4822 Nam
1444 4768 1486 4821 si
1519 4784 1669 4823 suam
1699 4770 1921 4838 quisque
1959 4774 2239 4825 conscien-

662 4860 788 4911 tiam
836 4858 1258 4925 examinsverit,
1303 4860 1546 4928 plurimis
1575 4860 1626 4913 iu
1675 4861 1835 4915 rebus
1877 4861 1976 4914 hoc
2020 4878 2048 4915 a
2085 4862 2238 4917 nobis

622 4974 629 4981 ·
660 4952 856 5006 factum
882 4966 1001 5005 esse
1028 4952 1414 5020 deprehendet.
1452 4954 1521 5007 At
1545 4953 1731 5009 beatus
1764 4956 1843 5009 vir
1865 4955 1953 5011 ille
1980 4970 2086 5009 non
2119 4957 2237 5011 talis

659 5053 797 5107 erat,
839 5041 935 5097 sed
960 5058 1160 5107 amare,
1186 5054 1241 5097 et
1272 5053 1328 5097 ut
1354 5059 1449 5115 par
1473 5054 1555 5098 est
1578 5061 1759 5100 amare
1798 5047 2020 5110 scielrit,
2050 5060 2234 5116 atque,

659 5134 762 5189 etsi
796 5150 985 5188 omnes
1030 5135 1101 5188 in'
1126 5149 1308 5190 amore
1340 5136 1608 5199 vinceret,
1642 5138 1881 5192 caritatis
1912 5149 2085 5192 Ialm-tt
2124 5154 2238 5193 mo—

657 5227 785 5281 dum
817 5242 922 5281 non
956 5227 1463 5297 transgrediebatur.
1500 5226 1632 5283 Vide
1656 5241 1784 5298 ergo
1810 5240 2091 5298 utrumque
2116 5232 2235 5285 exi-

664 5320 769 5373 mie
796 5320 848 5373 in
878 5319 971 5374 illo
998 5319 1290 5385 abundare,
1320 5330 1373 5374 et
1405 5318 1497 5375 Dei
1525 5319 1771 5374 timorem
1799 5330 1851 5375 et
1872 5321 2233 5376 Romanorum

659 5412 1018 5466 dilectionem.
1036 5410 1167 5467 Nam
1189 5412 1329 5481 quod
1353 5412 1717 5467 indesinenter
1744 5422 2068 5481 precaretur.
2096 5426 2150 5470 et
2176 5431 2238 5470 re

664 5517 768 5556 non
811 5502 1088 5571 impetrata
1129 5518 1235 5557 non
1274 5512 1450 5557 tamen
1481 5503 1795 5567 desisteret,
1841 5504 2077 5559 ardentis
2119 5516 2237 5561 erat

664 5596 864 5649 amoris
894 5612 907 5660 ;
949 5596 1197 5666 quodque
1236 5596 1464 5652 amando
1492 5598 1807 5666 persisteret
1836 5598 1927 5651 Dei
1958 5600 2105 5653 umui
2134 5601 2233 5654 ob-

661 5702 893 5757 sequens
914 5728 927 5749 ,
972 5704 1192 5743 summa:
1234 5688 1446 5758 pietatis
1475 5696 1612 5743 erat.
1643 5688 1781 5742 Alibi
1812 5691 1972 5743 etiam
2000 5705 2119 5744 cum
2152 5702 2233 5745 ter

666 5778 947 5832 Dominum
977 5790 1234 5847 rogasset,
1267 5794 1366 5834 nec
1392 5780 1747 5848 impetrasset,
1774 5781 1880 5835 imo
1907 5782 2233 5836 contrarium

664 5870 761 5925 sibi
793 5871 1106 5937 accidisset,
1148 5873 1343 5943 gratias
1380 5875 1487 5945 egit
1517 5876 1775 5930 maximas
1800 5877 1939 5943 quod
1965 5878 2230 5945 repulsam

1407 410 1469 469 S.
1503 410 1779 469 JOANNIS
1816 410 2285 468 CHRYSOSTOMI
2326 410 2642 467 ARLHIEP.
2676 413 3207 475 CONSTANTINUP.

3842 421 3951 477 “is

2361 525 2565 581 tulisset
2588 529 2671 582 (2.
2702 528 2822 584 Cor.
2850 532 2934 585 li.
2960 533 3064 604 8),:
3094 537 3168 589 sic
3202 536 3286 591 ille
3317 538 3369 590 in
3394 538 3645 593 omnibus
3673 539 3740 592 ad
3773 540 3934 594 Deum

2356 636 2414 672 se
2444 624 2804 677 convertebat.
2843 625 2939 679 Hic
2967 638 3141 681 autem
3172 638 3377 696 accepit
3406 632 3649 700 quidem,
3693 636 3788 687 sed
3836 652 3933 686 non

2357 715 2567 778 quando
2600 717 2811 781 petebat
2836 734 2849 781 ;
2879 720 2969 771 sed
2996 721 3224 783 tardius.
3260 737 3355 777 nec
3384 725 3609 777 moleste
3640 726 3758 777 tulit
3818 726 3936 782 llzrc

2357 822 2514 873 porro
2553 809 2692 869 dico.
2724 822 2779 863 ut
2812 827 2917 865 non
2947 824 3086 881 a'gre
3130 814 3361 870 feramus
3388 817 3599 884 quando
3626 833 3734 871 non
3771 835 3934 873 exau-

2354 898 2546 964 ditnur,
2578 904 2660 955 vc?
2690 917 2807 955 cum
2838 906 3042 958 tardius
3066 909 3403 962 exaudimur.
3435 909 3547 963 Non
3572 913 3716 963 enim
3746 929 3936 965 sumus

2353 990 2518 1045 Paulo
2548 994 2817 1052 meliores.
2856 998 2942 1065 qui
2983 1000 3048 1051 de
3096 1012 3321 1067 utroque
3353 1004 3548 1071 gratias
3577 1006 3706 1073 egit,
3738 1017 3792 1058 et
3824 1008 3943 1072 quia

2353 1083 2471 1137 dem
2493 1084 2611 1153 jure
2639 1088 2847 1139 merito.
2872 1088 3002 1156 Quia
3033 1091 3178 1144 enim
3210 1096 3385 1145 manui
3411 1097 3588 1149 omnia
3613 1099 3936 1166 gubernanti

2351 1189 2411 1230 se
2443 1178 2606 1231 semel
2630 1179 2927 1245 dediderat,
2957 1191 3011 1234 et
3031 1199 3149 1236 cum
3182 1194 3323 1237 tanta
3354 1186 3710 1253 subjectione,
3737 1201 3934 1259 quanta

2352 1266 2518 1321 lutum
2566 1269 2768 1339 ﬁgulo;
2812 1288 2916 1339 quo
2955 1274 3181 1329 ducebat
3232 1276 3407 1343 Deus,
3449 1278 3540 1332 illo
3584 1284 3932 1350 sequebatur.

2348 1358 2479 1413 Cum
2511 1359 2733 1415 dixisset
2762 1379 2890 1428 ergo
2918 1368 3122 1433 precari
3151 1383 3208 1421 se
3238 1378 3294 1422 ut
3317 1369 3437 1425 illos
3463 1371 3689 1437 videret,
3716 1390 3938 1432 causam

2349 1449 2595 1505 desiderii
2620 1452 2786 1508 addit.
2812 1456 3064 1522 Quainam
3095 1460 3179 1511 illa
3198 1470 3278 1513 est
3300 1462 3321 1514 ?
3342 1460 3409 1515 Ut
3437 1464 3629 1535 aliquid
3645 1466 3932 1534 impertiam

2347 1540 2484 1595 vobis
2509 1544 2691 1612 gratia}
2704 1546 2982 1615 spiritualis
3009 1552 3076 1603 ad
3104 1553 3481 1620 conﬁrmandos
3509 1573 3614 1612 vos.
3641 1558 3760 1613 Non
3794 1566 3931 1616 enim

2347 1632 2465 1687 siue
2492 1649 2670 1700 causa,
2697 1646 2751 1690 ut
2773 1640 2922 1693 multi
2949 1642 3056 1707 jam
3090 1646 3385 1711 superﬂuas
3414 1648 3738 1720 inutilesque
3766 1669 3926 1723 pcre-

2346 1725 2676 1795 grinationes
2721 1732 3038 1801 suscipiunt,
3075 1735 3165 1789 illo
3197 1752 3253 1791 se
3292 1738 3538 1794 cmil‘erre
3564 1744 3807 1811 volebat,
3839 1746 3929 1799 sed

2350 1832 2445 1886 pro
2478 1822 2796 1876 necessariis
2832 1827 3249 1895 urgentibusque
3279 1834 3506 1901 negotiis
3537 1851 3549 1886 :
3586 1836 3632 1889 id
3661 1838 3807 1906 quod
3843 1840 3933 1895 ille

2346 1912 2493 1967 clare
2521 1928 2624 1967 non
2662 1919 2924 1978 enuntiat.
2954 1921 3048 1974 sed
3077 1923 3432 1991 a'ttigmaticc.
3462 1927 3645 1997 Neque
3673 1933 3821 1985 enim
3848 1934 3926 1987 di-

2347 2002 2441 2068 xit,
2486 2002 2554 2058 Ut
2583 2003 2804 2060 doceam
2844 2023 2957 2072 vos.
2986 2020 3040 2064 ut
3066 2014 3362 2082 instituam,
3394 2028 3453 2071 ut
3474 2020 3615 2088 quod
3644 2021 3801 2077 deest
3829 2026 3929 2079 im-

2344 2094 2518 2164 pleam
2546 2114 2561 2163 ;
2598 2099 2713 2165 sed,
2752 2100 2819 2154 Ut
2843 2104 2965 2164 quid
2989 2104 3269 2173 impertiam
3297 2126 3313 2159 :
3342 2110 3583 2166 indicans
3611 2128 3668 2168 se
3700 2132 3807 2169 non
3837 2135 3927 2172 sua

2344 2189 2473 2245 dare
2514 2192 2653 2255 illis,
2698 2196 2791 2250 sed
2820 2212 2939 2266 quae
2979 2202 3187 2267 accepit
3219 2203 3445 2259 tradere.
3480 2205 3577 2261 Hic
3619 2211 3778 2263 etiam
3811 2228 3929 2265 mo-

2343 2281 2495 2337 deste
2528 2283 2779 2353 loquitur,
2814 2303 2932 2342 cum
2968 2290 3115 2357 dicit,
3152 2292 3219 2347 Ut
3250 2295 3462 2364 aliquid.
3494 2299 3798 2367 Paululum,
3854 2305 3929 2355 iu-

2344 2377 2477 2444 quit,
2510 2385 2565 2431 et
2597 2380 2889 2435 secundum
2936 2399 3109 2439 meum
3138 2389 3434 2442 modulum.
3469 2392 3533 2445 Et
3559 2393 3814 2459 quidnam
3848 2406 3930 2449 est

2344 2468 2469 2522 illttd
2497 2472 2767 2539 paululum
2790 2516 2805 2535 ,
2835 2477 2974 2545 quod
2999 2478 3107 2547 jam
3132 2477 3358 2539 daturus
3386 2486 3511 2539 est?
3547 2486 3679 2541 Illud
3712 2498 3821 2553 est,
3850 2490 3926 2543 in-

2341 2562 2473 2630 quit.
2501 2562 2582 2615 Ad
2606 2565 3005 2632 conﬁrmandum
3028 2585 3133 2625 vos.

2415 2652 2593 2708 Gratia
2621 2673 2721 2710 non
2748 2658 2968 2713 excludit
2992 2663 3267 2719 mercedem
3288 2682 3351 2720 ea:
3377 2670 3635 2737 proposito
3656 2672 3927 2725 voluntatis

2345 2755 2559 2816 partam.
2584 2777 2655 2788 —
2683 2748 2824 2821 Ergo
2861 2767 2923 2806 ex
2966 2755 3131 2821 gratia
3181 2757 3311 2811 illud
3357 2771 3459 2821 est.
3503 2776 3609 2815 non
3650 2766 3923 2827 vacillare,

2342 2836 2435 2892 sed
2466 2837 2689 2895 ﬁrmiter
2715 2853 2878 2897 stare.
2911 2841 3146 2901 Gratiam
3174 2863 3299 2903 vero
3325 2866 3445 2905 cum
3473 2853 3642 2917 audis,
3668 2872 3801 2911 cave
3834 2874 3924 2924 pu-

2341 2936 2421 2983 tes
2448 2932 2658 2987 excludi
2692 2937 2990 2991 mercedcm
3020 2939 3161 2993 illam
3189 2956 3253 2995 ex
3285 2946 3557 3013 [imposito
3587 2948 3877 3003 voluntatis
3910 2972 3920 3004 :

2337 3026 2559 3093 gratiam
2605 3028 2746 3082 enim
2775 3030 2935 3097 dicit,
2965 3047 3068 3085 non
3096 3035 3235 3104 quod
3278 3040 3535 3108 propositi
3564 3040 3802 3097 laborem
3846 3064 3927 3099 re-

2339 3116 2545 3184 probet,
2566 3119 2658 3173 sed
2687 3130 2742 3173 ut
2768 3124 3085 3193 arrogantiae
3103 3125 3295 3181 fastum
3326 3131 3584 3187 succidat.
3616 3132 3693 3188 Ne
3722 3136 3921 3205 itaque,

2338 3207 2458 3276 quia
2493 3209 2684 3265 Paulus
2714 3212 2841 3267 illud
2882 3217 3105 3283 gratiam
3151 3220 3397 3287 vocavit,
3428 3223 3606 3278 animo
3646 3228 3922 3282 concidas.

2339 3297 2485 3356 Grati
2516 3304 2656 3357 enim
2684 3305 2844 3359 animi
2883 3322 3041 3362 causa
3071 3310 3207 3365 solet
3233 3324 3377 3368 recte
3405 3315 3539 3369 facta
3568 3321 3795 3385 gratiam
3824 3336 3923 3375 vo-

2338 3410 2497 3462 care,
2530 3402 2778 3468 quoniam
2825 3402 2874 3455 in
2909 3403 3054 3459 hisce
3099 3420 3196 3460 nos
3227 3408 3391 3462 multa
3430 3426 3645 3480 egemus
3691 3431 3923 3483 superna

2337 3489 2523 3555 gratia.
2545 3488 2677 3544 Cum
2697 3490 2820 3545 dixi;
2848 3502 3046 3559 autem,
3066 3496 3147 3549 Att
3170 3500 3547 3566 conﬁrmandos
3567 3519 3669 3565 vos,
3695 3504 3926 3561 latenter

2339 3579 2540 3635 indicat
2567 3598 2726 3653 egere
2755 3585 2873 3639 illos
2905 3602 3093 3657 magna
3117 3591 3477 3647 correctioiie.
3499 3594 3609 3649 lloc
3644 3598 3788 3651 enim
3814 3601 3925 3653 vult

2335 3674 2640 3745 signiﬁcare
2665 3696 2678 3731 :
2704 3680 2745 3732 A
2772 3679 2938 3734 multo
2964 3682 3580 3752 temporedesiderabam
3600 3691 3721 3743 etin
3740 3702 3925 3761 optato

2337 3764 2599 3824 habebam
2628 3786 2722 3825 vos
2751 3772 2950 3836 videre,
2986 3790 3089 3829 non
3118 3774 3220 3830 alia
3250 3776 3317 3833 de
3344 3795 3525 3847 causzt,
3554 3798 3710 3851 quam
3744 3797 3797 3837 ut
3828 3801 3923 3841 vos

2337 3859 2711 3917 conﬁrmarem
2740 3874 2792 3917 et
2830 3864 2998 3933 probe
3024 3866 3317 3922 stabilirem
3351 3871 3401 3923 in
3445 3871 3634 3926 timore
3664 3875 3679 3903 ¹
3718 3874 3832 3937 Dei,
3870 3888 3927 3930 ut

2339 3966 2409 4007 ne
2436 3962 2690 4021 perpetuo
2713 3956 2989 4009 vacillctis.
3018 3958 3084 4011 At
3114 3974 3223 4017 non
3245 3960 3311 4013 ita
3336 3962 3505 4027 dixit;
3536 3964 3611 4017 sic
3638 3967 3776 4019 enim
3803 3968 3926 4021 illos

2340 4044 2740 4112 perstrinsisset
2766 4062 2780 4111 ;
2832 4046 2925 4102 sed
2962 4048 3065 4101 alio
3091 4050 3250 4104 modo
3279 4053 3659 4123 remissiusque
3691 4057 3924 4127 idipsuut

2340 4134 2642 4191 subindicat
2676 4154 2689 4190 :
2723 4152 2842 4192 cum
2892 4141 3034 4194 enim
3075 4140 3230 4207 dicit,
3276 4144 3357 4195 Ad
3384 4147 3761 4211 conﬁrmandos
3793 4166 3884 4203 vos
3908 4196 3921 4214 ,

2341 4226 2442 4283 ltoc
2471 4228 2641 4298 ipsum
2666 4231 2947 4300 signiﬁcat.
2996 4232 3193 4288 Deinde
3214 4278 3228 4300 ,
3266 4238 3385 4305 quia
3416 4239 3542 4292 illud
3575 4241 3726 4295 Valde
3754 4246 3923 4299 mole-

2338 4330 2481 4377 stum
2504 4333 2639 4388 erat,
2667 4324 2788 4378 vide
2824 4326 3091 4394 quomodo
3122 4343 3215 4395 per
3244 4344 3303 4383 ea
3341 4346 3459 4398 qua:
3486 4331 3633 4385 addit
3656 4333 3783 4388 illud
3815 4337 3924 4392 ιιιί-

2340 4415 2489 4485 tigct.
2522 4415 2599 4469 Ne
2627 4418 2865 4472 dicerent
2896 4421 3037 4472 enim
3079 4438 3091 4473 :
3122 4422 3256 4489 Quid
3283 4440 3429 4494 ergo,
3463 4442 3529 4479 an
3559 4428 3872 4485 vacillamus
3903 4435 3928 4486 ?

2342 4523 2408 4561 an
2453 4510 2881 4581 circumagimur,
2915 4522 2968 4567 et
3008 4523 3092 4568 tua
3136 4530 3355 4586 egemus
3396 4518 3568 4588 lingua
3602 4532 3657 4575 ut
3700 4522 3928 4580 ﬁrmiter

2342 4612 2545 4658 stemus
2572 4605 2597 4657 ἳ
2625 4603 2760 4659 hanc
2799 4608 3067 4675 prazvertit
3092 4608 3442 4679 objectioncm
3474 4611 3555 4665 his
3581 4615 3752 4668 verbis
3781 4635 3793 4668 :
3832 4618 3924 4671 l2.

2351 4694 2460 4749 Hoc
2489 4705 2561 4750 est
2599 4708 2799 4764 autem,
2840 4700 2992 4753 simul
3031 4702 3285 4755 consolari
3314 4704 3365 4754 in
3407 4704 3541 4757 vobis
3570 4722 3659 4771 per
3695 4718 3928 4761 mutuam

2343 4788 2516 4858 ﬁdem,
2540 4799 2753 4843 vestram
2778 4800 2823 4843 et
2850 4809 3031 4846 meum.
3060 4795 3133 4847 Ac
3157 4794 3198 4845 si
3231 4794 3453 4860 diceret,
3478 4793 3553 4849 Nc
3576 4796 3926 4865 suSpiccmini

2336 4897 2431 4953 ,‘me
2456 4882 2743 4939 accusandi
2774 4900 2931 4938 cansa
2966 4885 3014 4940 id
3046 4886 3197 4940 vobis
3223 4887 3421 4941 dixisse
3453 4907 3463 4941 :
3492 4905 3594 4942 non
3620 4890 3715 4943 hac
3742 4905 3932 4948 mente

2342 4974 2593 5046 loquutus
2635 4993 2791 5039 sum;
2828 4980 2920 5032 sed
2954 4979 3077 5048 quid
3109 4979 3251 5032 volui
3283 4979 3512 5036 dicere?
3554 4982 3739 5037 Multas
3776 4988 3930 5051 passi

2343 5072 2475 5125 estis
2499 5087 2765 5126 aerumnas
2790 5072 2859 5126 ab
2888 5073 2986 5135 iis,
3021 5073 3109 5141 qui
3149 5088 3243 5127 vos
3274 5082 3399 5128 sunt
3442 5076 3742 5145 persequuti
3778 5094 3788 5127 :
3829 5093 3933 5131 vos

2343 5177 2471 5232 ergo
2492 5162 2670 5217 videre
2686 5162 3008 5229 desideravi,
3032 5174 3085 5217 ut
3112 5165 3419 5220 consolarer
3444 5183 3458 5233 ;
3489 5168 3595 5219 imo
3620 5166 3789 5234 potius
3817 5184 3933 5223 non

2343 5263 2404 5307 ut
2427 5254 2737 5310 consolarer
2780 5264 3010 5321 tantum,
3043 5254 3140 5310 sed
3170 5258 3328 5311 etiam
3361 5265 3421 5312 ut
3461 5258 3574 5327 ipse
3603 5258 3929 5314 consolatio-

2342 5359 2465 5399 nem
2491 5346 2810 5415 accipereut.

2410 5438 2465 5492 Δ.
2498 5437 2631 5492 Vide
2658 5436 2973 5507 sapientiam
3003 5437 3256 5493 doctoris.
3289 5439 3429 5493 Dixit
3450 5479 3465 5499 ,
3498 5438 3578 5492 Ad
3610 5441 3937 5507 conﬁnium-

2342 5529 2434 5583 dos
2475 5544 2578 5583 res.
2624 5528 2855 5583 Noverat
2889 5544 3051 5599 grave
3095 5540 3147 5584 et
3188 5545 3475 5585 onerosum
3506 5530 3777 5601 discipulis
3805 5547 3938 5587 esse

2343 5618 2472 5674 illud
2500 5620 2638 5690 quod
2667 5620 2893 5683 dixerat,
2920 5630 2971 5673 et
2995 5620 3163 5684 addit,
3194 5620 3272 5674 Ad
3300 5623 3661 5675 consolandum
3688 5639 3793 5676 eos.
3824 5622 3941 5679 Sed

2343 5710 2471 5765 illud
2501 5727 2712 5782 quoque
2752 5718 3030 5766 molestum
3062 5721 3209 5771 crat.
3245 5728 3346 5766 non
3392 5713 3613 5785 perinde
3647 5726 3825 5769 tamen
3856 5726 3939 5770 διο

2405 5890 2419 5919 ⁸
2481 5894 2607 5937 L'nz‘s
2630 5886 2770 5948 legit,
2798 5889 2844 5937 in
2868 5890 3035 5939 timori?
3061 5899 3103 5939 rt
3122 5902 3301 5939 ιωιυνιο.
