4118 6340
143 442 247 499 41ῖὸ

134 559 209 630 τῷ
239 561 298 613 τὸ
347 559 610 628 κηρυγμα
655 553 1099 624 εὐαγγελίζεσθαι
1149 550 1456 621 λατρεύων·
1514 549 1611 602 καὶ
1661 540 1816 604 οὗτος

133 629 197 714 ἦν
214 645 356 713 ὁτῆς
375 642 622 702 δουλείας
645 641 811 693 αὐτοῦ
841 639 1039 707 τρόπος
1059 654 1074 667 ο
1106 636 1261 689 τοῦτο
1290 636 1396 704 γάρ
1422 629 1490 704 ἦν
1522 634 1814 697 ἐπιτεταγ-

135 732 313 802 μένος.
361 729 459 782 Διά
506 729 667 782 τοῦτο
706 728 766 780 οὐ
820 727 1071 796 μάρτυρα
1118 722 1274 775 καλεῖ
1317 721 1409 772 τὸν
1457 717 1590 772 Θεὸν
1627 717 1810 786 μόνον,

132 819 265 872 ἀλλά
319 818 416 870 καὶ
457 819 594 886 ὅπερ
639 813 990 881 ὲνεπιστεύθη
1033 811 1205 878 λέγει,
1249 808 1462 871 δεικνὺς
1493 808 1575 859 ὅτι
1610 806 1712 857 οὐκ
1749 803 1816 856 ἂν

129 904 438 975 τηλικαῦτα
494 902 875 972 ἐγχειρισθεὶς,
919 899 1012 951 τὸν
1061 895 1502 967 ὲμπιστεύσαντα
1559 893 1815 963 μάρτυρα

131 991 218 1040 ἐπὶ
265 989 526 1056 ψευδέσιν
560 987 744 1038 ἐκάλει
768 997 815 1037 α.
849 984 1004 1039 Μετά
1037 983 1092 1035 δὲ
1126 981 1318 1034 τούτου
1371 981 1593 1032 κάκεῖνο
1642 977 1815 1040 δεῖξαι

131 1073 408 1144 βούλεται,
451 1073 548 1141 τὴν
585 1072 808 1138 ἀγάπην
841 1068 939 1137 τὴν
976 1067 1115 1136 ὑπὲρ
1144 1063 1345 1127 αὐτῶν,
1381 1063 1476 1115 καὶ
1504 1062 1604 1131 τὴν
1646 1075 1811 1129 φρον-

131 1162 247 1214 τξδα
286 1159 592 1227 ἀναγκαίαν
629 1153 815 1212 οὖσαν.
856 1156 971 1208 Ἶνα
1004 1153 1112 1221 γὰρ
1147 1152 1222 1222 μὴ
1255 1152 1473 1218 λέγωσι,
1507 1149 1578 1201 Σὺ
1615 1149 1698 1208 τίς
1738 1145 1814 1197 ὣν

130 1249 219 1300 καὶ
243 1247 437 1309 πόθεν,
467 1243 620 1297 πόλιν
644 1242 786 1294 οὕτω
820 1239 1061 1309 μεγάλην
1086 1237 1180 1290 καὶ
1203 1234 1639 1305 βασιλικωτάτην
1668 1248 1814 1302 μερι-

132 1338 269 1406 μνᾷν
304 1335 447 1403 φήςς
477 1332 749 1385 δείκνυσιν
794 1327 1097 1394 ἀναγκαίαν
1125 1321 1291 1378 οὖσαν
1326 1322 1476 1392 αὐτῷ
1496 1320 1594 1398 τὴν
1624 1318 1812 1375 τοιαύ-

270 1420 554 1492 φροντίδα,
605 1421 657 1472 εί
686 1435 747 1484 γε
779 1416 926 1484 αὐτῷ
968 1416 1066 1483 τῆς
1097 1411 1338 1472 δουλείας
1368 1405 1523 1472 οὗτος
1548 1410 1576 1460 6
1610 1407 1812 1483 τρόπος

129 1511 506 1569 ἐπιτέτακται,
554 1510 614 1558 τὸ
661 1503 1053 1572 καταγγέλλειν
1091 1502 1152 1554 τὸ
1200 1498 1557 1568 Εὐαγγέλιον.
1595 1499 1654 1549 'U
1703 1498 1812 1565 7&9

127 1599 284 1650 τοῦτο
338 1594 819 1664 ἐγκεχειρισμένος
867 1593 1114 1662 ἀνάγκην
1172 1589 1284 1659 ἔχει
1335 1588 1464 1649 τοὺς
1519 1584 1813 1656 μέλλοντας

130 1684 487 1754 ὑποδέχεσθαι
520 1682 609 1734 τὸν
634 1682 788 1748 λόγον
816 1680 1107 1740 διαπαντὸς
1133 1678 1276 1746 ἔχειν
1306 1677 1399 1728 ἐπὶ
1427 1673 1526 1742 τῆς
1549 1671 1809 1733 διανοίας.

129 1773 285 1843 Δηλοῖ
316 1772 373 1824 δὲ
412 1760 725 1838 καὶ-ἔτερον
749 1768 884 1837 πρὸς
920 1766 1130 1826 τούτοις
1161 1765 1350 1824 εἰπὼν,
1396 1762 1499 1815 Ἐν
1520 1760 1599 1824 τῷ
1625 1760 1810 1811 πνεύ-

125 1861 262 1930 ματί
297 1877 450 1927 μου·
480 1859 561 1910 ὅτι
597 1857 729 1909 πολὺ
776 1858 868 1908 καὶ
896 1854 997 1924 τῆς
1036 1852 1357 1923 Ἑλληνικῆς
1402 1849 1497 1903 καὶ
1530 1848 1629 1918 τῆς
1680 1846 1813 1899 ’1ου-

129 1946 320 2014 δᾳῖκῆς
351 1944 610 2016 λατρείας
638 1944 884 2017 ἀνωτέρα
912 1942 1072 2011 αὐτη.
1123 1943 1188 1993 Ἡ
1221 1933 1317 2011 μὲν
1343 1939 1450 2009 7&9
1495 1935 1810 2008 Ἑλληνικὴ.

131 2032 218 2085 καὶ
251 2031 649 2102 πεπλανημένη
691 2031 784 2090 καὶ
815 2034 1083 2101 σαρκικήο
1131 2029 1245 2100 ἡδὲ
1289 2027 1578 2098 Ἰουδαϊκῇ,
1604 2023 1811 2097 ἀληθὴς

132 2121 246 2194 μὲν,
296 2121 537 2189 σαρκικὴ
577 2120 632 2172 δὲ
678 2119 772 2173 καὶ
820 2119 957 2185 αὐτή
983 2134 997 2147 ·
1029 2119 1062 2189 η
1105 2116 1162 2176 δὲ
1192 2117 1290 2186 τῆς
1329 2113 1678 2182 Ἐκκλησίας,
1709 2113 1811 2181 τῆς

131 2210 224 2278 μὲν
271 2209 598 2280 Ἑλληνικῆς
638 2207 877 2268 ἐναντία,
923 2205 1023 2274 τῆς
1049 2205 1106 2261 δὲ
1168 2201 1470 2272 Ἰουδαϊκῆς
1502 2200 1811 2272 ὑψηλοτέρα

130 2297 309 2367 πολλῷ
354 2296 436 2367 τῷ
473 2295 677 2367 μέτρῳ.
720 2295 794 2348 Οὐ
846 2295 956 2363 γὰρ
989 2293 1076 2350 διά
1122 2292 1413 2363 ¹προϐάτων
1461 2289 1558 2342 καὶ
1594 2289 1809 2359 μόσχων

129 2386 216 2440 καὶ
259 2385 482 2437 καπνοῦο
519 2385 614 2435 καὶ
646 2382 871 2452 κνίσσης
912 2384 940 2434 6
970 2382 1070 2452 τῆς
1102 2380 1379 2454 ἡμετέρας
1405 2377 1659 2450 λατρείας
1684 2375 1811 2448 τρό-

129 2492 240 2537 πος,
281 2473 420 2526 ἀλλά
449 2473 539 2526 διά
565 2473 744 2543 ψυχῆς
785 2471 1192 2540 πνευματικῆς*
1229 2470 1368 2538 ὅπερ
1394 2467 1488 2520 καὶ
1520 2469 1548 2519 6
1574 2465 1810 2538 Χριστὸς

126 2562 296 2632 δηλῶν
318 2562 472 2629 ἔλεγε
488 2578 501 2601 9
525 2560 768 2629 Πνεῦμα
785 2562 816 2613 ό
841 2559 1004 2628 Θεὸς,
1026 2559 1125 2612 καὶ
1146 2557 1286 2622 τοὺς
1306 2553 1810 2624 προσκυνοῦντας

128 2653 331 2712 αὑτὸν,
373 2650 446 2704 ἐν
495 2650 786 2717 πνεύματι
829 2647 925 2701 καὶ
973 2647 1228 2714 ἀληθείᾳ
1271 2644 1368 2697 δεῖ
1409 2641 1806 2710 προσκυνεῖν.

141 2741 230 2791 Ἐν
265 2725 358 2803 ’τῷ
377 2737 727 2807 Εὐατγελίῳ
759 2737 866 2790 τοῦ
905 2736 1042 2790 Υίοῦ
1072 2733 1280 2788 αὐτοῦ.
1323 2732 1608 2800 ’Δνωτέρω
1637 2729 1809 2784 εἰπὼν

130 2827 184 2878 τὸ
208 2825 548 2896 Εὐαγγέλιον
580 2826 674 2879 τοῦ
707 2825 921 2896 Ila-:96;
945 2821 1105 2887 εἶναι,
1138 2820 1373 2876 ἐνταῦθα
1399 2819 1493 2872 τοῦ
1525 2819 1656 2872 Υίοῦ
1675 2819 1806 2872 αὐτό

129 2933 323 2986 φησιν·
361 2915 538 2978 οὕτως
582 2914 876 2988 ἀδιάφορον
909 2912 1002 2966 καὶ
1046 2911 1257 2981 [ἰατρὸς
1295 2910 1388 2962 καὶ
1429 2907 1559 2968 Υίοῦ
1605 2907 1807 2976 λέγειν.

130 3007 233 3066 Καὶ
254 3005 366 3076 7&9
406 3003 580 3073 ἔμαθε
610 3002 764 3072 παρά
783 3003 882 3071 τῆς
924 3001 1203 3072 μακαρίας
1235 2999 1450 3068 ἐκείνης
1489 2999 1695 3066 φωνῆς,
1725 2997 1808 3049 ὅτι

128 3096 189 3148 τὰ
217 3093 314 3146 τοῦ
343 3093 558 3160 Πατρὸς
595 3091 690 3144 τοῦ
723 3089 872 3154 Υἱοῦ,
914 3088 1010 3141 καὶ
1033 3088 1102 3141 τὰ
1132 3086 1225 3140 τοῦ
1258 3086 1388 3139 Υἱοῦ
1433 3084 1528 3138 τοῦ
1560 3084 1806 3159 Πατρός⁶

131 3180 329 3245 Πάντα
369 3180 504 3251 τὰρ,
554 3179 709 3249 φησὶ,
747 3177 819 3232 τὰ
855 3176 966 3245 ἐμὰ
999 3174 1084 3232 σά
1117 3175 1271 3239 ἐστι,
1312 3171 1412 3225 καὶ
1448 3171 1519 3224 τὰ
1554 3169 1636 3224 σὰ
1670 3168 1803 3254 ἐμά.

141 3269 230 3333 Ὧς
271 3267 673 3331 ἀδιαλείπτως
695 3264 915 3334 μνείαν
958 3259 1126 3329 ὑμῶν
1171 3259 1452 3327 ποιοῦμαι
1502 3257 1600 3310 ἐπὶ
1627 3258 1655 3297 b
1691 3257 1811 3310 τῶν

131 3355 486 3424 προσευχῶν
526 3352 674 3432 [$59]
700 3371 840 3423 μου.
892 3351 1065 3404 Τοῦτο
1123 3348 1352 3420 γνησίας
1399 3347 1643 3416 ἀγάπης.
1699 3347 1811 3407 Καὶ

132 3443 269 3497 δοκεῖ
301 3443 403 3514 μὲν
431 3443 490 3496 ἔν
519 3460 572 3495 τι
604 3441 802 3510 λέγειν,
831 3439 1076 3509 τέσσαρα
1103 3437 1160 3498 δὶ
1185 3433 1680 3506 τίθησιν-ἐνταῦθα,
1715 3435 1811 3492 καὶ

130 3533 202 3594 δτι
246 3535 545 3604 μέμνηται,
595 3532 691 3582 καὶ
727 3529 804 3582 ὅτι
853 3525 1238 3588 ἀδιαλείπτως,
1281 3524 1375 3576 καὶ
1398 3523 1480 3575 ὅτι
1511 3523 1568 3574 ὲν
1596 3521 1807 3592 εὐχαῖς,

132 3619 217 3680 καὶ
252 3621 336 3674 ὅτι
377 3619 525 3690 ὑπὲρ
565 3617 817 3688 μεγάλων
854 3615 1216 3688 πραγμάτων.
1251 3615 1562 3681 Δεόμενος,
1589 3611 1645 3664 ετ
1684 3622 1812 3676 πως

133 3707 239 3775 ἤδη
286 3707 438 3761 ποτὲ
473 3706 922 3773 εὐοδωθήσομαι
970 3704 1041 3757 ἐν
1078 3700 1160 3768 τῷ
1193 3699 1479 3770 θελήματι
1509 3699 1618 3754 τοῦ
1658 3698 1808 3753 Θεοῦ

130 3794 506 3867 ἑλθεῖνςνπρὸς
550 3790 726 3862 ὑμᾶς.
767 3787 1063 3846 Ἐπιποθῶ
1091 3789 1202 3858 γὰρ
1239 3788 1388 3842 ιδεῖν
1416 3786 1592 3856 ὑμᾶς.
1644 3788 1811 3859 Ὁρᾷς

133 3890 217 3942 καὶ
241 3885 508 3938 ὠδίνοντα
540 3883 737 3945 αὐτοὺς
771 3880 917 3942 ίδεῖν,
953 3878 1048 3932 καλ⁸
1069 3879 1171 3931 οὐκ
1207 3878 1533 3947 ἀνεχόμενον
1568 3873 1722 3946 παρὰ
1750 3876 1811 3929 τὸ

130 3975 200 4046 τῷ
232 3973 354 4044 Θεῷ
383 3970 577 4028 δοκοῦν
606 3970 755 4036 ἰδεῖν,
777 3968 913 4022 άλλά
935 3967 1337 4039 κεκερασμένον
1357 3965 1511 4041 φόϐῳ
1543 3965 1680 4022 Θεοῦ
1715 3965 1809 4020 τὸν

132 4063 288 4115 πόθον
322 4061 545 4132 ἔχοντα;
604 4058 809 4126 Ἐφίλει
854 4057 953 4128 μὲν
1000 4055 1110 4127 γάρ
1156 4056 1374 4126 αὐτοὺς,
1420 4053 1512 4110 καὶ
1548 4053 1810 4122 ⁴ἠπείγετο

133 4150 259 4220 πρὸς
306 4147 536 4210 αὐτούς⁸
573 4147 634 4197 οὐ
675 4145 801 4216 μὴν,
847 4144 1035 4214 ἐπειδὴ
1076 4134 1271 4212 ἐφίλει.
1302 4142 1454 4212 napi
1488 4141 1548 4195 τὸ
1574 4139 1651 4211 τῷ
1689 4139 1810 4212 Θεῷ

133 4235 316 4289 faxo-3v
353 4233 607 4288 ἐϐούλετο
654 4233 802 4288 ίδεῖν.
845 4231 995 4302 Δὺτη
1042 4234 1077 4302 ἡ
1119 4231 1318 4302 γνησία
1349 4231 1563 4302 ἀγάπη,
1595 4230 1694 4300 οὐχ
1733 4233 1810 4293 ὡς

133 4327 282 4394 ἡμεῖς
327 4325 376 4377 οἱ
431 4320 818 4394 ἀμφοτέρωθεν
864 4321 975 4383 τῶν
1003 4320 1184 4392 νόμων
1225 4322 1322 4396 τῆς
1372 4320 1599 4389 ἀγάπης
1638 4318 1808 4372 ,ἐκπί-

134 4429 370 4476 πτοντες.
404 4412 477 4464 Ἦ
502 4411 612 4488 7&9
645 4409 838 4462 οὐδένα
871 4408 1150 4478 φιλοῦμεν,
1182 4407 1214 4478 ἢ
1243 4407 1464 4460 ἐπειδὰν
1491 4406 1810 4477 φιλήσωμέν

135 4518 275 4563 ποτε,
305 4499 462 4552 παρὰ
485 4499 551 4552 τὸ
572 4497 648 4570 τῷ
681 4497 798 4568 Θεῷ
825 4497 1015 4558 δοκοῦν
1037 4495 1318 4566 φιλοῦμεν,
1349 4496 1638 4565 ἀμφότερα
1660 4496 1811 4565 παρά

135 4588 214 4641 τὸν
235 4590 380 4642 θεῖον
404 4587 686 4649 ποιοῦντες
717 4596 740 4625 ο
771 4585 955 4652 νόμον.
987 4585 1050 4645 Εἰ
1080 4585 1138 4643 δὲ
1171 4584 1404 4657 φορτικά
1431 4583 1609 4644 ταῦτα
1648 4583 1808 4652 λεγόη

140 4693 290 4752 μινα,
321 4675 705 4745 φορτικώτερα
732 4674 1047 4743 γιγνόμενα.

199 4767 271 4830 γ’.
295 4762 410 4814 Καὶ
441 4759 557 4824 πῶς
591 4758 746 4828 παρά
761 4759 825 4811 τὸ
843 4758 920 4829 τῷ
943 4757 1062 4828 Θεῷ
1088 4755 1278 4816 δοκοῦν
1305 4755 1589 4827 φιλοῦμεν,
1609 4754 1808 4826 φησίν;

139 4846 297 4902 Ὅταν
326 4849 424 4902 τὸν
451 4849 551 4917 μὲν
600 4847 838 4917 Χριστὸν
883 4845 1027 4916 λιμῷ
1082 4845 1386 4916 τηκόμενον
1434 4843 1807 4916 περιορῶμεν,

141 4938 287 4990 παισὶ
312 4937 370 4991 δὲ
395 4937 492 4991 καὶ
534 4936 709 5002 φίλοις
767 4937 861 4989 καλ⁸
926 4935 1246 5004 συγγενέσιν
1275 4923 1432 5005 ’ὑπὲρ
1466 4934 1565 5004 τὴν
1617 4934 1809 5005 χρείαν

143 5026 485 5096 παρέχωμεν.
541 5024 758 5078 Μᾶλλον
805 5023 864 5076 δὲ
916 5024 971 5076 τί
1017 5025 1123 5094 χρὴ
1179 5023 1491 5094 περαιτέρω
1530 5023 1623 5075 τὸν
1651 5021 1810 5090 λόγον

144 5114 431 5182 προάγειν;
475 5111 602 5164 Ἐἀν
660 5109 769 5182 7&9
800 5111 860 5164 τὸ
916 5109 1112 5173 ἑαυτοῦ
1169 5110 1405 5172 συνειδὸς
1437 5110 1669 5173 ἔκαστος
1719 5109 1810 5174 ἐξ·

146 5201 322 5272 ετάσῃ,
343 5200 436 5253 ἐπὶ
458 5198 670 5253 πολλῶν
699 5199 856 5253 τοῦτο
873 5200 1096 5271 εὑρήσει
1124 5201 1409 5268 γινόμενον
1441 5198 1808 5269 πραγμάτων.

157 5286 298 5340 Ἀλλ’
325 5289 424 5358 οὐχ
451 5289 480 5339 6
531 5286 801 5357 μακάριος
862 5289 1067 5350 ἐκεῖνος
1125 5286 1367 5350 τοιοῦτος
1415 5282 1504 5356 ἦν,
1546 5285 1810 5357 ἀλλ’ῇδει

149 5377 233 5426 καὶ
259 5375 451 5444 φιλεῖν,
483 5376 578 5427 καὶ
612 5374 786 5444 φιλεῖν
813 5373 888 5438 ῶς
914 5374 1041 5446 χρὴ,
1078 5374 1174 5426 καὶ
1200 5374 1276 5437 ὼς
1304 5373 1581 5447 προσῆκον
1602 5369 1692 5442 ἦν,
1717 5372 1811 5425 καί

152 5461 344 5525 πάντας
381 5463 548 5517 νικῶν
570 5462 647 5536 τῷ
673 5462 868 5532 φιλεῖν,
917 5463 1015 5532 οὐχ
1049 5461 1379 5534 ὑπερέϐαινε
1438 5461 1540 5529 τῆς
1587 5464 1806 5532 ἀγάπης

151 5549 213 5602 τά
240 5549 426 5622 μέτρα.
464 5552 610 5622 Ὅρα
663 5551 794 5622 γοῦν
847 5551 1134 5622 ἀμφότερα
1199 5550 1327 5620 μεθ’
1384 5550 1690 5621 ὑπερϐολῆς
1753 5553 1810 5603 ὲν

155 5636 291 5708 αὐτῷ
340 5638 594 5709 βρύοντα,
636 5640 731 5692 καὶ
778 5640 869 5693 τὸν
901 5639 995 5692 τοῦ
1040 5639 1177 5692 Θεοῦ
1218 5638 1402 5708 φόϐον,
1445 5640 1540 5691 καὶ
1573 5639 1664 5691 τὸν
1701 5638 1812 5691 τῶν

167 5721 434 5794 Ῥωμαίων
469 5727 656 5781 πόθον.
696 5727 768 5780 T6
806 5727 905 5798 μὲν
937 5726 1046 5797 7&9
1085 5725 1347 5796 διηνεκῶς
1390 5724 1671 5796 εὔχεσθαι,
1718 5727 1813 5778 καὶ

163 5812 227 5880 μὴ
246 5814 574 5883 τυγχάνοντα
608 5812 684 5884 μὴ
710 5815 1062 5883 ἅφίστέασθαι,
1102 5814 1322 5884 ἀγάπης
1353 5815 1590 5886 σφοδρᾶς
1619 5810 1685 5884 ἦν
1708 5830 1719 5841 ·
1752 5814 1816 5867 τὸ

161 5898 210 5950 δὲ
237 5902 528 5968 ἀγαπῶντα
565 5903 748 5973 μένειν
783 5902 811 5942 ά
845 5902 923 5973 τῷ
953 5903 1046 5956 τοῦ
1100 5903 1237 5957 Θεοῦ
1287 5902 1516 5974 νεύματι
1568 5903 1812 5969 εἴκοντα,

215 6042 229 6064 ⁸
255 6043 396 6115 [idem
443 6048 660 6115 ἐκάλεσε.
727 6047 959 6115 δίζηαι-»η
984 6046 1211 6115 ποιοῦμαι
1253 6049 1451 6098 πάντοτε
1476 6049 1567 6098 Eni.
1641 6052 1659 6075 τ
1700 6050 1813 6107 Alii,

163 6109 383 6171 “1074117-
450 6109 608 6172 dAlii,
629 6112 884 6174 ἀγαπῶντα
908 6112 1034 6158 οὕτω
1065 6112 1229 6173 μένιιν.

1395 432 1460 488 ΙΝ
1495 429 1717 486 EPIST.
1756 427 1845 481 AD
1879 426 2046 482 ROM.
2094 432 2325 489 IIOMIL.
2369 435 2428 490 11.

3509 444 3614 500 404

1923 544 2211 610 εὐλαϐείας
2274 553 2690 626 ἐπιτεταμένης.
2750 556 3009 629 Ἀλλαχοῦ
3063 559 3164 629 μὲν
3207 555 3301 614 οὗν
3355 561 3476 630 τρὶς
3519 561 3612 614 τὸν

1923 632 2128 705 Κύριον
2156 640 2548 708 παρακαλέσας
2569 644 2631 696 οὐ
2673 644 2834 714 μόνον
2868 647 2969 698 οὐκ
3011 647 3225 711 ἔλαϐεν,
3256 647 3396 701 ἀλλὰ
3424 649 3521 702 καὶ
3552 650 3613 703 τὸ

1923 723 2190 787 ὲναντίον,
2232 728 2309 797 μὴ
2367 728 2567 794 λαϐὼν,
2630 732 2792 802 χάριν
2839 732 2981 801 ἔγνω
3027 734 3122 787 τοῦ
3158 737 3612 805 παρακουσθῆναι

1921 812 2123 882 πολλήν
2157 831 2170 844 θ
2207 815 2350 868 οὑτω
2381 817 2517 887 πρὸς
2553 818 2646 871 τὸν
2695 820 2827 872 Θεὸν
2871 822 2928 873 ὲν
2958 822 3167 895 ᾆπασιν
3196 823 3444 877 ἔϐλεπεν.
3494 826 3613 878 Ἐν-

1917 898 2093 951 ταῦθα
2120 900 2176 952 δὲ
2208 901 2366 956 ἔλαϐε
2404 905 2524 974 μὲν,
2554 907 2651 976 οὐχ
2681 909 2770 960 ὅτε
2806 909 2866 961 δὲ’
2904 910 3132 979 ᾔτησεν,
3176 911 3314 964 ἀλλά
3346 912 3610 983 βραδέως,

1917 987 2013 1039 καὶ
2037 989 2191 1043 οὐδὲν
2227 1002 2251 1029 θ
2283 993 2536 1046 ἐντεῦθεν
2585 996 2936 1067 ἐδυσχέρανε.
2995 998 3180 1051 Ταῦτα
3231 1000 3288 1052 δὲ
3327 1001 3490 1069 λέγω,
3525 1003 3615 1056 ἵνα

1921 1077 1995 1147 μὴ
2027 1079 2385 1152 ἀσχάλλωμεν
2423 1084 2497 1154 μὴ
2528 1086 2878 1157 ἀκουόμενοι,
2913 1089 2945 1159 ἢ
2975 1089 3221 1162 βραδέως
3258 1092 3608 1162 ἀκουόμενοι.

1918 1164 1992 1218 Οὐ
2019 1167 2128 1238 γάρ
2153 1170 2320 1238 ἐσμεν
2349 1172 2562 1224 Παύλου
2599 1174 2864 1242 βελτίους,
2895 1176 2954 1239 ὃς
2974 1179 3060 1229 ἐπ’
3085 1178 3421 1249 ἀμφοτέροις
3453 1181 3612 1251 χάριν

1916 1254 1943 1306 6
1951 1254 2190 1322 μολογεῖ·
2205 1259 2295 1310 καὶ
2312 1259 2455 1327 μάλα
2469 1262 2779 1324 εἰκότως.Ἐ
2787 1282 2851 1317 πε
2860 1266 2942 1334 ιδὴ
2955 1267 3024 1333 γά
3034 1282 3062 1336 ρ
3076 1266 3221 1331 ἅπαξ
3236 1267 3299 1319 ἔα
3307 1267 3430 1319 υτὸν
3443 1268 3613 1322 ἔδωκε

1916 1346 1982 1414 τῇ
2019 1345 2199 1398 πάντα
2221 1347 2543 1419 κυϐερνώσῃ
2576 1352 2741 1422 χειρὶ,
2792 1354 2886 1405 καὶ
2947 1354 3086 1424 μετὰ
3108 1356 3378 1426 τοσαύτης
3407 1356 3615 1409 ὑποτα-

1916 1433 2018 1502 γῆς
2043 1434 2308 1504 ὑπέθηκε,
2349 1437 2467 1506 μεθ¹
2501 1440 2634 1508 ὅσης
2690 1439 2718 1491 6
2783 1441 2955 1510 πηλὸς
3012 1442 3090 1511 τῷ
3144 1446 3405 1512 κεραμεῖ,
3465 1437 3612 1517 ᾗπερ

1914 1517 2050 1592 ἦγεν
2079 1525 2106 1576 ὁ
2137 1522 2290 1588 Θεὸς,
2329 1526 2639 1593 ἠκολούθει.
2691 1529 2876 1582 Εἰπὼν
2908 1532 3114 1593 τοίνυν,
3143 1534 3225 1584 ὅτι
3258 1531 3455 1601 ηὐχετο
3484 1535 3612 1586 ἰδεῖν

1914 1611 2135 1673 αὐτοὺς,
2171 1611 2320 1678 λέγει
2356 1615 2450 1667 καὶ
2489 1615 2589 1685 τὴν
2644 1617 2825 1669 αἰτίαν
2866 1618 2966 1687 τῆς
3020 1619 3340 1688 ἐπιθυμίας.
3408 1621 3505 1684 Τίς
3553 1621 3613 1674 δέ

1913 1698 2061 1750 ἐστιν
2092 1698 2270 1769 αὐτη;
2306 1701 2439 1756 Ἵνα
2457 1720 2512 1756 τι
2535 1705 2773 1771 μεταδῶ
2813 1705 3078 1776 χάρισμα
3106 1709 3250 1777 ὑμῖν
3281 1726 3614 1778 πνευματι-

1913 1786 2028 1840 κὸν
2078 1792 2166 1854 είς
2218 1789 2284 1843 τὸ
2324 1791 2724 1862 στηριχθῆναι
2753 1793 2925 1862 ὑμᾶς.
2953 1797 3025 1850 Οὐ
3051 1798 3159 1868 γάρ
3180 1798 3390 1865 ἀπλῶς,
3420 1799 3614 1872 ῶσπερ

1915 1876 2102 1929 πολλοὶ
2136 1876 2233 1931 νῦν
2264 1880 2526 1951 περιττὰς
2569 1882 2664 1934 καὶ
2702 1884 2998 1952 ἀνονήτους
3031 1886 3345 1955 ἀποδημίας
3392 1887 3613 1939 ποιοῦν-

1914 1982 2024 2027 ται,
2057 1967 2203 2019 οὑτω
2236 1970 2330 2020 καὶ
2360 1971 2588 2034 ἐκεῖνος,
2649 1972 2765 2025 ἀλλ’
2819 1974 2959 2045 ὑπὲρ
2999 1969 3315 2051 ἀναγκαίων
3350 1977 3443 2028 καὶ
3475 1977 3611 2045 σφό-

1911 2054 2015 2125 δρα
2045 2057 2487 2124 κατεπειγόντων
2517 2076 2531 2090 ·
2570 2062 2665 2113 καὶ⁸
2709 2059 2898 2130 σαφῶς
2960 2061 3065 2131 μὲν
3113 2063 3295 2130 λέγειν
3343 2064 3504 2117 τοῦτο
3537 2066 3608 2131 ,οὑ

1913 2141 2187 2211 βούλεται,
2237 2145 2656 2215 αἰνιγματωδῶς
2698 2147 2776 2201 δέ.
2841 2140 2981 2202 Οὐδὲ
3037 2151 3149 2220 γὰρ
3187 2148 3360 2216 εἷπεν,
3392 2153 3509 2205 Ἵνα
3539 2152 3613 2206 δι-

1912 2235 2058 2301 δάξω
2083 2237 2247 2306 ὑμᾶς,
2287 2237 2738 2311 ἴνακατηχήσω,
2779 2241 2867 2294 ἵνα
2894 2243 2955 2295 τὸ
2993 2242 3177 2296 λεῖπον
3201 2244 3607 2315 άναπληρώσω,

1910 2323 2199 2379 ἁλλ”Ἶνα
2240 2342 2294 2378 τι
2331 2325 2598 2396 μεταδῶ,
2654 2329 2872 2393 δεικνὺς
2919 2331 3001 2383 ὅτι
3042 2331 3102 2384 οὐ
3154 2331 3223 2385 τά
3285 2333 3454 2386 αὑτοῦ
3506 2333 3611 2385 αὐο

1910 2414 2024 2475 τοῖς
2053 2411 2292 2479 δίδωσιν,
2333 2414 2465 2469 ἀλλ’
2500 2407 2646 2486 ἅπερ
2703 2415 2861 2471 ἔλαϐε
2906 2418 3207 2488 μετεδίδου.
3241 2420 3354 2472 Καὶ
3374 2418 3611 2472 ἐνταῦθα

1909 2500 1967 2554 δὲ
2002 2502 2287 2572 μετριάζει
2337 2503 2500 2557 πάλιν
2540 2504 2712 2558 εἰπών
2737 2524 2751 2536 “
2791 2507 2928 2562 Ἵνα
2979 2523 3056 2561 τι.
3095 2507 3308 2579 Μικρόν
3339 2525 3414 2569 τι,
3449 2509 3608 2577 φησὶ,

1911 2593 2004 2642 καὶ
2035 2591 2160 2659 ἐμοὶ
2190 2591 2529 2664 σύμμετρον.
2558 2593 2669 2645 Καὶ
2703 2594 2756 2648 τί
2790 2595 2922 2648 ποτέ
2959 2596 3076 2648 ἔστι
3109 2595 3170 2647 τὸ
3206 2595 3404 2667 μικρὸν
3424 2595 3608 2661 τοῦτο,

1909 2672 1973 2732 οὐ
2005 2681 2224 2751 μέλλεις
2258 2680 2354 2735 νῦν
2404 2682 2443 2721 ί’
2489 2683 2866 2754 μεταδιδόναι;
2918 2684 3092 2737 Τοῦτο
3145 2685 3203 2738 δέ
3251 2685 3392 2750 ἐστι,
3417 2685 3608 2755 φησὶν,

1911 2772 2016 2835 Είς
2039 2770 2102 2822 τὸ
2138 2771 2540 2840 στηριχθῆναι
2578 2770 2759 2841 ὑμᾶς.

1985 2889 2129 2957 ’Ἄρα
2169 2887 2263 2939 καὶ
2319 2885 2477 2941 τοῦτο
2534 2885 2781 2956 χάριτος,
2821 2885 2884 2939 τὸ
2947 2886 3023 2957 μὴ
3077 2885 3430 2952 σαλεύεσθαι,
3480 2884 3613 2940 ἀλλ’

1909 2972 2132 3028 ἑστάναι
2182 2973 2438 3043 βεϐαίως.
2483 2973 2660 3043 Χάριν
2692 2973 2751 3028 δὲ
2787 2974 2916 3028 ὅταν
2957 2973 3219 3046 ἀκούσης,
3253 2975 3328 3044 μὴ
3378 2975 3611 3046 νομίσῃς

1909 3062 2280 3131 ἐκϐεϐλῆσθαι
2311 3063 2401 3114 τὸν
2447 3063 2555 3114 ἀπὸ
2600 3064 2700 3132 τῆς
2748 3062 3130 3132 προαιρέσεως
3175 3061 3367 3132 μισθόν
3402 3078 3412 3090 ·
3447 3062 3610 3134 χάριν

1909 3149 2019 3220 7&9
2044 3146 2222 3212 εἶπεν,
2261 3149 2384 3218 οὐχὶ
2421 3150 2513 3202 τὸν
2562 3150 2627 3202 ὲκ
2680 3152 3058 3220 προαιρέσεως
3109 3149 3395 3219 ἀτιμάζων
3423 3151 3607 3216 πόνον,

1909 3237 2046 3296 ἀλλά
2077 3238 2167 3291 τὸν
2203 3238 2260 3306 ἐξ
2297 3237 2557 3302 ἀπονοίας
2595 3237 3041 3307 ἀποτεμνόμενος
3080 3236 3271 3306 τῦφον.
3315 3237 3403 3308 Μὴ
3431 3240 3612 3294 τοίνυν

1909 3326 2098 3396 ἐπειδὴ
2128 3325 2342 3389 Παῦλος
2367 3325 2499 3395 αὐτὸ
2533 3325 2783 3396 χάρισμα
2817 3325 3082 3379 ἐκάλεσεν
3104 3365 3119 3388 ,
3149 3326 3454 3398 ἀναπέσῃς.
3484 3323 3608 3381 Οἷδε

1910 3417 2019 3486 γάρ
2079 3414 2148 3468 δι’
2189 3413 2618 3484 εὐγνωμοσύνην
2679 3413 2882 3485 πολλὴν
2937 3414 3029 3467 καὶ
3084 3414 3152 3468 τά
3200 3416 3610 3487 κατορθώματα

1908 3495 2227 3572 χαρίσματα
2265 3492 2471 3563 καλεῖν,
2503 3502 2592 3558 διὰ
2641 3502 2702 3554 τὸ
2740 3504 2834 3555 καὶ
2867 3503 2926 3556 ἐν
2960 3502 3173 3566 τούτοις
3221 3504 3425 3575 πολλῆς
3459 3507 3611 3577 ἡμᾶς

1908 3591 2119 3653 δεῖσθαι
2171 3593 2271 3661 τῆς
2322 3589 2528 3645 ἄνωθεν
2575 3590 2772 3661 ῥοπῆς.
2811 3589 2998 3645 Εἰπὼν
3037 3590 3114 3652 δὲ,
3156 3593 3262 3658 Είς
3297 3591 3363 3644 τὸ
3402 3606 3610 3661 στηρι-

1909 3680 2131 3749 χθῆ-ναι
2183 3679 2369 3749 ὑμᾶς,
2418 3678 2794 3742 λανθανόντως
2841 3679 3007 3744 ἔδειξε
3065 3678 3357 3749 δεομένους
3402 3682 3608 3752 πολλῆς

1906 3767 2268 3838 διορθώσεως.
2309 3767 2373 3818 Ὃ
2401 3764 2511 3835 γὰρ
2540 3764 2790 3835 βούλεται
2833 3767 3038 3826 εἰπεῖν,
3079 3765 3240 3820 τοῦτό
3276 3769 3422 3820 ἐστιν
3457 3783 3472 3798 ·
3507 3770 3608 3822 Ἐκ

1909 3857 2107 3912 πολλοῦ
2136 3856 2232 3912 τοῦ
2263 3857 2455 3932 χρόνου
2483 3854 2794 3925 ἐπεθύμουν
2843 3855 2937 3909 καὶ
2980 3856 3232 3929 ηὐχόμην
3273 3858 3421 3929 ὑμᾶς
3451 3858 3605 3926 ἰδεῖν,

1909 3948 1978 4002 δι’
2001 3949 2188 4016 ἕτερον
2217 3948 2313 4016 μὲν
2336 3946 2510 4010 οὐδὲν,
2542 3946 2630 3998 ἵνα
2650 3945 2706 3999 δὲ
2741 3946 2887 4013 ὑμᾶς
2915 3944 3203 4015 βεϐαιώσω
3224 3986 3239 4007 ,
3269 3945 3510 4017 στηρίξω
3545 3965 3606 4001 τε

1909 4036 2005 4090 καὶ
2026 4035 2184 4104 πήξω
2208 4034 2388 4098 καλῶς
2411 4035 2490 4113 είς
2519 4034 2611 4085 τὸν
2648 4033 2745 4086 τοῦ
2771 4033 2908 4086 Θεοῦ
2932 4033 3098 4102 φόϐον
3134 4043 3182 4098 ε,
3213 4033 3356 4087 ῶστε
3387 4036 3462 4106 μὴ
3504 4053 3608 4089 σα-

1908 4123 2160 4178 λεύεσθαι
2189 4121 2474 4194 διηνεκῶς.
2514 4121 2668 4174 Ἀλλ’
2714 4121 2857 4174 οὑτω
2891 4120 2991 4191 μὲν
3033 4122 3135 4175 οὐκ
3171 4117 3324 4176 εἶπεν
3352 4139 3368 4154 ·
3400 4122 3607 4194 ἔπληξε

1909 4213 2018 4282 γὰρ
2054 4212 2119 4266 ἀν
2151 4226 2168 4242 ⁶
2207 4211 2410 4282 ἑτέρως
2433 4209 2491 4264 δὲ
2514 4210 2824 4280 ὑφειμένως
2849 4208 2911 4261 τὺ
2934 4208 3067 4262 αὑτὸ
3101 4210 3398 4264 αἰνίττεται
3429 4226 3444 4240 °
3476 4212 3607 4266 ὅταν

1909 4302 2018 4372 γὰρ
2048 4302 2215 4370 είπη,
2253 4302 2361 4363 Εἰς
2418 4298 2486 4352 τὸ
2550 4295 2953 4366 στηριχθῆναι
3013 4296 3192 4366 ὑμᾶς,
3241 4298 3402 4351 τοῦτο
3429 4298 3602 4369 δηλοῖ.

1910 4387 2043 4443 Εἶτα
2075 4387 2264 4458 ἐπειδὴ
2290 4389 2384 4441 καὶ
2430 4385 2591 4438 τοῦτο
2636 4385 2844 4456 σφόδρα
2894 4386 3157 4456 φορτικὸν
3203 4379 3293 4455 ἦν,
3343 4386 3445 4456 ὅρα
3485 4386 3606 4450 πῶς

1910 4479 2043 4534 αὐτὸ
2092 4473 2501 4548 παραμυθεῖται
2543 4473 2632 4527 διά
2688 4473 2787 4542 τῆς
2838 4473 3161 4542 ἐπαγωγῆς.
3225 4473 3342 4526 Ἵνα
3383 4474 3492 4545 γάρ
3528 4475 3606 4544 μὴ

1909 4566 2130 4636 λέγωσι.
2169 4565 2234 4618 τε
2279 4563 2420 4632 γάρ;
2478 4560 2840 4630 σαλευόμεθα,
2883 4560 3319 4634 περιφερόμεθα,
3366 4563 3460 4614 καὶ
3505 4562 3611 4631 τῆς

1910 4653 2062 4725 παρά
2116 4652 2211 4705 σοῦ
2258 4649 2492 4720 δεόμεθα
2537 4647 2789 4717 γλώττης
2830 4650 2912 4711 εἰς
2963 4648 3026 4700 τδ
3084 4649 3278 4718 στῆναι
3330 4649 3606 4718 βεϐαίως;

1911 4742 2199 4813 προλαϐὼν
2229 4741 2445 4812 ἀναιρεῖ
2466 4739 2567 4810 τὴν
2581 4737 2840 4807 τοιαύτην
2859 4737 3202 4807 ἀντίρρησιν,
3230 4736 3373 4789 οὕτω
3401 4737 3601 4804 λέγων·

1915 4832 2098 4887 Τοῦτο
2123 4829 2192 4884 δέ
2243 4829 2377 4883 ἐστι
2429 4823 3026 4896 συμπαρακληθῆναι
3072 4823 3144 4877 ἐν
3179 4825 3327 4892 ὑμῖν
3376 4822 3474 4878 διὰ
3499 4823 3608 4892 τῆς

1910 4921 1985 4978 ἐν
2010 4917 2308 4985 ἀλλήλοις
2355 4917 2640 4982 πίστεως,
2692 4911 2862 4981 ὑμῶν
2915 4929 2978 4965 τε
3024 4912 3121 4965 καὶ
3148 4910 3318 4980 ἐμοῦ.
3359 4912 3446 4973 Ὠς
3471 4912 3537 4965 ἂν
3557 4915 3607 4967 ει

1910 5008 2067 5078 ἔλεγε
2101 5022 2116 5038 ’
2148 5007 2242 5077 Μὴ
2293 5005 2698 5074 ὑποπτεύσητε,
2723 5003 2805 5072 δτι
2848 4999 3175 5070 κατηγορῶν
3221 5001 3376 5070 ὑμῶν
3409 4996 3563 5055 εἶπον
3589 5018 3604 5033 ο

1910 5102 1973 5156 οὐ
1996 5100 2172 5180 ταύτῃ
2201 5101 2269 5171 τῇ
2299 5100 2497 5169 γνώμῃ
2531 5078 2884 5163 ἐφθεγξάμην
2917 5092 2978 5145 τὸ
3011 5092 3186 5180 ῥῆμα,
3223 5091 3360 5144 ἀλλά
3388 5091 3439 5144 τί
3473 5092 3609 5145 ποτέ

1911 5192 2080 5257 ἐστιν,
2132 5179 2271 5260 ὅπερ
2321 5185 2633 5257 ἠϐουλήθην
2697 5185 2908 5246 είπεῖν;
2963 5179 3172 5242 Πολλὰς
3213 5180 3548 5249 ὑπεμείνατε
3580 5186 3607 5222 δ

1912 5278 2143 5348 θλίψεις,
2180 5277 2286 5330 ὑπὸ
2328 5275 2437 5333 τῶν
2477 5272 2784 5328 διωκόντων
2838 5268 3323 5341 περιαντλούμενοι
3357 5284 3371 5297 ·
3409 5269 3615 5321 ὲπεθύο

1917 5383 2067 5437 μησα
2100 5365 2284 5418 τοίνυν
2331 5362 2476 5431 ὑμᾶς
2533 5360 2686 5422 ίδεῖν,
2731 5358 2818 5410 ἵνα
2867 5355 3261 5426 παρακαλέσω,
3320 5355 3523 5425 μᾶλλον
3550 5356 3611 5411 δὲ

1913 5456 2013 5526 οὐχ
2045 5455 2134 5508 ἵνα
2163 5450 2536 5524 παρακαλέσω
2586 5448 2768 5518 μόνον,
2827 5445 2957 5500 ἀλλ’
2988 5445 3075 5499 ἵνα
3111 5445 3205 5498 καὶ
3229 5444 3394 5508 αὐτὸς
3425 5445 3612 5516 παρά·-

1915 5544 2018 5612 κλη
2027 5561 2109 5596 σιν
2136 5542 2400 5612 δέξωμαι.

1985 5650 2202 5721 δ’.”Ορα
2220 5645 2413 5716 σοφίαν
2433 5643 2777 5699 διδασκάλου.
2794 5638 2985 5706 Εἶπεν,
3003 5642 3108 5705 Εἰς
3124 5638 3190 5692 τὸ
3206 5639 3612 5710 στηριχθῆναι

1914 5736 2076 5808 ὑμᾶς
2115 5754 2127 5766 ·
2158 5731 2267 5788 οἶδε
2297 5734 2437 5805 βαρὺ
2462 5733 2557 5787 καὶ
2591 5731 2850 5801 φορτικὸν
2880 5730 2942 5782 τὸ
2975 5727 3270 5799 εἰρημένον
3293 5730 3407 5790 τοῖς
3432 5728 3611 5800 μαθη-

1916 5830 2037 5891 ταῖς
2070 5826 2151 5888 ὃν,
2182 5825 2276 5878 καὶ
2301 5823 2472 5891 λέγει,
2512 5824 2618 5886 Είς
2641 5819 2705 5874 τὸ
2729 5815 3197 5886 παρακληθῆναι
3235 5814 3411 5884 ὑμᾶς.
3444 5817 3611 5872 Ἀλλά

1916 5917 2012 5968 καὶ
2040 5913 2199 5967 τοῦτο
2233 5910 2371 5983 βαρὺ
2403 5911 2587 5974 πάλιν,
2640 5911 2738 5981 οὐχ
2794 5908 2939 5962 οὑτω
2977 5907 3077 5979 μὲν
3104 5905 3179 5967 ὡς
3213 5905 3274 5959 τὸ
3320 5905 3606 5977 πρότερον.

3074 6043 3098 6081 8
3118 6037 3418 6094 mmmam?)
3439 6038 3599 6096 λόγον,

1980 6046 1996 6068 ⁸
2023 6044 2390 6105 θυὶήσπιωύδέ.
2467 6043 2488 6081 ί
2515 6042 3000 6105 Μ53.,μέ>λειςὴμῖν.
3074 6043 3098 6081 8
3118 6042 3418 6094 L‘nusﬁmb
3439 6042 3540 6095 λὸγι

1980 6125 2067 6157 In.
2099 6110 2239 6161 Alius
2258 6105 2382 6155 Θεοῦ
2406 6107 2548 6161 φόϐον
2578 6109 2655 6154 καὶ
2682 6106 2841 6161 ὶόγον,
2866 6108 3008 6155 ὥστε.
3079 6103 3104 6143 11
3132 6098 3540 6161 5135.,‘mouévna

3132 6120 3228 6153 mss
3239 6141 3248 6149 .
3255 6140 3269 6164 ,
3281 6120 3555 6161 νπομενετι.

1926 6111 2067 6157 ὥστε.
2099 6110 2239 6167 Alnus
2258 6105 2382 6155 ε)εοῦ
2406 6107 2548 6169 φόϐον
2578 6109 2655 6154 καὶ
2682 6106 2841 6168 λόγον,
2866 6108 3008 6155 ὥστε.
