4108 6340
165 355 275 411 405

160 486 272 541 que
300 470 427 526 illud
458 470 600 541 quod
636 470 782 541 prius
808 469 1036 523 dixerat.
1076 466 1428 535 Asperitatem
1462 465 1640 533 itaque
1669 459 1769 515 mi-

158 566 317 632 tigat,
353 572 411 618 ιιι
436 577 742 617 sermonem
773 560 961 616 reddat
993 567 1292 627 acceptum.
1323 556 1439 612 Non
1467 556 1609 610 enim
1639 553 1769 606 sim-

161 653 374 721 pliciter
410 654 576 718 dixit,
612 653 927 717 Consolari;
967 650 1061 706 sed
1083 691 1097 715 ,
1136 649 1308 705 Simul
1335 665 1429 702 nos
1464 646 1718 701 consolari
1750 660 1767 697 :

158 760 339 814 neque
381 746 435 799 id
480 745 554 799 illi
598 745 731 800 satis
767 742 896 806 fuit,
941 741 1036 797 sed
1083 750 1137 796 et
1182 740 1325 795 illam
1376 738 1761 808 mitigationem

153 837 386 905 addidit,
416 839 600 893 dicens
629 855 642 891 :
675 837 777 892 Per
804 846 1031 890 mutuam
1068 835 1240 904 ﬁdem,
1270 843 1483 888 vestram
1506 843 1550 885 et
1576 846 1759 883 meam.

159 930 345 1001 Papze,
369 941 568 1001 quanta
596 930 901 985 humilitas!
928 928 1175 998 Seipsum
1202 927 1283 980 bis
1303 939 1461 996 egere
1488 921 1761 986 iudicavit,

151 1037 325 1093 seque
349 1023 454 1077 illis
481 1024 735 1093 indigere,
767 1037 866 1077 nec
892 1021 1011 1077 illos
1032 1021 1204 1075 solum
1235 1020 1351 1089 ipso
1373 1032 1508 1087 opus
1537 1016 1758 1081 habere,

148 1125 321 1186 atque
343 1115 633 1185 discipulos
660 1115 1034 1185 magistrorum
1064 1115 1182 1167 loco
1204 1111 1408 1173 habuit,
1435 1109 1633 1163 nullam
1656 1107 1760 1162 sibi

153 1208 564 1279 praerogativam
604 1206 949 1277 relinquens,
988 1204 1083 1260 sed
1114 1204 1469 1273 aequalitatem
1512 1214 1757 1271 magnam

150 1299 469 1356 ostendens.
492 1299 803 1354 Communis
822 1308 905 1353 est
925 1298 1147 1357 utilitas.
1178 1296 1368 1366 inquit,
1394 1293 1760 1349 consolatione

150 1407 402 1462 egemus,
433 1406 533 1462 ego
559 1402 757 1457 vestra,
785 1407 882 1446 vos
914 1406 1053 1446 mea.
1084 1389 1151 1444 Et
1179 1387 1450 1460 quomodo
1486 1386 1627 1441 hoc?
1657 1384 1759 1439 Per

152 1486 311 1554 ﬁdem
353 1495 613 1549 mutuam,
652 1494 868 1539 vestram
906 1495 953 1538 et
994 1500 1175 1537 meam.
1216 1480 1676 1549 Quemadmodum
1710 1480 1754 1533 si

148 1580 275 1650 quis
300 1581 496 1634 multas
519 1579 678 1634 simul
704 1578 961 1633 accendat
984 1578 1251 1643 lucernas,
1282 1574 1615 1645 splendidam
1644 1573 1756 1627 edit

151 1669 428 1726 ﬂammam
457 1690 471 1727 :
497 1672 575 1727 sic
595 1682 645 1726 et
672 1671 809 1743 apud
840 1670 1029 1727 ﬁdeles
1050 1668 1442 1725 eveniresolet.
1457 1666 1588 1722 Cum
1611 1666 1752 1722 enim

149 1764 407 1835 disiuncti
435 1774 489 1819 et
515 1765 742 1836 dispersi
783 1779 1000 1829 sumus,
1034 1765 1214 1820 animo
1253 1764 1430 1818 minus
1466 1764 1709 1817 valemus
1739 1779 1751 1814 :

150 1856 369 1925 quando
396 1866 575 1911 autem
606 1872 700 1911 nos
725 1865 909 1911 mutuo
928 1857 1311 1927 conspicimus,
1335 1864 1387 1910 et
1408 1854 1556 1924 quasi
1586 1868 1755 1907 metu-

151 1947 268 2003 bris
312 1963 411 2002 nos
450 1932 893 2018 complectimur,
926 1950 1147 2004 multum
1183 1948 1476 2017 accipimus
1504 1947 1752 2001 consola-

152 2041 379 2095 tionem.
410 2040 488 2097 Ne
517 2042 646 2096 mihi
674 2052 849 2097 autem
875 2057 1114 2114 prmsens
1141 2054 1351 2111 tempus
1380 2041 1455 2095 illi
1483 2040 1749 2106 conferas,

149 2150 262 2204 quo
294 2151 391 2205 per
424 2136 514 2190 Dei
543 2138 767 2206 gratiam
808 2136 859 2190 in
894 2136 1046 2202 vicis,
1081 2137 1132 2190 in
1166 2135 1408 2198 urbibus,
1443 2135 1493 2188 in
1523 2134 1750 2203 ipsoque

145 2229 367 2283 deserto
398 2228 548 2283 multi
579 2238 704 2283 sunt
731 2229 1062 2284 credentium
1088 2238 1290 2292 cmtus,
1318 2228 1601 2297 omnisque
1629 2226 1752 2282 inde

145 2320 372 2387 expulsa
400 2330 483 2374 est
511 2321 757 2390 impietas
785 2338 797 2373 :
832 2321 923 2376 sed
959 2320 1087 2375 illud
1116 2322 1288 2390 cogita
1318 2330 1561 2389 tempus,
1590 2332 1749 2388 quam

144 2410 443 2479 Optandqu
483 2420 608 2465 tunc
643 2421 789 2467 esset
831 2413 1085 2483 magistro
1127 2412 1307 2467 videre
1345 2410 1667 2481 discipulos,
1698 2418 1752 2463 et

145 2504 344 2559 fratres
373 2504 473 2558 alia
501 2520 565 2559 ex
594 2505 723 2559 urbe
748 2504 1099 2560 advenientes
1119 2503 1449 2573 conspicere.
1479 2500 1545 2557 Ut
1570 2511 1749 2555 autem

145 2596 234 2661 id,
270 2597 414 2667 quod
455 2597 611 2663 dico,
646 2596 846 2651 clarius
884 2595 1076 2651 evadat
1098 2637 1113 2663 ,
1141 2595 1389 2664 exemplo
1432 2604 1663 2647 utamur.
1692 2592 1749 2647 Si

143 2688 520 2758 contingeret,
553 2688 692 2759 quod
736 2688 912 2754 absit,
952 2704 1050 2743 nos
1105 2686 1392 2741 translatos
1444 2686 1497 2740 in
1547 2694 1747 2740 terram

143 2783 433 2837 Persarum
465 2793 555 2835 aut
580 2780 898 2854 Scytharum
936 2782 1356 2837 barbarorumve
1384 2780 1630 2846 aliorum,
1662 2778 1748 2832 di-

140 2875 327 2944 spergi
358 2868 512 2929 binos
535 2875 617 2929 vel
646 2885 826 2928 :ernos
853 2875 903 2928 in
936 2875 1040 2929 illis
1062 2872 1301 2937 urbibus,
1326 2872 1625 2942 deindeque
1650 2871 1749 2924 ali-

140 2983 308 3036 quem
331 2983 397 3021 ex
428 2968 510 3020 bis
540 2969 670 3022 locis
698 2970 1002 3023 venientem
1028 2967 1322 3037 derepente
1346 2968 1549 3029 videre,
1572 2964 1746 3035 cogita

139 3070 345 3128 quanta
391 3062 724 3129 repleremur
753 3054 1141 3115 consolatione.
1176 3062 1365 3112 Annon
1398 3057 1589 3111 ridetis
1619 3070 1745 3119 eos,

138 3154 233 3222 qui
265 3153 317 3204 in
351 3153 659 3206 carceribus
688 3162 829 3217 sunt,
862 3153 904 3207 si
932 3168 1092 3222 quem
1126 3150 1464 3205 familiarium
1498 3149 1745 3213 viderint,

140 3261 442 3316 exsurgere
470 3255 523 3301 et
552 3262 661 3315 pne
683 3247 876 3315 gaudio
901 3246 1159 3299 exsilire?
1186 3244 1239 3299 Si
1272 3259 1431 3313 porro
1456 3242 1746 3312 captivitati

139 3351 194 3394 et
226 3341 434 3393 carceri
468 3340 553 3393 illa
587 3350 826 3408 tempora
854 3338 1165 3401 conferam,
1202 3353 1266 3391 ne
1297 3336 1513 3391 mireris
1548 3355 1559 3387 :
1594 3335 1747 3403 longe

139 3433 291 3486 enim
323 3432 569 3500 graviora
610 3432 948 3501 patiebantur
986 3431 1083 3493 illi,
1114 3430 1366 3499 dispersi,
1396 3428 1556 3498 pulsi,
1588 3428 1639 3480 in
1667 3426 1748 3480 fa-

140 3539 231 3577 me
269 3532 324 3577 et
369 3524 523 3578 bellis
555 3525 825 3587 viventes,
858 3524 1198 3592 quotidianas
1227 3532 1429 3576 mortes
1460 3521 1706 3573 timentes
1729 3560 1745 3585 ,

137 3616 371 3677 amicos,
404 3613 713 3681 familiares,
744 3624 998 3685 cognatos
1035 3623 1313 3682 suspertos
1343 3613 1621 3671 habentes,
1652 3626 1745 3665 or-

139 3706 267 3760 bem
306 3717 567 3760 terrarum
596 3707 748 3776 quasi
789 3716 1101 3762 extraneum
1139 3706 1238 3761 sibi
1273 3705 1602 3769 incolentes,
1638 3704 1746 3756 imo

135 3799 375 3867 graviori
400 3799 450 3852 in
474 3806 613 3853 statu
640 3810 936 3863 versantes,
956 3813 1113 3868 quam
1138 3796 1192 3856 ii.
1220 3797 1308 3866 qui
1334 3798 1383 3850 in
1406 3796 1579 3850 aliena
1602 3804 1743 3849 terra

136 3890 369 3959 degunt.
413 3890 538 3945 Ideo
572 3891 649 3944 ai-t
680 3908 691 3943 :
724 3892 803 3943 Ad
841 3890 1219 3958 conﬁrmandos
1256 3906 1342 3942 vos
1388 3906 1475 3957 per
1516 3898 1745 3941 mutuam

138 3983 322 4051 ﬁdem.
350 3982 460 4037 lloc
490 3999 618 4037 vero
644 3983 874 4048 dicebat,
906 4000 1009 4037 non
1039 3984 1188 4051 quasi
1223 3984 1334 4052 ipse
1364 3984 1573 4036 illorum
1598 3998 1747 4037 com-

139 4075 341 4129 militio
366 4090 502 4144 opus
531 4076 750 4130 haberet
783 4095 793 4129 :
823 4077 992 4139 absit;
1023 4076 1293 4145 quomodo
1316 4077 1456 4130 enim
1491 4075 1745 4130 Ecclesia:

138 4168 427 4230 columna,
466 4166 611 4222 ferro
641 4179 694 4221 et
727 4178 870 4237 petra
912 4168 1118 4231 fortior,
1160 4169 1454 4236 Spiritualis
1488 4168 1577 4223 ille
1615 4169 1745 4223 ada-

140 4278 261 4315 mas
280 4306 295 4327 ,
325 4264 415 4332 qui
448 4262 744 4317 innumeris
773 4263 1069 4318 sulliciebat
1109 4263 1411 4317 civitatibus
1432 4306 1445 4328 ,
1481 4264 1584 4318 illis
1610 4278 1747 4333 Opus

112 4340 404 4410 liabet-et?
434 4355 527 4409 sed
566 4365 621 4409 ttt
660 4371 726 4409 ne
766 4357 1021 4410 molestus
1053 4371 1265 4413 sermo.
1307 4371 1441 4409 neve
1483 4357 1747 4410 correctio

141 4448 523 4502 vehementior
548 4457 729 4510 esset,
759 4461 816 4501 se
846 4447 1055 4501 illorum
1086 4448 1455 4503 Cttllsttlﬂlimtc
1482 4462 1616 4516 Opus
1649 4448 1745 4501 ha-

143 4542 278 4595 bere
305 4539 535 4594 diccbat.
564 4540 716 4607 Quod
746 4540 789 4594 si
815 4540 932 4611 quis
965 4540 1049 4594 bic
1079 4541 1499 4595 consolationem
1528 4552 1575 4596 et
1614 4542 1747 4595 laeti-

142 4635 276 4688 tiam
314 4649 379 4686 ex
414 4633 515 4688 ltde
542 4644 595 4686 ct
626 4634 955 4691 incremento
996 4634 1207 4687 illorum
1252 4644 1422 4688 ortam
1469 4649 1606 4704 Opus
1647 4634 1741 4687 ba-

140 4729 331 4783 buisse
361 4726 579 4781 Paulum
606 4726 834 4790 dixerit,
869 4726 953 4781 hic
977 4736 1125 4781 certe
1166 4743 1271 4780 non
1309 4727 1662 4782 aberraverit.
1690 4726 1746 4783 Si

141 4836 305 4891 ergo,
335 4820 564 4888 inquies,
591 4819 642 4873 id
669 4821 941 4875 desideras
971 4830 1024 4875 et
1050 4828 1225 4886 optas,
1249 4831 1303 4875 et
1326 4821 1746 4875 consolationem

142 4926 469 4983 accepturus
513 4914 838 4983 daturusque
882 4929 979 4979 es,
1025 4915 1151 4982 quid
1198 4916 1417 4982 impedit
1464 4915 1750 4985 quominus

140 5010 377 5062 venias?
410 5006 558 5060 llanc
580 5022 707 5075 ergo
732 5007 945 5060 solvens
972 5008 1330 5075 suspicionem
1353 5049 1367 5070 ,
1399 5008 1581 5077 adjicit
1616 5028 1629 5061 :
1659 5009 1745 5062 15.

149 5104 296 5158 Nolo
326 5112 495 5155 autem
524 5118 607 5155 vos
637 5102 892 5171 ignorare,
922 5105 1126 5171 fratres,
1156 5102 1292 5171 quod
1328 5118 1463 5171 sa'pe
1486 5102 1748 5155 desidera-

142 5198 307 5249 rerim
327 5195 496 5249 venire
512 5194 579 5247 ad
599 5210 701 5251 vos.
724 5205 769 5246 et
790 5194 1057 5263 impeditus
1072 5194 1167 5247 sim
1188 5212 1341 5261 usque
1358 5195 1425 5246 ad
1443 5194 1574 5247 [tunc
1595 5194 1745 5247 diem.

150 5289 290 5343 Vide
329 5287 540 5341 servilis
569 5284 898 5339 .obedietttite
932 5287 1182 5349 modum,
1214 5298 1267 5339 et
1293 5287 1581 5340 admodum
1613 5288 1748 5356 grati

146 5381 315 5436 animi
356 5382 823 5449 signiﬁcationem.
853 5378 1003 5448 Quod
1035 5378 1358 5449 pra-peditus
1385 5381 1473 5445 sit,
1507 5381 1615 5444 ait;
1648 5396 1747 5448 qua

145 5475 217 5529 de
258 5488 459 5532 causa,
494 5489 597 5526 non
641 5474 787 5525 item.
828 5471 1011 5541 Neque
1056 5472 1195 5524 enim
1238 5473 1501 5525 examinat
1537 5471 1749 5526 Domini

151 5567 498 5629 tuatnlattttn,
535 5565 627 5620 sed
670 5568 983 5635 obsequitur
1022 5576 1226 5619 tantum
1259 5585 1270 5620 :
1302 5582 1624 5635 quamquam
1661 5585 1753 5638 par

152 5671 274 5715 erat
300 5661 569 5725 dubitare,
594 5675 689 5715 cur
720 5669 917 5713 tardam
947 5672 1159 5729 tamque
1185 5660 1516 5730 splendidam
1542 5662 1752 5725 urbem,

152 5756 221 5811 ad
247 5772 409 5825 quam
438 5756 599 5808 totius
626 5754 770 5809 orbis
799 5755 935 5809 oculi
970 5756 1438 5817 convertebantur.
1470 5758 1755 5827 quominus

152 5852 376 5907 doctore
403 5858 549 5904 tanto
577 5848 859 5916 frueretur,
891 5849 1091 5904 tamdiu
1120 5849 1397 5924 impediret
1428 5850 1587 5905 Deus.
1620 5849 1748 5905 Nam

1281 351 1342 406 ΙΝ
1385 347 1602 405 EI‘lST.
1650 349 1737 440 Al)
1782 346 1944 400 11031.
1990 347 2221 403 1101111..
2260 350 2321 404 ll.

3375 355 3485 411 $06

1880 461 1969 527 qui
2002 461 2356 531 imperantem
2386 464 2574 519 urbem
2602 462 2732 519 vicit
2752 507 2766 529 ,
2800 466 3043 521 subditos
3067 465 3183 535 ejus
3217 464 3370 522 facile
3400 468 3485 520 iu-

1878 553 2060 620 vadit;
2090 558 2179 625 qui
2209 566 2391 609 autem
2424 557 2509 610 illa
2542 556 2786 622 dimissa,
2819 557 3048 612 subditis
3080 556 3362 619 incumbit,
3396 557 3487 611 illo

1871 656 2033 714 caput
2055 647 2295 717 negligit.
2323 649 2391 701 At
2414 647 2543 702 nihil
2570 648 2759 703 borum
2787 649 2982 703 Paulus
3004 663 3219 704 curiose
3242 649 3482 719 indagat,

1871 736 1965 791 sed
2000 739 2533 809 incomprehensibili
2576 738 2926 811 providentire
2961 739 3139 805 cedit,
3176 749 3285 793 tum
3316 739 3484 794 animi

1871 834 1951 885 sui
1993 832 2419 889 moderationem
2454 834 2777 900 ostendens,
2807 844 2918 889 tum
2953 834 3207 889 erudiens
3235 848 3335 887 nos
3360 848 3483 887 om-

1871 939 1988 989 nes,
2009 941 2078 981 ne
2098 942 2350 997 umquam
2376 944 2405 981 a
2431 928 2544 982 Deo
2566 939 2839 999 gestorum
2860 928 3121 983 rationem
3144 937 3478 998 repetamus.

1868 1019 2082 1075 etiamsi
2123 1004 2210 1074 ina
2252 1022 2450 1076 multos
2493 1022 2711 1077 turbare
2751 1021 3053 1077 videantur.
3098 1020 3230 1075 Nam
3272 1019 3482 1074 domini

1870 1121 2075 1166 tantum
2113 1121 2197 1167 est
2240 1113 2542 1184 imperare,
2589 1129 2872 1169 servorum
2910 1114 3157 1183 obsequi.
3192 1113 3317 1168 ldeo
3351 1113 3483 1168 dicit

1866 1216 1927 1257 se
1969 1204 2281 1273 impeditum
2328 1204 2527 1268 fuisse;
2568 1220 2671 1277 qua
2711 1220 2843 1261 vero
2878 1205 2945 1261 de
2980 1220 3174 1267 causa.
3203 1207 3425 1260 minime
3459 1221 3473 1259 :

1866 1293 2050 1364 Neque
2075 1296 2218 1349 enim
2248 1312 2349 1367 ego
2379 1298 2537 1360 novi,
2566 1298 2758 1369 inquit.
2789 1298 2867 1352 Ne
2908 1314 2995 1352 me
3035 1299 3196 1369 igitur
3238 1298 3476 1353 interro-

1865 1401 1990 1457 ges,
2023 1405 2147 1458 qua:
2174 1389 2245 1444 sit
2272 1390 2519 1444 voluntas
2550 1399 2643 1445 aut
2672 1392 2938 1445 sententia
2973 1392 3083 1446 Dei.
3114 1390 3301 1460 Neque
3331 1390 3474 1445 enim

1865 1480 2175 1549 ﬁgmentum
2220 1483 2397 1553 opilici
2436 1482 2580 1538 dicet
2612 1502 2624 1535 :
2654 1483 2757 1539 Cur
2792 1501 2872 1538 me
2899 1486 2971 1538 sic
3002 1484 3167 1552 fecisti
3193 1482 3385 1554 (Rom.
3417 1484 3473 1538 9.

1864 1570 1997 1641 20)?
2024 1572 2152 1639 Cur,
2178 1589 2384 1643 quaeso,
2417 1575 2465 1629 id
2494 1575 2738 1631 ediscere
2768 1577 2959 1645 cupis?
2996 1592 3063 1631 an
3104 1580 3281 1632 nescis
3321 1575 3471 1629 illum
3500 1605 3505 1610 “

1863 1666 2101 1719 omnium
2141 1681 2326 1721 curam
2378 1666 2613 1733 habere,
2654 1670 2952 1738 sapientem
2989 1685 3148 1735 esse,
3184 1669 3317 1723 nihil
3357 1669 3475 1723 sine

1862 1772 2020 1812 eausa
2048 1767 2140 1813 aut
2166 1768 2369 1814 temere
2395 1759 2610 1825 fecisse,
2632 1761 2775 1831 quod
2807 1772 2858 1816 te
2891 1762 3007 1831 plus
3028 1777 3189 1831 quam
3220 1770 3474 1830 parentes

1862 1851 1937 1905 tui
1966 1862 2132 1918 amet,
2161 1852 2302 1923 quod
2334 1855 2502 1923 patris
2526 1870 2651 1924 erga
2686 1864 2735 1909 te
2763 1853 3015 1909 affectum
3046 1855 3342 1922 matrisque
3371 1867 3471 1907 cu-

1861 1958 1974 1998 ram
2008 1944 2164 2015 Ionge
2194 1946 2449 2013 superet?
2484 1944 2629 2000 Nihil
2666 1961 2796 2017 ergo
2834 1947 2973 2000 ultra
3003 1961 3212 2014 quteras
3238 1987 3253 2011 ,
3296 1959 3473 2014 neque

1861 2037 2086 2091 ulterius
2116 2038 2373 2106 procedas
2405 2057 2418 2093 :
2448 2038 2562 2093 haec
2590 2040 2787 2109 quippe
2816 2039 2910 2094 tibi
2942 2038 3006 2093 ad
3038 2038 3466 2094 coiisolationem

1858 2129 1989 2182 satis
2014 2137 2177 2182 sunt:
2208 2128 2471 2198 siquidem
2500 2139 2555 2184 et
2584 2138 2711 2185 tunc
2740 2144 2828 2184 res
2859 2129 3224 2185 Romanorum
3256 2130 3471 2199 sapieno

1859 2231 1942 2277 ter
1967 2223 2311 2292 regebantur.
2340 2224 2491 2292 Quod
2525 2224 2572 2279 si
2610 2224 2827 2279 modum
2870 2225 3111 2295 ignoras,
3145 2239 3211 2278 ne
3244 2223 3293 2277 id
3323 2239 3465 2293 a'gre

1859 2313 1999 2370 feras
2028 2334 2041 2370 :
2072 2314 2199 2369 illud
2223 2316 2365 2371 enim
2390 2316 2622 2371 maxime
2646 2315 2710 2369 ad
2743 2316 2901 2370 ﬁdem
2932 2315 3183 2385 pertinet,
3212 2315 3255 2369 si
3280 2320 3344 2379 is,
3370 2316 3461 2381 qni

1858 2409 2175 2461 mconomize
2205 2408 2424 2462 modum
2454 2407 2682 2479 ignorat,
2710 2408 3061 2478 providentia:
3091 2418 3265 2462 tamen
3298 2406 3462 2461 ratio-

1858 2516 1980 2555 nem
2013 2501 2279 2556 admittat.

1928 2597 1983 2651 5.
2010 2595 2143 2651 Cum
2174 2596 2335 2668 igitur
2361 2596 2556 2651 Paulus
2578 2612 2638 2651 ea
2658 2637 2672 2662 ,
2696 2613 2815 2668 quze
2842 2596 3099 2662 curabat,
3130 2606 3279 2651 reete
3308 2609 3459 2647 com-

1857 2688 2153 2756 posuisset;
2175 2688 2300 2756 quid
2327 2697 2503 2742 autem
2532 2688 2661 2742 illud
2684 2698 2799 2741 erat
2819 2688 2841 2740 ?
2864 2687 3161 2742 Ostendere
3182 2702 3262 2748 se,
3287 2685 3330 2738 si
3355 2701 3461 2739 non

1857 2782 1981 2836 illos
2006 2782 2215 2846 adiret,
2245 2798 2351 2836 non
2380 2798 2445 2837 ex
2474 2792 2786 2852 contemptu
2816 2781 2865 2835 id
2899 2781 3105 2843 facere,
3136 2779 3232 2833 sed
3263 2778 3311 2831 id
3344 2793 3462 2831 ma-

1856 2874 2000 2931 xime
2024 2876 2327 2945 cupientem
2350 2918 2363 2940 ,
2398 2874 2683 2945 prrepediri
2722 2884 2939 2939 tamen;
2985 2885 3032 2929 et
3068 2888 3188 2927 cum
3218 2872 3462 2943 segnitiei

1855 2971 2058 3024 erimen
2088 2985 2115 3023 a
2145 2984 2203 3023 se
2237 2970 2555 3023 removisset
2581 3011 2595 3034 ,
2627 2968 2993 3037 suasissetque
3023 2982 3083 3021 se
3114 2982 3219 3020 non
3253 2967 3462 3019 minore

1858 3062 2129 3118 desiderio
2175 3063 2389 3117 illorum
2438 3062 2788 3117 videndurtun
2837 3062 3005 3115 teneri
3034 3102 3047 3123 ,
3088 3077 3248 3129 quam
3295 3059 3459 3112 illos:

1855 3171 2067 3209 rursum
2108 3156 2226 3209 aliis
2268 3154 2443 3209 modis
2486 3170 2723 3208 amorem
2773 3170 2929 3209 suum
2978 3153 3231 3207 ostendit.
3279 3151 3465 3221 Neque

1853 3248 1996 3303 cnim
2018 3290 2033 3312 ,
2060 3249 2180 3317 quia
2215 3247 2499 3315 impeditus
2536 3261 2652 3301 sum
2677 3288 2690 3309 ,
2722 3246 2927 3316 inquit.
2960 3261 2987 3299 a
3020 3254 3212 3299 conatu
3245 3244 3424 3299 destiti
3446 3286 3461 3308 ,

1854 3342 1947 3396 sed
1977 3357 2193 3410 semper
2224 3341 2491 3395 tentabam
2516 3383 2529 3402 ,
2559 3356 2773 3409 semper
2816 3340 3142 3410 prohibebar
3174 3358 3185 3393 :
3218 3354 3317 3393 ncr.
3350 3358 3465 3392 utn-

1852 3450 2011 3503 quam
2041 3432 2243 3497 destiti,
2279 3433 2538 3486 voluntati
2569 3433 2783 3500 quidem
2820 3433 2908 3487 Dei
2943 3448 3046 3485 non
3082 3434 3375 3493 resistens,
3410 3443 3464 3485 et

1853 3527 2130 3580 caritatem
2164 3540 2408 3579 servans.
2440 3524 2570 3579 Nam
2600 3540 2721 3579 eum
2749 3534 3078 3596 proponeret
3109 3541 3208 3579 nec
3238 3526 3464 3581 desisto-

1853 3628 1957 3684 ret,
1989 3633 2228 3673 amorem
2261 3617 2584 3681 exhibebat;
2611 3618 2753 3686 quod
2785 3627 2963 3672 autem
2991 3618 3342 3688 impediretur
3366 3633 3463 3672 nec

1853 3714 2148 3778 resisteret,
2174 3728 2437 3768 summam
2466 3728 2590 3781 erga
2620 3712 2789 3767 Deum
2817 3712 3095 3766 caritatem
3122 3710 3457 3765 ostendebat.

1857 3806 1924 3861 Ut
1955 3807 2177 3877 aliquem
2207 3811 2428 3876 fructum
2458 3806 2669 3859 habeant
2697 3806 2848 3859 etiam
2883 3806 2933 3857 in
2964 3805 3123 3858 vobis.
3159 3802 3267 3857 Etsi
3298 3820 3337 3856 δι
3364 3818 3459 3871 pe-

1852 3900 1963 3952 ritts
1994 3898 2245 3953 desiderii
2274 3911 2488 3951 causam
2523 3897 2795 3961 attulerit,
2825 3906 2881 3949 et
2912 3897 3010 3951 sibi
3047 3912 3341 3949 congruere
3370 3911 3459 3949 os-

1855 3993 2123 4055 lenderit;
2158 4002 2391 4046 attamen
2440 3992 2525 4045 hic
2565 4005 2780 4060 quoque
2828 3990 2971 4043 illam
3016 3988 3199 4051 affert,
3246 3989 3461 4041 illorum

1854 4086 2214 4156 suspicionem
2250 4085 2538 4139 admodum
2567 4086 2867 4153 corrigens.
2903 4085 3036 4148 Quia
3068 4084 3209 4136 enim
3238 4084 3458 4151 eonSpi-

1854 4194 1950 4233 rua
1982 4180 2108 4232 urbs
2134 4188 2270 4241 erat,
2302 4188 2355 4231 et
2384 4178 2497 4232 Sola
2528 4179 2578 4231 ia
2614 4188 2752 4233 terra
2783 4188 2836 4231 et
2868 4178 3000 4231 mari
3033 4188 3195 4231 tantm
3228 4176 3462 4245 pulchri-

1854 4274 2074 4333 tudinis,
2102 4284 2262 4342 atque
2288 4272 2403 4341 ejus
2430 4282 2631 4325 tantum
2662 4271 2906 4327 videnda:
2934 4271 3203 4325 desiderio
3232 4272 3460 4339 permoti

1856 4364 2005 4417 tnttlti
2057 4365 2145 4418 illo
2184 4365 2601 4433 Counnigrarant
2635 4386 2646 4417 :
2683 4380 2751 4420 ne
2796 4365 2921 4433 quid
2968 4366 3141 4418 Simile
3188 4364 3256 4418 de
3298 4364 3463 4417 Paulo

1850 4457 2013 4509 etiam
2048 4457 2417 4525 opinarentur,
2450 4472 2584 4509 neve
2619 4457 3056 4525 suspicarentur,
3095 4456 3215 4510 ideo
3246 4456 3461 4508 iliorum

1853 4558 2202 4617 Conspectum
2231 4549 2541 4604 desiderare
2570 4548 2816 4615 Paulum,
2838 4550 2979 4619 quod
3006 4564 3069 4604 ex
3099 4551 3311 4603 illorum
3335 4565 3466 4602 con-

1854 4641 2025 4692 sortio
2051 4653 2110 4693 se
2138 4639 2421 4693 clariorem
2456 4639 2572 4694 fore
2605 4651 2835 4710 putaret,
2869 4642 3180 4709 frequenter
3206 4642 3459 4695 desiderii

1855 4748 2073 4789 Causam
2117 4734 2359 4801 apponit.
2404 4734 2468 4786 Et
2508 4748 2670 4801 supra
2714 4734 2928 4801 quidem
2961 4734 3097 4787 dixit
3128 4753 3139 4785 :
3176 4733 3240 4787 Ut
3270 4736 3465 4803 aliquid

1854 4826 2142 4894 impertiam
2170 4825 2307 4878 vobis
2340 4826 2518 4894 gratia'
2548 4826 2849 4889 spiritualis,
2882 4825 3049 4878 videre
3074 4825 3464 4887 desiderabam;

1858 4918 1943 4972 hic
1971 4934 2101 4972 vero
2133 4917 2327 4973 clarius
2360 4936 2371 4973 :
2406 4916 2469 4972 Ut
2499 4920 2716 4986 aliquem
2746 4920 2968 4986 {rnatum
2992 4918 3203 4971 habeam
3233 4921 3383 4970 etiam
3411 4921 3464 4971 in

1856 5013 2013 5077 vobis,
2038 5014 2463 5081 quemadmodum
2488 5023 2531 5065 et
2557 5014 2690 5065 inter
2714 5014 2934 5079 reliquas
2964 5023 3154 5081 gentes.
3188 5013 3467 5081 Principes

1856 5120 1977 5159 cum
2004 5104 2232 5159 subditis
2252 5114 2604 5169 annumerat',
2632 5116 2747 5175 post
2775 5105 2920 5160 mille
2945 5116 3164 5174 tropzea,
3192 5107 3461 5164 victorias.

1860 5211 1980 5270 post
2009 5200 2292 5255 cnnsulum
2322 5200 2661 5263 claritatem,
2691 5217 2811 5252 eum
2850 5199 3098 5252 barbaris
3128 5202 3277 5268 ponit
3310 5200 3464 5260 illos;

1858 5301 1910 5346 et
1939 5292 2057 5359 jure
2095 5290 2333 5361 quidem.
2374 5286 2527 5343 Nam
2556 5291 2641 5343 ubi
2688 5290 2805 5343 tidei
2857 5291 3111 5345 nobilitas
3149 5301 3264 5357 εει,
3305 5306 3465 5345 nemo

1859 5387 2138 5447 barbarus,
2174 5402 2333 5440 nemo
2364 5384 2605 5449 Cra-cus,
2636 5400 2793 5439 nemo
2824 5387 3159 5454 peregrinus.
3196 5400 3354 5438 nemo
3383 5386 3465 5439 ci-

1859 5480 1972 5533 vis:
2009 5478 2102 5531 sed
2139 5478 2188 5530 in
2222 5494 2384 5529 unum
2422 5476 2697 5546 dignitatis
2737 5478 3004 5547 lastigium
3042 5492 3231 5530 omnes
3272 5491 3466 5531 ascen-

1857 5572 2010 5625 'luut.

1938 5666 2090 5718 Pauli
2120 5664 2385 5719 modestia.
2407 5694 2480 5705 ——-
2507 5664 2640 5718 Vide
2673 5680 2832 5733 porro
2863 5664 3011 5717 illum
3052 5662 3138 5717 hic
3176 5661 3470 5717 modestius

1860 5770 2129 5825 agentmu.
2165 5757 2281 5811 Non
2323 5756 2467 5811 enim
2510 5757 2673 5821 dixit,
2707 5757 2773 5809 l't
2810 5755 3031 5809 doceam
3060 5765 3115 5809 et
3157 5754 3467 5808 instituam:

1862 5850 1954 5904 St’ti
1982 5848 2151 5921 quid?
2186 5846 2253 5903 Ut
2284 5848 2501 5922 aliquem
2534 5848 2753 5915 fractum
2790 5848 3039 5913 lurbeam;
3072 5862 3177 5901 non
3209 5844 3478 5917 sitttplici-‘
