4108 6340
698 357 799 413 .itt'l

700 479 781 523 ter
809 469 1055 534 fructum,
1089 467 1204 533 sed,
1238 468 1467 538 Aiiquent
1494 472 1707 539 fructum
1740 484 1755 519 :
1785 482 1967 520 rursus
1996 482 2055 518 ea
2083 479 2198 533 qum
2225 479 2282 516 se

698 570 939 627 spectant
976 562 1373 630 comprimens,
1410 570 1465 613 ut
1503 562 1747 628 superius
1788 560 1953 619 dixit,
1994 557 2058 611 Ut
2090 557 2282 615 aliquid

696 652 998 719 impertiam.
1035 651 1234 706 Deinde
1265 652 1383 705 illos
1410 666 1621 720 quoque
1652 661 1707 705 ut
1732 651 1838 719 jam
1869 650 2011 714 dixi,
2046 649 2280 714 compri-

699 756 869 806 mens,
901 744 993 807 ait,
1028 743 1462 810 Quemadmodum
1487 752 1533 795 et
1557 744 1685 795 inter
1710 745 1927 811 reliquas
1953 751 2141 811 gentes.
2166 739 2279 793 Non

696 837 859 898 enim,
892 838 1013 906 quia
1040 838 1233 892 divites
1257 838 1405 902 estis,
1433 846 1486 890 et
1512 837 1629 907 plus
1660 852 1817 907 quam
1844 834 2021 889 czeteri
2052 833 2274 895 habetis,

697 927 873 980 minus
917 943 1039 997 erga
1082 928 1327 995 reliquos
1358 928 1595 986 studium
1640 927 1869 981 sdhibeo
1902 943 1913 978 :
1946 940 2046 978 non
2088 923 2281 976 divites

695 1019 987 1082 quaerimus
1010 1060 1024 1081 ,
1068 1020 1159 1071 sed
1203 1019 1407 1071 ﬁdeles.
1442 1017 1538 1072 Ubi
1579 1034 1717 1073 nunc
1746 1026 1870 1070 sunt
1904 1016 2169 1083 sapientes
2206 1013 2276 1067 illi

694 1110 1031 1170 Grurcorum.
1062 1112 1256 1165 densas
1285 1110 1542 1164 habentes
1572 1111 1787 1169 barbas,
1818 1106 1991 1180 palliis
2019 1106 2195 1159 amicti
2227 1116 2281 1159 et

694 1216 1017 1269 magnopere
1042 1213 1397 1255 tumescentes
1414 1202 1436 1253 ’ἶ
1456 1201 1711 1256 Grtcciam
1736 1212 1787 1254 et
1813 1202 2155 1253 barbarorum
2182 1209 2281 1252 ter-

693 1307 805 1344 ram
845 1308 1060 1347 onmem
1107 1297 1457 1349 tentoriorum
1496 1297 1683 1350 artifex
1721 1296 2001 1349 convertit.
2035 1295 2127 1349 Ille
2152 1309 2279 1347 vero

690 1387 778 1454 qui
812 1388 951 1454 apud
995 1390 1112 1442 illos
1154 1391 1465 1458 proponitur
1493 1402 1545 1443 et
1582 1388 1951 1443 circumfertur
1981 1382 2163 1449 Plato,
2200 1398 2279 1442 ter

693 1481 741 1532 in
787 1480 1020 1536 Siciliam
1070 1484 1336 1550 profectus
1371 1486 1473 1552 (α),
1516 1499 1636 1537 cum
1680 1493 1823 1536 tanto
1865 1485 1952 1535 illo
1993 1484 2276 1537 verborum

694 1574 849 1637 fastu,
876 1590 993 1628 cum
1026 1576 1110 1629 illa
1144 1586 1306 1637 tanta,
1338 1593 1495 1646 quam
1525 1578 1592 1631 de
1619 1579 1732 1646 ipso
1757 1578 2043 1638 habebant,
2073 1578 2279 1646 opinio-

693 1680 791 1729 ne,
826 1682 892 1719 ne
926 1683 1083 1719 unttm
1116 1668 1326 1736 quidem
1376 1681 1654 1739 tyrannum
1698 1671 2001 1737 superavit;
2037 1671 2141 1722 imo
2171 1681 2274 1723 tant

692 1758 884 1811 misere
915 1758 999 1813 ille
1025 1759 1236 1827 elapsus
1265 1772 1365 1827 est,
1394 1773 1448 1813 nt
1476 1762 1633 1813 etiam
1665 1775 1693 1813 a
1726 1761 1969 1815 libertate
1999 1761 2273 1816 exciderit.

690 1852 757 1903 At
786 1854 1134 1905 tentoriorum
1164 1854 1351 1909 artifex
1384 1869 1486 1906 nou
1524 1854 1757 1908 Siciliam
1792 1856 1982 1915 modo,
2024 1871 2128 1909 non
2170 1855 2273 1909 ita-

691 1940 813 1993 liam
848 1952 1067 2007 tantum,
1099 1944 1191 1997 sed
1226 1953 1392 1997 totum
1426 1946 1924 2013 peragravitorbem
1950 1964 1963 2010 ;
1990 1962 2051 1999 ac
2080 1961 2271 2016 neque,

690 2032 813 2084 dmn
864 2035 1209 2101 pnedicaret,
1251 2044 1418 2089 artem
1464 2037 1781 2096 intermisit,
1816 2037 1907 2089 sed
1949 2036 2106 2090 etiam
2149 2046 2273 2090 tunc

690 2126 854 2191 pelles
898 2127 1222 2188 consuebat,
1266 2138 1317 2179 et
1363 2128 1587 2180 officium.
1631 2140 1854 2193 prmerat
1892 2148 1902 2181 :
1936 2145 2105 2198 neque
2146 2130 2271 2184 illud

686 2216 1051 2269 Consularibus
1077 2217 1398 2272 oiTeudicolo
1428 2221 1555 2283 fuit;
1590 2221 1745 2287 idque
1771 2222 1889 2287 jure
1919 2224 2128 2275 merito.
2156 2222 2272 2277 Non

686 2310 827 2361 enim
855 2318 996 2362 artes
1023 2325 1084 2364 ac
1112 2310 1281 2363 studia
1304 2348 1317 2375 ,
1351 2311 1441 2364 scd
1475 2313 1806 2366 mendacium
1843 2324 1894 2368 et
1924 2316 2146 2368 conticui
2171 2314 2271 2368 do-

686 2409 859 2469 gmata
904 2400 1256 2469 deSpicabiies
1306 2405 1533 2457 reddunt
1577 2405 1841 2458 doctores.
1892 2405 2115 2475 Ideoque
2156 2408 2271 2462 illos

684 2494 895 2561 quidem
924 2495 1033 2561 jam
1064 2496 1309 2548 derident
1348 2497 1736 2558 Athenienses;
1775 2500 1895 2551 huic
1935 2511 2061 2551 vero
2094 2508 2271 2553 atten-

683 2585 814 2637 dunt
856 2585 1103 2650 barbari,
1145 2587 1327 2639 inculti
1372 2588 1613 2640 homines
1643 2598 1696 2641 et
1737 2591 1930 2642 idiotte.
1962 2589 2271 2644 Communis

682 2678 877 2744 quippe
909 2678 1154 2736 omnibus
1184 2678 1423 2731 doctrina
1454 2689 1655 2746 prostat
1684 2696 1697 2731 :
1730 2697 1831 2732 non
1864 2680 2135 2750 dignitatis
2162 2682 2272 2734 dis-

684 2770 885 2821 crimen
937 2771 1119 2834 novit,
1171 2787 1275 2823 non
1315 2772 1486 2840 gentis
1532 2772 1900 2826 excellentiam
1927 2814 1939 2835 ,
1974 2789 2080 2826 non
2123 2774 2266 2828 aliud

683 2862 953 2928 quidpiam
988 2863 1158 2915 simile
1189 2880 1199 2913 :
1238 2863 1339 2916 lide
1371 2880 1596 2932 namque
1625 2873 1825 2918 tantum
1854 2875 1993 2935 eget,
2026 2881 2129 2918 non
2160 2866 2268 2935 syl-

682 2954 937 3022 logismis.
973 2954 1201 3023 ideoque
1230 2957 1459 3010 maxime
1490 2957 1798 3011 admiranda
1828 2969 1937 3018 est,
1973 2975 2075 3011 non
2109 2959 2267 3012 modo

678 3047 818 3113 quod
854 3047 995 3099 utilis
1026 3058 1080 3101 et
1110 3049 1356 3101 salutaris
1386 3050 1487 3111 sit,
1521 3051 1612 3102 sed
1642 3051 1799 3103 Clittllt
1829 3051 1948 3119 qttia
1979 3050 2180 3113 facilis,
2215 3061 2269 3106 et

678 3137 746 3189 ab
773 3138 1019 3191 tuniiibus
1049 3138 1191 3191 nullo
1220 3140 1432 3207 negotio
1457 3141 1719 3208 excipitur
1746 3160 1757 3193 :
1788 3141 1837 3193 id
1864 3140 2007 3209 quod
2036 3142 2266 3197 maxime

681 3230 772 3282 Dei
799 3230 1139 3297 providentim
1165 3246 1297 3298 opus
1328 3241 1428 3296 est,
1454 3232 1541 3299 qui
1567 3246 1659 3285 sua
1685 3232 1932 3285 omnibus
1960 3234 2263 3288 communia

679 3324 945 3390 proponit.
980 3322 1107 3376 Nam
1140 3324 1278 3391 quod
1312 3325 1361 3376 in
1393 3326 1533 3386 sole,
1570 3324 1721 3388 luna,
1755 3327 1803 3377 in
1838 3335 1975 3379 terra
2002 3367 2016 3387 ,
2049 3326 2100 3378 in
2130 3326 2263 3380 mari

676 3415 989 3482 ezeterisque
1018 3414 1171 3477 fecit,
1204 3430 1306 3467 non
1339 3415 1483 3482 plura
1512 3431 1575 3469 ex
1608 3416 1712 3468 illis
1746 3418 1979 3471 tribuens
2010 3417 2263 3471 divitibus

675 3517 727 3557 et
750 3506 1097 3573 sapientibus,
1126 3522 1221 3559 nec
1245 3508 1490 3575 pauciora
1523 3509 1861 3576 pauperibus,
1888 3508 1979 3562 sed
2003 3510 2259 3579 aqualem

677 3598 921 3651 mimihns
945 3598 1328 3653 nsumfructum
1351 3614 1657 3669 proponens
1680 3617 1693 3664 ;
1720 3600 1821 3655 hoc
1846 3609 1901 3654 et
1928 3603 1976 3653 in
2006 3600 2262 3669 prtedica-

679 3692 819 3743 tione
848 3690 989 3750 fecit.
1022 3692 1127 3744 imo
1156 3691 1323 3745 multo
1350 3692 1540 3760 majus,
1567 3694 1816 3761 quoniam
1844 3691 1945 3745 ltoc
1974 3692 2141 3761 magis
2167 3708 2261 3746 ne.

677 3783 968 3835 t'essarium
1002 3798 1157 3851 quam
1194 3783 1277 3835 illa
1311 3792 1409 3837 est.
1457 3783 1683 3849 Ideoque
1725 3782 1918 3837 Paulus
1959 3783 2261 3848 frequenter

678 3874 771 3933 ait,
806 3873 1049 3925 Umnibus
1084 3874 1329 3943 gentibus.
1367 3874 1566 3927 Deinde
1592 3874 1879 3928 ostendens
1907 3889 1963 3927 se
1997 3872 2122 3926 nihil
2158 3874 2262 3928 illis

678 3966 878 4034 largiri,
911 3966 1001 4019 sed
1035 3974 1352 4033 prteceptum
1388 3966 1589 4019 Domini
1633 3967 1869 4036 implere,
1904 3975 1957 4019 et
1986 3966 2261 4019 remittens

679 4061 795 4112 illos
827 4060 888 4111 a-l
920 4058 1219 4113 reddendas
1252 4058 1361 4112 Deo
1394 4059 1759 4113 tuiiversorutn
1782 4060 1997 4127 gratias,
2024 4058 2097 4111 ait
2125 4076 2137 4109 :
2174 4055 2256 4112 ιι.

681 4150 870 4202 Urcecis
913 4161 956 4201 et
994 4150 1216 4203 barbaris
1236 4193 1251 4213 ,
1289 4151 1595 4219 sapientibus
1620 4160 1663 4202 et
1691 4150 2039 4217 insipientibus
2071 4150 2262 4202 debitor

677 4259 805 4295 sum.
828 4241 977 4307 Quod
1002 4252 1052 4293 et
1072 4241 1135 4294 ad
1160 4242 1461 4293 Corinthios
1482 4242 1719 4295 scribens
1740 4243 1807 4294 ita
1828 4242 2055 4303 dicebat,
2080 4244 2258 4293 omnia

680 4335 787 4387 Deo
826 4336 1137 4387 attribuens.
1173 4333 1255 4387 i5.
1304 4331 1383 4385 Ita
1418 4347 1656 4398 quantum
1690 4336 1739 4386 in
1772 4351 1849 4387 me
1880 4344 1977 4397 est,
2008 4345 2055 4387 et
2089 4333 2223 4387 vobis
2244 4371 2261 4400 ,

676 4428 760 4494 qui
793 4426 967 4479 Roma!
994 4427 1131 4489 estis,
1161 4428 1503 4495 evangelizare

748 4520 799 4571 ὓ.
840 4521 882 4570 υ
922 4531 1233 4585 generosam
1276 4518 1540 4571 animam!
1574 4518 1706 4571 Rern
1749 4526 1823 4570 tot
1863 4516 2109 4585 periculis
2152 4515 2265 4584 pie-

677 4626 795 4661 nam
820 4611 1142 4673 suscipiens,
1171 4611 1428 4663 marinam
1463 4610 1981 4678 peregrinationem,
2016 4609 2266 4662 tentatio-

680 4716 807 4760 nes,
840 4700 1075 4762 insidias,
1110 4700 1403 4754 seditiones
1430 4719 1442 4761 ;
1479 4718 1597 4755 nam
1632 4703 1682 4755 in
1716 4711 1861 4754 tanta
1894 4700 2023 4755 urbe
2052 4700 2268 4754 concio-

680 4791 820 4843 nanti
848 4833 860 4852 ,
895 4792 993 4841 sub
1034 4790 1314 4855 impietatis
1347 4794 1626 4861 tyrannide
1667 4793 1869 4862 posita,
1918 4792 2266 4845 tentationnm

674 4882 960 4951 grandines
1014 4884 1382 4951 exspectanda:
1435 4897 1615 4946 erant;
1664 4886 1739 4937 sic
1787 4897 1839 4938 et
1896 4888 2055 4939 vitam
2090 4888 2139 4939 in
2170 4887 2267 4939 ista

676 4975 807 5028 urbe
861 4975 1070 5039 clausit,
1116 4974 1269 5042 jussu
1331 4977 1539 5045 tyranni
1595 4987 1719 5029 tunc
1769 4978 2039 5044 regnantis
2092 4977 2267 5043 capite

676 5074 983 5128 trtnicatus;
1040 5077 1269 5120 attamen
1319 5083 1438 5120 cum
1492 5076 1569 5119 tot
1624 5076 1875 5133 tantaque
1907 5081 1963 5119 se
1996 5081 2267 5135 passurum

678 5168 1031 5224 exspectaret.
1065 5173 1166 5211 non
1202 5159 1319 5213 ideo
1354 5161 1566 5228 segnior
1595 5159 1938 5220 reddebatur,
1986 5158 2079 5212 sed
2114 5156 2260 5211 festi-

680 5247 871 5309 nabat,
901 5248 1241 5315 parturiehat,
1275 5260 1656 5319 promptusque
1696 5261 1829 5303 erat.
1880 5250 2105 5315 Idquue
2146 5252 2219 5301 ait
2256 5264 2269 5300 :

681 5337 932 5399 Quantum
954 5341 1005 5392 in
1027 5356 1100 5392 me
1122 5351 1215 5405 est,
1236 5351 1442 5405 paratus
1460 5359 1567 5394 sunt
1590 5344 1726 5395 vobis
1744 5358 1959 5411 quoque,
1982 5344 2067 5405 qui
2087 5341 2265 5393 Roma

680 5430 823 5491 estis,
848 5433 1205 5499 euangelizare.
1242 5433 1327 5486 i6.
1367 5432 1486 5486 Non
1514 5438 1643 5486 enim
1676 5435 1907 5487 erubesco
1939 5435 2269 5503 evangelium.

678 5521 810 5587 Quid
844 5525 939 5586 ais,
964 5525 1159 5578 Paule?
1186 5524 1315 5580 Cum
1349 5538 1621 5595 oporteret
1650 5528 1852 5590 dicere,
1879 5526 2110 5591 Glorior,
2142 5528 2270 5579 mihi

678 5615 944 5681 gratulor;
978 5632 1078 5670 non
1108 5618 1206 5673 hoc
1231 5620 1382 5684 dicis,
1404 5620 1496 5675 sed
1522 5620 1662 5690 quod
1686 5621 1780 5673 illo
1806 5619 1977 5673 minus
2002 5632 2101 5687 est,
2127 5620 2268 5690 quod

744 5770 821 5839 ta)
848 5769 921 5818 De
947 5772 1159 5839 Platone,
1185 5776 1265 5837 qui
1292 5784 1371 5824 ter
1397 5777 1442 5839 in
1471 5776 1672 5826 Siciliam
1699 5773 1903 5839 appulit,
1932 5773 2153 5838 pluribus
2178 5778 2281 5838 agit

698 5830 943 5892 Diogenes
966 5830 1180 5885 Laertius
1203 5830 1248 5885 in
1278 5840 1383 5901 ejus
1398 5837 1519 5887 Vita.

1436 353 1491 410 S.
1533 351 1803 409 JOANNIS
1838 334 2311 405 CliRYSOSTIOMI
2350 343 2660 397 ARCHIEP.
2702 336 3221 397 CONSTANTINUP.

3880 331 3983 386 408

2388 477 2491 514 non
2519 462 2836 528 erubescas;
2885 464 2935 517 id
2979 464 3117 532 quod
3159 463 3208 516 in
3256 460 3412 515 rebus
3452 458 3757 529 insignibus
3796 456 3982 509 δῖνα-ει

2388 566 2491 606 non
2519 554 2771 607 solemus.
2823 556 2956 618 Quid
2983 556 3139 623 igitur
3166 556 3330 609 dicit?
3354 568 3448 607 cur
3476 553 3554 605 sic
3583 552 3827 620 loquitur
3880 550 3980 601 etsi

2387 646 2553 714 magis
2579 645 2645 698 de
2675 646 2948 715 evangelio
2982 662 3137 716 quam
3171 647 3236 700 de
3262 647 3392 700 caelo
3414 644 3715 716 glorietur?
3762 642 3844 695 Ad
3871 640 3981 691 Gs-

2387 735 2520 802 latas
2550 739 2689 790 enim
2732 738 2992 796 set'ibcns.
3039 739 3155 792 ait:
3186 738 3314 791 Mihi
3350 749 3517 791 autem
3562 737 3693 789 absit
3740 736 3981 803 gloriari,

2386 831 2484 883 nisi
2512 832 2563 884 in
2591 848 2734 884 cruce
2762 830 2965 885 Domini
3003 834 3159 885 nostri
3187 831 3311 885 Jesu
3338 834 3523 886 Christi
3558 832 3577 902 (
3601 830 3722 884 Cal.
3761 830 3814 883 6.
3854 830 3923 881 14
3947 832 3983 893 ).

2386 918 2491 974 Cur
2520 938 2646 992 ergo
2675 922 2758 976 hic
2786 940 2887 977 non
2910 924 3070 987 dicit,
3104 922 3347 985 Glorior;
3388 926 3480 979 sed
3503 967 3518 985 ,
3548 922 3673 977 Non
3699 918 3986 976 erubesco?

2385 1010 2612 1065 Romani
2636 1014 2701 1066 ad
2731 1025 2816 1068 res
2848 1016 3002 1083 hujus
3025 1016 3204 1068 mundi
3229 1015 3534 1079 inhiabant,
3559 1015 3629 1069 ob
3650 1013 3898 1077 divitias,
3917 1014 3988 1064 ob

2385 1102 2687 1169 imperium,
2722 1106 2791 1158 ob
2833 1107 3112 1167 victorias,
3155 1107 3223 1160 ob
3272 1108 3659 1175 imperatores,
3693 1120 3836 1176 quos
3884 1106 3989 1157 diis

2386 1209 2539 1263 pares
2569 1197 2942 1251 existimabant
2973 1199 3187 1269 (sicque
3218 1199 3336 1253 illos
3362 1198 3704 1267 vocabant);
3753 1198 3904 1252 unde
3937 1208 3990 1251 et

2383 1290 2592 1358 templis
2613 1301 2667 1345 et
2687 1293 2795 1345 aris
2814 1303 2865 1346 et
2890 1294 3163 1347 sacriﬁciis
3202 1294 3320 1347 illos
3346 1294 3619 1348 colebant.
3647 1294 3788 1347 Cum
3823 1293 3991 1361 igitur

2382 1380 2451 1433 ita
2484 1379 2619 1435 fastu
2654 1382 2791 1451 pleni
2820 1394 3019 1446 essent.
3051 1390 3104 1440 et
3153 1384 3340 1438 Paulus
3388 1385 3787 1455 priedicaturus
3840 1391 3993 1436 esset

2380 1469 2578 1535 Jesum,
2604 1476 2690 1543 qui
2716 1472 2848 1527 fabri
2875 1476 3011 1529 filius
3030 1491 3148 1529 esse
3171 1477 3468 1544 putabatur,
3495 1476 3547 1527 in
3571 1474 3765 1529 Iudaea
3792 1485 3982 1535 natus,

2380 1570 2434 1615 et
2460 1564 2511 1616 in
2540 1564 2698 1616 domo
2728 1566 2898 1619 tenuis
2922 1568 3158 1621 mulieris
3180 1568 3433 1621 eduCatus
3460 1566 3667 1631 fuerat;
3701 1567 3795 1635 qui
3820 1568 3993 1619 ωιοιο

2380 1654 2499 1709 lites
2523 1672 2624 1709 non
2658 1657 2934 1720 habuerat,
2965 1675 3066 1712 nou
3094 1660 3325 1721 divitias,
3350 1659 3442 1713 sed
3466 1660 3627 1715 etiam
3662 1668 3719 1712 ut
3749 1659 3989 1711 damna-

2380 1757 2463 1801 tus
2491 1761 2728 1804 mortuus
2759 1750 2929 1805 fuerat
2966 1768 3084 1805 cum
3119 1753 3431 1817 latronibus,
3486 1753 3803 1821 multasque
3850 1753 3989 1805 alias

2378 1842 2690 1912 ignominias
2720 1864 2905 1916 passus
2928 1849 3090 1903 fuerat
3114 1867 3128 1911 ;
3153 1866 3214 1902 ac
3241 1850 3526 1903 verisimile
3550 1859 3669 1901 erat
3702 1849 3989 1903 Romanm~

2378 1944 2503 1991 tunc
2547 1939 2745 2006 pudore
2775 1941 3005 1995 suffusos
3053 1940 3235 2001 fuisse,
3269 1956 3389 1995 cum
3438 1942 3708 1994 nihildum
3776 1942 3988 1993 scirent

2378 2041 2557 2084 rerum
2612 2046 2920 2087 arcanarum
2946 2046 2998 2088 et
3029 2050 3333 2104 magnarum
3370 2052 3383 2089 :
3420 2034 3539 2087 ideo
3570 2035 3668 2095 ait,
3716 2032 3845 2086 Non
3870 2051 3988 2085 ern-

2378 2124 2540 2188 besco,
2566 2126 2683 2179 illos
2712 2126 2919 2179 interim
2948 2126 3175 2192 docens,
3208 2144 3271 2179 ne
3299 2128 3693 2180 erubescerent
3722 2143 3734 2175 :
3773 2125 3989 2179 sciebat

2376 2214 2517 2268 enim
2562 2230 2674 2280 eos,
2709 2217 2752 2270 si
2782 2218 2832 2269 id
2859 2218 3070 2271 tandem
3127 2227 3557 2285 assequerentur,
3592 2221 3703 2271 cito
3733 2231 3988 2287 eousque

2377 2318 2727 2375 perventuros
2756 2324 2874 2363 esse
2906 2320 2959 2361 ut
2985 2310 3359 2378 gloriarentur.
3420 2309 3486 2363 Et
3522 2318 3577 2363 tu
3608 2310 3782 2379 igitur
3809 2310 3855 2362 si
3889 2325 3987 2362 au-

2375 2399 2539 2453 dieris
2596 2402 2895 2469 quempiam
2950 2401 3211 2455 dicentem
3249 2420 3260 2454 :
3292 2402 3695 2455 Cruciiixumne
3727 2402 3937 2455 adoras
3965 2403 3987 2453 τ

2375 2508 2443 2546 ne
2493 2493 2777 2546 erubescas
2809 2509 2907 2546 nec
2936 2494 3122 2547 oculos
3171 2493 3459 2557 demittas;
3496 2493 3604 2545 imo
3632 2494 3884 2562 gloriare
3930 2504 3986 2547 et

2376 2586 2468 2639 tibi
2499 2588 2766 2655 gratulare
2789 2629 2802 2649 ,
2834 2587 3113 2655 liberisque
3166 2588 3333 2640 oculis
3356 2594 3407 2640 et
3436 2596 3615 2640 erecta
3648 2587 3811 2649 facie,
3846 2603 3985 2640 con-

2374 2676 2659 2733 fessionem
2700 2680 2940 2733 admittc.
2967 2680 3020 2733 Si
3066 2695 3270 2733 rursum
3298 2679 3496 2733 dixerit
3522 2699 3535 2732 :
3563 2678 3989 2733 Cruciiixumne

2372 2771 2561 2824 adoras
2582 2772 2604 2823 τ
2628 2786 2825 2839 repone
2857 2772 2927 2824 illi
2966 2790 2978 2823 :
3010 2772 3111 2825 Sed
3140 2788 3241 2824 non
3276 2770 3567 2835 moechum,
3602 2786 3711 2824 non
3744 2772 3983 2839 parrici-

2370 2866 2528 2928 dam,
2564 2881 2670 2919 non
2718 2866 2943 2919 filiorum
2997 2865 3392 2920 interfectorem
3425 2866 3600 2933 (tales
3652 2866 3806 2918 enim
3859 2877 3990 2918 sunt

2370 2973 2558 3012 omnes
2586 2959 2793 3012 illorum
2818 2958 2886 3011 dii
2913 2959 2966 3027 );
2999 2960 3089 3012 sed
3123 2974 3267 3022 eum,
3294 2959 3383 3027 qui
3412 2970 3509 3025 per
3525 2972 3751 3011 crucem
3785 2960 3990 3013 dmino-

2373 3050 2528 3105 nibus
2568 3065 2661 3102 ora
2696 3050 2955 3114 obstruit,
2982 3060 3139 3119 atque
3181 3051 3491 3103 inmnneras
3517 3050 3738 3102 illormn
3775 3048 3998 3117 pra‘stia

2372 3144 2485 3210 gias
2533 3142 2766 3194 abstulit.
2820 3141 3029 3193 Etenim
3083 3157 3213 3194 crux
3269 3150 3489 3209 propter
3538 3155 3641 3193 nos
3688 3140 3991 3193 ineii'ahilis

2372 3234 2710 3303 benignitatis
2756 3248 2889 3301 opus
2941 3250 3250 3302 iiiagitwque
3303 3250 3445 3286 ειη-ω
3495 3233 3813 3304 symbolum
3874 3246 3984 3289 est.

2370 3326 2451 3380 Ad
2498 3326 2610 3379 lucc
2650 3339 2798 3388 vero,
2828 3326 2948 3392 quia
2992 3326 3346 3393 eloquentiam
3398 3341 3551 3379 suam
3585 3326 3904 3385 venditant.
3938 3334 3993 3380 ct

2368 3428 2588 3471 externa
2622 3416 2956 3485 philosophia
3010 3416 3196 3468 muniti
3246 3417 3410 3468 altum
3443 3417 3681 3484 sapiunt,
3721 3417 3865 3487 Ego,
3897 3419 3985 3471 in-

2369 3512 2484 3579 quit
2530 3510 2763 3571 Paulus,
2797 3510 2876 3562 his
2906 3510 3229 3579 syllogismis
3287 3511 3504 3577 longum
3560 3512 3745 3564 valere
3791 3511 3988 3580 jussis,

2362 3615 2579 3658 crucem
2607 3602 2949 3670 pra-dicatum
2982 3604 3153 3664 venio,
3192 3617 3364 3667 neque
3397 3602 3517 3655 ideo
3542 3603 3841 3657 erubesco.
3886 3605 3993 3657 Po-

2364 3695 2519 3747 tentia
2542 3696 2674 3746 enim
2705 3692 2797 3746 Dei
2824 3705 2893 3746 est
2920 3694 2985 3747 ad
3011 3695 3243 3746 salutem.
3272 3694 3406 3759 Quia
3430 3694 3575 3747 enim
3603 3696 3853 3763 potentia
3893 3696 3985 3751 Ι)ρί

2364 3800 2445 3843 est
2472 3791 2627 3842 etiam
2652 3788 2715 3840 ad
2744 3802 2952 3855 pugnam
2985 3786 3311 3840 inferendam
3346 3789 3499 3856 (nam
3530 3803 3653 3841 cum
3683 3788 3988 3859 Egyptios

2366 3880 2653 3950 puniebat,
2706 3879 2874 3931 dixit:
2906 3878 3026 3932 Haec
3047 3888 3129 3931 est
3160 3880 3394 3946 potentia
3455 3895 3572 3932 mea
3609 3896 3811 3949 magna
3842 3890 3856 3951 )
3885 3899 3900 3943 ;
3936 3894 3987 3935 ei

2367 3980 2601 4041 potestas
2630 3970 2694 4023 ad
2721 3970 2937 4023 exitium
2972 3972 3127 4037 (nam
3158 3971 3227 4020 ait
3260 3987 3272 4022 :
3311 3968 3501 4022 Timete
3524 3987 3666 4033 eum,
3704 3974 3796 4039 qui
3828 3985 3987 4033 polis!

2364 4075 2412 4117 et
2444 4064 2665 4115 animant
2695 4073 2738 4115 et
2769 4077 2950 4123 corpus
2983 4062 3190 4127 perdere
3215 4062 3262 4113 in
3295 4063 3580 4130 gehennam
3616 4061 3631 4132 [
3657 4063 3857 4118 Matth.
3896 4067 3982 4119 i0.

2368 4155 2559 4228 28]):
2595 4156 2714 4210 ideo
2762 4158 2877 4209 ait:
2911 4154 3033 4207 Ilaec
3087 4155 3307 4206 veniens
3353 4154 3538 4217 affero,
3580 4171 3690 4207 non
3744 4174 3872 4225 qum
3922 4159 3983 4211 ad

2369 4264 2577 4318 paruam
2598 4257 2651 4301 ct
2673 4248 3009 4315 supplicium,
3035 4245 3127 4297 δρᾶ
3152 4262 3266 4311 quae
3290 4245 3353 4298 ad
3378 4246 3630 4299 salutem.
3654 4249 3802 4314 Quid
3825 4252 3984 4320 ergo?

2368 4356 2545 4394 nonne
2596 4339 2708 4391 ha-c
2754 4338 3101 4391 annuntiabat
3154 4339 3314 4390 etiam
3356 4341 3730 4407 evangelium,
3782 4342 3853 4397 de
3891 4360 3980 4413 ge-

2370 4434 2565 4497 hcnna,
2590 4433 2655 4484 de
2686 4432 2920 4483 tenebris
2947 4432 3323 4493 exterioribus,
3354 4430 3418 4483 de
3450 4447 3637 4484 verme
3668 4436 3981 4489 venenato?

2370 4526 2527 4591 Atqui
2559 4540 2660 4575 non
2704 4522 2914 4574 aliunde
2945 4522 3056 4573 hsce
3086 4523 3351 4583 novimus,
3403 4524 3503 4576 nisi
3537 4541 3605 4577 ex
3640 4530 3935 4598 evangelio
3968 4548 3977 4582 :

2370 4617 2637 4685 quomodo
2691 4614 2867 4683 igitur,
2897 4615 3134 4682 inquies,
3170 4612 3404 4667 Potentia
3451 4615 3544 4669 Dei
3595 4621 3665 4670 ad
3720 4625 3981 4675 salutem?

2371 4712 2476 4765 Sed
2510 4712 2630 4763 audi
2688 4711 2965 4777 sequentia
2995 4727 3005 4761 :
3048 4708 3198 4759 Omni
3230 4710 3475 4770 rredenti,
3504 4709 3703 4765 Judazo
3735 4717 3980 4782 primum,

2374 4816 2418 4857 et
2452 4802 2649 4856 (ἔγεντο.
2701 4801 2813 4854 Νοη
2857 4802 3005 4853 enim
3054 4802 3324 4864 omnibus,
3376 4802 3468 4854 sed
3531 4808 3979 4873 suscipientibus.

2376 4898 2591 4950 Etiamsi
2616 4896 2755 4948 enitn
2784 4894 3000 4947 Gra‘cus
3027 4895 3137 4946 sive
3166 4894 3381 4962 gentilis
3412 4896 3598 4960 fueris,
3634 4903 3863 4957 etiamsi
3896 4922 3979 4956 ne-

2373 4992 2590 5057 quitiam
2639 5004 2849 5041 omnem
2882 4988 3116 5049 adieris;
3166 4988 3263 5040 etsi
3292 4990 3513 5059 Scytha,
3545 4992 3685 5047 baib
3708 5014 3849 5060 irus,
3884 5000 3980 5050 imo

2376 5087 2481 5137 fera
2508 5083 2687 5145 fueris,
2713 5082 2918 5133 ratione
2936 5080 3154 5132 omnino
3176 5080 3486 5141 destitutus,
3518 5096 3574 5137 et
3602 5088 3760 5142 mille
3795 5109 3977 5160 νυςειι-

2376 5185 2544 5227 tormn
2578 5174 2799 5227 sarcinis
2843 5182 3064 5224 onustus
3106 5185 3117 5223 ι
3151 5174 3308 5226 simul
3365 5185 3528 5244 alque
3563 5194 3890 5237 sermonem
3926 5188 3981 5238 de

2374 5283 2532 5319 cruce
2557 5266 2857 5334 suscepisti,
2881 5274 2933 5318 et
2954 5265 3249 5332 baptizatus
3271 5283 3352 5332 es,
3382 5272 3563 5321 omnia
3592 5274 3682 5325 illa
3713 5276 3980 5333 delevisii,

2376 5361 2483 5411 Cur
2509 5371 2680 5409 autem
2712 5360 2794 5410 Inc
2821 5356 2968 5415 dicit,
2993 5357 3175 5409 Juda'o
3200 5363 3445 5427 primum.
3499 5375 3546 5416 et
3603 5365 3795 5425 Cru'co
3813 5375 3838 5427 Σ)
3867 5375 3983 5443 quid

2377 5452 2475 5503 sibi
2506 5451 2615 5503 vult
2648 5452 2732 5501 illa
2776 5448 3113 5501 differentia?
3159 5452 3317 5518 Atqui
3366 5469 3512 5521 sa-pe
3564 5458 3746 5523 dixit,
3814 5466 3986 5535 Νριιιιο

2377 5543 2711 5595 circumcisio
2765 5541 3050 5609 quidquam
3096 5552 3197 5603 est,
3230 5560 3403 5613 nequc
3434 5552 3771 5614 przt'putium
3812 5577 3824 5609 :
3861 5578 3985 5621 quo-

2381 5636 2537 5689 modo
2576 5636 2731 5701 igitur
2764 5634 2846 5685 hic
2892 5634 3187 5702 distinguit,
3237 5636 3486 5691 Judarnm
3528 5642 3733 5696 ereo
3765 5665 3985 5721 antepo-

2381 5727 2544 5781 nens?
2578 5726 2777 5793 Ecquid
2812 5725 2948 5776 hoc?
2982 5741 3147 5793 neque
3176 5728 3315 5779 enim
3341 5730 3462 5797 quia
3497 5735 3715 5801 primus
3744 5756 3856 5805 uti.
3892 5764 3987 5796 ιιιςε.

2378 5824 2546 5892 iure",
2578 5819 2765 5889 accipit
2795 5820 3013 5888 gratiam
3052 5819 3225 5890 (idem
3267 5825 3409 5877 enim
3444 5828 3624 5894 ipsum
3684 5836 3720 5888 ιι
3767 5854 3901 5893 num
3948 5852 3987 5895 ct
