4118 6340
135 415 241 468 ιω

133 529 261 581 huic
291 537 346 580 et
392 527 465 580 illi
516 522 840 595 tribuitur),
883 522 975 578 sed
1009 519 1211 576 ordinis
1239 520 1409 572 solum
1460 527 1540 570 est
1570 515 1691 569 illud
1716 556 1730 580 ,

130 621 352 687 primus.
386 618 572 691 Neque
597 618 648 674 id
671 619 789 688 plus
811 616 988 679 habet,
1016 615 1155 684 quod
1186 613 1441 680 majorem
1464 609 1730 677 acceperit

127 715 430 782 justitiam;
460 712 552 767 sed
578 715 633 768 in
663 712 762 766 hoc
799 710 973 764 solum
1003 708 1320 771 honoratur,
1355 703 1492 773 quod
1527 703 1730 771 primus

127 804 425 871 acceperit.
461 803 594 858 Nam
628 803 684 865 ii,
715 801 802 868 qui
859 799 1224 853 illuminantm'
1257 795 1449 867 (scitis,
1499 791 1720 853 initiati,

126 896 266 963 quod
317 895 562 961 dicitur),
592 907 778 946 omnes
816 891 880 945 ad
921 891 1180 959 baptisma
1210 896 1455 945 currunt,
1493 885 1586 939 sed
1622 899 1724 936 non

125 1002 316 1042 «anites
347 985 538 1042 eadem
563 985 717 1050 liora,
740 985 831 1038 sed
859 984 994 1037 alius
1014 983 1235 1051 primus,
1260 980 1396 1032 alius
1418 977 1680 1033 secundus
1708 991 1721 1027 :

125 1094 296 1147 neque
349 1088 530 1131 tamen
580 1075 783 1144 primus
837 1075 952 1144 plus
992 1073 1187 1140 accipit
1231 1086 1386 1139 quam
1420 1069 1716 1130 secundus,

126 1186 299 1239 neque
360 1169 632 1224 secundus
683 1184 839 1237 quam
898 1166 1106 1227 tertius,
1141 1163 1233 1217 sed
1291 1177 1481 1216 ()tllltCS
1534 1159 1717 1216 iisdem

123 1261 398 1313 fruuntur.
418 1259 623 1314 Primus
654 1259 812 1329 igitur
836 1258 941 1323 hic,
959 1256 1190 1310 nominis
1214 1255 1388 1310 solum
1415 1261 1495 1307 est
1524 1253 1713 1318 honor,

120 1369 221 1406 non
249 1356 427 1423 gratia
457 1352 648 1421 major.
685 1350 903 1412 Deinde,
934 1357 1217 1420 postquam
1253 1346 1406 1408 dixit,
1453 1345 1530 1397 Ad
1573 1345 1714 1397 salu-

120 1456 229 1505 tem,
265 1460 464 1498 rursus
493 1454 649 1514 auget
693 1441 916 1507 donum,
965 1439 1260 1494 ostendens
1306 1452 1408 1491 nou
1437 1436 1716 1505 praisentis

121 1549 261 1606 temp
286 1538 380 1591 -ris
435 1537 607 1591 Solum
653 1549 793 1601 esse,
827 1533 997 1588 sedet
1040 1533 1261 1586 ulterius
1293 1528 1574 1600 progredi;
1615 1527 1713 1580 huc

115 1628 254 1680 enim
279 1626 608 1697 significavit
640 1625 722 1678 his
751 1623 928 1679 verbis
960 1641 971 1675 :
1005 1624 1092 1677 17.
1114 1622 1326 1674 Iustitia
1346 1621 1480 1673 enim
1528 1619 1618 1671 dei
1662 1619 1711 1670 in

115 1723 221 1785 ipso
245 1722 501 1774 recclatur
529 1735 590 1772 ex
619 1720 720 1786 [ide
753 1719 806 1770 iu
836 1716 1010 1785 ﬁdem,
1039 1716 1168 1769 sicut
1193 1715 1436 1783 scriptum
1459 1721 1528 1764 est
1563 1729 1579 1764 :
1609 1709 1710 1763 lu-

113 1824 214 1866 ctus
235 1823 410 1866 autem
437 1827 504 1865 ex
526 1812 628 1880 ﬁde
652 1810 810 1879 vivet(
834 1808 886 1862 11
891 1807 1112 1861 altam-2.
1137 1807 1172 1863 4
1189 1807 1226 1876 ).
1258 1806 1356 1872 Qui
1381 1819 1513 1873 ergo
1534 1804 1711 1872 justus

114 1904 334 1958 effectus
356 1912 464 1967 est,
499 1917 603 1956 non
644 1901 696 1956 in
729 1899 978 1970 pnesenti
1008 1899 1180 1953 solum
1211 1897 1426 1957 saeculo,
1456 1894 1549 1948 sed
1578 1904 1630 1948 et
1657 1893 1708 1946 in

113 1994 284 2048 futuro
309 1995 478 2049 vivet.
503 1991 683 2063 Neque
711 1991 812 2045 hoc
833 1991 1006 2045 solum
1031 2006 1044 2053 ;
1089 1988 1183 2044 sed
1216 1996 1267 2042 et
1292 1986 1431 2040 aliud
1464 1983 1704 2039 subiudi-

110 2094 206 2145 cat,
227 2083 543 2153 huiusmodi
575 2081 910 2151 nempe‘vita:
937 2078 1276 2149 Splendorem
1301 2085 1356 2131 et
1376 2075 1697 2129 claritatem.

110 2177 234 2242 Quia
261 2177 414 2231 enim
445 2182 620 2244 potest
641 2174 758 2244 quis
779 2187 898 2227 cum
920 2170 1190 2226 dedecore
1210 2169 1409 2224 servari
1436 2185 1448 2220 :
1478 2176 1532 2221 ut
1555 2165 1703 2220 multi

110 2285 166 2322 cx
193 2269 339 2338 regia
369 2266 651 2322 clementia
674 2280 704 2319 a
729 2263 993 2334 supplicio
1019 2262 1357 2330 eripiuntur;
1390 2267 1444 2313 ut
1473 2272 1540 2312 ne
1584 2255 1708 2327 quis

108 2363 324 2415 salutem
346 2360 575 2416 audiens
606 2359 706 2415 hoc
727 2359 1047 2428 suspicetur,
1070 2353 1274 2410 addidit
1299 2373 1311 2408 :
1340 2353 1402 2406 Et
1414 2351 1704 2423 justitiam,-

107 2465 155 2508 et
181 2455 449 2522 justitiam
480 2469 587 2508 non
616 2463 782 2516 tuam,
809 2451 900 2507 sed
947 2450 1078 2513 Dei;
1132 2449 1246 2514 ejus
1303 2446 1608 2519 largitatem
1652 2456 1704 2500 et

107 2545 417 2602 facilitatem
467 2544 833 2600 subiudicans.
886 2541 1070 2611 Neque
1109 2540 1255 2596 enim
1301 2558 1367 2596 ex
1415 2539 1610 2595 sudore
1650 2547 1705 2593 et

107 2639 280 2694 labore
331 2639 483 2692 illam
533 2636 773 2706 perficis,
806 2633 899 2689 sed
932 2648 996 2689 ex
1031 2647 1268 2701 superno
1294 2633 1437 2688 dono
1479 2631 1698 2700 accipis,

103 2730 200 2784 hoc
235 2743 404 2783 unum
435 2743 505 2783 ex
539 2727 710 2797 teipso
736 2724 990 2786 aﬂ'erens,
1039 2725 1184 2794 quod
1217 2724 1432 2779 credas.
1471 2720 1696 2786 Deinde,

99 2823 216 2888 quia
247 2821 332 2874 vix
357 2818 637 2874 credibilis
667 2831 845 2872 sermo
873 2813 1082 2871 videtur
1099 2830 1241 2877 esse,
1264 2813 1404 2883 quod
1433 2813 1696 2876 mmchus,

100 2912 292 2972 multis,
325 2909 697 2978 sepulcrorum
727 2907 976 2974 etfussor,
1011 2907 1389 2976 prmsligizttor,
1417 2903 1697 2958 confestim

95 3018 196 3055 non
231 3000 398 3053 modo
420 3015 448 3052 a
468 2999 732 3068 supplicio
758 3000 1040 3068 eripiatur,
1075 2997 1169 3051 sed
1191 2996 1351 3050 etiam
1379 2995 1554 3063 justus
1586 2993 1694 3056 fiat,

97 3106 145 3147 et
169 3093 348 3157 iustus
382 3105 631 3160 suprema
657 3089 900 3158 justitia;
933 3103 962 3142 a
998 3087 1175 3142 Veteri
1205 3087 1550 3141 Testamento
1578 3098 1696 3138 ser-

96 3199 139 3234 ιη
166 3197 307 3236 :ucm
347 3179 658 3248 confirmat,
709 3196 772 3236 ac
803 3181 976 3250 primo
1004 3177 1220 3250 quidem
1250 3176 1398 3231 brevi
1424 3176 1568 3230 dicto
1599 3176 1699 3227 im-

101 3291 338 3328 meusum
383 3273 730 3329 historiarum
777 3273 997 3342 pelagus
1043 3269 1238 3324 intueri
1268 3267 1466 3322 valenti
1498 3265 1692 3335 aperit.

95 3370 220 3422 (Inui
271 3365 510 3421 dixisset
543 3365 710 3430 enim,
756 3363 841 3417 Ea:
869 3363 971 3432 [ide
995 3362 1048 3415 in
1078 3360 1254 3429 ﬁdem,
1281 3358 1578 3412 auditorem
1612 3372 1698 3410 re-

99 3458 234 3508 misit
263 3457 327 3510 ad
353 3457 688 3512 meouomias
712 3455 851 3519 illas,
873 3468 904 3506 a
930 3452 1037 3507 Deo
1064 3453 1114 3504 in
1147 3451 1323 3505 Veteri
1344 3449 1693 3504 Testamento

99 3548 278 3616 faceis,
313 3563 450 3620 quas
475 3548 542 3603 ad
571 3547 823 3602 llebrzcos
844 3544 1108 3609 scribens,
1137 3557 1258 3598 cum
1283 3541 1448 3595 multa
1478 3540 1691 3609 sapien-

99 3641 162 3696 tia
190 3649 412 3695 enarrat
432 3679 448 3706 ,
475 3649 636 3710 atque
679 3639 840 3692 etiam
869 3643 996 3689 tunc
1020 3642 1075 3689 et
1094 3633 1271 3703 justos
1300 3641 1354 3686 et
1381 3640 1691 3701 peccatores

97 3733 414 3801 iustificatos
438 3729 672 3785 ostendit
696 3745 710 3780 :
742 3736 1069 3799 quapropter
1093 3733 1148 3780 et
1173 3722 1321 3778 llaab
1346 3732 1399 3777 ct
1420 3721 1688 3777 Abraham

98 3823 434 3880 memoravit.
465 3823 652 3878 Postea
674 3829 876 3885 autem,
908 3834 1031 3874 cum
1061 3818 1145 3872 hic
1172 3817 1343 3871 solum
1373 3815 1424 3870 id
1451 3814 1691 3870 subindi-

95 3927 258 3971 casset
294 3915 467 3986 (nam
493 3911 559 3967 ad
589 3913 750 3967 aliam
790 3908 1298 3979 contemplationem
1331 3921 1490 3962 cursu
1518 3905 1688 3960 veloci

96 4005 436 4075 festinabat),
468 4019 496 4057 a
524 4003 803 4074 prophetis
825 4017 1012 4057 rursus
1038 4000 1278 4056 sermoni
1322 3999 1479 4054 fidem
1508 3998 1689 4053 conci-

97 4099 197 4164 lia',
230 4116 282 4154 in
329 4096 571 4153 medium
599 4095 872 4151 adducens
894 4093 1145 4149 liabacuc
1171 4093 1492 4148 clamantem
1520 4100 1576 4146 et
1601 4091 1686 4145 di-

94 4202 315 4258 centem,
354 4205 462 4246 non
496 4204 653 4260 posse
675 4189 857 4244 vivere
881 4201 1004 4243 eum
1043 4185 1135 4257 qui
1163 4186 1399 4240 victurus
1428 4193 1530 4248 est,
1584 4183 1686 4238 nisi

95 4299 179 4352 per
206 4283 392 4339 fidem.
426 4282 555 4336 Nam
583 4279 785 4347 Justus,
810 4279 998 4350 inquit,
1030 4294 1092 4332 ea:
1117 4278 1219 4346 ﬁde
1243 4279 1388 4341 vivet,
1423 4275 1490 4331 de
1512 4276 1682 4328 futura

46 4391 49 4400 ·
96 4374 307 4442 loquens
339 4372 472 4427 vita.
503 4372 637 4440 Quia
666 4371 809 4426 enim
839 4385 958 4440 qua:
992 4369 1133 4424 Deus
1158 4369 1433 4437 clargitur,
1467 4382 1681 4422 omnem

97 4468 466 4536 Cogitationcm
506 4472 786 4533 superant,
808 4462 932 4532 jure
963 4460 1068 4516 fide
1110 4475 1244 4530 opus
1280 4459 1558 4514 habemus.
1596 4459 1685 4512 Vir

97 4568 258 4612 autem
281 4557 562 4628 pervicax,
588 4563 931 4624 contemptor
960 4561 1015 4608 et
1043 4566 1321 4622 arrogans,
1354 4539 1485 4605 nihil
1528 4550 1682 4620 perfi-

96 4650 205 4704 ciet.
239 4647 480 4704 Audiaut
515 4645 751 4701 brcretici
805 4644 1136 4715 spiritualem
1179 4657 1387 4698 vocem.
1422 4641 1567 4698 Talis
1601 4651 1685 4698 est

95 4738 223 4792 enim
249 4738 636 4810 cogitationum
670 4746 858 4792 natura
893 4755 905 4790 :
939 4735 1241 4808 labyrintho
1266 4734 1478 4791 cuidam
1499 4744 1550 4790 et
1572 4735 1682 4804 gri-

98 4832 204 4899 phis
227 4831 424 4887 similis
459 4841 542 4886 est
571 4832 774 4886 nullum
822 4828 982 4886 finem
1020 4829 1244 4895 habens,
1283 4844 1384 4883 nec
1417 4830 1600 4883 sinens
1627 4828 1680 4881 in

99 4932 231 4987 petra
258 4922 644 4992 cogitationem
674 4921 992 4986 consistere,
1023 4921 1452 4991 principiumque
1478 4916 1682 4974 babe'ns

98 5013 154 5068 ab
177 5013 509 5084 arrogantia.
538 5011 670 5067 Cum
692 5014 836 5074 enim
866 5012 1062 5082 pudeat
1088 5013 1207 5067 illos
1232 5014 1388 5068 fidem
1412 5011 1677 5082 accipere,

99 5120 156 5161 ne
180 5107 466 5162 videantur
492 5104 739 5176 ignorare
767 5105 1023 5167 cmlestia,
1057 5119 1178 5160 sese
1220 5105 1269 5158 in
1303 5104 1449 5160 mille
1472 5105 1675 5173 cogita-

101 5198 284 5252 tionum
314 5197 590 5266 pulverem
617 5195 930 5264 conjiciunt.
977 5193 1144 5261 Itane,
1178 5196 1344 5248 miser
1372 5202 1424 5248 et
1463 5192 1675 5258 infelix,

99 5299 239 5361 atque
260 5289 486 5345 infinitis
524 5289 718 5360 dignus
751 5287 1026 5360 lacrymis,
1059 5288 1102 5342 si
1131 5288 1248 5357 quis
1282 5296 1331 5340 te
1363 5287 1675 5354 interroget,

99 5380 352 5449 quomodo
379 5381 568 5435 caelum
588 5378 785 5435 factum
805 5379 895 5442 sit,
920 5377 1189 5448 quomodo
1213 5387 1386 5440 terra;
1407 5374 1534 5446 quid
1558 5375 1679 5428 dico

102 5474 269 5528 etclam
299 5480 356 5528 et
384 5472 626 5527 terram?
653 5470 923 5542 quomodo
954 5469 1068 5539 ipse
1098 5476 1255 5524 natus
1281 5468 1375 5535 sis,
1404 5466 1673 5538 quomodo

1268 405 1331 460 1N
1372 407 1587 462 El‘lS‘l'.
1634 404 1722 458 AD
1765 403 1924 458 ROM.
1969 402 2200 460 ilOMlL
2249 403 2310 458 11.

3335 416 3438 468 diu)

1847 517 2076 570 nutritus
2107 526 2160 571 et
2193 528 2398 582 auctus,
2432 535 2537 573 tum
2571 529 2619 573 te
2650 520 2811 590 pudet
2839 522 3191 591 ignorantiae?
3236 528 3278 578 si
3312 542 3441 581 vero

1837 610 1905 663 de
1934 609 2217 679 Uuigenito
2240 627 2420 665 sermo
2452 613 2542 673 sit,
2589 628 2701 680 pra:
2737 614 2938 682 pudore
2969 625 3019 669 te
3050 616 3099 668 in
3127 617 3438 675 barathrum

1837 701 2089 770 perniciei
2114 703 2356 770 conjicis,
2388 703 2529 772 quod
2560 714 2609 758 te
2637 705 2910 774 indignum
2941 716 3095 776 putes
3127 724 3231 762 non
3255 715 3438 768 omnia

1834 793 2009 846 scire?
2038 794 2194 864 Atqui
2219 796 2430 864 indigna
2455 797 2630 864 potius
2652 813 2739 852 res
2765 807 2850 852 est
2874 803 3144 854 contentio
3159 811 3218 870 et
3246 807 3440 870 intem-

1834 885 2036 954 pestiva
2068 888 2371 940 curiositas.
2408 889 2611 957 Ecquid
2643 891 2708 944 de
2738 890 3076 961 dogmatibus
3103 894 3327 966 loquor?
3355 899 3433 952 Ex

1834 981 2113 1046 prinscutis
2159 982 2281 1034 vitm
2328 984 2564 1052 nequitia
2597 1001 2700 1037 non
2749 987 2855 1039 alio
2896 987 3056 1040 modo
3105 992 3431 1058 liberamur,

1829 1083 1987 1137 quam
2019 1086 2112 1137 per
2154 1071 2332 1125 fidem.
2367 1072 2456 1127 Sic
2494 1058 2687 1128 omnes
2715 1077 2875 1144 prisi-i
2932 1078 3009 1134 illi
3043 1083 3139 1134 viri
3168 1082 3431 1149 claruerc,

1827 1159 1906 1214 sic
1939 1161 2223 1225 Abraham,
2253 1165 2331 1216 sic
2355 1163 2522 1229 Isaac,
2548 1167 2625 1219 sic
2647 1166 2812 1221 Jacob
2839 1183 2854 1233 ;
2885 1169 2962 1224 sic
2991 1182 3043 1224 et
3070 1171 3320 1227 meretrix
3347 1190 3432 1227 sa-
3478 1221 3481 1224 ἠ

1829 1250 1988 1305 lutem
2021 1265 2350 1324 consequuta
2373 1265 2476 1317 est,
2510 1266 2564 1310 ct
2593 1259 2642 1311 iu
2693 1258 2873 1316 Veteri
2903 1272 2954 1316 et
2983 1265 3033 1317 in
3064 1264 3214 1319 Novo
3244 1266 3431 1320 'l'csta-

1827 1353 2023 1397 mento.
2051 1344 2181 1398 Nam
2213 1347 2286 1400 ait
2327 1365 2339 1400 :
2371 1345 2505 1403 Fide
2549 1347 2692 1402 Raab
2732 1356 2970 1408 meretrix
2997 1373 3097 1409 non
3140 1359 3284 1423 periit
3313 1375 3431 1411 cum

1822 1437 2118 1503 incredulis,
2143 1441 2491 1507 exptoratores
2513 1447 2768 1516 excipiens
2803 1445 3000 1518 (Hebr.
3040 1449 3125 1503 11.
3156 1450 3213 1502 51
3242 1448 3279 1519 ).
3312 1450 3425 1503 Non

1821 1530 1954 1582 dixit
1989 1530 2039 1584 iu
2071 1532 2392 1602 semetipsa,
2426 1533 2495 1589 Ει
2522 1539 2794 1607 quomodo
2825 1549 3078 1609 poterunt
3107 1541 3158 1594 hi
3190 1542 3384 1610 captiti
3409 1584 3421 1604 ,

1821 1620 2023 1700 fugitivi
2054 1630 2108 1677 et
2136 1638 2362 1679 errones
2387 1669 2400 1694 ,
2446 1630 2533 1698 qui
2573 1630 2862 1684 nomadum
2895 1648 3046 1686 more
3077 1632 3425 1696 vivunt,‘nus

1817 1728 2091 1780 superare,
2136 1715 2227 1784 qui
2262 1715 2474 1781 urbem,
2509 1721 2702 1774 mania
2742 1730 2795 1775 ct
2824 1731 2998 1776 turres
3041 1723 3421 1779 habemus'BSi

1819 1819 1949 1858 veru
1977 1804 2089 1860 hare
2118 1807 2260 1877 apud
2293 1826 2351 1866 se
2392 1811 2637 1878 dixisset,
2664 1822 2717 1867 et
2743 1814 2976 1882 seipsam
3007 1822 3061 1869 et
3090 1815 3207 1870 illos
3237 1818 3418 1885 perdi-

1814 1893 1981 1950 disset
2015 1914 2028 1950 :
2058 1906 2112 1953 ut
2142 1910 2196 1954 et
2234 1900 2409 1956 fecere
2442 1903 2674 1972 majores
2703 1920 2912 1971 eorum,
2944 1907 3034 1976 qui
3068 1916 3194 1960 tunc
3220 1911 3417 1963 servati

1813 1999 1956 2042 sunt.
1991 1990 2069 2047 Illi
2096 1995 2244 2050 enim
2276 1998 2583 2066 conspectis
2628 1999 2755 2052 viris
2797 2000 3005 2069 magnis
3039 2011 3093 2054 et
3141 2002 3380 2069 procetis
3402 2045 3416 2064 ,

1813 2082 2055 2139 victoria:
2102 2086 2318 2140 modum
2374 2089 2671 2169 qumgicre,
2720 2105 2782 2143 ac
2840 2089 2956 2144 sine
3005 2091 3144 2145 bello
3197 2102 3252 2146 et
3302 2094 3417 2147 acie

1812 2188 2001 2231 omnes
2028 2178 2320 2246 perierunt.
2372 2179 2615 2234 Vidistin‘
2640 2191 2899 2251 quantum
2931 2184 2999 2238 sit
3029 2185 3416 2241 incredulitatis

1816 2267 2149 2335 barathrum,
2180 2278 2233 2325 et
2263 2281 2493 2340 quantus
2533 2272 2655 2328 fidei
2697 2274 2919 2329 murus?
2945 2275 3037 2330 illa
3077 2277 3223 2331 enim
3254 2278 3413 2332 inuti-

1811 2375 1958 2415 mera
1991 2361 2156 2416 millia
2183 2363 2584 2432 pessumdedit;
2619 2364 2734 2420 hrcc
2771 2381 2900 2421 vero
2939 2369 3276 2423 meretricem
3306 2385 3412 2424 non

1810 2455 1972 2509 modo
2009 2456 2262 2522 servavit,
2295 2457 2387 2510 sed
2417 2457 2548 2511 tanti
2576 2457 2760 2528 populi
2793 2467 3074 2526 patronam
3099 2459 3298 2515 effecit.

1883 2547 2246 2603 Maudatorum
2299 2550 2395 2604 Dei
2447 2553 2578 2604 ratio
2627 2568 2727 2606 non
2775 2554 3067 2622 quazrenda.
3095 2584 3167 2594 ——
3197 2554 3320 2609 "tce
3353 2564 3411 2609 et

1811 2641 1983 2694 multo
2013 2642 2165 2710 plura
2199 2657 2320 2695 cum
2344 2642 2600 2706 Sciamus,
2634 2658 2662 2695 a
2693 2643 2803 2698 Deo
2851 2643 3114 2699 factorum
3141 2646 3409 2702 rationem

1808 2747 2097 2801 numquam
2131 2734 2437 2803 exigamus,
2481 2734 2575 2788 sed
2603 2734 2860 2805 quidquid
2895 2736 2987 2790 ille
3005 2737 3231 2806 jusserit
3256 2739 3408 2792 exci-

1807 2823 2015 2890 piamus
2047 2839 2062 2876 :
2093 2838 2198 2876 non
2245 2824 2464 2878 curiose
2508 2823 2844 2894 inquiramus
2886 2827 2968 2880 vel
3037 2828 3403 2896 exploremus,

1803 2913 2016 2966 etiamsi
2043 2913 2092 2966 id
2122 2914 2508 2983 quodjubctur
2555 2915 2855 2971 secundum
2899 2918 3131 2972 humana
3185 2921 3406 2973 ratioci-

1805 3002 1889 3057 nia
1919 3003 2210 3058 absurdum
2241 3005 2502 3059 videatur.
2530 3006 2667 3071 Quid
2695 3009 2861 3074 enim,
2894 3025 3100 3078 quaeso,
3120 3011 3408 3065 absurdius

1801 3094 2067 3161 videatur,
2099 3112 2257 3167 quam
2310 3114 2429 3153 cum
2464 3109 2613 3168 pater
2663 3103 2997 3172 unigenitum
3050 3103 3216 3159 filium
3263 3108 3408 3160 occi-

1801 3185 1929 3241 dere
1956 3188 2174 3256 jubctur
2195 3190 2221 3242 ?
2242 3193 2492 3245 Attamen
2519 3192 2699 3261 justus
2731 3193 2820 3248 ille
2842 3194 3051 3263 jussus,
3085 3212 3190 3251 non
3226 3199 3406 3252 curio-

1807 3294 1866 3333 se
1914 3278 2124 3349 jussum
2173 3280 2495 3349 exploravit,
2549 3282 2643 3337 sed
2678 3284 2748 3338 ob
2798 3285 3036 3352 jubentis
3092 3287 3403 3358 dignitatem

1799 3370 2108 3424 mandatum
2134 3371 2341 3440 accepit
2367 3357 2710 3428 ct'obcdivlt.
2741 3374 2889 3428 Alius
2916 3391 3132 3446 quoque
3155 3357 3338 3448 jussus
3369 3395 3400 3431 a

1800 3461 1910 3515 Deo
1943 3461 2258 3531 prophetam
2294 3473 2594 3532 percutere,
2625 3465 2748 3535 quia
2779 3481 2890 3520 rem
2941 3467 3233 3523 absurdam
3267 3485 3390 3525 esse

1801 3563 1994 3622 putans
2020 3593 2034 3617 ,
2079 3553 2295 3608 curiose
2353 3555 2696 3624 perquisivit,
2737 3572 2836 3611 nec
2880 3557 3202 3628 simpliciter
3244 3560 3404 3615 obse-

1795 3655 1997 3714 quutus
2026 3655 2131 3712 est,
2157 3656 2427 3700 extremas
2450 3646 2600 3701 dedit
2639 3663 2827 3718 pcenas
2853 3650 2873 3721 (
2896 3650 2950 3704 5.
2980 3649 3109 3722 Reg.
3136 3651 3224 3708 20.
3259 3653 3351 3720 55)
3379 3669 3392 3716 ;

1797 3737 1886 3805 qui
1917 3752 2045 3792 vero
2075 3737 2363 3806 percussit,
2393 3747 2648 3808 acceptus
2681 3738 2801 3794 fuit.
2833 3740 3047 3796 EtSaiil
3076 3743 3164 3812 qui
3199 3753 3400 3812 praeter

1797 3827 1892 3882 Dei
1925 3827 2184 3897 placitum
2222 3828 2470 3884 hommes
2518 3831 2791 3897 servavit,
2825 3847 2853 3884 a
2898 3847 3064 3902 regno
3092 3834 3310 3902 excidit,
3344 3846 3401 3890 et

1794 3918 2158 3974 intolerabilia
2209 3934 2401 3989 passus
2445 3929 2545 3976 est.
2601 3921 2769 3977 Multo
2801 3923 2951 3992 plura
3002 3927 3244 3996 exempla
3278 3929 3398 3996 quis

1793 4008 2038 4064 invenire
2070 4010 2505 4081 possit:quibus
2551 4011 2802 4067 omnibus
2851 4013 3131 4080 docemur,
3173 4017 3397 4070 manda-

1793 4110 1970 4157 torum
1997 4102 2089 4158 Dei
2124 4118 2413 4172 numquam
2444 4104 2710 4158 rationem
2740 4118 2860 4159 esse
2892 4108 3260 4177 qurerendain,
3293 4110 3389 4163 sed

1791 4194 2095 4249 cedendum
2119 4203 2175 4249 et
2205 4194 2612 4265 obsequendum
2638 4210 2780 4252 esse.
2811 4181 2865 4251 Si
2910 4208 3088 4253 autem
3144 4201 3232 4254 ilia
3275 4217 3392 4270 quae

1791 4286 2036 4357 przecipit
2082 4287 2341 4354 scrutari,
2394 4289 2756 4357 periculosum
2814 4299 2932 4356 est,
2980 4298 3035 4346 et
3088 4301 3390 4347 extremum

1789 4379 2108 4448 supplicium
2139 4378 2502 4435 scrutantibus
2527 4391 2609 4436 est
2636 4380 2947 4452 deputatum
2984 4400 2998 4439 :
3027 4386 3115 4455 qui
3141 4400 3200 4438 ea
3225 4426 3238 4448 ,
3271 4403 3390 4455 qua:

1788 4480 1914 4526 sunt
1960 4471 2062 4525 illis
2091 4471 2250 4541 longe
2279 4473 2571 4527 secretiora
2599 4481 2653 4527 et
2686 4472 3028 4529 horribiliora
3061 4485 3391 4542 scrutantur,

1790 4578 1985 4632 nempe
2028 4563 2301 4633 quomodo
2355 4565 2545 4633 genuit
2572 4563 2788 4632 Filium,
2838 4573 2893 4619 et
2919 4581 3020 4635 qua
3079 4568 3308 4635 ratione,
3342 4581 3395 4622 et

1787 4671 2036 4725 quamam
2061 4655 2131 4708 sit
2162 4654 2480 4719 substantia,
2500 4671 2659 4725 quam
2691 4655 3062 4712 defensionem
3083 4657 3395 4714 habebunt?

1791 4747 1914 4800 Hcce
1943 4762 2064 4801 cum
2087 4747 2342 4812 sciamus,
2375 4745 2531 4800 fidem
2587 4747 2848 4802 honorum
2888 4749 3127 4803 ninnium
3162 4761 3388 4805 matrem

1786 4852 1906 4892 cum
1955 4839 2099 4891 omni
2180 4836 2555 4892 benevolentia
2606 4839 2986 4906 suscipiamus,
3033 4851 3091 4893 ut
3136 4841 3288 4909 quasi
3335 4843 3385 4895 in

1789 4929 2080 4997 tranquillo
2129 4937 2286 4998 portu
2340 4927 2676 4997 navigantes,
2731 4939 2875 4982 recta
2919 4930 3167 4999 dogmata
3201 4945 3387 4985 serve-

1787 5038 1927 5085 mus,
1958 5031 2011 5076 ct
2060 5021 2222 5073 vitam
2271 5029 2508 5073 nostram
2564 5034 2685 5073 eum
2738 5021 3028 5074 securitate
3059 5021 3378 5092 dirigentes,

1785 5123 1985 5168 teterna
2041 5127 2437 5180 consequamur
2511 5111 2682 5174 bona,
2736 5111 2903 5180 gratia
2954 5119 3008 5165 et
3064 5111 3389 5183 benignitate

1791 5206 2000 5260 Domini
2027 5205 2194 5257 nostri
2226 5203 2354 5257 Jesu
2380 5203 2602 5264 Christi,
2656 5204 2872 5271 quicum
2897 5203 3036 5257 Patri
3061 5204 3248 5275 gloria,
3283 5205 3386 5258 int-

1788 5298 2017 5367 perium,
2054 5295 2227 5349 honor
2252 5303 2306 5349 et
2331 5292 2577 5348 adoratio
2624 5308 2727 5348 una
2754 5308 2876 5349 cum
2924 5305 3112 5350 sancto
3146 5293 3370 5367 Spiritu,

1787 5393 1839 5446 in
1871 5391 2063 5446 smcula
2093 5389 2432 5445 saeculorum.
2467 5387 2665 5442 Amen.

1555 5701 1590 5706 ._
1601 5701 1662 5709 -,,.,
1677 5704 1702 5708 __
1712 5703 1738 5708 __.
1747 5700 1803 5707 μ-..
1821 5695 1923 5704 .-ο-φο

410 5842 680 5906 Pauor.
731 5851 842 5911 Gn.
894 5854 1016 5916 LX.

2971 5883 3052 5947 26
