4118 6340
629 410 724 465 Ml

1373 401 1431 455 s.
1462 394 1738 466 minus
1772 376 2248 453 CBRYSOSTOIII
2290 387 2612 444 smaller.
2644 386 3180 445 CONSTANTINOP.

638 506 3359 543 _._W..

3836 389 3946 446 ιη

2004 594 2351 660 HOMILIA
2398 592 2505 652 ΙΙΙ.

638 742 761 799 the.
796 740 848 797 l.
876 755 927 794 ν.
964 737 1053 795 l8.
1090 735 1357 792 Relictam
1402 731 1535 786 enim
1579 729 1659 783 ira
1689 725 1782 782 Dei
1808 724 1871 778 de
1908 722 2031 775 (ιι-ιο
2075 734 2227 788 super
2282 714 2291 723 ’

706 850 903 888 omnem
931 832 1239 901 impietatem
1267 838 1315 881 et
1335 823 1640 894 iniustitiam
1664 819 1949 883 hominum,
1970 815 2054 885 qui
2098 813 2226 865 ueri-

707 937 862 981 tatem
888 926 938 979 in
962 912 1213 997 iniustitia
1234 920 1481 974 detinent.

710 1021 764 1073 i.
800 1015 931 1071 Vide
960 1012 1108 1069 Pauli
1138 1009 1479 1082 prudentiam
1504 1048 1520 1072 ,
1562 1002 1837 1077 quomodo
1863 1015 1893 1056 α
1924 997 2227 1055 mitioribus

642 1111 927 1178 hortatus,
985 1105 1050 1159 ad
1099 1100 1419 1158 terribiliora
1468 1112 1772 1155 sermonem
1834 1101 2033 1149 vertat.
2093 1089 2226 1145 Cum

643 1200 867 1255 dixisset
920 1197 1063 1251 enim
1126 1193 1465 1263 evangelium
1514 1190 1704 1245 salutis
1748 1196 1803 1241 et
1842 1186 1963 1239 vita:
2014 1196 2229 1239 cattsmn

648 1306 804 1356 esse;
836 1290 1070 1359 itemque
1101 1286 1193 1341 Dei
1226 1285 1518 1357 potentiam
1538 1292 1591 1337 et
1612 1281 1837 1336 salutem
1862 1275 2232 1346 justitiamqne

646 1388 919 1450 operatam
943 1394 1085 1442 esse,
1111 1378 1221 1446 jam
1249 1376 1378 1431 dicit
1416 1390 1501 1440 ea,
1549 1388 1669 1443 qua:
1695 1386 1799 1425 non
1831 1367 2235 1423 attendentihus

647 1482 909 1527 terrorem
946 1471 1189 1524 incutere
1218 1467 1444 1535 possint.
1470 1465 1601 1530 Quia
1624 1464 1765 1517 enim
1787 1460 1964 1515 solent
1995 1457 2237 1529 plerique

648 1565 924 1618 hominum
996 1576 1101 1616 non
1150 1571 1253 1615 tam
1303 1556 1660 1628 promissiOne
1721 1553 2019 1617 bonorum,
2080 1564 2240 1619 quam

647 1659 879 1711 tristium
909 1656 1102 1710 timore
1128 1654 1193 1708 ad
1221 1654 1473 1708 virtutem
1505 1648 1741 1721 pertrahi
1767 1666 1781 1710 ;
1818 1649 2067 1717 utrinque
2092 1647 2238 1714 ipsos

648 1751 830 1803 allicit.
869 1748 1075 1802 Idcirco
1096 1746 1234 1802 Deos
1264 1762 1367 1800 non
1400 1744 1563 1799 modo
1591 1757 1812 1813 regnum
1845 1740 2111 1810 promisit,
2145 1737 2239 1792 sed

653 1842 813 1894 etiam
861 1838 1160 1909 gehennam
1204 1837 1562 1892 comminatus
1605 1843 1723 1889 est:
1750 1843 1803 1888 ct
1834 1831 2106 1903 propheta:
2148 1829 2243 1885 Ju-

654 1934 787 1988 dzeis
820 1935 889 1987 ita
916 1935 1225 2004 loquuntur,
1248 1932 1383 1985 mala
1405 1930 1559 1985 bonis
1579 1937 1837 1998 perpetuo
1863 1924 2242 1980 admiscentes.

656 2024 886 2094 Ideoque
912 2024 1106 2079 Paulus
1133 2023 1210 2077 sic
1236 2034 1543 2076 sermonem
1578 2019 1766 2084 variat,
1797 2032 1902 2071 non
1933 2024 2242 2083 utcumque,

655 2115 747 2169 sed
780 2117 927 2168 miia
956 2115 1207 2183 primum,
1242 2112 1547 2181 deindeque
1566 2110 1741 2164 tristia
1773 2108 1992 2163 adhibet
2019 2124 2033 2173 ;
2062 2118 2247 2161 osten-

658 2207 815 2271 dens,
857 2208 943 2260 illa
970 2206 1181 2276 quidem
1222 2222 1285 2259 ex
1335 2204 1527 2275 prmvia
1573 2202 1666 2256 Dei
1697 2202 1965 2256 sententia
1993 2214 2211 2254 manare
2234 2239 2248 2264 ,

661 2301 776 2354 Irrc
799 2315 924 2353 vero
956 2314 1019 2353 ex
1050 2297 1439 2368 negligentium
1486 2295 1739 2364 nequitia.
1772 2294 1861 2350 Sic
1895 2302 1948 2348 et
1978 2293 2250 2363 prOpheta

666 2391 838 2459 primo
872 2392 1005 2444 'iona
1038 2389 1260 2460 profert,
1286 2388 1471 2441 dicens
1498 2405 1511 2441 :
1549 2386 1609 2441 Si
1636 2385 1892 2439 volueritis
1914 2396 1962 2438 et
1988 2384 2253 2436 audieritis

662 2499 761 2546 me,
794 2484 927 2537 bona
970 2491 1116 2537 term
1139 2480 1406 2535 comedetis
1432 2496 1451 2543 ,'
1481 2480 1523 2533 si
1548 2477 1833 2543 nolueritis,
1858 2493 1948 2529 nec
1992 2476 2254 2529 audieritis

663 2590 760 2638 me,
787 2574 993 2643 gladius
1013 2590 1099 2626 vos
1131 2573 1358 2625 absumet
1399 2570 1553 2639 (lsai.
1591 2571 1644 2629 1.
1673 2569 1760 2625 l9.
1936 2568 2009 2621 ιω
2043 2577 2095 2621 et
2123 2567 2255 2621 l‘au-

668 2666 748 2718 lus
776 2664 863 2719 liic
907 2678 1213 2718 sermonem
1259 2661 1513 2733 profert:
1563 2660 1720 2715 Venit
1762 2658 2029 2723 Christus,
2068 2659 2254 2728 inquit,

677 2756 1055 2811 remissionem
1087 2756 1289 2815 ferens.
1313 2754 1597 2824 justitiam,
1628 2752 1790 2805 vitam
1822 2768 1835 2803 :
1868 2766 1968 2805 nec
1998 2750 2257 2819 simplici-

673 2862 772 2914 ter,
806 2849 901 2904 sed
951 2865 1046 2919 per
1075 2858 1292 2903 crucem
1335 2848 1528 2911 all'ert;
1586 2846 1837 2915 quodque
1886 2844 2176 2899 maximum
2210 2852 2263 2897 et

674 2941 1050 2997 admirandum
1084 2950 1187 3008 est,
1236 2956 1340 2995 non
1369 2940 1511 3011 quod
1548 2939 1668 2993 talia
1710 2938 1934 3007 largitus
1965 2938 2035 2992 sit
2060 2938 2258 3003 solum,

674 3033 768 3087 sed
798 3032 940 3103 quod
966 3032 1087 3087 talia
1118 3047 1307 3103 passus
1334 3033 1423 3086 sit.
1455 3032 1509 3087 Si
1563 3031 1723 3103 igitur
1754 3031 1867 3101 ipsa
1899 3030 2037 3085 dona
2072 3039 2263 3084 contu-

677 3125 832 3179 mclia
858 3124 1167 3189 all’eccritis,
1199 3133 1325 3177 tunc
1365 3124 1535 3177 tristia
1566 3138 1662 3177 vos
1708 3122 2022 3176 manebunt.
2058 3120 2125 3175 Et
2148 3122 2266 3175 vidc

678 3216 947 3284 quomodo
976 3229 1281 3270 sermonem
1310 3216 1568 3272 extollat:
1603 3214 1873 3268 Revelatur
1893 3215 2047 3276 enim,
2077 3214 2265 3283 inquit,

679 3309 756 3359 ira
780 3307 877 3361 Dei
907 3309 967 3361 de
995 3308 1141 3361 cwlo.
1188 3305 1466 3362 Undenam
1497 3307 1597 3360 ltm'
1640 3305 1850 3375 liquet?
1881 3306 1936 3358 Si
1971 3305 2142 3358 ﬁdelis
2170 3305 2269 3357 hoc

684 3402 905 3465 dixerit,
940 3400 1137 3457 Christi
1166 3401 1459 3455 sententias
1506 3401 1879 3469 proferemus;
1929 3398 1974 3452 si
1998 3412 2125 3452 vero
2154 3396 2272 3450 infi-

683 3494 840 3555 delis,
873 3510 901 3547 a
935 3494 1285 3563 sequentibus
1328 3494 1405 3546 illi
1432 3494 1629 3547 Paulus
1678 3508 1737 3545 os
1771 3492 2037 3556 obstruit,
2091 3492 2176 3544 ubi
2206 3490 2273 3545 de

693 3585 892 3653 judicio
926 3585 1020 3639 Dei
1054 3585 1268 3654 agitur,
1303 3598 1368 3638 ex
1411 3586 1580 3655 gestis
1636 3585 1872 3653 ipsorum
1912 3585 2274 3654 insuperabile

683 3688 1053 3746 argumentum
1084 3678 1135 3731 in
1168 3674 1402 3731 medium
1435 3676 1706 3731 adducens
1733 3692 1747 3729 ε
1786 3676 1835 3729 id
1865 3676 2005 3745 quod
2042 3678 2274 3731 maxime

686 3768 1006 3835 stupendum
1036 3777 1155 3833 cst;
1194 3784 1315 3823 cum
1348 3782 1473 3834 eos,
1501 3768 1590 3838 qui
1634 3764 1842 3821 veritati
1889 3767 2273 3831 adversantur,

690 3877 751 3913 ex
785 3860 868 3925 iis,
897 3875 1014 3929 qua:
1056 3860 1296 3929 quotidie
1330 3859 1516 3914 dicunt
1545 3870 1595 3913 et
1619 3860 1837 3925 facmnt,
1872 3859 2113 3912 veritatis
2144 3859 2275 3928 dog-

695 3961 835 4005 mata
885 3950 1114 4021 probare
1162 3949 1633 4005 declarat.Verum
1669 3950 1785 4005 lucc
1816 3951 2276 4019 insequentibus;

693 4045 910 4098 interim
946 4046 1276 4113 propositam
1321 4059 1433 4098 rem
1469 4052 1780 4098 tractemus.
1836 4039 2112 4096 Ret'elatur
2150 4044 2281 4096 enim

689 4138 768 4189 ira
808 4134 898 4188 Dei
930 4136 990 4187 de
1016 4136 1159 4189 uelo.
1205 4134 1365 4205 Atqui
1411 4136 1461 4189 in
1490 4134 1589 4190 hac
1621 4135 1725 4187 vita
1760 4136 1809 4188 id
1842 4149 1985 4203 saepe
2008 4134 2199 4187 accidit
2230 4135 2279 4187 in

692 4229 832 4282 fame
858 4239 907 4283 et
944 4240 1093 4299 peste
1138 4240 1191 4284 et
1223 4228 1421 4285 bellis:
1456 4244 1577 4283 nam
1622 4230 1869 4298 privatim
1905 4231 2099 4298 singuli
2147 4241 2200 4284 et
2232 4232 2281 4285 in

692 4322 967 4377 communi
1019 4337 1209 4377 omnes
1252 4324 1563 4391 puniuntur.
1617 4323 1752 4390 Quid
1793 4325 1954 4392 igitur
1985 4334 2111 4377 tunc
2162 4325 2282 4377 novi

695 4416 831 4469 erit?
880 4414 1033 4483 Quod
1092 4414 1266 4484 majus
1336 4414 1573 4469 futurum
1615 4414 1685 4468 sit
1741 4415 2092 4485 supplicium,
2146 4416 2285 4485 quod

694 4521 979 4561 commune
1032 4514 1085 4561 et
1140 4522 1242 4561 non
1298 4508 1607 4562 earumdem
1667 4523 1843 4562 rerum
1903 4524 2099 4562 causa:
2148 4526 2287 4563 nunc

694 4601 839 4653 enim
910 4600 978 4652 ad
1048 4600 1483 4654 emendationem
1538 4600 1651 4654 hinc
1698 4603 1863 4660 linist.
1922 4611 2046 4655 tunc
2110 4612 2285 4657 autem

695 4692 763 4746 ad
816 4692 1074 4747 ultionem
1119 4711 1130 4743 :
1175 4692 1315 4762 quod
1392 4693 1702 4762 significans
1780 4694 1976 4747 huius
2022 4696 2229 4749 diccbat
2273 4716 2285 4751 :

699 4782 1017 4852 Corripimur
1088 4800 1259 4846 nunc,
1306 4792 1359 4835 ut
1422 4801 1522 4837 non
1574 4800 1685 4837 cum
1752 4785 1940 4837 mundo
1991 4785 2289 4839 tltunncmnr

699 4874 947 4941 (l.Cor.
1015 4874 1103 4927 ll.
1166 4873 1281 4942 ⁸52).
1338 4875 1401 4928 Et
1461 4891 1603 4930 nunc
1645 4876 1860 4945 quidem
1917 4893 2019 4931 non
2078 4895 2140 4931 ex
2196 4894 2286 4932 su-

705 4980 872 5033 perna
932 4965 1041 5028 ira,
1077 4965 1168 5019 sed
1211 4965 1277 5019 ab
1321 4966 1594 5019 hominum
1639 4969 1824 5036 injuria
1858 4969 1973 5023 inec
2026 4986 2055 5023 a
2110 4972 2291 5024 multis

704 5056 950 5110 accidere
1012 5065 1307 5125 putantur:
1348 5067 1474 5111 tunc
1535 5073 1662 5110 vero
1722 5060 1999 5114 manifesta
2050 5063 2151 5115 erit
2201 5063 2291 5115 Dei

706 5149 861 5211 ultio,
891 5149 1105 5216 quando
1134 5149 1304 5203 Jndcx
1338 5151 1531 5204 sedens
1566 5152 1617 5204 in
1647 5154 1928 5207 tremendo
1955 5156 2091 5207 solio
2114 5198 2128 5220 ,
2160 5157 2294 5211 alios

706 5243 769 5294 ad
828 5243 1070 5295 caminos
1123 5244 1257 5296 trahi
1304 5243 1544 5311 jubebit,
1592 5245 1727 5298 alios
1783 5246 1846 5297 ad
1902 5248 2153 5303 tenebras
2202 5265 2294 5303 cx-

707 5334 955 5396 teriores,
988 5334 1121 5388 alios
1149 5336 1213 5387 ad
1242 5335 1339 5387 alia
1374 5336 1697 5390 inevitabilia
1727 5348 1777 5391 et
1806 5339 2138 5394 intoleranda
2174 5358 2298 5412 Sup-

708 5426 881 5493 plicia.
919 5428 981 5481 Et
1004 5442 1099 5480 cur
1126 5444 1228 5480 non
1250 5428 1325 5482 sic
1355 5439 1537 5497 aperte
1565 5430 1715 5497 dicit,
1742 5432 1933 5485 Filium
1974 5435 2062 5487 Dei
2106 5448 2293 5489 ventu-

711 5534 826 5570 rum
854 5533 972 5573 esse
994 5534 1113 5573 cum
1152 5521 1448 5575 innumeris
1480 5524 1714 5591 angelis.
1749 5535 1800 5576 et
1836 5526 2098 5580 rationem
2133 5544 2159 5581 a
2190 5532 2298 5582 sin.

710 5610 849 5679 gulis
877 5613 1259 5680 repetiturum;
1301 5613 1392 5666 sed
1437 5616 1539 5679 ait,
1582 5613 1850 5668 Ret'cltttttr
1888 5618 1961 5669 ira
1993 5617 2133 5671 Dei?
2164 5621 2299 5675 Neo-

714 5704 1059 5776 phytiadhuc
1113 5717 1269 5760 erant
1321 5706 1629 5773 auditores;
1683 5709 1910 5779 ideoque
1954 5712 2019 5763 ah
2061 5714 2143 5775 iis,
2180 5730 2296 5782 qua:

712 5796 931 5853 omnino
951 5796 1005 5851 in
1026 5797 1274 5853 confesso
1322 5808 1475 5853 erant
1517 5799 1656 5870 apud
1706 5816 1799 5857 eos
1827 5842 1839 5865 ,
1886 5803 2111 5871 primum
2156 5807 2297 5874 ipsos

2335 714 2515 769 allicit.
2551 715 2820 771 Prmterea
2865 733 2994 773 vero
3030 720 3263 789 gentiles
3300 720 3496 790 alloqui
3526 721 3654 775 mihi
3688 720 3945 779 videtur:

2339 806 2563 877 ideoque
2587 807 2710 861 hinc
2733 809 2963 875 orditur,
2998 820 3181 880 postea
3220 823 3399 867 autent
3428 811 3706 881 dejudicio
3730 811 3950 865 CliriSti

2329 916 2633 957 sermonem
2664 903 2886 959 inducit.
2926 902 3096 971 Super
3119 922 3314 959 omnem
3359 907 3665 975 impietatem
3705 914 3754 958 et
3796 905 3949 973 inju-

2331 994 2522 1047 stitinnt
2549 995 2832 1060 hominum,
2856 996 2942 1065 qui
2966 996 3222 1049 veritatem
3245 997 3294 1047 in
3329 997 3579 1065 iniustitia
3611 996 3867 1049 detinent.

2407 1082 2567 1140 Error
2613 1088 2817 1152 varius,
2866 1089 3049 1143 veritas
3088 1103 3210 1142 una.
3236 1119 3306 1127 —
3332 1087 3427 1141 llic
3464 1089 3699 1142 ostendit
3741 1087 3955 1140 multas

2334 1193 2455 1233 esse
2489 1179 2777 1249 impietatis
2804 1182 2917 1235 vias
2940 1224 2953 1245 ,
2978 1182 3226 1236 veritatis
3263 1193 3442 1235 autem
3505 1198 3686 1234 unam.
3724 1182 3954 1235 Etenim

2336 1273 2505 1338 varia,
2533 1272 2883 1327 multiformis
2910 1284 2961 1328 ct
3010 1274 3230 1328 confusa
3275 1292 3359 1327 res
3389 1285 3470 1327 est
3502 1290 3653 1327 error
3682 1290 3695 1335 ;
3736 1278 3957 1326 veritas

2339 1376 2517 1419 autem
2551 1382 2673 1419 una.
2707 1367 2997 1437 Postquam
3048 1384 3173 1422 vero
3200 1368 3268 1422 de
3306 1369 3646 1438 dogmatibus
3676 1368 3842 1429 dixit,
3882 1369 3960 1421 de

2339 1460 2445 1512 vita
2477 1460 2738 1530 loquitur,
2772 1458 3089 1529 injustitiam
3134 1460 3414 1514 hominum
3452 1476 3785 1514 memorans.
3818 1459 3964 1514 Ete-

2342 1554 2451 1606 nim
2486 1554 2764 1621 injusdtim
2790 1555 2949 1607 varia:
2989 1564 3113 1608 sunt
3147 1572 3159 1607 :
3191 1564 3243 1608 et
3277 1554 3379 1607 alia
3420 1554 3637 1624 quidem
3667 1554 3812 1607 circa
3850 1569 3961 1622 pc-

2342 1648 2526 1699 cnnias
2558 1656 2660 1708 est,
2690 1656 2744 1699 ut
2777 1662 2893 1699 cum
2927 1647 3046 1715 quis
3082 1647 3133 1700 in
3174 1647 3238 1700 iis
3266 1648 3571 1716 proximum
3619 1646 3808 1711 lzedil;
3844 1646 3962 1698 alia

2344 1740 2597 1793 mulieres
2629 1747 2853 1807 spectat,
2891 1749 2946 1793 ut
2976 1738 3191 1807 quando
3218 1740 3339 1809 quis
3362 1739 3549 1793 relicta
3583 1755 3648 1791 nx
3725 1756 3773 1802 α,
3812 1738 3963 1791 alte-

2344 1828 2456 1883 rius
2481 1830 2693 1898 nuptias
2719 1829 2943 1883 dirimit.
3005 1829 3117 1883 lloc
3164 1840 3312 1885 certe
3342 1829 3582 1884 fraudem
3622 1845 3779 1884 vocat
3812 1831 3966 1884 Pau-

2346 1923 2452 1984 lus,
2482 1923 2667 1977 dicens
2696 1942 2707 1976 :
2746 1922 2829 1977 Nc
2872 1924 2983 1991 quis
3027 1924 3286 1993 Opprimat
3334 1925 3411 1977 vel
3435 1924 3637 1994 fraudet
3669 1924 3720 1976 in
3749 1924 3970 1994 negotio

2350 2018 2558 2085 fratrem
2590 2016 2666 2087 (l.
2713 2016 2889 2070 Thess.
2922 2016 2973 2070 4.
3006 2016 3083 2087 6).
3118 2016 3219 2070 Alii
3248 2032 3459 2070 rursum
3491 2032 3595 2071 non
3622 2032 3843 2071 uxorem
3872 2017 3968 2070 vel

2349 2108 2655 2178 pecuniam,
2688 2108 2782 2163 sed
2808 2108 3033 2179 gloriam
3085 2109 3317 2178 proximi
3358 2108 3692 2164 labefactant
3719 2124 3732 2161 :
3763 2120 3821 2163 et
3853 2108 3971 2162 hoc

2353 2199 2610 2268 injustitia
2640 2208 2741 2254 est.
2780 2199 2913 2254 Nam
2943 2199 3133 2253 Melius
3180 2209 3252 2253 est
3298 2216 3482 2254 nomen
3547 2200 3753 2261 bonum,
3801 2216 3971 2269 quam

2355 2292 2542 2343 diritia:
2569 2293 2740 2345 multa!
2772 2290 2957 2361 (l’rot'.
2984 2291 3075 2345 2'2.
3110 2291 3186 2360 l.)
3231 2291 3461 2358 Quidam
3493 2308 3621 2345 vero
3650 2290 3974 2345 dicuntimc

2353 2398 2565 2452 quoque
2612 2383 2679 2437 de
2726 2383 3066 2451 dogmatibus
3113 2399 3140 2436 a
3195 2382 3362 2437 Paulo
3402 2382 3661 2451 intelligi:
3701 2392 3974 2435 caeterum

2355 2474 2486 2527 nihil
2520 2484 2665 2527 vetat
2696 2474 2761 2528 dc
2790 2483 3017 2544 utroque
3044 2474 3244 2527 dictum
3273 2474 3463 2529 fuisse.
3494 2474 3632 2541 Quid
3660 2483 3843 2528 autem
3870 2475 3972 2539 sit,

2370 2566 2641 2620 Veritatem
2669 2569 2720 2621 in
2745 2567 2997 2636 injustitia
3021 2568 3269 2632 detinent,
3310 2582 3375 2621 ex
3403 2568 3754 2637 sequentibus
3778 2567 3972 2621 disce.

2363 2661 2449 2715 l9.
2480 2662 2612 2729 Quia
2634 2663 2768 2726 quod
2795 2674 2973 2715 notum
3024 2672 3093 2715 est
3117 2660 3233 2727 Dei,
3278 2665 3606 2733 mtmifestum
3646 2662 3790 2714 estin
3815 2659 3927 2713 illis
3960 2676 3978 2712 :

2362 2750 2502 2807 Deus
2532 2756 2663 2807 enim
2694 2754 2799 2807 illis
2828 2756 3191 2825 manifestavit.
3234 2754 3339 2810 Sed
3373 2755 3510 2808 hanc
3556 2754 3782 2824 gloriam
3806 2752 3982 2824 lignis

2362 2846 2724 2900 attribuerunt
2750 2857 2797 2900 ct
2833 2846 3120 2916 lapidibus.

2432 2938 2487 2992 2.
2523 2938 2726 3002 Natura
2756 2940 2867 3009 ipsa
2890 2940 3131 3008 prtedicat
3159 2938 3469 2993 Creatorem.
3503 2969 3572 2979 —
3598 2938 3983 3006 Quemadmo-

2366 3030 2490 3085 dum
2518 3032 2678 3101 igitur
2708 3032 2773 3097 is,
2804 3032 2889 3087 cni
2923 3032 3079 3103 regie
3114 3033 3355 3103 pecuni-.12
3386 3033 3605 3087 credita:
3655 3043 3802 3098 sunt,
3842 3035 3980 3103 jus-

2370 3138 2460 3177 sus
2486 3124 2604 3177 illas
2634 3124 2686 3177 in
2710 3125 2853 3193 regis
2903 3124 3128 3193 gloriam
3182 3124 3519 3193 impendere.
3546 3124 3590 3179 si
3621 3126 3671 3178 in
3702 3123 3848 3179 fures
3875 3166 3889 3188 ,
3917 3125 3984 3178 in

2372 3228 2547 3273 scorta
2573 3226 2627 3271 et
2654 3220 2703 3271 in
2736 3218 3153 3288 pra-stigiatores
3178 3218 3296 3272 illas
3324 3218 3667 3287 impenderit,
3687 3233 3863 3287 exque
3887 3236 3989 3272 re-

2370 3313 2471 3381 giis
2502 3312 2692 3380 opibus
2719 3311 3033 3381 Splendidos
3061 3312 3181 3366 illos
3203 3310 3517 3373 reddiderit,
3556 3320 3825 3379 tamquam
3884 3312 3987 3380 qui

2375 3404 2607 3456 maxime
2648 3417 2825 3471 regem
2856 3401 3161 3465 offenderit,
3207 3416 3396 3471 pinnas
3425 3401 3515 3453 dat
3540 3418 3552 3430 ·
3585 3402 3657 3454 ita
3686 3410 3737 3454 et
3769 3402 3819 3451 hi
3851 3410 3987 3452 Clllll

2376 3496 2619 3550 notitiam
2678 3495 2766 3547 Dei
2818 3493 3079 3562 etgloria:
3103 3494 3220 3563 ejus
3250 3494 3626 3561 accepissent,
3673 3490 3993 3560 deindequc

2380 3585 2699 3638 idolisillam
2730 3584 3122 3651 attribuissent,
3160 3586 3441 3639 veritatem
3471 3585 3521 3639 in
3548 3584 3805 3655 injustitia
3842 3585 3995 3639 dcti-

2379 3686 2632 3735 nneruut.
2665 3686 2736 3737 et,
2768 3688 3029 3746 quantum
3063 3678 3115 3731 in
3150 3678 3279 3747 ipsis
3332 3686 3471 3744 erat,
3504 3677 3870 3747 cognitionem
3902 3676 3991 3731 in-

2375 3769 2513 3837 juria
2540 3770 2837 3825 achccrunt
2861 3812 2876 3832 ,
2911 3786 3015 3824 non
3046 3780 3101 3823 nt
3132 3784 3227 3839 par
3262 3779 3378 3824 erat
3408 3771 3496 3823 illa
3519 3779 3752 3825 utentes.
3786 3772 3867 3825 An
3899 3786 3994 3824 vo-

2382 3862 2463 3915 bis
2494 3861 2697 3914 clarnm
2720 3870 2803 3916 est
2832 3862 2881 3915 id
2906 3903 2921 3929 ,
2952 3861 3095 3931 quod
3118 3863 3317 3917 dictum
3346 3861 3465 3929 fuit,
3489 3879 3557 3917 an
3585 3864 3780 3917 clarius
3806 3863 3994 3917 denuo

2385 3954 2761 4022 esplieandnm
2814 3955 2947 4009 est?
3002 3954 3164 4009 Forte
3209 3955 3575 4019 necessarium
3632 3954 3795 4010 fuerit
3845 3956 3993 4010 ultra

2385 4047 2659 4115 progredi.
2694 4047 2829 4113 Quid
2863 4061 2991 4117 ergo
3023 4058 3105 4101 est
3138 4046 3290 4111 illud,
3321 4047 3464 4117 quod
3488 4046 3685 4102 dicitur
3712 4046 3736 4099 ?
3786 4044 3994 4117 Cogni—

2386 4139 2585 4192 tionem
2631 4139 2712 4192 sui
2758 4140 2897 4193 Dens
2940 4138 3251 4205 hominibus
3275 4154 3302 4191 a
3327 4140 3591 4210 principio
3625 4138 3857 4201 indidit;
3894 4140 3993 4193 sed

2388 4231 2531 4284 illam
2553 4230 2913 4300 cognitionem
2958 4229 3189 4300 gentiles
3242 4231 3401 4300 lignis
3430 4240 3484 4283 et
3515 4230 3785 4299 lapidibus
3837 4232 3996 4284 attri—

2390 4322 2616 4376 liuentcs
2645 4363 2658 4386 ,
2710 4323 3022 4384 veritatem,
3079 4332 3340 4391 quantum
3386 4321 3436 4374 in
3468 4320 3598 4391 ipsis
3649 4321 3763 4386 luit,
3797 4321 3995 4389 injuria

2391 4413 2725 4467 affecerunt:
2780 4413 2867 4466 illa
2899 4413 3042 4466 enim
3087 4412 3438 4466 immutabilis
3488 4420 3705 4476 manet,
3765 4412 3997 4480 gloriam

2391 4520 2540 4557 suun
2576 4503 2779 4557 habens
2803 4504 3101 4557 immotam.
3128 4505 3193 4557 Et
3221 4503 3361 4557 unde
3386 4512 3569 4557 notum
3595 4513 3698 4567 est,
3728 4518 3760 4555 o
3785 4503 3951 4557 l‘anle
3980 4547 3997 4570 ,

2392 4597 2531 4666 quod
2568 4598 2705 4651 Deus
2728 4597 2859 4667 ipsis
2885 4598 3247 4666 cognitionem
3280 4594 3574 4650 indiderit?
3606 4595 3763 4662 Quia,
3792 4596 3996 4665 inquit,

2392 4690 2526 4759 quod
2575 4700 2748 4743 nolunt
2778 4700 2850 4744 est
2880 4690 2997 4759 ejus
3019 4730 3035 4756 ,
3084 4690 3413 4761 manifestum
3439 4698 3511 4741 est
3539 4689 3591 4741 in
3619 4689 3745 4741 illis.
3794 4689 3861 4741 At
3896 4688 4000 4743 hoc

2394 4784 2657 4838 sententia
2691 4793 2794 4849 est,
2845 4798 2949 4837 non
2989 4782 3401 4845 demonstratio;
3438 4792 3490 4834 tu
3520 4796 3648 4835 vero
3678 4781 3805 4835 mihi
3831 4783 3999 4848 proba

2396 4889 2448 4934 et
2478 4878 2725 4943 ostende,
2751 4877 3113 4946 cognitionem
3142 4875 3234 4929 Dei
3283 4874 3619 4930 manifestam
3648 4876 3813 4929 fuisse
3843 4876 3948 4929 illis
3983 4918 3998 4942 ,

2397 4972 2489 5027 sed
2522 4980 2714 5039 sponte
2745 4971 2867 5025 illos
2887 4969 3327 5041 pra'termisisse.
3359 4968 3514 5023 Unde
3542 4983 3673 5037 ergo
3717 4970 3996 5023 manifesti

2398 5065 2553 5117 erat?
2580 5078 2842 5118 vocemne
2870 5062 2973 5115 illis
3004 5062 3182 5116 emisit
3210 5061 3230 5113 ?
3264 5061 3481 5115 Minime
3512 5078 3526 5116 :
3576 5075 3763 5115 verum
3800 5060 3849 5114 id
3875 5061 4000 5115 eﬂ‘e-

2326 5222 2327 5225 η
2400 5160 2494 5223 cit,
2530 5158 2671 5228 quod
2706 5158 2874 5227 magis
2908 5156 3026 5210 illos
3066 5172 3226 5225 quam
3272 5172 3373 5209 vox
3426 5153 3681 5225 quatlibct
3728 5156 4007 5210 attrahere

2403 5260 2647 5319 poterat:
2679 5257 2915 5303 creatum
2946 5250 3130 5303 orbem
3160 5250 3210 5301 in
3240 5249 3415 5303 medio
3461 5249 3672 5316 posuit:
3708 5249 3778 5302 ita
3813 5260 3869 5302 nt
3915 5266 4005 5303 sa-

2403 5346 2573 5414 piens,
2607 5344 2793 5407 idiota,
2823 5342 3018 5413 Scytha
3046 5386 3059 5410 ,
3091 5342 3354 5396 barbarm
3381 5358 3442 5395 ex
3476 5343 3591 5394 solo
3639 5344 3759 5395 visu
3812 5343 4005 5397 visibi-

2405 5440 2531 5492 lium
2565 5438 3016 5506 pulchritudinem
3046 5438 3268 5491 edoetns
3290 5477 3303 5500 ,
3337 5436 3401 5487 ad
3436 5437 3598 5489 Deum
3631 5438 4008 5491 conscendere

2406 5540 2608 5599 posset.
2637 5529 2762 5583 ideo
2784 5530 2857 5583 ait
2892 5550 2903 5583 ;
2950 5529 3041 5583 ΞΟ.
3070 5528 3357 5581 Invisibilia
3397 5530 3527 5580 enim
3573 5528 3753 5597 ipsius,
3799 5546 4004 5583 acrec-

2406 5635 2519 5677 tura
2565 5624 2762 5688 mundi,
2820 5640 2906 5691 per
2938 5639 2997 5675 ea
3028 5637 3139 5689 qua:
3165 5622 3300 5689 facta
3330 5631 3444 5673 sunt
3473 5621 3724 5673 intellecta
3747 5662 3760 5684 ,
3797 5624 4006 5690 conspi-

2406 5719 2613 5769 ciuntnr
2644 5734 2660 5778 ;
2713 5716 2854 5783 quod
2908 5717 3070 5769 etiam
3106 5715 3360 5783 propheta
3397 5715 3525 5767 dicit
3553 5732 3564 5767 :
3593 5712 3717 5765 Ca’li
3764 5728 4011 5769 enarrari:

2408 5809 2622 5877 gloriam
2657 5806 2797 5878 Dei(
2836 5805 2978 5859 l’snl.
3016 5806 3098 5860 l8.
3130 5807 3149 5859 l
3264 5804 3399 5870 Quid
3452 5805 3593 5858 enim
3624 5802 3807 5858 dicent
3846 5808 3901 5862 in
3923 5806 4009 5859 illa
