4118 6340
453 400 557 456 413

453 515 707 584 ἀκίνητον
758 509 960 577 οὗσαν;
1012 511 1282 582 θαλάττης
1339 511 1758 581 εὐγνωμοσύνην
1802 514 1858 564 ἐν
1907 517 2118 584 ταραχῇ

447 609 681 678 τοσαύτη
725 610 819 660 καὶ
869 608 1112 678 κύμασι;
1155 609 1326 662 πάντα
1366 609 1422 659 ἐν
1451 609 1602 673 τάξει
1635 610 1882 677 μένοντα,
1917 611 2007 660 καὶ
2035 609 2121 661 διὰ

446 707 540 760 τοῦ
581 705 814 768 κάλλους
853 707 948 758 καὶ
983 705 1068 758 διὰ
1114 704 1206 757 τοῦ
1247 705 1510 774 μεγέθους
1543 703 1985 774 ἀνακηρύττοντα
2027 705 2118 756 τὸν

442 802 806 871 Δημιουργόν;
830 800 1013 854 Ταῦτα
1040 800 1146 868 γάρ
1168 799 1405 865 ἅπαντα,
1439 800 1538 852 καὶ
1566 800 1634 851 τά
1659 798 1861 850 τούτων
1899 799 2119 852 πλείονα

445 896 682 951 συνελὼν
712 900 753 950 ηὸ
788 897 999 958 Παῦλος
1043 895 1193 962 ἔλεγε
1217 912 1229 926 ·
1283 896 1358 950 Τὰ
1395 894 1505 964 γὰρ
1538 897 1756 963 ἀόρατα
1783 895 1967 948 αὑτοῦ
1999 897 2117 948 ἀπὸ

443 997 696 1061 κτίσεως
718 994 949 1062 κόσμου
975 991 1097 1058 τοῖς
1129 991 1418 1063 ποιήμασι
1453 997 1747 1062 νοούμενα
1778 992 2114 1060 καθορᾶται·

443 1093 484 1160 ἢ
507 1110 570 1146 τε
607 1091 796 1155 ἀΐδιος
831 1089 1017 1142 αὐτοῦ
1051 1088 1304 1157 δύναμις
1329 1089 1424 1142 καὶ
1454 1091 1702 1156 θειότης,
1731 1092 1817 1154 εις
1860 1089 1924 1142 τὸ
1963 1084 2116 1142 εἶναι

440 1187 662 1252 αὐτοὺς
695 1184 1209 1254 ἀναπολογήτους.
1243 1185 1434 1237 Καίτοι
1464 1202 1526 1252 γε
1554 1185 1613 1238 οὑ
1645 1185 1733 1238 διὰ
1754 1184 1910 1237 τοῦτο
1945 1185 2118 1238 ταῦτα

442 1286 696 1355 ἐποίησεν
727 1287 753 1336 6
776 1285 929 1349 Θεὸς,
972 1286 1018 1337 εί
1061 1284 1154 1337 καὶ
1181 1284 1337 1336 τοῦτο
1361 1283 1539 1356 ἐξέϐη.
1570 1285 1644 1337 Οὑ
1669 1284 1776 1354 γάρ
1801 1285 1886 1337 ἵνα
1919 1285 2116 1348 αὑτοὺς

439 1381 735 1448 ἀπολογίας
761 1381 1132 1453 ἀποστερήσῃ,
1167 1379 1511 1434 διδασκαλίαν
1539 1379 1804 1449 τοσαύτην
1841 1383 1919 1443 εἰς
1945 1382 2115 1451 μέσον

441 1477 772 1548 προὺθηκεν,
794 1476 1011 1530 ἀλλ’ἵνα
1038 1476 1521 1544 αὑτὸνὲπιγνῶσιν·
1538 1475 2111 1545 ἀγνωμονήσαντεςδέ,

439 1573 622 1644 πάσης
649 1575 875 1633 ἑαυτοὺς
899 1573 1200 1644 ἐστέρησαν
1231 1571 1540 1640 ἀπολογίας.
1575 1567 1705 1624 Εἶτα
1732 1571 1968 1633 δεικνὺς,
2000 1560 2127 1632 πῶς’

439 1675 578 1728 εἰσιν
599 1671 888 1740 ἀπολογίας
907 1669 1360 1740 ἀπεστερημένοι,
1385 1668 1564 1740 φησίν·
1590 1670 1716 1720 Ὅτι
1739 1671 1988 1737 γνόντες
2010 1667 2117 1720 τὸν

441 1767 591 1826 Θεὸν
623 1770 735 1837 οὐχ
769 1769 849 1834 ὠς
890 1767 1038 1821 Θεὸν
1072 1765 1380 1831 ἐδόξασαν
1420 1765 1458 1834 ἢ
1496 1746 1971 1834 εὐχαρίστησαν.
2018 1761 2115 1817 ῧΕν

440 1861 597 1918 τοῦτο
619 1861 870 1932 ἔγκλημα
895 1861 1147 1931 μέγιστον
1168 1877 1182 1892 ο
1202 1859 1453 1931 δεύτερον
1482 1860 1539 1912 δέ
1569 1861 1683 1930 μετ’
1715 1860 1909 1926 ἐκεῖνο,
1931 1859 1991 1911 τὸ
2020 1857 2117 1912 καὶ

441 1957 633 2011 εἴδωλα
653 1958 1046 2028 προσκυνῆσαι,
1077 1957 1104 2008 ὃ
1126 1956 1218 2008 καὶ
1258 1954 1526 2026 Ἱερεμίας
1554 1954 1897 2024 κατηγορῶν,
1926 1954 2076 2022 ἔλεγε
2099 1970 2113 1983 ο

438 2056 554 2108 Δύο
581 2055 813 2122 πονηρὰ
837 2054 1126 2120 ἐποίησεν
1144 2054 1177 2104 ό
1196 2051 1343 2117 λαὸς
1367 2045 1543 2116 οὗτος
1559 2065 1572 2080 '
1598 2048 1702 2118 ἐμὲ
1719 2047 2115 2118 ἐγκατέλιπον

443 2152 647 2221 πηγὴν
676 2148 889 2216 ζῶντος
928 2149 1167 2214 ὓδατος,
1209 2149 1307 2204 καί
1331 2148 1570 2217 ἄφυξαν
1590 2148 1824 2214 ἑαυτοῖς
1848 2147 2115 2214 λάκκους

435 2251 1002 2319 συντετριμμένους.
1055 2245 1186 2301 Εἶτα
1239 2247 1334 2300 καλ⁵
1369 2250 1594 2318 σημεῖον
1636 2247 1728 2300 τοῦ
1778 2246 1974 2300 εἰδέναι
2023 2244 2115 2297 τὸν

437 2346 591 2412 Θεὸν,
615 2347 710 2400 καὶ
735 2345 808 2416 μὴ
838 2343 1073 2416 χρῆσθαι
1104 2346 1184 2409 είς
1213 2344 1332 2398 δέον
1356 2347 1420 2415 τῇ
1446 2344 1665 2413 γνώσει,
1695 2343 1935 2414 παράγει
1960 2343 2115 2396 τοῦτο

438 2442 591 2508 αὑτὸ,
645 2442 704 2494 τὸ
755 2441 910 2504 θεοὺς
971 2440 1302 2510 ἐγνωκέναι·
1355 2440 1544 2511 διόπερ
1603 2441 1887 2509 ἐπήγαγεο
1958 2440 2112 2494 Διότι

434 2536 682 2604 γνόντες
717 2533 824 2586 τὸν
867 2533 1036 2596 Θεὸν,
1073 2535 1183 2602 οὐχ
1215 2533 1296 2597 ὡς
1338 2533 1488 2586 Θεὸν
1521 2532 1845 2597 ἐδόξασαν.
1879 2532 1990 2587 Καὶ
2013 2533 2114 2604 τὴν

437 2625 616 2677 αἰτίαν
647 2624 704 2678 δὲ
743 2624 946 2694 τίθησι,
986 2625 1056 2678 δι’
1086 2625 1150 2694 ἢν
1181 2625 1259 2687 εἰς
1301 2624 1571 2694 τοσαύτην
1616 2625 1802 2678 ἀνοιαν
1832 2625 2111 2690 ἐξέπεσον.

434 2717 532 2782 Τίς
568 2714 661 2772 οὖν
707 2719 845 2788 αῦτη
879 2718 1027 2785 ἐστί;
1061 2719 1187 2780 Τοῖς
1226 2719 1506 2789 λογισμοῖς
1551 2718 1610 2772 τὸ
1641 2721 1750 2772 πᾶν
1785 2719 2113 2788 ἐπέτρεψαν.

446 2813 590 2869 Ἀλλ’
634 2814 733 2867 οὑκ
774 2809 927 2866 εἶπεν
965 2812 1165 2879 οὕτως,
1219 2812 1354 2866 ἀλλά
1405 2813 1585 2882 πολλῷ
1637 2814 2110 2884 πληκτικώτερονς

449 2909 851 2978 Ἐματαιώθησ
867 2927 931 2963 ιν
959 2911 1089 2980 γὰρ,
1122 2909 1274 2980 φησί,
1316 2909 1382 2962 ἐν
1411 2907 1535 2973 τοῖς
1567 2908 1980 2978 διαλογισμοῖς
2009 2911 2116 2964 αὺ-

429 3005 572 3071 τῶν,
627 3005 726 3059 καί
782 3003 1110 3071 ἐσιοτίσθη
1170 3007 1205 3073 ἡ
1263 3003 1558 3068 ἀσύνετος
1622 3001 1820 3056 αὐτῶν
1878 3003 2112 3070 καρδία.

435 3101 644 3172 Ὠσπερ
667 3100 775 3170 γάρ
806 3102 860 3152 ἐν
894 3099 1136 3170 ἀσελήνῳ
1168 3101 1324 3152 νυκτί
1351 3098 1404 3152 εί
1430 3117 1512 3162 τις
1544 3099 1702 3169 ξένην
1731 3100 2069 3170 ἐπιχειρήσει
2089 3111 2114 3139 ι

435 3193 672 3262 βαδίζειν
702 3191 841 3256 ὁδὸν,
872 3192 904 3263 ἢ
932 3193 1168 3260 πέλαγος
1196 3191 1368 3255 πλεῖν,
1389 3191 1448 3244 οὑ
1477 3191 1636 3260 μόνον
1665 3192 1725 3244 οὑ
1755 3192 1948 3260 φθάσει
1981 3191 2118 3261 πρὸς

432 3290 494 3341 τὸ
524 3287 695 3352 τέλος,
731 3286 868 3338 ἀλλά
909 3288 1002 3339 καὶ
1045 3287 1326 3340 ἀπολεῖται
1371 3288 1614 3357 ταχέως·
1642 3285 1786 3340 οὑτω
1825 3288 1918 3339 καὶ
1967 3281 2113 3339 οὗτοι

433 3386 533 3455 τὴν
567 3384 702 3455 πρὸς
746 3383 836 3437 τὸν
885 3383 1113 3453 οὐρανὸν
1152 3382 1424 3452 φέρουσαν
1473 3383 1589 3435 ὁδὸν
1625 3382 1864 3452 βαδίζειν
1903 3382 2108 3452 ἐπιχει-

442 3479 657 3550 ροῦντες
698 3479 792 3530 καὶ
832 3477 893 3531 τὸ
936 3477 1052 3544 φῶς
1097 3477 1188 3545 ἀφ’
1238 3478 1446 3529 ἑαυτῶν
1488 3477 1803 3546 ἀφελόντες,
1836 3472 1958 3530 εἶτα
1998 3479 2113 3530 ἀντ’

429 3577 641 3630 ἐκείνου
683 3576 760 3646 τῷ
797 3577 971 3646 σκότῳ
1004 3575 1113 3628 τῶν
1152 3574 1431 3644 λογισμῶν
1455 3575 1679 3636 ἑαυτοὺς
1700 3573 2111 3644 ἐπιτρέψαντες,

429 3673 523 3725 καὶ
550 3671 606 3724 ἐν
644 3671 861 3742 σώμασι
890 3671 979 3723 τὸν
1002 3669 1317 3740 ἀσώματον,
1345 3672 1436 3722 καὶ
1465 3671 1522 3721 ἐν
1553 3671 1796 3738 σχήμασι
1829 3669 1920 3720 τὸν
1945 3669 2115 3738 ἀσχη-

435 3769 694 3840 μάτιστον
738 3768 1139 3836 ἐπιζητοῦντες,
1162 3765 1421 3833 ναυάγιον
1455 3765 1768 3832 ὑπέστησαν
1800 3762 2115 3832 χαλεπώτα-

432 3881 545 3917 τον.
576 3864 729 3917 Μετὰ
766 3863 822 3916 δὲ
863 3863 971 3916 τῶν
997 3862 1303 3932 εἰρημένων
1334 3859 1427 3914 καὶ
1455 3861 1650 3929 ἑτέραν
1689 3858 1904 3928 τίθησιν
1937 3856 2114 3910 αἰτίαν

431 3961 532 4028 τῆς
573 3958 783 4029 πλάνης
819 3957 1019 4022 αὐτῶν,
1066 3958 1268 4025 λέγων·
1315 3955 1662 4021 Φάσκοντες
1712 3951 1864 4009 εἶναι
1909 3954 2110 4022 σοφοὶ,

431 4054 884 4124 ἐμωράνθησαν.
915 4055 1074 4124 Μέγα
1105 4055 1213 4125 γάρ
1235 4071 1287 4107 τι
1310 4054 1437 4125 περὶ
1458 4052 1669 4106 ἑαυτῶν
1694 4050 2111 4119 φαντασθέντες,

431 4155 526 4208 καὶ
546 4154 646 4206 οὑκ
678 4151 1041 4222 ἀνασχόμενοι
1063 4150 1264 4222 ταύτην
1291 4150 1484 4213 ἐλθεῖν,
1521 4149 1588 4220 ἢν
1611 4149 1640 4200 6
1671 4148 1802 4210 Θεὸς
1825 4148 2112 4201 ἐκέλευσεν

434 4251 638 4312 αὑτοῖς,
675 4247 1082 4316 ἐϐαπτίσθησαν
1123 4247 1234 4308 τοῖς
1268 4247 1369 4315 τῆς
1412 4243 1597 4306 ἀνοίας
1635 4243 1937 4312 λογισμοῖς.
1980 4237 2113 4294 Εἶτα

435 4342 653 4404 δεικνὺς
685 4340 777 4394 καὶ
803 4340 1136 4410 ὑπογράφων
1157 4337 1216 4390 τὸ
1252 4337 1559 4403 κλυδώνιον,
1598 4338 1714 4401 πῶς
1753 4337 1983 4406 χαλεπὸν
2020 4337 2116 4389 καὶ

437 4437 769 4508 συγγνώμης
799 4436 1019 4505 ἀπάσης
1045 4435 1427 4506 ἐστερημένον,
1454 4435 1724 4506 ἐπήγαγε,
1766 4434 1937 4502 λέγων
1959 4449 1971 4463 ’
2003 4433 2111 4488 Καὶ

437 4534 719 4605 ἤλλαξαν
749 4531 862 4597 τὴν
904 4531 1094 4594 δόξαν
1125 4530 1230 4583 τοῦ
1253 4529 1560 4598 ἀφθάρτου
1608 4529 1758 4582 Θεοῦ
1794 4530 1864 4582 ὲν
1901 4528 2111 4598 όμοιώ-

433 4645 575 4700 ματι
625 4628 858 4693 εἰκόνος
911 4625 1176 4696 φθαρτοῦ
1205 4624 1544 4693 ανθρώπου,
1580 4626 1678 4679 καὶ
1699 4623 1986 4678 πετεινῶν
2012 4623 2110 4677 καὶ

436 4721 814 4788 τετραπόδων
839 4720 936 4774 καί
961 4719 1246 4788 ἑρπετῶν.

505 4824 574 4885 γ’.
592 4816 810 4888 Πρῶτον
832 4813 1102 4886 ἔγκλημα,
1125 4817 1205 4868 ὅτι
1236 4815 1366 4868 Θεὸν
1396 4816 1492 4886 οὑχ
1524 4808 1702 4888 εῦρονυ
1727 4817 2000 4886 δεύτερον,
2027 4819 2108 4872 ὅτι

434 4915 528 4968 καὶ
563 4914 817 4984 ἀφορμὰς
846 4913 1059 4983 ἔχοντες
1091 4913 1336 4980 μεγάλας
1383 4915 1474 4966 καί
1528 4918 1747 4984 σαφεῖς·
1793 4918 1997 4988 τρίτον,
2024 4919 2108 4969 ὅτι

436 5012 586 5079 σονροί
621 5011 871 5078 λέγοντες
898 5006 1063 5064 εἶναι·
1103 5010 1380 5080 τέταρτον,
1414 5012 1494 5063 ὃτι
1519 5012 1578 5064 οὑ
1611 5013 1768 5081 μόνον
1797 5015 1894 5082 οὑχ
1927 5008 2107 5084 εὗρον,

436 5110 570 5164 ἀλλὰ
599 5110 692 5164 καί
721 5111 799 5172 είς
827 5105 1084 5178 δαίμονας
1111 5115 1421 5180 κατήγαγον
1444 5112 1537 5162 καὶ
1565 5110 1745 5173 λίθους
1773 5112 1865 5163 καὶ
1891 5111 2021 5176 ξύλα
2050 5111 2109 5164 τὸ

436 5209 598 5272 σέϐας
633 5211 825 5261 ἐκεῖνο.
862 5207 1124 5278 Καθαιρεί
1155 5209 1251 5278 μὲν
1285 5204 1376 5261 οὖν
1411 5209 1591 5262 αὑτῶν
1639 5211 1732 5263 καὶ
1766 5211 1822 5262 ἐν
1853 5213 1916 5280 τῇ
1973 5210 2108 5281 πρὸς

436 5307 750 5376 Κορινθίους
785 5307 1069 5382 Ἐπιστολῇ
1096 5307 1186 5359 τὸν
1226 5307 1412 5378 τῦφον,
1467 5309 1582 5361 ἀλλ’
1611 5309 1708 5378 οὐχ
1761 5309 1961 5377 ὁμοίως
1993 5310 2109 5362 ἐκεῖ

437 5405 529 5456 καὶ
548 5403 956 5475 ἐνταῦθαμεί]
975 5405 1120 5457 Ἐκεῖ
1149 5405 1248 5475 μὲν
1266 5405 1374 5475 γὰρ
1399 5407 1505 5458 ἀπὸ
1527 5405 1622 5457 τοῦ
1641 5405 1874 5477 σταυροῦ
1892 5407 2108 5459 δίδωσιν

437 5502 618 5563 αὑτοῖς
650 5500 884 5570 πληγὴν,
936 5501 1126 5569 λέγων,
1155 5504 1236 5555 ὅτι
1274 5502 1342 5557 Τὸ
1365 5505 1566 5571 μωρὸν
1599 5503 1703 5557 τοῦ
1735 5504 1882 5557 Θεοῦ
1909 5504 2108 5571 σοφώ·

437 5614 609 5666 τερον
649 5596 765 5649 τῶν
800 5598 1122 5666 ἀνθρώπων
1162 5601 1364 5653 ἐστίν’
1421 5599 1654 5653 ἐνταῦθα
1708 5601 1762 5653 δὲ
1799 5601 1893 5654 καὶ
1940 5602 2107 5671 χωρὶς

443 5696 776 5766 συγκρίσεως
837 5697 1006 5767 αὑτὴν
1059 5698 1179 5751 καθ’
1227 5700 1424 5771 ἑαυτὴν
1479 5700 1731 5772 κωμῳδεῖ
1766 5702 1862 5772 τὴν
1917 5702 2108 5768 σοφίαν

440 5795 638 5857 αὑτῶν,
662 5793 875 5857 δεικνὺς
923 5795 1133 5865 μωρίαν
1164 5792 1349 5863 οὖσαν,
1384 5801 1475 5852 καὶ
1508 5799 1824 5863 ἀλαζονείας
1851 5800 2108 5864 ἐπίδειξιν

441 5891 618 5964 μόνον.
646 5889 778 5946 Εἶτα
809 5893 894 5948 ἵνα
931 5895 1128 5966 μάθῃς,
1155 5897 1232 5950 ὅτι
1257 5895 1465 5967 ἔχοντες
1515 5897 1608 5970 την
1645 5898 1768 5969 περὶ
1807 5897 1941 5950 Θεοῦ
1967 5897 2105 5966 γνῶο

505 6040 523 6068 ³
546 6047 652 6097 Duo
673 6061 808 6106 mss.,
845 6050 1119 6111 ἐπιχειροίη.

1225 397 1282 455 S.
1323 395 1607 455 JOANNIS
1645 393 2142 453 CIIRYSOSTOMI
2182 396 2508 454 ARCHIEP.
2551 399 3110 459 CONSTANTINOP.

3809 397 3915 460 ιιι

2231 531 2334 575 σιν,
2383 515 2556 579 οῦτως
2600 516 2770 586 αὑτήν
2801 519 3143 589 προῦδωκαν,
3176 518 3503 583 Ἦλλαξαν,
3543 518 3734 572 εἶπενο
3767 521 3800 574 6
3848 520 3909 572 δὲ

2227 600 2530 667 άλλάσσων,
2559 603 2633 666 ὡς
2667 604 2794 657 ἄλλο
2813 607 2950 675 ἔχων
2976 606 3250 660 ἀλλάσσει.
3278 606 3507 660 Ἥθελον
3524 609 3630 679 γάρ
3653 625 3708 661 τι
3742 610 3910 663 πλέον

2228 693 2424 763 εὑρεῖν,
2452 696 2544 746 καὶ
2593 695 2692 747 οὑκ
2741 698 3032 767 ἠνέσχοντο
3085 699 3193 750 τῶν
3222 699 3483 752 δοθέντων
3507 701 3648 769 ὅρων
3668 718 3682 732 ·
3712 700 3792 754 διὸ
3813 701 3907 754 καδ

2224 782 2426 836 τούτων
2461 783 2747 849 ἐξέπεσον’
2801 791 3154 859 καινοτομίας
3186 793 3293 861 γάρ
3335 786 3473 861 ἦσαν
3543 791 3906 861 ἐπιθυμηταί.

2221 873 2329 926 Καὶ
2348 873 2456 946 γὰρ
2479 876 2699 930 τοιαῦτα
2723 879 2900 931 πάντα
2916 879 3306 951 τὰἙλληνικά.
3339 882 3438 934 Διὰ
3465 881 3623 934 τοῦτο
3657 882 3750 934 καὶ
3775 883 3908 933 κατ’

2220 965 2465 1035 ἀλλήλων
2489 967 2743 1038 ἔστησαν,
2777 971 2871 1022 καὶ
2901 971 3280 1042 Ἀριστοτέλης
3314 974 3412 1041 μὲν
3445 973 3714 1041 ἐπανέστη
3757 972 3908 1025 Πλάο

2220 1071 2370 1119 τωνι,
2394 1057 2442 1107 οἰ
2485 1057 2710 1110 Στωϊκοὶ
2734 1058 2790 1110 δὲ
2813 1059 2948 1130 πρὸς
2969 1060 3157 1113 τοῦτον
3187 1061 3252 1128 ἐφ
3263 1060 3529 1128 ρυάξαντο
3551 1062 3600 1123 ι),
3632 1062 3722 1113 καὶ
3745 1059 3908 1122 ἄλλος

2219 1146 2363 1217 ἀλλῳ
2383 1148 2641 1218 πολέμιος
2667 1151 2910 1219 γέγονεν·
2944 1152 3082 1204 ὥστε
3099 1153 3196 1222 οὑχ
3218 1151 3391 1214 οὕτως
3420 1155 3616 1215 αὐτοὺς
3644 1153 3750 1224 χρὴ
3775 1152 3903 1204 θαυ-

2223 1237 2417 1306 μάζειν
2446 1239 2533 1292 διὰ
2561 1241 2661 1312 τὴν
2701 1243 2914 1311 σοφίαν,
2948 1243 3022 1307 ὼς
3075 1244 3520 1316 ἀποστρέφεσθαι
3562 1245 3653 1298 καὶ
3702 1246 3908 1314 μισεῖν,

2217 1331 2299 1384 ὅτι
2355 1332 2420 1384 δι’
2456 1331 2587 1384 αὑτὸ
2619 1333 2778 1386 τοῦτο
2813 1337 2988 1406 μωροί
3019 1337 3329 1405 γεγόνασιν.
3388 1339 3452 1390 Εἰ
3484 1336 3592 1408 γάρ
3651 1338 3724 1407 μὴ
3757 1337 3910 1403 λογι-

2221 1425 2377 1493 σμοῖς
2423 1425 2740 1497 ἐπέτρεψαν
2790 1430 2884 1481 καὶ
2933 1430 3314 1501 συλλογισμοῖς
3365 1432 3459 1484 καὶ
3505 1432 3806 1501 σοφίσμασι
3838 1428 3908 1481 τὰ

2219 1516 2340 1567 καθ’
2382 1517 2630 1580 ἑαυτοὺς,
2677 1520 2778 1572 οὑκ
2827 1519 2893 1573 ἂν
2943 1521 3165 1583 ἔπαθον,
3202 1524 3340 1592 ὅπερ
3371 1523 3591 1577 ἔπαθον.
3627 1520 3756 1574 Εἶτα
3782 1524 3909 1574 ἐπι-

2217 1607 2411 1660 τείνων
2455 1611 2634 1663 αὑτῶν
2678 1610 2776 1682 τὴν
2808 1614 3169 1685 κατηγορίαν,
3202 1615 3458 1684 κωμῳδεῖ
3483 1615 3580 1685 τὴν
3616 1613 3909 1666 εἰδωλολα-

2217 1700 2406 1772 τρείαν
2437 1702 2619 1754 αὑτῶν
2649 1703 2890 1758 ἃπασαν.
2916 1707 3167 1761 Μάλιστα
3197 1707 3296 1778 μὲν
3327 1703 3420 1760 οὖν
3448 1709 3541 1760 καὶ
3568 1707 3629 1759 τὸ
3651 1706 3907 1770 ἀλλάξαι,

2221 1797 2655 1864 καταχξλαστονσ
2709 1799 2771 1852 τὸ
2809 1801 2864 1853 δὲ
2906 1802 3000 1854 καὶ
3053 1803 3132 1864 είς
3157 1803 3383 1855 τοιαῦτα
3425 1803 3672 1866 ἀλλάξαι,
3721 1802 3910 1869 πάσης

2219 1886 2513 1955 ἀπολογίας
2542 1888 2720 1952 ἐκτός.
2765 1889 2860 1952 Εἰς
2896 1891 3018 1944 τίνα
3051 1888 3144 1945 οὖν
3190 1893 3447 1964 ἧλλαξαν,
3486 1894 3579 1946 καί
3609 1895 3715 1946 τίσι
3750 1910 3907 1962 περι-

2218 1978 2420 2050 έθηκαν
2454 1980 2553 2051 τὴν
2573 1981 2754 2046 δόξαν,
2794 1984 3010 2037 σκόπει’
3039 1986 3418 2056 Φαντασθῆναι
3458 1986 3563 2039 ἔδει
3601 1985 3729 2055 περί
3762 1983 3902 2037 ἐκεί·

2219 2089 2333 2133 νου,
2383 2065 2516 2137 οἷον,
2546 2073 2628 2125 ὅτι
2683 2073 2836 2138 Θεὸς.
2863 2075 2944 2128 ὅτι
2984 2077 3204 2131 πάντων
3234 2076 3460 2146 Κύριος.
3493 2079 3573 2130 ὅτι
3612 2078 3710 2129 οὑκ
3742 2077 3906 2138 ὂντας

2220 2162 2494 2234 ἐποίησεν,
2554 2166 2634 2219 ὅτι
2689 2170 2926 2238 προνοεῖ,
2969 2169 3049 2222 ὅτι
3104 2169 3358 2240 κήδεται·
3401 2169 3573 2223 ταῦτα
3622 2173 3730 2239 γάρ
3775 2169 3906 2233 δόξα

2220 2253 2377 2311 Θεοῦ.
2439 2256 2590 2309 Τίσιν
2639 2253 2733 2310 οῦν
2783 2257 2988 2328 ταύτην
3038 2258 3343 2330 ἀνέθηκαν;
3396 2261 3511 2312 Οὑκ
3573 2259 3905 2329 ἀνθρώποις,

2219 2347 2333 2399 ἀλλ’
2363 2348 2668 2419 ὁμοιώματι
2715 2351 2926 2414 εἰκόνος
2961 2351 3202 2423 φθαρτοῦ
3251 2353 3564 2424 ἀνθρώπου.
3624 2353 3730 2406 Καὶ
3781 2353 3910 2406 οὐδὲ

2216 2438 2450 2492 ἐνταῦθα
2484 2441 2743 2510 ἔστησαν,
2784 2443 2922 2498 ἀλλά
2951 2443 3047 2497 καὶ
3072 2445 3152 2506 είς
3185 2444 3434 2499 κνώδαλα
3467 2444 3910 2514 κατηνέχθησαν,

2221 2531 2422 2600 μᾶλλον
2450 2532 2507 2585 δὲ
2541 2536 2634 2587 καὶ
2665 2537 2744 2596 εἰς
2771 2533 2870 2598 τὰς
2894 2534 3101 2588 τούτων
3127 2535 3361 2598 εἰκόνας.
3396 2536 3466 2589 Σὺ
3497 2535 3552 2588 δέ
3582 2553 3671 2605 μοι
3711 2537 3910 2590 σκόπει

2218 2621 2316 2694 τὴν
2349 2624 2542 2692 σοφίαν
2565 2624 2659 2678 τοῦ
2690 2625 2927 2688 Παύλου,
2969 2627 3087 2689 πῶς
3110 2626 3180 2679 τά
3209 2628 3305 2680 δύο
3331 2629 3479 2698 ἄκρα
3503 2629 3740 2690 τέθεικε,
3772 2626 3908 2678 Θεὸν

2218 2715 2311 2768 τὸν
2341 2715 2626 2781 ἀνωτάτω,
2661 2718 2755 2771 καὶ
2779 2717 2848 2770 τὰ
2879 2717 3084 2788 ἐρπετά
3115 2720 3184 2771 τά
3218 2720 3519 2773 κατωτάτω
3543 2733 3556 2747 ·
3619 2718 3820 2789 μᾶλλον
3851 2720 3911 2772 δέ

2218 2807 2337 2860 οὑδὲ
2388 2807 2455 2861 τά
2490 2809 2716 2881 ἑρπετὰ,
2753 2809 2891 2863 ἀλλά
2923 2809 3128 2864 τούτων
3186 2810 3529 2882 ὁμοιώματα,
3579 2811 3664 2864 ἵνα
3719 2809 3911 2878 σαφῶς

2217 2899 2365 2971 δείξῃ
2397 2900 2494 2971 τὴν
2516 2895 2778 2973 λαμπράν
2814 2903 2995 2956 αὑτῶν
3025 2905 3244 2974 μανίαν.
3302 2904 3413 2975 Τὴν
3436 2904 3545 2976 γὰρ
3583 2905 3805 2973 γνῶσιν.
3841 2905 3912 2975 ἦν

2219 2991 2325 3044 ἔδει
2383 2994 2511 3064 περ)⁵
2549 2992 2641 3046 τοῦ
2676 2994 2895 3048 πάντων
2941 2996 3290 3068 ἀσυγκρίτως
3342 2997 3704 3068 ὑπερέχοντος
3738 2997 3910 3068 ἔχειν,

2218 3083 2423 3154 ταύτην
2482 3085 2560 3155 τῷ
2593 3086 2809 3140 πάντων
2843 3087 3190 3158 ἀσυγκρίτως
3223 3088 3590 3159 εὑτελεστέρῳ
3647 3089 3912 3160 περιέθη-

2221 3191 2344 3228 καν.
2382 3175 2491 3228 Καὶ
2519 3175 2570 3228 τί
2599 3175 2772 3230 ταῦτα
2803 3179 2939 3248 πρὸς
2981 3180 3106 3241 τοὺς
3157 3179 3502 3248 φιλοσόφους,
3533 3182 3700 3250 φησί;
3763 3182 3912 3251 Πρίς

2219 3268 2417 3331 αὐτοὺς
2455 3266 2558 3338 μὲν
2585 3263 2680 3321 οὗν
2717 3267 2954 3338 μάλιστα
2983 3270 3160 3322 πάντα
3195 3271 3265 3323 τά
3307 3271 3594 3342 εἰρημένα.
3631 3273 3742 3324 Καὶ
3793 3274 3911 3344 γάρ

2217 3352 2364 3411 οὗτοι
2404 3359 2530 3422 τοὺς
2560 3357 2733 3412 ταῦτα
2785 3361 3117 3431 ἐφευρόντας
3166 3362 3498 3430 Αἰγυπτίους
3548 3362 3912 3429 διδασκάλους

2218 3450 2437 3520 ἔχουσι’
2471 3451 2566 3504 καὶ
2593 3449 2819 3504 Πλάτων
2847 3453 2874 3503 6
2899 3451 3071 3504 δοκῶν
3102 3447 3239 3504 εῐναι
3276 3451 3385 3504 τῶν
3433 3452 3607 3506 ἀλλων
3647 3456 3911 3522 σεμνότε-

2220 3555 2332 3610 ρος,
2390 3538 2863 3606 ἐγκαλλωπίζεται
2903 3538 3135 3603 τούτοις,
3183 3541 3278 3593 καὶ
3305 3540 3332 3590 6
3364 3540 3554 3592 τούτου
3585 3540 3911 3607 διδάσκαλος

2218 3631 2347 3700 περὶ
2384 3631 2451 3684 τά
2487 3631 2683 3685 εἴδωλα
2711 3630 2884 3685 ταῦτα
2905 3635 3167 3702 ἐπτόηται
3195 3644 3216 3669 ε
3244 3649 3256 3661 ο
3286 3633 3378 3685 τὸν
3411 3631 3542 3700 γοῦν
3570 3633 3911 3704 ἀλεκτρυόνα

2217 3726 2246 3776 ὁ
2277 3724 2512 3779 κελεύων
2537 3726 2616 3796 τῷ
2640 3725 2956 3795 Ἀσκληπιῷ
2995 3725 3165 3792 θύειν,
3196 3720 3350 3790 οὗτός
3385 3727 3556 3779 ἐστιν.
3594 3725 3763 3783 Ἔνθα
3796 3729 3910 3782 τῶν

2219 3818 2504 3872 κνωδάλων
2537 3819 2742 3872 τούτων
2773 3817 2868 3872 καὶ
2922 3819 3031 3870 τῶν
3082 3819 3331 3890 ἐρπετῶν
3381 3819 3617 3884 εἰκόνας,
3673 3821 3766 3874 καὶ
3813 3824 3910 3876 τὸν

2233 3913 2544 3967 Ἀπόλλωνα
2577 3914 2633 3967 δέ
2658 3915 2750 3968 καὶ
2784 3915 2876 3968 τὸν
2901 3915 3156 3969 Διόνυσον
3200 3915 3340 3986 μετά
3369 3917 3578 3971 τούτων
3608 3917 3912 3988 θεραπευο-

2222 4004 2416 4075 μένους
2450 4004 2558 4058 τῶν
2587 4005 2833 4076 ἑρπετῶν
2870 4008 2969 4061 ἴδοι
3003 4025 3091 4071 τις
3129 4008 3217 4061 ἀν.
3271 4008 3428 4071 Τινὲς
3463 4007 3520 4062 δὲ
3551 4010 3661 4063 τῶν
3691 4009 3911 4080 φιλοσό-

2219 4115 2334 4167 φων
2353 4099 2448 4152 καὶ
2472 4099 2552 4162 εἰς
2579 4101 2669 4152 τὸν
2687 4101 2916 4172 οὐρανὸν
2940 4104 3216 4174 ἀνήγαγον
3235 4101 3472 4172 ταύρους
3494 4104 3587 4156 καὶ
3607 4105 3908 4174 σκορπίους

2218 4189 2311 4242 καὶ
2349 4189 2650 4259 δράκοντας
2677 4192 2772 4244 καὶ
2809 4193 2900 4246 τὸν
2947 4194 3104 4247 ἀλλον
3141 4195 3358 4248 ἅπαντα
3397 4193 3586 4265 λῆρον·
3623 4197 3906 4268 πανταχοῦ

2217 4279 2324 4351 γάρ
2361 4282 2390 4332 6
2437 4280 2679 4345 διάϐολος
2730 4283 3061 4336 ἐσπούδασεν
3083 4286 3162 4349 είς
3189 4284 3259 4338 τὰ
3285 4285 3394 4338 τῶν
3423 4284 3672 4356 ἑρπετῶν
3701 4287 3908 4358 ὁμοιὼ-

2222 4389 2366 4442 ματα
2413 4373 2538 4436 τοὺς
2576 4373 2897 4445 ἀνθρώπους
2946 4381 3301 4445 καταγαγεῖν,
3357 4379 3451 4432 καὶ
3486 4380 3749 4444 ὑποτάξαι
3791 4385 3906 4446 τοῖς

2218 4465 2436 4519 πάντων
2464 4465 2826 4538 ἀλογωτέροις
2879 4460 3096 4534 αὑτοὺς,
3142 4471 3235 4535 οὓς
3265 4473 3292 4526 6
3326 4471 3458 4536 Θεὸς
3498 4473 3639 4540 ὑπὲρ
3679 4473 3770 4526 τὸν
3807 4474 3906 4527 0°5-

2220 4555 2378 4626 ρανὸν
2401 4556 2695 4626 ἀναγαγεῖν
2716 4558 3001 4632 ἠθέλησεν.
3038 4563 3152 4616 οὑκ
3182 4563 3434 4617 ἐντεῦθεν
3460 4565 3516 4618 δὲ
3555 4565 3735 4635 μόνον,
3765 4567 3903 4622 ἀλλά

2217 4649 2307 4702 καί
2339 4649 2605 4720 ἑτέρωθεν
2635 4652 2755 4720 ὕψει
2784 4653 2874 4705 τὸν
2911 4658 3210 4724 κορυφαῖον
3242 4642 3421 4708 αὑτῶν
3450 4656 3754 4710 ὑπεύθυνον
3788 4662 3906 4723 τοῖς

2213 4741 2529 4809 λεγομένοις
2544 4741 2869 4798 δντα.”οταν
2894 4745 3004 4816 γάρ
3020 4748 3145 4808 τοὺς
3166 4746 3394 4817 ποιητάς
3412 4749 3640 4821 συνάγῃ,
3660 4751 3754 4803 καὶ
3767 4751 3902 4823 λέγῃ

2214 4830 2413 4900 χρῆναι
2447 4835 2725 4887 πιστεύειν
2759 4837 2943 4900 αὑτοῖς
2971 4838 3120 4909 [452]
3153 4840 3210 4891 ἐν
3237 4844 3348 4903 τοῖς
3381 4844 3508 4912 περὶ
3535 4844 3667 4896 Θεὸν
3697 4845 3901 4913 λόγοις,

2215 4927 2289 4990 ὡς
2323 4929 2567 4998 ἀκριϐῶς
2623 4932 2841 4994 εἰδόσιν,
2873 4934 3026 4986 οὐδὲν
3061 4935 3248 5005 ἕτερον
3303 4937 3335 5008 ἢ
3386 4939 3479 4991 τὸν
3515 4940 3758 5010 ὁρμαθὸν
3789 4941 3904 4994 τῶν

2213 5017 2394 5089 λήρων
2423 5021 2626 5075 τούτων
2658 5025 2891 5092 εἰσάγει,
2926 5027 3018 5080 καί
3041 5028 3130 5100 τὸν
3159 5029 3326 5083 πολὺν
3359 5031 3571 5099 γέλωτα
3595 5032 3783 5085 τοῦτον
3817 5034 3903 5088 ὅτι

2215 5111 2386 5184 ἁληθῆ
2417 5116 2520 5188 χρὴ
2550 5117 2796 5188 νομίζειν
2831 5115 2970 5173 εἷναί
3014 5139 3165 5192 φησι.
3208 5124 3304 5176 Διὸ
3359 5123 3456 5175 καί
3495 5124 3846 5191 παρέδωκεν
3870 5131 3906 5182 d

2217 5202 2359 5267 Θεὸς
2386 5205 2606 5271 αὐτοὺς
2643 5206 2712 5259 ἐν
2734 5207 2862 5273 ταῖς
2899 5209 3240 5278 ἐπιθυμίαις
3269 5208 3388 5262 τῶν
3415 5211 3674 5279 καρδιῶν
3698 5215 3905 5269 αὐτῶν

2213 5295 2299 5359 είς
2339 5295 2735 5364 ἀκαθαρσίαν,
2782 5299 2887 5354 τοῦ
2915 5300 3296 5369 ἀτιμάζεσθαι
3323 5301 3394 5354 τὰ
3425 5303 3670 5372 σώματα
3700 5305 3904 5361 αὐτῶν

2214 5387 2281 5438 ἐν
2313 5387 2567 5454 ἑαυτοῖς.
2610 5391 2891 5444 Δείκνυσιν
2925 5391 3196 5454 ἐντεῦθεν,
3230 5397 3311 5448 ὅτι
3334 5395 3426 5446 καὶ
3459 5395 3558 5464 τῆς
3586 5397 3693 5448 τῶν
3726 5399 3904 5468 νόμων

2214 5474 2546 5545 διαστροφῆς
2578 5480 2609 5547 ἡ
2645 5480 2867 5532 ἀσέϐεια
2897 5481 3119 5546 γέγονεν
3164 5482 3333 5535 αἰτία.
3389 5483 3461 5535 Τὸ
3515 5485 3593 5546 δὲ,
3625 5487 3903 5553 Παρέδω-

2214 5584 2342 5629 κεν,
2373 5569 2602 5623 ἐνταῦθα
2634 5572 2832 5624 Είασεν
2875 5572 3040 5626 ἐστίν.
3075 5575 3284 5646 Ὥσπερ
3315 5575 3422 5646 γὰρ
3467 5577 3495 5628 6
3531 5582 3902 5649 στρατοπέδου

2218 5659 2625 5729 προηγούμενος
2670 5662 2736 5714 ἂν
2762 5663 2855 5715 τοῦ
2904 5664 3138 5734 πολέμου
3177 5667 3518 5738 βαρήσαντος
3537 5670 3907 5742 ἀναχωρήσας

2214 5749 2457 5811 ἁπέλθοι,
2503 5753 2835 5822 παραδίδωσι
2885 5758 2996 5819 τοῖς
3041 5757 3320 5826 πολεμίοις
3365 5760 3492 5822 τοὺς
3536 5764 3903 5834 στρατιώτας,

2213 5839 2333 5908 οὐχὶ
2387 5842 2550 5904 αὑτὸς
2593 5842 2768 5908 ὠθῶν,
2807 5845 2946 5899 ἀλλὰ
2973 5850 3200 5918 γυμνῶν
3235 5849 3335 5920 τῆς
3385 5851 3581 5906 ἐαυτοῦ
3611 5853 3901 5926 βοηθείας

2285 6063 2311 6104 b
2341 6054 2449 6107 Duo
2473 6070 2609 6118 mss.,
2637 6059 2911 6122 ἐφράξαντο,
2937 6063 3083 6110 male.
3156 6065 3176 6092 ε
3200 6065 3310 6114 L‘no
3335 6077 3475 6124 mss.,
3499 6063 3726 6123 ἐπτόητο.
