4118 6340
212 524 289 581 die
310 517 529 593 gentiles
555 513 578 569 i
616 508 987 584 ignoravimus
1010 503 1101 559 te?
1134 500 1284 556 ltanc
1318 500 1510 553 czelum
1541 509 1647 550 non
1678 507 1777 546 au—

208 592 343 670 distis
366 626 426 665 ex
454 609 569 663 solo
596 612 822 674 aSpeetu
870 613 1060 653 vocem
1092 595 1349 651 emittcns
1375 592 1398 646 Ἰ
1447 604 1630 645 rerum
1665 600 1782 638 om-

215 705 347 761 nium
375 697 707 754 harmoniam
740 703 792 747 et
838 697 1159 746 concentum
1185 729 1201 754 ,
1229 683 1428 740 clarius
1453 695 1613 752 quam
1660 676 1785 731 tuba

211 800 510 854 ciamantem
541 791 565 844 Ἰ
596 788 769 843 noctis
796 793 851 840 et
879 782 986 837 diei
1020 783 1185 851 leges,
1220 780 1471 832 immolas
1524 777 1785 843 perpetuo

211 893 471 943 manentes
501 882 524 933 i
554 878 745 934 hiemis
786 876 839 929 et
866 873 1012 928 veris
1038 881 1090 926 et
1120 871 1348 925 aliarum
1403 868 1786 934 tempestatum

216 976 439 1032 ordinem
490 973 700 1025 ﬁrmum
724 974 781 1021 et
808 962 1132 1018 immotum?
1164 959 1329 1015 maris
1357 952 1698 1011 commodum
1732 949 1786 1003 in

219 1077 285 1123 tot
326 1064 567 1136 procellis
589 1069 643 1116 et
676 1057 963 1114 ﬂuctibus?
987 1055 1165 1110 omnia
1186 1055 1236 1107 in
1265 1051 1454 1106 ordine
1482 1044 1750 1103 manentia
1768 1085 1783 1110 ,

213 1176 267 1214 ac
303 1174 390 1229 per
426 1152 871 1226 pulchritudinem
923 1158 977 1203 et
1023 1144 1441 1215 magnitudinem
1474 1140 1787 1229 Creatorem

213 1248 535 1324 praedicanda
564 1245 588 1298 Ἰ
621 1244 747 1297 "me
769 1242 965 1310 quippe
984 1238 1162 1292 omnia
1186 1278 1200 1299 ,
1238 1245 1291 1289 et
1319 1234 1480 1288 etiam
1526 1230 1617 1324 his
1632 1228 1783 1297 plura

213 1321 510 1407 compendio
537 1334 733 1389 Paulus
781 1330 953 1385 dixit:
1008 1326 1297 1381 lnvisibilia
1342 1324 1477 1378 enim
1519 1321 1723 1392 ipsius,
1759 1333 1791 1370 a

213 1440 424 1485 creatura
444 1426 638 1490 mundi,
673 1440 761 1494 per
780 1440 838 1477 ea
866 1437 978 1491 qua:
1003 1424 1143 1491 facta
1190 1426 1307 1472 sunt
1352 1413 1633 1475 intellecta,
1663 1426 1791 1464 con-

214 1522 471 1590 spiciuntur
489 1534 506 1573 :
523 1518 831 1587 sempiterna
851 1528 1046 1583 quoque
1072 1513 1183 1583 ejus
1206 1510 1428 1581 potentia
1458 1517 1504 1561 et
1531 1506 1791 1571 divinitas,

216 1616 343 1668 itaut
368 1613 463 1666 sint
491 1607 881 1664 inexcusabiles.
912 1605 1025 1659 Etsi
1050 1620 1156 1658 non
1188 1603 1242 1656 in
1265 1616 1388 1656 eum
1418 1599 1578 1654 ﬁnem
1607 1597 1795 1653 iecerit

216 1708 288 1763 illa
318 1708 471 1768 Deus,
500 1702 744 1773 quamvis
774 1700 843 1753 ita
874 1696 1157 1752 acciderit.
1188 1694 1375 1763 Neque
1404 1692 1552 1747 enim
1583 1699 1641 1744 ut
1672 1688 1794 1743 illos

216 1795 538 1850 excusatione
566 1793 823 1861 privaret,
849 1787 1156 1843 doctrinam
1190 1793 1398 1840 tantum
1453 1783 1505 1837 in
1550 1780 1789 1835 medium

214 1886 434 1957 protulit,
458 1883 555 1939 sed
584 1892 638 1937 ut
664 1884 838 1952 ipsum
870 1886 1262 1950 cognoscerent
1296 1894 1309 1931 :
1362 1874 1557 1945 ingrati
1610 1882 1794 1927 autem

218 1994 320 2034 cum
346 1987 543 2044 essent,
578 1993 636 2032 se
663 1978 761 2046 ἱρδί
785 1974 1099 2029 defensione
1142 1971 1441 2051 privarunt.
1471 1966 1674 2024 Deinde
1704 1981 1795 2021 os-

217 2070 420 2127 tendens
450 2067 723 2140 quomodo
742 2064 1057 2121 defensioue
1084 2069 1324 2127 careant,
1369 2062 1477 2115 ait:
1526 2060 1616 2114 21.
1664 2058 1799 2126 Quia

217 2178 317 2214 cum
346 2160 691 2230 cognovissent
721 2156 908 2223 Deum,
940 2169 1043 2209 non
1070 2163 1125 2207 ut
1156 2152 1320 2206 Deum
1345 2152 1793 2223 gloriﬁcaverunt,

216 2261 294 2305 aut
307 2251 491 2322 gratias
514 2258 744 2319 egerunt.
780 2246 952 2301 Unum
992 2245 1093 2298 hoc
1120 2243 1327 2297 crimen
1355 2241 1647 2296 maximum
1678 2246 1798 2304 est;

218 2342 428 2396 alterum
450 2339 595 2411 quod
625 2337 763 2392 idola
796 2335 1141 2391 adoraverint
1167 2351 1179 2386 :
1213 2348 1316 2403 qua
1342 2332 1411 2387 de
1448 2347 1508 2386 re
1534 2342 1801 2386 accusans

222 2432 330 2487 illos
357 2430 639 2493 Jeremias,
668 2427 883 2483 dicebat
913 2444 926 2479 :
967 2424 1084 2478 Duo
1116 2424 1254 2477 mala
1279 2423 1398 2492 fecit
1426 2420 1649 2491 pOpnlus
1678 2421 1759 2474 hic
1783 2436 1802 2475 :

223 2540 292 2578 me
337 2522 712 2589 dereliquerunt
763 2519 955 2587 [autem
994 2531 1141 2587 aqua
1187 2515 1330 2581 vivas,
1359 2524 1404 2567 et
1427 2513 1663 2584 {oderunt
1708 2510 1803 2564 sibi

219 2619 443 2671 cisternas
459 2615 741 2683 dissipatas
769 2610 902 2680 (Jer.
928 2610 982 2664 2.
1016 2609 1126 2679 15).
1159 2608 1363 2663 Deinde
1386 2606 1598 2676 signum
1623 2604 1798 2669 aﬁ'ert,

219 2709 346 2779 quod
365 2710 526 2764 Deum
552 2711 902 2776 cognoscant,
918 2716 1022 2757 nec
1036 2701 1342 2773 cognitione
1359 2716 1457 2757 sua
1469 2710 1528 2757 ut
1544 2712 1641 2769 par
1662 2702 1808 2751 esset

221 2809 419 2855 utantur
442 2840 458 2864 ,
491 2797 637 2869 quod
668 2796 877 2851 scilicet
926 2794 1057 2847 deos
1082 2789 1435 2862 cognoverint
1464 2807 1476 2841 :
1527 2802 1695 2856 quare
1725 2787 1808 2841 itt-

222 2892 325 2944 ttt‘it
354 2908 368 2943 :
400 2890 533 2957 Quia
551 2903 667 2941 cum
693 2884 1037 2956 cognovissent
1066 2881 1253 2945 Deum,
1287 2897 1387 2933 non
1412 2888 1466 2932 ut
1499 2877 1663 2931 Deum
1688 2878 1800 2947 glo-

221 2984 543 3049 riﬁt‘averunt.
628 2977 963 3045 Causamque
1052 2974 1275 3043 apponit
1327 2987 1423 3026 cur
1486 2972 1538 3023 in
1606 2978 1806 3024 tantam

220 3073 498 3126 amentiam
529 3068 736 3137 delapsi
766 3067 892 3120 sint.
923 3066 1180 3132 Quantam
1207 3063 1295 3117 illa
1324 3062 1446 3117 est?
1491 3060 1808 3115 Ratiociniis

222 3167 321 3217 suis
339 3163 514 3216 omnia
544 3159 954 3215 connuiserunt.
988 3156 1057 3209 At
1080 3169 1184 3208 non
1212 3154 1281 3207 ita
1306 3153 1459 3218 dicit,
1510 3151 1605 3205 sed
1648 3150 1808 3218 longe

221 3252 601 3308 vi-ltementiori
632 3249 821 3311 modo:
852 3247 1187 3301 Evauuerunt
1212 3246 1367 3310 enim,
1400 3244 1593 3313 inquit,
1644 3242 1695 3296 in
1718 3259 1808 3297 co-

222 3342 537 3413 gitationibus
560 3340 688 3405 suis,
719 3346 766 3393 et
796 3340 1121 3393 obscuratum
1134 3345 1207 3390 est
1228 3335 1474 3404 insipiens
1500 3349 1589 3387 cor
1614 3348 1808 3387 eorum.

222 3437 525 3493 Sicuteuim
555 3434 609 3488 in
639 3440 796 3487 nocte
846 3430 1018 3498 illuni,
1059 3430 1104 3484 si
1153 3428 1273 3498 quis
1315 3425 1660 3497 peregrinum
1710 3425 1839 3489 iter_

223 3544 437 3598 carpere
464 3535 730 3591 conetur,
780 3523 867 3578 vel
909 3524 963 3577 itt
1004 3521 1143 3576 mari
1194 3521 1471 3590 navigare,
1504 3534 1613 3573 non
1653 3516 1813 3573 modo

224 3637 319 3676 non
341 3617 670 3693 pervenitad
698 3616 882 3683 ﬁnem,
913 3615 1008 3670 sed
1034 3615 1141 3669 cito
1167 3613 1307 3684 perit
1333 3629 1345 3665 :
1380 3613 1458 3667 sic
1487 3622 1541 3667 et
1565 3611 1648 3665 isti
1673 3610 1811 3664 viam

226 3712 286 3766 ad
314 3710 503 3765 caelum
533 3710 796 3764 terentem
825 3706 1089 3775 aggressi,
1119 3704 1332 3774 sibique
1353 3704 1531 3758 lucem
1563 3703 1813 3758 adimen-

231 3814 326 3868 tes,
358 3812 412 3857 et
465 3800 614 3856 illius
665 3799 786 3854 loco
842 3797 1247 3853 ratiociniorum
1298 3811 1518 3851 suorum
1580 3796 1815 3851 tenebris

225 3907 340 3948 sese
376 3891 800 3953 committentes,
823 3890 875 3943 in
899 3888 1179 3957 corporeis
1226 3889 1643 3957 incorporeum,
1674 3888 1725 3942 in
1756 3887 1818 3941 ﬁ-

226 3984 363 4053 guris
393 3985 561 4054 ﬁgura
589 3991 867 4052 expertem
890 3992 1216 4051 quaerentes,
1242 3980 1581 4049 naufragium
1612 3982 1819 4051 gravis-

226 4077 409 4131 simum
455 4074 723 4130 fecerunt.
782 4072 912 4127 Cum
942 4072 1008 4125 iis
1034 4081 1237 4137 autem,
1297 4086 1417 4141 qua:
1453 4072 1595 4125 dicta
1637 4080 1803 4137 sunt,

226 4166 376 4220 aliam
407 4164 611 4220 erroris
638 4164 852 4217 illorum
875 4177 1093 4218 causam
1125 4162 1276 4231 ponit
1301 4178 1423 4217 cum
1450 4163 1560 4216 ait:
1594 4162 1685 4215 22.
1715 4163 1813 4216 Di-

228 4268 453 4311 centesse
479 4271 589 4309 esse
609 4254 881 4323 sapientes,
911 4253 1052 4308 stulti
1079 4254 1202 4325 facti
1224 4262 1361 4308 sunt.
1404 4253 1651 4324 Magnum
1675 4254 1817 4309 enim

228 4348 493 4418 quidpiam
525 4346 593 4401 de
616 4361 675 4400 se
704 4346 1078 4416 imaginantes,
1132 4360 1233 4400 nec
1259 4346 1589 4401 sustinentes
1636 4347 1775 4402 hanc
1802 4387 1817 4412 ,

228 4457 376 4510 quam
399 4442 639 4511 jusserat
670 4438 829 4504 Deus,
857 4439 997 4493 viam
1031 4440 1255 4510 ingredi,
1290 4440 1341 4494 in
1392 4441 1639 4496 amentia:
1670 4443 1819 4512 cogi-

229 4533 514 4586 tationibus
564 4530 793 4586 demersi
829 4540 971 4585 sunt.
1004 4532 1209 4587 Deinde
1243 4543 1615 4603 tempestatem
1672 4535 1818 4590 illam

230 4621 561 4684 describens,
591 4637 748 4689 quam
791 4623 971 4692 gravis
998 4622 1177 4688 fuerit,
1212 4632 1266 4678 ct
1295 4625 1440 4679 omni
1484 4626 1636 4679 venia
1685 4625 1822 4681 indi-

227 4728 346 4781 gna,
375 4713 652 4782 subjunxit
682 4730 695 4766 :
725 4712 815 4768 25.
849 4711 916 4766 Et
938 4724 1254 4769 mutaverunt
1280 4716 1496 4787 gloriam
1516 4719 1821 4789 incorrupti-

227 4803 334 4858 bilis
361 4804 477 4871 Dei,
499 4804 553 4857 in
579 4804 961 4859 similitudinem
993 4807 1233 4877 imaginis
1276 4810 1623 4879 corruptibilis
1651 4810 1819 4865 homi-

228 4896 323 4959 nis,
347 4906 394 4950 et
424 4895 692 4949 volucrum
744 4906 791 4949 et
845 4898 1237 4969 quadrupedum
1284 4908 1329 4954 et
1371 4903 1708 4969 serpentium.

292 4986 341 5040 5.
378 4985 571 5039 Contra
628 4986 959 5057 philosophos
979 4990 1207 5059 gentiles.
1231 5021 1304 5030 —
1325 4991 1503 5047 Prima
1526 4994 1817 5062 accusatio,

227 5076 361 5144 quod
391 5077 562 5131 Deum
595 5092 698 5130 non
730 5078 1072 5146 invenerint;
1121 5084 1380 5149 secunda,
1410 5084 1554 5155 quod
1578 5086 1820 5141 occasio-

228 5182 317 5222 nes
364 5182 589 5238 magnas
639 5177 693 5223 et
730 5172 1053 5239 conspicuas
1102 5172 1411 5242 habentes;
1461 5179 1640 5243 tertia,
1675 5180 1820 5250 quod

227 5274 340 5312 cum
369 5276 429 5314 se
460 5260 732 5330 sapientes
752 5261 1029 5329 dicerent;
1060 5277 1250 5335 quarta
1274 5310 1289 5334 ,
1324 5268 1465 5337 quod
1504 5285 1611 5324 non
1656 5270 1819 5327 modo

229 5364 327 5405 non
356 5352 680 5419 invenerint,
715 5354 807 5409 sed
837 5357 998 5410 etiam
1022 5359 1225 5413 cultum
1253 5360 1399 5415 illum
1424 5362 1491 5416 ad
1518 5363 1814 5434 dmmonas,

227 5440 287 5493 ad
334 5441 541 5510 lapides
569 5452 623 5497 ct
651 5443 792 5513 ligna
839 5444 1153 5503 derivarint.
1187 5450 1404 5505 Illorum
1447 5469 1579 5509 vero
1623 5455 1817 5510 fastum

228 5532 475 5602 deprimit
505 5534 556 5589 in
591 5536 827 5606 Epistola
860 5537 926 5593 ad
961 5538 1306 5610 Corinthios;
1341 5546 1434 5601 sed
1458 5564 1563 5602 non
1595 5551 1820 5618 perinde

233 5624 333 5714 illic
357 5636 413 5679 ut
447 5625 550 5681 hic.
585 5626 700 5682 Illic
721 5630 864 5683 enim
900 5647 929 5685 a
957 5647 1118 5687 cruce
1149 5636 1357 5705 plagam
1392 5639 1520 5707 ipsis
1578 5642 1771 5714 ittﬁigit
1799 5687 1813 5709 ,

231 5712 406 5769 dicens
442 5734 454 5770 :
508 5717 642 5784 Quia
662 5719 800 5787 quod
821 5722 1030 5778 stultum
1058 5734 1132 5779 est
1159 5724 1279 5794 Dei,
1302 5731 1586 5797 sapientius
1619 5712 1820 5790 ρει-[ιο-

229 5804 440 5861 minibus
468 5808 552 5879 (l.
582 5806 702 5865 Cor.
741 5810 961 5884 1.25);
996 5814 1083 5874 hic
1110 5830 1244 5876 vero
1272 5820 1390 5877 sine
1412 5826 1816 5895 comparatione

1305 386 1369 443 IN
1410 382 1627 442 EPIST.
1672 379 1765 435 AD
1803 375 1971 434 ROM.
2014 376 2244 433 HOMIL.
2287 376 2373 431 lll.

3394 371 3454 424 Η
3472 374 3502 421 s.

1895 489 2213 559 sapientiam
2243 503 2430 543 eorum
2456 488 2508 542 in
2538 487 2717 557 seipsa
2747 484 3015 551 traducit,
3047 481 3343 538 ostendens
3361 481 3500 537 stui-

1896 580 2070 634 titiam
2124 595 2247 636 esse
2298 589 2352 635 et
2400 579 2725 650 arrogantiae
2791 586 3001 632 tantum
3052 576 3497 631 ostentationem.

1896 671 2100 727 Deinde
2122 681 2179 726 ut
2199 671 2374 727 discas
2400 671 2517 727 illos
2544 671 2639 726 Dei
2668 670 2911 725 notitiam
2942 668 3221 733 habentes,
3251 665 3500 722 siciliam

1895 764 2219 832 prodidisse,
2261 763 2412 830 dicit,
2470 762 2840 817 Mutaverunt:
2882 761 2973 832 qui
3007 774 3137 815 vero
3185 767 3394 825 mutat,
3445 764 3506 811 ttt

1896 853 2043 908 aliud
2073 854 2279 909 habens
2334 862 2526 909 mutat.
2581 845 2883 909 Voluerunt
2928 851 3072 907 enim
3112 849 3240 920 quid
3272 849 3506 919 amplius

1896 946 2158 1014 invenire,
2192 948 2334 1003 datis
2359 948 2605 1004 terminis
2629 961 2733 1002 non
2762 945 3002 1002 contenti
3032 964 3047 1010 ;
3079 944 3311 1014 ideoque
3339 943 3503 998 etiam

1898 1038 1980 1095 his
2005 1025 2348 1096 exciderunt:
2382 1042 2673 1095 novitatem
2697 1040 2840 1095 enim
2862 1037 3261 1094 desiderabant.
3285 1034 3501 1090 Etenim

1898 1132 2202 1202 hujuanodi
2250 1133 2430 1187 omnia
2462 1133 2784 1188 Greecorum
2820 1130 2986 1185 fuere.
3020 1129 3147 1185 ldeo
3193 1130 3357 1183 etiam
3403 1126 3508 1181 sibi

1899 1234 2085 1278 mutuo
2124 1224 2393 1278 adversati
2427 1235 2550 1279 sunt
2580 1243 2592 1277 :
2624 1223 2945 1278 Aristoteles
2988 1222 3279 1278 insurrcxit
3322 1228 3510 1274 contra

1899 1318 2212 1382 Platonem,
2239 1318 2404 1373 Stoici
2452 1318 2503 1373 in
2540 1319 2678 1371 hunc
2708 1316 3063 1380 infremucre,
3099 1323 3153 1369 et
3183 1313 3323 1368 alter
3349 1311 3508 1367 alteri

1901 1410 2073 1465 hostis
2105 1410 2221 1465 luit.
2255 1410 2440 1480 Itaque
2471 1424 2576 1464 n0n
2613 1410 2683 1462 ita
2717 1406 3020 1463 admirandi
3047 1414 3174 1461 sunt
3195 1404 3265 1460 ob
3293 1403 3509 1473 sapicn—

1901 1504 2028 1559 tiam
2058 1504 2415 1559 utaversandi
2444 1514 2499 1559 et
2524 1503 2651 1559 odio
2680 1502 2934 1566 habendi,
2955 1502 3081 1572 quia
3101 1501 3170 1555 ob
3200 1499 3305 1555 hoc
3336 1499 3508 1569 ipsum

1900 1596 2050 1652 stulti
2082 1596 2210 1651 facti
2238 1606 2389 1663 sunt.
2422 1597 2533 1651 Nisi
2555 1597 2699 1652 enim
2738 1596 3034 1650 ratiociniis
3081 1602 3137 1649 et
3184 1593 3514 1665 syllogismis

1912 1699 2073 1761 atque
2103 1692 2529 1762 sephismatibus
2557 1706 2652 1745 sua
2702 1690 3144 1753 commisissent,
3176 1703 3283 1742 non
3309 1688 3360 1739 in
3386 1684 3509 1740 talia

1903 1782 2242 1838 incidissent.
2290 1783 2495 1839 Deinde
2538 1782 2974 1838 criminationem
3002 1796 3206 1849 augens
3240 1779 3453 1831 illorum
3490 1817 3507 1838 ,

1902 1874 2262 1929 idololatriam
2291 1884 2458 1930 totam
2492 1873 2741 1929 traducit.
2767 1874 2926 1928 Certe
2972 1872 3055 1924 vel
3090 1869 3233 1940 quod
3267 1878 3513 1923 mutave~

1901 1967 2030 2032 rint,
2052 1966 2337 2022 ridiculum
2358 1976 2441 2022 est
2465 1983 2477 2019 :
2508 1965 2653 2036 quod
2680 1974 2862 2020 autem
2891 1965 2944 2018 in
2978 1964 3104 2018 talia
3131 1961 3459 2016 mutaverint
3493 1998 3511 2025 ,

1903 2060 2052 2116 omni
2082 2062 2432 2116 excusatione
2454 2070 2624 2115 caret.
2647 2058 2702 2113 lu
2726 2073 2974 2129 quaenam
3008 2071 3139 2127 ergo
3163 2054 3512 2118 mutaverint,

1904 2162 1959 2208 et
1979 2168 2082 2223 qua
2112 2153 2163 2207 in
2188 2167 2247 2208 re
2263 2154 2489 2224 gloriam
2514 2153 2812 2224 posuerint,
2832 2151 3132 2222 perpende.
3156 2147 3527 2220 Cogitandunt

1907 2243 1975 2299 de
2004 2243 2097 2299 illo
2128 2252 2265 2311 erat,
2292 2243 2436 2315 quod
2468 2253 2614 2299 esset
2661 2244 2834 2310 Deus,
2878 2242 3023 2314 quod
3062 2242 3307 2297 omnium
3337 2238 3517 2293 domi.

1906 2351 2045 2402 ηυε,
2078 2336 2222 2406 ψιοά
2254 2348 2396 2401 Ἑοε,
2431 2336 2521 2406 qui
2553 2351 2660 2391 non
2695 2344 2873 2403 erant,
2907 2335 3118 2399 fecerit,
3154 2333 3299 2404 quod
3334 2330 3517 2401 provi-

1906 2427 2032 2484 deat
2058 2436 2113 2483 et
2139 2443 2324 2483 curam
2346 2436 2499 2497 gerat
2527 2446 2540 2482 :
2598 2428 2716 2482 haec
2749 2426 2919 2497 gloria
2973 2426 3064 2481 Dei
3106 2434 3255 2478 sunt.
3285 2422 3519 2510 Quibus.

1909 2535 2033 2573 ttatn
2061 2518 2159 2588 ipsi
2206 2518 2350 2572 illam
2396 2518 2818 2572 attribuerunt?
2858 2516 2976 2572 Non
3030 2514 3375 2578 hominibus,
3428 2511 3523 2565 sed

1910 2610 2247 2665 similitudini
2275 2609 2523 2679 imaginis
2544 2608 2914 2679 corruptibilis
2944 2608 3199 2662 hominis.
3226 2604 3411 2675 Neque
3437 2602 3525 2659 hic

1910 2709 2200 2767 steterunt,
2225 2700 2320 2755 sed
2341 2711 2395 2755 et
2426 2700 2494 2755 ad
2525 2702 2678 2755 bruta
2707 2702 2958 2755 animalia
3001 2698 3211 2767 delapsi
3233 2705 3382 2761 sunt,
3414 2696 3523 2749 imo

1910 2802 1964 2849 et
1988 2792 2057 2848 ad
2086 2793 2303 2847 illorum
2338 2793 2625 2863 imagines.
2684 2792 2766 2847 Tu
2796 2808 2927 2846 vero
2953 2792 3088 2845 ntihi
3122 2791 3271 2846 Pauli
3300 2789 3524 2859 sapien-

1914 2885 2039 2939 tiam
2074 2885 2376 2955 perpendas
2401 2886 2584 2951 velim,
2613 2884 2888 2955 quomodo
2923 2884 3031 2938 duo
3052 2893 3295 2939 extrema
3325 2896 3527 2951 [κορυθ-

1913 2980 2018 3043 rit;
2060 2979 2225 3033 Deum
2280 2994 2591 3047 supremum
2637 2978 2909 3044 omnium,
2942 2986 2997 3032 et
3034 2977 3244 3047 reptilia
3287 2976 3469 3030 intima
3507 2991 3523 3037 ;

1914 3070 2023 3125 into
2062 3086 2166 3123 non
2217 3070 2462 3138 rcptilia,
2522 3070 2616 3124 sed
2668 3070 2941 3138 reptilium
2995 3068 3410 3131 similitudines,
3469 3076 3529 3121 ut

1914 3173 2151 3230 apertam
2178 3161 2392 3214 illorum
2425 3161 2687 3214 insaniam
2706 3161 2850 3215 clare
2878 3159 3212 3215 ostenderet.
3245 3159 3527 3230 Cognitio-

1916 3268 2041 3307 nem
2072 3254 2215 3305 enim
2246 3253 2415 3316 illam,
2440 3269 2599 3322 quam
2630 3253 2831 3308 habere
2854 3252 3141 3323 oportebat
3169 3253 3315 3307 circa
3347 3268 3472 3307 eum
3508 3290 3524 3314 ,

1917 3346 2006 3416 qui
2037 3346 2153 3402 sine
2179 3348 2581 3415 Comparatione
2600 3348 2841 3400 omnium
2870 3346 3362 3403 excellentissimus
3393 3354 3475 3401 est
3511 3386 3527 3407 ,

1920 3434 2060 3490 hanc
2082 3436 2488 3492 omniumbaud
2521 3439 2685 3492 dubie
2708 3438 2977 3493 vilissimo
3020 3438 3420 3509 applicuerunt.
3463 3438 3537 3493 Et!

1917 3526 2044 3597 quid
2075 3526 2212 3591 haec,
2244 3528 2476 3598 inquies,
2506 3528 2573 3582 ad
2604 3528 3004 3599 philosophos?
3054 3528 3133 3583 Ad
3169 3529 3269 3584 hos
3296 3530 3533 3583 maxime

1919 3621 2097 3674 omnia
2127 3635 2289 3691 supra
2309 3621 2451 3675 dicta
2476 3631 2743 3691 spectant.
2772 3622 2905 3676 Nam
2934 3623 2986 3677 hi
3020 3623 3305 3695 Egyptios
3336 3624 3531 3679 horum

1921 3712 2234 3767 inventores
2284 3713 2574 3784 magistros
2622 3712 2826 3768 habent
2856 3731 2869 3768 :
2904 3725 2958 3770 et
2987 3714 3165 3783 Plato,
3196 3714 3287 3786 qui
3319 3717 3535 3771 e:etcris

1922 3809 2261 3876 praestantior
2289 3822 2411 3863 esse
2442 3808 2678 3877 videtur,
2712 3809 2782 3866 de
2809 3812 2959 3866 hisce
2981 3811 3279 3883 gloriatur;
3310 3814 3535 3883 ejusque

1921 3898 2112 3953 doctor
2156 3898 2314 3953 idolis
2356 3900 2474 3955 istis
2531 3900 2783 3957 addictus
2836 3901 2959 3969 fuit,
2994 3904 3083 3972 qui
3135 3904 3337 3974 gallum
3383 3904 3538 3972 jubet

1927 3992 2240 4064 IEsculapio
2280 3994 2574 4050 sacriﬁcari
2625 3997 2721 4067 (η).
2758 3996 2858 4052 llic
2910 3997 3097 4053 videas
3147 3997 3429 4053 brutorum
3482 4008 3537 4054 et

1924 4086 2195 4154 reptilium
2254 4086 2540 4155 imagines,
2574 4096 2777 4142 etcum
2836 4088 2920 4143 his
2974 4088 3285 4157 Apollinem
3314 4089 3533 4143 etBac-

1923 4177 2082 4231 chum
2116 4177 2227 4248 pari
2256 4172 2401 4233 cultu
2429 4179 2945 4249 dignatos.Quidam
2978 4197 3105 4236 vero
3146 4182 3455 4253 philosophi
3485 4183 3537 4238 iu

1925 4269 2117 4325 carlum
2150 4270 2404 4325 invexere
2428 4280 2633 4337 tauros,
2665 4273 2935 4343 scorpios,
2957 4273 3228 4328 dracones
3254 4286 3303 4329 et
3335 4277 3529 4344 ln.jusv

1927 4361 2070 4414 modi
2098 4362 2445 4431 quisquilias:
2469 4363 2668 4433 ubique
2690 4365 2833 4418 enim
2856 4365 3103 4421 diabolus
3125 4368 3335 4422 curavit
3355 4369 3421 4421 ad
3453 4385 3536 4422 re-

1928 4453 2132 4521 pliliunt
2177 4454 2589 4510 similitudinem
2619 4455 2866 4512 homines
2892 4458 3202 4524 demittere,
3230 4471 3284 4514 et
3315 4462 3535 4515 irratio-

1930 4545 2286 4599 uabilioribus
2310 4561 2404 4600 eos
2436 4548 2725 4617 subjicere,
2766 4565 2903 4619 quos
2952 4552 3091 4606 Deus
3137 4569 3299 4624 supra
3357 4556 3534 4625 ipsum

1925 4635 2113 4689 caelum
2142 4636 2403 4692 extollere
2425 4638 2615 4694 voluit.
2672 4639 2861 4710 Neque
2919 4642 3045 4696 hinc
3088 4651 3317 4709 tantum,
3346 4645 3440 4700 sed
3484 4654 3541 4701 et

1925 4725 2143 4780 aliunde.
2174 4726 2387 4781 illorum
2418 4730 2767 4802 coryphaeum
2789 4733 2996 4789 videbis
3025 4748 3187 4804 supra
3235 4736 3395 4792 dictis
3427 4740 3529 4793 ob-

1927 4818 2169 4872 noxium.
2201 4818 2334 4873 Cum
2366 4821 2510 4875 enim
2536 4831 2723 4890 poetas
2754 4824 2805 4877 in
2840 4841 3004 4879 mmm
3033 4827 3276 4897 colligit,
3308 4838 3363 4883 et
3401 4828 3534 4886 dicit

1927 4917 2182 4977 oportere
2206 4908 2313 4964 illis
2337 4910 2537 4968 habere
2563 4912 2722 4967 ﬁdem
2757 4914 2808 4969 in
2831 4915 2912 4981 iis,
2950 4930 3070 4986 quae
3093 4916 3159 4972 de
3189 4918 3301 4973 Deo
3323 4920 3539 4987 dicunt,

1926 5009 2112 5069 utpote
2140 5001 2228 5070 qui
2261 5001 2427 5071 probe
2456 5004 2659 5070 norint,
2686 5006 2815 5061 nihil
2849 5006 2995 5062 aliud
3052 5024 3214 5078 quam
3276 5027 3541 5081 nugarum

1926 5093 2235 5161 congeriem
2270 5092 2499 5161 inducit,
2533 5105 2589 5151 et
2614 5111 2702 5151 res
2727 5106 2833 5151 tam
2868 5097 3125 5155 ridiculas
3155 5117 3317 5155 veras
3346 5104 3541 5159 existi-

1925 5184 2151 5237 mandas
2170 5198 2292 5240 esse
2314 5185 2465 5241 dicit.
2498 5188 2589 5242 24.
2621 5186 2751 5242 Ideo
2774 5192 2987 5245 tradidit
3016 5192 3134 5246 illos
3157 5193 3295 5248 Deus
3323 5196 3373 5248 in
3398 5197 3535 5251 desi-

1926 5274 2069 5353 detja
2104 5276 2272 5329 cordis
2304 5279 2404 5344 sui,
2452 5279 2505 5331 in
2554 5276 2955 5347 immunditiam,
2985 5292 3041 5336 ut
3070 5288 3392 5341 contumeliis
3436 5290 3545 5357 ofﬁc

1926 5370 2063 5423 ciant
2122 5386 2337 5439 corpora
2365 5388 2459 5425 sua
2490 5373 2541 5425 in
2566 5376 2868 5445 semetipsis.
2907 5376 3042 5432 lliuc
3072 5380 3312 5435 ostendit
3345 5382 3539 5452 impie-

1929 5472 2092 5517 tatem
2120 5463 2441 5519 violatarum
2492 5466 2669 5535 legum
2714 5466 2881 5523 fuisse
2922 5484 3161 5524 causam.
3218 5471 3353 5527 lllttd
3412 5490 3541 5533 vero

1928 5553 2191 5622 Tradidit,
2244 5555 2332 5612 hic
2390 5556 2680 5627 signiﬁcat,
2741 5561 3004 5630 permisit.
3059 5562 3534 5629 Quemadmodum

1928 5648 2071 5700 enim
2092 5647 2196 5701 dux
2222 5649 2492 5702 exercitus
2516 5651 2557 5703 si
2581 5651 2988 5720 ingravescente
3007 5668 3180 5723 pugna
3206 5653 3539 5715 discesserit,

1992 5739 2082 5808 {ut
2103 5739 2320 5808 Platonis
2336 5739 2505 5808 doctor
2522 5746 2748 5808 Socrates
2768 5744 3039 5793 moriturus
3060 5744 3242 5808 gallum
3266 5745 3412 5807 jubet
3442 5743 3547 5793 dis-

1928 5799 2121 5862 culapio
2150 5803 2445 5851 ‘sacriﬁeari.
2476 5804 2597 5852 Vide
2626 5804 2877 5855 Platonem
2916 5810 2966 5856 in
3006 5799 3354 5857 t’h'aadone'de
3381 5818 3541 5860 moi-te

1928 5866 2153 5915 Socratis.
2176 5872 2285 5915 Haec
2310 5874 2553 5928 postrema
2583 5878 2676 5919 vos
2703 5870 2794 5919 fuit
2820 5868 3144 5921 celeberrimi
3169 5869 3466 5934 philosoybi.
