4118 6340
610 377 721 431 “5-

614 494 812 551 milites
834 493 1071 549 hostibus
1100 491 1283 557 tradit,
1308 507 1415 547 non
1447 492 1558 563 ipse
1583 491 1890 560 impellens,
1924 489 2020 546 sed
2047 492 2195 543 auxi-

614 584 687 641 iio
715 601 812 641 suo
836 585 1084 656 privans:
1115 585 1193 639 sic
1224 585 1365 640 Deus
1390 598 1504 649 eos,
1538 582 1625 652 qui
1658 583 1946 637 noluerunt
1983 597 2075 636 sua
2102 597 2193 637 ac-

613 672 809 749 cipere,
839 678 933 733 sed
963 678 1117 747 primi
1141 677 1466 739 resilierunt,
1524 675 1757 740 dimisit,
1790 686 2071 745 postquam
2099 688 2194 728 sua

612 770 789 825 omnia
812 770 1147 840 impleverat.
1200 766 1473 837 Perpende
1523 777 1702 821 autem
1748 783 1763 821 :
1810 782 1905 835 pro
1952 766 2193 820 doctrina

611 859 868 915 mundum
902 861 953 914 in
994 860 1172 915 modio
1217 860 1429 931 posuit;
1473 868 1706 912 mentem
1734 866 1785 912 et
1812 857 2190 926 cogitationem

606 954 777 1020 dedit,
801 969 921 1023 quae
944 962 1125 1023 posset
1148 952 1196 1005 id
1220 993 1233 1015 ,
1269 950 1409 1021 quod
1438 951 1766 1006 conveniens
1797 959 1939 1015 erat,
1987 951 2190 1004 intelli-

606 1062 759 1116 gere.
780 1045 935 1100 Nullo
962 1045 1148 1098 borum
1179 1043 1446 1110 homines,
1477 1044 1566 1113 qui
1600 1053 1724 1097 tunc
1764 1052 1937 1109 erant,
1964 1044 2041 1097 usi
2065 1050 2192 1099 sunt

605 1137 671 1190 ad
708 1136 956 1200 salutem,
988 1135 1080 1189 sed
1111 1136 1508 1188 incontrarium
1566 1134 1713 1204 quod
1745 1143 2060 1205 acceperant
2108 1135 2189 1189 in-

608 1235 900 1280 wrterunt.
929 1225 1065 1291 Quid
1100 1226 1258 1295 igitur
1285 1223 1462 1280 facere
1490 1224 1813 1295 oportebat?
1844 1225 1891 1278 vi
1923 1236 1972 1279 et
1998 1240 2188 1279 ncces-

606 1321 762 1372 sitate
789 1317 1044 1373 trahere?
1072 1319 1139 1372 At
1172 1334 1274 1372 non
1321 1326 1402 1373 est
1434 1317 1535 1373 hoc
1565 1319 1738 1373 facere
1764 1318 1959 1372 virtute
1988 1318 2186 1388 prtedi-

604 1419 702 1465 tos.
726 1400 1008 1480 Reliquum
1036 1419 1152 1463 erat
1182 1419 1239 1463 ut
1264 1409 1561 1475 desereret,
1581 1410 1725 1479 quod
1745 1418 1799 1463 et
1825 1408 1949 1464 fecit
1978 1426 1991 1475 ;
2029 1411 2185 1465 utvel

598 1503 679 1556 sic
712 1502 825 1566 illa,
851 1516 971 1570 qua:
992 1500 1391 1569 concupierant,
1418 1501 1647 1568 experti,
1684 1499 2071 1570 turpitudinem
2100 1501 2185 1556 fti-

596 1602 804 1665 gerent.
858 1592 993 1648 Nam
1034 1594 1077 1648 si
1113 1597 1231 1663 quis
1262 1592 1400 1663 regis
1430 1592 1605 1657 tilius,
1655 1603 1967 1664 contempto
1994 1604 2179 1665 patre,

598 1705 719 1744 cum
742 1689 1102 1760 prmdonibus,
1124 1688 1331 1744 sicariis
1358 1696 1411 1744 et
1440 1688 1807 1759 sepulcrorum
1836 1689 2183 1745 emissoribus

508 1790 509 1793 ‘
596 1799 654 1838 se
683 1784 938 1847 conferat,
964 1792 1018 1837 et
1045 1782 1257 1837 illorum
1313 1782 1652 1837 consortium
1702 1792 1943 1852 paterna:
1996 1782 2183 1838 domui

597 1874 859 1943 pr:cl'erat,
895 1874 1286 1943 relinquiteum
1315 1880 1503 1943 pater,
1551 1882 1608 1928 ut
1647 1874 1891 1929 stultitia:
1922 1890 2032 1930 sum
2062 1889 2180 1929 ma-

594 1966 921 2033 gnitudinem
943 1964 1276 2034 experientia
1306 1962 1526 2019 ediscat.

664 2057 717 2112 4.
748 2058 857 2111 Cur
881 2065 1057 2110 autem
1096 2054 1300 2109 nullum
1323 2052 1468 2107 aliud
1503 2055 1821 2110 memoravit
1851 2064 2126 2125 peccatum
2158 2096 2175 2123 ,

593 2160 650 2204 ut
678 2149 912 2213 caedem,
940 2148 1218 2202 avaritiam
1259 2154 1315 2201 et
1354 2144 1458 2200 alia
1489 2145 1706 2214 similia,
1757 2147 1851 2201 sed
1912 2148 2177 2218 intempe-

592 2241 820 2295 rantiam
840 2240 865 2291 ἵ
893 2239 1183 2294 Auditores
1208 2245 1436 2301 tantum,
1466 2245 1522 2290 et
1550 2251 1645 2292 eos
1665 2238 1754 2306 qui
1785 2237 2066 2306 epistolam
2090 2252 2180 2294 ac-

590 2331 794 2401 cepturi
815 2340 989 2397 erant,
1022 2329 1258 2384 indicare
1286 2327 1419 2382 mihi
1445 2326 1671 2390 videtur.
1689 2325 1755 2380 1η
1780 2328 2172 2397 immunditiam,

590 2434 646 2475 ut
670 2438 886 2491 corpora
908 2436 1001 2474 sua
1029 2418 1333 2472 contumelia
1370 2416 1590 2486 amciant
1626 2417 1679 2470 in
1716 2419 2015 2488 semetipsis.
2041 2418 2176 2476 Vide

588 2514 870 2583 emphasin
893 2512 1127 2566 maxime
1149 2510 1625 2581 pcrstringentem.
1648 2508 1763 2563 Non
1780 2508 1900 2564 aliis
1922 2511 2168 2579 egebant,

590 2606 779 2674 inquit,
809 2604 1005 2674 quibus
1027 2602 1351 2658 contumelia
1372 2600 1751 2657 afﬁcerentur:
1798 2601 1894 2657 sed
1925 2617 2043 2672 quae
2068 2603 2174 2657 ini-

590 2696 712 2749 mici
759 2695 1065 2750 intulissent
1092 2734 1108 2761 ,
1136 2692 1322 2750 eadem
1353 2702 1535 2747 contra
1565 2706 1623 2747 se
1646 2692 1947 2761 patrabant.
1973 2694 2176 2751 Deinde

587 2800 801 2840 causam
832 2797 1109 2839 resumens
1127 2784 1237 2836 ait:
1277 2782 1367 2837 25.
1396 2781 1498 2849 Qui
1522 2778 1952 2836 commutaverunt
1992 2786 2177 2838 verita-

590 2882 685 2931 tem
712 2875 803 2929 Dei
822 2876 875 2928 in
905 2874 1219 2944 mendacium
1245 2889 1266 2938 ;
1300 2888 1361 2924 ac
1399 2873 1590 2925 cultum
1627 2874 1971 2943 prazstiterunt
1995 2884 2042 2927 et
2068 2891 2174 2928 ser-

587 2970 775 3023 vierunt
796 2978 1041 3020 creatura:
1061 2965 1227 3034 potius
1243 2979 1398 3033 quam
1422 2961 1667 3017 Creatori.
1701 2961 1833 3031 Quae
1877 2962 2168 3029 admodum

588 3061 804 3115 ridicula
832 3070 1006 3124 erant,
1039 3061 1088 3111 in
1119 3057 1297 3127 spccic
1351 3056 1535 3125 ponit;
1587 3058 1706 3126 qua:
1750 3070 1877 3111 vero
1927 3058 2171 3125 graviora

585 3162 756 3218 erant,
785 3150 1108 3222 generaliter
1140 3167 1153 3203 :
1184 3163 1247 3202 ac
1270 3162 1363 3217 per
1392 3147 1505 3202 luec
1520 3147 1699 3201 omnia
1729 3147 2000 3214 ostendit,
2025 3163 2175 3211 crea-

587 3255 720 3299 tura:
746 3240 945 3298 cultum
971 3241 1038 3296 ad
1063 3241 1293 3313 gentiles
1318 3239 1607 3309 pertinere.
1665 3238 1730 3292 Et
1756 3238 1877 3293 vide
1904 3239 2174 3308 quomodo

585 3351 893 3393 sermonem
919 3333 1267 3404 explicaverit
1302 3348 1315 3382 :
1348 3347 1453 3385 non
1485 3331 1628 3385 enim
1657 3330 1979 3399 simpliciter
2000 3329 2169 3396 dixit,

580 3426 879 3481 Coluerunt
907 3434 1229 3485 creaturam,
1259 3421 1359 3476 sed
1378 3419 1605 3486 addidit,
1642 3417 1827 3472 Potius
1842 3436 1995 3491 quam
2024 3417 2172 3474 Crea-

585 3528 742 3572 torem
766 3536 783 3572 :
807 3518 1002 3587 ubique
1029 3516 1128 3571 hac
1168 3514 1374 3568 ratione
1423 3513 1626 3567 crimen
1675 3512 1949 3577 attollens,
1975 3522 2031 3567 et
2071 3512 2174 3566 hoc

586 3610 957 3665 additamento
980 3608 1100 3661 illos
1128 3606 1281 3660 venia
1305 3605 1540 3674 privans.
1576 3602 1675 3669 Qui
1713 3612 1781 3657 est
1810 3602 2096 3657 benedictus
2121 3606 2173 3682 in

582 3703 789 3757 uacula.
816 3686 1214 3754 Amen/Verum
1272 3698 1371 3750 hoc
1401 3696 1532 3750 nihil
1578 3695 1653 3748 illi
1685 3696 1899 3759 nocuit,
1952 3696 2122 3765 inquit
2154 3711 2166 3747 :

584 3802 668 3850 est
686 3796 830 3849 enim
858 3794 946 3847 ille
968 3790 1278 3846 benedictus
1305 3792 1355 3843 in
1387 3787 1603 3842 szecula.
1636 3786 1732 3841 Hic
1760 3787 1995 3841 ostendit
2027 3789 2173 3843 illum

587 3900 692 3939 nou
719 3894 775 3939 ut
798 3900 857 3939 se
878 3882 1227 3938 ulcisceretur
1268 3880 1574 3934 deseruisse
1626 3879 1789 3947 ipsos,
1841 3879 2176 3947 quandoqui-

588 3979 710 4032 dem
734 3974 866 4029 nihil
889 3988 1079 4043 passus
1105 3980 1207 4026 est.
1242 3970 1466 4025 Etiamsi
1492 3970 1632 4023 enim
1664 3969 1739 4022 illi
1778 3969 1951 4038 ipsum
1986 3977 2177 4023 contu-

588 4067 745 4123 melia
773 4065 1049 4120 alleccrint
1072 4080 1086 4127 ;
1113 4072 1167 4116 at
1191 4062 1279 4117 ille
1309 4060 1690 4115 contumeliam
1722 4074 1826 4112 non
1856 4074 2045 4128 passus
2069 4070 2172 4126 est,

588 4174 761 4229 neque
802 4158 971 4227 gloria
994 4154 1109 4225 ejus
1140 4154 1416 4209 imminuta
1446 4152 1563 4216 luit,
1594 4150 1689 4205 sed
1729 4160 1909 4204 manet
1961 4165 2176 4219 semper

578 4240 921 4307 “benedictus.
940 4249 1070 4303 Nam
1093 4248 1135 4301 si
1169 4246 1485 4315 plerumque
1511 4263 1527 4293 ι
1544 4245 1589 4297 ir
1613 4244 1702 4314 qui
1746 4243 2172 4312 [IllllOStipllztllll‘,

594 4344 726 4403 nihil
760 4344 959 4413 patitur
984 4339 1052 4393 ab
1082 4340 1165 4404 iis,
1197 4339 1287 4408 qui
1316 4337 1694 4391 contumeliam
1729 4336 1982 4399 inierunt,
2008 4334 2176 4387 multo

592 4437 771 4491 minus
798 4434 961 4499 Deus,
992 4431 1308 4485 immortalis
1336 4438 1387 4483 et
1415 4426 1763 4481 immutabilis
1812 4425 1902 4478 illa
1946 4436 2135 4478 natura
2158 4465 2174 4489 ,

568 4498 930 4584 .invariabilis
948 4498 1010 4579 et
1037 4524 1255 4578 immota
1306 4521 1494 4591 gloria.
1530 4519 1741 4573 Etenim
1769 4516 2015 4571 homines
2079 4514 2179 4570 hac

592 4623 644 4675 in
674 4637 729 4675 re
762 4620 868 4673 Deo
893 4616 1096 4671 similes
1120 4615 1270 4680 liunt,
1305 4629 1423 4666 cum
1449 4612 1575 4664 nihil
1618 4610 1885 4679 patiuntur
1918 4608 1983 4661 ab
2006 4608 2071 4661 iis
2091 4609 2177 4676 qui

595 4711 894 4766 molestiam
916 4706 1117 4762 inferre
1142 4708 1341 4768 volunt,
1368 4718 1465 4757 nec
1486 4700 1863 4757 contumeliam
1885 4699 2175 4766 accipiunt,

596 4804 837 4876 percussi
910 4818 1014 4855 non
1080 4798 1487 4869 percutiuntur,
1536 4794 1655 4849 aliis
1720 4793 2019 4848 ridentibus
2074 4805 2178 4844 non

598 4908 725 4950 vere
769 4892 1079 4948 irridentur.
1134 4889 1201 4943 Et
1242 4887 1543 4957 quomodo,
1592 4886 1799 4954 inquies
1833 4925 1847 4951 ,
1904 4882 2005 4936 hoc
2068 4881 2181 4935 lieri

601 4986 820 5057 possit?
867 4984 1085 5047 Potest,
1149 4982 1329 5048 utique
1386 4988 1593 5047 potest,
1645 4980 1687 5031 si
1732 4992 1835 5029 non
1893 4975 2076 5030 doleas
2118 4973 2185 5027 de

601 5083 665 5133 iis
706 5092 823 5146 qua:
868 5073 1135 5127 accidunt.
1189 5072 1253 5123 ιιι
1289 5068 1558 5138 quomodo
1584 5108 1597 5133 ,
1650 5068 1856 5135 inquies
1882 5108 1894 5129 ,
1964 5080 2182 5134 possum

598 5188 705 5227 non
743 5169 973 5224 dolere“!
1020 5169 1087 5219 At
1118 5162 1391 5235 quomodo
1444 5172 1597 5232 potes
1646 5160 1876 5215 dolere?
1924 5162 2012 5213 Dic
2042 5163 2184 5215 enim

603 5265 729 5319 mihi
773 5283 788 5317 ;
851 5262 906 5314 Si
952 5259 1203 5329 puerulus
1264 5266 1381 5309 tuus
1432 5264 1484 5309 te
1520 5252 1844 5307 centnmelia
1895 5251 2134 5305 afﬁceret
2166 5292 2179 5316 ,

1336 372 1393 429 S.
1434 371 1709 427 10.“.le
1746 371 2230 428 CllﬂYSOSTOMl
2264 374 2577 431 ARClllEP.
2616 377 3148 439 CONSTANTINOP.

3801 393 3905 447 “6

2301 506 2367 546 an
2401 494 2526 548 illud
2556 510 2653 563 pro
2670 502 2989 555 contumelia
3018 501 3267 558 haberes?
3286 520 3351 559 an
3370 505 3618 564 doleres?
3644 508 3899 575 Minime:

2300 584 2343 636 si
2372 584 2598 652 doleres,
2636 603 2813 644 annon
2833 592 3091 657 ridiculos
3120 596 3307 651 esses?
3332 596 3421 654 Sic
3447 613 3574 670 erga
3596 601 3900 670 proximum

2299 672 2471 729 allecti
2493 676 2681 743 simus,
2715 690 2769 734 et
2796 681 2927 735 nihil
2962 684 3153 754 ingrati
3183 688 3449 757 patiemur
3480 689 3688 761 (pueris
3719 696 3891 757 enim,

2298 771 2385 839 qui
2414 773 2794 829 contumeliam
2821 775 3082 844 inferunt,
3111 780 3511 849 insipientiores
3537 795 3665 839 sunt
3694 784 3750 857 );
3798 802 3900 843 nec

2298 878 2602 932 qumramus
2629 869 2975 924 contumeliis
3019 887 3125 926 non
3155 872 3316 939 allici,
3343 884 3399 930 et
3427 877 3490 932 iis
3512 876 3690 932 allecti
3716 920 3732 944 ,
3784 879 3900 935 {or-

2299 954 2423 1009 titer
2474 956 2705 1011 feramus
2736 981 2750 1014 :
2784 958 2871 1015 hic
2901 970 2985 1015 est
3010 963 3153 1016 enim
3210 969 3373 1021 verus
3415 968 3605 1023 honor.
3666 969 3849 1037 Quare
3875 973 3901 1025 2

2295 1047 2429 1114 Quia
2462 1059 2513 1102 tu
2536 1048 2697 1117 hujus
2724 1051 2944 1105 honoris
2970 1052 3222 1108 dominus
3262 1071 3355 1123 es,
3391 1058 3534 1114 illius
3556 1075 3684 1115 vero
3725 1062 3893 1115 alius.

2295 1138 2487 1193 Annon
2546 1140 2695 1195 vides
2746 1143 3085 1200 adamantem
3157 1160 3280 1201 cum
3340 1152 3637 1217 percutitur
3690 1168 3899 1222 reper-

2293 1230 2637 1285 cutientem?
2680 1232 2783 1288 Sed
2849 1236 2965 1290 hmo
3019 1244 3137 1302 est,
3189 1237 3399 1308 inquies
3434 1281 3449 1304 ,
3503 1241 3620 1310 ejus
3673 1255 3894 1299 natura.

2291 1322 2362 1377 At
2416 1332 2566 1391 p0tcs
2625 1332 2677 1376 tu
2726 1340 2792 1378 ex
2850 1326 3125 1395 proposito
3188 1328 3478 1385 voluntatis
3533 1332 3653 1387 talis
3704 1334 3893 1399 efﬁci,

2290 1418 2464 1486 qualis
2493 1416 2582 1473 ille
2612 1435 2676 1474 ex
2710 1430 2897 1474 natura
2926 1430 3028 1476 est.
3062 1423 3199 1491 Quid
3226 1432 3404 1479 autem
3425 1426 3451 1478 ?
3486 1440 3665 1482 annon
3708 1429 3898 1483 vidisti

2293 1527 2487 1581 pueros
2527 1514 2578 1567 in
2623 1513 2842 1571 fornace
2888 1532 2993 1570 non
3044 1517 3303 1574 adustos.’.i
3347 1519 3621 1575 Danielem
3670 1522 3722 1576 in
3771 1523 3895 1577 lacu

2290 1604 2422 1657 nihil
2451 1604 2575 1659 mali
2605 1606 2939 1675 patientem?
2967 1610 3201 1679 ldipsmn
3237 1611 3345 1681 jam
3385 1611 3499 1667 ﬁeri
3545 1622 3717 1682 potest
3745 1632 3759 1667 :
3792 1615 3896 1668 ad-

2288 1707 2412 1750 sunt
2442 1696 2603 1751 etiam
2633 1696 2790 1752 nobis
2820 1698 3005 1754 leones
3028 1742 3043 1767 ,
3077 1701 3154 1755 ira
3175 1742 3190 1767 ,
3220 1704 3656 1771 concupiscentia
3680 1745 3695 1770 ,
3727 1720 3891 1760 acer-

2289 1789 2719 1851 rimisdentibus
2750 1791 2994 1845 instructi
3022 1832 3037 1858 ,
3071 1795 3162 1863 qui
3193 1794 3347 1848 obvia
3376 1795 3706 1867 discerpunt.
3754 1797 3895 1853 Esto

2287 1881 2445 1951 igitur
2470 1882 2659 1936 similis
2689 1882 2892 1937 Danieli
2920 1925 2937 1951 ,
2965 1894 3022 1939 et
3068 1901 3137 1940 ne
3185 1888 3331 1943 sinas
3371 1888 3652 1957 passiones
3695 1889 3895 1945 dentes

2287 1971 2514 2043 inﬁgere
2538 1973 2590 2025 in
2621 1974 2856 2028 animam
2889 1985 3055 2030 tuam.
3086 1980 3155 2031 At
3196 1977 3285 2033 ille
3309 2021 3326 2045 ,
3365 1980 3574 2050 inquies
3598 2023 3614 2046 ,
3656 1983 3889 2051 gratiam

2286 2073 2451 2118 totam
2501 2063 2689 2120 habuit
2732 2081 2921 2121 secum
2959 2077 3292 2138 operantem.
3345 2071 3533 2138 Bene,
3575 2074 3697 2142 quia
3745 2073 3893 2129 hanc

2284 2155 2514 2211 ducebat
2546 2158 2878 2227 pr0positum
2910 2160 3217 2215 voluntatis.
3251 2160 3436 2231 Itaque
3462 2164 3507 2217 si
3533 2164 3763 2219 velimus
3786 2181 3889 2222 nos

2287 2248 2421 2303 tales
2449 2263 2765 2319 comparare
2792 2291 2806 2313 ,
2834 2250 2985 2306 adest
3015 2261 3069 2307 et
3098 2268 3241 2307 nunc
3267 2255 3436 2324 gratia
3467 2274 3479 2306 :
3512 2256 3723 2311 etiamsi
3755 2256 3890 2312 rem

2283 2341 2559 2406 esuriant,
2590 2355 2695 2394 non
2738 2341 2877 2396 latus
2920 2350 3068 2397 tuum
3115 2353 3353 2414 tangent.
3406 2345 3539 2400 Nam
3590 2348 3635 2401 si
3690 2350 3890 2405 servile

2281 2447 2479 2503 corpus
2507 2433 2751 2489 videntes
2782 2436 3031 2491 reverita:
3060 2447 3183 2491 sont
3211 2455 3229 2501 ;
3256 2453 3379 2492 cum
3412 2440 3655 2496 membra
3684 2441 3891 2498 Christi

2286 2525 2542 2580 videbunt
2574 2525 2717 2598 (hoc
2746 2531 2893 2583 enim
2938 2543 3037 2583 nos
3087 2529 3273 2584 ﬁdeles
3315 2533 3563 2603 sumus).
3609 2535 3889 2604 quomodo

2283 2629 2389 2669 non
2418 2619 2741 2687 quiescenti
2767 2618 2827 2674 Si
2856 2634 2987 2674 vero
3020 2636 3123 2675 non
3152 2622 3432 2691 quiescant
3456 2664 3471 2689 ,
3515 2623 3567 2677 id
3614 2639 3680 2679 ex
3724 2627 3886 2697 culpa

2282 2719 2471 2760 eorum
2497 2708 2586 2777 qui
2619 2709 2800 2778 injcCti
2824 2709 3023 2765 fuerint
3047 2713 3285 2767 eveniet.
3312 2714 3521 2768 Etenim
3546 2717 3702 2771 multi
3720 2728 3886 2787 sunt,

2281 2800 2370 2866 qui
2407 2798 2648 2854 |e0aibus
2677 2800 2828 2857 hisce
2857 2814 3129 2874 sumptum
3151 2805 3495 2875 suppeditant
3519 2848 3534 2873 ,
3564 2810 3887 2866 meretrices

2280 2889 2578 2944 nutrientcs
2601 2932 2616 2955 ,
2654 2894 2866 2962 nuptias
2896 2896 3161 2950 violantes
3186 2940 3201 2963 ,
3226 2898 3519 2953 vindictam
3548 2900 3601 2954 in
3635 2902 3887 2958 inimicos

2279 2990 2596 3037 exercentes
2619 2997 2634 3037 :
2659 2983 2885 3054 ideoque
2906 2988 3054 3055 prius
3082 3003 3241 3055 quam
3261 2991 3327 3043 ad
3349 2992 3521 3045 solum
3545 2994 3884 3061 perveniant,

2284 3070 2671 3129 dilacerantur.
2700 3078 2766 3129 At
2793 3091 2899 3131 non
2930 3077 2979 3131 id
3010 3077 3211 3133 Danieli
3237 3082 3496 3151 contigit;
3520 3092 3575 3136 at
3601 3100 3704 3140 nec
3729 3088 3888 3141 nobis

2280 3162 2553 3233 continget
2583 3165 2629 3218 si
2656 3165 2884 3219 velimus
2910 3208 2925 3233 ,
2956 3166 3065 3223 imo
3091 3178 3145 3223 et
3183 3171 3309 3241 quid
3343 3173 3537 3227 melius
3562 3189 3724 3243 quam
3757 3186 3888 3233 tunc

2280 3252 2506 3307 accidet.

2353 3343 2575 3415 lnjuria:
2600 3349 2748 3403 utiles
2778 3351 3027 3419 patienter
3054 3354 3257 3423 ferenti.
3282 3385 3356 3397 -——
3383 3356 3497 3412 lllic
3522 3358 3665 3412 enim
3698 3359 3889 3416 leones

2280 3452 2386 3491 non
2418 3450 2762 3506 nocuerunt;
2800 3442 2956 3497 nobis
2984 3456 3163 3498 autem
3192 3486 3206 3511 ,
3255 3447 3298 3500 si
3342 3448 3628 3517 vigilemus
3656 3490 3672 3516 ,
3725 3452 3887 3509 utiles

2280 3540 2439 3585 erunt
2467 3533 2497 3585 ii
2524 3533 2613 3603 qui
2642 3533 2891 3603 injuriam
2924 3536 3178 3591 inferunt.
3226 3539 3299 3593 lia
3330 3550 3383 3594 et
3414 3542 3608 3595 Paulus
3637 3544 3888 3614 splendi-

2280 3622 2379 3677 dus
2408 3626 2576 3677 evasit
2603 3626 2670 3678 ab
2698 3626 2761 3680 iis
2783 3668 2797 3693 ,
2824 3628 2913 3697 qui
2941 3628 3039 3697 ipsi
3073 3631 3346 3685 molestias
3364 3641 3419 3687 et
3442 3634 3660 3689 insidias
3684 3637 3887 3692 inferc-

2282 3717 2445 3782 bant;
2475 3718 2553 3773 sic
2577 3717 2678 3772 Joh
2703 3734 2733 3773 ε.
2775 3720 2959 3773 multis
3007 3721 3174 3792 plagis
3198 3764 3213 3788 ,
3258 3724 3337 3793 sic
3379 3724 3641 3781 Jeremias
3693 3743 3723 3781 a
3762 3730 3886 3786 lacu

2282 3809 2378 3862 luti
2408 3850 2423 3875 ,
2456 3810 2533 3864 sic
2568 3809 2683 3864 Nae
2737 3825 2766 3862 a
2811 3804 3052 3879 diluvio,
3105 3812 3186 3867 sic
3225 3813 3357 3869 Abel
3398 3816 3465 3870 ab
3506 3817 3753 3884 insidiis,
3805 3825 3887 3877 sic

2284 3900 2495 3971 Moyses
2523 3918 2551 3954 a
2584 3902 2937 3972 sanguinariis
2967 3902 3166 3959 Judmis
3193 3945 3207 3970 ,
3238 3906 3317 3960 sic
3357 3907 3586 3964 Elismus
3610 3910 3738 3974 ,.sic
3768 3928 3887 3968 tua-

2282 4007 2507 4064 gnorum
2539 3995 2747 4048 illorum
2778 3995 2973 4063 singuli
3006 4037 3020 4061 ,
3055 4012 3161 4051 non
3193 4014 3220 4049 a
3252 3998 3433 4067 quiete
3471 4010 3527 4054 et
3572 4002 3883 4073 voluptate,

2283 4085 2376 4138 sed
2407 4087 2476 4139 ab
2503 4086 2759 4140 :erumnis
2795 4096 2849 4140 et
2890 4089 3277 4143 tentationibus
3315 4090 3597 4159 Splendide
3637 4097 3881 4149 coronaz'

2281 4188 2424 4231 sunt.
2459 4177 2585 4231 Ideo
2615 4178 2862 4233 Christus
2892 4178 3029 4233 hanc
3056 4194 3177 4233 cum
3210 4192 3393 4237 nosset
3435 4183 3512 4237 rei
3546 4185 3744 4240 eximie
3780 4201 3885 4256 ge-

2284 4270 2465 4325 renda:
2495 4272 2793 4335 rationem,
2823 4271 3099 4340 discipulis
3126 4272 3340 4327 dicebat
3372 4292 3383 4327 :
3418 4272 3485 4327 In
3507 4281 3694 4329 mundo
3716 4279 3886 4330 tribu-

2284 4362 2521 4415 lationem
2587 4363 2816 4427 habetis;
2876 4363 2964 4415 sed
3016 4364 3298 4431 conﬁdite,
3348 4382 3439 4436 ego
3492 4367 3586 4419 vici
3636 4370 3888 4422 mundum

2286 4451 2305 4523 (
2330 4451 2467 4505 Joan
2516 4453 2603 4507 16.
2631 4453 2701 4507 55
2725 4453 2765 4524 ).
2796 4454 2931 4521 Quid
2960 4455 3133 4525 ergo?
3160 4456 3372 4523 inquies
3396 4474 3410 4520 ;
3437 4472 3616 4511 annon
3645 4459 3794 4512 multi
3819 4461 3891 4515 ab

2286 4545 2540 4599 {erumnis
2568 4546 2809 4600 siihversi
2844 4548 3012 4600 sunt?
3058 4546 3173 4601 Non
3217 4548 3286 4602 ob
3332 4551 3686 4605 tcntationum
3732 4561 3892 4607 natu-

2286 4652 2400 4690 ram
2426 4679 2439 4703 ,
2476 4638 2568 4691 scd
2597 4638 2668 4691 ob
2696 4652 2845 4692 suam
2882 4638 3170 4707 ignaviam.
3217 4640 3319 4707 Qui
3367 4652 3546 4694 autem
3591 4642 3715 4695 iacit
3760 4657 3889 4698 cum

2288 4730 2581 4784 tentatione
2627 4738 2989 4799 proventum,
3038 4731 3107 4783 ita
3158 4740 3213 4784 ut
3259 4732 3529 4799 possimus
3574 4734 3892 4801 sustinere,

2289 4822 2401 4891 ipse
2444 4824 2582 4877 adsit
2624 4825 2875 4878 omnibus
2917 4822 3072 4876 nobis
3121 4832 3175 4875 et
3226 4839 3445 4876 manum
3503 4827 3774 4895 porrigat,
3837 4841 3899 4883 ut

2289 4916 2453 4983 splem
2486 4915 2568 4969 ide
2598 4916 2856 4970 celebrati
2881 4958 2893 4977 ,
2928 4925 3160 4969 internas
3190 4930 3586 4986 consequamur
3617 4933 3855 4972 coronas
3880 4965 3897 4988 ,

2290 5009 2458 5075 gratia
2514 5014 2567 5061 et
2620 5006 2948 5075 benignitate
2993 5007 3202 5059 Domini
3250 5011 3416 5061 uestri
3464 5008 3588 5063 Jcsu
3642 5008 3898 5079 Christi,

2292 5098 2507 5166 quicum
2537 5096 2676 5153 Patri
2707 5107 2759 5148 et
2786 5096 3004 5164 Spiritui
3029 5107 3216 5150 sancto
3240 5096 3407 5167 gloria
3438 5140 3452 5165 ,
3483 5100 3655 5153 honor
3681 5140 3696 5163 ,
3721 5102 3902 5170 imper

2294 5188 2596 5255 rium,nune
2609 5197 2662 5242 et
2680 5202 2895 5257 semper
2923 5231 2936 5255 ,
2964 5200 3014 5244 et
3038 5190 3089 5243 in
3114 5192 3308 5245 Saecula
3328 5194 3670 5247 sa‘culorum.
3690 5195 3894 5252 Amen.

2013 5457 2353 5519 HOMILIA
2402 5459 2483 5519 IV

602 5633 730 5691 ευ».
760 5635 802 5692 1.
848 5648 900 5685 v.
938 5630 1025 5685 26.
1071 5629 1195 5683 Ideo
1240 5627 1450 5682 tradidit
1492 5628 1606 5681 illos
1653 5626 1785 5682 Deus
1830 5628 1882 5680 in
1927 5628 2185 5697 passiones

674 5726 984 5795 ignominias.
1018 5721 1151 5775 Nam
1183 5722 1383 5792 femina
1422 5736 1595 5773 eorunt
1628 5731 1942 5773 mutaverunt
1973 5730 2186 5772 natura-

676 5820 771 5871 lem
800 5816 1016 5872 usumin
1044 5830 1155 5867 eum
1184 5856 1195 5881 ,
1229 5814 1311 5884 qui
1334 5824 1404 5867 est
1426 5822 1603 5866 contra
1630 5820 1882 5864 naturam.
1904 5813 1993 5865 ΞΠ.
2022 5812 2179 5866 Sinti—

2368 5630 2480 5682 liter
2510 5638 2555 5682 et
2583 5630 2797 5682 masculi
2824 5671 2836 5693 ,
2860 5632 3035 5685 relicto
3058 5635 3281 5688 naturali
3306 5652 3398 5691 usu
3424 5637 3629 5705 {eininw
3652 5680 3668 5703 ,
3694 5657 3915 5700 exarse-

2372 5731 2485 5772 runt
2515 5722 2565 5773 in
2596 5721 2859 5775 desideriis
2886 5725 2991 5777 suis
3016 5724 3067 5775 in
3093 5725 3325 5780 invicem.

2375 5814 2424 5866 l.
2470 5812 2751 5869 Passiones
2801 5830 2991 5869 oumes
3038 5816 3403 5887 ignominiosa:
3454 5833 3574 5877 ..ant
3606 5862 3621 5893 ,
3672 5837 3921 5882 maxime
