4118 6340
261 428 359 483 H7

259 559 388 600 vero
418 542 629 597 insania
656 556 781 613 erga
809 540 1074 594 masculos
1101 555 1115 593 :
1144 537 1341 593 etenim
1370 536 1544 589 anima
1574 535 1690 605 plus
1722 533 1848 604 pati-

256 643 347 687 tur
374 642 430 690 et
459 634 660 688 rubore
684 631 1008 687 summditnr
1043 632 1093 683 in
1143 628 1379 698 peccatis
1404 668 1418 691 ,
1469 641 1628 696 quam
1666 640 1863 693 corpus

256 731 312 782 in
344 727 768 781 infirmitatibus.
801 722 1078 793 Perpende
1111 736 1289 777 autem
1331 729 1601 790 quomodo
1644 719 1728 773 hic
1757 717 1863 771 illis

256 822 471 877 veniam
502 820 770 891 deneget,
823 817 1044 887 perinde
1085 825 1246 886 atque
1295 816 1346 868 in
1387 813 1765 883 dogmatibus;
1796 810 1864 865 de

256 915 578 969 mulieribus
629 913 844 982 quidem
897 912 1087 966 dicens
1132 928 1145 964 :
1207 909 1536 962 Mutaverunt
1578 907 1864 959 naturalem

257 988 431 1058 usum.
464 1005 581 1061 Non
614 1006 756 1060 enim
788 1003 972 1059 dicere
1000 1012 1260 1073 possunt,
1294 1001 1502 1073 inquit,
1530 1016 1589 1055 se
1622 997 1860 1069 prohibi—

260 1108 342 1150 tas
374 1097 441 1151 ab
471 1112 538 1152 eo
562 1139 575 1160 .
606 1096 696 1167 qui
728 1096 1023 1151 secundum
1058 1094 1228 1164 legem
1257 1102 1343 1148 est
1367 1135 1380 1157 ,
1415 1091 1561 1146 coitu
1586 1133 1600 1156 ,
1648 1090 1713 1143 ad
1764 1088 1865 1144 hoc

257 1190 631 1258 processisse;
665 1202 841 1258 neque
886 1203 979 1254 se,
1014 1202 1134 1242 cum
1187 1202 1291 1240 non
1338 1192 1558 1254 p0ssent
1605 1182 1862 1252 concnpi—

257 1285 522 1339 sccatiam
575 1300 727 1338 suam
776 1282 1043 1351 implere,
1090 1279 1157 1335 ad
1207 1279 1345 1333 hanc
1386 1278 1613 1332 alienam
1661 1276 1863 1331 rabiem

255 1376 549 1446 impegisse
577 1394 599 1437 ι,
622 1391 741 1429 nam
772 1376 997 1429 mutatio
1024 1388 1209 1427 eorum
1238 1382 1320 1428 est
1341 1415 1354 1433 ,
1384 1372 1475 1442 qui
1500 1371 1611 1441 jam
1640 1378 1821 1425 tenent
1848 1386 1860 1423 :

251 1470 401 1540 quod
429 1471 589 1523 etiam
616 1470 684 1524 de
714 1466 1054 1539 dogmatibus
1090 1469 1316 1536 loquens
1343 1465 1554 1519 dicebat
1583 1479 1601 1519 :
1634 1462 1861 1516 Mutare-

251 1571 378 1613 runt
406 1561 664 1615 veritatem
696 1559 791 1613 Dei
827 1561 878 1612 in
926 1558 1267 1612 mendacium.
1314 1557 1389 1611 De
1440 1556 1691 1610 masculis
1734 1571 1863 1610 vero

253 1667 449 1706 rursus
477 1652 583 1705 alio
614 1651 774 1705 modo
805 1650 1034 1720 idipsum
1062 1648 1385 1719 signiﬁcavit
1409 1690 1423 1714 ,
1458 1648 1643 1703 dicens
1674 1665 1686 1700 :
1723 1647 1864 1702 Reli-

249 1754 335 1797 cto
369 1744 592 1797 naturali
621 1759 715 1796 usu
735 1743 958 1814 feminas.
996 1741 1112 1796 Pari
1140 1742 1300 1796 modo
1326 1740 1412 1795 his
1438 1750 1491 1795 et
1521 1741 1624 1794 illis
1655 1740 1861 1795 nullum

251 1834 516 1903 relinquit
545 1848 666 1889 sese
700 1834 959 1903 purgandi
994 1832 1214 1889 modum
1245 1851 1257 1887 :
1283 1847 1545 1888 accusans
1570 1833 1690 1887 illos
1715 1873 1730 1897 ,
1754 1846 1861 1886 non

253 1926 426 1980 modo
451 1927 592 1996 quod
619 1941 773 1980 suum
806 1926 1068 1981 habentes
1100 1924 1309 1979 fruendi
1341 1924 1558 1978 modum
1585 1966 1601 1990 ,
1632 1923 1721 1979 illo
1767 1940 1861 1979 re-

250 2020 385 2074 licto
415 2019 481 2073 ad
508 2018 672 2073 alium
701 2020 979 2074 venissent
1004 2036 1017 2084 ;
1049 2019 1143 2073 sed
1173 2019 1334 2074 etiam
1359 2017 1501 2088 quod
1523 2026 1709 2088 Spreto
1732 2017 1822 2071 illo
1843 2059 1859 2085 ,

250 2112 345 2181 qui
379 2112 675 2166 secundum
708 2124 953 2167 naturam
982 2120 1131 2178 crat,
1186 2112 1254 2167 ad
1299 2111 1463 2166 alium
1494 2122 1681 2166 contra
1711 2122 1864 2166 natu-

249 2217 370 2256 rain
403 2202 775 2273 confugerent.
804 2204 1113 2258 Difficiliora
1142 2212 1322 2257 autem
1346 2212 1401 2257 et
1424 2203 1714 2272 ingratiora
1739 2211 1864 2257 sunt

248 2295 344 2348 illa
380 2304 565 2348 contra
594 2304 879 2360 naturam;
914 2296 981 2349 ita
1027 2304 1084 2349 ut
1128 2312 1231 2349 non
1279 2295 1483 2365 possint
1533 2295 1859 2365 voluptatem

249 2386 595 2455 prmtendere
650 2404 663 2439 :
716 2388 943 2455 genuina
995 2388 1194 2458 quippe
1236 2386 1522 2456 voluptas,
1567 2386 1861 2441 sccundmn

251 2490 505 2534 naturam
531 2486 653 2543 est;
685 2479 779 2533 sed
812 2496 933 2533 cum
964 2479 1104 2533 Deus
1142 2479 1467 2549 derelinquit
1492 2520 1506 2543 ,
1551 2480 1729 2532 omnia
1772 2494 1864 2533 sus

249 2574 431 2642 deque
462 2582 767 2627 vertuntur.
803 2572 927 2626 Ideo
976 2588 1083 2626 non
1130 2573 1323 2641 dogma
1368 2582 1570 2625 tantum
1627 2573 1863 2642 ipsorum

250 2666 554 2720 satanicmu
585 2676 738 2733 erat,
771 2665 864 2720 sed
892 2668 1054 2719 etiam
1086 2665 1190 2719 vita
1224 2664 1509 2719 diabolica.
1541 2663 1672 2717 Cum
1708 2665 1867 2734 igitur

249 2758 319 2813 de
376 2758 720 2827 dogmatibus
772 2759 1106 2823 dissereret,
1162 2759 1422 2812 nmndum
1474 2768 1528 2813 et
1576 2758 1863 2811 humanam

249 2860 491 2907 mentem
525 2853 576 2906 iu
608 2852 842 2906 medium
889 2853 1111 2919 attulit,
1158 2851 1346 2907 dicens
1390 2869 1455 2906 ex
1506 2852 1787 2922 prudentia
1837 2867 1866 2905 a

256 2944 365 2998 Deo
387 2944 489 2998 sibi
515 2944 637 2997 data
669 2985 684 3009 ,
712 2944 949 3013 potuisse
976 2944 1224 2998 homines
1249 2960 1343 3012 per
1365 2944 1593 2997 visibilia
1617 2944 1683 2996 ad
1705 2943 1871 2997 Crea-

252 3046 426 3090 torem
489 3035 660 3090 duci:
706 3036 1009 3105 deindeque
1065 3036 1352 3102 nolentes,
1410 3036 1564 3089 venia
1618 3034 1869 3105 indignos

251 3129 539 3183 mansisse.
579 3130 674 3184 llic
721 3138 900 3183 autem
946 3128 1130 3183 mundi
1174 3129 1293 3184 loco
1350 3128 1714 3196 voluptatem,
1747 3143 1868 3195 qua:

251 3224 554 3277 secundum
589 3234 835 3277 naturam
870 3232 992 3287 est,
1037 3223 1253 3292 posuit,
1297 3237 1401 3292 qua
1446 3230 1698 3292 poterant
1744 3236 1868 3276 cum

256 3312 517 3368 libertate
558 3329 621 3368 ac
647 3315 835 3384 majori
870 3314 1050 3369 laetitia
1086 3314 1226 3379 frui,
1267 3325 1430 3385 atque
1469 3331 1496 3369 a
1540 3314 1871 3384 turpitudine

254 3403 480 3459 liberari
506 3421 521 3469 ;
553 3405 648 3460 sed
676 3406 961 3461 noluerunt
991 3423 1005 3472 ;
1034 3406 1179 3460 unde
1206 3406 1277 3461 ab
1303 3408 1449 3460 omni
1478 3408 1635 3461 venia
1665 3406 1869 3461 exclusi

252 3505 421 3561 sunt,
454 3496 625 3566 ipsam
655 3506 903 3553 naturam
938 3497 1401 3553 debonestantes:
1453 3497 1706 3569 quodque
1752 3507 1867 3551 tur-

253 3587 379 3657 pius
417 3596 539 3652 est,
574 3604 693 3642 cum
741 3598 795 3644 et
840 3590 1093 3644 mulieres
1142 3605 1239 3645 eos
1285 3598 1608 3661 appeterent
1650 3589 1825 3644 coitus
1851 3632 1865 3654 .

255 3692 399 3749 quos
425 3694 547 3733 cum
590 3680 783 3749 majori
834 3681 1038 3751 pudore
1076 3680 1227 3737 adire
1272 3696 1367 3751 par
1417 3694 1569 3749 erat,
1618 3697 1777 3752 quam
1824 3683 1870 3737 si

256 3785 385 3824 cum
418 3770 549 3825 viris
577 3773 855 3827 coiisscnt.
890 3772 987 3828 Hic
1014 3789 1142 3828 vero
1181 3774 1541 3841 admiratione
1590 3775 1745 3846 digna
1788 3784 1872 3830 est

255 3860 410 3916 Pauli
444 3862 729 3932 prudentia
759 3904 773 3927 ,
807 3878 915 3935 quo
942 3875 1101 3935 pacto
1131 3880 1254 3919 cum
1287 3866 1340 3919 in
1372 3881 1459 3920 res
1488 3867 1622 3921 duas
1648 3876 1867 3922 contra-

256 3952 369 4006 rias
399 3952 704 4019 incideret,
737 3963 1019 4025 tttramque
1049 3971 1169 4009 cum
1198 3957 1344 4010 omni
1376 3957 1723 4012 accuratione
1752 3973 1874 4027 per-

257 4046 470 4101 fecerit.
514 4047 741 4102 Volebat
786 4049 929 4103 cnim
977 4058 1032 4104 et
1090 4059 1237 4104 caste
1281 4050 1471 4119 loqui,
1522 4058 1577 4104 et
1621 4052 1871 4107 mordere

256 4140 563 4194 auditorem
596 4157 609 4193 :
641 4140 755 4194 lucc
780 4150 960 4196 autem
990 4140 1151 4195 ambo
1175 4140 1351 4197 facere
1377 4158 1482 4195 non
1517 4142 1743 4209 licebat,
1775 4144 1869 4197 sed

254 4232 489 4286 alterum
520 4231 673 4285 alteri
702 4230 993 4286 officiebat.
1022 4232 1077 4287 Si
1106 4234 1249 4286 enim
1278 4242 1427 4287 caste
1453 4233 1690 4301 loiluaris
1716 4274 1731 4298 ,
1763 4250 1869 4289 non

259 4324 465 4393 poteris
494 4324 859 4394 perstringere
886 4324 1185 4379 auditorem
1210 4342 1225 4391 ;
1258 4326 1339 4379 sin
1369 4325 1501 4380 velis
1524 4327 1873 4383 vehementer

259 4415 538 4469 incessere
564 4456 577 4479 ,
611 4430 725 4470 rem
755 4458 769 4481 ,
799 4431 959 4487 quant
1004 4416 1141 4471 dicis
1165 4458 1179 4483 ,
1206 4416 1346 4471 unde
1375 4425 1430 4471 ct
1458 4420 1603 4473 clare
1631 4419 1873 4488 proferre

254 4508 490 4576 cogeris.
524 4505 722 4561 Verum
753 4508 990 4577 prudens
1018 4508 1105 4561 illa
1134 4516 1189 4561 et
1215 4518 1399 4562 saneta
1434 4510 1613 4563 anima
1656 4522 1870 4565 utrum-

255 4612 361 4666 quc
387 4597 559 4665 potuit
580 4613 703 4652 cum
729 4600 1076 4653 accuratione
1098 4597 1276 4653 facere
1301 4640 1315 4665 ,
1349 4601 1399 4653 in
1421 4610 1625 4655 natura:
1651 4604 1873 4658 nomine

257 4699 314 4743 et
343 4691 744 4746 accusationem
776 4707 979 4763 augens
1002 4733 1017 4758 ,
1069 4702 1122 4746 ct
1159 4696 1310 4763 quasi
1337 4695 1616 4750 involucro
1638 4697 1871 4767 quodam

254 4781 349 4835 illo
378 4792 535 4837 utens
562 4823 576 4847 ,
609 4794 665 4836 ut
695 4794 876 4838 castus
902 4794 1047 4839 esset
1075 4785 1328 4855 loquendi
1363 4790 1577 4841 modus.

331 4872 516 4927 Libido
564 4885 744 4927 contra
780 4886 1018 4929 naturam
1060 4878 1335 4931 horrenda.
1361 4908 1430 4919 —
1462 4880 1666 4936 Deinde
1720 4894 1870 4951 post-

252 4980 416 5034 quam
451 4965 709 5020 mulieres
740 4968 971 5035 primum
1002 4970 1398 5038 perstrinxerat
1425 5012 1439 5037 ,
1473 4972 1539 5025 ad
1572 4974 1718 5027 viros
1741 4990 1871 5045 pro-

252 5057 400 5110 cedit
430 5097 445 5122 ,
480 5057 669 5112 dicens
699 5074 713 5110 :
749 5058 998 5113 Similiter
1042 5072 1089 5114 et
1140 5062 1393 5129 masculi,
1437 5066 1613 5119 relicto
1647 5070 1872 5122 naturali

250 5164 353 5201 usu
382 5149 589 5217 (annua:
611 5165 630 5202 :
663 5149 803 5218 quod
835 5159 1094 5205 extremae
1123 5154 1380 5222 perniciei
1414 5159 1726 5225 exemplum
1758 5170 1865 5225 est,

250 5256 378 5296 cum
413 5251 640 5313 uterque
670 5257 834 5297 sexus
859 5254 1146 5314 corruptus
1172 5255 1255 5301 est
1280 5288 1293 5311 ,
1325 5258 1379 5302 et
1408 5247 1488 5302 vir
1510 5291 1524 5314 ,
1557 5266 1647 5319 qut
1674 5252 1870 5307 umbo"-

253 5332 333 5386 ris
360 5333 618 5403 magiSIer
644 5342 727 5388 cst
752 5337 1075 5391 constitutus
1102 5378 1120 5406 ,
1170 5346 1226 5393 et
1272 5338 1471 5394 femina
1498 5384 1510 5405 ,
1546 5355 1665 5410 quae
1706 5343 1864 5412 adju-

256 5426 362 5479 trix
393 5427 491 5481 viri
523 5442 644 5482 esse
666 5427 818 5498 jussa
842 5437 928 5484 est
950 5471 964 5495 ,
996 5445 1115 5502 quas
1144 5433 1484 5489 inimicorum
1509 5446 1633 5490 sunt
1657 5477 1672 5502 ,
1702 5440 1871 5492 utrin-

252 5535 360 5590 que
419 5531 607 5576 mutuo
657 5533 843 5593 agunt.
906 5523 1187 5595 Perpende
1246 5538 1425 5581 autem
1482 5545 1601 5583 cum
1664 5542 1864 5600 quanta

259 5611 504 5680 emphasi
550 5612 717 5669 verba
757 5615 1034 5672 adhibeat.
1079 5616 1195 5672 Non
1244 5620 1387 5673 enim
1432 5620 1574 5674 dixit
1621 5621 1767 5691 ipsos
1812 5641 1873 5681 se

253 5715 441 5760 mutuo
473 5720 689 5761 amasse
719 5715 775 5761 et
800 5710 1216 5779 concupivisse;
1268 5712 1364 5767 sed
1389 5754 1403 5778 ,
1454 5712 1769 5768 Exarscrunt
1818 5717 1870 5770 in

251 5796 519 5853 desideriis
544 5799 654 5853 suis
677 5798 731 5853 in
758 5797 990 5857 invicem.
1024 5800 1210 5858 Vidcn'
1232 5812 1402 5859 totum
1431 5806 1593 5860 fuisse
1616 5822 1682 5861 ex
1707 5809 1869 5862 nimia

251 5892 695 5965 Concupiscentia
727 5932 742 5960 ,
768 5907 888 5962 qua:
916 5909 1020 5949 non
1052 5904 1257 5965 poterat
1288 5896 1426 5953 intra
1454 5897 1714 5953 terminos
1744 5914 1869 5955 suos

1370 416 1435 473 IN
1475 415 1690 473 EPIST.
1735 416 1824 470 AD
1865 413 2027 470 ROM.
2075 411 2305 468 IIOMIL.
2350 411 2433 473 IV.

3472 437 3578 491 418

1983 531 2285 585 contineri?
2308 531 2578 602 Quidquid
2596 532 2737 587 enim
2757 532 2972 589 excedit
2994 534 3142 603 leges
3163 550 3193 590 a
3227 537 3330 591 Deo
3352 541 3575 608 positas,

1972 624 2149 679 aliena
2201 625 2574 694 concupiscit,
2607 640 2708 682 nec
2738 636 2845 680 stat
2878 627 2930 681 in
2963 630 3273 683 constitutis
3307 633 3576 689 terminis.

1970 713 2119 770 Sicut
2140 715 2282 769 enim
2308 716 2457 769 multi
2482 730 2627 786 smpe
2654 759 2668 783 ,
2686 718 2880 772 relicto
2908 717 3287 776 alimentorum
3312 725 3578 793 appetitu,

1973 815 2170 861 terram
2200 820 2253 863 et
2280 809 2488 876 lapides
2521 824 2715 879 parvos
2756 811 3085 877 comedunt;
3129 823 3184 868 ct
3229 815 3320 869 alii
3364 816 3578 872 ardenti

1972 902 2204 969 correpti
2234 901 2359 965 siti,
2393 902 2561 955 lutum
2596 902 2917 975 plerumque
2943 916 3203 975 appetunt
3235 926 3247 961 :
3291 909 3369 963 sic
3404 919 3457 964 ct
3505 910 3582 965 illi

1973 990 2025 1045 in
2055 1007 2293 1047 amorem
2326 994 2474 1047 illum
2510 995 2753 1065 iniquum
2782 1011 3121 1053 exarserunt.
3158 1000 3312 1067 Quod
3341 1003 3387 1054 si
3424 1002 3581 1057 dixe-

1971 1084 2089 1138 ris:
2123 1086 2187 1138 Et
2214 1086 2354 1143 unde
2396 1086 2526 1141 illud
2569 1097 2776 1142 tantum
2824 1092 3279 1160 concupiscentia:
3318 1109 3584 1169 augmen-

1972 1177 2127 1230 tum?
2185 1177 2263 1233 Ex
2306 1194 2410 1246 eo,
2461 1180 2605 1249 quod
2650 1181 2793 1236 Deus
2836 1182 3207 1254 dercliquerit.
3259 1187 3352 1241 Det
3401 1197 3582 1243 autem

1970 1269 2248 1326 derelictio
2278 1274 2460 1327 unde?
2493 1274 2566 1329 Ex
2600 1276 2883 1345 iniquitate
2914 1293 3101 1332 eorum
3125 1322 3139 1344 ,
3166 1280 3255 1351 qui
3280 1282 3587 1353 dereliqneo

1971 1372 2093 1415 runt
2114 1378 2236 1417 eum
2260 1383 2271 1417 :
2296 1364 2519 1421 Μασσαιί
2544 1367 2596 1420 in
2619 1369 2876 1423 masculos
2898 1370 3269 1440 turpitudinem
3288 1387 3581 1442 aperantes.

2041 1454 2093 1509 2.
2137 1455 2215 1511 Ne
2248 1459 2368 1526 quia
2403 1460 2642 1526 audisti,
2684 1462 3043 1528 Exarscrunt,
3091 1476 3246 1535 putes
3286 1468 3337 1522 in
3378 1485 3582 1524 conon.

1971 1548 2230 1617 piscentia
2262 1560 2465 1605 tantum
2498 1552 2616 1608 sisti
2646 1556 2893 1610 morbum
2922 1575 2935 1611 :
2963 1573 3087 1611 nam
3123 1567 3178 1613 ut
3204 1560 3491 1629 plurimum
3516 1565 3586 1617 ab

1970 1655 2157 1694 corum
2216 1642 2423 1712 ignavia
2479 1646 2794 1700 accenditur
2831 1651 3292 1719 concupiscentia.
3349 1654 3585 1724 Ideoque

1971 1745 2077 1784 non
2106 1731 2240 1786 dixit
2264 1774 2278 1796 .
2314 1733 2611 1798 Pcrtracti,
2644 1737 2727 1791 vel
2757 1737 3126 1810 Prwoccnpati
3159 1784 3173 1806 ,
3215 1751 3272 1796 ut
3311 1744 3436 1799 alibi
3467 1748 3541 1801 ait
3566 1789 3581 1810 ,

1969 1821 2064 1876 sed
2096 1823 2267 1893 quid?
2298 1824 2601 1895 Oper-antes.
2636 1828 2693 1883 ln
2719 1844 2855 1897 opus
2883 1830 3160 1889 deduxere
3186 1847 3462 1904 peccatum
3489 1856 3502 1905 ;
3531 1850 3585 1895 et

1971 1928 2075 1967 non
2106 1914 2279 1970 Solum
2307 1916 2360 1971 in
2391 1932 2526 1987 opus
2552 1959 2567 1985 ,
2604 1919 2699 1975 sed
2728 1922 2890 1975 etiam
2913 1938 3036 1978 cum
3067 1927 3245 1980 studio
3267 1938 3321 1982 et
3345 1928 3580 1984 fervore.

1968 2006 2079 2061 Nec
2122 2007 2294 2075 dixit,
2332 2010 2840 2081 Concupiscentiam
2869 2030 2884 2079 ;
2917 2016 3014 2071 sed
3049 2020 3298 2088 prOprio,
3336 2020 3585 2093 Turpitu-

1970 2098 2140 2153 dinem
2169 2116 2187 2154 :
2216 2116 2336 2155 nam
2371 2114 2422 2156 et
2460 2113 2707 2159 naturam
2744 2104 3138 2176 deturparunt,
3171 2120 3225 2165 et
3264 2112 3409 2183 leges
3449 2130 3585 2169 con-

1969 2193 2271 2249 culcavere.
2305 2195 2369 2249 Et
2406 2197 2529 2251 vide
2569 2198 2946 2254 confusionem
2990 2203 3214 2257 multam
3248 2220 3317 2260 ex
3357 2217 3587 2277 utraque

1974 2294 2123 2353 parte
2148 2294 2344 2340 ortam.
2368 2286 2555 2357 Neque
2576 2290 2737 2344 nimio
2760 2293 2902 2346 enim
2926 2306 3087 2363 caput
3115 2296 3326 2353 inferne
3350 2301 3583 2368 positum

1971 2386 2052 2431 ρει
2078 2420 2093 2441 ,
2129 2378 2223 2432 sed
2257 2373 2417 2433 etiam
2466 2381 2632 2450 pedes
2668 2398 2906 2452 superne
2930 2429 2946 2451 ,
2981 2397 3146 2458 atque
3187 2390 3388 2446 inimici
3420 2404 3475 2448 et
3503 2396 3587 2451 sui

1972 2478 2026 2523 ct
2050 2481 2235 2525 mutuo
2262 2470 2386 2527 facti
2409 2481 2567 2539 sunt,
2589 2491 2806 2544 gravem
2833 2481 3121 2546 quamdam
3148 2524 3160 2547 ,
3190 2484 3584 2555 multiplicem,

1972 2564 2215 2631 variam,
2260 2580 2323 2621 ac
2362 2569 2555 2636 quovis
2607 2568 2751 2624 bello
2790 2572 2935 2626 civili
2985 2574 3308 2645 iniquiorem
3350 2596 3587 2652 pugnam

1974 2655 2311 2713 inducentes.
2345 2659 2557 2713 Etenim
2592 2662 2642 2714 in
2672 2673 2902 2732 quatuor
2926 2665 3070 2720 illam
3097 2669 3309 2737 species
3342 2688 3508 2729 vanas
3536 2684 3592 2729 cf.

1976 2746 2183 2815 iniquas
2210 2747 2511 2804 diviserunt
2536 2768 2549 2804 :
2580 2766 2685 2805 nozi
2716 2754 2858 2807 enim
2886 2754 3084 2826 duplex
3109 2769 3200 2812 aut
3227 2761 3420 2830 triplex
3447 2805 3461 2828 ,
3491 2766 3585 2818 sed

1974 2844 2137 2895 etiam
2167 2844 2497 2912 quadruplex
2524 2846 2626 2900 boc
2650 2847 2848 2902 bellum
2880 2862 3017 2905 erat.
3053 2853 3333 2924 Perpende
3355 2869 3536 2914 autem
3574 2881 3585 2915 :

1974 2934 2258 3001 oportebat
2293 2936 2468 3002 duos,
2521 2938 2695 2993 virum
2748 2951 2802 2994 ct
2851 2944 3170 3013 mulierem,
3213 2965 3377 3004 unum
3421 2968 3585 3008 esse:

1975 3039 2099 3077 nam
2130 3026 2246 3091 ait,
2280 3026 2453 3082 Erunt
2482 3029 2583 3082 duo
2615 3049 2667 3083 tu
2694 3048 2849 3086 carne
2876 3050 2978 3087 una
3011 3034 3031 3104 (
3058 3036 3185 3092 Gen.
3213 3039 3269 3097 2.
3292 3040 3363 3096 Si
3383 3043 3424 3110 ).
3456 3044 3590 3099 Illud

1976 3131 2138 3185 porro
2186 3117 2452 3174 obiciebat
2494 3123 2754 3177 consortii
2797 3128 3282 3200 Concupiscentia,
3329 3145 3384 3189 et
3429 3151 3593 3191 sexus

1977 3218 2164 3264 nmtuo
2187 3210 2466 3282 iungebat.
2514 3214 2625 3269 llac
2660 3225 2840 3271 autem
2873 3219 3084 3277 sublata
3114 3222 3361 3281 diabolus
3394 3244 3592 3286 concu-

1977 3302 2238 3372 piscentia
2264 3345 2278 3369 ,
2314 3307 2445 3361 etin
2476 3308 2641 3362 alium
2672 3309 2890 3363 modum
2920 3312 3163 3369 derivata
3190 3359 3205 3383 ,
3248 3320 3326 3374 sie
3358 3334 3523 3377 Sexus
3561 3341 3591 3378 a

1977 3405 2163 3447 mutuo
2178 3400 2454 3449 coasortio
2466 3397 2647 3452 divisit
2661 3442 2676 3464 ,
2694 3410 2747 3454 et
2767 3400 2816 3454 id
2831 3400 3009 3457 effecit
3025 3444 3039 3468 ,
3058 3414 3115 3459 ut
3133 3408 3273 3477 quod
3295 3426 3461 3466 unum
3478 3424 3596 3468 erat

1976 3486 2095 3539 dua:
2112 3496 2293 3541 essent
2318 3498 2495 3557 partes
2519 3531 2533 3555 ,
2555 3490 2715 3559 idque
2736 3502 2923 3547 contra
2950 3494 3044 3550 Dei
3070 3496 3277 3567 legem;
3305 3503 3419 3571 ipse
3442 3521 3597 3561 nam-

1976 3591 2082 3646 que
2108 3577 2245 3633 dixit
2272 3594 2287 3632 :
2326 3578 2489 3633 Erunt
2516 3581 2617 3634 duo
2639 3583 2690 3636 in
2713 3600 2868 3637 came
2891 3603 2993 3639 una
3024 3602 3043 3641 :
3069 3589 3159 3645 ille
3191 3608 3319 3649 vero
3348 3612 3508 3650 uuam
3541 3600 3593 3652 in

1979 3668 2116 3723 duas
2143 3669 2344 3724 divisit.
2380 3673 2517 3726 Ecce
2546 3674 2740 3728 bellqu
2768 3693 2949 3730 unmn.
2982 3679 3299 3753 Rursusque
3328 3687 3424 3743 has
3454 3688 3591 3744 duas

1980 3770 2183 3829 partes,
2209 3772 2266 3816 ut
2299 3762 2499 3818 bellum
2524 3774 2577 3820 et
2608 3766 2709 3821 sibi
2742 3768 2872 3835 ipsis
2898 3780 2951 3825 et
2979 3783 3165 3827 mutuo
3196 3776 3474 3843 inferrent,
3510 3783 3594 3837 cf-

1979 3852 2108 3908 fecit
2140 3870 2154 3908 :
2190 3855 2444 3910 mulieres
2471 3858 2613 3912 enim
2642 3862 3025 3921 contumeLiam
3057 3864 3363 3924 inferebant
3406 3874 3597 3929 mulie-

1978 3947 2145 4012 ribus,
2174 3963 2272 4003 uec
2299 3949 2459 4003 modo
2482 3951 2643 4015 viris;
2675 3954 2773 4006 viri
2799 3969 3012 4024 quoque
3036 3969 3223 4013 centra
3249 3963 3393 4017 viros
3421 3966 3598 4021 insur-

1978 4048 2274 4107 rexerunt,
2330 4050 2384 4095 et
2432 4052 2622 4097 contra
2678 4044 2997 4101 muliebrem
3054 4066 3281 4116 sexum,
3336 4060 3487 4124 quasi
3540 4060 3597 4114 in

2817 4138 3037 4167 .‘i.l:nn:..‘
3068 4159 3089 4167 ,ι

3067 4148 3366 4201 secundum
3398 4161 3451 4205 ct
3483 4163 3596 4207 ter—

1981 4226 2110 4278 tium
2151 4226 2386 4292 bellum;
2433 4228 2542 4281 imo
2572 4238 2627 4283 et
2653 4238 2903 4299 quartum
2933 4241 2985 4287 et
3012 4237 3299 4303 qttintum?
3332 4242 3421 4295 Est
3448 4246 3595 4299 enim

1978 4326 2033 4371 et
2058 4317 2201 4370 aliud
2235 4334 2247 4370 :
2278 4334 2402 4372 nam
2433 4334 2555 4373 cum
2584 4322 2932 4388 supradictis,
2968 4325 3019 4377 in
3052 4324 3220 4392 ipSam
3250 4346 3465 4402 quoque
3494 4353 3594 4388 na-

1981 4418 2154 4463 turam
2189 4411 2368 4480 inique
2399 4421 2645 4481 egerunt.
2691 4412 2791 4469 Ubi
2834 4417 2965 4470 vidit
2996 4420 3139 4472 enim
3180 4421 3428 4479 diabolus
3456 4426 3597 4484 hanc

1980 4503 2469 4572 concupiscentiam
2499 4519 2662 4560 sexus
2690 4507 2923 4562 maxime
2948 4511 3204 4579 copulare
3224 4554 3240 4578 ,
3277 4516 3378 4571 hoc
3401 4521 3594 4574 vincu-

1981 4596 2089 4649 lum
2114 4597 2419 4653 discindere
2450 4598 2601 4653 nisus
2628 4608 2711 4653 est
2746 4618 2756 4653 :
2786 4601 2853 4653 ita
2880 4610 2932 4655 ut
2968 4618 3075 4656 non
3107 4615 3311 4661 tantum
3345 4626 3408 4664 ex
3442 4612 3594 4667 defe-

1979 4697 2067 4741 ctu
2117 4690 2340 4743 seminis
2388 4705 2559 4759 genus
2604 4690 3017 4758 dissolveretur,
3050 4696 3142 4750 sed
3187 4699 3347 4752 etiam
3392 4716 3457 4756 ex
3505 4720 3599 4772 eo,

1979 4781 2121 4851 quod
2152 4782 2347 4836 bellum
2374 4782 2473 4838 sibi
2504 4793 2691 4838 mutuo
2721 4785 2978 4841 inferrent
3003 4798 3055 4842 et
3077 4790 3492 4850 altercarentur.
3530 4800 3595 4852 lit

1979 4875 2277 4935 mercedem.
2302 4892 2453 4945 quant
2480 4877 2724 4945 oportuit,
2750 4878 2936 4931 erroris
2965 4880 3048 4933 sui
3077 4882 3130 4934 in
3157 4886 3444 4952 semetipsis
3475 4892 3596 4943 reri.

1980 4967 2189 5036 pientes.
2228 4967 2359 5021 Vide
2385 4968 2658 5037 quomodo
2686 4985 2898 5024 rursum
2924 4972 2989 5025 ad
3018 4970 3216 5027 fontem
3245 4978 3369 5030 mali
3394 4982 3596 5047 veniat,

1980 5061 2309 5129 impietatem
2340 5077 2533 5130 nempe
2551 5078 2611 5115 ex
2641 5062 3011 5133 dogmatibus;
3042 5075 3097 5121 et
3121 5067 3255 5123 banc
3282 5073 3597 5129 mercedem

1979 5168 2100 5207 csse
2127 5154 2255 5207 dicit
2298 5155 2593 5223 iniquitatis
2633 5156 2793 5208 illius.
2828 5156 2964 5223 Quia
2991 5160 3135 5213 enim
3165 5161 3230 5216 de
3261 5162 3507 5231 gehenna
3538 5183 3598 5223 ct

1978 5247 2247 5316 Sttpplicio
2291 5246 2539 5315 loquens,
2593 5248 2770 5317 impiis
2816 5258 2869 5303 ct
2908 5250 3015 5303 vita
3060 5252 3241 5307 vivere
3288 5256 3600 5316 volentibus

1980 5354 2085 5390 non
2117 5337 2398 5392 videbatur
2426 5354 2565 5391 nunc
2595 5337 2700 5393 ﬁde
2729 5338 2923 5411 dignus
2946 5357 3087 5407 esse,
3117 5343 3226 5398 imo
3258 5348 3438 5416 potius
3466 5350 3599 5405 ridi-

1979 5429 2152 5495 culus,
2177 5428 2412 5483 ostendit
2440 5428 2491 5483 in
2516 5429 2631 5502 ipsa
2662 5431 2937 5501 voluptate
2968 5433 3071 5488 hoc
3091 5438 3417 5505 supplicium
3450 5456 3595 5499 esse.

1980 5518 2131 5586 Quod
2164 5520 2207 5574 si
2231 5520 2282 5575 id
2314 5536 2421 5575 non
2452 5522 2713 5590 sentiant,
2748 5524 2856 5579 imo
2887 5525 2986 5579 sibi
3020 5524 3293 5596 placeant,
3326 5548 3395 5587 ne
3428 5534 3595 5591 mire-

1981 5612 2053 5666 ris
2089 5631 2101 5666 :
2137 5628 2260 5667 nam
2299 5610 2540 5668 furentes
2584 5624 2634 5670 et
2682 5616 2774 5685 qui
2816 5617 3124 5689 plirenitide
3162 5623 3305 5690 capti
3353 5636 3498 5690 sunt,
3536 5643 3599 5685 se

1981 5706 2210 5759 multum
2239 5706 2499 5761 laedentes
2536 5715 2583 5761 cl
2631 5708 2959 5763 miserabilia
2994 5711 3275 5778 facientes,
3306 5715 3432 5770 dum
3456 5719 3597 5773 alio.-

1982 5814 2097 5851 rum
2142 5797 2408 5868 lacrymas
2443 5800 2717 5864 excitant,
2754 5799 2932 5855 rident
2960 5818 3023 5858 ac
3051 5803 3121 5859 dc
3150 5806 3315 5875 gestis
3347 5823 3375 5862 a
3404 5824 3464 5864 se
3496 5810 3593 5865 Ite-

1990 5906 2193 5950 tantur.
2229 5893 2334 5951 Sed
2370 5911 2473 5950 non
2504 5892 2625 5950 ideo
2652 5895 2885 5957 dicimus
2912 5897 3033 5955 illos
3062 5915 3088 5954 a
3118 5903 3386 5973 supplicio
3414 5920 3599 5962 cxcm~
