4118 6340
585 415 688 471 ιη

581 546 722 607 gnos,
750 530 842 588 sed
888 528 1007 585 ideo
1047 527 1101 583 in
1144 524 1388 597 graviore
1430 522 1624 576 damno
1657 526 1713 573 et
1750 512 2156 607 paenasersuri,

579 603 700 697 quia
736 637 843 693 quo
870 620 921 675 in
956 628 1099 676 statu
1128 617 1236 672 sint
1264 614 1525 669 nesciunt.
1560 607 1679 664 Non
1700 607 1844 663 enim
1870 603 1938 659 ab
1965 604 2123 697 aegris
2141 642 2159 669 ,

580 695 672 773 sed
695 730 724 769 a
746 710 1180 769 benevalentibus
1205 704 1465 762 calculum
1494 700 1617 756 ferri
1644 707 1857 769 oportet
1882 714 1895 750 :
1920 695 2163 766 quando-

579 809 793 879 quidem
824 806 1116 875 antiquitus
1142 814 1231 856 res
1257 799 1381 855 etin
1406 797 1575 866 legem
1605 807 1759 849 versa
1784 790 2086 853 videbatur,
2111 795 2165 842 ct

578 899 797 968 quidam
826 896 1099 966 legislator
1126 890 1262 962 apud
1292 889 1410 943 illos
1435 886 1705 956 jusserat,
1735 899 1802 938 ne
1828 881 1947 952 quis
1975 893 2166 934 servus

578 989 720 1060 apud
750 989 869 1043 illos
898 985 984 1040 vel
1014 983 1261 1038 unctione
1289 978 1433 1033 sicca
1463 986 1703 1031 uteretur
1723 974 1826 1045 (α),
1857 970 1939 1025 vel
1974 984 2166 1060 pueros

580 1088 824 1143 amaret;
855 1077 1037 1132 liberis
1072 1080 1274 1126 tantum
1304 1069 1444 1123 hanc
1476 1066 1883 1138 praerogativam
1906 1102 1921 1127 ,
1956 1059 2036 1115 vel
2065 1074 2164 1131 po-

582 1174 687 1228 tius
725 1172 859 1225 hanc
898 1164 1283 1236 turpitudinem
1311 1159 1633 1216 concedens.
1672 1158 1923 1211 Attamen
1951 1152 2023 1205 illi
2056 1166 2162 1205 non

583 1262 961 1334 turpitudinem
1006 1273 1128 1314 esse
1168 1254 1451 1326 putabant;
1495 1249 1589 1305 sud
1629 1263 1743 1313 rem
1790 1247 2069 1301 honestam
2111 1251 2167 1299 et

582 1355 872 1424 majorem,
914 1366 1070 1421 quam
1125 1348 1289 1402 ferret
1334 1358 1614 1400 servorum
1656 1337 1934 1401 conditio,
1978 1334 2165 1425 liberis

580 1448 723 1501 illam
748 1449 1131 1499 concesserunt
1158 1455 1172 1493 :
1204 1448 1255 1492 et
1284 1436 1387 1491 hoc
1411 1432 1843 1503 sapientissimus
1873 1425 2167 1481 Athenien-

579 1538 717 1591 sium
750 1534 995 1606 p0pulus.
1026 1540 1080 1585 et
1107 1542 1327 1599 magnus
1362 1523 1502 1595 apud
1545 1522 1662 1577 illos
1702 1520 1887 1575 Solon.
1931 1517 1997 1572 Et
2032 1516 2166 1570 alios

580 1647 792 1700 quoque
822 1627 1016 1681 multos
1045 1619 1478 1692 philosOphorum
1504 1616 1670 1669 libros
1698 1612 1802 1667 hoc
1831 1609 2021 1664 morbo
2048 1607 2164 1677 ple-

581 1740 680 1777 nos
723 1720 957 1790 reperias
986 1738 999 1771 :
1032 1730 1205 1789 neque
1241 1721 1415 1765 tamen
1456 1708 1576 1763 ideo
1605 1721 1719 1761 rem
1751 1718 1873 1759 esse
1909 1710 2165 1756 statutam

580 1814 825 1873 dicimus,
854 1809 947 1863 sed
984 1821 1097 1872 eos,
1127 1804 1217 1876 qui
1254 1803 1393 1857 hanc
1424 1814 1679 1869 accepere
1716 1796 1911 1867 legem,
1941 1792 2166 1846 miseros

579 1914 634 1960 et
665 1902 917 1973 lacrymis
946 1899 1136 1969 dignos
1170 1910 1289 1951 esse
1317 1893 1519 1948 multis.
1552 1890 1752 1946 Eadem
1792 1888 1939 1975 enini.
1976 1885 2028 1940 hi
2070 1898 2167 1954 pa-

581 2001 803 2059 tiuntur,
833 2010 953 2064 qua:
978 1991 1233 2047 mulieres
1263 1988 1615 2051 fornicantes;
1648 1984 1756 2037 imo
1792 1988 1849 2036 et
1884 1976 2167 2033 miserabi-

582 2094 733 2147 liora.
763 2090 975 2145 Illarum
999 2086 1143 2141 enim
1173 2082 1363 2145 coitus,
1392 2079 1495 2134 etsi
1522 2076 1847 2147 illegitimus,
1871 2069 2166 2127 secundmn

581 2197 824 2242 naturam
856 2194 1029 2238 tamen
1058 2188 1168 2239 est;
1203 2178 1287 2231 hic
1313 2189 1442 2230 vero
1468 2182 1522 2229 et
1557 2170 1865 2242 illegitimus
1895 2176 1951 2223 et
1979 2174 2165 2222 contra

582 2288 845 2332 naturam.
879 2271 1098 2329 Etiamsi
1120 2269 1261 2325 enim
1282 2281 1383 2322 nec
1401 2262 1645 2337 gehenna
1666 2268 1834 2326 esset,
1857 2273 1957 2313 nec
1977 2255 2171 2326 suppli-

578 2373 645 2426 cii
670 2357 1035 2432 comminatio,
1061 2365 1163 2417 hoc
1189 2360 1334 2414 omni
1363 2356 1625 2427 supplicio
1648 2353 1801 2424 pejus
1822 2360 1986 2407 esset.
2015 2348 2170 2417 Quod

578 2464 623 2518 si
654 2462 707 2517 id
736 2460 865 2530 ipsis
890 2459 1117 2527 placeat,
1143 2459 1489 2524 augmentum
1518 2446 1767 2519 supplicii
1794 2459 1982 2501 narras
2012 2442 2164 2497 mihi.

579 2553 763 2623 Neque
788 2550 951 2614 enim,
975 2548 1019 2602 si
1048 2545 1203 2616 quem
1228 2542 1463 2597 viderem
1496 2537 1699 2595 nudum
1723 2544 2027 2601 currentem
2056 2542 2169 2589 toto

580 2658 807 2716 corpore
837 2640 1092 2697 fredatum
1134 2652 1197 2693 ex
1239 2632 1371 2699 iuto,
1401 2648 1499 2696 nec
1537 2632 1743 2703 pudore
1771 2629 2043 2696 allectum,
2072 2627 2167 2684 sed

578 2736 681 2792 sibi
722 2734 1109 2805 gratulantem,
1140 2728 1441 2799 gratularer
1465 2735 1520 2781 et
1544 2740 1645 2796 ego
1673 2724 1773 2794 ipsi
1806 2742 1820 2778 :
1854 2724 1963 2778 imo
1985 2722 2169 2792 potius

578 2828 726 2883 illum
758 2826 1091 2895 deplorarem
1111 2864 1125 2886 ,
1156 2819 1297 2891 quod
1327 2834 1432 2874 non
1465 2817 1579 2889 ipse
1605 2817 1831 2872 sentiret
1855 2829 1915 2871 se
1942 2815 2171 2885 turpiter

580 2934 757 2988 agere.
794 2918 859 2972 Ut
882 2924 1059 2970 autem
1084 2909 1462 2968 contumeliam
1487 2908 1873 2965 evidentiorem
1904 2904 2127 2961 reddam
2149 2946 2165 2973 ,

582 3012 738 3066 liceat
762 3007 890 3062 mihi
918 3006 1057 3061 aliud
1086 3004 1234 3059 vobis
1261 3001 1567 3071 exemplum
1590 2998 1811 3054 afferre.
1839 2996 1893 3054 Si
1923 2997 2042 3067 quis
2064 2996 2171 3051 vir-

578 3103 757 3173 ginem
781 3101 833 3154 in
862 3099 1094 3153 thalamo
1122 3105 1422 3152 versantem
1444 3093 1741 3157 damnaret,
1769 3102 1828 3147 ut
1854 3106 1975 3146 cmn
2000 3091 2171 3145 brutis

581 3194 904 3249 animalibus
929 3182 1391 3251 commisceretur,
1420 3186 1508 3240 illa
1537 3200 1667 3241 vero
1697 3185 1748 3239 in
1778 3184 1869 3238 tali
1900 3185 2043 3239 coitu
2072 3182 2169 3239 dc-

586 3285 877 3339 lectaretur
905 3299 917 3335 :
951 3295 1127 3337 annon
1164 3278 1286 3334 ideo
1322 3276 1574 3348 lacrymis
1600 3276 1812 3347 dignior
1836 3283 1999 3341 esset,
2027 3274 2170 3346 quod

584 3392 690 3431 non
719 3382 899 3445 posset
919 3373 986 3426 ab
1013 3372 1115 3426 hoc
1146 3370 1332 3441 morbo
1362 3368 1595 3432 liberari,
1615 3369 1724 3423 imo
1745 3383 1846 3422 nec
1872 3366 2021 3420 illum
2047 3381 2173 3422 sen-

585 3468 720 3521 tire?
762 3467 815 3521 ω
856 3474 1001 3520 certe
1034 3462 1232 3518 nemini
1257 3477 1362 3516 non
1390 3460 1563 3531 palam
1590 3468 1693 3515 est.
1726 3459 1783 3515 Si
1806 3468 1981 3514 autem
2009 3471 2171 3527 grave

587 3558 714 3612 illud
742 3559 830 3623 sit,
858 3556 959 3612 hoc
981 3570 1087 3609 non
1118 3554 1295 3607 minus
1319 3566 1482 3622 grave
1508 3568 1525 3609 :
1554 3568 1677 3606 nam
1701 3566 1731 3605 a
1761 3551 1872 3605 suis
1892 3558 2173 3604 contume-

582 3652 649 3706 lia
678 3650 836 3713 afﬁci,
866 3648 1223 3703 miserabilius
1263 3657 1374 3711 est,
1414 3660 1570 3714 quam
1601 3646 1669 3700 ab
1697 3644 1904 3699 alienis.
1934 3644 2045 3699 Hos
2070 3658 2171 3715 ego

583 3743 882 3799 homicidiis
926 3742 1137 3811 pejores
1179 3740 1301 3794 dico
1340 3757 1353 3793 :
1388 3738 1582 3793 melius
1631 3739 1829 3809 quippe
1874 3746 1955 3792 est
2000 3724 2169 3804 mori,

584 3851 741 3905 quam
770 3836 848 3889 sic
874 3830 1469 3889 contumeliaaﬂ‘ectum
1491 3831 1692 3886 vivere.
1720 3828 1998 3885 Homicida
2026 3829 2170 3884 enim

584 3928 816 3981 animam
858 3941 886 3979 a
918 3939 1143 3994 corpore
1190 3930 1436 3991 separat;
1485 3921 1570 3976 hic
1604 3937 1733 3976 vero
1774 3923 2005 3975 animam
2049 3936 2171 3975 cum

583 4032 811 4087 eorpore
860 4017 1049 4085 perdit.
1098 4015 1166 4069 Et
1214 4014 1587 4083 quodcumque
1625 4013 1828 4069 dixeris
1870 4023 2169 4082 peccatum,

585 4126 688 4163 non
728 4108 934 4179 aequale
962 4108 1162 4162 dixeris
1195 4107 1316 4160 huic
1350 4106 1613 4175 iniquitati
1648 4127 1662 4161 :
1696 4114 1749 4161 et
1779 4107 1821 4160 si
1856 4106 1907 4171 ii,
1939 4106 2030 4177 qui
2060 4107 2172 4161 lucc

586 4200 873 4267 patiuntur,
918 4198 991 4251 rei
1044 4212 1262 4252 sensum
1309 4195 1586 4260 haberent,
1625 4197 1818 4251 millies
1854 4198 1988 4251 mori
2030 4212 2170 4265 prae-

586 4298 850 4359 Optareut,
886 4305 951 4343 ne
980 4289 1082 4358 hoc
1113 4296 1446 4356 paterentur.

656 4385 710 4438 5.
741 4382 880 4436 Nihil
903 4390 1003 4441 est,
1029 4380 1160 4433 nihil
1183 4381 1364 4449 utique
1385 4388 1467 4434 est
1491 4380 1589 4435 hac
1609 4380 1931 4435 contumelia
1962 4380 2173 4433 irratio-

588 4475 815 4529 nabilius
844 4482 898 4527 et
939 4472 1173 4542 gravius.
1215 4472 1270 4527 Si
1303 4475 1443 4525 enim
1473 4472 1540 4528 de
1566 4473 1915 4528 fornicatione
1951 4474 2173 4542 loquens

588 4566 807 4631 I‘aulus,
836 4564 1050 4618 dicebat
1082 4581 1094 4618 :
1131 4562 1293 4615 Omne
1321 4573 1603 4632 percolunt,
1636 4566 1982 4634 quodcumque
2003 4566 2175 4635 fecerit

586 4661 754 4723 Immo,
780 4667 921 4711 extra
941 4671 1124 4723 corpus
1146 4662 1251 4717 est;
1276 4653 1361 4724 qui
1382 4669 1495 4707 vero
1517 4655 1819 4725 fornicatur,
1838 4656 1891 4708 in
1913 4658 2176 4725 proprium

584 4770 766 4823 corpus
798 4760 967 4821 peccat
994 4750 1071 4818 (Ι.
1098 4750 1217 4803 Cor.
1249 4748 1301 4803 6.
1335 4748 1473 4816 l8);
1507 4742 1634 4817 quid
1665 4749 1957 4804 dixerimus
1983 4750 2051 4803 de
2077 4749 2176 4803 hac

589 4848 812 4909 insania,
844 4860 960 4912 qum
1002 4852 1147 4896 tanto
1184 4841 1418 4895 deterior
1446 4850 1527 4897 est
1556 4842 1907 4896 fornicatione
1929 4884 1943 4910 ,
1975 4854 2176 4913 quanto

586 4938 688 4990 dici
730 4935 946 5004 nequit?
977 4934 1156 5003 Neque
1184 4934 1324 4987 enim
1357 4934 1458 4987 hoc
1491 4943 1695 4988 tantum
1728 4934 1881 5000 dico,
1918 4936 2059 5005 quod
2093 4935 2176 4990 fa-

586 5039 702 5083 ctus
729 5029 802 5081 sis
829 5026 1039 5091 mulier,
1066 5027 1157 5080 sed
1180 5028 1338 5081 etiam
1366 5025 1507 5096 quod
1533 5042 1714 5082 cesses
1736 5043 1854 5084 esse
1876 5030 1975 5093 vir,
2005 5044 2177 5101 neque

587 5128 819 5174 mutatus
864 5121 937 5171 sis
983 5118 1033 5171 in
1082 5119 1233 5173 istam
1276 5130 1546 5185 naturam,
1584 5134 1755 5188 neque
1800 5120 1945 5175 illam
1988 5138 2176 5178 serves

586 5227 742 5277 quam
791 5208 1057 5273 habuisti;
1109 5210 1203 5264 sed
1254 5211 1531 5280 utriusque
1586 5213 1886 5266 communis
1938 5212 2178 5281 proditor

586 5300 805 5353 ell'cctus
835 5300 942 5362 sis,
986 5308 1039 5352 et
1079 5300 1268 5368 dignus
1304 5302 1392 5369 qui
1430 5316 1459 5354 a
1499 5301 1629 5355 viris
1658 5310 1713 5356 et
1741 5303 2055 5358 mulieribus
2081 5319 2177 5358 ex~

590 5393 802 5462 ponaris
850 5401 901 5445 et
950 5391 1239 5460 lapideris,
1288 5401 1472 5461 utpote
1524 5394 1613 5463 qui
1660 5403 1945 5465 utrumque
1990 5410 2177 5451 sexum

587 5484 779 5555 injuria
809 5484 1069 5539 aifcceris.
1113 5487 1178 5540 Et
1224 5494 1280 5539 ut
1317 5486 1523 5541 ediscas
1550 5497 1808 5557 quantum
1852 5490 1952 5543 hoc
1992 5490 2099 5543 sit:
2133 5490 2176 5544 si

587 5581 705 5647 quis
749 5578 1009 5632 accedens
1054 5579 1273 5635 offerret
1320 5579 1431 5644 tibi,
1463 5594 1521 5633 se
1549 5596 1613 5634 ex
1655 5581 1873 5635 homine
1909 5589 1959 5636 te
1989 5596 2177 5636 canem

586 5690 705 5729 esse
730 5674 1010 5737 facturum,
1038 5689 1213 5727 annon
1240 5672 1385 5726 illum
1412 5681 1472 5727 ut
1498 5673 1851 5741 perniciosum
1876 5670 2181 5744 effugeres?

630 5809 703 5863 (tl)
730 5808 894 5856 Unctio
918 5808 1042 5855 sicca
1069 5814 1204 5854 extra
1232 5808 1405 5856 balnea
1425 5810 1710 5859 sumebatur
1734 5812 1795 5861 ab
1828 5811 2029 5864 athletis
2054 5822 2102 5865 et
2133 5814 2176 5865 in

592 5869 828 5927 paltcstra.
856 5869 972 5920 li;cc
998 5883 1117 5917 vero
1142 5884 1297 5921 serus
1321 5872 1689 5933 prohibebatur.

1324 402 1381 459 S.
1419 398 1699 459 JOANNIS
1734 394 2203 455 CIIRYSOSTOMI
2244 395 2560 457 ARCIHEP.
2602 402 3134 462 CONSTANTINOP.

3760 406 3868 461 ιω

2266 514 2426 584 Atqui
2474 524 2526 571 te
2572 531 2676 570 non
2725 533 2913 574 canem
2952 534 3020 575 ex
3058 519 3274 575 homine
3304 517 3508 587 fecisti,
3540 521 3635 576 sed
3662 523 3864 579 animal

2266 616 2399 659 eane
2446 604 2603 675 longe
2641 608 2799 663 vilius
2828 627 2840 662 :
2867 608 3016 665 canis
3062 610 3259 681 quippe
3305 610 3451 665 utilis
3490 620 3594 676 est,
3625 613 3867 667 amasios

2272 708 2399 747 vero
2440 695 2508 749 ad
2553 695 2688 752 nihil
2734 699 2899 755 utilis.
2932 700 3072 767 Quid
3102 709 3303 766 autem,
3334 714 3517 770 quteso
3559 712 3629 765 te,
3669 702 3713 757 si
3741 702 3867 773 quis

2273 785 2692 842 comminaretur
2718 788 3036 846 effecturum
3066 806 3127 847 se
3155 801 3214 847 ut
3240 792 3337 846 viri
3370 802 3616 860 parerent
3635 832 3652 857 ,
3682 806 3864 847 annon

2273 875 2352 931 ira
2382 879 2751 949 repleremnrf
2776 882 2847 937 At
2868 899 3013 940 nunc
3033 899 3161 939 ecce
3182 885 3339 955 longe
3366 886 3611 956 graviora
3636 883 3863 950 faciunt,

2272 969 2361 1037 qui
2408 980 2683 1041 tantopere
2725 972 2997 1029 insaniunt
3028 993 3041 1030 :
3074 991 3184 1031 non
3234 978 3378 1032 enim
3428 992 3522 1047 par
3562 992 3649 1031 res
3690 986 3775 1031 est
3809 978 3865 1031 in

2275 1061 2552 1117 mulierem
2579 1066 2795 1133 mutari,
2815 1075 2870 1121 et
2890 1068 3059 1122 virum
3082 1077 3389 1124 manentem
3409 1070 3686 1124 mulierem
3713 1068 3867 1133 fieri;

2273 1149 2381 1205 imo
2426 1168 2599 1223 neque
2644 1155 2746 1211 hoc
2786 1172 2962 1229 neque
3005 1158 3157 1214 illud.
3203 1159 3357 1226 Quod
3401 1161 3446 1215 si
3491 1159 3712 1215 aliunde
3741 1160 3867 1213 mali

2273 1246 2402 1299 tanti
2432 1246 2852 1317 magnitudinem
2876 1251 3016 1306 scire
3042 1252 3194 1317 velis,
3226 1253 3497 1321 interroga
3528 1268 3625 1307 cur
3646 1252 3869 1323 legisla-

2272 1344 2416 1392 tores
2454 1339 2677 1407 puniant
2714 1340 2870 1408 illos,
2907 1344 2997 1413 qui
3037 1342 3312 1399 eunuchos
3341 1342 3662 1408 faciunt;et
3691 1346 3875 1400 disces

2271 1444 2375 1483 non
2400 1430 2500 1484 alia
2524 1430 2591 1485 de
2620 1447 2803 1497 causa,
2832 1451 2990 1503 quam
3019 1435 3159 1506 quod
3191 1446 3437 1490 naturam
3468 1437 3789 1490 exscindant
3814 1447 3874 1491 et

2269 1519 2531 1575 minuant.
2563 1521 2721 1593 Atqui
2746 1524 2821 1578 illi
2847 1542 2952 1579 non
2976 1535 3181 1581 tantum
3208 1526 3414 1596 injuria:
3439 1527 3705 1591 inferunt;
3742 1544 3868 1582 nam

2270 1612 2480 1666 exsecti
2526 1613 2604 1667 illi
2652 1616 2967 1687 plerumque
3014 1626 3134 1687 post
3174 1620 3501 1674 excisionem
3546 1620 3705 1676 utiles
3748 1619 3871 1675 fue-

2270 1710 2395 1755 runt
2429 1719 2441 1755 :
2473 1704 2587 1758 viro
2613 1716 2789 1760 autem
2818 1707 2870 1761 in
2905 1709 3245 1765 meretricem
3285 1725 3549 1767 converso
3581 1710 3709 1763 nihil
3744 1712 3869 1765 iuu-

2273 1794 2417 1848 tilius
2448 1794 2650 1850 fuerit:
2685 1812 2860 1867 neque
2900 1802 3043 1855 enim
3085 1801 3263 1855 anima
3309 1801 3519 1866 solum,
3561 1802 3661 1855 sed
3705 1803 3871 1857 etiam

2272 1901 2469 1957 corpus
2494 1888 2591 1943 viri
2636 1889 2755 1943 talia
2800 1893 2965 1961 passi,
3002 1892 3295 1963 ignominia
3326 1893 3543 1963 plenum
3573 1904 3675 1956 est,
3706 1904 3762 1949 et
3789 1893 3874 1947 di-

2272 1993 2431 2048 gnum
2459 1980 2602 2049 quod
2632 1980 2865 2052 undique
2890 1984 3142 2053 pellatur.
3170 1985 3313 2051 Qu0t
3335 1988 3597 2055 gehennae
3624 1986 3729 2040 illis
3755 1986 3873 2040 suf-

2271 2069 2489 2125 ficient?
2519 2071 2574 2126 Si
2593 2087 2725 2127 vero
2744 2073 3045 2144 gehennam
3067 2077 3291 2133 audiens
3317 2077 3461 2134 rides
3486 2088 3539 2135 et
3559 2080 3875 2134 incredulus

2273 2177 2353 2228 es,
2374 2164 2659 2219 recordare
2682 2166 2819 2236 ignis
2840 2166 2986 2222 illius
3016 2168 3377 2225 Sodomorum
3409 2187 3425 2226 :
3450 2170 3680 2226 vidimus
3699 2174 3871 2237 enim,

2272 2255 2503 2311 vidimus
2528 2267 2583 2311 et
2610 2258 2664 2311 in
2692 2260 2941 2329 przesenti
2972 2262 3081 2316 vita
3104 2262 3366 2333 gehennae
3398 2264 3706 2335 imaginem.
3735 2266 3873 2332 Quia

2272 2348 2416 2402 enim
2449 2350 2597 2403 multi
2626 2350 2709 2413 iis,
2740 2368 2860 2421 quae
2889 2355 3341 2410 resurrectionem
3362 2366 3676 2426 sequentur,
3708 2358 3872 2411 fidem

2273 2438 2506 2493 habituri
2538 2455 2647 2494 non
2679 2451 2851 2507 erant,
2892 2459 3034 2499 nunc
3070 2444 3350 2501 audientes
3392 2446 3569 2517 ignem
3605 2449 3875 2504 inexstin-

2271 2532 2528 2602 guibilem
2572 2548 2731 2599 esse,
2776 2534 2914 2589 Deus
2954 2536 3073 2591 illos
3107 2553 3137 2591 a
3176 2540 3533 2607 praesentibus
3572 2539 3639 2594 ad
3684 2555 3877 2594 εειιιιιιιι

2273 2632 2513 2678 mentem
2558 2623 2790 2680 reduxit.
2834 2625 2980 2681 Talis
3024 2628 3185 2699 igitur
3212 2641 3295 2684 est
3322 2629 3681 2687 Sodomorum
3728 2632 3877 2702 ignis

2274 2722 2332 2770 et
2383 2715 2689 2771 incendium
2735 2736 2749 2772 :
2794 2728 2845 2773 et
2903 2720 3080 2773 sciunt
3131 2721 3231 2786 illi,
3262 2723 3351 2792 qui
3404 2738 3471 2779 eo
3523 2739 3584 2779 se
3628 2726 3878 2783 contule-

2275 2818 2420 2874 runt,
2447 2818 2502 2864 et
2524 2811 2733 2880 plagam
2759 2810 2901 2865 illam
2927 2811 3186 2869 divinitus
3212 2814 3506 2871 immissam
3528 2827 3581 2873 et
3604 2832 3878 2887 superno-

2273 2916 2395 2957 rum
2441 2901 2722 2957 fulminum
2771 2919 2909 2974 opus
2957 2905 3225 2961 viderunt.
3270 2908 3458 2979 Cogita
3501 2921 3758 2981 quantum
3804 2911 3883 2967 sit

2273 3005 2575 3066 peceatum,
2604 2997 2744 3067 quod
2772 2998 2858 3054 vel
2886 3008 3011 3056 ante
3042 3009 3254 3072 tempus
3277 3002 3579 3074 gehennam
3610 3021 3879 3077 apparere

2274 3092 2533 3162 coegerit.
2576 3092 2709 3161 Quia
2748 3094 2893 3148 enim
2938 3094 3088 3151 multi
3130 3096 3293 3152 verba
3339 3098 3427 3152 illa
3467 3098 3877 3169 despiciebant,

2272 3186 2534 3253 gehennae
2574 3185 2857 3255 imaginem
2900 3201 3040 3242 novo
3076 3188 3238 3243 modo
3277 3190 3514 3245 ostendit
3556 3191 3663 3247 illis
3710 3193 3875 3248 Deus.

2277 3275 2487 3330 Etenim
2533 3276 2794 3346 stupenda
2836 3287 2952 3333 erat
2995 3278 3170 3348 pluvia
3218 3280 3338 3347 illa,
3387 3283 3511 3351 quia
3559 3283 3736 3338 coitus
3784 3285 3880 3340 ille

2276 3375 2473 3435 prmter
2499 3378 2744 3422 naturam
2774 3378 2917 3435 erat;
2963 3380 3018 3424 et
3059 3369 3337 3426 inundavit
3367 3380 3563 3427 terram
3593 3373 3718 3444 quia
3751 3375 3877 3429 illo.

2276 3474 2395 3513 rum
2428 3460 2590 3514 etiam
2620 3461 2831 3517 animas
2855 3464 3291 3532 concupiscentia
3324 3464 3696 3521 inundaverat.
3746 3465 3879 3523 Ideo

2274 3553 2651 3608 consuetudini
2679 3555 2948 3611 contraria
2978 3567 3095 3611 erat
3126 3556 3301 3627 pluvia
3330 3575 3343 3611 :
3372 3574 3479 3613 non
3519 3558 3683 3614 modo
3725 3561 3871 3617 enim

2277 3652 2436 3700 terra:
2457 3646 2665 3701 viscera
2704 3662 2809 3702 non
2847 3650 3104 3704 excitavit
3144 3635 3219 3704 ad.
3258 3650 3466 3707 fructus
3491 3653 3870 3724 proferendos,

2274 3736 2369 3791 sed
2400 3736 2540 3791 illam
2570 3737 2636 3793 ad
2676 3739 2940 3803 seminum
2985 3742 3383 3810 susceptionem
3417 3743 3653 3811 ineptam
3682 3745 3873 3801 reddi-

2273 3828 2370 3883 dit.
2403 3829 2545 3885 Talis
2570 3831 2714 3886 enim
2742 3839 2860 3886 erat
2884 3831 3059 3887 coitus
3087 3835 3326 3887 virorum
3355 3834 3406 3888 in
3435 3842 3575 3889 terra
3604 3835 3878 3892 Sodomo-

2275 3940 2429 3990 rum,
2467 3926 2573 3981 tale
2610 3940 2805 3994 corpus
2848 3926 3091 3981 inutilius
3130 3926 3379 3982 reddens.
3425 3927 3563 3994 Quid
3589 3932 3733 3984 enim
3757 3932 3878 3986 viro

2275 4019 2612 4071 meretricem
2640 4018 2815 4087 agenti
2848 4018 3232 4073 cxsecrabilius
3257 4028 3310 4074 et
3335 4019 3622 4075 infamius?
3650 4021 3695 4077 Ο
3724 4022 3877 4076 furo-

2276 4108 2426 4163 rem!
2484 4124 2517 4162 ο
2574 4110 2884 4179 stuporem!
2942 4110 3224 4177 Quomodo
3274 4110 3389 4166 haec
3438 4114 3876 4183 concupiscentia

2272 4211 2511 4269 grassata
2559 4212 2639 4256 est
2666 4243 2681 4267 ,
2718 4217 2839 4273 quae
2881 4202 3168 4257 humanam
3210 4213 3452 4259 naturam
3490 4207 3642 4274 quasi
3689 4206 3879 4262 hostes

2274 4292 2415 4346 bello
2460 4293 2694 4358 invasit;
2747 4295 2855 4347 imo
2908 4294 3152 4349 hostibus
3193 4295 3321 4364 ipsis
3364 4305 3515 4351 tanto
3558 4297 3875 4364 molestior,

2275 4394 2477 4454 quanto
2505 4387 2681 4438 anima
2715 4386 2906 4441 melior
2936 4396 3019 4441 est
3046 4389 3309 4457 corpore?
3339 4388 3385 4443 Ο
3405 4404 3501 4444 vos
3524 4390 3874 4447 irrationabi-

2275 4473 2418 4529 libus
2465 4476 2981 4543 irrationabiliores,
3042 4488 3095 4533 et
3138 4479 3362 4539 canibus
3407 4479 3873 4548 impudentiores!

2275 4567 2547 4638 Nusquam
2593 4568 2734 4623 enim
2778 4570 2917 4638 apud
2961 4571 3081 4627 illos
3128 4572 3248 4626 talis
3289 4573 3499 4639 coitus,
3543 4574 3639 4629 sed
3684 4586 3877 4630 natura

2276 4675 2404 4715 suos
2434 4661 2692 4715 terminos
2722 4664 2973 4731 agnovit;
3006 4678 3101 4719 vos
3118 4680 3246 4719 vero
3269 4680 3439 4735 genus
3460 4674 3696 4721 vestrum
3725 4671 3879 4737 igno-

2276 4750 2434 4805 bilius
2460 4751 2714 4806 effecistis
2754 4768 2850 4822 per
2890 4753 3137 4822 injuriam
3182 4765 3404 4809 tantam.
3448 4756 3727 4812 Undenam
3758 4758 3881 4814 haec

2277 4852 2392 4897 orta
2419 4852 2545 4898 sunt
2575 4844 2754 4898 mala?
2780 4846 2823 4898 A
2853 4845 3128 4915 voluptate
3149 4887 3163 4912 ,
3196 4847 3264 4901 ab
3291 4862 3358 4903 eo
3384 4848 3527 4919 quod
3564 4849 3731 4905 Deum
3765 4866 3877 4906 non

2278 4940 2678 5009 cognosceretis
2704 4955 2715 4991 :
2745 4952 2864 4991 cum
2895 4938 3037 4992 enim
3066 4938 3283 5007 quidam
3324 4939 3441 5009 ejus
3481 4942 3730 4998 timorem
3758 4942 3877 5011 eje-

2279 5031 2472 5096 cerint,
2506 5031 2687 5085 omnia
2710 5028 2923 5085 demum
2956 5032 3091 5086 bona
3121 5032 3355 5086 avolant.

2350 5122 2406 5175 ιι.
2448 5121 2526 5177 Ne
2552 5122 2712 5193 igitur
2749 5121 2798 5176 id
2841 5122 3085 5189 accidat,
3118 5124 3363 5178 timorem
3397 5123 3491 5179 Dei
3522 5124 3734 5179 assidue
3766 5142 3878 5195 pne

2280 5213 2449 5268 oculis
2479 5212 2791 5269 habeamus.
2818 5212 2956 5268 Nihil
2984 5214 3147 5283 enim,
3184 5214 3317 5270 nihil
3344 5216 3415 5271 ita
3451 5215 3726 5271 hominem
3756 5233 3884 5288 per-

2280 5305 2385 5369 dit,
2419 5316 2475 5362 ut
2506 5321 2627 5361 cum
2668 5320 2697 5359 a
2746 5305 2834 5360 tali
2875 5306 3073 5361 excidit
3116 5321 3335 5375 ancora,
3383 5322 3562 5377 neque
3609 5309 3679 5362 ita
3728 5308 3883 5365 illum

2282 5407 2493 5463 servat,
2526 5408 2587 5452 ut
2613 5399 2658 5451 si
2689 5406 2949 5467 perpetuo
2976 5399 3101 5453 illuc
3132 5398 3472 5469 respiciatur.
3518 5399 3653 5453 Nam
3694 5401 3738 5454 si
3784 5402 3888 5455 lm-

2281 5491 2479 5545 miuem
2506 5507 2615 5560 pra:
2639 5490 2810 5545 oculis
2839 5490 3117 5557 habentes,
3142 5496 3420 5562 segniores
3446 5506 3635 5548 sumus
3655 5494 3721 5549 ad
3754 5510 3890 5563 pec-

2281 5595 2399 5637 cata
2442 5582 2806 5647 admittenda;
2852 5583 2959 5639 imo
3003 5585 3202 5654 srcpius
3248 5582 3480 5640 famulos
3520 5585 3892 5642 modestiores

2282 5686 2610 5742 reverentes,
2636 5674 2770 5729 nihil
2792 5674 3007 5731 absurdi
3034 5676 3280 5743 facimus,
3302 5678 3474 5749 cogita
3505 5687 3704 5748 quanta
3734 5677 3891 5733 fruc-

2284 5785 2403 5823 mur
2433 5770 2724 5823 securitate
2746 5809 2761 5835 ,
2792 5768 2838 5822 si
2866 5769 3031 5824 Deum
3063 5784 3173 5839 prae
3199 5770 3368 5824 oculis
3399 5770 3710 5824 habeamus.
3740 5768 3893 5823 Nus-

2282 5880 2440 5937 quam
2464 5866 2607 5921 enim
2637 5879 2735 5921 nos
2764 5863 3009 5921 diabolus
3048 5866 3117 5920 ita
3159 5864 3382 5922 affectos
3412 5865 3649 5930 invadet,
3701 5852 3893 5934 utpote
