4118 6340
187 417 298 481 H9

191 542 428 598 παλαιὸν
458 542 556 596 καὶ
581 539 744 604 νόμος
779 535 916 592 εἶναι
944 538 1005 590 16
1040 537 1271 607 πρᾶγμα
1301 534 1495 593 ἐδόκει,
1527 529 1621 584 καὶ
1651 523 1875 596 νομοθέ-

190 648 291 702 της
321 649 408 694 τις
441 629 573 702 παρ’
603 628 787 691 αὐτοῖς
810 626 1026 688 οἰκέτας
1053 623 1307 677 ἐκέλευσε
1341 622 1480 691 μήτε
1525 614 1876 702 ξηραλοιφεῖν

195 701 336 790 μήτε
401 717 818 788 παιδεραστεῖν,
871 715 984 775 τοῖς
1035 708 1342 777 ἐλευθέροις
1395 708 1495 778 τῆς
1549 701 1874 790 προεδρείας

193 787 616 872 παραχωρήσας
664 798 891 869 ταύτης,
952 795 1152 867 μᾶλλον
1200 795 1256 847 δὲ
1311 793 1408 862 τῆς
1462 787 1874 860 ἀσχημοσύνης.

203 890 349 943 Ἀλλ’
374 891 523 960 ὅμως
548 889 649 942 οὐκ
673 887 930 955 ἐνόμισαν
950 881 1339 952 ἀσχημοσύνην
1362 877 1504 933 εἶναι
1525 880 1587 932 τὸ
1616 876 1874 947 πρᾶγμα,

191 979 309 1031 ἀλλ’
344 979 422 1040 ὡς
455 976 651 1047 σεμνὸν
677 975 771 1027 καί¹
804 972 988 1043 μεῖζον
1016 971 1049 1041 ἢ
1077 973 1200 1024 κατ’
1230 968 1460 1023 οίκετῶν
1491 965 1733 1033 ἀξίωμα,
1763 963 1877 1023 τοῖς

191 1066 503 1136 ἐλευθέροις
551 1061 892 1133 ἐπέτρεψαν·
950 1061 1046 1113 καὶ
1090 1058 1250 1112 τοῦτο
1294 1058 1323 1109 6
1373 1054 1732 1123 σοφώτατοςα
1767 1048 1878 1101 τῶν

202 1135 509 1223 Ἀθηναίων
541 1151 730 1221 δῆμος,
759 1149 855 1202 καὶ
880 1150 907 1202 6
946 1147 1122 1218 μέγας
1150 1143 1280 1216 παρ’
1314 1145 1497 1205 αὑτοῖς
1525 1141 1725 1193 Σόλων.
1754 1138 1810 1190 1(
1822 1135 1879 1190 αὶ

190 1245 358 1314 ἕτερα
394 1243 451 1295 δὲ
493 1239 664 1293 πολλά
701 1238 810 1290 τῶν
856 1236 1165 1307 φιλοσόφων
1218 1233 1400 1305 βιϐλία
1428 1229 1652 1298 ταύτης
1699 1228 1764 1282 άν
1794 1241 1878 1288 τις

190 1333 346 1402 εὖροι
366 1331 606 1402 γέμοντα
633 1331 731 1398 τῆς
760 1329 939 1381 νόσου·
963 1325 1076 1378 ἀλλ’
1095 1325 1156 1378 ού
1183 1323 1271 1377 διὰ
1299 1323 1458 1375 τοῦτο
1486 1315 1878 1389 νενομισμένον

190 1416 330 1472 εἶναι
368 1419 429 1471 16
461 1416 695 1488 πρᾶγμά
722 1431 925 1484 φαμεν,
953 1412 1090 1467 ἀλλά
1118 1411 1211 1466 καὶ
1238 1412 1365 1473 τοὺς
1392 1408 1484 1462 16v
1519 1407 1684 1476 νόμον
1725 1403 1879 1470 δεξα·

197 1508 396 1577 μένους
427 1504 618 1558 τοῦτον
650 1503 915 1566 ἐλεεινοὺς
950 1501 1045 1555 καλ⁵
1082 1488 1335 1572 δακρύων
1364 1495 1550 1562 ἀξίους
1583 1490 1721 1547 εἶναι
1750 1491 1881 1545 πολ-

190 1593 319 1647 λῶν.
359 1594 425 1646 *Α
455 1592 566 1662 7&9
592 1593 649 1644 αί
676 1590 1071 1661 πορνευόμεναι
1112 1587 1383 1657 πάσχουσι
1415 1581 1568 1656 [457]
1600 1582 1878 1650 γυναῖκες,

190 1681 493 1735 ταῦτα-καὶ
513 1675 684 1734 οὗτοι·
708 1679 907 1750 μᾶλλον
939 1678 996 1730 δὲ
1023 1676 1250 1730 ἐκείνων
1271 1672 1600 1742 ἀθλιώτερα.
1623 1671 1755 1732 Ταῖς
1781 1667 1880 1736 μέν

190 1771 301 1840 7&9
343 1771 392 1823 εί
427 1768 892 1838 καὶπαράνομος,
930 1764 1068 1819 ἀλλά
1096 1763 1236 1817 κατά
1268 1761 1432 1832 φύσιν
1461 1761 1496 1822 ἠ
1540 1757 1710 1829 μίξις·
1737 1754 1878 1824 αὕτη

189 1857 245 1911 δέ
277 1857 379 1911 καὶ
413 1856 756 1926 παράνομος,
787 1855 883 1907 καὶ
912 1852 1060 1924 παρά
1093 1850 1276 1920 φύσιν.
1319 1849 1382 1901 Εἰ
1422 1846 1532 1916 γάρ
1568 1845 1643 1916 μὴ
1683 1842 1880 1912 γέεννα

188 1943 276 2018 ἦν,
305 1945 445 2016 μηδὲ
467 1943 688 2007 κόλασις
707 1942 991 2012 ήπείλητο,
1016 1938 1174 1992 τοῦτο
1195 1937 1382 2008 πάσης
1401 1934 1678 1996 κολάσεως
1695 1933 1880 2004 χεῖρον

189 2033 277 2107 ἦν.
309 2037 378 2102 ΕΞ
407 2036 466 2088 δὲ
496 2035 735 2106 ἥδονται,
765 2031 864 2102 τὴν
897 2029 1219 2101 προσθήκην
1249 2043 1340 2097 μοι
1366 2025 1544 2093 λέγεις
1579 2022 1681 2093 τῆς
1707 2038 1880 2091 τιμω-

193 2125 338 2196 ρίας.
373 2122 512 2176 Οὑδέ
535 2122 646 2191 7&9
680 2119 733 2173 εἴ
767 2135 891 2172 τινα
910 2113 1051 2170 εἶδον
1079 2115 1287 2185 γυμνόν
1315 2112 1602 2185 τρέχοντα.
1631 2108 1879 2181 βορϐόρῳ

190 2213 250 2266 16
287 2211 454 2281 σῶμα
500 2205 993 2278 άνακεχρωσμένον
1022 2202 1199 2268 άπαν,
1235 2197 1358 2255 εἶτα
1394 2200 1495 2253 οὑκ
1538 2196 1880 2266 ἐγκαλυπτό-

194 2315 378 2366 μενον,
419 2295 557 2349 ἀλλὰ
586 2295 678 2347 καὶ¹
706 2290 1273 2360 ἐγκαλλωπιζόμενον,
1309 2286 1582 2358 συνήσθην
1607 2285 1673 2340 ἂν
1705 2283 1876 2353 αὑτῷ,

189 2387 327 2440 ἀλλά
349 2387 445 2440 καὶ
473 2383 672 2455 μᾶλλον
704 2383 769 2436 ἀν
793 2381 956 2434 αὑτὸν
984 2379 1286 2450 ἐθρήνησα.
1310 2379 1391 2431 ὃτι
1417 2377 1540 2431 οὑδέ
1562 2375 1880 2430 αἰσθάνεται

189 2472 543 2543 ἀσχημονῶν.
587 2471 710 2524 «Ἵνα
744 2468 801 2521 δέ
849 2469 943 2522 καὶ
983 2465 1329 2538 σαφεστέραν
1361 2465 1522 2531 δείξω
1555 2463 1655 2535 τὴν
1685 2463 1879 2534 ὕϐριν,

189 2561 498 2630 ἀνάσχεσθέ
523 2575 623 2629 μου
651 2558 746 2610 καὶ
776 2557 963 2627 ἐτέρου
993 2554 1462 2626 παραδείγματος.
1498 2553 1562 2606 El
1583 2551 1704 2622 7&9
1739 2568 1883 2621 παρ-

191 2651 348 2703 θένον
392 2663 480 2711 τις
513 2645 836 2700 κατεδίκασε
883 2642 1341 2713 θαλαμευομένην
1389 2639 1607 2708 ἀλόγοις
1652 2640 1882 2710 μιγῆναι

190 2734 377 2800 ζώοις,
408 2731 530 2788 εἶτα
556 2734 714 2805 ἥδετο
739 2733 923 2802 ἐκείνη
952 2733 1018 2802 τῇ
1050 2730 1221 2800 μίξει,
1250 2730 1312 2784 οὑ
1341 2730 1431 2783 διὰ
1454 2727 1616 2782 τοῦτο
1648 2728 1884 2800 μάλιστα

191 2822 452 2894 δακρύων
479 2817 549 2893 ἦν
578 2821 725 2887 ἀξία,
759 2821 839 2873 ὅτι
874 2819 996 2873 οὑδὲ
1027 2817 1412 2888 ἀπαλλαγῆναι
1442 2817 1540 2887 τῆς
1567 2817 1723 2870 νόσου
1752 2815 1885 2870 ταύ-

188 2927 292 2982 της
324 2910 563 2978 ἠδύνατο
591 2907 668 2979 τῷ
699 2908 835 2978 μηδέ
863 2905 1218 2962 αἰσθάνεσθαι
1243 2908 1342 2976 τῆς
1364 2905 1548 2970 νόσους
1575 2904 1745 2957 Παντί
1779 2919 1882 2956 που

189 3000 351 3070 δῆλόν
402 3002 571 3052 ἐστιν.
602 2999 665 3050 Εί
693 2997 750 3050 δὲ
794 2998 970 3050 ἐκεῖνο
1007 2995 1265 3066 χαλεπὸν,
1296 2993 1418 3046 οὑδὲ
1463 2992 1623 3045 τοῦτο
1660 2991 1884 3045 ἔλαττον

191 3087 427 3140 ἐκείνου·
455 3087 516 3140 16
539 3085 649 3158 7&9
674 3085 779 3138 ὑπὸ
803 3085 913 3138 τῶν
934 3083 1149 3137 οἰκείων
1177 3080 1498 3152 ὑϐρίζεσθαι
1522 3078 1883 3153 ἐλεεινότερον

189 3176 285 3229 τοῦ
318 3176 475 3246 παρά
505 3174 613 3228 τῶν
651 3174 974 3246 ἀλλοτρίων.
1005 3170 1243 3234 Τούτους
1273 3169 1383 3238 ἐγὼ
1410 3169 1505 3222 καὶ
1537 3166 1884 3238 ἀνδροφόνων

192 3265 418 3335 χείρους
457 3258 599 3316 εἷναί
633 3279 794 3332 φημι·
835 3267 931 3314 καὶ
968 3260 1077 3330 γὰρ
1109 3259 1316 3331 βέλτιον
1349 3256 1678 3319 ἀποθανεῖν,
1722 3256 1757 3326 ἢ
1785 3256 1885 3328 ζῇν

195 3350 562 3422 ὑϐριζόμενον
592 3349 786 3413 οὕτως.
845 3350 902 3402 Ὀ
940 3348 1039 3419 μὲν
1071 3350 1181 3418 γάρ
1215 3345 1543 3416 ἀνδροφόνος
1571 3343 1671 3417 τὴν
1706 3343 1886 3415 ψυχὴν

194 3441 303 3492 άπὸ
338 3438 436 3492 τοῦ
470 3436 726 3509 σώματος
764 3435 1072 3508 διέρρηξεν,
1103 3430 1259 3497 οὗτος
1291 3433 1348 3486 δέ
1386 3433 1485 3502 τὴν
1520 3431 1698 3503 ψυχὴν
1746 3432 1888 3503 μετά

190 3526 287 3580 τοῦ
324 3526 580 3596 σώματος
618 3523 888 3578 ἀπώλεσε.
922 3523 1032 3576 Καὶ
1067 3523 1204 3593 ὅπερ
1236 3521 1303 3574 ἂν
1341 3519 1519 3580 εἴποις
1551 3520 1883 3590 ἁμάρτημα,

192 3613 350 3666 οὐδὲν
379 3612 495 3664 ἴσον
520 3613 666 3685 ἐρεῖς
690 3610 790 3681 τῆς
818 3610 1170 3680 παρανομίας
1191 3607 1417 3680 ταύτης·
1440 3608 1535 3660 καὶ
1566 3608 1615 3660 εί
1643 3605 1888 3678 ἐπῃσθά-

193 3717 355 3754 νοντο
381 3698 491 3752 τῶν
518 3697 818 3767 γινομένων
846 3699 896 3750 οἱ
927 3697 1233 3767 πάσχοντες
1253 3735 1268 3759 ,
1312 3696 1542 3767 μυρίους
1570 3694 1637 3748 ἂν
1662 3694 1885 3749 κατεδέ-

196 3789 362 3855 ξαντο
391 3788 674 3851 θανάτους,
705 3787 845 3841 ῶστε
879 3787 956 3858 μὴ
984 3785 1141 3840 τοῦτο
1171 3786 1385 3840 παθεῖν.

268 3955 344 4015 γ’.
363 3944 442 4000 οὑ
467 3945 574 4015 γὰρ
597 3943 768 4009 ἔστιν,
801 3943 900 3998 οὑκ
939 3943 1056 3998 ἔστι
1075 3943 1282 4016 ταύτης
1314 3944 1416 4014 τῆς
1441 3942 1654 4013 ὑϐρεως
1679 3941 1888 4007 ἀλογώ-

193 4037 360 4108 τεμᾶν
393 4053 455 4088 τε
489 4036 585 4088 καὶ
624 4032 1028 4104 χαλεπώτερον.
1071 4034 1134 4086 Et
1174 4033 1284 4103 7&9
1321 4032 1453 4104 περὶ
1482 4031 1737 4102 πορνείας
1769 4031 1887 4084 δια-

194 4125 500 4192 λεγόμενος
529 4123 557 4172 ό
594 4119 806 4182 Παῦλος
829 4119 1037 4188 ἔλεγεν,
1061 4121 1143 4172 ὅτι
1173 4119 1306 4173 Πᾶν
1340 4119 1675 4188 ἁμάρτημα,
1710 4119 1741 4171 ὃ
1777 4117 1890 4173 ἐὰν·

195 4209 435 4275 ποιήσῃ
477 4205 808 4272 ἄνθρωπος.
843 4205 1017 4271 ἐκτὸς
1057 4205 1164 4259 τοῦ
1203 4204 1477 4274 σώματός
1521 4206 1713 4258 ἐστιν·
1750 4208 1784 4259 ό
1820 4207 1888 4261 δὲ

195 4291 517 4362 πορνεύων
533 4291 620 4353 εἰς
636 4288 701 4340 τὸ
725 4287 880 4340 ἴδιον
899 4287 1073 4356 σῶμα
1103 4288 1446 4357 ἁμαρτάνει·
1466 4288 1519 4340 τί
1541 4289 1608 4342 ἂν
1635 4287 1890 4360 εἴποιμεν

196 4381 332 4450 περὶ
367 4377 468 4445 τῆς
503 4377 700 4446 μανίας
729 4374 959 4445 ταύτης,
991 4377 1024 4446 ἢ
1059 4375 1317 4430 τοσοῦτον
1345 4375 1605 4447 πορνείας
1629 4376 1657 4416 δ
1687 4377 1890 4449 χείρων

196 4467 378 4521 ἐστὶν.
407 4466 534 4517 ὅσον
564 4464 684 4516 ούδέ
714 4463 861 4516 ἐστιν
889 4465 1098 4529 είπεῖν;
1128 4463 1262 4516 (ὶὺδέ
1294 4464 1403 4534 γὰρ
1427 4462 1585 4517 τοῦτο
1613 4464 1758 4531 λέγω
1791 4465 1889 4535 μό-

195 4572 310 4617 νον,
347 4553 433 4605 ὅτι
463 4551 696 4620 γέγονας
725 4551 885 4621 γυνὴ,
922 4549 1038 4603 ἀλλ’
1070 4551 1153 4602 ὅτι
1192 4549 1486 4615 ἀπώλεσας
1527 4553 1619 4605 καὶ
1652 4552 1715 4604 16
1749 4547 1889 4625 εῖναι

195 4642 376 4711 ἀνὴρζ
403 4641 499 4690 καὶ
526 4636 650 4691 οὗτε
683 4639 763 4700 είς
793 4637 1000 4706 ταύτην
1034 4636 1303 4707 μετέστης
1333 4638 1429 4708 τὴν
1463 4638 1644 4707 φύσιν,
1673 4637 1796 4692 οὔτε
1825 4640 1891 4707 ἣν

198 4723 353 4797 εἶχες
387 4725 714 4794 διετήρησας
734 4765 748 4785 ,
785 4723 921 4776 ἀλλὰ
956 4723 1136 4786 κοινὸς
1174 4724 1440 4794 ἑκατέρας
1471 4725 1660 4792 ἐγένου
1694 4726 1891 4798 προδό-

198 4831 302 4884 της
323 4855 339 4877 ,
370 4813 464 4865 καὶ
495 4811 644 4882 παρά
684 4811 895 4880 ἀνδρῶν
925 4813 1018 4864 καὶ
1047 4811 1322 4879 γυναικῶν
1361 4812 1510 4876 ἀξιος
1543 4813 1888 4879 ἐλαύνεσθαι,

200 4901 300 4954 καὶ
324 4899 752 4964 καταλεύεσθαι,
785 4899 882 4951 ἆτε
916 4900 1179 4970 ἑκάτερον
1203 4898 1470 4970 ἀδικήσας
1492 4900 1554 4954 16
1574 4902 1750 4969 γένος.
1783 4903 1894 4956 Καὶ

200 4989 292 5041 ἵνα
340 4987 524 5058 μάθῃς
569 4985 755 5056 ⁴ήλίκον
787 4985 945 5039 τοῦτό
978 4989 1146 5049 ἐστιν,
1199 4987 1371 5050 εἷ’τις
1407 4987 1579 5041 ἐλθὼν
1618 4989 1892 5060 ἐπηγγέλσ

199 5075 330 5128 λετο
374 5075 433 5141 ἐξ
468 5072 773 5145 ἀνθρώπων
799 5072 939 5126 κύνα
979 5076 1152 5126 ποιεῖν
1193 5091 1274 5140 σε,
1312 5071 1420 5146 ἆρα
1451 5076 1551 5128 οὑκ
1597 5075 1665 5129 ἂν
1695 5077 1770 5140 ῶς
1803 5078 1894 5130 λυ-

205 5163 398 5233 μεῶνα
428 5161 664 5230 ἓφυγεςς
713 5159 852 5212 Ἀλλ’
883 5160 992 5214 ἰδοὺ
1019 5161 1079 5213 οὐ
1109 5160 1246 5214 κύνα
1270 5161 1329 5226 ἐξ
1359 5163 1663 5234 ἀνθρώπων
1695 5166 1894 5219 σαυτόν

201 5248 508 5318 ἐποίησας,
541 5248 678 5303 ἀλλὰ
705 5247 766 5299 16
789 5248 981 5300 τούτου
1016 5249 1152 5312 ζῶον
1185 5251 1509 5321 ἀτιμότερον
1532 5268 1544 5280 ·
1581 5253 1757 5307 ἐκεῖνο
1795 5254 1893 5324 μὲν

204 5339 316 5406 7&9
372 5338 450 5398 εἰς
496 5337 690 5406 χρῆσιν
726 5334 1057 5404 ἐπιτήδειον,
1105 5340 1133 5389 ό
1180 5337 1234 5390 δὲ
1283 5338 1603 5409 ἡταιρηκίος
1652 5342 1892 5412 οὐδαμοῦ

203 5427 501 5494 χρήσιμος.
537 5423 599 5475 Τί
631 5424 707 5488 δὲ,
740 5423 860 5477 είπέ
904 5441 1013 5493 μοι,
1051 5427 1103 5477 εῖ
1127 5444 1211 5488 τις
1241 5429 1457 5496 ἠπείλει
1489 5433 1662 5484 ποιεῖν
1688 5431 1894 5485 τίκτειν

205 5513 412 5582 ἀνδρας
441 5512 536 5562 καὶ
560 5511 898 5581 λοχεύεσθαι,
919 5513 1018 5565 οὑκ
1040 5514 1104 5566 ἂν
1129 5515 1372 5585 ἐπλήσθη
1383 5534 1482 5584 μεν
1509 5516 1716 5587 θυμοῦ;
1752 5520 1892 5572 ’Λλλ’

207 5599 322 5652 ίόοὺ
374 5597 471 5650 νῦν
519 5597 878 5670 χαλεπιῖηερα
939 5602 1166 5664 ἑαυτοὺς
1221 5606 1657 5674 κατειργάσαντο
1715 5609 1765 5660 οἱ
1825 5611 1895 5664 τὰ

215 5684 436 5738 τοιαῦτα
481 5684 819 5748 λυττῶντες·
855 5688 914 5740 οὑ
965 5688 1075 5757 γάρ
1115 5690 1263 5742 ἐστιν
1298 5692 1411 5743 ἴσον
1453 5695 1532 5756 είς
1572 5697 1895 5761 γυναικείαν

212 5773 545 5841 μεταϐαλεῖν
567 5772 748 5842 φύσιν,
782 5775 876 5826 καὶ
909 5776 1139 5844 μένοντα
1169 5780 1333 5848 ἄνδρα
1358 5783 1612 5848 γενέσθαι
1638 5787 1893 5852 γυναῖκα,

275 5965 484 6033 Ῠ-ᾼΙὶιις,
510 5968 590 6033 καί
614 5967 756 6016 τοῦτο
779 5970 1030 6033 ἐπέτριψεν
1052 5976 1076 6021 ό
1103 5981 1279 6033 σοςιιῖιτ.

337 5980 484 6041 illus,
510 5983 590 6041 και
614 5985 756 6041 τουτρ
779 5980 1030 6041 επέτρείᾷεν
1052 5980 1076 6021 ό
1103 5981 1279 6036 σοᾳιιῖιτ.
1353 5980 1375 6018 ί»
1399 5980 1552 6040 Alius,
1586 6000 1890 6041 παρῖςικιμιας.

218 6029 238 6055 τ
269 6027 384 6085 Alii.
409 6028 674 6090 νομοθέται.
703 6034 792 6079 Καὶ
821 6026 986 6094 εεά’τε·;
1020 6038 1089 6082 ,δι’
1116 6029 1263 6088 οὐδέν,
1749 6026 1780 6045 ’·

1390 415 1454 469 IN
1488 412 1706 470 EPIST.
1745 406 1838 464 AD
1869 405 2038 462 ROM.
2078 404 2316 464 HO'MlL.
2358 407 2448 464 IV.

3559 401 3667 457 326

1983 521 2184 591 μᾶλλον
2216 523 2273 576 δὲ
2315 524 2452 594 μήτε
2498 523 2658 578 τοῦτο
2699 525 2839 594 μήτε
2886 523 3082 578 ἐκεῖνο.
3129 522 3194 576 Et
3235 520 3296 578 δέ
3345 523 3526 594 βούλει
3571 525 3670 580 καὶ

1980 611 2247 683 ἑτέρωθεν
2285 614 2480 683 μαθεῖν
2523 612 2617 666 τοῦ
2663 612 2838 666 κακοῦ
2881 613 2980 684 τὴν
3017 611 3344 683 ὑπερϐολὴν,
3385 613 3669 686 ἐρώτησον

1979 703 2126 774 τίνος
2173 703 2359 756 ἕνεκεν
2408 705 2535 767 τοὺς
2575 703 2867 773 εὐνούχους
2913 701 3205 766 ποιοῦντας
3251 702 3578 768 κολάζουσιν
3616 706 3668 758 οί

1978 791 2290 862 νομοθέται,
2327 792 2422 846 καὶ
2459 794 2612 865 εἴσῃ,
2649 795 2731 847 ὅτι
2765 793 2834 845 δι’
2876 793 3031 850 οὐδὲν
3065 803 3088 830 α
3127 793 3315 864 ἕτερον
3351 794 3592 859 πάντως,
3630 794 3666 865 ἥ

1977 881 2060 933 ὃτι
2095 882 2196 952 τὴν
2225 881 2388 949 φύσιν
2426 882 2930 954 ἀκρωτηριάζουσι.
2963 881 3158 934 Καίτοι
3183 898 3248 950 γε
3273 882 3425 935 οὐδὲν
3449 869 3669 936 ἀδικοῦο

1975 984 2068 1021 σιν
2089 970 2284 1023 ἐκεῖνοι
2321 967 2469 1042 [458]
2503 967 2780 1022 τοσοῦτον·
2818 968 3065 1036 ἐγένοντο
3089 968 3199 1041 7&9
3230 972 3278 1025 οί
3309 971 3668 1041 ἀκρωτηρια-

1983 1056 2205 1121 σθέντες
2232 1056 2258 1096 ἀ
2293 1057 2386 1110 καὶ
2417 1057 2559 1126 μετὰ
2589 1058 2682 1110 16v
2710 1057 3178 1128 ἀκρωτηριασμὸν
3236 1059 3512 1128 πολλαχοῦ
3536 1059 3671 1128 χρή-

1982 1162 2131 1215 σιμοι
2150 1162 2164 1178 ·
2192 1143 2484 1217 ἀνθρώπου
2514 1145 2571 1198 δὲ
2594 1146 3046 1216 πεπορνευμένου
3075 1147 3231 1199 οὑδέν
3263 1147 3669 1218 ἀχρηστότερον

1977 1232 2176 1302 γένοιτ’
2221 1233 2287 1286 άν
2309 1249 2321 1262 ·
2357 1233 2420 1286 οὑ
2456 1232 2564 1304 7&9
2609 1235 2642 1304 ή
2685 1232 2833 1304 ψυχή
2885 1233 3068 1302 μόνον,
3111 1232 3251 1288 ἀλλά
3287 1234 3382 1288 καὶ
3419 1235 3480 1287 τὸ
3509 1234 3672 1304 σῶμα

1977 1319 2074 1372 τοῦ
2105 1319 2174 1373 τὰ
2218 1319 2445 1373 τοιαῦτα
2481 1319 2746 1384 παθόντος
2785 1321 2981 1392 ἄτιμον
3010 1322 3122 1375 -ικαὶ
3161 1320 3312 1388 ἀξιον
3347 1321 3671 1376 ἐλαύνεσθαι

1981 1407 2344 1478 πανταχόθεν.
2375 1409 2547 1462 Πόσαι
2587 1409 2805 1477 γέενναι
2853 1407 3065 1472 τούτοις
3099 1409 3465 1481 ἀρκέσουσιν;
3507 1410 3569 1462 Εἴ
3612 1409 3672 1461 δὲ

1979 1493 2206 1567 γεέννης
2244 1497 2556 1567 καταγελᾷς
2586 1497 2802 1551 ἀκούων
2833 1499 2928 1551 καὶ
2960 1499 3234 1561 ἀπιστεῖς,
3263 1497 3442 1550 ἐκεῖνο
3474 1497 3536 1550 τὸ
3557 1496 3674 1570 πῦρ

1969 1585 2358 1658 ’ἀναμνήσθητι
2383 1585 2490 1641 τῶν
2521 1587 2802 1657 Σοδόμων·
2835 1587 3051 1658 εἴδομεν
3083 1588 3215 1658 7&9,
3245 1587 3462 1658 εἴδομεν
3494 1589 3586 1641 καὶ
3613 1589 3676 1641 ἐν

1981 1673 2056 1744 τῷ
2083 1674 2310 1745 παρόντι
2335 1672 2433 1742 βίῳ
2459 1674 2685 1744 γεέννης
2709 1675 2914 1728 εἰκόνα.
2953 1676 3174 1747 Ἐπειδὴ
3202 1676 3312 1746 7&9
3343 1674 3529 1729 πολλοὶ
3559 1677 3674 1739 τοῖς

1983 1763 2122 1832 μετά
2155 1763 2256 1833 τὴν
2288 1763 2590 1818 ἀνάστασιν
2619 1762 2846 1833 ἔμελλον
2875 1762 3183 1817 διαπιστεῖν
3202 1802 3217 1827 ,
3252 1763 3348 1818 νῦν
3380 1763 3676 1826 ἀκούοντες

1981 1849 2091 1921 πῦρ
2124 1851 2390 1904 ἄσϐεστον
2415 1847 2578 1915 εἶναι,
2607 1849 2715 1904 ἀπὺ
2739 1849 2848 1902 τῶν
2875 1839 3164 1922 παρόντων
3197 1850 3395 1914 αὐτοὺς
3423 1850 3674 1921 ἐσωφρό-

1979 1954 2128 1992 νισεν
2158 1940 2186 1991 6
2215 1939 2366 2001 Θεός.
2401 1938 2656 2001 Τοιοῦτος
2680 1937 2810 2006 γοῦν
2839 1938 2991 1992 ἐστιν
3019 1940 3047 1991 6
3072 1935 3324 2009 Σοδόμων
3342 1938 3676 2009 ἐμπρησμὸς

1979 2026 2074 2080 καὶ
2101 2027 2134 2096 ή
2167 2025 2512 2099 πυρπόλησις
2545 2025 2752 2096 ἐκείνη·
2787 2025 2883 2079 καὶ
2911 2026 3102 2079 ¹ἴσασιν
3131 2027 3178 2079 οί
3208 2025 3674 2096 παραγενόμενοι,

1979 2118 2076 2169 καὶ
2109 2118 2174 2186 τῇ
2213 2114 2314 2186 θέᾳ
2338 2114 2436 2186 τήν
2475 2113 2692 2186 πληγήν
2737 2114 2957 2183 ἐκείνην
2985 2113 3086 2185 τὴν
3125 2113 3390 2184 θεήλατον
3436 2115 3530 2167 καὶ
3563 2113 3677 2168 τῶν

1979 2204 2186 2258 ἀνωθεν
2236 2202 2522 2277 κεραυνῶν
2567 2203 2629 2257 τὸ
2672 2202 2834 2272 ἔργον
2877 2204 3100 2267 ίδόντες.
3163 2203 3452 2273 Ἐννόησον
3487 2202 3676 2273 ήλίκον

1980 2294 2098 2345 ἐστὶ
2130 2292 2194 2346 τὸ
2234 2293 2567 2363 ἁμάρτημα⁴
2613 2292 2689 2355 ὼς
2731 2290 3027 2361 βιάσασθαι
3055 2291 3153 2345 καὶ
3189 2291 3297 2362 πρὸ
3340 2291 3536 2361 καιροῦ
3575 2291 3678 2363 τὴν

1979 2370 2206 2451 γέενναν
2237 2381 2494 2451 φανῆναι.
2551 2381 2773 2452 Ἐπειδὴ
2812 2379 2924 2450 γὰρ
2959 2379 3145 2433 πολλοὶ
3179 2379 3289 2432 τῶν
3329 2379 3504 2446 λόγων
3542 2396 3680 2433 κατ-

1980 2468 2279 2539 εφρόνουν,
2338 2469 2427 2523 διὰ
2461 2469 2572 2522 τῶν
2611 2469 2789 2539 ἔργων
2839 2469 3025 2532 αὐτοῖς
3076 2467 3178 2538 τὴν
3234 2467 3453 2537 ἐκείνης
3491 2467 3678 2521 είκόνα

1981 2558 2258 2622 ἐπέδειξεν
2285 2559 2313 2611 6
2340 2557 2476 2620 Θεὸς
2505 2555 2680 2626 καινῷ
2713 2572 2818 2609 τινι
2845 2555 3055 2627 τρόπῳ.
3086 2555 3198 2608 Καὶ
3227 2554 3337 2626 7&9
3373 2554 3680 2626 παράδοξος

1978 2641 2048 2718 ἦν
2074 2648 2102 2699 6
2127 2645 2284 2710 ὑετὸς
2306 2645 2516 2708 ἐκεῖνος
2536 2686 2550 2706 ,
2591 2643 2780 2714 ἐπειδὴ
2805 2643 2900 2697 καὶ
2930 2643 3084 2716 παρὰ
3117 2644 3282 2713 φύσιν
3315 2645 3349 2716 ή
3382 2643 3550 2714 μίξις·
3584 2645 3681 2700 καὶ

1981 2734 2285 2789 κατέκλυσε
2324 2733 2423 2806 τήν
2463 2734 2602 2804 γῆν,
2640 2732 2832 2803 ἐπειδὴ
2865 2733 2961 2785 καὶ
3006 2731 3107 2794 τὰς
3146 2731 3372 2785 ἐκείνων
3420 2732 3602 2802 ψυχάς
3643 2735 3680 2804 ή

1981 2822 2271 2893 ἐπιθυμία.
2303 2823 2395 2875 Διὸ
2420 2823 2515 2875 καὶ
2544 2821 2874 2885 ἀπεναντίας
2902 2817 2972 2892 ἦν
2999 2821 3028 2874 6
3055 2821 3210 2886 ὑετὸς
3236 2819 3314 2891 τῷ
3346 2820 3591 2892 συνήθει·
3617 2820 3680 2875 οὑ

1980 2909 2094 2982 7&9
2123 2921 2147 2950 ο
2177 2910 2339 2981 μόνον
2369 2911 2430 2964 οὑ
2465 2909 2707 2980 διήγειρε
2728 2909 2829 2980 τὴν
2866 2907 3115 2979 γαστέρα
3149 2907 3252 2978 τῆς
3275 2907 3380 2978 γῆς
3413 2909 3549 2981 πρὸς
3579 2909 3682 2980 τὴν

1980 2999 2091 3052 τῶν
2118 2997 2351 3069 καρπῶν
2380 2997 2615 3065 γένεσιν,
2638 2996 2778 3050 ἀλλά
2807 2996 2901 3049 καὶ
2929 2996 3069 3066 πρὸς
3088 2995 3190 3066 τὴν
3211 2995 3484 3067 ὑποδοχὴν
3507 2996 3684 3068 αὐτὴν

1980 3085 2092 3140 τῶν
2115 3087 2452 3155 σπερμάτων
2470 3085 2747 3156 ἄχρηστον
2771 3084 2968 3138 ἐποίει.
2995 3084 3234 3156 Τοιαύτη
3259 3083 3369 3156 7&9
3385 3080 3507 3156 ἦνή
3533 3084 3683 3155 μίξις

1982 3174 2092 3227 τῶν
2110 3174 2324 3245 ἀνδρῶν
2342 3174 2441 3243 τῆς
2465 3174 2568 3243 γῆς
2588 3173 2863 3242 Σοδόμων,
2890 3173 2950 3226 16
2971 3171 3215 3226 τοιοῦτον
3239 3171 3400 3243 σῶμα
3417 3173 3560 3244 άχρη
3569 3171 3685 3226 στό-

1981 3278 2142 3334 τερον
2179 3263 2580 3331 ἀποφαίνουσα.
2609 3261 2675 3314 Τί
2705 3260 2812 3332 γὰρ
2852 3261 3050 3333 ἀνδρὸς
3091 3258 3542 3331 πεπορνευμένον
3579 3277 3684 3330 μυ-

1984 3351 2334 3422 σαρὼτερονς
2376 3351 2429 3403 τί
2462 3351 2520 3405 δὲ
2558 3350 2958 3423 ἐναγέστερον;
3002 3352 3066 3404 Ὠ
3100 3351 3200 3422 τῆς
3237 3351 3461 3421 μανίαςί
3496 3349 3541 3402 ὦ
3584 3350 3687 3420 τῆς

1983 3438 2375 3510 παραπληξίας
2398 3438 2413 3493 ί
2453 3437 2619 3490 πόθεν
2645 3437 3028 3509 είσεκώμασεν
3051 3439 3084 3508 ή
3127 3436 3398 3507 ἐπιθυμία
3423 3434 3589 3506 αὕτη,
3615 3436 3686 3490 τὰ

1981 3527 2093 3580 τῶν
2120 3527 2400 3598 πολεμίων
2424 3526 2729 3580 διατιθεῖσα
2756 3526 2855 3595 τὴν
2880 3526 3231 3597 ἀνθρωπίνην
3256 3525 3439 3596 φύσιν,
3478 3524 3686 3597 μᾶλλον

1982 3612 2041 3666 δέ
2088 3614 2185 3666 καὶ
2237 3599 2466 3667 ἐκείνων
2513 3613 2896 3685 χαλεπωτέρα,
2940 3614 3051 3684 ὅσῳ
3104 3613 3201 3667 καὶ
3241 3612 3388 3684 ψυχὴ
3429 3611 3686 3683 σώματος

1984 3698 2264 3768 ἀμείνων;
2295 3695 2369 3751 *Ω
2397 3700 2491 3753 καὶ
2520 3700 2734 3766 ἀλόγων
2767 3700 2929 3770 ὑμεῖς
2954 3700 3334 3770 ἀνοητότεροι,
3371 3699 3465 3752 καὶ
3500 3700 3692 3753 κυνῶν

1985 3787 2392 3859 ἀναιδέστεροιί
2421 3787 2676 3858 Οὑδαμοῦ
2692 3788 2802 3860 7&9
2831 3787 3058 3858 τοιαύτη
3090 3787 3239 3857 μίξις
3269 3788 3401 3858 παρ’
3426 3788 3683 3855 ἐκείνοις,

1985 3875 2100 3928 ἀλλ’
2145 3873 2504 3944 ἐπιγινώσκει
2541 3877 2672 3939 τοὺς
2708 3875 2874 3937 ίδίους
2911 3875 3070 3945 ὅρους
3113 3876 3146 3946 ή
3189 3874 3383 3944 φύσις·
3428 3875 3588 3946 ὑμεῖς
3627 3876 3684 3929 δὲ

1986 3966 2082 4017 καὶ
2133 3963 2243 4016 τῶν
2295 3962 2508 4030 ἀλόγων
2564 3962 2892 4032 ἀτιμότερον
2935 3964 2996 4015 τὸ
3044 3963 3202 4030 γένος
3237 3963 3574 4034 εἰργάσασθε
3623 3965 3686 4017 τὸ

1986 4050 2255 4122 ὑμέτερον
2309 4049 2758 4120 καθυϐρίζοντες.
2813 4049 2987 4104 Πόθεν
3020 4047 3112 4104 οὖν
3156 4050 3333 4104 ταῦτα
3386 4051 3583 4122 ἐτέχθη
3615 4051 3686 4106 τὰ

1990 4133 2171 4199 κακά;
2207 4134 2344 4187 Ἀπὸ
2372 4134 2606 4206 τρυφῆς,
2633 4135 2740 4186 ἀπὸ
2768 4133 2864 4186 τοῦ
2895 4135 2970 4204 μὴ
2995 4133 3194 4187 εἰδέναι
3217 4136 3350 4189 Θεόν
3376 4151 3388 4162 ·
3419 4138 3549 4189 ὅταν
3573 4136 3686 4205 γάρ

1991 4222 2264 4277 ἐκϐάλωσι
2295 4239 2441 4285 τινες
2477 4222 2643 4276 αὑτοῦ
2678 4222 2770 4275 τὸν
2817 4221 3004 4290 φόϐον,
3042 4223 3222 4284 πάντα
3253 4222 3462 4294 οἴχεται
3495 4224 3685 4278 λοιπὸν

1985 4310 2056 4364 τὰ
2081 4312 2242 4365 καλά.

2041 4469 2120 4523 δ’.
2147 4469 2249 4523 Ἷν’
2279 4463 2373 4523 οὖν
2422 4469 2497 4540 μὴ
2526 4468 2686 4524 τοῦτο
2724 4468 2972 4541 γένηται,
3004 4469 3220 4541 ἔχωμεν
3252 4470 3359 4543 πρὸ
3388 4472 3687 4543 ὀφθαλμῶν

1987 4557 2192 4630 ἀκριϐῆ
2227 4559 2319 4613 τὸν
2365 4560 2460 4613 τοῦ
2492 4559 2630 4613 Θεοῦ
2675 4560 2861 4628 φόϐον.
2908 4561 3077 4614 Οὐδὲν
3125 4561 3256 4634 γὰρ,
3305 4563 3464 4615 οὑδέν
3508 4563 3686 4626 οὕτως

1987 4646 2286 4700 ἀπόλλυσιν
2323 4646 2649 4717 ἄνθρωπον,
2684 4649 2760 4711 ὡς
2794 4649 2855 4702 16
2896 4651 3101 4718 ταύτης
3146 4650 3402 4704 ἐκπεσεῖν
3446 4651 3548 4721 τῆς
3587 4653 3689 4721 ἀγ-

1989 4734 2166 4806 κύρας
2185 4750 2198 4763 '
2225 4734 2416 4807 ὥσπερ
2443 4736 2596 4788 οὐδὲν
2627 4735 2815 4810 σώζει,
2829 4738 2915 4801 ὼς
2935 4737 2993 4790 16
3014 4738 3282 4809 διηνεκῶς
3301 4740 3418 4792 ἐκεῖ
3441 4738 3684 4810 βλέπειν.

1990 4823 2054 4875 Εἰ
2087 4823 2197 4894 7&9
2224 4822 2514 4894 ἄνθρωπον
2542 4825 2763 4895 ἔχοντες
2807 4807 2917 4896 πρὸ
2961 4807 3259 4897 ὀφθαλμῶν
3281 4866 3296 4889 ,
3326 4807 3686 4901 ὀκνηρότερος.

1990 4911 2256 4982 γινόμεθα
2285 4913 2414 4982 περὶ
2443 4912 2511 4964 τὰ
2543 4913 2940 4983 ἁμαρτήματα,
2967 4913 3229 4977 πολλάκις
3258 4914 3316 4968 δέ
3341 4914 3436 4968 καὶ
3465 4915 3688 4979 οίκέτας

1992 4999 2420 5070 ἐρυθριάσαντες
2443 5001 2909 5071 ἐπιεικεστέρους,
2935 5001 3089 5056 οὐδὲν
3113 5003 3430 5073 πράττομεν
3460 5005 3682 5066 ἄτοπον.

1992 5087 2247 5156 ἐννόησον
2273 5087 2454 5156 πόσης
2488 5088 2874 5157 ἀπολαύσομεν
2907 5089 3212 5156 ἀσφαλείας
3234 5131 3248 5154 ,
3281 5092 3374 5144 τὸν
3414 5092 3548 5146 θεὸν
3579 5093 3688 5163 πρὸ

1993 5173 2287 5244 ὀφθαλμῶν
2321 5174 2556 5244 ἔχοντες.
2598 5176 2854 5246 Ούδαμοῦ
2885 5177 2992 5247 γάρ
3023 5180 3050 5230 6
3078 5165 3325 5242 διάϐολος
3367 5181 3501 5251 ἡμῖν
3542 5180 3688 5236 οὕτω

1992 5262 2359 5332 διακειμένοις
2407 5263 2764 5334 ἐπιθήσεται,
2814 5267 2907 5318 ἆτε
2960 5267 3198 5335 ἀνόνητα
3251 5268 3463 5321 πονῶν·
3508 5268 3576 5322 ἂν
3627 5270 3686 5323 δέ

1995 5350 2385 5420 πλανωμένους
2424 5350 2559 5415 ἔξω,
2604 5353 2698 5404 καὶ
2737 5353 2908 5422 χωρὶς
2950 5353 3170 5423 χαλινοῦ
3219 5358 3533 5425 περιιόντας
3575 5357 3682 5430 ἴδῃ,

1995 5441 2123 5508 παρ’
2163 5439 2324 5508 ἡμῶν
2361 5438 2542 5492 λαϐὼν
2581 5441 2680 5510 τὴν
2725 5441 2923 5511 ἀρχὴν,
2975 5442 3127 5514 [459]
3170 5445 3449 5514 πανταχοῦ
3497 5445 3688 5500 λοιπὸν

1995 5530 2143 5598 ἡμᾶς
2178 5527 2618 5598 ἀποδουκολῆσαι
2659 5529 2974 5600 δυνήσεται.
3024 5533 3135 5586 Καὶ
3178 5533 3316 5604 ὅπερ
3356 5535 3404 5585 οἱ
3450 5534 3688 5605 ρᾀυμοι

1992 5616 2102 5669 τῶν
2127 5616 2355 5669 οἰκετῶν
2385 5617 2689 5687 πάσχουσιν
2723 5618 2809 5671 ἐπ’
2839 5619 3069 5689 ἀγορᾶς,
3111 5620 3210 5683 τὰς
3250 5621 3347 5691 μὲν
3379 5622 3689 5690 ἀναγκαίας

1995 5705 2225 5772 ἀφέντες
2247 5703 2547 5767 διακονίας,
2576 5706 2660 5774 ἐφ’
2691 5706 2755 5768 ἃς
2790 5707 2927 5758 εἰσιν
2962 5708 3365 5778 ἀπεσταλμένοι
3396 5712 3549 5782 παρά
3577 5713 3688 5769 τῶν

1994 5791 2294 5857 δεσποτῶν,
2321 5792 2506 5855 ἁπλῶς
2531 5793 2588 5845 δὲ
2622 5794 2714 5845 καὶ
2741 5794 2861 5862 εἰκῆ
2895 5796 3007 5857 τοῖς
3030 5797 3483 5866 παρεμπίπτουσι
3518 5817 3688 5873 προσ-

2062 5987 2084 6056 ξί
2114 5989 2167 6056 .\'I
2202 5991 2597 6047 ἀποτμηθέντες.
2685 5990 2701 6008 ⁸
2737 5986 2905 6040 Alius.
2944 5992 3082 6058 ’ὑετὸς
3113 6009 3192 6050 της
3251 5993 3477 6050 συνήθους
3525 6000 3681 6058 φορᾶς.

2009 6053 2077 6097 Οιζπ
2103 6053 2203 6109 γάρ.
2253 6055 2369 6107 Qua:
2402 6054 2550 6100 lccuo
2577 6064 2672 6100 neu
2702 6064 2864 6113 :pcm-
2897 6053 3002 6100 ,λύω
