4108 6340
542 422 643 478 421
1279 417 1336 473 S.
1377 418 1661 473 JOANNIS
1707 415 2199 473 CHRYSOSTOMI

537 535 844 607 ηλούμενοι,
874 534 965 586 καὶ
1008 533 1106 602 τὴν
1143 533 1338 603 σχολὴν
1368 537 1482 585 ἐκεῖ
1509 533 2013 595 καταναλίσκοντες,
2041 531 2194 585 τοῦτο

538 625 633 676 καὶ
664 626 821 693 ἡμεῖς
853 623 1215 689 ὑπομένομεν,
1245 623 1373 674 ὅταν
1399 620 1724 689 άποστῶμεν
1751 620 1855 671 τῶν
1889 620 2196 687 ἐπιταγμά-

535 728 647 764 των
690 710 781 761 τοῦ
824 708 979 761 Θεοῦ.
1040 708 1378 777 Ἐστήκαμεν
1419 706 1525 776 γάρ
1568 706 1750 759 λοιπὸν
1800 704 2025 757 πλοῦτον
2066 706 2195 758 θαυ-

539 797 818 864 μάζοντες,
856 796 947 847 καὶ
992 795 1187 857 κάλλος
1229 795 1500 864 σώματος,
1537 792 1724 846 καὶτὰ
1764 793 1897 846 ἁλλα
1924 792 1991 844 τά
2031 792 2195 862 μηδὲν

536 884 672 954 πρὸς
701 884 865 953 ἡμᾶς,
900 882 1088 951 ῶσπερ
1119 884 1319 934 ἐκεῖνοι
1345 883 1392 933 οί
1429 881 1638 933 οἰκέται
1677 880 1783 932 τῶν
1818 879 2059 939 ,ἐπαιτῶν⁸
2084 882 2197 939 τοῖς

534 968 994 1039 θαυματοποιοῦσι
1048 967 1436 1038 προσέχουσιν,
1488 962 1605 1019 εἶτα
1658 966 1901 1027 ἐλθόντες
1936 965 2194 1035 βραδέως,

532 1057 667 1107 οἴκοι
690 1055 787 1117 τὰς
814 1056 1041 1123 ἐσχάτας
1070 1054 1400 1122 ὑπομένουσι
1426 1053 1658 1121 πληγάς.
1686 1052 1875 1103 Πολλοὶ
1894 1051 1947 1103 δὲ
1980 1052 2073 1103 καὶ
2099 1051 2197 1120 τὴν

532 1143 648 1194 ὁδὸν
678 1142 775 1211 τὴν
806 1140 1165 1211 προκειμένην
1197 1140 1495 1210 παρῆλθον,
1531 1140 1738 1209 ἑτέροις
1769 1139 1990 1191 τοιαῦτα
2023 1140 2195 1207 ἀσχη-

536 1227 785 1296 μονοῦσιν
806 1225 1237 1288 ἀκολουθοῦντες.
1276 1226 1433 1278 Ἀλλά
1457 1225 1531 1294 μὴ
1560 1227 1719 1294 ἡμεῖς
1744 1223 1899 1277 τοῦτο
1926 1224 2193 1293 ποιῶμεν·

534 1315 625 1367 καλ⁵
654 1314 759 1383 γάρ
786 1316 888 1367 ἀπε
900 1298 1174 1383 στάλμεθα
1199 1313 1391 1366 ἁνύσαι
1413 1312 1579 1365 πολλὰ
1601 1312 1706 1364 τῶν
1733 1313 2194 1378 κατεπειγόντων,

533 1402 634 1454 κᾶν
663 1401 890 1470 ἀφέντες
920 1402 1101 1453 ἐκεῖνα
1134 1400 1344 1469 στῶμεν
1380 1400 1669 1469 κεχηνότες
1696 1400 1828 1470 πρὸς
1860 1400 1927 1452 τά
1960 1400 2196 1468 ἀνόνητα

530 1488 719 1551 ταῦτα,
760 1487 1123 1551 ἀναλωθέντος
1152 1490 1278 1557 ἡμῖν
1312 1485 1405 1539 τοῦ
1459 1486 1653 1556 καιροῦ
1704 1486 1901 1549 παντὸς
1941 1486 2061 1556 εἰκῆ
2102 1486 2196 1539 καὶ

534 1574 730 1643 μάτην,
764 1575 862 1644 τὴν
894 1576 1126 1644 ἐσχάτην
1148 1573 1388 1643 δώσομεν
1410 1574 1587 1644 δίκην.
1617 1575 1678 1626 EE
1702 1575 1807 1644 γάρ
1834 1574 1925 1627 καὶ
1948 1572 2193 1643 ἀσχολεῖν

531 1662 707 1731 βούλει
739 1662 932 1715 σαυτὸν
952 1702 965 1723 ,
997 1662 1137 1731 ἔχεις
1172 1661 1207 1714 ἁ
1239 1660 1539 1731 θαυμάζειν
1572 1662 1836 1729 ὀφείλεις,
1874 1662 1967 1713 καὶ
1998 1660 2123 1730 περὶ
2146 1659 2195 1731 ,ἀ

531 1748 817 1818 κεχηνέναι
840 1749 1013 1800 πάντα
1032 1748 1123 1800 τὸν
1145 1748 1352 1818 χρόνον·
1374 1750 1515 1819 ἆπερ
1531 1750 1590 1801 οὐ
1616 1749 1847 1817 γέλωτός
1872 1750 2018 1801 ἐστιν
2041 1748 2187 1812 ἀξια,

529 1836 661 1887 ἀλλά
688 1835 958 1905 θαύματος
997 1837 1091 1889 κα.)⁵
1116 1836 1351 1888 ἐπαίνων
1387 1835 1613 1900 πολλῶν,
1638 1837 1711 1898 ώς
1737 1838 1764 1889 ὅ
1795 1852 1855 1904 γε
1905 1835 1973 1887 τά
2019 1852 2184 1888 κατα-

526 1921 765 1988 γέλαστα
798 1922 1107 1991 θαυμάζων,
1138 1923 1232 1975 καὶ
1260 1922 1417 1984 αὐτὸς
1445 1923 1594 1976 ἔσται
1626 1922 1865 1985 τοιοῦτος
1887 1932 1929 1984 ⁸,
1978 1922 2070 1975 καὶ
2102 1920 2195 1974 τοῦ

526 2008 1011 2078 γελωτοποιοῦντος
1037 2011 1255 2081 χείρων·
1276 2012 1411 2080 ὅπερ
1430 2011 1514 2063 ἶνα
1542 2010 1615 2081 μὴ
1630 2011 1826 2080 πάθῃς,
1844 2010 2195 2080 ἁποπήδησον

532 2095 765 2165 ταχέως.

596 2182 661 2234 Τί
708 2182 815 2252 γὰρ
864 2184 956 2236 καὶ
1004 2183 1257 2254 ἕστηκας,
1302 2184 1419 2237 εἰπέ
1473 2201 1599 2255 μοι,
1638 2184 1771 2255 πρὸς
1822 2184 1912 2239 τὸν
1965 2183 2193 2238 πλοῦτον

525 2268 769 2338 κεχηνὼς
814 2270 904 2321 καὶ
953 2270 1429 2344 ἀνεπτερωμένος;
1470 2272 1521 2323 τί
1561 2270 1874 2340 θαυμαστὸν
1924 2273 2055 2342 ὁρᾷς
2099 2274 2192 2325 καὶ

524 2352 705 2403 ίκανόν
743 2350 835 2404 σου
863 2352 1330 2423 τοῦςνόφθαλμοῦς
1364 2356 1692 2423 κατασχεῖν;
1743 2356 1869 2417 τοὺς
1916 2371 2190 2423 χρυσοφο-

524 2438 751 2507 ροῦντας
776 2440 993 2504 ἵππους,
1036 2442 1129 2494 καὶ
1174 2442 1299 2505 τοὺς
1332 2442 1547 2505 οίκέτας
1578 2445 1702 2507 τοὺς
1738 2444 1833 2512 μὲν
1861 2442 2185 2513 βαρϐάρους,

520 2524 647 2589 τοὺς
697 2526 753 2577 δέ
805 2527 1124 2597 εὐνούχους,
1161 2529 1251 2580 καὶ
1288 2529 1355 2582 τά
1402 2530 1590 2599 ίμάτια
1641 2530 1706 2582 τά
1753 2529 2058 2597 πολυτελῆ,
2093 2528 2187 2580 καὶ

520 2612 620 2679 τὴν
673 2614 1257 2683 καταμαλακιξομένην
1313 2616 1371 2668 ὲν
1418 2617 1627 2679 τούτοις
1674 2617 1890 2686 ψυχὴν,
1950 2616 2042 2669 καὶ
2084 2616 2185 2685 τὴν

520 2698 935 2769 ἀνεσπασμένην
988 2703 1197 2772 ὀφρὺν,
1244 2703 1468 2765 καὶτὰς
1512 2703 1883 2771 περιδρομὰς,
1920 2703 2013 2755 καὶ
2061 2702 2185 2763 τοὺς

519 2790 814 2860 θορύϐους;
880 2792 989 2845 Καὶ
1052 2794 1153 2846 ποῦ
1226 2796 1398 2849 ταῦτα
1455 2796 1581 2860 ἀξια
1645 2796 1950 2866 θαύματοςς
2016 2797 2068 2848 τί
2127 2796 2185 2849 δὲ

580 2994 596 3017 ⁸
626 2997 847 3060 Quidam,
871 3003 1002 3050 ἔσται
1035 3004 1259 3059 πολλάκις
1282 3003 1507 3059 τοιοῦτος.

2253 417 2571 472 ARCHIEP.
2617 414 3157 472 CONSTANTINOP.

3855 417 3885 471 4
3896 411 3957 469 2‘2

2298 526 2442 585 οῦτοι
2484 534 2593 587 τῶν
2634 533 2869 586 ἐπαιτῶν
2912 532 3223 599 διεστήκασι
3280 530 3386 582 τῶν
3431 530 3813 601 ὀρχουμένωι,
3871 532 3961 585 καὶ

2301 621 2625 690 συριζόντων
2662 622 2752 673 ἐπὶ
2784 622 2880 688 τῆς
2911 622 3146 689 ἀγορᾶς
3193 618 3302 670 Καὶ
3348 618 3456 688 γὰρ
3494 619 3587 670 καὶ
3637 613 3783 671 οὗτοι
3835 620 3961 671 πολ-

2298 706 2372 774 λῷ
2428 706 2503 775 τῷ
2562 705 2704 775 λιμῷ
2771 708 2867 775 τῆς
2928 706 3130 774 ἀρετῆς
3199 704 3589 773 κατεχόμενοι,
3643 704 3959 774 χορεύουσιν

2297 791 2518 843 ἐκείνων
2595 793 2814 861 χορείαν
2884 790 3454 861 καταγελαστοτέραν,
3532 792 3792 859 ἀγόμενοι
3866 793 3960 843 καὶ

2299 879 2704 949 περιαγόμενοι,
2742 878 2833 931 νῦν
2866 879 2961 948 μὲν
2996 879 3077 941 εἰς
3108 877 3387 948 τραπέζας
3419 877 3747 940 πολυτελεῖς,
3782 877 3881 930 νῦν
3906 877 3959 930 δὲ

2296 970 2375 1027 εἰς
2430 965 2857 1034 ἐταιριζομένων
2907 965 3182 1030 γυναικῶν
3231 963 3590 1030 καταγώγιον,
3637 963 3730 1014 νῦν
3775 964 3829 1015 δὲ
3883 965 3962 1027 εἰς

2298 1051 2539 1103 κολάκων
2563 1050 2761 1119 ἐσμοὺς
2801 1050 2828 1088 ι)
2864 1049 2959 1101 καὶ
2982 1049 3300 1120 παρασίτων
3331 1049 3549 1117 πλῆθος.
3593 1050 3651 1101 EE
3681 1049 3737 1102 δέ
3764 1066 3963 1119 χρυσο-

2298 1136 2540 1208 φοροῦσι,
2569 1136 2655 1189 διὰ
2694 1136 2850 1189 τοῦτο
2880 1136 3117 1205 μάλιστα
3146 1135 3389 1197 ἐλεεινοί,
3415 1137 3495 1187 ὃτι
3522 1136 3589 1187 τά
3615 1136 3786 1206 μηδὲν
3826 1138 3964 1207 πρὸς

2297 1230 2490 1291 αὐτοὺς
2532 1226 2973 1298 περισπούδαστα
3002 1228 3184 1288 αὐτοῖς
3219 1224 3416 1295 μᾶλλόν
3446 1227 3571 1278 εἰσι.
3612 1226 3702 1296 Μὴ
3731 1226 3841 1295 γάρ
3874 1242 3964 1295 μοι

2297 1316 2365 1367 τά
2398 1316 2591 1385 ἱμάτια
2618 1315 2755 1387 ἴδῃς,
2788 1314 2921 1367 ἀλλά
2950 1312 3292 1381 ἀνακάλυψον
3317 1312 3497 1366 αὐτῶν
3519 1312 3615 1383 τὴν
3635 1313 3839 1381 ψυχὴν,
3873 1314 3965 1365 καὶ

2298 1404 2571 1472 σκόπησον
2611 1405 2658 1455 εἰ
2700 1404 2775 1473 μὴ
2808 1402 3017 1472 μυρίων
3062 1401 3221 1470 γέμει
3269 1400 3632 1471 τραυμάτων,
3666 1400 3761 1451 καὶ
3797 1401 3966 1468 ῥάκια

2298 1489 2706 1559 περιϐέϐληται,
2738 1489 2830 1541 καὶ
2862 1488 3007 1541 ἔστιν
3041 1487 3243 1557 ἔρημος
3277 1487 3371 1539 καὶ
3403 1487 3862 1555 ἁπροστάτευτος.
3901 1488 3966 1540 Τί

2294 1574 2386 1631 οῦν
2429 1578 2619 1646 ὄφελος
2659 1577 2757 1646 τῆς
2793 1576 2897 1640 ἔξω
2939 1576 3172 1645 μανίας;
3216 1576 3325 1627 Καὶ
3368 1575 3477 1644 γὰρ
3526 1574 3706 1644 πολλῷ
3754 1574 3966 1644 βέλτιον

2297 1665 2504 1722 πένητα
2553 1661 2693 1718 εἶναι
2734 1666 2791 1717 ἐν
2839 1663 3007 1734 ἀρετῇ
3058 1661 3324 1733 ζῶντα,ἢ
3377 1662 3599 1732 βασιλέα
3650 1663 3778 1715 ὄντα
3824 1662 3970 1733 μετά

2298 1751 2579 1821 πονηρίας.
2616 1752 2672 1803 'U
2702 1750 2800 1820 μὲν
2825 1750 2933 1820 γὰρ
2958 1749 3124 1818 πένης
3151 1748 3278 1818 παρ’
3304 1749 3480 1818 ἐαυτῷ
3502 1748 3761 1801 ἀπολαύει
3784 1750 3967 1817 πάσης

2296 1838 2393 1907 τῆς
2422 1838 2561 1890 κατά
2583 1836 2758 1906 ψυχὴν
2788 1836 3019 1906 τρυφῆς,
3047 1835 3141 1887 καὶ
3162 1836 3282 1888 ούδέ
3302 1836 3401 1904 τῆς
3428 1836 3626 1901 ἔξωθεν
3648 1835 3969 1889 αἰσθάνεται

2297 1924 2485 1987 πενίας
2521 1923 2607 1976 διά
2634 1925 2723 1976 τὸν
2753 1922 2899 1975 ἔνδον
2932 1921 3161 1975 πλοῦτον
3184 1938 3195 1949 ·
3228 1923 3257 1974 ὁ
3284 1922 3339 1975 δέ
3369 1922 3620 1992 βασιλεὺς
3650 1922 3880 1993 τρυφῶν
3912 1924 3968 1975 ἐν

2294 2014 2405 2075 τοῖς
2459 2011 2610 2064 οὐδὲν
2658 2010 2806 2079 αὐτῷ
2840 2012 3241 2082 προσήκουσιν,
3288 2010 3347 2061 ἐν
3388 2013 3501 2073 τοῖς
3551 2010 3790 2080 μάλιστα
3817 2010 3971 2080 αὐτῷ

2291 2098 2607 2169 διαφέρουσι
2643 2097 2949 2162 κολάζεται,
2994 2099 3053 2150 ἐν
3088 2096 3233 2168 ψυχῇ
3272 2098 3366 2151 καὶ
3410 2096 3689 2168 λογισμοῖς
3742 2099 3846 2155 καὶ
3891 2097 3973 2167 τῷ

2294 2190 2553 2243 συνειδότι
2588 2200 2635 2251 ο,
2666 2191 2778 2251 τοῖς
2810 2189 2927 2241 ἐκεῖ
2956 2186 3423 2256 συναποδημοῦσιν
3461 2186 3626 2256 αὐτῷ.
3667 2186 3834 2240 Ταῦτ’
3876 2182 3969 2240 οὖν

2292 2278 2514 2341 ειδότες,
2538 2276 2606 2329 τὰ
2636 2277 2734 2347 μὲν
2763 2276 2950 2346 ἱμάτια
2974 2274 3304 2345 ἀποθώμεθα
3326 2274 3395 2327 τὰ
3417 2274 3613 2344 χρυσᾶ,
3641 2273 3968 2343 ἀνελώμεθα

2291 2365 2348 2417 δὲ
2378 2364 2579 2434 ἀρετὴν
2614 2363 2707 2415 καὶ
2734 2363 2832 2432 τὴν
2867 2364 2928 2415 ἐκ
2968 2362 3170 2432 ταύτης
3191 2362 3403 2432 ἡδονήν.
3438 2360 3594 2413 υῦτω
3621 2360 3729 2430 γὰρ
3758 2362 3852 2413 καὶ
3884 2363 3965 2412 ἐνο

2290 2452 2461 2504 ταῦθα
2498 2452 2591 2502 καὶ
2636 2453 2752 2503 ἐκεῖ
2800 2449 3001 2516 πολλῆς
3033 2448 3414 2517 ἀπολαύσομεν
3457 2448 3555 2517 τῆς
3584 2446 3829 2517 τρυφῆς,
3876 2447 3967 2500 καὶ

2286 2540 2395 2591 τῶν
2443 2538 2866 2608 ἐπηγγελμένων
2906 2536 3252 2605 ἐπιτύχωμεν
3295 2534 3443 2606 [460]
3479 2535 3737 2601 ἀγαθῶν,
3781 2534 3967 2603 χάριτι

2288 2628 2383 2679 καὶ
2415 2624 2798 2695 φιλανθρωπίᾳ
2820 2624 2915 2683 τοῦ
2936 2624 3142 2693 Κυρίου
3168 2621 3323 2692 ἡμῶν
3357 2621 3528 2689 Ἰησοῦ
3555 2619 3815 2691 Χριστοῦ,
3847 2620 3965 2690 μεθ’

2286 2706 2347 2764 οὗ
2378 2712 2453 2781 τῷ
2484 2712 2660 2779 Ila-:01
2690 2711 2888 2781 καὶτῷ
2917 2711 3057 2780 ἁγίῳ
3088 2710 3363 2780 Πνεῦματι
3387 2709 3533 2775 δόξα,
3565 2709 3697 2779 τιμὴ
3718 2749 3734 2770 ,
3762 2708 3964 2779 κράτος
4067 2728 4075 2747 ι

2285 2800 2380 2854 νῦν
2412 2799 2507 2852 καὶ
2532 2800 2617 2851 ἀεὶ
2648 2800 2743 2852 καὶ
2774 2802 2849 2862 εἰς
2882 2801 3007 2862 τοὺς
3038 2798 3241 2862 αίῶνας
3270 2798 3379 2851 τῶν
3409 2798 3641 2852 αἰώνων.
3690 2796 3893 2867 Ἀμήν.

2327 2946 2375 3055 δι’,
2395 2948 2496 3007 AL,
2517 2948 2739 2995 κολάκων
2763 2949 2927 3008 δῆμον.
2994 2950 3016 2979 θ
3040 2946 3160 3007 Alii,
3182 2948 3229 2995 ἐν
3252 2952 3309 3009 τῇ
3335 2949 3461 3010 ψυχῇ
3491 2945 3637 2995 αὐτοῦ
3659 2947 3740 2994 καὶ
3767 2947 3838 3009 τῷ
3856 2962 3965 2993 συν-

2355 3024 2446 3055 οτι.

2283 3023 2446 3055 ειοοτι.

620 3142 3862 3170 Μ

2122 3274 2364 3328 ΟΜΙΛΙΑ
2404 3275 2476 3330 E‘.

519 3386 724 3451 Καθὼς
749 3387 858 3440 οὐκ
885 3386 1254 3457 ἐδοκίμασαν
1299 3386 1404 3439 τὸν
1457 3388 1607 3440 Θεὸν
1640 3388 1806 3457 ἔχειν
1844 3388 1912 3442 ἐν
1940 3389 2187 3457 ἐπιγνώ-

587 3472 702 3517 σει,
729 3455 1069 3528 παρέδωκεν
1096 3459 1127 3509 ό
1153 3459 1300 3528 Θεὸς
1332 3458 1556 3523 αὐτοὺς
1591 3455 1680 3524 εἰς
1704 3458 1994 3528 ἀδόκιμον
2011 3455 2185 3525 νοῦν,

588 3526 782 3579 ποιεῖν
810 3526 879 3578 τὰ
895 3528 981 3593 μὴ
1013 3525 1377 3592 καθήκοντα.

588 3636 657 3683 α’.
688 3630 805 3682 ἰνα
846 3629 920 3699 μὴ
952 3630 1078 3700 δόξῃ
1112 3630 1307 3692 αὐτοὺς
1338 3630 1686 3697 αἰνίττεσθαι,
1718 3632 1808 3684 ἐπὶ
1830 3632 1963 3685 πολὺ
1984 3633 2061 3701 τῷ
2092 3634 2191 3703 τῆς

520 3717 913 3785 παιδεραστίας
954 3716 1302 3787 ἐνδιατρίϐων
1369 3717 1553 3787 λόγῳ,
1601 3718 1802 3788 μετέϐη
1858 3720 2039 3772 λοιπὸν
2092 3721 2189 3789 ἐφ’

520 3810 682 3881 ἔτερα
710 3808 825 3877 είδη
863 3808 1273 3878 ἁμαρτημάτων
1304 3824 1316 3835 ·
1343 3808 1423 3861 διδ
1476 3809 1568 3862 καὶ
1622 3810 1706 3877 ἐφ’
1759 3810 1962 3879 ἐτέρων
2020 3826 2189 3881 προσ-

521 3897 685 3949 ώπων
722 3896 951 3966 προάγει
976 3897 1067 3949 τὸν
1098 3896 1253 3963 λόγον
1306 3895 1540 3951 ἁπαντα.
1580 3897 1689 3949 K01
1739 3896 1928 3967 ὥσπερ
1958 3898 2044 3950 ἀεὶ
2076 3899 2189 3960 τοῖς

525 3986 735 4045 πιστοῖς
757 3983 1137 4053 διαλεγόμενος
1178 3984 1305 4054 περὶ
1344 3984 1773 4053 ἁμαρτημάτων,
1804 3985 1899 4038 καὶ
1934 3985 2189 4055 βουλόμε-

524 4087 609 4131 νος
629 4070 800 4123 ταῦτα
832 4070 998 4135 δεῖξαι
1043 4072 1269 4137 φευκτὰ,
1318 4070 1559 4141 παράγει
1604 4072 1682 4133 εἰς
1731 4072 1893 4141 μέσον
1928 4072 1997 4124 τὰ
2031 4072 2181 4141 ἔθνη,

522 4157 696 4225 λέγων
742 4174 755 4187 ·
802 4158 897 4225 Μὴ
942 4158 1011 4210 ἐν
1068 4158 1239 4211 πάθει
1289 4160 1623 4228 ἐπιθυμίας,
1678 4160 1941 4227 καθάπερ
1993 4161 2089 4213 καί
2117 4161 2187 4215 τὰ

523 4245 703 4298 λοιπὰ
728 4244 871 4311 ἔθνη
907 4246 978 4299 τὰ
996 4245 1081 4314 μὴ
1114 4245 1311 4299 εἰδότα
1354 4247 1457 4301 τὸν
1493 4250 1642 4301 Θεόν
1674 4265 1689 4277 ·
1721 4249 1813 4301 καὶ
1856 4248 2037 4315 πάλιν,
2088 4250 2183 4317 Μὴ

522 4330 830 4395 λυπεῖσθε,
857 4332 1059 4401 ὥσπερ
1084 4337 1137 4387 οἱ
1177 4336 1374 4388 λοιποί
1413 4337 1466 4389 οἰ
1503 4335 1587 4404 μὴ
1628 4336 1874 4404 ἔχοντες
1920 4337 2140 4389 ἐλπίδα
2169 4353 2183 4366 ⁶

523 4417 666 4469 οῦτω
714 4420 807 4470 καὶ
856 4420 1087 4473 ἐνταῦθα
1156 4421 1423 4475 δείκνυσιν
1468 4423 1689 4475 ἐκείνων
1720 4424 1786 4476 τὰ
1812 4426 2185 4495 ἁμαρτήματα

522 4504 673 4566 ὄντα,
709 4505 801 4557 καὶ
833 4505 1011 4573 πάσης
1044 4506 1237 4569 αὐτοὺς
1270 4508 1563 4579 ἀποστερεῖ
1589 4510 1914 4581 συγγνώμης
1946 4529 1957 4543 ’
1986 4513 2045 4564 ού
2077 4514 2183 4584 γάρ

523 4592 780 4657 ἀγνοίας,
842 4592 978 4645 ἀλλά
1048 4593 1280 4663 μελέτης
1335 4590 1472 4649 εἶναί
1527 4615 1659 4666 φησι
1714 4598 1781 4650 τὰ
1837 4600 2179 4671 τολμήματα.

525 4680 720 4750 Διόπερ
742 4681 841 4733 οὐκ
864 4676 1005 4733 εἷπε.
1037 4682 1145 4734 Καὶ
1177 4681 1355 4745 καθὼς
1380 4684 1477 4735 ούκ
1502 4684 1761 4751 ἔγνωσαν,
1794 4685 1946 4749 ἀλλὰ,
1982 4689 2183 4755 Καθὼς

526 4769 636 4819 οὺχ
669 4768 1035 4837 ἐδοκίμασαν
1064 4770 1171 4821 τὸν
1197 4771 1345 4822 Θεὸν
1372 4770 1535 4839 ἔχειν
1574 4774 1643 4826 ἐν
1671 4772 1984 4841 ἐπιγνώσει
2018 4791 2031 4805 ’
2065 4777 2182 4845 κρί-

529 4868 663 4915 σεως
686 4855 1077 4926 διεφθαρμένης
1102 4857 1193 4909 καὶ
1232 4857 1560 4925 φιλονεικίας
1598 4860 1819 4928 μᾶλλον,
1879 4862 1938 4913 ού
1990 4878 2183 4933 συναρ-

528 4940 707 5008 παγῆς
730 4942 900 5008 λέγων
931 4940 1064 4996 εἶναι
1100 4945 1158 4997 τὸ
1197 4948 1517 5017 ἁμάρτημα,
1552 4948 1645 4999 καὶ
1675 4948 1889 5011 δεικνὺς
1939 4950 2059 5019 οὐχὶ
2088 4951 2184 5020 τῆς

528 5028 748 5097 σαρκὸς,
775 5028 954 5092 καθώς
995 5047 1139 5090 τινες
1177 5032 1283 5083 τῶν
1326 5033 1615 5101 αἱρετικῶν
1673 5052 1854 5102 φασιν,
1910 5036 2043 5089 ἀλλά
2087 5039 2185 5107 τῆς

528 5114 761 5177 διανοίας
787 5115 911 5167 ὄντα
933 5116 1031 5184 τῆς
1060 5120 1298 5188 πονηρᾶς
1335 5118 1627 5185 ἐπιθυμίας
1662 5122 1727 5173 τὰ
1752 5124 2181 5194 ἁρμαρτήματα,

527 5202 620 5253 καὶ
650 5202 748 5271 τὴν
780 5202 960 5273 πηγὴν
982 5205 1185 5257 ἐκεῖθεν
1229 5202 1393 5259 οὖσαν
1426 5206 1532 5259 τῶν
1574 5209 1778 5262 κακῶν.
1818 5210 2035 5282 Ἐπειδὴ
2075 5212 2183 5283 γὰρ

528 5291 554 5339 ό
588 5290 708 5351 νοῦς
734 5290 989 5361 ἀδόκιμος
1032 5292 1242 5359 γέγονε,
1291 5295 1467 5347 πάντα
1519 5297 1802 5367 παρεσύρη
1850 5298 2032 5351 λοιπὸν
2091 5301 2185 5353 καὶ

529 5378 804 5449 ἀνετράπη
837 5391 885 5442 δ,
938 5379 1031 5431 τοῦ
1074 5382 1287 5450 ἡνιόχου
1334 5382 1739 5451 διαφθαρέντος.
1789 5388 2183 5455 Πεπληρωμέ-

528 5481 671 5529 νους
693 5465 857 5533 πάσῃ
892 5466 1109 5535 ἀδικίῃ,
1145 5471 1419 5536 πονηρίᾳ,
1449 5472 1791 5539 πλεονεξίᾳ,
1823 5476 2017 5541 κακίᾳ.
2045 5477 2184 5545 Ὅρα

527 5549 703 5601 πάντα
738 5555 849 5619 μετ’
870 5554 1167 5616 ἐπιτάσεως
1194 5573 1207 5584 ·
1240 5556 1335 5607 καὶ
1364 5557 1472 5627 γὰρ
1506 5560 2016 5629 Πεπληρωμένους
2046 5557 2183 5613 εἷναί

528 5655 679 5707 φησι,
718 5639 809 5690 καὶ
867 5640 1055 5709 Πάσῃ.
1102 5643 1401 5712 Ὀνομάσας
1463 5645 1517 5697 δὲ
1578 5646 1805 5712 γενικῶς
1844 5646 1940 5717 τὴν
1964 5650 2181 5712 κακίαν,

528 5724 618 5775 καὶ
646 5726 757 5786 τοῖς
786 5725 1005 5793 μέρεσιν
1039 5726 1407 5799 ἐπεξέρχεται,
1447 5732 1539 5785 καὶ
1562 5730 1767 5795 τούτοις
1812 5733 1926 5803 μεθ’
1954 5736 2184 5806 ὑπερϐοο

526 5807 839 5878 λῆς,λέγων
884 5816 1158 5880 Μεστοὺς
1206 5820 1451 5884 φθόνου,
1506 5820 1718 5887 φόνου,
1778 5818 1949 5875 Τοῦτο
1984 5826 2092 5895 γὰρ
2124 5825 2184 5888 ἐξ

532 5897 759 5961 ἐκείνου,
796 5898 982 5969 ῶσπερ
1012 5902 1104 5953 ἐπὶ
1128 5904 1217 5956 τοῦ
1248 5904 1407 5957 ’Λϐελ
1444 5908 1534 5959 καὶ
1561 5906 1654 5961 τοῦ
1711 5908 1905 5978 Ἰωσὴφ
1942 5911 2172 5982 ἐδείχθη.

595 5998 610 6020 ⁸
625 6001 740 6063 Alii,
764 6005 1051 6067 παρετράπη.

2294 3387 2424 3445 Εἶτα
2449 3394 2640 3458 εἰπὼν,
2665 3395 2922 3462 Ἔριδος,
2951 3394 3159 3459 δόλου,
3183 3396 3557 3461 κακοηθείας,
3581 3397 3967 3464 ψιθυριστάς,

2290 3480 2693 3549 καταλάλους,
2726 3484 3103 3553 θεοστυγεῖς,
3136 3483 3442 3552 ὑϐριστὰς,
3488 3484 3579 3536 καὶ
3606 3484 3673 3536 τὰ
3707 3484 3965 3538 δοκοῦντα

2288 3570 2555 3640 ἀδιάφορα
2588 3567 2731 3625 εἶναι
2786 3572 2999 3636 πολλοῖς
3043 3574 3101 3625 ἐν
3126 3573 3276 3637 τάξει
3314 3573 3425 3636 θεὶς
3453 3573 3841 3643 ἐγκλημάτων.
3872 3573 3965 3628 ab-

2291 3656 2367 3719 ξει
2398 3657 2558 3711 πάλιν
2583 3660 2681 3730 τὴν
2706 3660 3061 3729 κατηγορίαν,
3112 3661 3203 3713 ἐπὶ¹
3241 3660 3341 3731 τὴν
3391 3660 3687 3731 ἀκρόπολιν
3752 3662 3963 3723 ἀναϐὰς

2287 3742 2395 3795 τῶν
2428 3744 2633 3809 κακῶν,
2684 3748 2777 3801 καὶ
2828 3747 3000 3800 εἰπὼν
3040 3746 3379 3813 Ἀλαζόνας.
3416 3748 3521 3801 τοῦ
3567 3747 3674 3817 γάρ
3707 3749 3963 3818 ἁμαρτά-

2286 3848 2397 3884 νειν
2448 3833 2509 3885 τὸ
2558 3835 2655 3887 καὶ
2704 3835 3087 3905 ἁμαρτάνοντα
3110 3838 3325 3905 φρονεῖν
3365 3835 3525 3904 μέγα,
3556 3835 3961 3909 χαλεπώτερον·

2285 3918 2365 3971 διδ
2394 3921 2485 3973 καὶ
2520 3921 2827 3991 Κορινθίοις
2858 3922 2989 3975 αὐτὸ
3015 3922 3239 3989 ἐγκαλεῖ
3276 3921 3472 3989 λέγων·
3511 3922 3624 3975 Καὶ
3656 3923 3829 3991 ὑμεῖς
3859 3941 3959 3979 πε-

2285 4007 2648 4075 φυσιωμένοι
2677 4007 2836 4062 ἐστέ.
2885 4009 2948 4061 Εἰ
2997 4006 3105 4079 γάρ
3171 4008 3265 4060 ἐπὶ
3313 4009 3700 4080 κατορθώματί
3732 4029 3821 4072 τις
3861 4030 3959 4080 (pu—

2289 4096 2529 4167 σώμενος
2559 4099 2620 4151 τὸ
2652 4101 2758 4152 πᾶν
2784 4098 3085 4163 ἀπώλεσεν,
3121 4100 3150 4150 ό
3188 4098 3324 4169 μετὰ
3354 4100 3773 4169 ἁμαρτημάτων
3803 4101 3958 4155 τοῦτο

2288 4186 2474 4249 ποιῶν,
2498 4186 2670 4255 πόσης
2700 4188 2798 4239 οὐκ
2833 4186 2897 4240 ἂν
2920 4188 3002 4256 εἴη
3036 4187 3307 4257 τιμωρίας
3334 4184 3508 4253 άξιος;
3534 4188 3653 4240 οὐδὲ
3704 4189 3819 4261 γὰρ
3869 4207 3951 4259 με·

2286 4268 2558 4341 ταγνῶναι
2614 4274 2903 4343 δυνήσεται
2955 4274 3137 4325 λοιπὸν
3191 4276 3219 4327 ὁ
3276 4274 3534 4336 τοιοῦτος.
3584 4272 3717 4328 Εἴτὰ
3766 4294 3952 4347 φησιν,

2302 4361 2653 4428 Ἐφευρετὰς
2699 4359 2903 4414 κακῶν
2938 4376 2951 4390 ·
2985 4359 3181 4431 δηλῶν,
3228 4361 3308 4413 ὅτι
3363 4360 3485 4413 οὐδέ
3514 4363 3625 4423 τοῖς
3657 4362 3761 4431 ἥδη
3808 4361 3953 4416 οὖσιν

2288 4446 2657 4517 ἠρκέσθησαν,
2689 4447 2823 4501 ἀλλά
2858 4448 2949 4500 καὶ
2973 4446 3201 4517 ἐφεῦρον
3239 4447 3402 4517 ἔτερα
3440 4463 3454 4477 ο
3488 4448 3625 4519 ὅπερ
3654 4448 3818 4503 πάλιν
3865 4468 3955 4521 μεε

2288 4532 2564 4586 λετώντων
2594 4530 2661 4604 ἦν
2696 4535 2787 4587 καὶ
2816 4534 3245 4597 σπουδαζόντων,
3294 4536 3415 4605 οὐχὶ
3461 4535 3952 4607 συναρπαζομένων

2291 4621 2383 4673 καὶ
2412 4623 2901 4692 παρασυρομένων.
2940 4622 3120 4675 Είπὼν
3143 4623 3198 4675 δέ
3229 4624 3367 4675 κατά
3396 4624 3562 4694 μέρος
3598 4624 3697 4694 τὴν
3726 4627 3946 4691 κακίαν,

2288 4709 2379 4761 καὶ
2400 4698 2598 4774 δείξας,
2623 4712 2705 4763 ὅτι
2750 4711 2843 4762 καὶ
2876 4711 3010 4781 πρὸς
3062 4712 3229 4781 αὐτὴν
3271 4711 3432 4764 πάλιν
3471 4711 3567 4783 τὴν
3598 4710 3754 4783 [461]
3792 4714 3950 4781 φύσιν

2286 4796 2522 4865 ἔστησαν
2545 4798 2825 4861 (Γονεῦσι
2850 4796 2977 4868 γὰρ,
3006 4800 3191 4868 φησὶν,
3223 4798 3530 4865 ἀπειθεῖς),
3564 4800 3658 4851 ἐπὶ
3678 4799 3777 4869 τὴν
3800 4800 3948 4870 ῥίζαν

2284 4884 2470 4937 λοιπὸν
2525 4886 2737 4955 πρόεισι
2786 4886 2882 4953 τῆς
2924 4887 3189 4957 τοσαύτης
3222 4885 3418 4955 λύμης,
3465 4886 3831 4954 Ἀστόργους
3859 4886 3946 4938 val

2286 4973 2635 5037 ἀσπόνδους
2684 4972 2886 5028 καλῶν.
2947 4973 3160 5043 Ταύτην
3206 4973 3313 5042 γὰρ
3361 4973 3454 5025 καὶ
3502 4974 3529 5026 ὁ
3573 4973 3813 5043 Χριστὸς
3859 4974 3946 5044 τὴν

2287 5060 2464 5112 αἰτίαν
2497 5057 2636 5113 εἷναί
2682 5078 2815 5130 φησι
2869 5060 2968 5129 τῆς
3017 5062 3300 5130 πονηρίας,
3333 5059 3506 5127 λέγων
3530 5077 3543 5089 ·
3580 5062 3772 5113 ’Ὅταν
3799 5065 3945 5127 πλη-

2287 5148 2477 5215 θιννθῇ
2517 5150 2555 5215 ἡ
2601 5150 2835 5217 ἀνομία,
2890 5149 3228 5217 ψυγήσεται
3272 5149 3309 5214 ἠ
3356 5148 3577 5216 ἀγάπη.
3609 5147 3786 5203 Τοῦτο
3823 5148 3945 5218 γοῦν

2286 5237 2380 5287 καὶ
2421 5236 2654 5289 ἐνταῦθα
2696 5236 2841 5303 λέγει
2896 5238 2923 5287 ὁ
2976 5236 3206 5300 Παῦλος,
3263 5235 3684 5300 Ἀσυνθὲτους,
3744 5237 3944 5302 ἀστόρ-

2288 5340 2449 5390 γους,
2485 5323 2867 5389 ἀσπόνδους,
2917 5322 3327 5391 ἀνελεήμονας
3373 5322 3577 5386 καλῶν,
3625 5324 3719 5375 καὶ
3749 5323 3939 5394 δηλῶν,

2286 5411 2365 5463 ὅτι
2388 5412 2480 5463 καὶ
2505 5412 2635 5463 αὐτὸ
2674 5411 2733 5462 τὸ
2761 5410 2858 5479 τῆς
2889 5412 3101 5481 φύσεως
3128 5409 3446 5482 προῦδωκαν
3481 5409 3674 5476 δῶρον.
3706 5412 3939 5481 Ἐχομει

2286 5499 2393 5569 γὰρ
2425 5501 2518 5553 καὶ
2538 5500 2773 5569 φυσικήν
2802 5517 2920 5553 τινα
2964 5501 3097 5571 πρὸς
3124 5500 3389 5567 ἀλλήλους
3438 5499 3734 5563 οίκείωσιν,
3766 5502 3830 5570 ἣν
3859 5500 3944 5550 καὶ

2287 5586 2448 5658 θηρία
2480 5589 2616 5658 πρὸς
2639 5587 2840 5659 ἄλληλα
2872 5589 3184 5659 κέκτηνται.
3226 5586 3355 5641 Πᾶν
3402 5586 3511 5656 γὰρ
3558 5585 3727 5651 ζῶον,
3763 5587 3942 5657 φησὶν,

2286 5675 2483 5744 ἀγαπᾷ
2509 5678 2574 5730 τὸ
2597 5678 2801 5745 ὅμοιον
2820 5677 3026 5742 αὐτοῦ,
3058 5677 3155 5729 καί
3186 5676 3497 5744 ἄνθρωπος
3534 5674 3642 5728 τὸν
3681 5676 3945 5739 πλησίον

2284 5764 2487 5817 αὐτοῦ.
2532 5762 2679 5815 Ἀλλ’
2713 5756 2857 5815 οὗτοι
2902 5762 3170 5816 κάκείνων
3223 5763 3563 5833 κατέστησαν
3593 5758 3939 5830 ἀγριώτεροι.

2286 5852 2396 5920 Τὴν
2432 5852 2533 5919 μὲν
2574 5846 2666 5904 οὖν
2692 5850 2844 5903 νόσον
2880 5853 2977 5922 τὴν
3007 5850 3112 5904 ἀπὸ
3146 5852 3253 5904 τῶν
3287 5850 3535 5921 πονηρῶν
3557 5848 3847 5917 δογμάτων
3881 5847 3939 5915 τῇ

2288 5938 2577 6008 οἰκουμένῃ
2610 5939 2907 6009 γενομένην
2956 5938 3043 5991 διὰ
3090 5938 3293 5991 τούτων
3327 5939 3457 6006 ἡμῖν
3486 5933 3825 6004 παρέστησε,
3859 5933 3942 5985 καὶ

2296 6025 2471 6094 σαφῶς
2514 6024 2676 6089 Ξδ;ιξε
2721 6024 2817 6087 τῆς
2868 6025 2972 6077 τῶν
3012 6024 3305 6079 νοσούντων
3350 6023 3617 6093 ῥᾳθυμίας
3647 6021 3746 6093 τὴν
3774 6020 3940 6089 ἀρρωι
