4108 6340
183 400 283 458 lii

181 524 275 596 qui
324 519 575 578 inutiliter
628 515 895 573 laboraret
929 532 942 570 :
971 512 1014 567 si
1058 526 1184 569 vero
1225 506 1377 565 extra
1410 521 1697 579 vagantes.
1731 518 1784 562 et

180 616 301 671 sine
335 614 491 670 freno
521 613 915 667 circumeuntes
940 605 1154 672 viderit,
1186 622 1215 660 a
1252 604 1407 659 nobis
1435 610 1652 671 arrepto
1685 600 1787 655 ini-

186 710 262 763 tio
294 709 496 778 ubique
538 722 634 762 nos
662 705 919 772 deinceps
947 716 977 755 a
1004 715 1167 772 grege
1196 698 1430 769 dejicere
1456 696 1669 766 poterit.
1720 694 1785 749 Et

181 798 330 869 quod
361 800 500 853 inter
526 796 715 851 servos
747 792 920 863 ignavi
954 793 1006 845 in
1035 792 1150 846 foro
1178 790 1471 859 patiuntur,
1502 787 1593 855 qui
1623 786 1783 839 ruini-

182 890 350 944 steria
402 886 700 942 necess:nria
752 884 1099 953 relinquunt,
1145 896 1244 951 pro
1287 880 1483 950 quibus
1526 878 1595 932 ab
1640 876 1784 931 heris

180 981 333 1035 missi
366 979 606 1042 fuerant,
642 988 843 1031 temere
882 987 935 1031 et
974 975 1092 1030 sine
1124 989 1285 1027 causa
1312 974 1375 1027 iis
1402 973 1493 1042 qui
1523 985 1786 1040 superve-

181 1075 337 1127 niunt
381 1073 666 1136 hmrcntes,
710 1079 764 1124 et
808 1070 974 1122 otium
1025 1066 1095 1120 ibi
1140 1075 1521 1119 consumentes
1557 1081 1569 1117 :
1604 1065 1783 1117 hocet

179 1163 339 1219 nobis
370 1162 587 1227 accidit,
615 1176 735 1214 eum
764 1158 1105 1229 aprmceptis
1144 1157 1236 1211 Dei
1280 1156 1628 1212 discedimus.
1665 1155 1784 1210 Sta-

179 1271 299 1310 mus
322 1254 466 1310 enim
493 1254 746 1321 deinceps
778 1231 990 1305 divitias
1017 1249 1361 1303 admirationi
1395 1248 1655 1302 habentes
1680 1286 1693 1307 ,
1728 1254 1783 1299 et

178 1345 633 1415 pulchritudinem
662 1342 932 1412 corporis,
960 1349 1015 1394 et
1041 1350 1236 1394 extera
1269 1354 1388 1409 quae
1419 1338 1550 1392 nihil
1578 1337 1644 1391 ad
1682 1352 1781 1391 nos

177 1438 411 1492 attinent
461 1452 477 1491 :
523 1434 976 1507 quemadmodum
1034 1434 1108 1487 illi
1160 1436 1300 1487 servi
1350 1431 1780 1487 mendicantibus

179 1528 684 1599 prmstigiatoribus,
729 1527 819 1596 qui
872 1524 1137 1580 mirabilia
1182 1535 1417 1603 patrant,
1452 1524 1776 1589 attendunt;

178 1621 376 1677 deinde
416 1637 537 1676 cum
587 1620 792 1674 tardius
837 1618 1097 1685 redeunt,
1137 1618 1338 1671 domini
1373 1618 1542 1688 plagis
1570 1616 1779 1687 excepti

175 1694 451 1765 extremas
480 1711 623 1779 dant
662 1724 869 1780 prunas.
918 1708 1069 1763 Multi
1103 1723 1232 1763 vero
1270 1709 1604 1778 propositam
1634 1708 1776 1761 viam

178 1802 594 1871 pta-terminum
613 1841 628 1865 ,
657 1801 791 1856 alios
820 1800 910 1870 qui
943 1801 1158 1869 indigne
1188 1814 1248 1856 se
1285 1800 1513 1870 agebant
1540 1816 1777 1870 sequen-

176 1902 279 1947 tes.
329 1891 437 1947 Sed
466 1906 567 1947 nos
593 1907 660 1947 ne
691 1891 794 1947 hoc
821 1891 1078 1946 faciamus
1110 1908 1125 1945 :
1157 1892 1355 1946 etenim
1402 1892 1552 1945 missi
1593 1906 1777 1946 smnus

174 1984 241 2038 ad
278 1983 445 2037 multa
475 2000 595 2053 qua)
628 1993 817 2054 urgent
856 1983 1212 2054 perficienda;
1257 1994 1313 2039 et
1360 1986 1405 2039 si
1447 1986 1625 2039 missis
1667 1985 1776 2041 illis

173 2086 405 2140 Stemus,
452 2076 661 2131 inutilia
704 2075 794 2131 illa
843 2076 1011 2131 hianti
1062 2092 1158 2131 ore
1204 2077 1577 2147 respicientes,
1628 2079 1774 2133 omni

176 2177 419 2237 tempore
459 2168 615 2222 nobis
658 2168 858 2223 frustra
908 2169 1200 2240 insumpto,
1229 2180 1501 2224 extremas
1529 2170 1775 2226 dabimus

175 2275 387 2330 pinnas.
417 2260 471 2315 Si
500 2263 641 2315 enim
674 2271 725 2317 te
753 2276 1009 2317 exercere
1038 2262 1173 2317 velis
1196 2302 1212 2329 ,
1248 2261 1413 2317 habes
1444 2277 1561 2332 qua:
1590 2263 1773 2317 mirari

170 2352 393 2421 debeas,
422 2364 474 2408 et
498 2352 564 2407 ad
588 2368 706 2424 quae
738 2353 945 2408 inhiare
972 2355 1117 2407 omni
1152 2363 1393 2423 tempore
1426 2354 1620 2422 possis,
1652 2369 1785 2425 qua.»

172 2462 278 2501 non
312 2447 445 2512 risu,
474 2447 569 2502 sed
596 2447 954 2502 admiratione
995 2457 1048 2502 et
1090 2447 1339 2502 laudibus
1390 2449 1571 2504 multis
1611 2448 1771 2518 digna

168 2548 294 2595 sunt
322 2557 335 2593 :
370 2540 821 2611 quemadmodum
851 2550 1039 2596 contra
1070 2542 1135 2609 is,
1166 2543 1255 2611 qui
1289 2540 1511 2595 ridicula
1537 2541 1768 2595 admira-

170 2641 275 2697 tur,
306 2633 421 2702 ipsc
450 2635 567 2687 talis
594 2634 715 2701 erit,
747 2644 802 2689 et
827 2635 995 2689 risum
1035 2646 1286 2690 movente
1320 2635 1558 2690 deterior
1584 2653 1595 2690 :
1624 2638 1770 2707 quod

164 2738 232 2778 ne
265 2724 359 2778 tibi
391 2725 615 2791 accidat,
648 2726 756 2780 cito
783 2728 1013 2781 resilias.

238 2814 545 2871 Diuitiarum
584 2835 705 2873 usus
751 2821 916 2875 malus
962 2837 1115 2891 quant
1164 2822 1419 2875 miseriam
1458 2823 1667 2892 inferat.
1699 2855 1770 2865 —

163 2909 301 2978 Quid
324 2952 339 2977 ,
374 2927 578 2980 quaeso,
610 2925 722 2967 stas
750 2913 947 2968 divitiis
981 2914 1230 2969 inhians?
1276 2916 1403 2986 quid
1452 2917 1769 2972 admirabile

164 3000 313 3054 vides
334 3041 349 3065 ,
392 3004 531 3070 quod
576 3005 742 3072 possit
768 3004 955 3059 oculos
986 3014 1106 3059 tuos
1133 3006 1409 3061 detinere?
1440 3024 1608 3080 equos
1637 3025 1769 3065 auro

161 3102 406 3159 ornatos,
450 3096 713 3159 famulos,
759 3097 895 3151 alios
945 3096 1231 3163 barbaros,
1279 3098 1416 3155 alios
1460 3100 1763 3171 eunuchus,

166 3224 330 3240 .—

1308 389 1371 445 lN
1414 387 1628 444 EPIST.
1663 388 1754 443 AD
1797 384 1967 443 “OM.
1997 384 2227 442 HOMIL.
2275 386 2340 443 V.

3398 396 3504 455 ιῖἰδ.

1896 509 2204 578 splendidas
2231 520 2427 579 vestes,
2460 513 2695 569 animam
2742 515 2797 571 in
2843 515 2924 572 his
2970 518 3286 585 emollitam,
3316 521 3503 577 subla-

1893 609 2006 655 tum
2049 605 2419 673 supercilium,
2449 607 2995 666 circumcursationes
3020 653 3035 677 ,
3075 614 3378 668 tumultus?
3416 618 3500 685 An

1894 693 2011 748 haec
2039 694 2398 752 admiratione
2427 698 2625 768 digna?
2657 700 2707 753 in
2738 716 2846 771 quo
2873 713 3051 758 autem
3078 704 3332 762 differunt
3374 707 3427 761 hi
3469 724 3502 762 κ

1893 786 2155 842 mendicis
2186 788 2509 845 saltantibus
2536 798 2592 845 et
2616 792 2960 848 sibilantibus
2995 797 3047 849 in
3077 796 3234 851 foro?
3278 798 3411 853 Nam
3444 811 3501 854 et

1892 876 1943 929 hi
1977 879 2144 932 multa
2173 880 2387 934 virtutis
2432 880 2574 936 fame
2615 882 2855 950 detenti,
2887 885 3141 942 chorearn
3174 889 3377 944 ducunt
3403 892 3498 946 illa

1890 968 2278 1036 ridiculiorem,
2307 973 2409 1025 acti
2441 982 2496 1027 et
2521 975 2854 1041 circumacti,
2884 993 3027 1052 nunc
3054 981 3121 1033 ad
3153 981 3322 1035 lautas
3348 972 3499 1036 men-

1890 1075 1998 1126 sas,
2032 1078 2171 1117 ltllllc
2194 1064 2258 1117 ad
2282 1064 2643 1121 diversorium
2672 1071 2999 1126 amasiaru‘m
3025 1073 3332 1142 mulierum,
3358 1093 3498 1131 nunc

1888 1153 1953 1207 ad
1985 1154 2320 1212 adulatorum
2345 1168 2400 1213 et
2422 1164 2779 1229 parasitorum
2803 1168 3036 1232 agmina.
3072 1166 3128 1222 Si
3154 1184 3280 1223 vero
3304 1186 3493 1224 aurum

1886 1253 2119 1315 gestant,
2146 1247 2266 1302 ideo
2293 1252 2526 1306 maxime
2558 1253 2895 1311 miserabiles
2921 1266 3067 1325 sunt,
3089 1260 3212 1328 quia
3245 1261 3356 1327 illa,
3377 1276 3496 1331 quae

1888 1335 2021 1389 nihil
2065 1338 2130 1391 ad
2174 1353 2234 1393 se
2277 1340 2541 1409 attinent,
2578 1345 2751 1414 magis
2778 1345 2878 1400 sibi
2911 1364 3053 1403 curre
3081 1359 3227 1404 sunt.
3261 1350 3338 1405 Ne
3364 1352 3496 1409 mihi

1886 1430 2211 1487 vestimenta
2242 1432 2456 1489 illorum
2486 1438 2761 1506 respicias,
2796 1440 2889 1495 sed
2921 1457 3109 1496 eorum
3139 1443 3376 1499 animam
3410 1461 3498 1500 re-

1887 1530 2026 1591 tege,
2048 1534 2099 1577 et
2126 1527 2396 1595 perpende
2418 1542 2597 1583 annon
2622 1532 2768 1586 mille
2790 1534 2858 1587 sit
2881 1536 3196 1591 vulneribus
3217 1538 3491 1604 confossa,

1886 1623 1938 1667 et
1960 1615 2153 1670 laceris
2178 1620 2366 1685 pannis
2392 1620 2597 1687 induta,
2624 1638 2803 1680 annon
2829 1628 2899 1681 sit
2927 1626 3143 1684 deserta
3171 1642 3225 1685 et
3251 1633 3367 1687 sine
3398 1648 3496 1702 pa-

1888 1709 2136 1764 trocinio.
2186 1711 2315 1779 Quae
2348 1716 2551 1769 utilitas
2588 1716 2731 1773 illius
2762 1728 3001 1776 externae
3036 1722 3297 1779 insania)?
3324 1725 3494 1780 Multo

1884 1804 2076 1859 melius
2103 1815 2181 1859 est
2208 1821 2497 1877 pauperem
2528 1824 2648 1865 esse
2676 1822 2728 1866 et
2760 1813 2814 1866 in
2840 1814 3038 1869 virtute
3068 1816 3234 1871 vitam
3267 1818 3489 1886 ducere,

1883 1910 2043 1965 quam
2066 1913 2187 1952 curn
2212 1901 2449 1969 nequitia
2479 1917 2659 1972 regem
2683 1918 2825 1960 esse.
2842 1905 3068 1977 Pauper
3091 1909 3234 1963 enim
3267 1910 3409 1981 apud
3432 1928 3492 1968 se

1881 1988 2029 2043 omni
2060 1991 2355 2046 secundum
2388 1995 2625 2050 animam
2653 1998 2931 2068 voluptate
2971 2000 3201 2069 fruitur,
3232 2019 3407 2075 neque
3437 2007 3489 2059 in

1881 2094 2103 2136 sensum
2129 2084 2275 2138 venit
2305 2085 2450 2139 illius
2476 2096 2716 2143 externae
2742 2093 3077 2161 paupertatis
3100 2136 3117 2161 ,
3147 2094 3217 2149 ob
3249 2096 3490 2154 internas

1880 2171 2099 2227 divitias
2125 2190 2137 2228 :
2172 2190 2266 2230 rex
2294 2192 2426 2231 vero
2454 2177 2505 2232 in
2526 2178 2738 2235 deliciis
2764 2181 2973 2249 vivens,
3002 2184 3052 2239 in
3087 2186 3182 2250 iis,
3219 2203 3339 2259 quae
3381 2205 3488 2245 non

1880 2264 1979 2335 ipsi
2012 2268 2361 2337 congruentia
2400 2280 2545 2334 sunt,
2582 2271 2633 2325 in
2676 2272 2742 2327 iis
2786 2290 2905 2344 qua:
2948 2277 3182 2333 maxime
3208 2279 3275 2333 ad
3306 2279 3486 2350 ipsum

1877 2360 2108 2413 attinent
2146 2361 2440 2426 cruciatur,
2492 2363 2543 2417 in
2593 2364 2793 2430 anima,
2845 2366 2897 2422 in
2946 2369 3384 2441 cogitationibus,
3432 2374 3487 2429 iu

1876 2451 2227 2521 conscientia,
2252 2469 2371 2524 quae
2400 2470 2502 2509 una
2536 2470 2718 2511 secum
2754 2460 2845 2514 illo
2875 2462 3329 2532 commigrabunt.
3361 2466 3487 2524 llzcc

1878 2543 2038 2614 igitur
2058 2560 2178 2599 cum
2201 2547 2455 2613 sciamus,
2482 2549 2802 2605 vestimenta
2824 2552 3041 2622 quidem
3063 2570 3226 2611 aurea
3245 2558 3488 2627 depona-

1876 2637 2273 2703 mus,virtutem
2291 2654 2635 2697 assumamus
2652 2654 2704 2698 et
2718 2643 3045 2714 voluptatem
3062 2663 3127 2703 ex
3147 2649 3232 2703 illa
3250 2660 3479 2720 partam.

1874 2726 1963 2783 Sic
1993 2730 2137 2783 enim
2166 2741 2221 2786 et
2250 2730 2337 2786 hic
2364 2742 2420 2787 et
2453 2734 2563 2788 illic
2592 2736 2759 2789 multa
2803 2735 3051 2794 fruemur
3089 2743 3396 2811 voluptate,
3428 2756 3486 2801 et

1877 2824 2141 2893 promissa
2196 2841 2595 2898 consequemur
2639 2832 2800 2899 bona,
2845 2837 3012 2904 gratia
3058 2847 3113 2893 et
3157 2838 3485 2917 benignitate

1876 2917 2089 2973 Domini
2130 2921 2297 2975 nostri
2342 2921 2471 2977 Jesu
2498 2923 2724 2988 Christi,
2752 2930 2968 2997 quicum
3001 2931 3145 2985 Patri
3178 2944 3232 2987 et
3260 2934 3483 3004 Spiritui

1872 3018 2061 3063 sancto
2091 3011 2283 3081 gloria,
2321 3014 2517 3083 honor,
2547 3018 2856 3089 imperium,
2888 3038 3031 3078 nunc
3058 3035 3113 3079 et
3144 3040 3358 3098 semper
3378 3070 3394 3096 ,
3428 3040 3485 3087 et

1870 3101 1925 3155 in
1954 3103 2149 3159 smcula
2178 3106 2523 3161 szeculorum.
2558 3110 2754 3164 Amen.

331 3227 3450 3272 Μ

1640 3310 1987 3372 HOMILIA
2036 3312 2083 3371 V
2096 3357 2111 3371 .

158 3453 285 3507 (ΣΑΡ.
327 3453 377 3505 1.
414 3466 466 3505 v.
497 3450 588 3506 28.
619 3450 764 3505 Sicut
799 3466 902 3503 non
934 3450 1269 3519 probaverunt
1305 3450 1466 3503 Deum
1496 3451 1679 3503 habere
1710 3456 1762 3504 in

234 3545 434 3611 notitia,
469 3545 678 3598 tradidit
704 3560 788 3599 eos
812 3542 1066 3600 Dominus
1088 3545 1142 3597 in
1166 3544 1435 3615 reprobum
1465 3560 1691 3609 sensum,
1710 3552 1765 3595 ut

234 3642 458 3710 facerent
488 3654 547 3691 ea
582 3653 696 3707 qua:
724 3654 824 3691 non
851 3638 1173 3691 conveniunt.

233 3733 298 3794 1.,
326 3729 394 3786 Ut
419 3745 487 3784 ne
518 3728 793 3784 videretur
829 3728 947 3783 illos
972 3728 1335 3795 subindicare,
1368 3737 1649 3799 postquam
1674 3728 1764 3782 diu

156 3826 305 3882 circa
364 3837 651 3893 puerorum
711 3836 951 3875 amorem
1006 3829 1250 3876 versatus
1299 3820 1492 3886 fuerat,
1542 3820 1609 3874 ad
1660 3820 1765 3874 alia

160 3915 359 3971 deinde
383 3924 721 3985 peccatorum
747 3928 947 3984 genera
976 3913 1225 3967 transivit
1254 3932 1267 3967 :
1295 3912 1525 3983 ideoque
1546 3912 1612 3966 ad
1632 3912 1767 3966 alias

161 4023 427 4079 personas
470 4018 635 4061 totum
680 4020 984 4061 sermonem
1018 4004 1294 4061 transfert.
1326 4005 1394 4060 Et
1419 4021 1482 4061 ac
1527 4006 1582 4060 si.
1618 4021 1763 4060 sem-

160 4117 259 4172 per
289 4100 477 4155 ﬁdeles
499 4099 567 4153 de
597 4100 830 4167 peccatis
874 4099 1263 4170 alloqneretur,
1313 4109 1370 4154 ut
1401 4099 1485 4153 illa
1514 4099 1763 4170 fugienda

160 4210 283 4250 esse
333 4202 757 4257 commonstret,
816 4202 1005 4263 gentes
1072 4193 1124 4247 in
1188 4192 1422 4247 medium
1494 4192 1763 4262 producit,

161 4288 351 4343 dicens
398 4304 412 4341 :
464 4284 588 4339 Non
646 4286 699 4339 in
760 4286 996 4355 passione
1046 4285 1307 4351 desiderii,
1361 4287 1488 4338 sicut
1539 4293 1587 4337 et
1640 4286 1763 4339 reli-

160 4393 276 4449 qua!
323 4388 514 4448 gentes,
567 4393 682 4449 qua
726 4375 889 4430 Deum
937 4392 1041 4430 non
1088 4385 1335 4430 noverunt
1374 4376 1452 4447 (i.
1499 4375 1672 4430 Thess.
1709 4377 1759 4431 4.

161 4473 219 4541 5)
252 4491 265 4527 :
294 4481 350 4528 et
380 4487 613 4536 rursum,
663 4468 745 4524 Ne
773 4470 1143 4525 contristemini
1164 4510 1179 4534 ,
1213 4471 1343 4523 sicut
1378 4480 1425 4523 et
1468 4472 1653 4531 cteten’,
1679 4472 1767 4540 qui

162 4584 303 4639 spem
331 4583 433 4620 non
461 4567 643 4620 habent
671 4564 832 4637 (Ibid.
868 4582 916 4620 υ.
952 4566 1041 4637 13)
1066 4582 1079 4618 :
1110 4568 1186 4620 sic
1208 4576 1262 4621 et
1288 4566 1389 4620 hoc
1411 4567 1529 4621 loco
1552 4567 1765 4622 illorum

130 4668 388 4729 'peecata
419 4658 669 4725 exhibet,
702 4658 930 4728 illosque
973 4658 1041 4713 ab
1082 4659 1229 4713 onmi
1276 4660 1432 4713 venia
1475 4659 1761 4715 deturbat:

166 4770 272 4809 non
299 4752 444 4806 enim
471 4768 565 4822 per
592 4753 944 4821 ignorantiam
982 4751 1244 4819 admissa,
1279 4755 1373 4807 sed
1402 4754 1653 4808 meditata
1681 4754 1763 4809 di-

160 4847 236 4905 cit
262 4863 384 4904 esse
415 4846 671 4902 facinora.
704 4849 1042 4917 Quapropter
1070 4863 1175 4917 non
1199 4847 1329 4902 dicit
1359 4864 1372 4901 :
1404 4848 1471 4902 Et
1494 4850 1632 4903 sicut
1660 4865 1765 4903 non

160 4950 560 5012 cognoverunt;
587 4939 701 5003 sed,
733 4939 879 4993 Sicut
906 4956 1007 4994 non
1028 4935 1370 5010 probaverunt
1395 4939 1559 4993 Deum
1587 4939 1769 4996 habere

162 5033 214 5086 in
251 5032 466 5094 notitia;
493 5046 558 5083 ex
598 5038 851 5099 corrupto
887 5029 1092 5101 judicio
1124 5040 1177 5086 et
1203 5047 1266 5086 ex
1290 5017 1636 5087 contentiOne
1668 5050 1765 5104 po-

164 5124 267 5179 tius
290 5137 450 5193 quam
483 5137 547 5176 ex
573 5121 755 5191 rapina
785 5121 973 5177 dicens
1001 5137 1123 5177 esse
1158 5132 1432 5192 peccatum
1458 5164 1472 5190 ,
1503 5134 1554 5179 et
1580 5135 1766 5181 osten—

163 5216 301 5270 dens
333 5227 439 5267 non
470 5227 538 5267 ex
564 5226 727 5267 carne
747 5252 763 5279 ,
803 5221 859 5266 ut
889 5213 1104 5283 quidam
1138 5214 1511 5269 hmreticorum
1543 5215 1764 5285 dicunt,

163 5305 259 5360 scd
287 5320 355 5358 ex
380 5303 559 5358 animo
588 5312 641 5358 et
670 5316 852 5359 mente
879 5305 1034 5359 malae
1065 5308 1512 5374 concupiscentia:
1553 5320 1765 5378 peccata

167 5397 436 5469 proﬁcisci
462 5439 476 5460 ,
510 5406 562 5451 et
604 5398 744 5452 hunc
790 5411 910 5453 esse
956 5399 1216 5454 malorum
1254 5401 1491 5454 omnium
1544 5402 1764 5457 fnutem.

168 5492 459 5560 Postquam
489 5490 629 5544 enim
658 5506 814 5545 mens
844 5491 1073 5559 reproha
1106 5491 1240 5546 facta
1272 5502 1355 5547 est
1379 5535 1392 5558 ,
1428 5494 1606 5565 auriga
1640 5511 1767 5551 cor-

160 5563 359 5653 rupto,
382 5580 560 5635 omnia
606 5580 821 5636 demum
852 5581 1234 5637 labefactantur
1261 5593 1314 5638 et
1365 5563 1765 5644 subvcrtuntur.

164 5674 253 5730 29.
284 5672 525 5742 Repletos
551 5675 685 5726 omni
713 5673 995 5745 iniquitate,
1024 5677 1261 5744 nequitia,
1289 5678 1524 5742 avaritia,
1548 5679 1765 5734 malitia.

170 5766 206 5819 \'
220 5765 304 5819 ide
328 5806 344 5829 ,
373 5765 555 5817 omnia
584 5766 863 5819 confertim
897 5784 910 5820 :
943 5761 1063 5821 nam
1100 5765 1337 5837 Replctos
1369 5768 1488 5824 illos
1513 5769 1681 5841 dicit,
1714 5782 1769 5827 et

175 5857 358 5922 Omni;
388 5866 441 5911 ct
471 5871 591 5913 cum
624 5857 880 5913 malitiam
911 5858 961 5913 in
1006 5874 1204 5931 genere
1244 5861 1608 5925 nominasset.
1652 5864 1763 5934 jam

1872 3462 2052 3515 partes
2094 3453 2213 3521 ejus
2262 3455 2640 3525 prosequitur,
2680 3468 2734 3514 et
2761 3458 2855 3516 has
2884 3477 3007 3518 eum
3038 3465 3366 3539 hyperbole,
3397 3476 3483 3533 dl-

1872 3558 2030 3607 ccns,
2060 3542 2254 3598 Plenos
2280 3546 2473 3600 inuidia
2493 3590 2508 3613 ,
2539 3550 2693 3603 crede.
2727 3551 2843 3608 Hoc
2875 3557 3019 3610 enim
3052 3574 3116 3614 ex
3148 3562 3240 3616 illo
3268 3566 3442 3622 oritur
3464 3612 3480 3637 ,

1874 3645 1933 3690 ut
1983 3636 2033 3689 in
2082 3636 2253 3692 Abele
2301 3648 2355 3691 et
2395 3641 2444 3693 iu
2494 3640 2695 3713 Joscph
2740 3660 3095 3706 monsrratum
3138 3664 3241 3709 est.
3279 3659 3485 3719 Deinde

1871 3742 1992 3781 cum
2018 3728 2263 3795 dixisset,
2287 3729 2633 3798 Contentionis,
2667 3737 2807 3801 dolo,
2831 3742 3167 3813 malignitate,
3190 3747 3281 3803 30.
3308 3768 3487 3809 susur-

1872 3835 2043 3886 rones,
2076 3821 2407 3887 detractores,
2458 3823 2566 3879 Deo
2606 3844 2831 3897 perosos,
2878 3839 3289 3909 contumeliosos,
3320 3846 3483 3903 etiam

1873 3928 1936 3968 ea
1957 3954 1973 3978 ,
2007 3930 2129 3985 quae
2160 3916 2345 3970 multis
2378 3917 2736 3977 indifferentia
2764 3938 2886 3980 esse
2912 3927 3191 3999 videntur,
3223 3933 3273 3989 in
3303 3938 3485 3993 crimi-

1874 4026 2001 4064 num
2056 4009 2245 4066 ordine
2305 4028 2545 4082 ponens;
2596 4026 2755 4087 auget
2802 4034 2988 4077 rursus
3041 4030 3482 4099 accusationem,

1873 4110 2157 4170 postquam
2182 4101 2233 4155 in
2265 4117 2446 4158 arcem
2475 4106 2741 4162 malorum
2773 4113 3040 4183 ascendit,
3071 4125 3125 4170 et
3154 4118 3482 4179 dixit,Arro-

1871 4203 2069 4263 grmtes.
2100 4189 2329 4251 Gravius
2354 4206 2439 4251 est
2464 4197 2609 4253 enim
2632 4200 2798 4255 altum
2822 4218 3013 4274 sapere
3032 4218 3151 4277 post
3174 4224 3482 4285 peccaturo,

1873 4303 2034 4357 quam
2076 4302 2304 4358 peccare
2336 4307 2348 4343 :
2384 4290 2505 4346 ideo
2547 4292 2856 4351 Corinthios
2894 4298 3103 4355 incusat
3140 4302 3224 4358 his
3254 4309 3433 4363 verbis
3467 4327 3480 4365 :

1877 4377 1941 4431 Et
1968 4395 2053 4433 vos
2082 4380 2247 4448 inﬂati
2270 4382 2387 4436 estis
2415 4382 2493 4453 (1.
2528 4382 2649 4440 Cor.
2683 4386 2737 4441 5.
2761 4386 2841 4458 2).
2872 4389 3004 4445 Nam
3031 4393 3075 4447 si
3098 4395 3217 4464 quis
3241 4396 3307 4452 de
3338 4410 3485 4459 recte

1875 4469 2015 4525 facto
2044 4472 2258 4527 inflatus
2284 4482 2387 4539 est,
2421 4484 2588 4530 totum
2617 4478 2793 4547 perdit
2822 4497 2835 4536 :
2866 4482 2955 4551 qui
2988 4498 3109 4538 cum
3141 4489 3377 4555 peccatis
3404 4491 3487 4547 in-

1874 4564 2055 4631 ﬂatur,
2078 4581 2186 4636 quo
2215 4582 2320 4621 non
2353 4566 2545 4638 dignus
2570 4568 2731 4625 fuerit
2756 4574 3058 4643 supplicio?
3079 4581 3168 4648 qui
3195 4582 3338 4637 enim
3365 4586 3486 4643 talis

1875 4668 1951 4711 est
1976 4700 1991 4725 ,
2038 4660 2359 4729 resipiscere
2391 4676 2496 4717 non
2528 4665 2750 4733 poterit.
2803 4666 3006 4724 Deinde
3046 4672 3155 4738 ait,
3189 4649 3487 4735 Inventarcs

1874 4754 2147 4819 malorum,
2181 4753 2489 4823 significans
2520 4772 2625 4810 non
2652 4767 2735 4812 sat
2761 4759 2890 4829 ipsis
2913 4761 3077 4819 fuisse
3102 4765 3211 4833 illa,
3233 4759 3355 4838 Qua)
3371 4773 3484 4841 jam

1875 4846 2199 4911 exstabant,
2232 4847 2325 4902 sed
2356 4858 2409 4903 et
2438 4848 2542 4903 alia
2575 4850 2847 4909 invenisse
2881 4874 2894 4909 :
2926 4857 3069 4926 quod
3108 4861 3483 4922 meditantium

1874 4947 1929 4991 et
1972 4938 2302 4994 studentimn
2355 4952 2491 5010 erat,
2539 4945 2627 5014 qui
2678 4962 2707 5000 a
2758 4948 2923 5003 nullis
2968 4952 3383 5024 subriperenlur
3431 4970 3487 5017 et

1874 5030 2300 5087 attraherentur.
2348 5032 2481 5088 Cum
2523 5046 2703 5092 autem
2753 5041 3015 5097 malitiam
3062 5048 3366 5105 minutatim
3398 5053 3486 5107 di-

1874 5124 2065 5190 xisset,
2118 5134 2173 5179 cs
2222 5127 2546 5182 ostendisset
2591 5130 2735 5199 ipsos
2778 5132 2835 5187 in
2879 5135 3067 5191 eadem
3113 5141 3224 5209 ipsa
3269 5145 3487 5203 stetisse

1876 5224 2064 5271 natura
2093 5217 2239 5285 (nam
2274 5219 2367 5284 ait,
2396 5217 2701 5276 Parentibus
2733 5241 2831 5278 nun
2858 5227 3191 5303 obedientes),
3222 5235 3288 5289 ad
3319 5242 3485 5306 pestis

1876 5318 2039 5365 tanta:
2065 5310 2300 5366 radicem
2326 5314 2403 5368 sic
2430 5313 2646 5369 demum
2677 5320 2871 5387 pergit,
2902 5321 2991 5377 51.
3023 5322 3151 5378 Sine
3175 5326 3445 5393 aﬂ'ectione
3464 5373 3483 5401 ,

1874 5401 2062 5471 absque
2105 5403 2295 5474 {aedere
2331 5404 2519 5460 dicens
2566 5407 2707 5462 illos.
2758 5410 2906 5467 Hauc
2951 5415 3096 5468 enim
3143 5427 3198 5471 et
3239 5420 3487 5479 Christus

1875 5509 2093 5549 causam
2135 5510 2255 5551 esse
2283 5499 2534 5567 nequitia:
2564 5500 2693 5554 dicit
2731 5519 2743 5557 ε
2774 5501 2899 5556 Cum
2929 5505 3258 5563 abundaverit
3291 5514 3484 5583 iniqui-

1875 5595 1971 5649 tas,
2002 5587 2292 5657 refrigescet
2322 5590 2512 5644 caritas
2544 5593 2821 5646 multorum
2847 5594 3057 5666 (Matt/1.
3092 5599 3185 5654 24.
3220 5602 3335 5665 1'2).
3374 5606 3483 5659 llnc

1876 5680 2039 5749 igitur
2070 5681 2155 5734 hic
2184 5680 2312 5735 dicit
2342 5681 2559 5747 Paulus,
2597 5682 2969 5756 lncompositos
2994 5731 3008 5753 ,
3052 5692 3162 5745 sine
3188 5693 3479 5763 a/fectione,

1875 5774 2061 5842 absque
2102 5774 2291 5843 [tutere
2315 5814 2330 5843 ,
2376 5775 2485 5829 sine
2514 5776 2861 5832 misericordia
2890 5796 3090 5844 vocans
3110 5825 3125 5851 ,
3158 5786 3481 5843 ostendenso

1875 5880 1980 5937 que
2025 5866 2170 5935 ipsos
2211 5865 2316 5923 hoc
2347 5877 2552 5925 natura:
2596 5870 2796 5927 donum
2844 5875 3165 5944 prodidisse.
3212 5878 3483 5940 Habemus
