4118 6340
629 454 733 510 ΛίοΞῦ

634 568 776 623 enim
807 559 1098 618 naturalem
1128 555 1410 627 quemdam
1444 549 1506 603 ad
1532 549 1754 601 imieeni
1782 544 2051 605 affectum,
2084 548 2140 590 ut
2165 546 2217 589 ct

634 665 762 728 ipsze
794 656 919 709 fera:
949 652 1164 706 habent.
1200 647 1334 702 Nam
1366 660 1511 697 nume
1540 639 1749 701 aniumf,
1787 636 1955 702 inquit
1980 675 1993 696 ,
2025 631 2118 684 sibi
2149 631 2217 681 si-

633 721 751 802 tnile
787 746 974 807 dificit,
1004 752 1049 797 et
1084 744 1232 795 homo
1270 736 1551 808 proximum
1591 747 1736 785 suum
1769 727 1950 796 (Ereti.
1983 726 2068 777 15.
2105 721 2215 788 19).

636 845 707 895 At
734 839 807 894 illi
840 837 968 891 feris
998 834 1285 889 ferociores
1330 828 1497 882 fuere.
1528 824 1765 878 Morbum
1808 819 1964 889 igitur
2008 814 2096 885 qui
2148 829 2217 867 ex

633 933 814 1003 pravis
834 926 1165 999 dogmatibus
1180 924 1363 977 urbem
1388 919 1599 984 invasit,
1625 917 1705 969 his
1718 913 1869 969 nobis
1890 909 2140 970 ostendit,
2167 917 2220 961 et

636 1001 925 1078 declaravit
953 1030 1232 1084 utrumque
1268 1012 1512 1067 morbum
1556 1024 1620 1063 ex
1652 1018 1913 1076 a-grorum
1950 1001 2221 1070 negligen-

638 1117 712 1170 tia
745 1114 975 1184 prodire.
1006 1107 1281 1177 Significat
1311 1105 1547 1163 dennnn,
1576 1110 1635 1155 ut
1656 1099 1720 1152 de
1749 1095 2088 1166 dogmatibus
2109 1093 2216 1184 jam

640 1183 857 1269 fecerat,
890 1204 1047 1258 etiam
1086 1200 1202 1255 illos
1240 1198 1392 1251 venia
1434 1208 1647 1255 carere;
1684 1190 1802 1244 ideo
1840 1188 1914 1240 ait
1946 1205 1957 1237 :
1987 1184 2075 1239 '52.
2120 1183 2219 1248 Qui

639 1317 752 1353 cum
769 1295 1189 1369 justiﬁcationem
1217 1290 1308 1345 Dei
1337 1292 1707 1359 cognoscerent,
1734 1286 1969 1351 quoniam
1991 1278 2075 1347 qui
2096 1277 2219 1329 talia

637 1400 816 1463 agunt,
858 1389 999 1459 digni
1025 1395 1141 1440 sunt
1182 1392 1379 1445 morte;
1420 1397 1518 1434 non
1552 1378 1713 1433 solum
1752 1374 1849 1444 ipsi
1877 1373 2101 1443 faciunt,
2131 1377 2218 1423 sed

637 1485 787 1539 etiam
816 1478 1112 1551 facientibus
1137 1474 1467 1529 consentiunt.
1507 1468 1638 1521 Cum
1668 1466 1801 1520 duas
1829 1464 2087 1533 posuisset
2121 1476 2217 1551 auf

640 1550 900 1635 titheses,
943 1569 1025 1621 hic
1065 1567 1247 1620 ambas
1275 1563 1538 1632 prarcipue
1573 1558 1640 1613 de
1676 1555 1852 1610 medio
1895 1554 2049 1607 tollit.
2082 1550 2218 1617 Quid

638 1663 782 1717 enim
830 1659 1049 1722 dixeris,
1106 1655 1293 1724 inquit,
1343 1661 1393 1705 te
1435 1650 1642 1703 nescire
1681 1662 1743 1699 ea
1770 1687 1782 1709 ,
1831 1660 1948 1715 qua:
1980 1642 2217 1696 facienda

639 1744 795 1809 sunt?
825 1752 980 1804 Certe
1009 1748 1052 1801 si
1082 1762 1185 1801 non
1216 1758 1423 1807 nosses,
1461 1752 1513 1794 tu
1548 1746 1597 1793 iu
1630 1753 1789 1795 causa
1816 1752 1965 1790 esses
1986 1776 1999 1797 ,
2036 1733 2220 1786 relicto

641 1846 771 1908 Deo,
808 1843 897 1912 qui
942 1840 1034 1894 tibi
1081 1840 1197 1891 hzcc
1238 1822 1361 1889 nota
1409 1832 1603 1887 fecerat
1649 1848 1661 1881 :
1696 1844 1835 1883 nunc
1876 1840 2002 1880 vero
2042 1823 2221 1875 multis

639 1936 927 2007 probamus
976 1942 1028 1987 te
1074 1931 1159 1984 illa
1206 1930 1367 1987 scire.
1406 1936 1460 1981 et
1495 1932 1686 1993 sponte
1724 1934 1966 1990 peccare.
2006 1914 2221 2007 scd__ab

635 2004 828 2081 affectu
858 2021 1120 2079 traheris?
1146 2020 1250 2074 Cur
1273 2033 1401 2087 ergo
1430 2012 1736 2083 cooperaris
1762 2022 1814 2066 et
1842 2006 2069 2062 laudas?
2098 2004 2150 2057 Ν
2155 2021 2221 2057 on

637 2120 803 2173 solum
831 2116 959 2169 enim
990 2113 1080 2167 illa
1110 2113 1324 2180 faciunt,
1355 2107 1558 2175 inquit,
1587 2104 1675 2159 sed
1704 2112 1748 2155 et
1774 2100 2070 2170 [aciemitms
2096 2113 2218 2149 cou-

636 2210 875 2264 sentiunt.
907 2207 1090 2261 Priore
1122 2205 1279 2274 igitur
1308 2202 1501 2273 posita,
1535 2212 1652 2267 quze
1682 2196 1834 2249 venia
1867 2191 2080 2260 indigna
2106 2199 2219 2253 est,

638 2310 696 2355 ιι
722 2299 863 2353 illam
886 2297 953 2353 de
976 2295 1149 2351 medio
1183 2293 1333 2347 tollat
1360 2292 1380 2361 (
1412 2297 1667 2360 peccante
1696 2290 1839 2339 anm
1873 2285 1939 2350 is,
1971 2283 2059 2351 qui
2093 2294 2219 2349 pec-

638 2399 817 2446 catum
858 2387 1073 2452 laudat,
1108 2386 1265 2453 longe
1303 2380 1583 2437 nocentior
1610 2386 1693 2433 est
1715 2377 1762 2445 );
1798 2376 1930 2439 hoc,
1963 2374 2176 2442 inquam
2202 2412 2218 2437 ,

642 2482 870 2553 primum
919 2477 1114 2549 posito,
1169 2476 1291 2529 hinc
1343 2471 1712 2527 vehementius
1768 2469 1819 2522 in
1875 2464 2222 2537 sequentibus

639 2576 787 2630 illum
810 2570 982 2642 arguit
1005 2578 1060 2624 et
1073 2567 1242 2637 carpit
1265 2565 1349 2620 his
1372 2562 1548 2619 verbis
1575 2581 1587 2617 :
1608 2562 1757 2631 (Cap.
1779 2555 1884 2627 il.)
1902 2560 1951 2613 l.
1978 2556 2224 2626 Pmpter-

636 2682 696 2721 ea
719 2662 1073 2718 inexcusabilis
1098 2676 1150 2715 es
1174 2699 1189 2726 ,
1220 2675 1250 2713 ο
1275 2659 1426 2712 homo
1449 2698 1464 2723 ,
1503 2656 1726 2725 quisquis
1746 2655 1952 2723 judicus
1982 2668 2000 2704 :
2030 2650 2093 2703 1η
2124 2666 2224 2721 quo

639 2760 774 2813 enim
796 2758 1010 2811 alterum
1026 2754 1255 2825 judicas,
1282 2754 1496 2819 teipsum
1512 2748 1816 2802 condemnas
1834 2744 2047 2815 (Matth.
2070 2743 2119 2796 7.
2143 2742 2220 2810 2).

642 2850 767 2904 llaec
814 2848 1079 2918 principes
1120 2844 1412 2914 respiciens
1453 2841 1621 2906 dicit,
1662 2840 1783 2909 quia
1830 2836 1945 2891 urbi
1986 2837 2057 2889 illi
2100 2844 2225 2890 tunc

642 2944 900 3011 temporis
939 2938 1221 3009 imperium
1248 2937 1300 2991 in
1333 2944 1498 2989 totum
1535 2933 1719 2986 orbem
1749 2930 1999 2984 traditum
2032 2930 2218 2982 fuerat.

642 3040 729 3093 Sic
759 3038 916 3106 igitur
941 3034 1159 3088 ordiens
1182 3031 1256 3085 ait
1286 3047 1298 3082 :
1332 3027 1705 3083 Defensionem
1730 3024 1824 3077 tibi
1847 3021 2047 3085 aufers,
2079 3020 2226 3090 quis-

640 3133 761 3202 quis
788 3131 861 3184 sis
895 3146 907 3181 :
942 3128 1067 3181 dum
1098 3124 1238 3179 enim
1287 3122 1552 3176 mmchum
1602 3118 1859 3180 damnas,
1908 3124 1959 3168 et
2009 3122 2065 3167 tu
2115 3114 2227 3182 ipse

645 3222 954 3283 interliaris,
982 3216 1187 3273 etiamsi
1216 3215 1392 3269 nullus
1422 3216 1581 3265 homo
1610 3218 1659 3264 te
1680 3208 1885 3278 judicct
1908 3217 1961 3261 et
1987 3206 2224 3266 damnet,

643 3313 959 3368 sententiam
991 3310 1155 3371 illam,
1187 3320 1344 3375 quam
1378 3305 1428 3357 in
1455 3310 1662 3357 sontem
1695 3300 1888 3364 tulisti,
1918 3298 1968 3351 in
2000 3298 2227 3366 teipsum

642 3401 830 3459 tulisti.
858 3401 913 3452 2.
938 3399 1141 3454 Scimus
1170 3396 1300 3450 enim
1322 3437 1337 3461 ,
1364 3394 1601 3461 quoniam
1626 3392 1885 3462 judicium
1917 3388 2008 3442 Dei
2036 3399 2108 3442 est
2146 3404 2225 3443 se-

643 3496 864 3549 cundum
893 3493 1145 3546 ueritatem
1173 3491 1224 3541 in
1254 3504 1353 3550 eos,
1383 3487 1469 3556 qui
1497 3485 1619 3538 talia
1641 3493 1815 3554 agunt.
1848 3482 1924 3537 Nc
1945 3482 2062 3551 quis
2082 3481 2224 3535 enim

643 3589 875 3649 diceret,
903 3582 1119 3638 Interim
1146 3581 1300 3648 etfugi
1334 3596 1347 3632 :
1382 3589 1439 3632 ut
1469 3585 1696 3642 terreat,
1728 3578 1801 3629 ait
1838 3578 1853 3608 ¹
1874 3617 1888 3640 ,
1930 3591 2034 3628 non
2068 3575 2136 3627 ita
2170 3589 2227 3628 se

648 3693 759 3735 rem
791 3675 989 3729 habere
1016 3672 1152 3743 apud
1187 3673 1350 3726 Deum
1389 3679 1447 3723 ut
1470 3667 1609 3737 apud
1638 3682 1773 3722 nos:
1806 3667 1893 3721 hie
1925 3667 2065 3721 enim
2095 3666 2227 3719 alius

650 3768 884 3839 punitur,
912 3765 1045 3819 alius
1069 3763 1271 3833 effugit,
1302 3764 1389 3831 qui
1421 3759 1605 3815 eadem
1631 3758 1938 3821 admiserat;
1968 3758 2071 3811 illic
2100 3768 2228 3812 vero

647 3874 752 3912 non
785 3858 931 3910 item.
963 3853 1113 3922 Quod
1137 3868 1264 3923 ergo
1282 3852 1422 3921 justa
1454 3850 1679 3916 noverit,
1712 3850 1756 3905 is
1782 3850 1871 3919 qui
1894 3849 2119 3919 judicat,
2151 3848 2231 3903 di-

652 3951 760 4012 xit;
802 3946 941 4002 unde
968 3961 1095 4001 vero
1124 3945 1358 4009 noverit,
1401 3958 1505 3998 non
1535 3944 1659 3997 item
1685 3961 1698 3996 :
1724 3944 2047 4011 superfluum
2086 3944 2228 3998 enim

647 4043 854 4095 flli8\(‘l.
899 4040 1052 4094 Circa
1094 4038 1417 4105 impietatem
1444 4038 1657 4107 quidem
1692 4047 1974 4106 utrumque
2000 4036 2228 4092 demon-

646 4144 799 4195 strat,
846 4142 897 4186 et
939 4130 1079 4201 quod
1118 4130 1206 4184 ille
1238 4130 1403 4183 Deum
1447 4142 1795 4198 cognoscens,
1830 4129 1990 4198 impie
2019 4131 2225 4199 egerit;

648 4236 699 4279 et
740 4223 881 4293 unde
911 4222 1149 4286 noverit,
1180 4236 1372 4288 nempe
1398 4235 1461 4273 ex
1492 4222 1650 4274 rebus
1677 4222 1889 4275 creatis.
1923 4220 2055 4287 Quia
2086 4223 2228 4275 enim

654 4333 758 4371 non
808 4317 1053 4369 omnibus
1101 4324 1282 4367 notum
1325 4323 1458 4379 erat,
1502 4327 1711 4367 causam
1746 4315 1905 4367 etiam
1939 4314 2070 4366 dixit
2101 4331 2113 4379 ;
2148 4314 2233 4368 hic

651 4426 801 4471 vero,
834 4408 951 4474 quia
983 4422 1066 4459 res
1095 4406 1144 4457 iu
1172 4404 1417 4458 confesso
1440 4414 1573 4469 erat,
1606 4406 1857 4473 praeterit.
1893 4404 2023 4459 Cum
2053 4417 2230 4459 autem

650 4501 815 4563 dicit,
851 4498 1027 4553 Omnis
1069 4497 1152 4567 qui
1188 4497 1421 4567 judicat,
1475 4510 1578 4549 non
1628 4498 1953 4566 principibus
1999 4487 2233 4567 loquitur

653 4604 877 4655 tantum,
907 4591 997 4645 sed
1026 4591 1184 4645 etiam
1216 4589 1431 4657 privatis
1452 4599 1503 4642 et
1525 4589 1770 4643 subditis.

722 4683 776 4737 2.
822 4682 1030 4735 Etenim
1078 4695 1265 4733 omnes
1299 4679 1575 4742 homines,
1606 4680 1811 4733 etiamsi
1846 4679 2096 4733 thronum
2130 4696 2233 4735 non

655 4778 902 4841 habeant,
934 4790 1038 4829 non
1068 4773 1345 4828 carniﬁces
1373 4787 1469 4826 nec
1517 4774 1733 4840 lignum,
1766 4782 2000 4828 attamen
2040 4785 2091 4828 et
2138 4776 2235 4841 ipsi

657 4867 723 4921 de
750 4868 833 4930 iis,
867 4867 952 4933 qui
987 4873 1225 4933 peccant,
1245 4863 1483 4929 judicant
1514 4864 1563 4917 in
1593 4864 1875 4935 collaquiis
1903 4874 1954 4918 et
1981 4866 2231 4929 cmtibus,

658 4976 722 5013 ex
744 4956 1083 5011 conscientia:
1114 4970 1304 5025 nempe
1341 4956 1548 5009 calculo
1578 4971 1591 5010 :
1625 4966 1677 5009 et
1706 4972 1861 5012 nemo
1892 4956 2072 5013 dicere
2098 4961 2238 5015 ausit

667 5049 930 5107 iud-chum
962 5062 1065 5100 non
1100 5061 1217 5100 esse
1245 5046 1463 5115 dignum
1493 5049 1781 5115 punitione.
1814 5046 1920 5103 Sed
1948 5050 2081 5105 alios
2106 5093 2121 5117 ,
2155 5052 2237 5104 in-

662 5144 798 5215 quit,
831 5141 1102 5202 damnant,
1131 5155 1234 5193 non
1264 5142 1485 5207 seipsos.
1521 5139 1643 5195 Ideo
1671 5143 1721 5194 in
1748 5143 1864 5197 illos
1896 5143 2240 5200 vehementer

664 5237 909 5305 insurgit,
935 5235 1115 5289 dicens
1149 5253 1162 5290 :
1192 5236 1243 5288 '5.
1280 5234 1549 5287 Existimas
1572 5246 1732 5288 autem
1762 5236 1872 5303 hoc,
1909 5254 1936 5291 ο
1969 5242 2134 5301 homo,
2156 5239 2244 5307 qui

664 5329 860 5398 judicas
890 5328 1007 5379 illos
1037 5326 1121 5395 qui
1149 5324 1270 5378 (alia
1298 5334 1492 5395 agunt,
1538 5336 1581 5377 ct
1610 5329 1734 5396 facis
1766 5345 1841 5393 ea,
1874 5332 2007 5397 quod
2034 5341 2086 5382 tu
2113 5331 2244 5396 ellu-

666 5422 769 5488 gies
792 5420 1046 5489 judicium
1076 5418 1187 5471 Dei.
1229 5420 1357 5485 Quia
1402 5421 1541 5473 enim
1570 5421 1801 5473 ostendit
1832 5423 2016 5491 ingens
2049 5440 2242 5492 pecea-

668 5526 779 5563 tum
810 5510 953 5563 orbis
984 5518 1039 5563 et
1078 5523 1105 5560 a
1136 5507 1467 5577 dogmatibus
1499 5521 1551 5564 et
1581 5527 1608 5562 a
1643 5511 1984 5577 facinoribus,
2018 5532 2073 5568 et
2100 5517 2239 5585 quod

664 5602 931 5670 sapientes
961 5618 1079 5655 cum
1112 5612 1309 5663 essent.
1340 5604 1553 5673 etquod
1590 5619 1708 5657 cum
1747 5605 2003 5661 haberent
2030 5626 2241 5665 cit-atu-

663 5708 775 5748 ram
803 5707 859 5746 se
886 5708 1041 5746 manu
1072 5693 1353 5748 ducentem
1374 5736 1388 5759 ,
1418 5695 1558 5765 quod
1590 5711 1694 5749 non
1729 5700 1887 5752 modo
1918 5699 2079 5754 beum
2116 5706 2240 5757 reti-

725 5867 741 5897 ⁸
768 5869 959 5924 Quidam
986 5866 1172 5930 legunt,
1199 5875 1388 5919 mtct'un
1412 5871 1556 5935 emtgi
1592 5868 1831 5932 timorem,
1859 5874 1945 5924 u’t.

1373 440 1427 496 S.
1467 431 1739 493 10.“le
1763 414 2232 483 CllRYSUSTOlii
2273 419 2585 475 AltClllEP.
2628 419 3157 479 CONSTANTINOP.

3823 420 3926 477 sit

2324 535 2603 604 quisscnt,
2649 534 2743 589 sed
2790 537 2951 589 etiam
2986 536 3277 607 elegissent
3306 535 3561 604 imagines
3608 536 3881 604 reptilium
3912 574 3927 595 ,

2323 624 2461 693 quod
2491 625 2649 679 etiam
2682 625 2936 678 virtutem
2979 635 3330 695 spernerent,
3372 635 3426 679 et
3466 625 3607 693 quod
3650 626 3930 678 alliciente

2328 724 2514 768 natum
2561 717 2624 767 ad
2658 717 2949 785 nequitiam
2980 733 3040 772 se
3079 729 3271 787 sponte
3302 716 3631 778 conferrent,
3666 718 3929 785 quodque

2326 814 2512 858 contra
2544 815 2783 860 naturam
2817 817 3041 876 agerent
3078 826 3091 863 :
3130 809 3194 862 ad
3240 808 3366 862 illud
3392 807 3584 863 deinde
3621 823 3679 861 sc
3710 807 3927 859 confert

2327 905 2385 948 ut
2406 895 2653 950 ostendat
2679 911 2793 963 eos,
2827 898 2915 966 qui
2950 898 3073 951 talia
3109 908 3435 968 perpetrant,
3467 899 3729 967 supplicio
3759 898 3924 951 tradi.

2324 987 2443 1043 Jam
2484 991 2795 1043 memoravit
2828 991 3151 1060 supplicium
3180 1006 3301 1045 cum
3326 992 3395 1046 de
3424 991 3660 1045 facinore
3689 998 3879 1060 ageret
3908 1007 3923 1045 :

2326 1083 2455 1137 Nam
2489 1082 2793 1150 Mercedem,
2846 1085 3038 1154 inquit,
3111 1086 3297 1138 erroris
3333 1085 3411 1136 sui
3458 1085 3510 1137 in
3563 1084 3742 1153 scipsis
3792 1082 3929 1135 reci-

2325 1176 2470 1245 piunt
2518 1192 2536 1227 :
2589 1190 2770 1229 verum
2823 1177 2945 1245 quia
2994 1191 3100 1231 non
3154 1175 3392 1230 sentiunt
3445 1177 3610 1237 illam,
3662 1176 3814 1228 addit.
3872 1185 3927 1227 et

2324 1266 2504 1330 aliam,
2538 1280 2694 1335 quam
2724 1267 2956 1321 maxime
2989 1267 3268 1320 timebant.
3301 1265 3528 1336 Jamque
3560 1266 3701 1318 illam
3735 1278 3927 1320 osten-

2323 1356 2525 1411 derat:
2567 1374 2686 1412 cum
2739 1360 2883 1413 extim
2934 1359 3099 1422 dicit,
3164 1359 3421 1428 judicium
3476 1359 3575 1435 Dei
3623 1357 3929 1412 secundum

2324 1450 2605 1505 veritatem
2656 1466 2807 1517 esse,
2865 1451 2995 1505 nihil
3053 1451 3195 1506 aliud
3251 1464 3410 1521 quam
3468 1450 3571 1504 hoc
3631 1450 3924 1505 dtclarat:

2326 1552 2565 1597 attamen
2640 1540 2769 1596 illud
2844 1543 2930 1597 hic
2987 1542 3226 1611 pluribus
3279 1542 3500 1611 probat,
3569 1541 3647 1593 sic
3684 1540 3927 1600 dicens:

2326 1633 2604 1688 Existimas
2626 1644 2791 1688 autem
2816 1635 2930 1697 ltoc,
2954 1651 2984 1687 ο
3006 1635 3176 1700 homo,
3203 1635 3288 1702 qui
3308 1634 3517 1703 judicas
3541 1633 3654 1686 illos
3680 1632 3771 1701 qui
3797 1632 3931 1684 talia

2325 1736 2501 1793 agunt,
2526 1737 2571 1777 et
2596 1726 2723 1795 facis
2748 1742 2827 1789 ea,
2856 1727 2992 1794 quod
3012 1736 3063 1777 tu
3085 1724 3297 1795 eﬂ'ugies
3313 1725 3567 1795 judicium
3595 1723 3727 1777 Dei?
3747 1722 3927 1776 Tuum

2327 1830 2430 1868 non
2474 1815 2726 1883 effugisti,
2759 1825 2812 1868 et
2853 1815 3112 1884 judicium
3143 1816 3234 1870 Dei
3264 1814 3523 1885 effugies?
3560 1826 3614 1868 et
3660 1815 3781 1883 quis
3823 1815 3930 1866 huc

2325 1904 2550 1959 dixerit?
2579 1907 2737 1975 Atqui
2770 1914 2822 1960 tu
2863 1907 3091 1977 teipsum
3117 1907 3384 1977 judicasti.
3417 1906 3610 1961 Verum
3636 1916 3927 1975 postquam

2326 2006 2471 2051 tanta
2500 1997 2595 2052 fuit
2625 1997 2779 2068 hujus
2808 1999 3084 2053 tribunalis
3110 2000 3397 2054 auctoritas
3422 2041 3438 2066 ,
3464 2014 3563 2054 nec
3590 2008 3641 2052 tu
3676 1997 3769 2052 tibi
3800 2013 3929 2067 par-

2324 2102 2449 2143 cere
2476 2090 2692 2158 potuisti
2718 2131 2733 2156 ,
2766 2089 3037 2160 quomodo
3081 2089 3249 2153 Deus,
3280 2090 3369 2159 qui
3410 2089 3776 2159 impeecabilis
3802 2098 3885 2143 est
3910 2130 3924 2151 ,

2326 2195 2537 2235 summe
2562 2180 2759 2251 justus,
2803 2198 2907 2235 non
2946 2180 3113 2235 multo
3154 2181 3322 2251 magis
3362 2180 3465 2236 hoc
3491 2180 3685 2235 faciet?
3726 2179 3834 2235 Sed
3872 2190 3928 2231 tu

2330 2274 2556 2345 teipsum
2590 2274 2873 2337 damnasti,
2906 2282 2960 2327 et
2989 2274 3125 2327 Dens
3153 2282 3204 2327 te
3230 2274 3548 2343 approbabit
3568 2282 3621 2327 et
3643 2271 3930 2326 laudabit?

2327 2365 2505 2435 Ecqua
2531 2365 2738 2420 ratione
2769 2365 2881 2421 ha'c
2901 2366 3184 2421 dicantur?
3215 2369 3375 2438 Atqui
3406 2378 3459 2421 tu
3481 2368 3637 2437 longe
3657 2367 3931 2435 supplicio

2326 2468 2380 2513 et
2412 2459 2627 2529 quidem
2657 2459 2859 2529 majore
2887 2460 3099 2531 dignior
3126 2460 3219 2515 illo
3245 2503 3258 2526 ,
3289 2476 3450 2531 quem
3486 2460 3773 2515 damnasti.
3804 2459 3929 2514 Non

2327 2549 2471 2604 enim
2517 2549 2748 2620 idipsum
2794 2560 2877 2605 est
2916 2551 3233 2621 simpliciter
3277 2566 3531 2621 pecu-re,
3560 2562 3613 2605 et
3640 2561 3929 2621 postquam

2329 2642 2491 2696 alium
2524 2654 2837 2711 peccantem
2868 2644 3151 2713 punivisti,
3200 2645 3251 2698 in
3282 2644 3470 2700 eadem
3520 2655 3734 2714 peccata
3785 2645 3930 2700 inci-

2329 2733 2478 2788 dere.
2512 2734 2696 2790 Viden‘
2726 2736 2998 2806 quomodo
3034 2738 3240 2792 crimen
3287 2738 3534 2793 auxerit?
3571 2737 3627 2793 Si
3659 2737 3804 2791 enim
3844 2748 3927 2801 tu,

2330 2826 2516 2896 inquit,
2547 2843 2670 2883 eum
2711 2830 2801 2898 qui
2842 2830 3018 2884 minus
3052 2830 3292 2900 peccavit
3318 2831 3523 2900 plectis,
3552 2832 3761 2888 etiamsi
3790 2833 3927 2902 teip-

2327 2932 2445 2973 sum
2475 2919 2851 2989 deturpaturus
2878 2921 2986 2986 sis,
3016 2923 3285 2991 quomodo
3316 2924 3454 2979 Deus
3481 2934 3532 2980 te
3557 2925 3758 2994 majora
3803 2941 3920 2994 pec-

2327 3022 2562 3077 cantem,
2595 3026 2766 3081 neque
2795 3012 2894 3067 sibi
2925 3012 3185 3083 pudorem
3218 3014 3495 3082 illaturus,
3527 3030 3633 3069 nou
3669 3017 3838 3085 magis
3876 3026 3934 3070 et

2328 3102 2543 3170 gravius
2583 3100 2858 3155 damnabit
2905 3113 2985 3167 te,
3018 3106 3107 3174 qui
3149 3104 3258 3173 jam
3304 3121 3332 3159 a
3379 3106 3483 3159 tuis
3512 3106 3935 3175 cogitationibus

2331 3190 2614 3246 damnatus
2644 3193 2743 3247 es?
2770 3194 2921 3261 Quod
2949 3195 2991 3248 si
3013 3195 3215 3250 dixeris
3239 3214 3253 3250 :
3281 3196 3411 3251 Novi
3440 3198 3658 3268 quidem
3682 3214 3768 3253 me
3794 3212 3933 3267 Stlp~

2334 3284 2492 3353 plit-io
2522 3284 2739 3353 dignum
2767 3300 2921 3351 esse;
2951 3287 3044 3341 sed
3078 3297 3295 3357 propter
3334 3288 3427 3343 Dei
3470 3292 3777 3360 patientiam
3828 3290 3935 3343 de—

2330 3377 2493 3444 Spicis
2512 3416 2528 3442 ,
2559 3386 2611 3430 et
2639 3378 2757 3447 quia
2802 3392 2904 3431 non
2932 3379 3108 3432 statim
3141 3395 3324 3448 poenas
3351 3380 3445 3435 das
3466 3422 3480 3447 ,
3509 3382 3733 3437 confidis
3760 3399 3773 3434 :
3806 3380 3938 3437 hinc

2334 3476 2478 3521 certe
2502 3466 2625 3537 jure
2657 3469 2846 3522 timere
2878 3484 2943 3523 ac
2976 3479 3206 3525 tremere
3230 3472 3502 3526 debueris.
3530 3473 3645 3528 Non
3685 3475 3829 3527 enim
3875 3485 3939 3529 ut

2334 3572 2437 3610 non
2460 3571 2646 3625 pteuas
2669 3558 2786 3623 des,
2814 3558 2908 3613 sed
2942 3569 2997 3613 ut
3025 3560 3121 3615 des
3151 3562 3444 3631 graviores,
3471 3564 3732 3629 differtur,
3766 3567 3812 3619 si
3851 3568 3940 3621 in-

2333 3649 2685 3704 emendabilis
2709 3665 2965 3717 maneas;
2989 3653 3133 3722 quod
3167 3654 3367 3709 utinam
3394 3672 3462 3711 ne
3489 3658 3580 3711 tibi
3612 3660 3892 3729 contingat
3918 3662 3932 3713 !

2334 3741 2459 3797 Ideo
2486 3743 2761 3815 subjuugit
2802 3764 2815 3800 :
2846 3746 2901 3799 ι.
2933 3747 3011 3799 Αη
3042 3748 3241 3801 diuitias
3266 3749 3503 3803 bonitatis
3528 3752 3637 3819 ejus
3659 3762 3707 3805 et
3735 3754 3940 3822 patien-

2334 3834 2419 3887 tiae
2445 3844 2494 3889 et
2518 3834 2926 3906 longanimitatis
2956 3842 3249 3905 contemnis,
3283 3841 3527 3911 ignorans
3545 3844 3683 3912 quod
3703 3845 3937 3917 benigni-

2335 3939 2412 3983 tas
2444 3930 2541 3985 Dei
2565 3933 2632 3985 ad
2659 3933 3003 4001 pix-nitentium
3030 3946 3079 3988 te
3104 3936 3370 3990 adducat?
3393 3937 3683 4008 Postquam
3715 3939 3809 3994 Dei
3843 3956 3938 4011 pa-

2338 4025 2574 4080 tientiam
2601 4026 2852 4090 laudavit,
2887 4039 2939 4081 et
2968 4029 3205 4084 ostendit
3225 4045 3291 4085 ex
3319 4045 3380 4084 ea
3404 4033 3695 4086 maximum
3721 4032 3935 4089 lucrum

2335 4117 2734 4173 attendentibus
2758 4120 3017 4175 accedere
3050 4120 3176 4190 (hoc
3201 4134 3378 4177 autem
3407 4135 3523 4178 erat
3554 4138 3844 4193 peccantes
3868 4129 3937 4182 ad

2297 4235 2310 4252 -
2336 4211 2703 4279 paenitentiam
2728 4214 3000 4283 trahere),
3030 4216 3275 4269 timorem
3296 4227 3471 4287 auget.
3501 4217 3649 4272 Sicut
3670 4220 3817 4273 enim
3848 4221 3934 4285 iis,

2336 4303 2427 4373 qui
2456 4303 2570 4373 ejus
2603 4306 2851 4373 patientia
2882 4317 2938 4360 ut
2966 4323 3060 4376 par
3083 4317 3164 4361 est
3192 4310 3269 4363 usi
3300 4310 3514 4377 fuerint,
3548 4326 3707 4365 causa
3739 4324 3824 4367 est
3853 4330 3939 4367 sa-

2338 4395 2461 4449 lutis
2502 4413 2513 4447 :
2546 4396 2623 4450 sic
2654 4406 2705 4450 et
2732 4399 3194 4454 contemnentibus
3218 4401 3386 4469 majus
3409 4402 3731 4471 supplicium
3756 4406 3933 4459 affert.

2340 4486 2451 4540 Hoc
2481 4489 2622 4542 enim
2654 4499 2734 4542 est
2764 4488 2906 4557 quod
2932 4490 3339 4559 circumfertur,
3370 4493 3534 4548 Deum
3562 4495 3855 4567 benignum
3883 4509 3939 4554 et

2342 4584 2629 4650 patientem
2655 4598 2836 4651 poenas
2860 4600 2963 4639 non
2988 4596 3227 4655 repetere
3251 4604 3264 4640 :
3285 4603 3406 4642 cum
3435 4600 3613 4645 autem
3647 4593 3751 4648 hoc
3778 4594 3934 4660 dicis,

2340 4673 2472 4727 nihil
2513 4674 2646 4730 dicis
2684 4676 2851 4741 aliud,
2898 4692 3056 4745 quam
3090 4678 3240 4748 quod
3289 4681 3605 4751 supplicium
3654 4698 3934 4755 augeatur.

2340 4764 2473 4819 Nam
2525 4766 2904 4836 benignitatem
2964 4770 3105 4825 Deus
3154 4769 3393 4837 exhibet,
3435 4781 3560 4828 uta
3600 4780 3840 4845 peccatis
3888 4789 3941 4833 te

2344 4858 2571 4926 eximas,
2598 4876 2702 4913 non
2728 4868 2784 4913 ut
2809 4872 3021 4930 peccata
3054 4864 3361 4918 accumules
3384 4883 3397 4929 ;
3423 4866 3467 4919 si
3497 4883 3598 4921 non
3624 4870 3673 4922 id
3708 4873 3901 4925 feceris
3921 4916 3935 4937 ,

2347 4952 2633 5007 terribilior
2684 4955 2784 5007 erit
2826 4956 2976 5009 ultio.
3020 4957 3381 5022 Quamobrem
3432 4962 3555 5031 quia
3602 4964 3810 5032 patieris
3859 4976 3943 5021 est

2352 5044 2508 5110 Deus,
2536 5046 2654 5099 ideo
2696 5063 2917 5115 peccare
2949 5064 3053 5102 non
3103 5060 3337 5120 oportet,
3390 5070 3565 5125 neque
3616 5056 3941 5114 beneﬁcium

2350 5135 2537 5202 ingrati
2560 5136 2720 5190 animi
2749 5154 2963 5192 causam
2993 5139 3207 5196 efficere
3235 5158 3249 5197 :
3282 5143 3384 5198 etsi
3412 5147 3553 5199 enim
3586 5148 3793 5215 patiens
3826 5152 3900 5206 sit
3924 5192 3940 5217 ,

2348 5236 2402 5279 at
2429 5231 2645 5283 oumino
2676 5230 2844 5299 punit.
2881 5230 3154 5285 Uudeuam
3200 5233 3303 5289 hoc
3344 5235 3549 5306 liquet?
3594 5238 3670 5293 Ex
3714 5242 3777 5294 iis
3821 5259 3945 5313 qum

2350 5332 2663 5390 sequuntur.
2710 5319 2765 5376 Si
2810 5322 2952 5375 enim
2986 5324 3171 5393 ingens
3203 5327 3437 5395 nequitia
3476 5339 3593 5395 est,
3627 5346 3725 5385 nec
3754 5348 3947 5402 poenas

2354 5415 2578 5484 improbi
2622 5405 2921 5482 dederunt,
2954 5418 3137 5486 procul
3178 5418 3343 5473 dubio
3385 5420 3606 5476 dabunt.
3645 5423 3859 5480 Etenim
3903 5431 3947 5482 si

2353 5506 2464 5561 lucc
2489 5524 2593 5561 non
2619 5505 2887 5577 negligant
2921 5508 3185 5575 homines,
3219 5511 3491 5579 quomodo
3512 5515 3746 5585 negliget
3770 5517 3954 5574 Deus?

2352 5602 2533 5670 Itaque
2564 5600 2690 5654 inde
2716 5615 3018 5656 sermonem
3063 5600 3129 5655 de
3153 5601 3357 5670 judicio
3384 5604 3609 5660 induxit.
3663 5608 3792 5662 Nam
3824 5627 3952 5666 cum

2350 5691 2600 5746 ostendat
2645 5691 2839 5745 nmltos
2870 5709 2991 5746 esse
3036 5707 3209 5761 putum
3234 5694 3497 5751 obnoxius
3526 5700 3626 5752 nisi
3677 5703 3953 5767 peniten-

2354 5786 2475 5838 tiam
2525 5782 2751 5853 egerint,
2801 5794 2853 5837 ct
2907 5800 3011 5838 non
3071 5784 3158 5839 hic
3211 5788 3385 5856 puniri
3418 5831 3433 5857 ,
3479 5790 3740 5858 judicium
3793 5807 3957 5855 certe

2356 5879 2632 5944 futurum,
2688 5886 2739 5933 et
2784 5876 3154 5947 gravissimum
3209 5895 3328 5937 esse
3379 5884 3600 5951 statuit;
3651 5882 3772 5941 ideo
3836 5892 3953 5950 ait;
