4108 6340
453 433 556 492 λαις
1222 421 1278 474 S.
1319 415 1602 472 JOANNIS
1641 406 2126 468 CIIRYSOSTOMI
2171 406 2488 462 ARCIIIEP.
2529 400 3075 462 CONSTANTINOP.

445 544 586 611 ρίαν,
618 543 697 594 ὅτι
732 539 875 592 ἐστίν
902 537 1169 608 ἀφόρητος
1198 537 1274 605 τῷ
1312 535 1443 603 μηδέ
1477 533 1647 594 οὑτως
1684 528 2090 600 ἐπιστραφέντι.

442 629 550 681 Καὶ
581 629 676 697 δρα
703 626 815 688 πῶς
849 626 1052 696 κυρίως
1078 627 1195 687 ταῖς
1227 620 1398 684 λέξεσι
1450 621 1711 689 κέχρηται
1737 634 1750 647 °
1795 613 2096 682 Θησαυρί·

442 713 556 777 ζεις
578 713 701 780 γὰρ,
739 713 892 781 φησὶ,
926 709 1158 774 σεαυτῷ
1190 707 1395 776 ὀργὴν,
1445 706 1505 758 τὸ
1547 705 1762 765 πάντως
1797 701 2090 768 ἀποκείμε-

443 818 529 852 νον
561 799 752 868 δηλῶν,
802 799 902 850 καὶ
946 799 1175 859 δεικνὺς,
1241 795 1299 846 οὑ
1352 793 1442 844 τὸν
1499 792 1803 854 δικάζοντα,
1849 786 1982 840 ἀλλὰ
2008 785 2097 838 τὸν

443 887 756 956 κρινόμενον
781 889 950 938 αἴτιον
974 885 1180 937 τούτου.
1215 877 1450 944 Σεαυτῷ
1481 879 1608 947 γὰρ,
1639 876 1789 944 φησὶ,
1814 874 2098 941 θησαυρί-

445 973 575 1038 ζεις,
600 975 697 1043 οὐχ
727 977 754 1026 ὁ
783 973 913 1034 θεός
955 988 1053 1022 σοι.
1092 971 1323 1029 Ἐκεῖνος
1365 967 1474 1035 7&9
1508 966 1682 1017 πάντα
1722 960 1969 1030 ἐποίησεν
1995 961 2093 1011 ὅσα

444 1061 632 1130 ἐχρῆν,
667 1063 759 1113 καὶ
809 1056 1195 1125 διαγνωστικόν
1266 1072 1323 1106 σε
1375 1053 1482 1104 τῶν
1541 1051 1717 1106 καλῶν
1776 1048 2003 1100 καὶτῶν
2035 1047 2094 1098 ού

443 1149 696 1201 τοιούτων
741 1146 1141 1206 κατεσκεύασε,
1192 1142 1284 1194 καὶ
1335 1139 1712 1210 μακροθυμίαν
1764 1135 2093 1198 ἐπεδείξατο,

445 1235 538 1286 καὶ
564 1236 640 1295 εἰς
665 1232 944 1301 μετάνοιαν
989 1231 1232 1292 ἐκάλεσε,
1265 1228 1360 1281 καὶ
1388 1227 1601 1296 ἡμέραν
1636 1222 1898 1292 ἠπείλησε
1932 1219 2096 1288 φοϐε-

446 1321 566 1391 ράν,
595 1320 679 1371 διὰ
718 1320 932 1372 πάντων
968 1335 1026 1369 σε
1077 1317 1169 1368 ἐπὶ
1227 1314 1322 1384 τὴν
1377 1313 1660 1382 μετάνοιαν
1716 1309 1887 1360 ἕλκων
1915 1323 1926 1335 ·
1961 1308 2009 1358 εἰ
2040 1305 2097 1358 δὲ

447 1408 625 1478 μένεις
643 1407 936 1468 ἀνένδοτος,
955 1401 1189 1468 Σεαυτῷ
1218 1398 1588 1468 θησαυρίζεις
1610 1396 1793 1465 ὀργὴν
1816 1395 1884 1447 ἐν
1910 1392 2098 1462 ἡμέρᾳ

444 1494 625 1562 ὀργῆς
685 1494 782 1547 καί
843 1493 1280 1558 ἀποκαλύψεως
1336 1486 1433 1539 καὶ
1491 1482 1924 1550 δικαιοκρισίας
1990 1479 2096 1532 τοῦ

447 1582 613 1636 Θεοῦ.
649 1583 763 1634 ’Ἰνα
819 1581 925 1649 7&9
971 1579 1065 1649 μὴ,
1122 1577 1356 1638 ἀκούσας
1397 1575 1584 1644 ὀργὴν,
1641 1573 1868 1642 νομίσῃς
1904 1569 2094 1632 πάθος,

443 1672 684 1740 ἐπήγαγε
714 1686 726 1699 ·
755 1667 1183 1734 Δικαιοκρισίας
1208 1664 1309 1717 τοῦ
1341 1662 1508 1715 Θεοῦ.
1546 1661 1654 1714 Καὶ
1701 1659 1881 1721 καλῶς
1923 1655 2094 1722 εἶπεν,

457 1757 916 1822 Ἀποκαλύψεως
941 1769 953 1782 ·
992 1753 1110 1805 τότε
1147 1751 1254 1821 γάρ
1291 1747 1733 1802 ἀποκαλύπτεται
1756 1744 1931 1806 τοῦτο,
1970 1746 2097 1797 ὅταν

441 1842 510 1895 τά
573 1843 690 1894 κατ’
740 1841 894 1904 ἀξίαν
956 1841 1182 1901 ἕκαστος
1237 1835 1617 1907 ἀπολαμϐἀνη.
1673 1832 1937 1886 Ἐνταῦθα
1991 1832 2096 1901 7&9

444 1929 629 1981 πολλοὶ
665 1928 921 1990 πολλάκις
946 1925 1312 1996 ὲπηρεάζουσι
1343 1922 1490 1992 παρά
1527 1923 1587 1974 τὸ
1614 1922 1820 1975 δίκαιον
1865 1919 1958 1972 καὶ
1983 1922 2098 1972 ἐπι-

445 2016 787 2070 ϐουλεύουσιν
817 2031 831 2048 ⁸
857 2016 971 2067 ἐκεῖ
990 2015 1044 2066 δὲ
1070 2016 1162 2082 οὐχ
1182 2013 1370 2074 οὕτως.
1411 2014 1513 2075 ’ος
1533 2009 1831 2064 ἀποδώσει
1860 2007 2098 2074 ἑκάστῳ

444 2105 592 2158 κατὰ
615 2103 682 2156 τὰ
717 2103 858 2171 ἔργα
912 2101 1095 2155 αὑτοῦ
1122 2115 1134 2131 ·
1172 2099 1295 2165 τοῖς
1336 2097 1452 2168 μὲν
1501 2097 1629 2151 καθ’
1667 2094 1978 2166 ὑπομονὴν
2003 2094 2098 2164 ἕρ-

441 2207 550 2259 του
581 2189 819 2259 ἀγαθοῦ.

511 2284 581 2345 γ’.
601 2277 814 2346 Ἐπειδὴ
839 2275 944 2346 7&9
975 2275 1202 2346 φοϐερὸς
1229 2276 1441 2343 ἐγενετο
1472 2272 1564 2326 καὶ
1592 2271 1778 2343 βαρὺς,
1814 2271 1941 2342 περὶ
1974 2269 2096 2341 κρί-

445 2381 580 2428 σεως
620 2365 711 2416 καὶ
761 2365 858 2434 τῆς
919 2363 1214 2432 μελλούσης
1262 2361 1637 2430 διαλεγόμενος
1693 2359 1979 2421 κολάσεως,
2009 2359 2098 2409 εὑ-

443 2451 580 2512 θέως
606 2452 703 2503 οὐκ
733 2452 811 2514 είς
845 2450 904 2502 τὸ
932 2447 1374 2518 προσδοκώμενον
1412 2446 1630 2499 ἐνέϐαλε
1672 2447 1769 2514 τὴν
1808 2445 2093 2516 τιμωρίαν,

440 2539 566 2590 ἀλλ’
589 2541 676 2591 ἐπὶ
703 2537 760 2589 τὸ
784 2537 938 2607 ηδύτε
949 2554 1038 2607 ρον
1069 2536 1259 2607 ἔτρεψε
1296 2536 1386 2587 τὸν
1412 2534 1588 2603 λόγον,
1615 2533 1711 2603 τὴν
1736 2533 1843 2586 τῶν
1875 2531 2094 2607 ἀγαθῶν

439 2625 724 2689 ἀντίδοσιν,
783 2605 1140 2690 οὑτω-λέγων
1167 2637 1180 2650 ·
1237 2621 1363 2686 Τοῖς
1424 2621 1533 2689 μὲν
1590 2620 1718 2674 καθ’
1780 2605 2097 2687 ὑπομονὴν

439 2715 617 2782 ἔργου
655 2712 878 2792 ἀγαθοῦ
913 2711 1098 2775 δόξαν
1134 2712 1230 2764 καί
1275 2710 1451 2779 τιμὴν
1480 2711 1576 2764 καί
1620 2711 1960 2778 ἀφθαρσίαν
2005 2709 2097 2777 (n-

440 2799 634 2862 τοῦσι,
661 2799 812 2864 (why
855 2798 1111 2851 αἰώνιον.
1160 2797 1421 2850 Ἐνταῦθα
1459 2798 1550 2851 καὶ
1605 2798 1731 2859 τοὺς
1772 2800 2094 2851 ἀναπεπτω-

442 2888 603 2950 κότας
626 2889 680 2938 ἐν
711 2889 822 2948 τοῖς
852 2887 1174 2956 πειρασμοῖς
1211 2885 1534 2954 διανίστησι,
1568 2886 1660 2938 καὶ
1692 2885 1976 2948 δείκνυσιν,
2013 2886 2093 2938 ὃτι

440 2975 499 3026 ού
529 2973 630 3042 χρὴ
678 2975 742 3043 τῇ
794 2973 974 3023 πίστει
1035 2971 1254 3040 θαρρεῖν
1314 2971 1506 3040 μόνον⁸
1540 2971 1771 3040 καὶγὰρ
1815 2970 1963 3042 [46$]
2001 2971 2093 3024 καὶ

441 3061 690 3130 πράξεών
731 3063 843 3112 ἐστι
885 3060 943 3112 τὸ
980 3059 1325 3129 δικαστήριον
1356 3060 1527 3111 ἐκεῖνο
1563 3058 1922 3122 ἐξεταστικόν.
1955 3059 2093 3130 Ὅρα

439 3150 494 3201 δέ
523 3149 679 3201 αὑτὸν
712 3150 839 3200 ὅταν
877 3147 1004 3218 περὶ
1046 3146 1150 3200 τῶν
1203 3146 1500 3216 μελλόντων
1538 3146 1868 3216 διαλέγηται,
1901 3149 1975 3217 μὴ
2005 3147 2094 3200 δυ·-

442 3237 670 3306 νάμενον
700 3236 908 3305 τρανῶς
937 3236 1110 3288 εἰπεῖν
1158 3236 1224 3287 τὰ
1269 3234 1463 3300 ἀγαθὰ,
1527 3233 1659 3286 ἀλλά
1684 3236 1776 3287 καὶ
1813 3235 1966 3300 δόξαν
1999 3236 2092 3287 καὶ

438 3323 602 3392 τιμὴν
637 3323 881 3389 λέγοντα.
930 3320 1144 3390 Ἐπειδὴ
1168 3319 1274 3390 γάρ
1311 3321 1487 3374 πάντα
1531 3320 1845 3390 ὑπερϐαίνει
1888 3323 1956 3373 τὰ
2001 3322 2093 3374 ἀν-

439 3409 702 3479 θρώπινα,
731 3409 828 3462 οὐκ
858 3408 968 3478 ἔχει
1010 3408 1190 3461 είκόνα
1226 3405 1405 3460 αὑτῶν
1453 3405 1704 3460 ἐντεῦθεν
1743 3407 1933 3474 δεῖξαι,
1969 3410 2094 3462 ἀλλ’

440 3499 547 3551 ἀπὸ
573 3497 679 3550 τῶν
706 3497 1003 3550 δοκούντων
1027 3491 1162 3548 εἶναι
1185 3493 1456 3564 λαμπρῶν
1487 3497 1614 3563 παρ’
1652 3496 1803 3563 ἡμῖν,
1833 3496 1941 3548 ἀπὸ
1973 3497 2094 3548 τού-

437 3603 546 3638 των
580 3585 737 3650 αὐτά,
767 3584 841 3646 ὡς
864 3585 1109 3652 ἐγχωρεῖ,
1141 3581 1489 3651 παρίστησιν,
1532 3582 1638 3633 ἀπὸ
1659 3585 1756 3652 τῆς
1779 3582 1954 3652 δόξης,
1987 3584 2094 3636 ἀπὸ

437 3673 538 3742 τῆς
561 3671 746 3741 τιμῆς,
799 3670 905 3724 ἀπὸ
947 3670 1046 3738 τῆς
1063 3670 1207 3738 ζωῆς
1236 3683 1250 3698 ⁸
1277 3669 1449 3721 ταῦτα
1481 3669 1588 3739 γάρ
1618 3671 1731 3722 ἐστι
1781 3672 1848 3722 τὰ
1886 3671 2094 3742 ἀνθρώ·

438 3777 557 3822 ποις
615 3757 1073 3830 περισπούδαστα.
1109 3754 1258 3807 Ἀλλ’
1303 3755 1364 3809 οὐ
1431 3757 1656 3809 τοιαῦτα
1710 3759 1913 3821 ἐκεῖνα,
1959 3759 2093 3812 ἀλλά

437 3846 616 3916 πολλῷ
675 3845 866 3916 βελτίω
926 3841 1161 3907 τούτων,
1215 3843 1323 3913 ὅσῳ
1377 3844 1472 3897 καὶ
1514 3843 1765 3916 ἄφθαρτα
1817 3847 1910 3898 καὶ
1963 3848 2094 3901 ἀθά-

438 3951 571 3988 νατα
582 3971 594 3986 ι

509 4017 662 4083 Εἶδες
699 4019 815 4083 πῶς
850 4019 1064 4083 καὶτὰς
1092 4021 1220 4090 περὶ
1249 4020 1347 4088 τῆς
1388 4019 1736 4082 ἀναστάσεως
1763 4018 1871 4072 τῶν
1910 4022 2095 4091 σωμά-

438 4128 542 4164 των
572 4111 705 4179 ήμῖν
761 4107 931 4176 θύρας
981 4106 1232 4176 ἀνέῳξεν,
1286 4104 1594 4175 ἀφθαρσίαν
1640 4105 1848 4172 εἰπών;
1902 4109 1933 4176 ὴ
1982 4110 2093 4179 γὰρ

438 4199 713 4269 ἀφθαρσία
751 4198 841 4250 τοὺ
865 4197 1219 4266 φθειρομένου
1249 4196 1498 4266 σώματός
1527 4199 1691 4251 ἐστιν.
1716 4193 1867 4262 Εἶτα,
1905 4200 2091 4272 ἐπειδὴ

436 4291 537 4341 οὐκ
566 4289 722 4358 ἤρκει
773 4285 948 4348 τοῦτο,
992 4283 1295 4354 προσέθηκε
1348 4284 1502 4348 δόξαν
1538 4285 1633 4336 καὶ
1665 4286 1851 4354 τιμήν.
1886 4287 2092 4351 Πάντες

437 4377 545 4445 7&9
572 4371 986 4443 ἀναστησόμεθα
1015 4371 1301 4441 ἄφθαρτοι,
1325 4370 1439 4422 ἀλλ’
1476 4371 1534 4421 οὑ
1576 4371 1772 4432 πάντες
1797 4373 1875 4433 εἰς
1912 4373 2090 4438 δόξαν,

437 4463 550 4515 ἀλλ’
585 4462 633 4513 οἱ
658 4462 754 4531 μέν
807 4461 884 4520 είς
947 4458 1183 4523 κόλασιν,
1234 4459 1282 4508 οἱ
1328 4456 1384 4508 δὲ
1434 4458 1512 4520 εἰς
1557 4455 1735 4520 δόξαν.
1775 4457 1900 4522 Τοῖς
1931 4458 1998 4510 δὲ
2024 4459 2093 4523 ἐξ

438 4551 704 4617 ἐριθείας,
730 4547 882 4617 φησί.
915 4546 1081 4600 Πάλιν
1109 4545 1216 4614 7&9
1259 4545 1548 4614 ἀποστερεῖ
1604 4545 1930 4616 συγγνώμης
1969 4550 2101 4610 τοὺς

437 4651 494 4690 εν
526 4637 689 4708 κακία
720 4635 946 4700 ζῶντας,
981 4634 1075 4687 καὶ
1115 4633 1386 4687 δείκνυσιν
1432 4632 1538 4684 ἀπὸ
1587 4632 1917 4701 φιλονεικίας
1948 4636 2091 4700 τινὸς

439 4727 530 4777 καὶ
558 4723 823 4794 ῥᾳθυμίας
847 4721 939 4775 ἐπὶ
986 4722 1083 4792 τὴν
1135 4719 1396 4791 πονηρίαν
1453 4719 1765 4783 πίπτοντας.
1797 4721 1902 4774 Καὶ
1929 4723 2091 4776 ἀπει-

438 4810 747 4878 θοῦσιμὲν
790 4809 862 4876 τῇ
910 4808 1177 4876 ἀληθείᾳ,
1231 4808 1606 4875 πειθομένοις
1657 4807 1724 4860 δὲ
1766 4806 1840 4874 τῇ
1868 4808 2085 4875 ἀδικία.

450 4899 580 4951 Ἰδοὺ
605 4898 693 4949 καὶ
719 4896 876 4966 ἑτέρα
910 4895 1208 4963 κατηγορία
1247 4895 1425 4947 πάλιν.
1463 4895 1625 4948 Ποίαν
1656 4895 1762 4964 γάρ
1795 4895 2089 4963 ἀπολογίαν

437 4987 502 5041 ἂν
528 4987 638 5056 ἔχοι
671 4987 698 5037 ὁ
727 4985 786 5038 τὸ
820 4985 933 5053 φῶς
977 4983 1212 5052 φεύγων,
1259 4983 1354 5036 καὶ
1397 4983 1455 5037 τὸ
1513 4986 1699 5047 σκότος
1731 4985 2087 5056 αίρούμενος;

437 5076 543 5129 Καὶ
572 5076 666 5126 οὑκ
693 5068 831 5136 εἷπε,
857 5071 1221 5141 Βιαζομένους
1261 5072 1358 5124 καὶ
1410 5074 1900 5142 τυραννουμένους,
1925 5074 2085 5139 ἀλλά,

437 5161 829 5229 Πειθομένους
853 5158 925 5227 τῇ
952 5158 1153 5225 ἀδικίᾳ
1185 5175 1199 5188 ο
1231 5157 1316 5210 ἵνα
1354 5157 1549 5230 μάθῃς,
1595 5159 1676 5210 ὅτι
1716 5161 2090 5230 προαιρέσεως

435 5249 494 5301 τὸ
527 5248 743 5317 πτῶμα,
774 5247 873 5298 οὑκ
910 5245 1152 5313 ἀνάγκης
1183 5244 1242 5297 τὸ
1277 5245 1543 5314 ἔγκλημα.
1579 5247 1793 5314 euang
1823 5248 1920 5299 καὶ
1953 5265 2088 5301 στε-

436 5336 686 5403 νοχωρία
715 5334 810 5386 ἐπὶ
836 5332 1043 5387 πᾶσαν
1082 5332 1293 5400 ψυχὴν
1317 5332 1629 5400 ἀνθρώπου
1662 5335 1766 5387 τοῦ
1807 5352 2088 5406 κατεργα-

436 5422 678 5490 ζομένου
712 5421 776 5473 τὸ
817 5421 1004 5472 κακόν
1032 5434 1045 5449 ο
1085 5419 1328 5470 τουτέστι
1369 5419 1470 5470 κᾶν
1508 5419 1748 5489 εὑπορός;
1773 5438 1853 5484 τις
1897 5419 1951 5494 ᾖ,
1985 5424 2088 5475 xiv

437 5512 656 5573 ὕπατος,
685 5511 783 5563 κᾶν
811 5507 1196 5570 αὑτοϐασιλεύς
1225 5519 1274 5570 ι,
1297 5507 1484 5560 οὐδένα
1511 5509 1538 5559 6
1562 5511 1659 5578 τῆς
1703 5510 1929 5573 κτίσεως
1959 5513 2086 5564 δυσ-

433 5604 659 5655 ωπεῖται
715 5599 866 5666 λόγος
911 5616 925 5629 ο
980 5597 1236 5668 οὐδεμίαν
1305 5597 1412 5668 7&9
1469 5597 1702 5651 ἐνταῦθα
1770 5599 1954 5672 χώραν
2020 5603 2086 5656 τὰ

434 5688 711 5757 ἀξιώματα
749 5687 878 5755 ἔχει.
916 5685 1098 5750 Δείξας
1133 5685 1306 5737 τοίνυν
1328 5685 1424 5756 τὴν
1451 5686 1753 5757 ὑπερϐολὴν
1783 5690 1880 5758 τῆς
1908 5690 2083 5757 νόσου,

435 5777 529 5829 καὶ
553 5777 647 5845 τὴν
671 5776 848 5827 αἰτίαν
883 5775 1153 5844 προσθεὶς,
1199 5774 1278 5824 ὅτι
1322 5772 1428 5825 ἀπὸ
1477 5773 1745 5844 ῥᾳθυμίας
1769 5777 1874 5830 τῶν
1899 5780 2083 5848 ιίιίόρω⁹

438 5859 718 5921 στούντων,
758 5860 845 5912 καὶ
877 5859 936 5912 τὸ
967 5859 1136 5922 τέλος,
1174 5859 1248 5913 ὅτι
1283 5860 1524 5914 ἀπώλεια
1553 5863 1745 5925 αὐτοὺς
1765 5862 2080 5928 διαδέξεται,

531 6031 551 6056 ⁸
573 6032 678 6086 Duo
699 6045 830 6094 αισα,
857 6033 992 6089 αὐτὸς
1017 6035 1042 6080 6
1072 6035 1204 6096 βασι)
1217 6033 1304 6090 εύς.

3766 398 3866 453 6‘26

2199 525 2289 579 καὶ
2324 524 2383 577 τὸ
2431 524 2649 577 εὑκολον
2684 523 2783 592 τῆς
2809 519 3172 592 διορθώσεως,
3221 518 3376 589 βαρεῖ
3402 519 3427 558 ιι
3477 518 3636 571 πάλιν
3666 520 3764 572 καὶ
3808 523 3868 572 ὲν

2198 616 2261 683 τῇ
2293 612 2508 664 κολάσει
2558 611 2650 664 τὸν
2698 611 2968 663 Ἰουδαῖον.
3010 606 3300 662 Ἰουδαίου
3351 623 3413 659 τε
3467 606 3708 673 πρῶτον
3764 605 3865 660 καί

2202 702 2520 764 Ἕλληνος.
2558 700 2614 751 '0
2634 699 2741 768 γὰρ
2770 697 3009 760 πλείονος
3039 694 3350 755 ἀπολαύσας
3369 693 3468 763 τῆς
3492 694 3864 757 διδασκαλίας,

2202 788 2421 859 μείζονα
2458 787 2523 839 ἂν
2555 787 2639 854 εἴη
2675 785 2769 838 καὶ
2801 784 3070 854 τιμωρίαν
3114 783 3260 846 ἄξιος
3298 783 3584 851 ὑπομεῖναι
3623 798 3868 847 παρανο-

2203 875 2334 943 μῶν.
2363 875 2523 925 Ὥστε
2555 873 2664 940 ὄσῳ
2693 871 2758 923 ἂν
2793 869 3147 940 συνετώτεροι
3198 863 3344 939 ὦμεν
3397 868 3430 937 ἢ
3477 868 3862 937 δυνατώτεροι.

2199 961 2446 1014 τοσοῦτον
2477 957 2816 1027 κολαζόμεθα
2844 956 3044 1026 μᾶλλον
3079 957 3497 1028 ἁμαρτάνοντες.
3542 956 3647 1006 Καὶ
3676 956 3786 1022 γὰρ
3817 955 3865 1005 εί

2200 1050 2448 1111 πλούσιος
2467 1043 2536 1111 εἴ,
2563 1047 2780 1100 πλείονα
2814 1045 3162 1116 ἀπαιτηθησῃ
3189 1047 3444 1114 χρήματα
3480 1041 3570 1095 τοῦ
3609 1042 3861 1112 πένητος,

2199 1138 2294 1190 καὶ
2340 1139 2387 1189 εί
2436 1135 2819 1204 συνετώτερος,
2886 1131 3106 1202 μείζονα
3167 1131 3431 1201 ὑπακοὴν,
3480 1132 3573 1183 καὶ
3624 1133 3672 1182 εί
3701 1129 3864 1181 δυνα-

2202 1228 2385 1280 στείαν
2414 1224 2827 1296 περιϐέϐλησαι,
2876 1223 3230 1293 λαμπρότερα
3292 1221 3685 1291 κατορθώματα
3719 1237 3732 1250 ο
3769 1221 3867 1271 καὶ

2202 1315 2294 1366 ἐπὶ
2330 1313 2551 1367 πάντων
2583 1313 2638 1368 δὲ
2672 1312 2780 1364 τῶν
2803 1312 2979 1365 ἀλλων
3028 1310 3168 1363 οὕτω
3221 1310 3356 1380 πρὸς
3395 1309 3493 1378 τὴν
3513 1308 3742 1376 δύναμιν
3770 1306 3866 1358 καὶ

2199 1401 2266 1453 τά
2319 1400 2492 1470 μέτρα
2557 1398 2827 1460 εἰσοίσεις.
2878 1397 3033 1460 Δόξα
3080 1395 3262 1448 δὲκαὶ
3315 1393 3449 1462 τιμὴ
3505 1394 3601 1446 καί
3653 1392 3864 1459 εἰρήνη

2199 1489 2374 1540 παντί
2405 1487 2483 1552 τῷ
2501 1487 2858 1555 ἐργαζομένῳ
2902 1485 2968 1537 τὸ
3018 1483 3261 1552 ἀγαθὸν,
3328 1481 3585 1542 Ἰουδαίῳ
3612 1497 3674 1532 τε
3701 1477 3864 1545 πρῶ-

2198 1593 2323 1638 τον,
2353 1576 2450 1628 καί
2477 1577 2750 1639 Ἕλληνι.
2811 1575 2966 1625 Ποῖον
3026 1571 3274 1624 Ἰουδαῖον
3327 1568 3562 1621 ἐνταῦοά
3600 1584 3786 1634 φησιν,
3829 1564 3864 1633 ἢ

2202 1665 2327 1734 περὶ
2388 1664 2558 1717 ποίων
2609 1663 2873 1731 Ἑλλήνων
2918 1660 3260 1727 διαλέγεται;
3292 1657 3411 1709 Τῶν
3467 1656 3574 1725 πρὸ
3621 1657 3720 1724 τῆς
3770 1652 3865 1706 τοῦ

2200 1750 2436 1822 Χριστοῦ
2485 1750 2806 1820 παρουσίας.
2865 1747 3029 1800 υὺπω
3077 1748 3184 1817 γὰρ
3229 1748 3307 1807 είς
3347 1745 3473 1806 τοὺς
3513 1744 3610 1813 τῆς
3642 1742 3866 1812 χάριτος

2199 1838 2399 1907 ἔφθασε
2427 1837 2649 1907 χρόνους
2669 1839 2696 1890 6
2727 1836 2902 1903 λόγος,
2935 1835 3058 1889 ἀλλ’
3096 1835 3174 1886 ἔτι
3228 1835 3338 1895 τοῖς
3366 1831 3621 1898 ἀνωτέρω
3653 1830 3870 1900 χρόνοις

2200 1928 2540 1997 ἐνδιατρίϐει,
2586 1925 2972 1996 προκαθαιρῶν
3027 1924 3340 1995 πόρρωθεν,
3400 1922 3495 1974 καὶ
3532 1919 3772 1990 ἀναιρῶν
3805 1917 3873 1971 τὸ

2204 2017 2368 2087 μέσον
2416 2015 2510 2068 τοῦ
2544 2014 2805 2082 Ἕλληνος
2851 2015 2945 2066 καὶ
2977 2013 3070 2065 τοῦ
3110 2011 3391 2075 Ἰουδαίου,
3424 2010 3515 2074 ἵν’,
3551 2009 3678 2061 ὅταν
3707 2010 3765 2059 ἐν
3796 2009 3867 2076 τῇ

2200 2107 2379 2175 χάριτι
2406 2102 2560 2155 τοῦτο
2584 2103 2732 2170 ποιῇ,
2769 2100 2964 2170 μηκέτι
2997 2100 3123 2169 δόξῃ
3156 2097 3340 2152 καινόν
3388 2114 3441 2149 τι
3479 2095 3576 2148 καὶ
3604 2096 3870 2164 φορτικὴν

2201 2193 2453 2244 ἐπινοεῖν.
2493 2189 2553 2242 EE
2599 2189 2704 2258 7&9
2753 2190 2809 2239 ὲν
2863 2190 2974 2250 τοῖς
3025 2187 3281 2256 ἀνωτέρω
3337 2185 3570 2255 χρόνοις,
3593 2184 3679 2236 ὅτε
3711 2183 3870 2235 οὔπω

2201 2282 2233 2350 ἡ
2260 2280 2418 2348 χάρις
2445 2273 2512 2346 ἦν
2536 2275 2859 2344 ἐκλάμψασα
2883 2275 2915 2344 ὴ
2949 2273 3206 2342 τοσαύτη,
3231 2275 3318 2325 ὅτε
3339 2272 3407 2326 τὰ
3441 2271 3549 2323 τῶν
3594 2270 3870 2324 Ἰουδαίων

2203 2367 2375 2434 σεμνά
2399 2367 2491 2415 καὶ
2526 2362 2823 2431 περιϐόητα
2859 2361 2950 2412 καὶ
2967 2359 3194 2429 λαμπρά
3222 2357 3373 2430 παρά
3406 2360 3571 2412 πᾶσιν
3595 2352 3684 2426 ἦν,
3711 2356 3871 2408 οὐδὲν

2197 2449 2262 2524 ἧν
2295 2453 2354 2504 τὸ
2377 2452 2561 2521 μέσον,
2587 2449 2708 2500 τίνα
2732 2447 2796 2500 ἂν
2833 2447 3007 2514 ἔχοιεν
3054 2446 3238 2498 λοιπὸν
3287 2447 3457 2498 εἰπεῖν
3510 2443 3660 2516 [465]
3709 2443 3872 2511 λόγον

2201 2541 2340 2612 μετά
2388 2539 2486 2609 τὴν
2535 2533 2801 2602 τοσαύτην
2860 2533 2960 2603 τῆς
3018 2533 3239 2603 χάριτος
3309 2533 3606 2598 ἐπίδειξιν;
3647 2531 3747 2584 Διά
3783 2548 3869 2585 τοι

2198 2628 2358 2680 τοῦτο
2386 2627 2477 2680 καὶ
2506 2625 2644 2694 μετά
2673 2622 2872 2692 πολλῆς
2896 2621 3027 2674 αὐτὸ
3060 2620 3460 2683 κατασκευάζει
3488 2621 3584 2688 τῆς
3606 2620 3867 2689 σπουδῆς.

2199 2715 2308 2768 Καὶ
2341 2713 2448 2782 7&9
2477 2715 2504 2764 6
2526 2711 2800 2778 ἀκροατὴς
2827 2707 2986 2762 τούτο
3023 2707 3208 2776 μαθὼν
3235 2709 3291 2759 ἐν
3321 2709 3432 2769 τοῖς
3457 2706 3716 2774 ἀνωτέρω
3737 2707 3866 2776 χρό⁴

2199 2820 2308 2865 νοις
2339 2799 2596 2871 κρατοῦν,
2635 2796 2814 2866 πολλῷ
2851 2797 3050 2866 μᾶλλον
3088 2795 3224 2864 μετὰ
3253 2796 3351 2866 τὴν
3381 2796 3561 2849 πίστιν
3595 2796 3727 2849 αὐτὸ
3759 2813 3870 2848 πα·-

2199 2892 2477 2962 ραδέξεται
2509 2902 2554 2941 ε.
2593 2888 2857 2957 Ἕλληνας
2881 2887 2935 2938 δέ
2967 2883 3210 2938 ἐνταῦθα
3227 2902 3410 2955 φησιν,
3458 2886 3518 2937 οὐ
3562 2886 3689 2947 τοὺς
3718 2885 3868 2937 είδωο

2196 2981 2612 3052 λολατροῦντας,
2648 2977 2784 3032 ἀλλά
2816 2978 2934 3036 τοὺς
2964 2975 3371 3037 θεοσεϐοὖντας,
3401 2976 3526 3038 τούς
3549 2975 3625 3044 τῷ
3649 2975 3867 3044 φυσικῷ

2198 3069 2550 3140 πειθομένους
2573 3068 2744 3138 νόμῳ,
2768 3067 2892 3130 τούς
2922 3065 3060 3135 πλὴν
3087 3064 3192 3116 τῶν
3213 3061 3520 3114 Ἰουδαῖκῶν
3543 3064 3868 3131 παρατηρή⁹

2200 3177 2338 3211 σεων
2366 3157 2540 3209 πάντα
2564 3156 2634 3207 τά
2667 3155 2800 3223 πρὸς
2841 3152 3119 3205 εὐσέϐειαν
3153 3150 3508 3202 συντελοῦντα
3546 3149 3867 3220 διατηροῦν-

2198 3261 2292 3305 τας
2331 3259 2343 3272 ·
2378 3237 2479 3293 οἷοι
2505 3235 2641 3309 ἦσαν
2674 3238 2723 3290 οί
2753 3237 2878 3306 περὶ
2905 3236 2994 3287 τὸν
3028 3235 3381 3303 Μελχισεδὲκ,
3416 3231 3524 3296 οἷος
3560 3231 3627 3304 ἦν
3653 3236 3681 3286 ὁ
3719 3233 3862 3298 Ἰὼϐ,

2195 3327 2296 3385 οἷοι
2336 3325 2474 3400 ἦσαν
2495 3329 2541 3380 οἱ
2569 3322 2867 3384 Νινευῗται,
2893 3317 3001 3384 οἷος
3029 3318 3095 3392 ἦν
3125 3325 3151 3374 6
3182 3322 3494 3392 Κορνήλιος.
3527 3321 3665 3388 Ἤδη
3686 3321 3864 3373 τοίνυν

2201 3415 2574 3489 προδιορὺττει
2621 3413 2720 3481 τῆς
2766 3410 3064 3480 περιτομῆς
3113 3409 3206 3462 καὶ
3243 3408 3342 3478 τῆς
3399 3408 3760 3478 ἀκροϐυστίας
3803 3407 3863 3462 τὸ

2201 3509 2382 3579 μέσον,
2403 3505 2495 3558 καὶ
2514 3501 2790 3572 πόρρωθεν
2815 3500 3018 3564 ταύτην
3079 3495 3440 3566 προκαταλύει
3464 3497 3561 3561 τὴν
3578 3495 3862 3566 διαφορὶν,

2195 3595 2334 3646 ὥστε
2359 3592 2452 3644 καὶ
2480 3587 2802 3648 ἀνυπόπτως
2838 3584 2966 3637 αὐτὸ
2995 3584 3238 3652 ποιῆσαι,
3270 3583 3362 3634 καὶ
3391 3581 3450 3646 ἐξ
3483 3582 3670 3652 ἐτέρας
3692 3583 3864 3650 ἀνάγ-

2195 3697 2297 3751 κης
2325 3681 2402 3740 εἰς
2432 3677 2588 3730 τοῦτο
2628 3674 2881 3745 ἐμϐαλεῖν
2916 3689 2929 3701 ·
2974 3673 3109 3742 ὅπερ
3154 3672 3240 3724 ἀεὶ
3275 3670 3372 3736 τῆς
3420 3669 3684 3730 συνέσεώς
3713 3671 3864 3723 ἐστιν

2197 3767 2324 3819 ἴδιον
2353 3766 2449 3834 τῆς
2477 3760 2858 3828 ἀποπολικῆς.
2896 3759 2960 3812 E’.
2992 3758 3088 3826 μὲν
3117 3756 3224 3826 7&9
3249 3757 3342 3808 ἐπὶ
3362 3757 3468 3808 τῶν
3500 3756 3704 3824 καιρῶν
3732 3757 3865 3811 αὐτὸ

2196 3857 2295 3923 τῆς
2319 3852 2539 3922 χάριτος
2587 3847 2806 3911 ἔδειξεν,
2857 3844 3032 3909 ἔδοξεν
3069 3844 3133 3897 ἂν
3173 3843 3375 3913 πολλὴν
3395 3842 3628 3912 ὑποψίαν
3662 3843 3806 3914 ἔχειν
3836 3847 3864 3899 ό

2195 3941 2351 4007 λόγος
2387 3953 2400 3966 ⁸
2440 3938 2501 3991 τὸ
2534 3938 2592 3991 δέ
2633 3935 2985 4004 διηγούμενον
3018 3932 3114 4002 τὴν
3150 3932 3485 4000 κατέχουσαν
3527 3931 3618 3985 τὸν
3658 3933 3862 4002 κόσμον

2196 4028 2393 4082 κακίαν
2426 4028 2520 4080 καὶ
2545 4024 2830 4094 πονηρίαν,
2877 4024 2940 4075 ἐκ
2968 4021 3066 4092 τῆς
3087 4019 3408 4082 ἀκολουθίας
3431 4019 3643 4089 ἐκείνης
3665 4021 3745 4083 είς
3773 4020 3864 4074 τὸν

2195 4118 2323 4189 περὶ
2359 4116 2564 4169 τούτων
2611 4112 2845 4184 ἐμϐῆναι
2874 4109 3054 4178 λόγον,
3089 4109 3398 4162 ἀνύποπτον
3428 4107 3602 4162 ἐποίει
3641 4107 3739 4178 τὴν
3779 4109 3864 4162 δι-

2193 4203 2510 4259 δασκαλίαν.

2251 4295 2313 4346 δ’.
2332 4293 2438 4345 Καὶ
2456 4293 2536 4344 ὅτι
2553 4288 2710 4342 τοῦτο
2736 4286 3003 4357 βούλεται,
3021 4287 3112 4338 καὶ
3130 4284 3216 4337 διὰ
3235 4283 3392 4337 τούτο
3410 4283 3551 4337 οὕτω
3573 4283 3861 4352 συνέθηκε,

2195 4379 2350 4448 δῆλον
2384 4378 2610 4430 ἐκεῖθεν.
2644 4376 2704 4428 El
2751 4374 2824 4444 μὴ
2857 4373 2965 4443 7&9
2998 4371 3155 4424 τοῦτο
3179 4371 3478 4434 ἐσπούδαζε
3519 4374 3862 4425 κατασκευά-

2198 4485 2316 4530 σαι,
2350 4468 2506 4536 ηρκει
2572 4465 2820 4526 εἰπόντα,
2861 4463 2941 4514 ὅτι
2982 4459 3143 4513 Κατὰ
3182 4458 3297 4526 τὴν
3319 4458 3700 4526 σκληρότητά
3739 4475 3857 4513 σου

2194 4556 2288 4608 καί
2317 4553 2722 4623 ἀμετανόητον
2745 4549 2995 4618 καρδίαν
3018 4545 3391 4616 θησαυρίζεις
3414 4547 3650 4611 σεαυτῷ
3672 4547 3861 4617 ὀργὴ»-

2193 4644 2262 4696 ἐν
2293 4641 2481 4710 ἡμέρᾳ
2525 4637 2726 4710 ὀργῆς,
2777 4636 3087 4691 παύσασθαι
3135 4635 3232 4704 τῆς
3268 4634 3578 4696 ὑποθέσεως
3619 4635 3856 4703 ταύτης·

2191 4732 2286 4784 καὶ
2322 4731 2428 4800 7&9
2475 4727 2856 4798 ἀπηρτισμένη
2903 4720 2989 4794 ἦν.
3056 4722 3196 4774 Ἀλλ’
3250 4720 3435 4790 ἐπειδὴ
3487 4721 3549 4772 οὑ
3581 4721 3736 4774 τοῦτο
3788 4719 3858 4793 ἦν

2191 4817 2338 4886 αὐτῷ
2385 4816 2444 4868 τὺ
2488 4813 2838 4884 ζητούμενον,
2895 4810 3023 4880 περὶ
3073 4809 3309 4879 κρίσεως
3353 4808 3510 4878 μόνον
3543 4811 3716 4861 εἰπεῖν
3758 4810 3858 4878 τῆς

2200 4905 2523 4976 μελλούσης,
2561 4900 2698 4954 ἀλλὰ
2741 4901 2836 4952 καὶ
2884 4897 3053 4963 δεῖξαι
3102 4897 3252 4949 οὐδὲν
3306 4896 3467 4948 πλέον
3521 4895 3712 4966 ἔχοντα
3766 4899 3858 4950 τὶν

2204 4993 2452 5045 Ἰουδαῖον
2495 4989 2587 5044 τοῦ
2631 4986 2871 5040 τοιούτου
2905 4985 3195 5054 Ἕλληνος,
3231 4984 3319 5036 Eva
3356 4982 3430 5053 μὴ
3470 4983 3611 5053 μέγα
3659 4987 3854 5055 φρονῇ,

2191 5080 2400 5150 πρόεισι
2443 5075 2782 5148 περαιτέρω,
2839 5074 2935 5126 καὶ
2977 5071 3125 5136 τάξει
3172 5071 3457 5142 κέχρηται.
3515 5069 3715 5123 Σκόπει
3765 5070 3852 5124 δέ·

2203 5165 2466 5234 Ἐφόϐησε
2499 5164 2590 5216 τὸν
2621 5160 2916 5232 ἀκροατὴν,
2964 5160 3237 5230 ἐπήχησεν
3265 5169 3288 5196 ο
3314 5156 3465 5226 αὐτῷ
3494 5160 3593 5225 τὴν
3638 5158 3857 5227 ἡμέραν

2189 5253 2286 5323 τὴν
2310 5252 2437 5321 φοϐε
2449 5251 2566 5320 ραν,
2595 5245 2748 5324 εἶπεν
2765 5249 2884 5300 ὅσον
2905 5246 3073 5300 κακὸν
3095 5249 3160 5316 τῇ
3189 5244 3422 5315 πονηρίᾳ
3445 5245 3633 5314 συςῇν,
3653 5245 3855 5312 ἔδειξεν

2190 5341 2377 5392 οὐδένα
2412 5339 2470 5401 ἐξ
2516 5336 2736 5404 ἀγνοίας
2767 5334 3147 5405 ἁμαρτάνοντα
3174 5333 3295 5385 οὑδέ
3328 5333 3656 5403 ἀτιμωρητὶ,
3692 5333 3851 5395 ἀλλὰ,

2190 5427 2292 5480 κᾶν
2325 5426 2398 5496 μὴ
2421 5425 2515 5476 νῦν
2542 5423 2615 5493 δῷ
2636 5424 2810 5492 δίκην,
2838 5422 3076 5474 δώσοντα
3106 5419 3350 5484 πάντως·
3385 5418 3634 5473 ἐντεῦθεν
3665 5419 3853 5474 λοιπὸν

2191 5515 2435 5585 βούλεται
2483 5513 2910 5575 κατασκευάσαι,
2944 5512 3025 5562 δτι
3055 5511 3086 5578 ἡ
3117 5509 3211 5561 τοὺ
3247 5509 3408 5579 νόμου
3441 5507 3756 5561 διδασκαλία
3788 5508 3852 5562 οὐ

2190 5603 2393 5672 σφόδρα
2437 5599 2544 5652 τῶν
2594 5598 3025 5665 κατεπειγόντων
3065 5593 3164 5668 ἦν’
3205 5599 3262 5648 ἐν
3296 5596 3403 5667 7&9
3451 5598 3564 5659 τοῖς
3606 5595 3788 5665 ἔργοις
3814 5597 3850 5664 ἡ

2188 5690 2408 5749 κόλασις
2437 5687 2529 5738 καὶ
2574 5688 2605 5756 ἡ
2636 5685 2792 5756 τιμὴ.
2826 5685 2925 5736 οὑκ
2967 5686 3024 5738 ἐν
3068 5687 3336 5755 περιτομῇ
3368 5683 3460 5736 καὶ
3491 5683 3849 5754 ἀκροϐυστία.

2201 5776 2349 5829 Ἐπεὶ
2378 5769 2467 5827 οὖν
2491 5769 2641 5828 εἶπεν
2671 5775 2754 5828 ὅτι
2785 5772 3001 5836 πάντως
3031 5772 3426 5842 κολασθήσεται
3453 5773 3480 5822 ὁ
3502 5771 3722 5842 Ἕλλην,
3753 5770 3851 5824 καὶ

2249 5981 2276 6019 ι)
2304 5979 2437 6027 Unus
2481 5979 2682 6042 βαρύνει.
2774 5979 2795 6005 ε
2829 5977 2932 6026 Duo
2970 5990 3081 6026 mss.
3113 5977 3431 6032 καταδέξεται.
3506 5969 3531 6012 δ
3555 5972 3662 6022 Duo
3702 5983 3844 6030 mss,

2201 6041 2498 6101 ἐπετείχισεν,
2544 6041 2704 6088 minu<
2734 6046 2888 6086 recte.
