4118 6340
191 439 286 494 ιεπ

297 556 597 609 Secundum
663 567 829 610 autem
884 557 1125 610 duritiam
1183 566 1321 609 tatam
1370 567 1418 611 et
1477 557 1790 626 impaenileus

185 664 274 699 cor
299 648 618 700 thesaurizas
646 647 734 698 tibi
759 649 909 699 iram.
940 646 1074 700 Cum
1102 647 1244 701 enim
1272 662 1447 718 neque
1477 658 1783 702 mansuetu—

186 738 312 790 dine
343 737 670 803 emolliatnr,
703 753 801 792 nec
831 739 1021 792 timore
1052 737 1317 804 ﬂectatur,
1341 740 1465 810 quid
1491 741 1579 794 illo
1601 741 1789 794 durius

186 827 382 880 fuerit?
415 827 704 896 Postquam
738 836 916 881 autem
963 828 1053 882 Dei
1095 829 1477 899 benignitatem
1511 830 1743 884 ostendit
1768 873 1783 895 ,

184 929 310 972 tunc
341 919 660 988 supplicium
691 918 906 974 exhibet
937 937 949 971 :
979 921 1118 989 quod
1148 938 1338 990 nempe
1358 924 1430 977 sit
1453 924 1786 979 intolerabile

179 1012 253 1076 ei,
283 1012 377 1082 qui
406 1025 583 1080 neque
604 1012 680 1064 sic
700 1025 993 1066 conversus
1018 1013 1104 1066 sit.
1136 1012 1201 1066 Et
1229 1013 1349 1067 vide
1379 1030 1537 1084 quam
1568 1015 1783 1084 proprie

180 1103 365 1157 verbis
393 1111 572 1156 utatur
603 1118 616 1152 :
650 1100 1011 1169 Tltesaurizas,
1043 1103 1234 1172 inquit,
1265 1104 1353 1157 tibi
1383 1106 1531 1171 iram,
1560 1106 1784 1159 omnino

178 1193 477 1262 repositam
508 1193 640 1246 iram
673 1192 984 1258 ostendens,
1018 1202 1071 1248 et
1104 1209 1208 1248 non
1237 1195 1498 1264 judicem,
1530 1196 1625 1251 sed
1655 1213 1778 1252 eum

177 1286 267 1354 qui
305 1284 610 1352 judicatur,
643 1284 782 1339 illius
819 1299 1035 1338 causam
1066 1300 1206 1340 esse.
1253 1287 1364 1342 Tibi
1405 1289 1536 1358 ipsi,
1571 1289 1778 1360 inquit,

175 1375 496 1429 thesaurizas
519 1417 532 1438 ,
565 1389 668 1429 non
700 1374 840 1429 Deus
869 1373 982 1429 tibi.
1023 1375 1118 1430 ille
1143 1376 1288 1431 enim
1319 1379 1497 1431 omnia
1537 1395 1656 1448 qua:
1685 1395 1781 1449 par

174 1477 291 1520 erat
322 1467 595 1536 przestitit,
628 1476 679 1521 et
710 1465 808 1521 tibi
837 1468 1099 1522 bonorum
1127 1470 1501 1546 malorqmque
1523 1472 1779 1540 cognitio-

176 1574 299 1612 nem
345 1559 637 1628 impcrtiit,
681 1559 990 1629 patientiam
1028 1576 1179 1616 suam
1209 1563 1472 1628 exhibuit,
1505 1564 1570 1618 ad
1603 1567 1776 1634 ι)ωηί-

174 1650 402 1704 tentiam
435 1661 486 1705 te
513 1653 741 1714 vocavit,
770 1649 913 1706 diem
943 1652 1234 1708 terribilem
1265 1656 1622 1710 comminatus
1651 1664 1735 1711 est
1758 1697 1774 1721 ,

174 1755 269 1807 per
305 1740 490 1794 omnia
536 1749 587 1794 te
629 1740 693 1794 ad
746 1741 1170 1811 resipiscentiam
1209 1744 1451 1823 alliciens
1495 1765 1508 1800 :
1555 1748 1696 1818 quod
1729 1749 1773 1804 si

170 1831 412 1885 inﬂexus
467 1847 717 1897 maneas,
767 1831 1103 1889 Tltesaurizas
1141 1836 1230 1890 tibi
1265 1838 1396 1890 iram
1426 1839 1476 1891 in
1502 1839 1584 1894 die
1609 1841 1700 1893 ira:
1729 1850 1774 1894 ct

169 1924 498 1977 reuelationis
537 1935 584 1978 et
610 1925 737 1996 justi
754 1926 944 1996 judicii
970 1926 1081 1982 Dei.
1113 1928 1191 1984 Ne
1221 1941 1372 1999 putes
1410 1933 1552 1986 enim
1595 1934 1770 1988 audita

167 2013 270 2079 ira,
297 2015 606 2082 passiOnem
634 2031 772 2083 esse,
804 2017 952 2072 addit
980 2037 994 2073 :
1021 2019 1158 2074 Iusti
1173 2022 1364 2091 judicii
1391 2022 1504 2076 Dei.
1529 2027 1604 2078 Ac
1631 2035 1772 2080 recte

167 2101 325 2167 dixit,
363 2102 700 2158 Revolutionis
721 2122 741 2160 :
770 2115 896 2161 tunc
927 2109 1066 2162 enim
1086 2152 1100 2173 ,
1133 2108 1233 2164 hoc
1267 2113 1498 2178 revelat,
1529 2129 1649 2168 cmn
1683 2130 1771 2169 se-

167 2194 407 2248 cundum
459 2197 704 2251 meritum
754 2198 945 2269 singuli
995 2202 1282 2270 accipiunt.
1329 2204 1460 2258 Nam
1494 2207 1579 2261 hic
1627 2223 1770 2278 smpe

167 2286 325 2339 multi
391 2296 586 2356 prmter
632 2289 720 2357 jus
787 2291 1086 2345 molestiam
1143 2294 1376 2349 inferunt
1439 2306 1494 2350 ct
1549 2299 1768 2355 insidias

165 2387 426 2441 struunt;
489 2380 594 2432 illic
646 2395 774 2435 vero
820 2396 924 2436 non
982 2384 1130 2439 item.
1166 2385 1266 2451 Qui
1295 2388 1470 2441 reddet
1498 2392 1770 2456 unicuique

163 2472 447 2526 secundant
489 2489 644 2542 apera
683 2477 828 2543 ejus;
856 2476 920 2530 iis
949 2478 1180 2544 quidem,
1228 2481 1318 2548 qui
1342 2482 1628 2555 secundum
1669 2502 1764 2554 pa-

162 2561 392 2615 tientiam
423 2562 542 2617 boni
570 2566 756 2636 operis.

234 2651 286 2705 3.
335 2651 621 2720 Postquam
667 2669 725 2709 se
765 2659 1053 2713 terribilem
1097 2669 1151 2714 et
1183 2677 1447 2717 .scverum
1503 2667 1759 2733 exhibuit,

160 2756 284 2796 tum
308 2743 375 2797 de
400 2744 604 2813 judicio
634 2757 688 2801 et
717 2749 782 2802 de
812 2751 991 2804 futuro
1018 2754 1278 2821 supplicio
1301 2756 1630 2826 loqueretur,
1657 2777 1762 2815 non

160 2848 220 2886 se
249 2834 434 2886 statim
464 2836 528 2888 ad
562 2838 901 2906 supplicium,
934 2851 987 2894 ut
1018 2847 1436 2913 exspectandum
1462 2851 1759 2916 videbatur,

157 2923 414 2992 conjecit,
439 2925 531 2980 sed
554 2929 619 2978 ad
645 2943 753 2982 rem
783 2931 1104 2997 suaviorem,
1135 2951 1326 3006 nempe
1353 2941 1759 2997 retributiOnem

159 3012 448 3080 bonorum,
479 3030 782 3072 sermonem
806 3025 1071 3077 convertit
1089 3025 1189 3081 hoc
1213 3039 1368 3095 pacto
1394 3047 1408 3083 :
1439 3029 1514 3083 Iis
1532 3033 1756 3102 quidem,

157 3103 244 3171 qui
272 3105 556 3158 secundum
594 3109 889 3177 patientiam
916 3112 1032 3167 boni
1057 3117 1245 3183 aperis,
1271 3118 1486 3187 gloriam
1517 3132 1563 3175 et
1594 3126 1757 3177 Itono-

157 3210 262 3246 rem
304 3206 353 3249 et
389 3197 819 3268 incorruptionem
853 3216 1105 3271 quierunt,
1151 3209 1307 3261 vitam
1349 3224 1612 3267 a'teruam.
1660 3216 1758 3272 Hic

155 3300 271 3351 eos,
321 3288 410 3356 qui
458 3289 508 3343 in
551 3294 934 3350 tentationibus
971 3297 1153 3352 animo
1187 3299 1529 3368 defecerant,
1579 3309 1753 3377 erigit,

153 3379 502 3435 ostenditque
543 3397 651 3436 non
681 3395 932 3453 oportere
978 3389 1028 3442 in
1069 3389 1169 3445 iide
1207 3394 1320 3447 sola
1370 3394 1614 3451 ﬁduciam
1661 3399 1757 3453 ha-

155 3470 284 3525 bere
316 3489 330 3524 :
363 3487 485 3526 nam
534 3474 761 3530 trilmnal
806 3477 934 3532 illud
978 3490 1094 3534 acta
1141 3487 1428 3539 examinat.
1476 3488 1754 3559 Perpende

153 3559 327 3625 illum,
357 3577 478 3616 cum
510 3563 576 3618 de
602 3564 793 3621 futuris
830 3568 1085 3638 loquitur,
1118 3588 1222 3626 non
1255 3590 1413 3643 posse
1442 3579 1587 3634 clare
1613 3581 1752 3636 bona

151 3650 238 3705 iiia
269 3653 570 3722 explicare,
602 3657 694 3710 sed
721 3659 944 3724 gloriam
982 3673 1035 3715 et
1074 3662 1334 3719 honorem
1374 3668 1575 3724 dicere.
1619 3673 1750 3738 Quia

149 3743 292 3796 enim
325 3741 463 3798 bona
486 3743 717 3800 humana
743 3749 897 3819 longe
919 3763 1190 3820 superant,
1216 3757 1410 3810 nullam
1437 3758 1595 3815 habet
1622 3763 1754 3816 ima-

145 3848 328 3900 ginem
361 3849 523 3904 quam
559 3838 723 3904 possit
768 3839 1061 3907 adhibere;
1100 3845 1193 3898 scd
1229 3846 1298 3899 ab
1342 3848 1423 3913 iis,
1455 3865 1574 3919 qum.
1608 3854 1747 3922 apud

146 3939 244 3975 nos
275 3923 641 3993 splendidiora
685 3929 950 3997 videntur,
985 3932 1068 3987 illa
1103 3944 1386 4005 utcumque
1414 3942 1685 4009 exprimit,
1717 3959 1745 3995 a

143 4013 340 4081 gloria,
369 4015 437 4067 ab
466 4016 690 4079 honore,
719 4035 748 4072 a
784 4022 890 4074 vita
926 4039 940 4075 :
974 4023 1059 4077 illa
1086 4027 1228 4080 enim
1264 4029 1402 4082 inter
1440 4045 1524 4085 res
1555 4031 1744 4088 buma-

144 4121 242 4158 nas
273 4116 621 4174 expetuntur.
649 4109 844 4164 Verum
871 4113 1105 4169 ctelestia
1130 4133 1234 4172 non
1262 4119 1564 4190 hujusmodi
1587 4137 1741 4194 sunt;

144 4197 240 4250 sed
274 4196 358 4250 his
383 4213 452 4252 eo
473 4210 596 4253 sunt
626 4205 1017 4272 praestantiora,
1051 4210 1191 4277 quod
1224 4213 1331 4266 sint
1366 4215 1742 4287 incorruptibi-

141 4289 211 4342 lia
241 4301 293 4343 et
325 4291 668 4348 immortalia.

215 4377 541 4434 Resurrectio
571 4399 859 4453 corporum.
880 4390 1158 4446 ——Videu‘
1187 4405 1241 4448 ut
1273 4398 1428 4452 nobis
1459 4401 1525 4456 de
1555 4418 1739 4458 resur-

139 4471 385 4524 rectione
406 4485 692 4542 corporum
727 4474 868 4531 fores
899 4485 1189 4549 aperuerit,
1221 4502 1342 4540 cum
1387 4490 1741 4563 incorruptio-

138 4574 266 4610 nem
304 4559 470 4612 dicit?
508 4561 841 4633 incorruptio
884 4569 1027 4623 enim
1075 4572 1161 4625 illa
1209 4581 1450 4646 corrupti
1496 4587 1740 4653 corporis

138 4656 242 4700 est.
282 4648 487 4704 Deinde
515 4654 634 4721 quia
666 4655 767 4710 hoc
807 4675 911 4713 non
952 4663 1081 4716 satis
1109 4676 1242 4730 erat,
1279 4670 1482 4725 addidit
1511 4648 1736 4742 gloriam

137 4749 188 4789 et
225 4737 507 4796 honorem.
534 4743 732 4801 Omnes
754 4751 894 4803 enim
931 4768 1272 4825 resurgemus
1300 4761 1613 4835 incorrupti,
1643 4773 1736 4824 sed

139 4847 246 4885 non
277 4847 467 4889 omnes
494 4837 559 4890 ad
585 4839 832 4908 gloriam,
863 4846 956 4899 sed
983 4848 1070 4902 alii
1100 4851 1164 4903 ad
1190 4855 1530 4921 simplicium,
1557 4862 1644 4914 alii
1669 4863 1733 4917 ad

136 4921 386 4991 gloriam.
421 4926 473 4979 8.
511 4927 587 4981 lis
617 4946 754 4995 vero,
785 4936 875 5003 qui
907 4953 970 4990 ea:
995 4943 1332 5007 contentione,
1368 4947 1554 5015 inquit.
1593 4951 1732 5004 llnr-

133 5030 230 5067 sus
261 5016 406 5068 enim
438 5019 586 5072 venia
617 5023 786 5089 privat
816 5041 929 5091 eos,
961 5031 1047 5098 qui
1091 5032 1142 5085 iu
1174 5037 1406 5105 nequitia
1441 5042 1648 5107 vivunt,
1680 5059 1736 5101 et

136 5106 376 5161 ostendit
397 5123 491 5164 eos
521 5126 584 5164 ex
613 5117 960 5174 contentione
986 5123 1212 5190 quadam
1234 5137 1286 5180 et
1312 5129 1517 5197 ignavia
1550 5134 1615 5187 ad
1640 5151 1734 5191 ne-

134 5197 360 5264 quitiatu
389 5199 676 5256 decidisse.
712 5202 778 5258 Et
800 5224 898 5261 non
924 5214 1247 5280 acquiescant
1277 5221 1495 5286 veritati,
1521 5225 1733 5282 credunt

132 5297 304 5340 autem
342 5289 617 5358 iniquitati.
675 5295 812 5351 Ecce
862 5300 1018 5356 aliam
1068 5321 1254 5363 rursus
1306 5317 1728 5374 accusationem.

132 5379 304 5445 Quam
328 5383 468 5436 enim
489 5390 889 5446 excusationem
922 5393 1169 5453 habuerit
1199 5404 1261 5466 is,
1288 5406 1376 5473 qui
1401 5406 1572 5462 lucem
1599 5410 1732 5482 fugit

134 5484 187 5526 et
219 5475 469 5530 tenebras
494 5479 715 5550 deligit?
742 5484 927 5555 Neque
955 5489 1104 5556 dicit,
1137 5495 1190 5548 Vi
1220 5497 1497 5566 impulsos,
1527 5509 1607 5559 vel
1643 5517 1726 5579 ty-

137 5567 381 5632 rannide,
411 5569 923 5644 sed,obtemperantes
941 5583 1215 5653 iniquitati;
1235 5603 1287 5644 ut
1309 5595 1516 5650 ediscas
1540 5603 1729 5655 volun-

136 5659 257 5711 tatis
273 5675 395 5714 esse
423 5661 646 5729 lapsum,
680 5684 784 5723 non
806 5677 1139 5732 necessitatis
1161 5684 1387 5740 crimen.
1413 5688 1463 5743 9.
1502 5690 1734 5749 Tribulu-

136 5749 202 5800 tio
227 5760 273 5802 et
301 5755 534 5821 angustia
560 5773 711 5827 super
740 5778 938 5819 onmem
969 5772 1192 5826 animam
1219 5777 1434 5834 hominis
1471 5793 1724 5854 aperanti:

133 5841 344 5894 malum.
389 5845 441 5899 id
469 5860 572 5912 est,
605 5850 725 5906 licet
758 5858 1040 5920 epulentus
1069 5868 1187 5933 quis
1221 5869 1398 5940 fuerit,
1441 5876 1559 5934 licet
1596 5899 1720 5940 ron-

481 5948 744 6014 ΡΑτιιοι..
798 5957 911 6016 Gn.
965 5959 1091 6027 LX.

1253 441 1316 496 ΙΝ
1359 441 1579 500 EPIST.
1621 443 1712 498 AD
1755 441 1916 500 “OM.
1961 444 2188 505 liOMlL.
2243 454 2302 507 V.

3394 496 3499 554 4‘26

1901 559 2002 622 sui,
2041 561 2165 618 licet
2194 581 2308 631 rex,
2338 574 2613 630 nemiuem
2646 594 2927 641 reveretur
2951 590 3138 660 jndicii
3175 603 3312 660 ratio
3345 626 3362 664 :
3391 623 3501 670 non

1901 647 1983 670 LE-
2017 651 2092 670 Ιᾼμ
2223 656 2234 670 ι
2295 660 2306 670 ·
2472 664 2503 670 --
2587 668 2595 670 >

1899 647 1984 704 hic
2017 651 2190 752 locum
2221 656 2422 716 habent
2451 664 2759 736 dignitates.
2793 675 2927 733 Cum
2951 647 3311 754 etgo

1896 741 2150 796 mentium
2189 747 2542 823 exhibuisset,
2591 769 2644 813 et
2683 777 2901 823 causam
2943 741 3257 851 addidisset,
3304 805 3499 862 nempe

1893 839 2268 900 :rgrolantium
2302 843 2602 916 ignaviam;
2633 863 2682 907 et
2715 856 2876 916 linem
2908 880 3144 940 quoque,
3177 839 3319 946 qn'od
3345 839 3496 942 sciii-

1890 936 1975 980 cet
2004 931 2271 996 pernicies
2304 936 2424 991 illos
2455 954 2746 1012 exceptura
2776 951 2866 1017 sit,
2917 931 3126 1018 necnon
3156 931 3496 1035 emendatio-

1891 1017 1972 1136 τίς
2003 1017 2345 1080 facilitatem:
2370 1027 2615 1088 Judaeum
2636 1052 2825 1097 rursus
2849 1045 2899 1100 in
2932 1056 3196 1123 supplicio
3212 1017 3489 1136 aggrava:

1929 1110 2074 1136 ..ιιι-ι.
2120 1116 2282 1136 __.:___.,
2405 1131 2415 1136 _
2450 1122 2487 1136 n
2696 1131 2740 1136 __

2998 1105 3012 1121 ⁸
3037 1105 3240 1123 Ιν--σ-νιπ
3319 1105 3489 1128 Πανί.ιο

1887 1105 2074 1164 Iudaeo
2116 1116 2337 1181 primum
2368 1131 2415 1175 et
2443 1122 2642 1184 Graeco.
2692 1131 2828 1190 Nam
2871 1143 2960 1209 qtti
3005 1149 3213 1219 majore
3244 1105 3496 1220 ifnhutus

1889 1199 1979 1220 ΛΑ.
2018 1202 2039 1220 j
2116 1215 2126 1220 ρ
2167 1208 2176 1218 ·
2397 1213 2409 1220 ⁸
2484 1217 2493 1220 ⁸

2889 1199 2902 1209 ·
3136 1199 3212 1210 ”ν
3259 1199 3490 1220 ἰιιιυιυξ

1888 1199 1985 1254 fuit
2006 1202 2270 1274 doctrina,
2306 1213 2494 1284 majori
2526 1223 2795 1292 supplicio
2820 1231 3014 1303 dignus
3038 1199 3218 1314 fuerit,
3239 1253 3283 1304 si
3308 1199 3490 1328 ibique

1888 1303 2024 1332 nam.
2076 1296 2260 1332 “anno
2289 1319 2487 1332 η...ι..ι,.
2518 1315 2650 1332 --.μᾉΑ
2733 1320 2764 1332 ,ι
3299 1321 3306 1332 1

1884 1583 2044 1636 pere;
2092 1576 2136 1629 si
2179 1580 2514 1651 prudentior,
2559 1594 2734 1661 major
2762 1598 3105 1672 obedientia;
3134 1576 3194 1667 lsi
3247 1576 3484 1685 potdutia

1884 1664 2059 1685 -.-1--λ
2138 1669 2191 1685 ⁹¹¹
2269 1683 2276 1685 -
2319 1676 2329 1685 ¹

1882 1664 2084 1734 valeas,
2137 1669 2426 1730 illustriora
2470 1697 2634 1751 opera
2671 1704 2683 1738 :
2720 1689 2770 1744 in
2803 1694 3034 1768 aliisque
3073 1708 3328 1766 omnilms
3374 1719 3485 1783 pari

1882 1756 2088 1783 -ηιῖη..ιι
2114 1774 2206 1783 -..Α
2242 1765 2380 1783 --εΗ-μ
2446 1778 2456 1783 -
2724 1778 2737 1783 -
2785 1780 2794 1783 _

1881 1756 2089 1813 ratione
2112 1774 2210 1828 pro
2242 1765 2380 1820 virili
2409 1778 2462 1823 et
2487 1786 2584 1840 pro
2614 1778 2834 1836 modulo
2860 1756 3128 1846 coniferes.
3163 1797 3249 1853 10.
3284 1756 3482 1873 Glolria,

1884 1845 2044 1873 Iun”...
2071 1859 2110 1873 ,ι
2145 1870 2241 1873 .,-μ
2396 1861 2408 1872 .
2661 1869 2671 1873 -
2721 1871 2729 1873 ,

1879 1845 2044 1900 honor
2063 1859 2110 1902 et
2138 1870 2243 1920 pax
2270 1861 2408 1913 omni
2437 1869 2672 1932 aperanti
2709 1871 2922 1940 bonum,
2953 1880 3143 1940 Judteo
3174 1894 3398 1958 primum
3438 1851 3483 1953 ei

1881 1935 2052 1958 1'-._--
2114 1945 2152 1958 -ι
2334 1949 2348 1958 ·
2412 1952 2423 1958 ·

1880 1935 2078 1994 Grtrco.
2111 1945 2278 2008 Qumn
2322 1949 2568 2009 Jlltiilllllll
2624 1959 2709 2015 hic
2751 1981 3034 2037 memorat,
3082 1988 3136 2031 et
3174 1935 3244 2035 'de
3287 1989 3484 2054 quibus

1880 2025 2077 2054 P-...-:-
2124 2033 2286 2054 |_-,,,--
2375 2043 2396 2054 ι.
2431 2044 2465 2054 .,
2536 2048 2566 2054 ..

1877 2025 2080 2134 ςτιιξςίε
2121 2033 2396 2105 loquitur?
2430 2044 2504 2100 De
2535 2048 2620 2112 iis,
2652 2055 2742 2122 qui
2772 2070 2898 2114 ante
2942 2064 3141 2122 Christi
3187 2025 3479 2134 adventum

1876 2117 2025 2176 fut-re
2067 2141 2082 2177 :
2128 2129 2362 2186 nondum
2419 2138 2562 2192 enim
2612 2144 2677 2197 ad
2729 2150 2919 2216 gratia:
2976 2165 3187 2227 tempus
3238 2174 3483 2233 pervenit

1873 2225 2073 2328 siermo,
2109 2219 2202 2273 sed
2231 2221 2300 2275 de
2329 2230 2592 2296 superiori
2623 2243 2866 2307 tempore
2895 2243 3152 2318 loquitur,
3187 2219 3297 2322 ja'm
3332 2261 3482 2328 prius

1973 2307 2143 2328 ---λμ
2424 2319 2506 2328 ....
2663 2327 2668 2328 ,

1873 2301 1941 2357 de
1970 2307 2150 2362 medio
2181 2313 2376 2370 tollens
2405 2319 2762 2382 differentiam
2793 2331 3039 2392 Gt-zecnm
3066 2301 3206 2398 inte;
3226 2301 3478 2421 seu'gen-

1874 2393 2019 2421 ιιΙη...
2052 2407 2096 2421 ,ι
2137 2399 2190 2421 ι--
2215 2402 2272 2421 ιη
2493 2420 2498 2421 ,
2689 2419 2698 2421 _

1874 2393 2020 2448 tilem
2048 2407 2096 2452 et
2126 2399 2369 2459 Judaeum
2400 2426 2413 2475 ;
2449 2420 2505 2464 ut
2531 2429 2652 2470 cum
2685 2419 2738 2474 in
2761 2427 2950 2492 gratia:
2979 2438 3225 2501 tempore
3258 2441 3308 2494 id

1873 2493 1975 2552 ret,
2006 2503 2113 2544 non
2144 2508 2232 2548 res
2264 2512 2400 2553 nova
2440 2512 2533 2558 aut
2562 2520 2794 2567 onerosa
2835 2517 3131 2578 videretur.
3166 2528 3220 2583 Si
3249 2535 3391 2588 enim
3425 2539 3476 2594 in

1871 2577 2050 2645 prisco
2081 2582 2174 2635 ilio
2205 2594 2470 2661 tempore,
2501 2611 2625 2653 cum
2657 2605 2894 2663 nondum
2941 2622 3084 2670 tanta
3115 2625 3286 2689 gratia
3324 2629 3476 2686 cﬂ'ul-

1868 2679 2046 2734 serat,
2084 2687 2204 2728 cum
2249 2694 2338 2736 res
2372 2682 2685 2746 Judmorum
2740 2694 3091 2774 honorandae,
3115 2679 3378 2773 villnstres
3421 2733 3476 2778 et

1868 2762 2117 2821 celebres
2147 2771 2289 2838 apud
2321 2789 2508 2833 omnes
2537 2781 2895 2859 habebantur,
2922 2800 3126 2857 nullum
3155 2817 3272 2863 erat
3293 2810 3475 2869 discri.

1869 2868 1990 2907 men
2028 2873 2230 2927 :quam
2266 2865 2483 2923 demum
2531 2877 2792 2934 rationem
2835 2885 3030 2944 aii‘erre
3075 2905 3324 2963 poterant
3354 2920 3472 2974 post

1869 2951 2067 2974 Innln...
2112 2954 2291 2974 ~_..a?,_
2352 2973 2360 2974 κ
2409 2957 2421 2974 I
2448 2961 2478 2974 οι
2506 2963 2514 2973 ο
2549 2965 2560 2974 ι
2758 2972 2764 2974 .

1868 2951 2067 3000 tantam
2109 2954 2296 3018 gratiae
2336 2957 2769 3025 exhibitionetn?
2822 2951 3302 3060 Ιάροψιείιιηεηο
3348 2951 3470 3054 gum

1868 3037 2037 3060 neuJﬂ-
2069 3041 2121 3060 3.·
2154 3059 2175 3060 η
2256 3046 2269 3060 ι
2330 3058 2338 3060 Α
2398 3052 2436 3060 .-.
2539 3057 2547 3060 .

1865 3037 2042 3091 studio
2068 3041 2121 3095 id
2152 3046 2362 3112 probat.
2396 3052 2607 3110 Etenim
2637 3064 2854 3120 auditor
2883 3037 3108 3131 edoctus

1864 3130 1970 3182 scis
1999 3137 2330 3204 temporibus
2362 3144 2613 3213 valuisse,
2649 3156 3010 3233 multomagis
3043 3182 3163 3236 post
3191 3130 3468 3250 abcepiam

1864 3219 2020 3250 (hin...
2056 3225 2105 3250 :.l
2139 3228 2363 3250 ...ι-,μη
2609 3249 2612 3250 ,
2683 3244 2714 3250 _

1864 3219 2021 3276 ﬁdem
2055 3225 2106 3279 id
2138 3228 2470 3290 admissurus
2502 3249 2638 3295 erat.
2673 3244 2894 3306 Graecos
2916 3265 3095 3313 autem
3119 3277 3214 3318 seu
3235 3219 3470 3337 80:1"05

1864 3311 2125 3337 “Am”,
2303 3325 2351 3337 ..
2394 3328 2407 3337 .
2451 3331 2462 3337 -

1861 3311 1948 3367 hic
1975 3327 2149 3385 vocat,
2176 3338 2279 3378 non
2300 3325 2632 3397 idololatras,
2653 3340 2748 3393 sed
2773 3357 2866 3397 eos
2884 3348 2974 3416 qui
3003 3352 3166 3409 Deum
3194 3311 3466 3433 cdlebant,

1861 3403 1948 3433 αηῖ
1995 3412 2220 3433 ...ειη-,μη
2267 3414 2368 3433 1,-.
2543 3424 2555 3433 .

1859 3403 1949 3471 qui
1994 3412 2220 3512 naturali
2253 3414 2372 3505 .legi
2408 3424 2690 3493 parebant,
2725 3435 2814 3500 qui

1858 3501 2191 3613 scrvatiopes
2220 3501 2424 3577 omnia,
2463 3529 2584 3584 quae
2616 3521 2682 3574 ad
2713 3525 2854 3592 piam
2901 3532 3214 3603 religionem
3255 3558 3465 3613 specta-

1859 3599 2000 3696 rem,
2052 3593 2422 3658 observabant
2467 3622 2480 3658 :
2531 3612 2718 3679 quales
2761 3629 2918 3675 erant
2962 3593 3359 3691 Melchisedech
3411 3653 3462 3696 et

1855 3678 1977 3746 Job,
2007 3686 2194 3752 quales
2245 3702 2400 3747 erant
2444 3678 2714 3769 Ninivitae,
2763 3712 2939 3777 qualis
2992 3678 3298 3780 Cornelius.

1856 3772 2033 3844 itaque
2062 3777 2465 3842 distinctionem
2495 3791 2640 3849 inter
2667 3797 3136 3868 circumcisiouem
3163 3829 3217 3871 et
3244 3835 3458 3896 prmpu-

1856 3865 1982 3896 Ii...“
2024 3870 2289 3896 ...α-,ηιηη
2326 3877 2428 3896 an
2474 3883 2507 3896 .-

1855 3865 1983 3920 tium
2023 3870 2293 3930 suffodere
2326 3877 2532 3949 incipit,
2574 3897 2629 3941 et
2680 3896 2863 3957 procul
2908 3899 3054 3956 illam
3097 3865 3458 3974 differrentiyam

1852 3959 2193 4028 aggreditur;
2230 3967 2299 4020 ita
2331 3979 2385 4024 ut
2415 3983 2466 4026 et
2496 3976 2613 4032 sine
2647 3981 2750 4037 ulla
2785 3991 3093 4058 suspicione
3125 4000 3175 4052 id
3200 4000 3379 4072 faciat,
3407 4023 3454 4061 et

1852 4062 1910 4072 Α..
1948 4050 2044 4072 ιιιὲΔ
2097 4069 2189 4072 u—~
2294 4059 2326 4072 "
2376 4070 2382 4072 λ
2467 4065 2478 4072 ⁵

1850 4062 1912 4099 ex
1947 4050 2049 4104 alia
2097 4059 2421 4116 necessitate
2467 4065 2516 4120 in
2566 4085 2683 4126 eam
2730 4090 2845 4130 rem
2891 4095 2950 4136 se
2989 4089 3265 4157 conjiciat,
3310 4050 3454 4167 qtiod

1850 4141 2153 4167 »-n.|nln':.._
2189 4161 2281 4167 ---η
2309 4149 2320 4167 ι
2404 4154 2435 4167 _.

1847 4141 2156 4205 apostolica:
2189 4149 2487 4215 prudentiae
2514 4173 2732 4231 semper
2761 4172 3037 4238 proprium
3087 4179 3203 4235 fuit.
3248 4141 3380 4242 i‘iain
3407 4194 3453 4245 si

1849 4230 1898 4282 id
1929 4236 2115 4301 gratiae
2144 4245 2478 4309 temporibus
2503 4248 2570 4303 ita
2596 4267 2654 4308 se
2678 4255 2933 4317 habuisse
2954 4264 3248 4340 docuisset,
3278 4281 3444 4336 multa

1847 4327 2157 4394 suspicione
2188 4333 2374 4400 plenus
2406 4354 2587 4397 sermo
2635 4346 2848 4406 habitus
2889 4355 3077 4414 fuisset
3113 4381 3125 4416 :
3162 4327 3304 4435 quod
3349 4389 3437 4428 au-

1847 4425 1949 4468 tem
1969 4418 2036 4473 de
2066 4422 2265 4477 malitia
2287 4437 2339 4481 et
2362 4438 2711 4498 perversitate
2735 4440 2981 4514 loquens,
3003 4466 3123 4520 qua:
3150 4418 3272 4514 tunc
3299 4478 3452 4519 mun-

1842 4507 1969 4561 dmu
1999 4516 2313 4582 occupabat,
2354 4535 2419 4574 ex
2449 4525 2676 4590 quadam
2714 4535 2852 4588 serie
2886 4538 2936 4591 in
2972 4540 3114 4599 hunc
3142 4561 3447 4610 si-rmouem

1844 4598 2134 4670 incidisset,
2169 4623 2271 4661 non
2302 4624 2604 4680 suspecth
2637 4621 2934 4684 doctrinam
2967 4598 3244 4696 reddi-bat.

1911 4695 1964 4747 4.
2009 4696 2160 4761 Quod
2194 4711 2372 4756 autem
2402 4706 2528 4762 illud
2560 4712 2609 4764 in
2634 4729 2799 4785 scopo
2822 4719 3015 4779 habeat
3043 4728 3262 4794 Paulus,
3291 4749 3344 4793 et
3371 4743 3449 4796 sie

1842 4785 1962 4842 idco
1994 4805 2104 4845 rem
2135 4802 2520 4868 composuerit,
2559 4805 2682 4862 hinc
2715 4812 2888 4878 palam
2925 4830 3026 4873 est.
3072 4822 3182 4879 Nisi
3221 4834 3362 4886 enim
3397 4837 3445 4889 id

1843 4879 2068 4945 probare
2095 4885 2407 4956 studuissct,
2445 4905 2723 4965 postquam
2757 4903 2990 4977 dixerat,
3023 4912 3320 4976 Secundum
3351 4929 3447 4979 du-

3139 3082 3188 3134 id
3221 3084 3332 3152 jam
3363 3094 3472 3158 prio

1836 5067 1918 5119 die
1960 5068 2069 5132 irte,
2107 5070 2154 5122 id
2203 5075 2331 5126 satis
2373 5075 2578 5139 fuisset,
2613 5093 2662 5137 et
2707 5101 2764 5139 re
2808 5093 3040 5156 perfecta
3084 5100 3439 5164 claudendum

1835 5171 1950 5212 erat
1981 5163 2078 5215 hoc
2107 5178 2502 5233 argumentum.
2535 5172 2731 5232 Verum
2754 5183 2876 5250 quia
2913 5203 3018 5241 non
3053 5192 3125 5246 illi
3160 5197 3209 5248 in
3243 5214 3438 5270 propo-

1836 5251 1939 5304 situ
1964 5264 2076 5306 erat
2106 5253 2171 5308 de
2204 5257 2378 5310 futuro
2413 5261 2614 5329 judicio
2665 5277 2868 5327 tantum
2910 5293 3089 5345 ags-re,
3123 5287 3214 5339 sed
3243 5251 3438 5346 uestitu-

1835 5342 1963 5397 dere
1983 5345 2191 5400 Volebat
2215 5349 2338 5402 nihil
2366 5351 2479 5419 plus
2504 5355 2701 5413 habere
2722 5362 2984 5427 Judcum,
3009 5387 3166 5440 quam
3188 5378 3437 5439 Grmcum

1837 5431 2168 5501 bujnsmodi:
2204 5455 2269 5491 ne
2297 5440 2514 5498 indutus
2542 5447 2706 5501 altum
2737 5466 2968 5524 saperet,
3004 5431 3135 5518 ultra
3165 5431 3440 5540 progredi:

1836 5533 1937 5586 tur,
1979 5537 2030 5578 et
2074 5529 2260 5583 ordine
2306 5533 2488 5587 utitur.
2541 5537 2816 5608 Perpende
2857 5559 3035 5605 autem
3081 5571 3093 5607 :
3137 5529 3434 5618 mutitarent

1834 5617 2041 5681 terruit,
2079 5624 2405 5677 trctneudam
2451 5627 2594 5682 illam
2633 5631 2775 5686 diem
2817 5643 2967 5707 quasi
3013 5647 3260 5716 intonuit,
3303 5655 3439 5712 dixit

1831 5718 2085 5775 quantum
2118 5724 2262 5768 esset
2294 5718 2490 5774 malum
2524 5722 2571 5774 in
2599 5730 2832 5795 nequitia
2857 5735 3054 5800 vivere,
3082 5749 3313 5802 ostendit
3339 5769 3404 5805 ne
3430 5785 3437 5791 -

1830 5800 2025 5854 illint‘lll
2068 5818 2128 5857 ex
2176 5805 2470 5875 ignorantia
2525 5830 2768 5888 peccare,
2828 5841 3001 5897 neque
3055 5833 3287 5905 impune,
3341 5845 3433 5898 st-d

1828 5894 2032 5948 etiamsi
2069 5913 2208 5953 nunc
2237 5917 2421 5971 poenas
2463 5923 2564 5961 nou
2608 5908 2717 5981 det,
2751 5915 2999 5976 daturum
3040 5932 3260 5986 omnino
3290 5951 3432 5995 esse.

3021 6024 3103 6088 27
