4118 6340
715 449 815 505 ιετ
1446 442 1503 498 S.
1543 436 1814 497 JOANNIS
1850 429 2323 491 CHRYSOSTOMI
2362 431 2670 487 AllClllEP.
2715 430 3239 490 CONSTANTINOP.
3867 440 3969 492 491i

714 559 846 615 lline
874 558 1081 613 demum
1114 554 1341 626 probare
1378 553 1509 618 vult,
1541 552 1667 621 legis
1694 548 1987 605 doctrinam
2028 561 2135 600 non
2166 559 2283 599 esse
2392 549 2553 597 tasset
2577 559 2590 606 ;
2614 544 2709 597 sed
2739 544 2864 613 qttid
2891 539 3121 614 'amplius
3155 545 3372 605 addidit.
3403 547 3610 603 illorum
3644 550 3835 604 fastum
3868 553 3969 605 de-

714 664 825 704 rem
860 646 1145 701 admodum
1181 653 1457 716 urgentem
1488 659 1500 695 :
1533 655 1651 694 nam
1694 639 1746 693 in
1788 636 2174 708 operibussita
2203 642 2286 689 est
2384 631 2573 699 jiciens
2593 647 2655 687 ac
2676 636 3058 702 comprimens,
3078 638 3281 691 utillud
3297 638 3661 697 admitterent.
3681 643 3815 712 Quid
3839 646 3965 699 illud

715 753 888 805 pmna,
918 737 1075 790 situm
1101 736 1398 806 praemium,
1428 747 1530 787 non
1560 732 1611 785 in
1636 729 2039 786 circumcisione
2062 736 2117 781 et
2144 740 2281 795 prae-
2386 721 2505 775 est?
2532 720 2584 775 Id
2614 722 2755 792 quod
2797 725 3058 793 sequitur.
3100 726 3185 780 12.
3228 727 3539 800 Quicumque
3577 734 3731 799 enim,
3773 735 3964 804 inquit,

714 828 877 897 ρυιίο,
903 826 1186 896 Ροειφηηι
1217 826 1373 895 igitur
1396 822 1621 886 dixerat,
1650 819 1891 874 Grmcum
1917 818 2135 873 omnino
2164 831 2282 885 pm.
2385 810 2494 865 sine
2518 812 2626 882 lege
2644 825 2987 880 peccauerunt,
3011 818 3119 869 sine
3135 819 3243 887 lege
3256 820 3481 890 peribunt
3500 838 3519 874 :
3537 832 3583 876 et
3596 827 3892 897 quicumque
3914 830 3966 881 iu

710 932 833 972 nam
863 932 983 972 esse
1008 918 1326 981 subiturum,
1356 914 1513 983 idque
1549 914 1600 967 in
1626 911 1872 967 confesso
1910 910 2023 976 fuit,
2064 918 2119 964 et
2158 907 2283 964 inde
2385 900 2491 972 lege
2515 913 2855 971 peccaverunt,
2881 920 2967 975 per
3007 905 3165 976 legem
3197 909 3585 977 iudicabuntur.
3614 914 3732 981 llic,
3768 926 3825 970 ut
3851 919 3965 986 jam

710 1008 953 1077 probavit
975 1009 1133 1063 etiam
1163 1005 1528 1062 honorandum
1563 1017 1702 1068 esse,
1731 1000 2051 1072 superﬂuam
2087 998 2280 1054 deinde
2382 990 2517 1057 dixi,
2546 1008 2650 1047 non
2676 993 2835 1048 modo
2875 995 3227 1065 aequalitatem
3260 999 3397 1055 inter
3435 1001 3675 1059 luds-um
3717 1018 3771 1061 et
3814 1007 3969 1063 Gre—

710 1101 943 1155 ostendit
984 1100 1151 1170 legem
1176 1107 1228 1152 et
1261 1097 1719 1153 circumeisionem
1752 1111 1765 1147 :
1799 1109 1919 1147 nam
1960 1092 2043 1146 hic
2066 1090 2279 1146 iud-ros
2381 1096 2502 1137 cum
2521 1083 2732 1147 indicat,
2752 1086 2846 1140 sed
2864 1087 3022 1141 etiam
3038 1086 3277 1143 Judaeum
3302 1104 3331 1143 a
3356 1092 3473 1162 lege
3503 1097 3654 1152 valde
3683 1110 3963 1168 gravatum

711 1187 1377 1259 maximeimpugnat.Qttia
1395 1183 2080 1241 enimillicontentiosiores
2095 1189 2275 1244 erant;
2380 1189 2499 1230 esse
2536 1176 2865 1233 demonstrat
2898 1197 2911 1233 :
2943 1178 3159 1235 Gmcus
3186 1183 3327 1236 enim
3368 1185 3487 1240 sine
3530 1188 3645 1258 lege
3666 1191 3962 1260 judicatur.

705 1279 882 1349 primo
902 1294 1012 1349 pra:
1039 1278 1175 1333 fastu
1198 1293 1302 1332 non
1336 1276 1611 1346 dignantes
1638 1288 1697 1329 se
1724 1288 1843 1328 cum
1874 1271 2153 1341 gentilibus
2178 1285 2275 1324 an-
2377 1264 2476 1320 Hic
2492 1275 2689 1331 autem.
2713 1268 2837 1323 δέκα
2852 1268 2976 1341 ιεθες
2999 1286 3105 1325 ηοη
3120 1273 3357 1341 mvius.
3377 1276 3472 1331 ³υά
3496 1280 3671 1335 minus
3687 1285 3964 1353 αιιίάρῑειηι

706 1386 1021 1438 numerare;
1050 1370 1285 1427 secundo
1310 1368 1593 1425 lrridenles
1616 1379 1710 1421 eos
1738 1366 1825 1433 qui
1852 1364 2091 1419 dicerent
2118 1361 2273 1417 fidem
2378 1355 2603 1422 indicat,
2637 1359 2686 1412 id
2717 1368 2821 1426 est,
2845 1376 2950 1415 non
2982 1361 3141 1416 habet
3164 1377 3503 1421 accusantem
3528 1384 3587 1424 se
3608 1371 3800 1441 legem.
3825 1376 3962 1429 lllud

706 1479 919 1537 peccata
946 1469 1123 1523 omnia
1160 1468 1341 1523 delere
1369 1485 1383 1521 :
1416 1467 1536 1522 ideo
1569 1465 1713 1535 prius
1752 1462 1966 1517 Graecos
1994 1456 2272 1519 incusavit,
2376 1449 2541 1515 enim,
2562 1447 2686 1503 Sine
2700 1451 2824 1520 lege,
2847 1450 2895 1505 id
2908 1459 3010 1517 est,
3027 1453 3143 1508 sine
3156 1454 3499 1513 damnatione
3515 1476 3581 1515 ex
3604 1462 3719 1534 lege
3736 1465 3967 1531 faeta,et

703 1563 771 1616 de
796 1562 983 1632 quibus
1008 1539 1280 1632 agebatur,
1314 1569 1369 1613 ut
1398 1561 1514 1614 sine
1541 1556 1842 1626 suspicione
1861 1564 2059 1608 etcum
2084 1550 2272 1604 fiducia
2375 1554 2442 1595 ex
2465 1541 2793 1597 naturalibus
2812 1542 2982 1598 solum
3001 1545 3298 1601 ratiociniis
3320 1551 3727 1610 condemnatur.
3746 1556 3966 1613 Juda-us

703 1651 916 1706 Judteos
955 1650 1272 1706 adoriretur.
1308 1649 1505 1704 Deinde
1531 1662 1652 1702 cum
1687 1647 1752 1701 ad
1783 1643 2026 1713 supplicii
2050 1654 2271 1696 examen

2374 1646 2503 1686 vero
2526 1648 2590 1687 ex
2623 1633 2783 1703 lege;
2834 1635 2885 1689 id
2930 1643 3035 1702 est,
3070 1635 3186 1707 lege
3229 1652 3353 1693 cum
3396 1651 3581 1697 natura
3633 1645 3959 1704 incusante:

703 1740 866 1807 venit,
913 1741 1143 1795 ostendit
1176 1740 1417 1794 Judmum
1456 1754 1560 1792 non
1592 1737 1753 1792 modo
1796 1735 1925 1791 nihil
1968 1731 2205 1788 utilitatis
2242 1746 2271 1784 a
2372 1735 2572 1793 quanto
2594 1726 2739 1780 enim
2765 1727 2967 1797 majore
2990 1743 3116 1783 cura
3147 1727 3394 1801 dignatus
3421 1743 3522 1800 est,
3551 1745 3698 1792 tanto
3724 1741 3967 1809 majores

703 1831 816 1898 lege
837 1828 1101 1899 accipere,
1128 1828 1223 1883 sed
1255 1829 1415 1883 etiam
1436 1826 1709 1898 aggravari
1740 1842 1752 1879 :
1783 1834 1837 1879 et
1865 1824 1963 1878 hoc
1980 1824 2086 1892 jam
2117 1834 2269 1890 supe-
2373 1814 2517 1869 dabit
2544 1830 2749 1885 pinnas.

700 1922 809 1976 rius
834 1920 1061 1991 probare
1084 1917 1301 1988 incepit.
1340 1918 1397 1974 Si
1423 1933 1649 1988 namque
1677 1916 1895 1973 Graecus
1925 1916 2044 1970 ideo
2066 1914 2272 1967 inexcu-

2444 1908 2496 1961 5.
2542 1908 2734 1964 Viden'
2758 1918 2957 1981 quanto
2979 1912 3236 1981 majorem
3258 1913 3459 1970 Iudaeis
3479 1920 3861 1977 necessitatem
3892 1925 3962 1978 in-

701 2013 881 2068 ωιιίιίε
912 2021 1023 2079 εει,
1063 2013 1184 2083 quia
1219 2021 1273 2068 οι
1313 2021 1499 2067 natura
1548 2020 1603 2065 et
1649 2008 2055 2077 cogitationibus
2098 2006 2268 2074 ipsum
2374 1996 2575 2063 tulerit,
2599 2007 2658 2052 ut
2687 1998 2751 2054 ad
2791 2002 3015 2071 gratiam
3046 2011 3434 2063 accurrerent?
3461 2010 3592 2078 Quia
3635 2014 3778 2068 enim
3808 2015 3962 2071 dice-

702 2102 1104 2167 inducentibus,
1154 2102 1341 2155 melior
1373 2116 1479 2155 non
1518 2100 1726 2163 evasit;
1759 2099 1924 2152 multo
1964 2097 2132 2166 magis
2172 2094 2267 2149 Ju-
2372 2085 2497 2141 bam
2524 2102 2581 2141 se
2610 2104 2716 2143 non
2748 2105 2908 2161 egere
2934 2094 3126 2162 gratia,
3168 2111 3265 2165 per
3294 2098 3461 2169 legem
3490 2103 3657 2156 solam
3690 2105 3960 2171 jnstifica-

698 2192 864 2256 dteus,
894 2192 984 2262 qui
1014 2200 1133 2245 cum
1166 2191 1250 2245 his
1274 2191 1570 2246 doctrinam
1603 2203 1815 2259 quoque
1842 2203 1872 2242 a
1898 2188 2011 2258 lege
2045 2186 2266 2254 accepit.
2371 2185 2490 2239 tos:
2534 2181 2762 2235 ostendit
2797 2182 2941 2252 ipsos
2968 2187 3147 2256 magis
3179 2202 3338 2257 quam
3388 2190 3604 2248 Grtecos
3644 2194 3729 2249 illa
3771 2213 3957 2267 egere,

697 2282 827 2337 Cum
857 2282 1206 2351 persuasisset
1233 2296 1362 2350 ergo
1392 2281 1486 2344 illi,
1512 2281 1642 2333 utin
1664 2280 1888 2333 aliorum
1915 2277 2146 2347 peccatis
2169 2276 2271 2329 hoc
2369 2269 2630 2338 siquidem
2661 2273 2828 2343 magis
2858 2276 3107 2344 puniendi
3143 2288 3286 2333 sunt.
3322 2281 3523 2337 Deinde
3564 2283 3706 2339 aliud
3756 2288 3964 2342 inducit

697 2372 1027 2427 ηιίοοίηίυη,
1049 2371 1375 2436 admitteret,
1403 2371 1493 2425 vel
1519 2370 1737 2423 invitum
1774 2368 1915 2438 cogit
1944 2367 2092 2421 illum
2120 2364 2271 2421 dein—
2370 2360 2724 2424 ratiocinium,
2754 2379 2861 2432 quo
2886 2365 2995 2434 jam
3026 2367 3169 2423 dicta
3198 2381 3520 2441 propugnet.
3550 2375 3637 2429 l5.
3670 2376 3791 2430 Non
3823 2382 3963 2433 enim

696 2478 823 2530 ecps
866 2471 927 2516 ut
951 2462 1002 2516 in
1034 2462 1117 2527 iis,
1148 2477 1267 2531 qua:
1294 2460 1359 2514 ad
1393 2461 1561 2529 ipsum
1603 2466 1920 2528 spectarent,
1950 2456 2087 2511 idem
2126 2454 2266 2509 face-
2368 2450 2621 2505 auditores
2649 2451 2773 2520 legis
2803 2455 2934 2523 justi
2972 2467 3089 2511 sunt
3125 2460 3265 2529 apud
3295 2460 3476 2516 Deum.
3521 2463 3688 2521 Recte
3725 2469 3958 2534 addidit,

593 2573 598 2577 '
697 2565 794 2609 ret.
821 2554 887 2608 Et
912 2562 969 2608 ut
994 2553 1201 2607 facilius
1230 2566 1409 2607 sermo
1433 2552 1742 2619 accipiatur,
1771 2549 1839 2604 ad
1881 2549 2087 2603 mitiora
2117 2547 2264 2601 illum
2368 2545 2519 2615 Apud
2560 2546 2719 2601 Deum
2753 2565 2771 2603 :
2801 2566 2921 2604 nam
2975 2552 3114 2621 apud
3167 2553 3413 2611 homines
3457 2557 3685 2615 fortasse
3730 2576 3962 2630 passum

694 2644 839 2698 ducit
872 2643 953 2697 his
996 2642 1171 2697 verbis
1195 2662 1209 2697 :
1233 2640 1429 2707 Gloria,
1463 2642 1622 2697 honor
1652 2651 1697 2694 et
1728 2654 1830 2708 pax
1868 2639 2002 2691 omni
2041 2638 2267 2706 aperanti
2369 2638 2666 2694 honorandi
2701 2642 2888 2708 videri,
2918 2654 2972 2698 et
3000 2658 3121 2699 sese
3152 2661 3474 2717 magnopere
3500 2651 3783 2720 jactitare;
3814 2660 3958 2723 apud

694 2735 897 2797 bonum,
931 2732 1115 2786 ludam
1156 2732 1373 2801 priurum
1410 2739 1455 2785 et
1499 2729 1694 2784 Graeco.
1735 2730 1831 2784 llic
1872 2730 2012 2784 enim
2041 2737 2264 2797 quanta-
2371 2729 2535 2783 Deum
2566 2745 2694 2785 vero
2722 2742 2907 2787 contra
2929 2736 3148 2791 omnino
3175 2735 3417 2793 Factores
3438 2742 3561 2811 legis
3586 2752 3782 2797 tantum
3801 2748 3962 2816 justi-

692 2838 919 2893 Cumque
943 2824 1061 2892 quis
1092 2822 1283 2877 habeat
1308 2821 1468 2885 bona,
1495 2836 1613 2875 cum
1647 2820 2041 2889 perturbatione
2080 2833 2266 2887 magna
2368 2820 2604 2884 ﬁtentur.
2644 2822 2797 2876 Vides
2824 2838 2943 2878 cum
2968 2835 3162 2893 quanta
3193 2829 3458 2883 rationum
3490 2832 3537 2884 vi
3569 2848 3878 2889 sermonem
3905 2838 3957 2890 in

693 2916 871 2981 habet,
900 2913 1023 2969 licet
1046 2915 1196 2968 dives
1225 2914 1313 2979 sit,
1344 2914 1465 2967 licet
1490 2922 1697 2982 potens,
1721 2912 1845 2967 licet
1873 2927 1967 2967 rex
1991 2927 2005 2977 ;
2037 2913 2135 2966 etsi
2159 2926 2261 2966 non
2366 2914 2688 2967 contrarium
2716 2916 2927 2969 vertat?
2951 2916 3005 2971 Si
3030 2920 3171 2973 enim
3196 2934 3290 2988 per
3312 2922 3501 2992 legem.
3534 2926 3723 2994 inquit,
3748 2930 3960 2981 servari

690 3021 810 3061 cum
840 3005 965 3067 alio,
993 3018 1173 3060 secum
1202 3004 1391 3059 saltem
1418 3018 1561 3073 saepe
1588 3002 1829 3070 dissidet,
1851 3012 1906 3058 et
1930 3001 2154 3056 multum
2181 3003 2262 3057 vel
2365 3015 2539 3070 rogas.
2588 3010 2639 3057 te
2670 3002 2767 3057 hac
2806 3005 2859 3058 in
2908 3021 2966 3060 re
3011 3008 3275 3073 praecedet
3317 3012 3547 3080 gentilis,
3595 3017 3685 3085 qui
3724 3033 3787 3071 ca
3832 3035 3961 3087 qua:

690 3097 743 3150 in
759 3095 1164 3166 cogitationibus
1193 3094 1353 3149 habet
1390 3094 1589 3148 bellum
1622 3111 1635 3145 :
1670 3093 1778 3147 illic
1813 3100 1988 3146 autem
2026 3090 2153 3145 nihil
2194 3092 2265 3146 si-
2363 3092 2557 3161 scripta
2600 3102 2724 3149 sunt
2750 3108 3077 3166 exsequutus
3109 3100 3338 3156 videtur.
3371 3103 3440 3157 Et
3477 3106 3565 3175 qui
3610 3108 3722 3162 ﬁeri
3758 3113 3957 3178 potuit,

690 3186 835 3251 mile,
858 3184 952 3239 sed
981 3185 1159 3239 omnia
1190 3182 1468 3253 tranquilla
1502 3193 1556 3237 et
1584 3196 1613 3236 a
1642 3181 2040 3252 perturbatione
2073 3182 2260 3246 libera,
2365 3185 2593 3254 inquies,
2626 3196 2686 3241 ut
2710 3188 2801 3256 qui
2830 3190 3040 3245 auditor
3069 3207 3173 3247 non
3203 3190 3384 3260 fuerit,
3416 3195 3586 3252 factor
3614 3198 3813 3255 fuerit?
3847 3202 3957 3255 Po-

688 3291 809 3331 eum
846 3290 969 3331 vera
998 3276 1245 3345 adjuncta
1279 3289 1428 3343 pace.
1469 3273 1599 3329 Cum
1642 3288 1706 3327 ex
1749 3287 1907 3342 supra
1953 3272 2109 3355 dictis
2137 3288 2264 3342 ergo
2366 3285 2483 3338 test,
2510 3277 2698 3347 inquit,
2732 3278 2869 3343 ﬁeri,
2901 3295 3009 3334 non
3038 3281 3139 3337 hoc
3167 3291 3393 3349 tantum,
3420 3288 3512 3341 sed
3545 3300 3599 3342 et
3620 3290 3764 3347 aliud
3794 3292 3959 3361 longe

690 3366 982 3435 probasset,
1022 3367 1181 3422 etiam
1225 3380 1318 3421 eos
1351 3367 1439 3435 qui
1478 3366 1647 3435 legem
1679 3380 1783 3419 non
1818 3364 2034 3431 habent,
2075 3365 2260 3419 eadem
2366 3368 2557 3437 majus.
2596 3369 2709 3422 Non
2749 3371 2919 3425 solum
2954 3373 3095 3426 enim
3138 3376 3253 3430 sine
3304 3376 3573 3434 auditione
3619 3390 3796 3449 potest
3833 3399 3961 3437 esse

688 3458 797 3526 ipsa
829 3456 963 3511 bona
985 3465 1363 3525 assequuturos
1383 3470 1522 3521 esse,
1552 3455 1912 3509 ratiocinando
1934 3457 2103 3526 pergit
2130 3473 2142 3507 :
2173 3457 2258 3510 ll.
2364 3458 2552 3525 factor,
2584 3462 2675 3515 sed
2703 3463 2862 3517 etiam
2904 3474 3021 3534 post
3058 3466 3383 3523 auditionem
3427 3480 3603 3538 potest
3633 3491 3739 3529 non
3781 3476 3961 3531 factor

690 3546 810 3601 Non
838 3548 969 3601 enim
996 3557 1067 3601 est
1107 3561 1437 3616 personarum
1471 3548 1693 3613 acceptio
1730 3546 1869 3615 apud
1912 3545 2093 3600 Deum.
2130 3548 2258 3602 Cum
2363 3564 2519 3613 esse;
2570 3552 2619 3605 id
2661 3553 2801 3621 quod
2834 3564 3013 3622 postea
3057 3556 3251 3611 clarius
3291 3561 3539 3628 exprimit
3591 3578 3712 3618 cum
3748 3568 3958 3635 majore

686 3641 825 3699 enim
860 3639 987 3695 dicit
1014 3649 1067 3695 et
1093 3640 1331 3695 Judaeum
1374 3648 1427 3695 et
1461 3638 1707 3695 Graecum
1736 3648 2019 3709 peccantes
2060 3639 2256 3708 puniri,
2362 3642 2409 3692 vi
2442 3642 2721 3695 verborum
2753 3661 2763 3693 :
2800 3644 2902 3710 Qui
2929 3646 3078 3701 doces
3122 3648 3301 3715 alium,
3351 3653 3566 3719 teipsum
3605 3672 3705 3708 non
3751 3659 3907 3716 doces
3932 3662 3960 3713 2

688 3745 792 3783 non
822 3729 982 3785 habet
1022 3730 1302 3785 ratiocinio
1340 3744 1504 3800 Opus;
1547 3744 1667 3784 cum
1703 3743 1829 3783 vero
1874 3736 2108 3785 statuere
2150 3730 2260 3785 vult
2365 3728 2459 3783 llic
2480 3740 2654 3784 autem
2683 3732 2896 3786 interim
2919 3734 3148 3803 primum
3172 3738 3296 3791 illud
3320 3742 3529 3808 probat.
3554 3744 3638 3797 ll.
3665 3743 3795 3798 Cum
3817 3752 3956 3800 enim

690 3822 937 3875 honorari
963 3821 1228 3885 Grtneum,
1259 3831 1384 3876 tunc
1416 3821 1724 3897 probatione
1752 3831 1885 3891 opus
1914 3820 2095 3876 habet.
2126 3820 2258 3875 Nam
2360 3829 2547 3889 gentes,
2574 3822 2761 3890 inquit,
2794 3840 2904 3893 qua:
2940 3826 3099 3895 legem
3135 3844 3234 3882 non
3278 3830 3480 3897 habent,
3514 3836 3815 3889 naturaliter
3839 3856 3959 3907 qm:

688 3915 877 3967 mirum
901 3921 955 3968 et
980 3913 1293 3983 stupendum
1317 3913 1593 3967 videbatur
1619 3927 1761 3977 esse,
1790 3914 1831 3967 si
1862 3912 1907 3967 is
1932 3914 2021 3982 qui
2049 3927 2148 3967 nec
2180 3912 2258 3968 le-
2362 3912 2485 3981 legis
2514 3922 2629 3965 sunt
2658 3913 2889 3983 faciunt;
2916 3916 2968 3968 hi
2989 3917 3150 3985 legem
3171 3935 3271 3972 non
3293 3920 3549 3987 habentes,
3572 3924 3666 3977 sibi
3685 3927 3816 3995 ipsis
3836 3943 3957 3981 sunt

685 4022 804 4075 gem
833 4021 929 4060 nec
954 4006 1239 4075 prophetas
1268 4006 1524 4069 audierat,
1555 4006 1690 4060 bona
1718 4020 1945 4075 operans
1972 4006 2259 4063 honorare-
2362 4004 2463 4056 lex.
2489 4004 2599 4057 Non
2631 4005 2785 4073 ejicio
2816 4005 3007 4075 legem,
3052 4008 3239 4078 inquit,
3279 4011 3373 4065 sed
3417 4014 3541 4067 hinc
3568 4026 3759 4083 gentes
3792 4017 3957 4086 justi-

687 4106 790 4150 tur.
822 4095 965 4161 ldeo,
1005 4106 1061 4151 ut
1084 4096 1192 4165 jam
1220 4096 1420 4159 dixi,in
1450 4096 1772 4164 temporibus
1809 4097 2030 4163 gratiam
2052 4112 2258 4167 prmce.
2364 4094 2483 4147 lico.
2531 4094 2710 4148 Vidcn’
2752 4097 3021 4164 quomodo
3062 4096 3321 4153 Judaismi
3363 4100 3584 4170 gloriam
3627 4104 3946 4171 sullodicns,

690 4187 936 4241 dentibus
957 4187 1165 4242 illorum
1189 4186 1425 4241 auditum
1446 4194 1757 4251 exercet,ut
1784 4185 1986 4241 facilius
2006 4186 2258 4257 deinceps
2361 4185 2560 4237 nullam
2605 4184 2687 4238 sui
2733 4186 3016 4241 accusandi
3069 4202 3253 4242 ansam
3303 4191 3526 4258 praebet,
3572 4196 3722 4263 quasi
3773 4197 3951 4267 legem

685 4292 807 4331 rum
845 4278 968 4342 lide,
1014 4278 1222 4333 illorum
1266 4279 1316 4331 in
1348 4277 1431 4332 his
1470 4292 1785 4332 consensum
1833 4278 2126 4333 induceret.
2164 4280 2258 4335 llic
2359 4274 2694 4338 dehoncslet,
2730 4278 2838 4331 imo
2877 4287 3085 4343 contra,
3129 4280 3279 4347 quasi
3326 4283 3572 4336 exaltans
3608 4291 3664 4337 et
3700 4300 3953 4355 magnam

685 4371 828 4425 enim
860 4370 1383 4440 suspectus‘minime
1408 4380 1509 4433 est,
1540 4378 1722 4438 utpote
1750 4370 1837 4437 qui
1867 4385 1970 4423 non
2000 4371 2257 4425 intentum
2359 4365 2650 4418 ostendens
2681 4367 2844 4430 illam,
2875 4368 2952 4421 sic
2976 4376 3142 4421 totum
3173 4369 3401 4437 probat?
3429 4370 3559 4425 Cum
3591 4386 3769 4429 autem
3792 4378 3948 4443 dicit,

686 4475 838 4514 suum
867 4460 1073 4528 probet.
1102 4460 1231 4514 Cum
1258 4458 1479 4513 dixisset
1502 4473 1647 4525 ergo,
1676 4456 1872 4519 Gloria,
1905 4460 2064 4513 honor
2084 4470 2130 4513 et
2158 4476 2260 4530 pax
2363 4453 2702 4521 Naturaliter,
2734 4457 3026 4511 secundum
3057 4459 3315 4513 naturalia
3347 4463 3624 4518 ratiocinia
3655 4467 3902 4538 intelligit
3934 4489 3950 4523 :

686 4552 823 4604 omni
851 4552 1078 4619 aperanti
1120 4552 1325 4616 bonum,
1355 4549 1539 4603 Judtro
1571 4551 1784 4617 primum
1816 4560 1861 4603 et
1892 4550 2110 4615 Graeco;
2140 4568 2258 4621 per-
2361 4557 2414 4600 et
2438 4546 2669 4599 ostendit
2689 4547 2821 4600 alios
2852 4563 2970 4602 esse
2998 4549 3267 4614 meliores,
3297 4560 3352 4605 et
3379 4553 3521 4622 quod
3555 4557 3728 4621 majus
3755 4569 3859 4621 est,
3882 4577 3951 4612 ea

686 4645 779 4710 git,
817 4642 933 4695 Non
980 4653 1052 4696 est
1089 4645 1225 4697 enint
1264 4658 1591 4712 personarum
1620 4644 1842 4712 acceptio
1889 4645 2027 4713 apud
2072 4644 2252 4700 Deum.
2360 4636 2425 4691 de
2452 4652 2607 4690 causa
2641 4639 2910 4704 meliores.
2940 4640 3078 4708 (ιυοά
3131 4657 3235 4695 Ιιοη
3277 4645 3579 4713 acceperint
3618 4648 3815 4716 legem.
3847 4667 3951 4706 nec

689 4735 865 4803 Papm,
899 4743 1091 4803 quanta
1121 4750 1240 4788 cum
1268 4733 1611 4789 exuberantia
1642 4734 1791 4787 vicit!
1834 4735 2063 4789 ostendit
2090 4737 2253 4802 enim,
2360 4730 2589 4785 habeant
2624 4731 2787 4795 illam,
2840 4747 2942 4801 qua
2985 4732 3230 4787 videntur
3275 4734 3445 4791 Judmi
3490 4749 3768 4804 prmstarc.
3822 4742 3951 4795 Ideo

688 4840 747 4879 re
780 4824 834 4877 in
872 4824 1248 4879 absurditatem
1289 4822 1553 4889 adducta,
1599 4839 1705 4877 non
1752 4824 2043 4879 secundum
2091 4826 2254 4880 Deum
2356 4823 2521 4888 enim,
2566 4824 2658 4886 ait,
2701 4820 2973 4879 mirabiles
3016 4836 3163 4888 sunt,
3208 4826 3328 4893 quia
3371 4826 3489 4896 lege
3529 4842 3632 4881 non
3666 4846 3803 4899 opus
3847 4833 3950 4888 ha-

686 4916 823 4979 fore,
852 4915 894 4967 si
929 4929 1014 4969 res
1045 4916 1112 4969 ita
1152 4929 1257 4969 non
1286 4923 1464 4978 esset;
1503 4929 1622 4967 nam
1652 4915 1703 4967 id
1735 4930 2078 4983 personarum
2108 4932 2256 4970 acce-
2359 4912 2541 4972 huere.
2576 4923 2626 4967 et
2667 4928 2785 4981 quae
2832 4914 2961 4983 legis
3000 4924 3124 4966 sunt
3169 4915 3346 4968 omnia
3387 4916 3679 4973 exhibuere
3710 4938 3721 4971 τ
3752 4937 3949 4991 Opera,

689 5008 797 5075 ptio
827 5017 1005 5061 esset:
1034 5007 1171 5075 quod
1203 5008 1255 5061 in
1283 5007 1449 5062 Deum
1489 5008 1678 5062 cadere
1708 5024 1811 5062 non
1844 5020 2034 5076 potest,
2078 5009 2256 5079 Neque
2359 5018 2460 5056 non
2496 5004 2695 5067 literas,
2726 5004 2917 5062 animis
2943 5004 3053 5058 suis
3081 5005 3458 5075 insculpentes.
3493 5009 3601 5063 lloc
3630 5011 3773 5064 enim
3817 5014 3894 5067 ait
3934 5034 3951 5069 :

684 5099 840 5163 dixit,
873 5098 980 5152 Nisi
1005 5112 1090 5151 res
1114 5098 1182 5152 ita
1206 5112 1264 5153 se
1292 5098 1505 5163 habeat,
1532 5113 1879 5165 personarum
1909 5110 2155 5168 acceptor
2175 5112 2256 5154 est
2361 5093 2444 5147 15-
2481 5092 2581 5159 Ωαί
2608 5095 2873 5146 (mendum
2905 5111 3031 5162 οριιε
3056 5093 3178 5166 ίεθίε
3202 5097 3443 5167 scriptum
3468 5100 3521 5152 in
3552 5101 3791 5155 cordibus
3812 5106 3951 5171 suis,

688 5193 866 5257 Deus;
898 5190 990 5244 sed
1029 5190 1238 5259 dignius
1266 5190 1509 5257 loquens,
1552 5187 1674 5241 Non
1702 5199 1773 5240 est
1814 5205 2137 5255 personarum
2168 5207 2255 5244 ac-
2358 5187 2693 5238 testimonium
2723 5186 2960 5241 reddente
2990 5187 3092 5242 illis
3121 5191 3448 5255 conscientia,
3487 5204 3531 5246 et
3555 5195 3955 5262 cogitationibus

679 5282 841 5350 captio
858 5281 995 5350 apud
1018 5280 1179 5333 Deum
1201 5294 1219 5341 ;
1242 5278 1290 5332 id
1312 5288 1414 5343 est,
1439 5292 1541 5331 non
1563 5292 1905 5347 personarum
1924 5280 2250 5347 qualitatem,
2358 5276 2486 5328 inter
2515 5293 2565 5331 se
2602 5277 2957 5331 accusantibus
2996 5289 3083 5332 aut
3121 5281 3271 5333 etiam
3320 5283 3673 5337 excusantibus
3702 5304 3720 5339 :
3752 5286 3839 5341 l-6.
3896 5294 3956 5343 in

681 5373 775 5427 sed
807 5386 982 5427 rerum
1010 5370 1358 5425 differentiam
1390 5370 1675 5424 examinat.
1710 5369 1842 5423 Hinc
1874 5385 1999 5424 vero
2022 5371 2257 5424 declarat
2357 5368 2456 5433 die,
2504 5384 2599 5436 quo
2627 5368 2875 5437 judicabit
2908 5367 3043 5423 Deus
3086 5372 3285 5425 occulta
3329 5373 3612 5439 hominum,
3658 5378 3956 5432 secundum

684 5477 789 5513 non
818 5477 896 5526 re,
924 5462 1016 5516 sed
1060 5475 1279 5529 persona
1323 5460 1563 5515 Judaeum
1609 5474 1636 5512 a
1675 5459 1862 5515 Grmco
1888 5460 2127 5515 diﬂerre.
2164 5462 2256 5515 llis
2357 5460 2669 5529 evangelium
2705 5475 2888 5522 meum,
2934 5478 3020 5529 per
3057 5460 3235 5515 Iesum
3278 5462 3553 5517 Christum.
3588 5464 3774 5520 Viden‘
3801 5484 3958 5535 qun-

683 5564 1013 5619 eunsequens
1043 5561 1159 5607 erat
1183 5552 1364 5607 dicere
1395 5568 1409 5607 :
1441 5550 1557 5605 Non
1584 5550 1745 5617 enim,
1768 5552 1890 5619 quia
1922 5552 2010 5606 ille
2034 5551 2251 5621 quidem
2357 5553 2515 5604 modo
2535 5562 2881 5620 repraesentet
2912 5556 3056 5610 illum
3088 5558 3227 5611 diem
3257 5570 3308 5611 et
3339 5573 3504 5626 proiie
3528 5558 3775 5623 adducat,
3820 5562 3956 5614 illn-

679 5642 910 5707 Judxus,
942 5642 1026 5696 hic
1053 5644 1306 5707 Graccus;
1341 5643 1459 5698 ideo
1487 5643 1571 5697 ille
1595 5642 1805 5711 quidem
1833 5645 2138 5707 honoratur,
2168 5643 2253 5699 hic
2357 5658 2471 5697 rum
2516 5651 2749 5697 mentem
2796 5647 3100 5715 exagitans,
3148 5656 3201 5700 et
3240 5650 3527 5704 ostendens
3548 5692 3561 5711 ,
3605 5650 3722 5703 illos
3766 5654 3958 5720 potius

680 5751 806 5791 vero
828 5736 1144 5791 contumelia
1174 5733 1402 5788 afﬁcitur
1434 5752 1446 5788 :
1480 5735 1571 5790 sed
1602 5750 1666 5790 ex
1691 5736 1942 5804 Operibus
1972 5745 2253 5807 utrumque
2359 5734 2697 5790 honorandos
2722 5750 2858 5803 csse,
2889 5740 2977 5807 qui
3006 5738 3121 5792 sine
3145 5739 3281 5808 lege,
3309 5756 3426 5808 qua:
3450 5741 3578 5811 legis
3606 5750 3783 5803 erant,
3818 5757 3957 5807 per-

679 5825 759 5881 iit.
793 5825 981 5883 Verum
1023 5843 1125 5881 non
1157 5828 1225 5882 ita
1254 5826 1422 5894 dixit;
1452 5842 1568 5881 nam
1601 5826 1766 5883 Judaei
1796 5830 2025 5884 animum
2067 5830 2248 5884 conci-
2360 5830 2514 5887 ﬁcere
2542 5834 2713 5888 conati
2746 5834 2903 5889 sunt?
2928 5831 3077 5899 Quod
3107 5842 3279 5888 autem
3310 5835 3536 5889 maxime
3563 5833 3959 5893 admirandum
