4118 6340
158 446 258 504 ιρι

155 571 350 625 ἐλαϐεν
385 567 814 639 ὡμολογημένον
850 567 1029 631 τοῦτο,
1059 567 1152 622 καὶ
1180 567 1277 622 ἀπ’
1304 567 1472 622 αὑτοῦ
1505 567 1847 623 κατεσκεύα-

159 675 273 721 σεν,
331 659 413 711 δτι
446 657 542 711 καὶ
573 656 960 727 τιμηθήσεται,
997 654 1251 726 περιττὸν
1279 654 1465 710 λοιπὸν
1489 655 1726 726 ἐδήλωσε
1759 655 1848 706 τὸν

158 748 327 816 νόμον
365 746 460 798 καὶ
488 745 590 815 τὴν
625 744 959 814 περιτομήν·
1009 742 1244 813 μάλιστα
1288 743 1397 815 γὰρ
1441 743 1714 806 Ἰουδαίοις
1759 744 1847 795 ἐν·

157 832 340 886 ταῦθα
398 832 652 902 μάχεται.
717 829 934 899 Ἐπειδὴ
997 828 1106 898 γάρ
1154 831 1350 884 ἐκεῖνοι
1417 829 1850 900 φιλονεικότερον

155 919 446 980 διέκειδτο,
488 918 705 988 πρῶτον
752 917 852 985 μὲν
894 915 1000 969 ὑπὸ
1035 916 1204 985 τύφου
1239 917 1339 969 οὐκ
1390 916 1669 982 ἀξιοῦντες
1709 916 1850 984 μετὰ

155 1008 269 1059 τῶν
304 1005 364 1071 ἐξ
394 1006 564 1060 ἐθνῶν
608 1004 1064 1074 συναριθμεῖσθαι
1084 1021 1099 1038 ο
1129 1004 1381 1077 δεύτερον
1416 1005 1846 1073 καταγελῶντες,

156 1096 205 1147 εἰ
245 1095 282 1165 ὴ
315 1096 500 1157 πίστις
542 1092 719 1145 πάντα
746 1091 1000 1160 ἀφανίζει
1031 1090 1099 1144 τά
1135 1093 1534 1162 ἁμαρτήματα,
1571 1091 1662 1145 διὰ
1690 1091 1850 1144 τοῦτο

158 1181 433 1252 πρότερον
463 1179 814 1250 κατηγόρησε
845 1179 955 1232 τῶν
1005 1180 1294 1250 Ἑλλήνων,
1340 1181 1479 1250 ὑπὲρ
1507 1172 1582 1233 ὧν
1612 1182 1847 1233 ποιεῖται

156 1270 247 1322 τὸν
292 1269 474 1337 λόγον,
533 1269 618 1321 ἵνα
643 1267 974 1330 ἀνυπόπτως
1023 1269 1116 1322 καὶ
1167 1267 1307 1338 μετὰ
1367 1269 1682 1340 παρρησίας
1738 1270 1847 1323 τῶν

168 1357 447 1410 Ἰουδαίων
495 1355 822 1427 καθίκηται·
875 1351 995 1410 εἶτα
1027 1357 1109 1418 εἰς
1137 1355 1237 1426 τὴν
1268 1357 1399 1428 περὶ
1426 1356 1527 1425 τῆς
1569 1357 1846 1419 κολάσεως

157 1443 412 1510 ἐξέτασιν
445 1444 634 1509 ἐλθὼν,
680 1443 952 1498 δείκνυσιν
980 1443 1040 1496 οὐ
1094 1443 1253 1514 μόνον
1286 1444 1436 1499 οὐδὲν
1465 1443 1847 1514 ὠφελούμενον

155 1532 247 1583 τὸν
290 1531 547 1585 Ἰουδαῖον
572 1529 682 1583 ἀπὸ
708 1530 801 1584 τοῦ
830 1530 1018 1602 νόμου,
1045 1531 1183 1585 ἀλλά
1212 1533 1307 1586 καὶ
1349 1530 1715 1603 βαρούμενον·
1751 1533 1846 1585 καὶ

155 1617 317 1672 τοῦτο
351 1618 562 1672 ἄνωθεν
588 1617 1016 1683 κατασκευάζει.
1055 1621 1119 1673 Εἰ
1153 1619 1262 1691 γάρ
1290 1621 1317 1674 6
1343 1619 1544 1691 Ἕλλην
1573 1619 1662 1673 διὰ
1687 1619 1847 1673 τοῦτο

156 1707 595 1776 ἀναπολόγητος,
645 1706 728 1758 ὅτι
771 1708 870 1776 τῆς
918 1706 1149 1769 κτίσεως
1192 1707 1354 1761 αὑτὸν
1398 1708 1701 1777 ἐναγούσης
1751 1708 1846 1762 καὶ

157 1793 268 1846 τῶν
305 1792 610 1863 λογισμῶν,
635 1793 734 1847 οὐκ
765 1793 983 1862 ἐγένετο
1011 1792 1235 1863 βελτίων
1254 1810 1267 1823 ·
1305 1792 1456 1866 [466]
1496 1792 1674 1863 πολλῷ
1706 1794 1845 1866 μᾶλ-

155 1880 244 1933 λον
279 1882 310 1933 6
357 1880 612 1945 Ἰουδαῖος
647 1880 783 1950 μετὰ
812 1879 1018 1934 τούτων
1051 1881 1145 1934 καὶ
1184 1881 1283 1951 τὴν
1306 1883 1415 1935 άπὸ
1447 1882 1540 1935 τοῦ
1575 1882 1740 1952 νόμου
1767 1883 1845 1935 δι-

153 1967 459 2022 δασκαλίαν
499 1967 696 2022 λαϐὼν.
739 1967 940 2032 Πείσας
979 1968 1158 2023 τοίνυν
1200 1970 1364 2024 αὐτὸν
1417 1970 1658 2034 εὐκόλως
1690 1970 1845 2038 δέξα-

158 2056 283 2109 σθαι
324 2057 416 2109 τὸν
448 2056 708 2127 λογισμὸν
754 2056 945 2110 τοῦτον
973 2058 1033 2112 ἐν
1069 2059 1183 2120 τοῖς
1215 2058 1419 2129 ἐτέρων
1456 2060 1840 2129 ἁμαρτήμασι,

157 2145 248 2195 καὶ
285 2143 495 2197 ἄκοντα
527 2142 827 2210 ἀναγκάζει
860 2144 1049 2197 λοιπὸν
1073 2146 1132 2197 ἐν
1160 2147 1270 2208 τοῖς
1304 2145 1434 2216 περὶ
1463 2145 1658 2198 ἐαυτοῦ
1683 2145 1842 2198 τοῦτο

157 2231 410 2299 ποιῆσαι.
455 2231 567 2284 Καὶ
604 2231 746 2284 ὥστε
791 2231 1199 2302 εὐπαράδεκτον
1238 2232 1496 2301 γενέσθαι
1537 2233 1629 2286 τὸν
1662 2233 1839 2301 λόγον,

155 2321 251 2373 καὶ
282 2320 376 2372 ἐπὶ
415 2319 523 2372 τῶν
550 2319 930 2390 χρηστοτέρων
980 2319 1144 2374 αὑτὸν
1175 2321 1432 2391 προάγει,
1469 2320 1642 2390 λέγων
1667 2321 1838 2375 οὕτω·

155 2407 315 2471 Δόξα
338 2406 408 2460 δὲ
441 2407 540 2460 καὶ
574 2407 711 2477 τιμὴ
738 2407 837 2462 καί
878 2407 1088 2476 εἰρήνη
1137 2409 1319 2462 παντὶ
1357 2409 1440 2474 τῷ
1475 2408 1844 2478 ἐργαζομένῳ

156 2494 222 2546 τὸ
265 2494 522 2562 ἀγαθὸν,
583 2495 842 2562 Ἰουδαίῳ
874 2513 938 2549 τε
984 2495 1222 2565 πρῶτον
1251 2496 1351 2551 καὶ
1396 2497 1675 2564 Ἕλληνι.
1721 2498 1838 2550 Ἑν-

154 2581 333 2634 ταῦθα
369 2582 468 2651 μέν
493 2582 622 2653 γὰρ,
651 2583 752 2636 ὅσα
776 2581 840 2636 ἄν
867 2601 951 2648 τις
988 2583 1088 2654 ἔχῃ
1111 2583 1273 2648 καλὰ,
1306 2585 1445 2655 μετά
1486 2585 1696 2638 πολλῶν
1727 2586 1838 2656 ἔχει

153 2668 436 2738 ταραχῶν,
469 2669 574 2722 κᾶν
605 2669 859 2733 πλούσιος
887 2665 945 2743 ᾖ,
978 2670 1082 2724 κᾶν
1101 2672 1390 2742 δυνάστης,
1420 2673 1522 2726 κᾶν
1553 2673 1838 2743 βασιλεύς·

155 2754 257 2808 κᾶν
306 2756 382 2824 μὴ
432 2755 567 2825 πρὸς
615 2756 822 2826 ἕτερον,
862 2758 999 2828 πρὸς
1047 2758 1179 2826 γοῦν
1227 2759 1418 2813 ἐαυτὸν
1465 2761 1840 2826 διαστασιάζει

156 2843 443 2904 πολλάκις,
502 2845 596 2895 καὶ
642 2844 808 2897 πολὺν
858 2846 915 2897 ἐν
957 2848 1071 2909 τοῖς
1099 2847 1380 2917 λογισμοῖς
1417 2848 1528 2918 ἔχει
1565 2850 1835 2919 πόλεμον·

154 2930 355 2983 ἐκεῖδέ
384 2930 536 2984 οὐδὲν
564 2931 828 2995 τοιοῦτον,
868 2932 1209 2988 ἀλλὰπάντα
1231 2935 1440 3005 γαληνὰ
1469 2938 1563 2989 καὶ
1596 2940 1840 3008 ταραχῆς

155 3019 577 3089 ἀπηλλαγμένα,
627 3021 720 3074 καί
762 3025 987 3092 γνησίαν
1018 3023 1210 3092 ἔχοντα
1234 3026 1335 3094 τὴν
1371 3028 1613 3097 εἰρήνην.
1652 3029 1838 3082 Κατα-

156 3107 434 3169 σκευάσας
477 3109 658 3161 τοίνυν
715 3110 778 3161 ἐκ
816 3110 924 3162 τῶν
949 3110 1155 3164 ἄνωθεν
1187 3114 1514 3183 εἰρημένων,
1553 3115 1632 3167 ὅτι
1664 3116 1756 3168 καὶ
1788 3117 1836 3168 οἰ

157 3194 230 3264 μὴ
265 3194 439 3264 νόμον
463 3195 677 3265 ἔχοντες
707 3196 814 3249 τῶν
843 3196 1021 3250 αὐτῶν
1051 3198 1471 3264 ἀπολαύσονται,
1505 3203 1703 3270 ἐπάγει
1741 3203 1838 3256 καὶ

153 3280 436 3350 λογισμὸν,
479 3281 624 3336 οὕτω
659 3282 868 3350 λέγων·
913 3286 996 3339 Οὐ
1041 3285 1153 3354 γάρ
1190 3287 1321 3340 ἐστι
1353 3291 1838 3358 προσωποληψία

152 3370 316 3437 παρὰ
347 3369 428 3434 τῷ
464 3369 604 3434 Θεῷ.
639 3371 806 3423 Ὅταν
845 3372 944 3442 μὲν
985 3373 1092 3444 γάρ
1129 3373 1283 3447 λέγῃ,
1315 3375 1395 3427 ὅτι
1427 3376 1716 3439 κολάζεται
1743 3379 1837 3431 καὶ

150 3458 178 3508 ὁ
218 3457 474 3519 Ἰουδαῖος
503 3458 597 3510 καὶ
626 3459 654 3510 6
685 3458 882 3529 Ἕλλην
926 3460 1355 3531 ἁμαρτάνοντες,
1391 3465 1452 3516 οὐ
1492 3463 1661 3517 δεῖται
1686 3466 1834 3534 λογι-

155 3544 346 3613 σμῶν⁸
386 3545 515 3596 ὅταν
563 3546 640 3607 δέ,
676 3547 757 3599 ὅτι
807 3547 901 3599 καὶ
946 3549 1173 3617 τιμᾶται
1226 3552 1252 3603 6
1301 3551 1523 3622 Ἕλλην,
1569 3555 1838 3623 συστῆσαι

153 3631 438 3699 βούληται,
476 3632 567 3685 καὶ
593 3637 936 3706 κατασκευῆς
962 3636 1133 3689 δεῖται
1161 3635 1365 3691 λοιπόν.
1390 3640 1499 3691 Καὶ
1529 3639 1636 3710 γὰρ
1661 3641 1836 3693 ἐδόκει

152 3717 470 3788 θαυμαστὸν
510 3715 649 3772 εἶναι
701 3722 794 3774 καὶ
850 3722 1180 3792 παράδοξον,
1234 3727 1282 3775 εἰ
1318 3727 1346 3777 6
1379 3725 1453 3795 μὴ
1491 3726 1656 3794 νόμου
1700 3729 1836 3799 μηδὲ

153 3805 455 3876 προφητῶν
482 3805 743 3870 ἀκούσας,
771 3809 997 3873 τιμᾶται
1022 3809 1090 3861 τὰ
1112 3810 1292 3877 ἀγαθὰ
1321 3812 1708 3883 ἐργαζόμενος.
1739 3815 1836 3868 Διὰ

150 3892 335 3955 τοῦτο,
366 3893 500 3964 ὅπερ
532 3893 626 3945 καὶ
644 3892 956 3965 ἔμπροσθεν
989 3890 1163 3958 εἶπον,
1189 3897 1246 3948 ἐν
1272 3900 1385 3961 τοῖς
1419 3899 1526 3969 πρὸ
1547 3900 1647 3970 τῆς
1675 3901 1834 3972 χάρι-

151 3991 240 4038 τος
266 3975 486 4046 χρόνοις
529 3975 796 4045 γυμνάζει
825 3977 1003 4031 αὐτῶν
1031 3977 1130 4040 τὰς
1153 3980 1345 4043 άκοάς,
1370 3982 1435 4032 ἶν’
1465 3982 1834 4040 εὐκολώτερον

150 4063 500 4134 ἐπεισ-αγάγῃ
536 4065 721 4116 λοιπὸν
764 4064 902 4134 μετά
945 4065 1044 4135 τῆς
1082 4066 1322 4131 πίστεως
1361 4069 1451 4122 καὶ
1481 4069 1578 4142 τὴν
1611 4071 1668 4123 ἐν
1709 4075 1832 4124 τού-

147 4163 260 4208 τοις
312 4147 734 4213 συγκατάθεσιν.
785 4147 1048 4202 Ἐνταῦθα
1087 4150 1193 4220 γὰρ
1241 4151 1552 4217 ἀνύποπτος
1598 4155 1834 4225 μάλιστα

147 4231 379 4296 γίνεται,
419 4231 513 4283 ἆτε
540 4231 598 4282 οὐ
630 4230 690 4282 τὸ
714 4231 906 4285 ἐαυτοῦ
936 4233 1382 4297 κατασκευάζων.
1412 4237 1598 4290 Εἰπὼν
1627 4238 1830 4302 τοίνυν,

147 4319 306 4381 Δι’ξα
333 4317 436 4370 καὶ
465 4317 602 4409 τιμὴ
656 4317 770 4409 καὶ
793 4319 1002 4388 εἰρήνη
1036 4319 1216 4374 παντὶ
1250 4321 1328 4386 τῷ
1361 4321 1731 4394 ἐργαζομένῳ
1765 4327 1832 4380 τὸ

145 4405 397 4472 ὰξααύν,
441 4403 709 4468 Ἰουδαίῳ
730 4403 790 4459 τε
810 4407 1068 4473 πρῶτον,
1096 4409 1193 4461 καί
1221 4411 1496 4481 Ἕλληνι,
1525 4415 1828 4484 ἐπήγαγεν·

151 4494 231 4545 Οὐ
253 4492 370 4562 γάρ
404 4492 535 4545 ἐστι
563 4496 1044 4563 προσωποληψία
1073 4496 1232 4564 παρὰ
1260 4497 1338 4562 τῷ
1371 4499 1512 4564 Θεῷ.
1545 4502 1741 4566 Βαϐαῖ,
1773 4504 1830 4570 ἐξ

147 4581 285 4651 ὅσης
311 4581 534 4649 ἐνίκησε
557 4582 654 4650 τῆς
684 4583 1000 4653 περιουσίας
1022 4586 1080 4638 αι
1120 4585 1359 4640 δείκνυσι
1389 4590 1496 4660 γὰρ
1521 4592 1600 4653 είς
1631 4591 1832 4644 ἄτοπον

145 4667 236 4719 τὸν
275 4667 440 4734 λόγον
490 4668 813 4735 ἀπαγαγὼν,
849 4669 929 4722 ὅτι
980 4673 1039 4724 ού
1078 4674 1219 4727 κατά
1269 4676 1402 4728 Θεὸν
1453 4677 1510 4729 τὸ
1561 4678 1636 4748 μὴ
1687 4677 1831 4732 οὕτω

147 4753 432 4820 γενέσθαι·
486 4755 582 4806 καὶ
620 4754 728 4825 γάρ
776 4758 1237 4829 προσωποληψίας
1282 4762 1341 4815 τὸ
1393 4766 1656 4834 πρᾶγμα·
1711 4766 1740 4818 6
1774 4766 1829 4817 δὲ

149 4839 278 4903 Θεὸς
316 4841 376 4892 οὗ
417 4840 675 4904 τοιοῦτος.
713 4843 824 4896 Καὶ
870 4845 971 4897 οὐκ
1019 4841 1191 4913 εἷπεν,
1237 4851 1283 4902 εί
1313 4849 1368 4902 δέ
1405 4851 1479 4921 μὴ
1532 4854 1689 4905 τοῦτο
1738 4853 1832 4921 γέ-

148 4945 314 4990 νοιτο,
340 4927 812 5000 προσωπολήπτης
843 4933 871 4983 ὁ
889 4931 1042 4998 Θεὸς,
1067 4935 1210 4988 ἀλλὰ-
1228 4939 1572 5009 σεμνότερον·
1606 4943 1688 4995 Οὐ
1720 4942 1830 5012 γάρ

145 5016 278 5068 ἐστι
335 5019 818 5084 προσωποληψία
880 5020 1040 5086 παρὰ
1092 5022 1171 5087 τῷ
1208 5023 1358 5089 Θεῷ·
1407 5029 1707 5095 τουτέστιν,
1767 5032 1828 5083 ού

146 5096 460 5166 προσώπων
493 5098 775 5169 ποιότητα,
821 5102 959 5155 ἀλλὰ
995 5108 1339 5175 πραγμάτων
1369 5108 1610 5174 ἐξετάζει
1637 5113 1828 5182 διαφο-

150 5185 267 5253 ράν.
333 5183 504 5238 Τοῦτο
553 5186 741 5250 εἰπὼν,
786 5189 1055 5260 ἐδήλωσεν
1094 5194 1193 5246 οὐκ
1226 5197 1282 5247 ἐν
1326 5198 1671 5267 πράγμασιν,
1712 5202 1826 5254 ἀλλ’

147 5272 203 5322 ἐν
242 5272 564 5342 προσώποις
592 5275 750 5344 μόνον
783 5275 1106 5350 διαφέροντα
1133 5282 1223 5335 τὸν
1279 5284 1535 5339 Ἰουδαῖον
1570 5289 1665 5342 τοῦ
1700 5290 1828 5342 ’Ἐλ-

149 5360 328 5430 ληνος.
378 5360 600 5424 Τούτοις
646 5364 938 5418 ἀκόλουθον
986 5363 1052 5438 ἦν
1091 5371 1296 5422 εἰπεῖν·
1335 5374 1407 5426 Οὐ
1455 5375 1584 5445 γάρ,
1639 5377 1829 5448 ἐπειδὴ

149 5449 175 5499 6
213 5449 313 5516 μὲν
352 5448 631 5534 Ἰουδαῖος,
665 5453 693 5504 6
721 5452 778 5504 δέ
817 5453 1034 5526 Ἕλλην,
1082 5457 1168 5510 διὰ
1209 5461 1366 5513 τοῦτο
1391 5465 1418 5514 6
1447 5465 1545 5532 μὲν
1578 5467 1825 5534 τιμᾶται,

150 5535 176 5585 6
206 5535 264 5588 δὲ
298 5533 611 5622 ὑϐρίζεται·
648 5540 763 5592 ἀλλ’
812 5541 920 5596 ἀπὸ
958 5544 1063 5596 τῶν
1109 5544 1285 5616 ἔργων
1329 5550 1566 5622 ἑκάτερα
1597 5533 1824 5621 γίνεται.

165 5624 301 5676 Ἀλλ’
339 5625 438 5676 οὐκ
475 5618 628 5677 εἶπεν
665 5625 842 5680 οὓτω·
877 5629 1119 5701 διήγειρε
1170 5635 1275 5706 γάρ
1315 5636 1379 5689 ἂν
1415 5618 1507 5690 τὸν
1533 5618 1703 5709 θυμὸν
1733 5644 1826 5696 τοῦ

163 5709 416 5763 Ἰουδαίου
439 5730 450 5741 ·
505 5711 620 5764 ἀλλ’
662 5713 848 5782 ἕτερόν
880 5733 931 5768 τι
967 5718 1129 5772 πλέον
1174 5721 1356 5793 τίθησι
1387 5728 1686 5780 κατασπῶν
1729 5731 1827 5783 αυ-

152 5797 256 5848 τῶν
284 5799 575 5869 κατωτέρω
597 5800 654 5852 τὸ
673 5802 925 5873 φρόνημα
949 5807 1040 5857 καὶ
1062 5810 1460 5877 καταστέλλων,
1487 5813 1626 5867 ὥστε
1651 5818 1828 5871 ἐκεῖνο

153 5885 565 5950 καταδέξασθαι.
628 5889 694 5940 Τί
751 5890 807 5942 δέ
859 5891 975 5946 ἐστι
1014 5894 1198 5963 τοῦτο;
1243 5898 1314 5951 Τὸ
1366 5900 1490 5968 έξὴς
1548 5899 1822 5974 κείμενον·

235 6078 252 6101 ⁸
279 6081 360 6129 Sit:
385 6083 530 6132 Qui].
559 6095 605 6135 Pl
654 6101 750 6136 mss
799 6097 952 6152 rt'c'lr‘,
978 6092 1147 6142 Μητρὶ.
1177 6097 1300 6143 mult
1336 6101 1610 6157 τηρουσίας.

1369 449 1432 503 IN
1480 448 1701 504 EPIST.
1740 447 1829 502 AD
1865 444 2030 500 R03].
2082 445 2315 504 HOMIL.
2366 449 2422 504 V.

3539 446 3646 502 628

1959 566 2135 622 Ὅσοι
2181 570 2294 638 γὰρ
2338 570 2609 639 ἀνόμως,
2660 571 2848 642 φησὶν,
2912 571 3202 640 ἥμαρτον,
3255 569 3491 639 ἀνόμως
3544 569 3645 622 καί

1955 653 2327 710 ἀπολοῦνται
2348 676 2360 689 ·
2396 658 2494 711 καί
2532 658 2667 712 ὅσοι
2705 659 2776 712 ἐν
2800 660 2963 727 νόμῳ
3002 659 3292 728 ἥμαρτον,
3326 657 3427 712 διὰ
3452 657 3645 726 νόμου

1955 742 2369 809 κριθήσονται.
2409 745 2672 799 Ἐνταῦθα
2702 745 2832 817 γὰρ,
2855 748 2991 818 ὅπερ
3020 747 3192 818 ἔφθην
3221 743 3417 808 εἰπὼν,
3451 746 3514 798 ού
3543 743 3645 812 μό-

1953 847 2041 883 νον
2079 831 2352 902 ἰσοτιμίαν
2400 834 2670 887 δείκνυσιν
2731 833 2989 889 Ἰουδαίου
3028 836 3124 889 καὶ
3171 833 3458 901 Ἕλληνος.
3507 831 3646 886 ἀλλὰ

1952 921 2047 974 καὶ
2086 920 2218 973 πολὺ
2266 921 2358 976 τὸν
2413 922 2667 976 Ἰουδαῖον
2707 922 3045 993 βαρούμενον
3081 922 3190 975 ἀπὸ
3222 923 3319 991 τῆς
3348 919 3446 975 τοῦ
3474 920 3644 991 νόμου

1949 1005 2169 1071 δόσεως.
2224 1008 2282 1062 ’0
2315 1009 2414 1080 μὲν
2468 1011 2576 1081 γὰρ
2623 1010 2826 1080 Ἕλλην
2871 1012 3090 1080 ἀνόμως
3135 1010 3419 1081 κρίνεται⁴
3456 1007 3518 1060 τὸ
3549 1007 3639 1072 δὲ,

1964 1094 2235 1164 Ἀνόμως,
2276 1095 2514 1150 ἐνταῦθα
2558 1098 2619 1148 οὐ
2659 1097 2718 1148 τὸ
2761 1096 3163 1166 χαλεπώτερον.
3217 1094 3354 1149 ἀλλὰ
3402 1094 3461 1147 τὸ
3504 1095 3639 1163 ὴμε-

1953 1183 2189 1254 ρώτερον
2217 1183 2397 1251 λέγει·
2429 1184 2733 1245 τουτέστιν,
2767 1182 2918 1256 [467]
2955 1183 3054 1236 οὐκ
3080 1181 3195 1252 ἔχει
3230 1175 3641 1254 κατηγοροῦντα

1948 1273 2038 1325 τὸν
2069 1272 2250 1342 νόμον.
2291 1271 2364 1325 Τὸ
2410 1271 2541 1343 γὰρ,
2592 1271 2886 1342 Ἀνόμως,
2921 1272 3192 1333 τουτέστι,
3228 1271 3397 1345 χωρὶς
3440 1270 3539 1340 τῆς
3580 1268 3639 1336 ἐξ

1950 1359 2159 1412 ἐκείνου
2188 1359 2593 1430 κατακρίσεως,
2629 1360 2817 1429 φησιν,
2847 1359 2955 1412 ἀπὸ
2984 1359 3093 1411 τῶν
3117 1359 3217 1429 τῆς
3249 1358 3464 1427 φύσεως
3494 1356 3641 1424 λογιε-

1950 1445 2104 1515 σμῶν
2154 1445 2578 1511 καταδικάζεται
2625 1447 2826 1516 μόνων.
2886 1447 2945 1500 '0
2973 1446 3028 1499 δὲ
3077 1445 3327 1507 Ἰουδαῖος
3372 1443 3636 1513 ἐννόμως,

1948 1534 2217 1597 τουτέστι,
2253 1534 2388 1604 μετὰ
2419 1535 2521 1604 τῆς
2555 1535 2774 1605 φύσεως
2811 1534 3027 1587 καὶτοῦ
3064 1534 3232 1604 νόμου
3266 1529 3639 1602 κατηγοροῦν-

1946 1640 2076 1686 τος·
2131 1624 2240 1693 ὅσῳ
2281 1624 2391 1694 γάρ
2440 1624 2687 1688 πλείονος
2744 1623 3083 1695 ἀπήλαυσε1³
3131 1624 3232 1680 τῆς
3285 1619 3603 1691 ἐπιμελείας
3619 1659 3634 1682 ι

1948 1712 2188 1779 τοσούτῳ
2222 1711 2442 1781 μείζονα
2475 1710 2636 1764 δώσει
2668 1712 2844 1783 δίκην.

2017 1805 2078 1851 ε’.
2111 1800 2272 1869 Ὁρᾷς
2295 1798 2411 1861 πῶς
2438 1799 2661 1867 μείζονα
2689 1802 2804 1863 τοῖς
2834 1799 3111 1862 Ἰουδαίοις
3136 1798 3237 1868 τὴν
3258 1797 3506 1866 ἀνάγκην
3537 1797 3637 1848 ἐπ-

1949 1887 2148 1957 έστησε
2183 1887 2276 1940 τοῦ
2302 1889 2368 1957 τῇ
2398 1887 2585 1958 χάριτι
2618 1888 2992 1959 προσδραμεῖν
3013 1905 3026 1952 ;
3047 1886 3265 1956 Ἐπειδὴ
3292 1887 3399 1956 γάρ
3427 1885 3632 1953 ἔλεγον,

1946 1975 2026 2026 ὃτι
2051 1975 2110 2026 ού
2129 1975 2336 2028 δέονται
2366 1975 2467 2045 τῆς
2490 1976 2711 2046 χάριτος
2730 2015 2744 2039 ,
2762 1976 2850 2027 διὰ
2873 1976 3035 2046 μόνου
3066 1975 3160 2027 τοῦ
3191 1975 3358 2044 νόμου
3387 1973 3632 2026 δικαιού-

1950 2079 2121 2132 μενοι,
2144 2062 2438 2123 δείκνυσιν,
2458 2064 2539 2116 ὅτι
2563 2063 2720 2115 αὐτοὶ
2744 2063 2943 2132 μᾶλλον
2966 2063 3074 2114 τῶν
3101 2061 3374 2130 Ἐλλήνων
3397 2061 3632 2126 δέονται,

1945 2151 2000 2202 εἴ
2033 2168 2096 2218 γε
2134 2151 2333 2220 μᾶλλον
2371 2151 2625 2220 μέλλουσι
2673 2150 3020 2216 κολάζεσθαι.
3056 2144 3190 2202 Εἶτα
3227 2149 3390 2202 πάλιν
3425 2150 3632 2215 ἐπάγει

1944 2238 2203 2306 λογισμὸν
2237 2237 2446 2309 ἕτερον,
2495 2241 2610 2299 τοῖς
2647 2237 2961 2309 εἰρημένοις
2999 2238 3500 2306 ἐπαγωνιζόμενος.
3551 2237 3633 2289 Οὐ

1944 2323 2054 2393 γὰρ
2085 2328 2138 2377 οἱ
2183 2325 2470 2392 ἀκροαταὶ
2525 2324 2634 2379 τοῦ
2681 2330 2871 2395 νόμου
2912 2324 3129 2378 δίκαιοι
3161 2326 3321 2392 παρὰ
3361 2322 3440 2388 τῷ
3489 2321 3631 2386 Θεῷ⁶

1944 2412 2140 2474 Καλῶς
2182 2411 2515 2482 προσέθηκε,
2554 2413 2721 2479 Παρὰ
2760 2411 2840 2476 τῷ
2889 2410 3043 2476 Θεῷ·
3077 2417 3230 2480 παρὰ
3271 2410 3367 2479 μὲν
3400 2410 3508 2480 γάρ
3536 2410 3632 2462 ἀν-

1945 2497 2184 2567 θρώποις
2227 2497 2358 2561 ἴσως
2400 2499 2589 2568 σεμνοὶ
2628 2497 2886 2551 δύνανται
2942 2496 3231 2566 φαίνεσθαι.
3280 2496 3373 2548 καὶ
3421 2495 3633 2565 μεγάλα

1944 2586 2273 2655 κομπάζειν,
2295 2587 2447 2658 παρά
2474 2586 2530 2640 δὲ
2561 2585 2638 2656 τῶ
2672 2585 2810 2655 Θεῷ,
2847 2584 3157 2638 τούναντίον
3185 2585 3434 2645 ᾶπαν,οί
3455 2598 3632 2650 ποιη-

1941 2674 2034 2728 ταί
2084 2674 2190 2728 τοῦ
2239 2675 2428 2742 νόμου
2465 2673 2839 2728 διχαιοῦνται
2872 2675 3086 2742 μόνον.
3139 2667 3294 2734 Εἶδες
3347 2671 3495 2740 πόσῃ
3562 2673 3628 2740 τῇ

1943 2762 2233 2832 περιουσία
2260 2762 2527 2833 κέχρηται
2558 2763 2637 2824 εἰς
2660 2761 2721 2813 τὸ
2755 2761 2997 2813 ἐναντίον
3035 2760 3386 2830 περιτρέπων
3411 2760 3501 2810 τὸν
3545 2758 3631 2810 λό-

1942 2865 2036 2915 γον
2060 2865 2072 2910 ;
2094 2849 2154 2900 Εἰ
2178 2848 2390 2918 γάρδιά
2412 2847 2502 2899 τὸν
2524 2848 2686 2917 νόμον
2721 2847 2894 2913 ἀξιοῖς
2931 2846 3196 2915 σωθῆναι,
3230 2847 3383 2913 φησὶ,
3417 2844 3635 2914 πρῶτός

1945 2953 2038 2989 σου
2079 2935 2253 3007 ταύτῃ
2288 2937 2317 2987 6
2370 2935 2573 3005 ’Ἕλλην
2630 2935 2923 3004 στήσεται,
2967 2932 3198 3004 ποιητὴς
3271 2933 3460 3001 φανεὶς
3524 2933 3633 2984 τῶν

1943 3023 2436 3094 ἐγγεγραμμένων.
2502 3023 2613 3076 Καὶ
2665 3023 2781 3082 πῶς
2835 3023 2943 3085 ἐνι,
2985 3023 3174 3091 φησιν,
3227 3021 3504 3091 ἀκροατὴν
3557 3020 3633 3091 μὴ

1942 3112 2254 3180 γενόμενον,
2318 3109 2548 3180 ποιητὴν
2603 3109 2889 3177 γενέσθαι;
2946 3109 3090 3172 Ἔνι,
3145 3107 3333 3178 φησὶν,
3384 3109 3443 3159 ού
3479 3107 3634 3159 τοῦτο

1946 3199 2128 3268 μόνον,
2161 3197 2297 3249 ἀλλὰ
2335 3198 2428 3250 καὶ
2461 3197 2522 3249 τὸ
2556 3196 2746 3250 τούτου
2782 3197 2961 3266 πολλῷ
2996 3197 3180 3250 πλέον.
3217 3196 3291 3247 Οὐ
3328 3194 3435 3265 γὰρ
3472 3195 3634 3265 μόνον

1941 3287 2108 3356 χωρὶς
2133 3286 2450 3357 ἀκροάσεως
2477 3284 2597 3338 ἔστι
2627 3285 2880 3353 γενέσθαι
2916 3285 3170 3354 ποιητὴν,
3198 3282 3336 3335 ἀλλά
3365 3283 3459 3335 καὶ
3497 3283 3634 3352 μετά

1941 3376 2257 3446 ἀκροάσεως
2293 3375 2368 3444 μὴ
2414 3371 2553 3427 εἶναι
2597 3374 2789 3428 τοῦτο·
2829 3375 2968 3444 ὅπερ
3011 3372 3238 3442 ὕστερον
3297 3372 3634 3442 σαφέστερον

1940 3462 2122 3531 τίθησι
2173 3461 2371 3529 λέγων,
2414 3461 2509 3514 καὶ
2563 3461 2702 3532 μετά
2745 3461 2990 3524 πλείονος
3020 3462 3119 3531 τῆς
3159 3461 3474 3529 περιουσίας
3500 3477 3512 3491 ·
3569 3461 3632 3513 '0

1940 3544 2247 3598 διδάσκων
2288 3545 2514 3612 ἕτερον,
2564 3545 2830 3599 σεαυτὸν
2875 3547 2945 3598 οὐ
2978 3545 3321 3609 διδιίσκεις;
3367 3544 3632 3597 Ἐνταῦθα

1939 3632 1994 3684 δέ
2022 3633 2157 3695 τέως
2187 3633 2247 3685 τὸ
2283 3632 2549 3704 πρότερον
2600 3633 3024 3696 κατασκευάζει.
3083 3634 3270 3684 ’Ὅταν
3315 3632 3425 3700 γὰρ
3461 3631 3629 3697 ἔθνη,

1941 3723 2094 3790 φησὶ,
2126 3723 2196 3775 τὰ
2214 3721 2300 3790 μὴ
2327 3723 2516 3790 νόμον
2536 3721 2781 3790 ἔχοντα,
2815 3721 2995 3788 φύσει
3024 3722 3094 3772 τὰ
3117 3718 3224 3772 τοῦ
3251 3720 3440 3787 νόμου
3464 3718 3628 3785 ποιῇ,

1939 3805 2105 3862 οὗτοι
2155 3808 2343 3874 νόμον
2379 3806 2466 3875 μὴ
2520 3806 2788 3874 ἔχοντες,
2834 3806 3072 3872 ἑαυτοῖς
3097 3809 3218 3860 εισι
3268 3808 3473 3875 νόμος.
3518 3807 3631 3859 Οὐκ

1939 3895 2187 3948 ἐκὸάλλω
2210 3894 2300 3947 τὸν
2331 3895 2516 3963 νόμον,
2546 3894 2733 3962 φησὶν,
2767 3893 2903 3946 ἀλλὰ
2934 3895 3029 3946 καὶ
3058 3893 3311 3946 ἐντεῦθεν
3334 3893 3528 3946 δικαιῶ
3561 3895 3632 3947 τά
3666 3923 3672 3928 -

1938 3979 2090 4048 ἔθνη.
2127 3975 2284 4040 Εἶδες
2317 3976 2430 4040 πῶς
2463 3975 2785 4047 ὑπορύττων
2809 3975 2905 4028 τοῦ
2956 3975 3296 4046 Ἰουδαῖσμοῦ
3328 3975 3426 4046 τὴν
3446 3976 3628 4040 δόξαν,

1936 4067 2192 4136 οὐδεμίαν
2239 4065 2360 4118 καθ’
2407 4063 2604 4118 ἐαυτοῦ
2649 4063 2833 4119 δίδωσι
2880 4063 3051 4134 λαϐὴν
3089 4063 3165 4127 ὡς
3210 4063 3497 4132 ἀτιμάζων
3543 4062 3630 4116 τὸν

1937 4154 2121 4225 νόμον,
2143 4153 2278 4206 ἀλλὰ
2305 4153 2638 4217 τούναντίον,
2671 4151 2746 4214 ὡς
2775 4152 3021 4222 ἐπαίρων
3057 4152 3148 4204 καὶ
3167 4153 3352 4221 μέγαν
3388 4151 3626 4215 δεικνὺς,

1936 4243 2077 4295 οὕτω
2105 4242 2504 4306 κατασκευάζει
2537 4241 2597 4294 τὸ
2629 4242 2772 4306 πᾶν;
2810 4241 2996 4294 Φύσει
3041 4239 3099 4292 δὲ
3135 4241 3264 4291 ὅταν
3300 4237 3468 4300 εἴποι,
3513 4242 3625 4302 τοῖς

1935 4331 1999 4382 ἐκ
2029 4330 2245 4399 φύσεως
2267 4328 2412 4396 λέγει
2435 4328 2734 4398 λογισμοῖς.
2773 4327 2882 4380 Καὶ
2917 4327 3193 4379 δείκνυσιν
3214 4326 3439 4396 ἐτέρους
3466 4325 3629 4389 ὄντας

1936 4417 2114 4469 αὐτῶν
2175 4416 2435 4486 βελτίους,
2495 4416 2590 4468 καὶ
2639 4414 2700 4467 τὸ
2748 4416 2953 4485 μεῖζον,
3006 4414 3095 4466 διὰ
3142 4413 3302 4465 τοῦτο
3357 4413 3624 4480 βελτίους,

1935 4504 2121 4574 ἐπειδὴ
2161 4503 2233 4574 μὴ
2262 4503 2424 4574 νόμον
2466 4501 2678 4566 ἔλαϐον,
2719 4503 2854 4572 μηδέ
2888 4501 3073 4572 ἔχουσι
3110 4501 3322 4564 τοῦτον,
3358 4493 3401 4567 ᾧ
3435 4501 3627 4553 δοκοῦ-

1937 4610 2019 4645 σιν
2046 4592 2225 4644 αὐτῶν
2258 4592 2601 4643 πλεονεκτεῖν
2631 4591 2678 4641 οἱ
2726 4590 2994 4666 Ἰουδαῖοι.
3030 4588 3131 4640 Διὰ
3158 4589 3318 4641 τοῦτο
3349 4589 3477 4658 γὰρ,
3516 4605 3623 4658 φη-

1938 4683 2040 4739 σὶν,
2093 4682 2199 4733 εἰσὶ
2244 4680 2567 4750 θαυμαστοὶ,
2601 4681 2679 4733 ὅτι
2712 4680 2877 4747 νόμου
2925 4679 3024 4730 οὐκ
3060 4677 3381 4748 ἐδεήθησαν,
3433 4679 3524 4730 καὶ
3555 4679 3624 4731 τά

1934 4770 2029 4823 τοῦ
2060 4771 2224 4840 νόμου
2268 4772 2443 4823 πάντα
2483 4769 2848 4832 ἐπεδείξαντο,
2887 4770 2956 4820 τά
3002 4767 3212 4836 ἔργαο,
3238 4768 3298 4818 ού
3345 4768 3412 4819 τά
3442 4766 3626 4835 γράμ-

1937 4876 2103 4928 ματα,
2149 4861 2266 4918 ταῖς
2315 4856 2576 4919 διανοίαις
2617 4856 2796 4909 αὐτῶν
2837 4855 3260 4922 ἐγκολάψαντες.
3300 4851 3469 4906 Τοῦτο
3515 4856 3624 4926 γάρ

1934 4963 2116 5017 φησιν·
2147 4947 2375 5010 Οἵτινες
2395 4945 2810 4997 ἐνδείκνυνται
2839 4944 2902 4996 τὸ
2927 4942 3106 5010 ἔργον
3140 4941 3246 4995 τοῦ
3272 4943 3457 5010 νόμου
3487 4960 3620 5011 γρα-

1933 5036 2087 5086 πτὸν
2117 5035 2188 5086 ἐν
2216 5033 2346 5099 ταῖς
2378 5032 2650 5100 καρδίαις
2684 5030 2905 5094 αὐτῶν,
2939 5031 3494 5098 συνμαρτυρούσης
3518 5033 3622 5084 ai)-

1934 5122 2056 5184 τοῖς
2084 5120 2194 5190 τῆς
2222 5119 2657 5189 συνειδήσεως.
2692 5121 2788 5173 καὶ
2810 5119 3039 5187 μεταξὺ
3067 5119 3359 5183 ἀλλήλων
3383 5117 3500 5171 τῶν
3520 5121 3625 5172 λοι

1932 5207 2164 5278 γισμῶν
2200 5208 2715 5278 κατηγορούντων,
2756 5208 2793 5273 ἢ
2839 5207 2935 5259 καὶ
2966 5204 3501 5273 ἀπολογουμένων,
3552 5207 3624 5259 ἐν

1933 5297 2143 5367 ἡμέρᾳ,
2174 5297 2270 5349 ὅτε
2299 5296 2490 5364 κρινεῖ
2515 5300 2545 5349 ό
2574 5295 2715 5360 Θεὸς
2757 5294 2828 5347 τὰ
2855 5293 3090 5362 κρυπτὰ
3119 5292 3237 5345 τῶν
3271 5293 3618 5360 ἀνθρώπων,

1932 5385 2084 5437 κατὰ
2111 5384 2176 5437 τὸ
2206 5385 2579 5452 Εὐιῑγγέλιόν
2594 5400 2734 5451 μου,
2771 5381 2870 5434 διὰ
2911 5379 3115 5448 Ἰησοῦ
3149 5381 3431 5447 Χριστοῦ.
3458 5381 3622 5452 Ὁρᾷς

1933 5473 2049 5534 πῶς
2096 5472 2255 5525 πάλιν
2305 5472 2620 5541 παρέστησε
2657 5471 2753 5540 τὴν
2788 5470 3004 5541 ἡμέραν
3039 5470 3257 5538 ἐκείνην
3312 5472 3406 5522 καὶ
3451 5471 3621 5538 ἐγγὺς

1932 5561 2127 5630 ἤγαγε,
2180 5561 2488 5613 κατασείων
2525 5561 2704 5611 αὐτῶν
2732 5559 2829 5627 τὴν
2858 5558 3116 5619 διάνοιαν,
3149 5559 3243 5610 καὶ
3272 5557 3505 5619 δεικνὺς,
3537 5559 3620 5612 ὅτι

1929 5648 2151 5709 τούτους
2196 5648 2277 5700 δεῖ
2310 5648 2574 5718 τιμᾶσθαι
2610 5648 2812 5717 μᾶλλον
2855 5647 2981 5707 τοὺς
3009 5645 3179 5714 χωρὶς
3216 5645 3381 5713 νόμου
3422 5646 3491 5696 τὰ
3523 5647 3618 5698 τοῦ

1930 5736 2096 5805 νόμου
2146 5736 2448 5806 κατορθοῦν
2494 5735 2933 5799 ἐσπουδακότας
3001 5735 3066 5785 Ὃ
3101 5733 3157 5784 δὲ
3218 5730 3452 5800 μάλιστα
3504 5733 3619 5786 ἔστι

1931 5821 2214 5892 θαυμάσαι
2266 5824 2364 5890 τῆς
2406 5823 2674 5885 συνέσεως
2715 5822 2814 5893 τῆς
2844 5819 3232 5890 ὰποστολικῆς,
3273 5819 3432 5872 τοῦτο
3466 5821 3618 5887 ἀξιον

1997 5985 2020 6023 1»
2051 5980 2164 6036 Alii.
2188 5983 2494 6045 ἀπήλαυσαν,
2518 5991 2566 6032 cl
2591 5997 2725 6041 mox,
2749 5985 2963 6031 ἰώσνιυσι
3039 5997 3059 6021 ι’
3093 5984 3244 6045 Ἔργα
3270 5984 3380 6031 sine
3407 5984 3616 6045 nrlicuin

1929 6047 1985 6092 Α.
2031 6045 2136 6090 Mox
2184 6043 2314 6091 idem
2358 6048 2791 6107 συμμαρτυρούσης
2819 6048 2995 6106 αὐτῶν,
3025 6055 3073 6095 ιιι
3104 6043 3288 6094 Ιιίὼριιι
3328 6047 3450 6095 editi
3482 6043 3609 6094 Bibl.

1938 6116 1981 6151 (ιε
2015 6108 2182 6164 (Illrys.
2217 6107 2310 6154 CUI.
2339 6122 2426 6166 δρα
2453 6145 2463 6165 ,
2496 6110 2558 6155 lin
2609 6108 2678 6156 Π.
