4118 6340
545 429 648 487 699

1243 427 1298 481 S.
1337 427 1613 483 JOANNS
1651 424 2128 481 CHRYSOS'IUMI
2169 424 2484 484 ARCIIIEP.
2525 431 3068 488 CONSTANTINUP.

3862 434 3972 488 4⁸0

544 543 691 616 [668]
721 545 890 596 εἰπεῖν
921 544 1030 597 νῦν.
1090 545 1220 596 Ἀπὸ
1256 545 1364 616 γὰρ
1397 549 1491 614 τῆς
1525 545 1868 612 κατασκευῆς
1887 542 2087 604 δείξας,
2113 541 2195 594 ὃτι
2299 545 2470 612 τέρως
2509 548 2572 598 '0
2610 549 2702 599 καὶ
2734 549 2890 602 ἄνωά
2925 550 3324 604 κατεσκεύασεν
3356 547 3544 607 εἰπών.
3577 545 3973 614 Θησαυρίζὲις

544 631 744 700 μείζων
774 632 800 682 6
832 630 1030 698 Ἕλλην
1060 630 1151 683 τοῦ
1193 632 1467 692 Ἰουδαίου,
1506 634 1563 684 ἐν
1591 632 1654 699 τῇ
1687 633 1970 696 συναγωγῇ
2011 628 2106 680 καὶ
2136 629 2195 679 ἐν
2296 627 2529 692 σεαυτῷ
2563 630 2751 697 ὀργὴν
2801 633 2870 684 ἐν
2902 633 3091 699 ἡμέρᾳ
3135 631 3336 698 ὀργῆς,
3373 631 3465 683 καὶ
3495 630 3725 682 ἐνταῦθα
3775 629 3968 683 πάλιν,

538 716 616 785 τῷ
640 716 1093 785 συμπεράσματι·
1123 717 1230 769 τῶν
1254 717 1520 785 λογισμῶν
1543 717 1601 767 οὐ
1627 715 1837 785 τίθησιν
1870 715 2020 777 αὐτὸ,
2049 714 2188 766 ὥστε

541 803 616 872 μὴ
641 802 899 871 τραχῦναι
919 803 1008 855 τὸν
1050 803 1316 857 Ἰουδαῖον.
1356 804 1473 854 ’Ἰνα
1498 803 1552 854 δὲ
1583 803 1675 854 καὶ
1704 802 2034 872 σαφέστερον
2055 804 2190 871 ὅπερ

538 884 689 940 εἷπον
741 890 972 956 ποιήσω,
1023 889 1158 942 αὐτά
1196 889 1303 958 ἐρῶ
1344 888 1412 940 16
1448 891 1665 958 ῥήματα
1718 889 1783 942 16
1838 890 2187 942 ἀποστολικά.

548 973 766 1044 Ἐπειδὴ
806 975 912 1044 γὰρ
964 969 1138 1037 εἶπεν,
1182 976 1262 1026 Οὐ
1311 977 1420 1042 γὰρ
1451 978 1505 1027 οί
1535 975 1815 1043 ἀκροαταὶ
1843 975 1948 1028 τοῦ
1980 977 2188 1042 νόμου,

534 1059 672 1111 ἀλλ’
698 1063 750 1111 al
772 1061 1006 1127 ποιηταὶ
1027 1060 1130 1113 τοῦ
1156 1060 1341 1127 νόμου
1363 1059 1877 1127 δικαιωθήσονται,
1901 1059 2191 1113 ἀκόλουθον

532 1141 600 1214 ἦν
629 1146 1017 1198 είπείν·”οταν
1033 1145 1142 1213 γὰρ
1168 1145 1312 1211 ἔθνη
1334 1147 1404 1199 τὰ
1427 1146 1513 1214 μὴ
1540 1147 1725 1214 νόμον
1752 1147 1985 1214 ἔχοντα,
2011 1147 2190 1214 φύσει

534 1233 606 1282 τὰ
629 1231 734 1284 τοῦ
780 1233 967 1299 νόμου
1001 1233 1163 1298 ποιῇ,
1208 1232 1411 1284 τούτων
1447 1233 1623 1302 πολλῷ
1663 1233 1900 1300 βελτίους
1937 1233 2044 1285 είσὶ
2081 1233 2189 1286 τῶν

530 1317 639 1369 ἀπὸ
652 1318 813 1386 νόμου
826 1317 1244 1387 διδασκομένων.
1265 1319 1403 1370 Ἀλλ’
1420 1320 1478 1371 οὐ
1499 1320 1643 1388 λέγει
1660 1319 1831 1384 τοῦτο,
1848 1319 1958 1371 ἀλλ’
1977 1321 2187 1372 ἵσταται

535 1405 697 1473 μέχρι
727 1404 822 1456 τοῦ
852 1407 1126 1475 ἐγκωμίου
1157 1405 1266 1459 τῶν
1317 1405 1601 1476 Ἑλλήνων,
1633 1408 1724 1459 καὶ
1756 1408 1816 1458 οὐ
1846 1408 2072 1477 προάγει
2097 1407 2187 1464 τὸν

526 1491 685 1556 λόγον
737 1491 876 1543 κατά
913 1491 1196 1559 σύγκρισιν
1230 1493 1385 1556 τέως,
1425 1493 1508 1544 ἵνα
1542 1492 1639 1545 κᾶν
1671 1492 1838 1554 οὕτως
1867 1495 1894 1545 6
1935 1493 2187 1555 Ἰουδαῖος

527 1579 744 1648 δέξηται
764 1581 823 1632 τὸ
845 1580 1155 1651 λεγόμενον.
1181 1583 1380 1652 Διόπερ
1402 1583 1498 1651 οὐχ
1519 1580 1691 1643 οὐτως
1724 1576 1897 1645 εἶπεν,
1919 1581 1992 1642 ὡς
2010 1578 2182 1646 εἷπον,

529 1665 665 1718 ἀλλὰ
692 1666 839 1730 πῶς;
873 1668 1048 1720 Ὅταν
1082 1667 1188 1736 γὰρ
1217 1667 1358 1734 ἔθνη
1388 1668 1456 1720 τὰ
1476 1667 1561 1735 μὴ
1593 1667 1781 1735 νόμον
1810 1666 2045 1735 ἔχοντα,
2075 1669 2184 1735 φύ-

528 1767 622 1803 σει
667 1751 738 1804 τὰ
781 1751 886 1804 τοῦ
923 1753 1110 1820 νόμου
1141 1750 1302 1819 ποιῇ,
1357 1748 1520 1806 οὗέοι
1556 1752 1745 1820 νόμον
1779 1750 1865 1820 μὴ
1919 1751 2180 1818 ἔχοντες,

527 1837 757 1902 ἑαυτοῖς
783 1841 900 1891 εισι
947 1839 1155 1906 νόμος·
1203 1839 1416 1904 οἵτινες
1459 1839 1868 1892 ἐνδείκνυνται
1902 1839 1966 1890 τὸ
2007 1839 2185 1906 ἔργον

525 1923 631 1976 τοῦ
661 1922 845 1990 νόμου
870 1925 1131 1993 γραπτὸν
1151 1924 1218 1977 ὲν
1237 1925 1364 1991 ταῖς
1386 1924 1654 1992 καρδίαις
1674 1924 1889 1988 αὐτῶν,
1915 1939 2184 1993 συμμαρ-

527 2010 826 2075 τυρούσης
863 2008 1060 2062 αὐτῶν
1089 2009 1198 2077 τῆς
1234 2011 1660 2075 συνειδήσεως.
1705 2012 1885 2081 Ἀρκεῖ
1911 2011 2019 2079 γάρ
2061 2011 2180 2062 ἀντὶ

525 2095 618 2146 τοῦ
649 2096 811 2164 νόμου
856 2096 916 2148 τὸ
950 2095 1183 2158 συνειδὸς
1217 2097 1306 2148 καὶ
1338 2097 1613 2166 λογισμός.
1664 2097 1759 2148 Διά
1787 2097 1987 2148 τούτων
2015 2095 2178 2159 Εδειξε

523 2181 704 2244 πάλιν,
725 2182 806 2232 ὅτι
837 2182 1081 2252 αὐτάρκη
1108 2181 1198 2234 τὸν
1227 2182 1512 2254 ἄνθρωπον
1540 2183 1793 2252 ἐποίησεν
1821 2185 1850 2234 6
1882 2183 2012 2245 Θεὸς
2045 2182 2179 2251 πρὸς

521 2267 620 2336 τὴν
649 2268 745 2336 τῆς
771 2267 968 2336 ἀρετῆς
999 2269 1232 2338 αἵρεσιν,
1261 2271 1356 2321 καὶ
1385 2269 1481 2338 τὴν
1503 2269 1604 2338 τῆς
1630 2270 1824 2331 κακίας
1849 2271 2046 2338 φυγήν.
2069 2269 2180 2321 Καὶ

524 2353 599 2421 μὴ
642 2352 951 2424 θαυμάσῃς,
987 2355 1033 2406 εί
1069 2356 1161 2407 καὶ
1193 2355 1336 2418 ἅπαξ
1371 2355 1463 2408 καὶ
1499 2355 1580 2418 δὶς
1626 2357 1716 2408 καὶ
1750 2356 2007 2418 πολλάκις
2049 2355 2180 2409 αὐτὸ

522 2439 936 2503 κατασκευάζει.
972 2440 1181 2510 Σφόδρα
1211 2442 1316 2512 γάρ
1356 2439 1422 2511 ἦν
1453 2444 1749 2508 ἀναγκαῖον
1787 2441 1934 2510 αὐτῷ
1973 2441 2034 2493 τὸ
2085 2457 2174 2493 κε-

523 2526 746 2592 φάλαιον
787 2527 944 2579 τοῦτο
972 2526 1057 2578 διά
1081 2529 1205 2590 τοὺς
1233 2528 1505 2596 λέγονταςο
1539 2529 1601 2580 Τί
1629 2529 1824 2599 δήποτε
1865 2529 1958 2580 νῦν
1987 2531 2014 2582 6
2043 2530 2175 2600 Χρι-

521 2615 642 2675 στὸς
671 2614 1028 2683 παρεγένετο;
1063 2615 1155 2666 καὶ
1186 2614 1288 2666 ποῦ
1321 2615 1414 2668 τὸν
1443 2615 1749 2685 ἔμπροσθεν
1778 2615 1966 2684 χρόνον
1989 2615 2055 2668 16
2079 2616 2174 2685 τῆς

519 2700 781 2768 τοσαύτης
805 2701 1056 2770 προνοίας
1083 2697 1180 2771 ἦν;
1200 2702 1310 2754 Καὶ
1333 2703 1463 2770 πρὸς
1485 2701 1702 2763 τούτους
1721 2699 1810 2754 οῦν
1835 2704 1890 2753 ἐν
1913 2701 2177 2772 παρέργῳ

518 2787 611 2838 νῦν
662 2787 1096 2856 ἀπομαχόμενος,
1145 2787 1432 2851 δείκνυσιν,
1481 2789 1560 2840 ὄτι
1605 2789 1696 2839 καὶ
1729 2789 1786 2840 ἐν
1819 2790 1928 2849 τοῖς
1974 2788 2176 2841 ἀνωθεν

520 2875 751 2944 χρόνοις,
774 2876 865 2928 καὶ
895 2873 1000 2943 πρὸ
1024 2874 1120 2943 τῆς
1142 2873 1229 2925 τοῦ
1262 2874 1423 2942 νόμου
1454 2874 1652 2936 δόσεως
1687 2874 1866 2942 πάσης
1894 2874 2172 2943 ἀπήλαυσε

519 2961 772 3031 προνοίας
801 2962 832 3028 ή
858 2959 965 3012 τῶν
996 2958 1295 3028 ἀνθρώπων
1325 2958 1504 3028 φύσις.
1534 2959 1637 3011 Καὶ
1669 2959 1776 3028 γὰρ
1807 2959 1873 3012 Τὸ
1904 2960 2174 3027 ’γνωστὸν

516 3047 620 3102 τοῦ
652 3047 800 3101 Θεοῦ
831 3046 1090 3115 φανερὸν
1131 3041 1210 3115 ἦν
1240 3047 1460 3111 αὐτοῖς,
1494 3047 1585 3098 καὶ
1613 3046 1663 3097 τί
1698 3047 1794 3115 μὲν
1821 3047 2003 3110 καλὸν,
2032 3047 2084 3099 τί
2116 3048 2170 3099 δέ

515 3135 684 3187 κακὸν
703 3135 918 3204 ᾔδεσαν,
948 3133 1012 3185 δι’
1039 3125 1114 3187 ὧν
1145 3136 1269 3195 τοὺς
1300 3120 1489 3195 ἄλλους
1512 3133 1767 3202 ἔκριναν·
1815 3133 1952 3202 ὅπερ
1985 3132 2167 3185 ὀνειδία

517 3223 622 3286 ζων
666 3223 868 3285 αὐτοῖς,
916 3222 1119 3289 ἔλεγεν,
1160 3222 1239 3273 ὅτι
1299 3223 1400 3275 Ἔν
1443 3214 1488 3286 ᾧ
1531 3223 1749 3288 κρίνεις
1801 3221 1907 3274 τὸν
1946 3221 2170 3289 ἕτερον,

514 3309 775 3363 σεαυτὸν
817 3310 1209 3377 κατακρίνεις.
1272 3310 1391 3360 Ἐπὶ
1433 3309 1488 3361 δὲ
1542 3309 1649 3360 τῶν
1703 3308 1990 3370 Ἰουδαίων,
2035 3308 2172 3378 μετά

515 3397 620 3448 τῶν
649 3396 950 3466 εἰρημένων
977 3396 1070 3448 καὶ
1090 3397 1118 3448 6
1141 3396 1299 3465 νόμος
1323 3395 1570 3464 ἕστηκεν,
1589 3396 1708 3464 οὐχὶ
1735 3395 1988 3464 λογισμὸς
2013 3396 2171 3465 μόνον

514 3483 632 3536 οὐδὲ
656 3484 976 3553 συνείδησις.
996 3483 1148 3545 Τίνος
1177 3483 1230 3534 δὲ
1251 3483 1434 3536 ἕνεκεν
1461 3483 1638 3551 τίθησι
1665 3483 1744 3545 τὸ,
1766 3485 2169 3551 Κατηγορούν-

514 3587 632 3623 των
686 3569 722 3636 ἢ
759 3572 856 3622 xtl
914 3569 1453 3638 άπο.ίογουμένων;
1509 3571 1571 3622 Εἰ
1618 3570 1940 3640 γάρ,νόμον
1988 3571 2170 3638 έχουσι

515 3658 755 3728 γραπτὸν
798 3657 890 3709 καὶ
935 3658 996 3708 τὸ
1038 3657 1196 3728 ἔργον
1223 3658 1246 3696 δ
1276 3657 1653 3723 ἐνδείκνυνται,
1700 3660 1749 3709 τί
1781 3659 1887 3727 ἔχει
1923 3676 2171 3726 κατηγο-

516 3747 676 3814 ρῆσαι
717 3744 898 3797 λοιπὸν
940 3747 967 3798 6
1011 3743 1296 3814 λογισμός;
1349 3745 1483 3797 Ἀλλ’
1533 3746 1711 3797 οὐκέτι
1764 3747 1890 3815 περὶ
1949 3738 2171 3799 ἐκείνων

515 3825 650 3893 φησι
684 3824 765 3886 τὸ,
798 3825 1312 3892 Κατηγορούντων,
1363 3827 1540 3893 μόνον,
1582 3827 1715 3879 ἀλλά
1750 3830 1840 3881 καὶ
1889 3829 2015 3896 περὶ
2073 3830 2170 3898 τῆς

515 3910 727 3978 φύσεως
757 3910 993 3977 ἀπάσης.
1035 3911 1155 3962 Γότε
1188 3911 1295 3979 γὰρ
1329 3913 1616 3981 ἑστήκασιν
1649 3914 1806 3982 ήμῶν
1837 3915 1929 3966 καὶ
1950 3917 1998 3966 οί
2023 3914 2170 3982 λογι-

516 3998 662 4064 σμοὶ,
692 3999 738 4048 οί
773 3998 868 4066 μὲν
900 3996 1347 4067 κατηγοροῦντες,
1376 4001 1421 4050 οἱ
1449 3999 1500 4050 δέ
1525 3999 1966 4069 ἀπολογούμενοι,
1991 4004 2082 4053 καὶ
2109 4003 2166 4054 οὐ

512 4085 678 4137 δεῖται
726 4084 912 4152 ἐτέρου
961 4084 1262 4154 κατηγόρου
1302 4085 1583 4154 ἄνθρωπος
1617 4086 1700 4138 ἐπ’
1741 4087 1946 4140 ἐκείνου
1981 4089 2073 4140 τοῦ
2103 4089 2170 4140 δι·

516 4166 830 4235 καστηρίου.
862 4162 992 4218 Εἶτα
1025 4167 1200 4229 αῦξων
1222 4167 1309 4219 τὸν
1346 4167 1530 4233 φόϐον,
1564 4170 1662 4220 οὐκ
1703 4165 1841 4232 είπε,
1876 4171 1954 4222 T6
1991 4173 2170 4240 ἀμαρ-

514 4256 729 4320 τὴματα
791 4253 896 4304 τῶν
946 4252 1262 4322 ἀνθρώπων,
1308 4253 1467 4316 ἀλλὰ,
1526 4255 1599 4306 Τὰ
1638 4255 1871 4321 κρυπτά
1904 4255 2022 4309 τῶν
2067 4259 2164 4309 ἀν-

515 4338 782 4404 θρώπων.
821 4339 1038 4408 Ἐπειδὴ
1071 4341 1175 4409 γάρ
1210 4337 1348 4392 εἷπε·
1390 4341 1597 4409 Λογίζῃ
1635 4345 1665 4394 d
1686 4344 1903 4410 κρίνων
1935 4343 2074 4409 τοὺς
2101 4345 2170 4396 τὰ

514 4425 757 4478 τοιαῦτα
795 4425 1202 4493 πράσσοντας,
1232 4429 1323 4480 καὶ
1374 4428 1557 4480 ποιῶν
1593 4431 1762 4493 αὐτὰ,
1794 4431 1879 4482 ὅτι
1906 4432 2167 4499 ἐκφεύξῃ

513 4508 576 4559 τὸ
599 4509 775 4577 κρῖμα
807 4509 907 4561 τοῦ
939 4510 1082 4563 Θεοῦ
1100 4511 1128 4571 ;Δ
1148 4511 1230 4562 ἵνα
1258 4511 1332 4579 μὴ
1355 4510 1606 4578 τοιαύτην
1628 4513 1812 4582 ἐκδέξῃ
1833 4515 2029 4582 ψῆφον,
2055 4515 2169 4565 οἵαν

516 4597 604 4646 καὶ
635 4597 792 4657 αὐτὸς
836 4597 1040 4664 φέρεις,
1075 4596 1186 4648 ἀλλ’
1231 4597 1364 4665 ἴδῃς,
1400 4596 1479 4648 ὅτι
1509 4596 1683 4666 πολλῷ
1728 4599 1826 4665 τῆς
1869 4600 1963 4666 σῆς
2007 4600 2166 4668 ἀκρι-

515 4681 742 4749 ϐεστέρα
770 4682 913 4750 ήτοῦ
947 4681 1105 4740 Θεοῦ.
1138 4683 1404 4752 ἐπήγαγε·
1449 4688 1522 4736 Τὰ
1547 4684 1778 4750 κρυπτὰ
1804 4684 1916 4736 τῶν
1944 4685 2166 4750 ἀνθρώ-

516 4785 664 4830 πων,
707 4769 800 4818 καὶ
833 4767 1136 4837 προσέθηκε
1159 4785 1172 4799 ο
1227 4770 1383 4822 Κατά
1415 4770 1479 4822 τὸ
1504 4769 1868 4838 Ειὺαγγέλιόν
1897 4788 2032 4838 μου,
2072 4771 2169 4825 διὰ

529 4854 731 4920 Ἰησοῦ
755 4856 1342 4926 Χριστοῦ.Ἀνθρωποι
1379 4859 1482 4929 γὰρ
1514 4859 1617 4909 τῶν
1636 4859 1880 4927 φανερῶν
1909 4859 2168 4928 κάθηνται

512 4943 763 4994 δικασταὶ
801 4943 994 5009 μόνων.
1030 4943 1223 4995 Καίτοι
1256 4960 1317 5006 γε
1363 4944 1470 4996 ἄνω
1503 4947 1627 5012 περὶ
1656 4946 1746 4996 τοῦ
1768 4947 1986 5016 ,Πατρὸς
2017 4947 2167 5014 ἔλεγε

514 5033 698 5102 μόνου,
733 5031 846 5083 ἀλλ’
881 5031 1066 5102 ἐπειδὴ
1106 5031 1290 5083 λοιπὸν
1326 5033 1518 5093 αὐτοὺς
1570 5033 1852 5084 κατελέανε
1887 5034 1964 5103 τῷ
2000 5038 2166 5104 φόῗῳ,

513 5122 756 5188 ἐπήγαγε
807 5119 898 5171 καὶ
945 5119 1034 5170 τὸν
1082 5119 1207 5186 περὶ
1255 5119 1346 5171 τοῦ
1402 5117 1632 5187 Χριστοῦ
1681 5118 1866 5184 λόγον·
1912 5122 2001 5171 καὶ
2049 5122 2169 5173 οὐδὲ

513 5205 697 5258 τοῦτον
722 5205 928 5268 ἁπλῶς,
961 5205 1095 5257 6116
1126 5208 1216 5257 καὶ
1245 5205 1474 5258 ἐνταῦθα
1506 5203 1657 5275 [469]
1686 5205 1776 5256 τοῦ
1799 5206 2005 5275 Πατρὸς
2037 5226 2171 5276 μνη-

518 5291 800 5359 μονεύσας,
826 5291 995 5354 οὕτως
1020 5292 1182 5346 αὐτὸν
1213 5295 1538 5362 ἐπεισήγαγε
1559 5310 1571 5323 ·
1623 5292 1716 5345 καὶ
1754 5291 1845 5344 τοῦ
1884 5293 2169 5363 κηρύγμαο

514 5395 604 5440 τος
633 5379 773 5430 δὲτὸ
814 5380 1028 5449 ἀξίωμα
1071 5379 1138 5431 δι’
1166 5380 1344 5432 αὐτῶν
1373 5380 1618 5449 ἐπαίρει·
1655 5378 1810 5431 τοῦτο
1853 5380 1979 5450 γὰρ,
2015 5383 2168 5450 φησὶ,

513 5466 573 5517 τὸ
607 5465 860 5535 κήρυγμα
895 5467 1060 5518 ταῦτα
1081 5469 1479 5535 προαναφωνεῐ,
1509 5465 1542 5518 6
1572 5466 1916 5534 προλαϐοῦσα
1947 5470 1977 5535 ή
2009 5469 2167 5534 φύσις

512 5552 708 5614 ἔδειξεν
729 5562 774 5603 ε.

583 5645 653 5701 ς’.
673 5634 822 5699 Εἶδες
842 5637 954 5699 πῶς
976 5638 1203 5699 συνετῶς
1221 5640 1312 5690 καὶ
1331 5639 1406 5706 τῷ
1427 5641 1734 5711 Εὐαγγελίῳ
1753 5646 1844 5696 καὶ
1860 5647 1934 5715 τῷ
1949 5648 2168 5716 Χριστῷ

513 5729 690 5795 φέρων
730 5729 922 5788 αὐτοὺς
959 5728 1252 5798 προσέδησε
1276 5769 1288 5792 ,
1330 5731 1420 5781 καὶ
1456 5731 1752 5796 ἀπέδειξεν,
1791 5735 1869 5786 ὅτι
1902 5738 1960 5787 οὐ
2006 5737 2167 5808 μέχρι

511 5816 616 5863 τῶν
662 5815 888 5867 ἐνταῦθα
921 5816 987 5866 τὰ
1030 5816 1270 5885 ἡμέτερα
1311 5817 1536 5880 ἵσταται,
1579 5820 1712 5872 ἀλλὰ
1755 5821 1925 5874 ὁδεύει
1979 5843 2168 5896 περαι-

574 5955 586 6020 _‘
622 5954 749 6000 [inm
777 5957 868 6001 τῶν
894 5959 1236 6019 συλλογισμῶν,
1265 5973 1357 6005 non
1378 5961 1520 6007 male.
1592 5963 1616 6000 ι’
1640 5963 1755 6020 Alii,
1781 5967 1856 6010 καὶ
1881 5968 1957 6011 τὸν
1997 5971 2138 6020 νόμον

515 6020 536 6046 ⁸
565 6018 667 6064 Ι)υο
689 6031 782 6062 mss
811 6053 820 6073 ,
850 6020 1062 6072 ἐδίδαξεν.
1748 6018 1752 6020 ’
2055 6018 2059 6026 ’

2297 710 2499 774 Κρινεῖ
2521 714 2552 763 ό
2601 713 2744 779 Θεὸς
2776 715 2848 768 τὰ
2885 717 3119 783 κρυπτὰ
3157 714 3273 767 τῶν
3301 714 3644 781 ἀνθρώπιον.
3686 713 3970 772 Ἕκαστος

2290 791 2466 844 τοίνυν
2501 794 2578 855 είς
2605 795 2665 847 τὸ
2686 795 2880 850 ἑαυτοῦ
2907 799 3144 860 συνειδὸς
3163 796 3352 854 ἐλθὼν.
3389 797 3479 848 καὶ
3509 794 3966 860 ἀναλογιζόμενος

2290 875 2356 925 τὰ
2381 876 2843 946 πλημμελήματα,
2872 881 3172 932 ἀπαιτείτω
3194 881 3290 943 τὰς
3320 879 3548 941 εὐθύνας
3581 878 3768 930 ἑαυτὸν
3798 878 3966 944 ἀκριο

2291 956 2418 1018 δῶςν
2453 957 2535 1008 ἵνα
2575 959 2695 1010 τότε
2737 960 2810 1029 μὴ
2847 962 3272 1030 κατακριθῶμεν
3309 961 3445 1030 μετά
3475 960 3576 1028 τῆς
3609 959 3961 1025 οἰκουμένης.

2289 1039 2518 1108 Φοόερὸν
2563 1040 2669 1111 γὰρ
2707 1044 2881 1095 ἐκεῖνο
2912 1044 2972 1095 τὸ
3013 1044 3383 1114 δικαστήριον,
3419 1043 3645 1112 φρικτὸν
3686 1040 3746 1090 τὸ
3779 1039 3965 1108 βῆμα,

2289 1121 2491 1190 τρόμου
2549 1123 2804 1192 γέμουσιν
2833 1128 2889 1180 αἱ
2945 1125 3188 1188 εὐθῦναι,
3230 1124 3400 1196 πυρὸς
3431 1126 3646 1176 ἕλκεται
3675 1121 3958 1188 ποταμός⁶

2301 1202 2588 1275 ’.ἁδελφὸς
2641 1210 2712 1261 οὐ
2777 1210 3128 1277 λυτροῦται,
3180 1209 3546 1277 λυτρώσεται
3605 1207 3962 1272 ἇνθρωπυςξ

2301 1285 2698 1358 Ἀναμνήσθητι
2737 1291 2844 1361 γάρ
2891 1292 3001 1345 τῶν
3047 1295 3105 1345 ἐν
3143 1291 3220 1360 τῷ
3269 1289 3584 1358 Εὐαγγελίῳ
3617 1287 3958 1356 λεγομένων,

2285 1370 2394 1421 τῶν
2437 1371 2681 1439 ἀγγέλων
2726 1374 2833 1426 τῶν
2879 1376 3332 1445 περιτρεχόντων,
3387 1371 3479 1424 τοῦ
3534 1369 3815 1440 νυμφῶνος
3849 1367 3958 1420 τοῦ

2285 1455 2726 1527 ἀποκλειομένου,
2763 1461 2872 1513 τῶν
2923 1459 3220 1529 λαμπάδων
3267 1459 3374 1511 τῶν
3430 1457 3504 1528 μὴ
3555 1455 3956 1524 σ6ενν·.›μέ“ι·ων.

2283 1536 2391 1588 τῶν
2417 1538 2699 1608 δυνάμεων
2727 1541 2833 1594 τῶν
2860 1544 2938 1604 είς
2966 1543 3064 1604 τὰς
3093 1541 3352 1607 καμίνους
3386 1538 3679 1591 ἑλκουσῶν.
3712 1538 3960 1588 Κάκεῖνο

2285 1618 2516 1687 λόγισαι,
2556 1625 2638 1676 δτι
2673 1626 2727 1676 εἴ
2756 1639 2900 1688 τινος
2939 1625 3096 1694 ἡμῶν
3144 1625 3370 1694 πρᾶγμα
3400 1619 3640 1689 κρυπτὸν
3669 1619 3750 1679 είς
3786 1618 3960 1685 μέσον

2285 1704 2482 1775 ὲνήχθη
2510 1708 2749 1777 τήμερον
2775 1709 2868 1760 ἐπὶ
2901 1711 2998 1777 τῆς
3022 1707 3316 1775 ἐκκλησίας
3353 1706 3536 1774 μόνης,
3577 1700 3691 1762 πῶς
3719 1699 3786 1752 ἂν
3813 1700 3955 1751 ἀπο-

2284 1786 2469 1840 λέσθαι
2516 1791 2607 1841 καὶ
2649 1789 2746 1860 τὴν
2771 1790 2884 1858 ιγῆν
2926 1791 3074 1859 αὐτῷ
3102 1790 3384 1859 διαστῆναι
3426 1787 3626 1857 ηὐξατο
3657 1787 3880 1851 μᾶλλον.
3918 1785 3953 1853 ἢ

2281 1873 2562 1935 τοσούτους
2592 1873 2874 1943 μάρτυρας
2904 1873 3004 1941 τῆς
3036 1873 3231 1934 κακίας
3261 1874 3433 1941 σχείνί
3469 1873 3510 1923 Τ
3517 1871 3533 1922 ί
3559 1866 3651 1923 οὖν
3682 1870 3800 1921 τότε
3833 1885 3956 1919 πει-

2283 1953 2507 2023 σόμεθα,
2553 1955 2680 2007 ὅταν
2726 1957 2818 2007 ἐπὶ
2868 1958 2967 2017 τῆς
3013 1955 3340 2024 οἰκουμένης
3391 1956 3471 2015 είς
3525 1952 3686 2022 μέσον
3732 1951 3953 2003 ἅπαντα

2281 2037 2515 2107 φέρηται
2548 2039 2604 2088 ἐν
2628 2036 2854 2106 τοιούτῳ
2884 2037 3096 2108 θεάτρῳ
3129 2035 3366 2106 λαμπρῷ
3391 2035 3486 2088 καὶ
3517 2036 3824 2104 περιφανεῖ,
3856 2033 3955 2083 καὶ

2279 2117 2384 2170 τῶν
2422 2119 2712 2187 γνωρίμων
2757 2120 2848 2170 καὶ
2896 2119 3008 2171 τῶν
3043 2119 3334 2186 ἀγνώστων
3381 2121 3510 2188 ἡμῖν
3550 2119 3765 2169 ἅπαντα
3811 2131 3950 2166 κατ·

2278 2201 2644 2264 οπτευόντωνς
2677 2200 2814 2253 Ἀλλ’
2828 2202 2880 2252 οῖ
2881 2218 2970 2269 μοι
2989 2201 3148 2253 πόθεν
3169 2198 3550 2267 ἀναγκάζομαι
3567 2197 3750 2266 φοϐεῖν
3770 2196 3951 2265 ὐμᾶςὶ

2281 2283 2388 2336 ἀπὸ
2410 2285 2506 2354 τῆς
2545 2285 2652 2337 τῶν
2671 2283 2977 2354 ἀνθρώπων
3007 2283 3345 2352 ὑπολήψεως,
3374 2281 3492 2334 δέον
3513 2280 3620 2333 ἀπὸ
3647 2279 3741 2332 τοῦ
3779 2278 3950 2348 φόϐου

2277 2367 2374 2419 τοῦ
2402 2367 2558 2432 Θεοῦ,
2595 2368 2690 2420 καὶ
2722 2369 2820 2437 τῆς
2861 2366 3054 2420 ἐαυτοῦ
3103 2365 3500 2432 καταγνώσεως
3532 2364 3691 2417 τοῦτο
3731 2365 3950 2426 ποιεῖνς

2279 2447 2433 2510 Τίνες
2471 2449 2578 2518 γάρ
2609 2449 2864 2520 ἐσόμεθα,
2897 2449 3020 2501 εἰπέ
3059 2465 3168 2518 μοι,
3203 2448 3345 2508 τότε,
3373 2448 3500 2498 ὅταν
3536 2445 3802 2507 δεθέντες,
3837 2443 3952 2496 τῶν

2277 2531 2502 2584 ὀδόντων
2527 2533 2852 2603 βρυχόντων,
2881 2533 2960 2593 είς
2982 2532 3044 2583 τὸ
3069 2530 3390 2600 ἐξώτετερον
3425 2527 3686 2598 ἀγώμεθα
3719 2527 3949 2590 σκότοςς

2280 2619 2480 2687 μᾶλλον
2519 2619 2574 2671 δὲ
2628 2619 2678 2670 τί
2715 2620 3034 2689 ποιήσομεν,
3073 2617 3100 2670 ὃ
3134 2618 3350 2670 πάντων
3379 2616 3493 2668 ἐστὶ
3541 2613 3947 2684 φοϐερώτερον,

2275 2703 2402 2754 ὃταν
2435 2702 2512 2771 τῷ
2543 2703 2659 2773 Θεῷ
2691 2703 3190 2773 προσκρούσωμεν;
3225 2701 3286 2753 El
3317 2699 3425 2769 γάρ
3446 2716 3528 2761 τις
3552 2697 3803 2766 αἴσθησιν
3829 2697 3951 2766 ἔχει

2277 2786 2370 2836 καὶ
2406 2785 2550 2848 νοῦν,
2580 2787 2678 2857 ήδη
2710 2788 2803 2839 καὶ
2829 2787 2924 2856 τὴν
2957 2787 3179 2852 γέενναν
3208 2785 3516 2853 ὑπέμεινεν,
3545 2783 3670 2834 ὅταν
3691 2781 3749 2844 ἐξ
3768 2781 3950 2849 ὀψεως

2275 2868 2500 2938 γένηται
2552 2869 2645 2922 τοῦ
2700 2869 2869 2922 Θεοῦ·
2916 2869 3032 2921 ἀλλ’
3082 2869 3267 2938 ἐπειδὴ
3315 2867 3472 2920 τοῦτο
3504 2868 3600 2918 οὐκ
3630 2866 3810 2938 όδυνᾷ,
3840 2865 3951 2938 ,σεε

2272 2934 2432 2989 τοῦτο
2463 2939 2675 3006 ἠπείλει
2708 2939 2817 3007 πῦρ
2839 2950 2880 2990 ε.
2911 2940 3018 2990 Καὶ
3049 2939 3156 3007 γὰρ
3182 2934 3366 3007 ἐχρῆν,
3404 2938 3504 3006 οὐχ
3536 2938 3662 2988 ὅταν
3697 2934 3949 2997 κολαζώ-

2277 3019 2436 3086 μεθα,
2494 3021 2698 3087 ἀλγεῖν,
2742 3020 2857 3072 ἀλλ’
2885 3022 3010 3073 ὅταν
3048 3021 3476 3090 ἀμαρτάνωμεν.
3515 3022 3782 3071 Ἄκουσον
3812 3017 3951 3083 γοῦν

2271 3099 2366 3152 τοῦ
2398 3101 2609 3153 Παύλου
2650 3100 2971 3173 θρηνοῦντος
3001 3103 3096 3155 καὶ
3139 3102 3546 3172 ἀποδυρομένου
3575 3101 3712 3170 ὑπὲρ
3758 3101 3950 3170 ἁμαρ⁶

2273 3185 2552 3252 τημάτων,
2609 3178 2683 3238 ὧν
2718 3187 2816 3236 οὐκ
2851 3185 3039 3254 ἔμελλε
3087 3185 3276 3239 δώσειν
3327 3187 3501 3256 δίκην.
3534 3187 3616 3238 Οὺ
3661 3183 3774 3252 γάρ
3824 3187 3949 3253 ειμι

2273 3267 2499 3332 ἱκανὸς,
2527 3269 2679 3336 φησι,
2718 3267 3033 3322 καλεῖσθαι
3063 3268 3429 3333 ἀπόστολος,
3464 3268 3551 3320 ὅτι
3583 3267 3800 3329 ἐδίωξα
3825 3267 3949 3332 τὴν

2287 3349 2678 3417 Ἐκκλησίαν.
2721 3353 2987 3403 Ἀκουσον
3034 3351 3164 3417 γοῦν
3221 3351 3313 3403 καὶ
3358 3349 3450 3401 τοῦ
3496 3349 3657 3402 Δαυῖδ
3707 3350 3807 3418 τῆς
3846 3349 3951 3418 μὲν

2274 3434 2543 3498 κολάσεως
2588 3435 3032 3505 ἀπηλλαγμένου,
3082 3435 3268 3503 ἐπειδὴ
3325 3434 3380 3486 δὲ
3425 3435 3640 3500 ἐνόμισε
3695 3433 3773 3501 τῷ
3824 3433 3953 3502 Θεῴ

2275 3520 2794 3589 προσκεκρουκέναι,
2828 3521 2926 3589 τὴν
2956 3519 3224 3590 τιμωρίαν
3255 3516 3373 3570 καθ’
3410 3517 3601 3568 ἑαυτοῦ
3650 3515 3954 3579 καλοῦντος

2275 3605 2367 3655 καὶ
2392 3604 2640 3672 λέγοντος
2661 3623 2673 3636 ο
2707 3603 2983 3659 Γενέσθω
3007 3606 3043 3671 ἠ
3075 3603 3168 3670 χε]
3165 3621 3205 3670 ρ
3237 3617 3352 3653 σου
3385 3600 3454 3652 ἐν
3475 3599 3622 3668 ἐμοὶ,
3649 3601 3747 3650 καὶ
3770 3601 3840 3651 ἐυν
3865 3601 3953 3666 τῷ

2271 3689 2413 3754 οίκῳ
2446 3689 2550 3741 τοῦ
2589 3688 2812 3756 πατρός
2848 3705 2986 3756 μου.
3026 3687 3099 3738 Τὸ
3139 3687 3246 3756 γὰρ
3285 3683 3660 3755 προσκροῦσαι
3693 3684 3771 3754 τῷ
3801 3683 3949 3754 Θεῷ,

2271 3770 2362 3823 τοῦ
2389 3771 2713 3840 κολασθῆναι
2747 3770 3146 3840 χαλεπώτερον.
3179 3769 3291 3820 Νῦν
3319 3769 3375 3820 δὲ
3404 3766 3576 3829 οὕτως
3600 3765 3801 3829 ἀθλίως
3825 3766 3951 3820 δια-

2273 3853 2522 3921 κείμεθα,
2563 3853 2638 3914 ώς
2682 3855 2729 3904 εί
2776 3851 2850 3921 μὴ
2888 3851 3110 3920 γεέννης
3143 3851 3305 3918 φόϐος
3339 3845 3427 3920 ἦν,
3465 3849 3595 3918 μηδὲ
3629 3848 3695 3900 ἂν
3725 3849 3951 3902 ἑλέσθαι

2271 3938 2476 4006 ταχέως
2513 3935 2732 4006 ποιῆσαί
2762 3953 2812 3988 τι
2847 3935 3027 3987 καλόν.
3070 3935 3268 4003 Διόπερ
3297 3934 3345 3984 εί
3375 3933 3468 3985 καὶ
3499 3931 3726 4002 μηδενὸς
3759 3933 3951 3983 ἕνεκεν

2273 4021 2480 4091 ἐτέρου,
2525 4021 2710 4073 τούτου
2757 4037 2820 4087 γε
2869 4019 3054 4070 ένεκεν
3103 4017 3323 4084 γεέννης
3353 4015 3418 4068 ἂν
3465 4011 3606 4085 ἦμεν
3645 4015 3810 4080 ἄξιοι,
3847 4017 3950 4086 τὴν

2271 4106 2492 4171 γέενναν
2543 4106 2742 4174 μᾶλλον
2792 4105 2885 4156 τοῦ
2924 4102 3160 4172 Χριστοῦ
3209 4101 3552 4170 φοϐούμενοι,
3614 4101 3753 4152 Ἀλλ’
3785 4103 3885 4171 οὐχ
3919 4105 3950 4154 6

2277 4188 2543 4256 μακάριος
2576 4187 2784 4248 Παῦλος
2827 4186 3021 4247 οὕτως,
3056 4184 3169 4236 ἀλλ’
3202 4184 3592 4252 ἀντιστρόφως.
3636 4185 3859 4254 Ἐπειδὴ
3888 4185 3950 4236 δὲ

2272 4275 2432 4340 ἡμεῖς
2469 4274 2688 4341 ἑτέρως,
2740 4269 2829 4322 διά
2870 4269 3024 4321 τοῦτο
3073 4271 3139 4337 τῇ
3193 4267 3381 4337 γεέννῃ
3429 4269 3936 4338 καταδικαζόμεθα⁴

2271 4357 2343 4419 ὡς
2376 4357 2428 4409 εί
2459 4374 2522 4424 γε
2547 4356 2635 4409 τὸν
2658 4355 2894 4424 Χριστὸν
2923 4353 3232 4423 ἐφιλοῦμεν,
3265 4352 3412 4424 [470]
3447 4353 3522 4416 ὡς
3549 4352 3720 4420 φιλεῖν
3752 4355 3942 4424 ἐχρῆν,

2272 4439 2513 4508 ἔγνωμεν
2549 4439 2635 4501 ἂν,
2672 4441 2752 4491 ὅτι
2783 4439 3010 4506 γεέννης
3051 4434 3426 4506 χαλεπώτερον
3457 4436 3517 4488 τὸ
3563 4439 3945 4506 προσκροῦσαι

2272 4522 2348 4589 τῷ
2380 4521 2712 4590 φιλουμένῳ·
2758 4520 2944 4589 ἐπειδὴ
2985 4519 3038 4571 δὲ
3078 4520 3137 4571 οὐ
3189 4518 3470 4588 φιλοῦμεν,
3499 4519 3598 4570 οὐκ
3645 4519 3806 4588 ἴσμεν
3846 4522 3945 4589 τῆς

2275 4604 2544 4666 κολάσεως
2585 4604 2782 4673 ταύτης
2827 4603 2885 4655 τὸ
2937 4603 3181 4673 μέγεθος.
3222 4603 3329 4655 Καὶ
3376 4602 3531 4654 τοῦτό
3565 4605 3731 4664 ἐστιν,
3769 4595 3945 4674 δμα-

2272 4685 2426 4738 λιστα
2456 4685 2716 4756 ὀδύρομαι
2765 4686 2859 4738 κοιλ¹
2907 4685 3108 4756 θρηνῶ.
3165 4686 3356 4736 Καίτοι
3388 4685 3435 4735 τί
3466 4685 3564 4735 οὐκ
3616 4686 3874 4752 ἐποίησεν
3917 4690 3945 4737 6

2271 4771 2418 4834 Θεὸς,
2451 4770 2588 4821 ὥστε
2641 4770 2933 4838 φιληθῆναι
2981 4767 3110 4834 παρ’
3154 4766 3340 4835 ήμῶν;
3373 4766 3424 4817 τί
3453 4765 3510 4816 δὲ
3541 4767 3638 4818 οὐκ
3659 4768 3945 4834 ἐμηχανή-

2275 4870 2438 4916 σατο;
2499 4853 2549 4903 τί
2581 4852 2637 4903 δὲ
2670 4851 3008 4919 παρέλιπεν;
3061 4846 3392 4917 ’Υδρίσαμεν
3424 4847 3586 4899 αὐτὸν
3622 4848 3792 4916 μηδὲν
3828 4850 3946 4917 ήδι-

2273 4935 2499 5004 κηκότα,
2534 4931 2670 4985 ἀλλά
2699 4932 2791 4982 καὶ
2830 4931 3262 4999 εὐεργετήσαντα
3313 4929 3481 4997 μυρία
3525 4929 3619 4981 καὶ
3647 4930 3944 5000 ἀπόρρητα

2271 5018 2471 5086 ἀγαθὰ,
2523 5016 2941 5083 ’πεστράφημεν
2971 5013 3236 5066 καλοῦντα
3276 5013 3368 5065 καὶ
3402 5013 3739 5082 πανταχόθεν
3780 5017 3944 5083 ἐφελ-

2273 5102 2518 5169 κόμενον,
2574 5100 2664 5150 κα¹ι
2704 5097 2823 5148 οὐδὲ
2869 5095 3041 5157 οὕτως
3085 5097 3233 5165 ἡμᾶς
3267 5094 3546 5154 ἐκόλασεν,
3597 5095 3731 5147 ἀλλά
3764 5114 3940 5165 προσ-

2273 5182 2501 5252 έδραμεν
2529 5180 2708 5240 αὐτὸς,
2749 5179 2843 5230 καὶ
2889 5181 3119 5246 κατέσχε
3145 5177 3461 5244 φεύγοντας,
3491 5177 3581 5229 καὶ
3609 5179 3947 5244 ἀπετιναξάο

2276 5265 2414 5332 μεθα
2454 5265 2549 5316 καὶ
2611 5262 2748 5331 πρὸς
2789 5261 2878 5313 τὸν
2918 5261 3158 5313 διάϐολον
3191 5261 3656 5328 ἀπεπηδήσαμεψ
3693 5262 3785 5313 καὶ
3814 5264 3945 5319 οὐδὲ

2270 5347 2440 5410 οὓτως
2482 5347 2712 5413 ἀπέστη,
2776 5345 2888 5397 ἀλλ’
2929 5344 3140 5413 ἔπεμψε
3197 5344 3422 5413 μυρίους
3483 5345 3944 5414 παρακαλοῦντας

2275 5432 2451 5495 πάλιν,
2497 5431 2799 5499 προφήτας,
2830 5429 3114 5496 ἀγγέλους,
3161 5427 3535 5497 πατριάρχας·
3583 5430 3744 5497 ήμείς
3782 5431 3842 5482 δὲ
3879 5437 3941 5485 οὐ

2274 5516 2428 5582 μόνον
2466 5515 2563 5564 οὐκ
2599 5511 2894 5579 ἐδεξάμεθα
2932 5511 3027 5581 τὴν
3067 5510 3383 5578 πρεσϐείαν,
3413 5509 3544 5562 ἀλλά
3579 5511 3670 5561 καὶ
3705 5511 3944 5580 ὑϐρίσα-

2273 5615 2369 5663 μεν
2401 5597 2522 5655 τοὺς
2547 5595 2818 5654 ἐλθόντας,
2853 5593 2911 5644 Ὀ
2940 5593 2995 5644 δὲ
3023 5591 3141 5643 οὐδέ
3178 5592 3268 5643 ἐπὶ
3309 5592 3517 5654 τούτοις
3548 5594 3692 5661 ἡμᾶς
3716 5593 3945 5649 6251112;-

2272 5697 2379 5738 σεν,
2407 5679 2515 5730 ἀλλ’
2551 5677 2737 5745 ὥσπερ
2772 5677 2819 5726 οἱ
2854 5674 3071 5743 σφοδροὶ
3105 5674 3211 5724 τῶν
3242 5674 3488 5742 ἐραστῶν
3515 5674 3624 5725 τών
3652 5692 3913 5748 καταξρο
3933 5713 3944 5717 -

2269 5763 2561 5830 νουμένων,
2612 5757 2826 5826 περιῄει
2865 5761 3026 5810 πᾶσιν
3074 5759 3438 5826 ἐντυγχάνων,
3472 5757 3549 5826 τῷ
3584 5759 3821 5829 οὐρανῷ,
3880 5769 3942 5832 τῇ

2269 5848 2359 5911 γῇ,
2389 5845 2461 5912 τῷ
2512 5844 2768 5910 Ἱερεμίᾳ,
2809 5841 2884 5909 τίς)
2927 5840 3153 5910 Μιχαία,
3183 5842 3279 5908 οὐχ
3312 5840 3394 5889 ἵνα
3427 5841 3658 5914 βαρήσῃι,
3695 5842 3812 5894 611~
3853 5847 3944 5899 ἵνα

2333 6034 2354 6073 d
2392 6035 2464 6081 ΑΙ.
2493 6034 2730 6079 ἀνωτζυιιι.
2797 6035 2810 6051 ⁸
2843 6033 2935 6080 Alli
2963 6033 3211 6087 ἡτπῦηται
3255 6031 3363 6092 πῦρ.
