4118 6340
199 412 309 467 429

188 539 281 588 cst
310 531 366 584 in
388 526 680 597 apostolica
709 524 796 578 illa
829 518 1128 591 prudentia,
1166 515 1215 570 id
1248 525 1389 567 nunc
1428 507 1618 563 merito
1647 505 1792 558 dica-

190 632 302 676 tur.
372 619 508 674 Cum
568 616 712 671 enim
776 613 1088 684 probatione
1152 607 1310 660 allata
1369 601 1793 656 demonstrasset

187 715 458 784 majorem
485 725 607 766 esse
633 707 876 764 Graecum
904 703 1112 766 Iudaeo,
1149 716 1200 753 in
1231 695 1552 784 collectione
1578 702 1630 746 et
1657 704 1789 744 con-

184 783 441 860 clusione
468 801 735 856 rationum
770 797 869 850 hoc
897 809 1003 848 non
1037 791 1203 861 ponit,
1233 797 1286 841 ut
1319 803 1385 840 ne
1409 783 1650 840 Judaeum
1696 794 1776 833 cx-

181 901 430 960 asperet.
462 889 724 944 “tantem
753 887 826 949 id,
852 885 990 956 quod
1021 882 1153 943 dixi,
1180 879 1376 933 clarius
1405 874 1647 934 reddam,
1672 870 1784 939 ipsa

183 985 356 1039 verba
386 981 616 1036 referam
642 978 955 1048 apostolica.
977 975 1110 1041 Quia
1133 971 1274 1025 enim
1303 967 1432 1021 dixit
1463 983 1477 1020 :
1506 963 1624 1017 Non
1651 961 1784 1014 enim

181 1075 458 1126 auditores
485 1073 627 1142 legis,
661 1069 748 1124 sed
776 1069 991 1138 {actores
1021 1064 1144 1132 legis
1161 1058 1622 1131 justi/icabuutur;
1648 1067 1779 1108 con-

181 1180 425 1234 sequens
451 1175 568 1219 erat
599 1173 658 1215 ttt
694 1162 916 1223 diceret,
949 1155 1072 1210 Cum
1103 1155 1235 1206 enim
1259 1160 1452 1222 gentes,
1483 1162 1596 1217 qua:
1622 1145 1780 1214 legem

181 1272 289 1308 non
330 1255 541 1317 habent,
591 1251 891 1304 naturaliter
930 1262 1044 1314 qua:
1084 1244 1208 1314 legis
1250 1250 1364 1296 sunt
1402 1239 1615 1310 faciunt,
1659 1235 1783 1287 hinc

180 1346 444 1398 meliores
488 1352 613 1396 sunt
643 1342 748 1396 illis
786 1339 876 1409 qui
908 1353 939 1391 a
980 1339 1094 1406 lege
1129 1335 1410 1389 docentur.
1450 1330 1645 1384 Verum
1673 1342 1780 1381 non

183 1438 289 1491 hoc
312 1437 464 1497 dicit,
485 1435 579 1488 scd
606 1435 656 1487 in
682 1433 958 1502 gentilium
988 1429 1145 1483 laude
1170 1426 1433 1490 consistit,
1455 1437 1623 1492 neque
1647 1421 1784 1474 intc-

180 1531 285 1583 rim
318 1543 628 1582 sermonem
658 1542 752 1594 per
775 1523 1232 1592 comparationem
1262 1515 1622 1586 prosequitur,
1650 1521 1705 1565 ut
1727 1519 1782 1566 ct

178 1622 262 1674 sic
290 1620 513 1673 Judaaus
552 1618 693 1688 quod
734 1617 931 1670 dicitur
968 1614 1232 1668 admittat.
1275 1609 1401 1664 Ideo
1443 1625 1548 1663 non
1591 1607 1669 1661 sic
1698 1606 1780 1660 lo-

178 1726 250 1777 qu
279 1721 384 1762 itus
414 1719 519 1776 est,
553 1721 607 1762 ut
637 1708 744 1762 dixi
773 1724 788 1771 ;
821 1707 914 1761 sed
945 1703 1259 1775 quomodo?
1286 1700 1412 1756 Cum
1442 1699 1573 1753 enim
1610 1708 1781 1768 gentes

177 1818 297 1866 ιίιιίε
327 1802 492 1873 legem
533 1818 634 1854 non
676 1800 880 1862 habent,
925 1798 1224 1851 naturaliter
1257 1812 1316 1849 ea
1357 1810 1470 1864 qua:
1508 1793 1630 1863 legis
1665 1801 1780 1844 sunt

181 1896 423 1964 facium;
453 1894 532 1946 ha:
558 1892 715 1962 legem
758 1907 860 1944 non
894 1889 1152 1953 habentes,
1199 1886 1294 1940 sibi
1329 1887 1452 1954 ipsis
1495 1894 1612 1937 sunt
1650 1883 1779 1937 lex:

176 1987 266 2050 qui
297 1986 572 2038 ostendunt
601 1999 729 2051 opus
754 1983 878 2052 legis
907 1981 1156 2049 scriptum
1186 1980 1238 2032 in
1262 1979 1502 2032 cordibus
1531 1979 1658 2042 suis,
1700 1987 1775 2030 te-

176 2077 480 2131 stimonium
507 2076 748 2128 reddente
775 2075 879 2127 illis
906 2073 1232 2127 conscientia.
1269 2069 1476 2125 Sufﬁcit
1507 2070 1650 2124 enim
1681 2086 1777 2138 pro

180 2172 299 2239 lege
349 2167 680 2223 conscientia
717 2175 771 2220 ct
816 2166 1091 2234 cogitatio.
1129 2164 1219 2217 llis
1258 2162 1491 2217 ostendit
1541 2177 1773 2224 rursum,

180 2261 355 2314 lteum
387 2258 582 2312 fecisse
611 2258 880 2312 hominem
912 2257 975 2310 ad
1008 2258 1256 2310 virtutem
1288 2254 1587 2320 eligendam
1619 2263 1674 2307 et
1696 2254 1775 2307 vi-

179 2352 312 2403 tium
347 2348 656 2418 fugiendum
694 2348 795 2401 sibi
832 2347 1210 2401 sufﬁcientem.
1251 2347 1316 2400 Et
1354 2361 1420 2399 ne
1466 2345 1697 2408 mireris,
1731 2345 1774 2398 si

176 2450 270 2492 aut
301 2442 385 2494 bis
415 2448 508 2493 aut
538 2448 618 2493 ter
641 2450 732 2492 aut
760 2439 956 2508 pluries
987 2439 1033 2492 id
1062 2439 1251 2508 probet
1279 2454 1292 2490 ε
1325 2436 1612 2490 admodutn
1633 2437 1774 2489 enim

177 2531 279 2596 ipsi
309 2532 412 2583 hoc
437 2539 596 2599 caput
625 2530 986 2585 necessarium
1018 2541 1132 2584 erat
1164 2541 1383 2598 propter
1403 2544 1497 2582 eos
1521 2528 1612 2596 qui
1639 2527 1776 2582 dice-

176 2621 307 2672 bant
339 2642 350 2670 ;
385 2620 491 2674 (Zur
513 2636 652 2674 nunc
680 2620 929 2674 Christus
956 2620 1166 2673 advenit
1189 2621 1211 2670 ‘t
1237 2628 1292 2673 et
1329 2620 1543 2673 ubinam
1584 2619 1776 2686 priscis

177 2710 514 2780 temporibus
541 2720 681 2765 tanta
706 2711 793 2764 illa
827 2711 1157 2779 providentia
1189 2711 1342 2764 erat?
1363 2711 1637 2764 Adversus
1677 2709 1776 2764 hos

175 2818 323 2856 mmc
363 2818 484 2855 cum
532 2803 754 2870 carptim
802 2811 1106 2871 pugnasset,
1153 2801 1388 2855 ostendit
1427 2803 1587 2855 etiam
1634 2800 1775 2868 quod

178 2894 375 2959 priscis
405 2894 759 2961 temporibus,
805 2905 857 2946 et
889 2905 1172 2962 antequam
1213 2894 1296 2948 lex
1324 2894 1567 2954 daretur,
1605 2894 1775 2947 homi-

175 3003 305 3040 num
355 2997 545 3041 natura
592 2987 901 3041 omnimoda
943 2987 1275 3056 providentia
1313 2987 1595 3058 gaudebat.
1641 2987 1772 3041 Nam

179 3079 339 3145 Quod
370 3089 544 3132 notum
587 3089 659 3134 est
702 3078 818 3145 Dei,
859 3081 1179 3147 manifestum
1210 3089 1318 3132 ertu
1353 3081 1405 3131 in
1450 3080 1589 3143 illis;
1632 3078 1772 3132 scie-

177 3171 414 3240 hantque
443 3171 566 3240 quid
599 3172 818 3233 bonum,
849 3170 973 3240 quid
1003 3170 1200 3223 malum
1229 3179 1394 3234 esset,
1427 3185 1521 3237 per
1555 3185 1674 3238 quae
1708 3169 1775 3223 dc

174 3264 295 3317 aliis
319 3264 654 3332 judicabant.
687 3263 738 3317 Id
773 3264 878 3317 illis
907 3263 1248 3332 exprobrans
1275 3262 1486 3318 diccbat
1517 3282 1529 3316 :
1569 3262 1631 3315 In
1674 3279 1773 3330 quo

168 3354 379 3424 judicas
402 3354 579 3418 alimn,
613 3356 826 3424 teipsum
848 3357 1155 3409 condemnas
1177 3353 1394 3424 (Matth.
1420 3355 1470 3407 7.
1489 3353 1569 3422 2).
1595 3355 1775 3420 Quan-

177 3457 286 3497 tum
322 3445 389 3497 ad
418 3444 655 3507 Juduzos,
688 3461 809 3498 cum
853 3446 938 3511 iis,
970 3461 1089 3516 quae
1132 3461 1291 3515 supra
1320 3445 1458 3500 dicta
1502 3457 1646 3512 Sunt,
1689 3447 1774 3502 lex

174 3537 389 3601 aderat,
432 3553 531 3591 nec
564 3539 735 3591 solum
785 3539 1122 3592 ratiocinatio
1165 3541 1244 3592 vel
1285 3540 1639 3594 conscientia.
1669 3540 1775 3595 Cur

172 3637 361 3681 autem
393 3628 492 3681 boc
519 3628 691 3693 allert,
726 3630 1087 3684 Accusantibus
1107 3630 1184 3684 vel
1210 3632 1360 3684 etiam
1381 3634 1732 3686 cremantibus
1749 3633 1775 3686 .’

175 3719 232 3772 Si
261 3719 410 3773 enim
457 3719 626 3788 legem
669 3719 868 3775 habent
911 3722 1187 3791 scriptam,
1232 3732 1285 3776 et
1324 3738 1457 3792 opus
1495 3724 1770 3789 exhibent,

174 3808 302 3876 quid
326 3817 414 3863 est
439 3808 582 3878 quod
601 3825 856 3866 accusare
879 3813 1048 3880 possit
1075 3813 1454 3868 ratiocinium?
1483 3815 1550 3868 At
1576 3830 1681 3868 non
1706 3815 1774 3870 de

175 3901 280 3953 illis
315 3909 522 3954 tantum
554 3902 750 3956 dicitur
780 3903 932 3970 illud,
964 3904 1349 3969 Accusautibus,
1383 3906 1475 3961 sed
1509 3907 1668 3960 etiam
1707 3907 1775 3963 de

176 3999 286 4043 tota
320 4000 531 4044 natura.
564 3992 715 4046 Tunc
740 3994 881 4047 enim
908 3994 1099 4049 adsunt
1144 3997 1417 4050 ratiocinia
1444 4015 1457 4061 ;
1489 3997 1590 4050 alia
1617 4013 1774 4053 accu-

174 4092 320 4146 sant,
357 4083 460 4138 alia
504 4083 849 4140 defendunt:
894 4095 1055 4155 atque
1111 4088 1163 4140 in
1221 4089 1312 4143 illo
1354 4091 1602 4144 tribunali
1667 4106 1771 4146 non

176 4175 348 4230 habet
387 4191 523 4244 opus
554 4176 714 4232 homo
755 4178 862 4233 alio
907 4192 1242 4235 accusatore.
1283 4182 1484 4236 Deinde
1525 4184 1771 4239 timorem

176 4282 408 4337 augens,
455 4283 557 4322 non
589 4269 740 4332 dixit,
790 4271 1011 4325 Pcccata
1053 4272 1350 4338 hominum,
1400 4275 1514 4338 sed,
1562 4275 1775 4329 Occulta

178 4362 466 4413 hominum.
507 4361 791 4430 Postquam
825 4364 966 4417 enim
1002 4364 1129 4418 dixit
1167 4384 1178 4417 :
1217 4364 1493 4421 Existimas
1517 4369 1601 4437 qui
1629 4369 1774 4439 judi-

176 4468 263 4504 cus
295 4467 384 4504 eos
412 4451 498 4520 qui
529 4451 653 4504 talia
677 4453 890 4521 faciunt,
922 4462 967 4506 et
989 4455 1114 4521 facis
1140 4471 1222 4528 ea,
1245 4457 1384 4525 quod
1411 4456 1775 4528 e/fugiesjudi-

177 4542 314 4592 cium
370 4537 502 4592 Dei?
535 4553 589 4595 ut
632 4559 700 4595 nc
741 4543 902 4598 talem
947 4546 1179 4614 accipias
1224 4547 1509 4613 calculum,
1560 4552 1770 4618 qualem

181 4635 298 4701 ipse
332 4631 464 4695 fers,
516 4634 608 4687 sed
661 4636 943 4706 intelligas,
994 4642 1312 4694 sententiam
1361 4642 1451 4696 Dei
1485 4653 1569 4696 ttta
1617 4644 1773 4715 longe

178 4724 512 4778 exactiorem
542 4741 683 4792 esse,
715 4727 1010 4797 subjunxit,
1038 4730 1250 4784 Occulta
1272 4733 1572 4801 hominum;
1603 4746 1654 4789 ct
1682 4737 1776 4790 ad-

175 4814 329 4881 jecit,
368 4813 660 4868 Secundum
690 4817 1002 4888 evangelium
1052 4837 1237 4884 meum,
1280 4839 1368 4891 per
1403 4822 1582 4877 Iesum
1621 4825 1774 4880 Citri-

177 4914 336 4956 stum.
393 4904 648 4961 Homines
696 4909 838 4961 enim
888 4926 1066 4964 rermn
1125 4913 1522 4969 manifestarum
1573 4926 1773 4972 tantum

178 4995 391 5061 judices
422 4995 630 5049 sedent.
676 5001 837 5067 Atqui
869 5016 1026 5071 supra
1058 5001 1127 5057 de
1155 5003 1313 5058 Patre
1346 5016 1548 5060 tantum
1588 5009 1772 5077 loque-

184 5087 342 5140 batur
376 5103 389 5138 :
417 5102 537 5141 cum
561 5098 737 5143 autem
768 5091 891 5146 illos
919 5095 1109 5148 timore
1135 5096 1504 5161 emollivisset,
1535 5099 1601 5154 de
1621 5100 1779 5156 Chri-

182 5186 264 5231 sto
298 5193 605 5234 sermonem
656 5182 895 5249 induxit;
932 5200 1104 5254 neque
1141 5189 1283 5243 hunc
1314 5191 1647 5259 simpliciter,
1681 5195 1776 5250 sed

184 5269 348 5322 etiam
379 5270 466 5325 hic
487 5289 608 5326 eum
641 5273 854 5330 Patrem
898 5291 1267 5345 memorasset,
1310 5284 1387 5336 sic
1424 5285 1572 5339 illum
1623 5287 1778 5342 indu-

189 5360 264 5412 xit
294 5379 306 5413 :
337 5372 389 5416 et
433 5364 830 5432 prmdicationis
867 5369 1180 5437 dignitatem
1231 5390 1325 5442 per
1372 5375 1490 5429 illos
1535 5379 1775 5434 attollit:

191 5449 316 5504 llatc
345 5455 510 5513 enim.
554 5455 744 5525 inquit,
782 5459 1090 5526 praedicatio
1134 5462 1248 5517 haec
1277 5471 1618 5535 prteriuntiat,
1658 5486 1778 5540 quae

189 5549 531 5598 antevertens
560 5557 745 5600 natura
779 5549 1039 5604 exhibuit.

261 5635 316 5687 6.
338 5634 369 5686 J
378 5636 600 5690 udicium
631 5642 856 5708 futurum
885 5660 1034 5711 quant
1064 5649 1395 5703 tremenduut.
1428 5648 1658 5717 Olfensio
1681 5654 1778 5708 Dei

194 5724 394 5792 gravior
417 5746 566 5798 quam
592 5731 735 5783 ultio.
761 5763 832 5773 υ·-
860 5735 1106 5792 Vidisliu’
1131 5755 1287 5808 quam
1314 5743 1611 5810 prudenter
1635 5747 1778 5818 ipsos

197 5825 249 5868 et
288 5820 563 5888 evangelio
591 5832 643 5876 et
680 5821 893 5880 Christo
935 5828 1226 5885 admovens
1267 5831 1584 5903 alligaverit,
1616 5849 1665 5893 et
1693 5857 1779 5896 os-

1311 399 1375 456 I‘N
1419 394 1631 452 EPIST.
1677 391 1765 446 AD
1805 387 1968 444 ROM.
2013 390 2244 446 HOMIL.
2290 391 2352 445 ιτ.

3387 390 3492 444 430

1901 500 2129 555 tenderit
2172 512 2350 556 nostra
2383 515 2487 556 non
2535 518 2654 556 esse
2703 501 3049 570 pra'scntiam
3099 501 3357 556 limitibus
3385 504 3488 557 cir-

1891 593 2266 662 cumscripta,
2301 594 2393 648 scd
2450 595 2583 648 ultra
2637 593 2971 664 procedere?
3017 593 3070 648 Id
3129 595 3271 664 quod
3327 595 3487 650 etiam

1891 698 2051 751 supra
2085 684 2369 753 probavit,
2420 684 2607 740 dicens
2628 725 2641 749 ,
2673 685 3012 741 Thesaurizas
3043 687 3132 740 tibi
3162 687 3292 740 iram
3322 688 3374 741 in
3403 688 3488 741 die

1891 775 1999 839 ine,
2029 787 2084 832 et
2111 776 2193 829 hic
2229 793 2460 841 rursum,
2493 777 2757 832 Judicabit
2804 777 2940 833 Deus
2971 778 3170 832 occulta
3200 779 3481 833 hominum.

1894 865 2263 938 Unusquisque
2309 871 2470 939 igitur
2500 871 2550 924 in
2598 885 2749 924 suam
2799 871 3185 925 conscientiam
3217 872 3442 925 veniens
3465 910 3482 936 ,

1892 967 1945 1010 et
1974 968 2193 1026 peccata
2245 963 2548 1030 recogitans
2575 1005 2589 1027 ,
2618 964 2882 1016 rationem
2928 973 3179 1017 accurate
3205 963 3274 1016 ab
3305 977 3364 1017 sc
3393 978 3484 1016 re-

1891 1060 2069 1120 petat,
2105 1067 2170 1106 ue
2217 1062 2340 1107 tunc
2370 1071 2490 1109 cum
2537 1055 2736 1109 mundo
2765 1056 3106 1111 damnemur.
3143 1056 3484 1110 llorrendum

1889 1144 2085 1212 quippe
2115 1154 2196 1197 est
2219 1144 2478 1214 judicium
2511 1148 2660 1212 illud,
2694 1148 3032 1202 tremendum
3067 1147 3342 1213 tribunal,
3378 1157 3497 1200 ter--

1889 1233 2025 1288 roris
2056 1234 2228 1304 plenae
2259 1237 2494 1291 rationes
2527 1238 2816 1292 reddenda}
2836 1281 2850 1305 ,
2885 1239 3078 1294 ﬂuvius
3109 1240 3248 1308 ignis
3277 1248 3481 1292 manat.

1891 1324 2077 1380 Frater
2104 1343 2201 1380 non
2231 1329 2466 1391 redimit,
2500 1329 2710 1383 redimet
2741 1329 2890 1383 homo
2919 1330 3090 1400 (Psal.
3122 1329 3211 1385 48.
3245 1330 3346 1399 8)?
3374 1329 3482 1383 Rc-

1886 1417 2111 1471 cordare
2138 1433 2324 1473 eorum
2371 1435 2492 1489 qure
2521 1420 2572 1472 in
2606 1421 2886 1491 evangelio
2938 1422 3189 1475 dicuntur
3210 1465 3224 1486 ,
3260 1424 3487 1491 angelo-

1886 1525 2002 1562 rum
2051 1510 2615 1576 circmncursantium,
2664 1512 2834 1566 clausi
2885 1513 3141 1579 thalami,
3172 1513 3479 1582 lampadum

1885 1617 1991 1655 non
2023 1603 2408 1657 cxstinctarmn
2436 1645 2449 1668 ,
2502 1612 2828 1671 potestatum
2861 1601 2915 1655 in
2953 1603 3202 1658 fornaccs
3249 1604 3477 1658 trahen-

1886 1697 2035 1749 tittm.
2073 1699 2138 1752 Et
2168 1699 2297 1753 illud
2341 1708 2512 1753 tecum
2561 1707 2743 1767 reputa
2774 1740 2787 1763 ,
2818 1698 2865 1752 si
2891 1707 3134 1754 nostrum
3167 1698 3467 1767 cujuspiant

1884 1789 2158 1843 occultum
2191 1789 2394 1843 lacinus
2423 1789 2637 1857 aliquod
2687 1790 2738 1843 in
2770 1788 3004 1842 medium
3057 1788 3218 1842 hodie
3248 1787 3473 1841 alferre-

1886 1888 1969 1933 tur
2018 1882 2068 1934 in
2115 1883 2338 1935 ecclesia
2392 1891 2594 1934 tanttun
2623 1924 2638 1947 ,
2689 1897 2868 1935 annon
2915 1881 3099 1935 mallet
3153 1881 3378 1936 interire
3421 1890 3477 1934 ct

1885 1983 2080 2027 terram
2132 1975 2233 2028 sibi
2283 1974 2568 2029 dehiscere
2624 1974 2834 2043 potius,
2887 1989 3047 2043 quam
3092 1984 3166 2026 tot
3223 1973 3478 2042 nequitia:

1884 2077 2051 2120 testes
2079 2067 2277 2121 habere
2292 2070 2315 2118 Υ
2341 2067 2476 2134 Quid
2505 2082 2636 2137 ergo
2668 2075 2794 2120 tunc
2825 2067 3110 2135 patiemur,
3135 2080 3259 2120 cum
3292 2080 3476 2119 coram

1881 2160 2011 2213 orbe
2037 2166 2149 2212 toto
2192 2160 2370 2212 omnia
2402 2159 2696 2213 aﬂ'erentur
2740 2158 2791 2212 itt
2834 2169 2985 2212 lauto
3008 2200 3023 2222 ,
3055 2165 3162 2211 tam
3194 2157 3479 2227 splendido

1883 2250 2092 2305 theatro
2113 2293 2126 2313 ,
2157 2263 2210 2305 et
2254 2253 2394 2305 notis
2424 2261 2478 2306 ct
2520 2252 2716 2320 ignotis
2741 2253 2921 2305 omnia
2971 2252 3476 2323 conspicientibus?

1880 2343 1946 2395 At
1978 2358 2055 2395 va:
2088 2343 2216 2395 mihi
2245 2385 2257 2404 ,
2312 2343 2578 2397 undenam
2627 2344 2879 2399 territare
2909 2360 3004 2398 vos
3029 2345 3232 2414 cogor?
3265 2345 3346 2398 Ab
3373 2345 3473 2398 ho-

1881 2433 2079 2486 mimnn
2130 2433 2566 2498 existimatione,
2616 2451 2737 2489 cum
2783 2452 2813 2489 a
2860 2435 3054 2490 timore
3101 2436 3194 2490 Dei
3245 2446 3467 2504 oporte-

1880 2534 1992 2588 ret,
2025 2535 2078 2579 et
2102 2526 2168 2579 ab
2197 2525 2315 2594 ejus
2356 2525 2845 2582 condemnationc?
2867 2527 3096 2594 Quinam
3121 2569 3136 2592 ,
3169 2541 3357 2596 quicso
3387 2535 3438 2579 te
3457 2567 3472 2584 .

1879 2616 2080 2669 erimus
2105 2657 2118 2682 ,
2152 2631 2276 2670 cum
2327 2618 2520 2680 vincti,
2553 2617 2802 2672 dentibus
2850 2617 3142 2672 stridentes
3168 2659 3182 2683 ,
3217 2617 3271 2670 in
3320 2627 3472 2672 exte-

1879 2711 2050 2763 riores
2080 2711 2330 2765 tenebras
2355 2709 2652 2766 docemur?
2696 2711 2805 2766 imo
2837 2710 2962 2782 qttid
2994 2709 3252 2765 faciemus
3279 2751 3292 2774 ,
3327 2708 3470 2779 quod

1879 2803 2116 2855 omnium
2149 2803 2603 2857 terribilissitnum
2633 2814 2715 2858 est
2739 2845 2754 2868 ,
2787 2819 2912 2858 cum
2948 2805 3055 2856 Deo
3082 2800 3472 2856 occurremus?

1879 2895 1933 2948 Si
1961 2896 2079 2964 quis
2109 2894 2251 2949 enim
2285 2911 2501 2949 sensum
2543 2904 2599 2949 et
2644 2906 2880 2949 mentem
2929 2895 3156 2959 habeat,
3184 2903 3332 2947 certe
3360 2894 3471 2962 jam

1876 2987 2174 3059 gehennam
2198 2988 2531 3050 sustinuerit,
2564 3002 2685 3041 cum
2709 3002 2738 3040 a
2769 2987 2904 3040 facie
2932 2986 3024 3040 Dei
3055 2988 3310 3056 expulsus
3331 2988 3467 3040 erit:

1877 3083 1997 3152 quia
2027 3098 2154 3136 vero
2183 3081 2232 3133 id
2264 3082 2339 3134 illi
2387 3096 2548 3151 grave
2581 3095 2686 3134 non
2715 3089 2796 3134 cst
2821 3121 2835 3147 ,
2872 3079 2994 3134 ideo
3024 3079 3201 3149 ignem
3233 3078 3466 3134 commi-

1877 3183 2034 3228 natus
2079 3184 2182 3228 est.
2235 3173 2444 3228 Etenim
2495 3180 2804 3241 oporteret,
2854 3187 2959 3225 non
3009 3186 3130 3226 cum
3183 3170 3470 3240 punimur,

1877 3263 1973 3318 sed
2002 3279 2123 3316 cum
2170 3277 2452 3330 peccamus
2472 3305 2487 3329 ,
2517 3263 2722 3317 delere.
2772 3261 2912 3316 Audi
2958 3277 3088 3332 ergo
3117 3261 3339 3316 Paulum
3368 3261 3469 3314 do-

1878 3355 2083 3410 lentem
2106 3364 2160 3408 ct
2202 3356 2421 3409 lleutem
2467 3355 2535 3409 de
2577 3355 2845 3424 peccatis,
2891 3369 2988 3422 pro
3033 3352 3227 3422 quibus
3283 3368 3470 3422 poenas

1875 3446 2098 3501 daturus
2127 3461 2235 3500 non
2267 3455 2399 3501 erat.
2437 3445 2559 3498 Non
2606 3445 2740 3500 enim
2780 3461 2893 3498 sum
2922 3445 3127 3513 dignus,
3163 3444 3354 3512 inquit,
3384 3458 3471 3496 vo-

1873 3538 1980 3591 cari
1999 3539 2284 3606 apostolus,
2309 3539 2427 3605 quia
2443 3547 2769 3607 persequutus
2787 3554 2898 3590 sum
2917 3535 3202 3590 Ecclesium
3229 3537 3275 3606 (l
3294 3576 3305 3587 .
3337 3535 3461 3590 Cor.

1879 3630 1966 3687 15.
1997 3631 2029 3684 9
2051 3631 2089 3699 ).
2111 3629 2245 3684 Audi
2279 3631 2438 3684 etiam
2467 3639 2523 3684 et
2555 3629 2832 3696 Davidem,
2881 3646 2911 3684 a
2943 3629 3205 3698 supplicio
3245 3629 3463 3698 quidem

1876 3732 2180 3791 exemptum
2208 3764 2223 3787 ,
2257 3721 2350 3775 sed
2398 3723 2524 3791 quia
2551 3736 2612 3777 se
2654 3722 2876 3792 putabat
2917 3723 3085 3778 Demn
3134 3721 3423 3780 offendisse
3449 3766 3464 3789 ,

1877 3813 2134 3868 ultionem
2168 3815 2219 3867 in
2269 3829 2326 3868 se
2372 3824 2686 3868 evocantcin
2730 3826 2784 3869 et
2829 3816 3141 3870 dicentem:
3176 3816 3256 3870 Sit
3289 3833 3470 3870 mortus

1876 3915 1961 3958 tua
1989 3923 2142 3976 super
2168 3921 2246 3958 me
2285 3918 2328 3957 et
2357 3905 2563 3960 domum
2610 3908 2768 3977 patris
2798 3907 2892 3959 mei
2919 3907 3012 3977 (ἓ.
3057 3906 3184 3978 Reg.
3217 3909 3309 3962 24.
3340 3910 3406 3962 17
3427 3911 3464 3976 ).

1875 3997 2101 4052 Gravius
2132 3999 2328 4067 quippe
2359 4007 2442 4052 est
2485 3999 2760 4054 oli‘cndere
2814 4001 2978 4054 Deum
3002 4040 3016 4066 ,
3049 4015 3209 4070 quam
3267 4001 3467 4070 puniri.

1876 4088 2024 4143 Nunc
2051 4099 2230 4146 autem
2280 4099 2386 4144 tam
2433 4092 2629 4146 misere
2676 4090 2851 4146 allecti
2881 4107 3098 4160 smnus,
3130 4101 3188 4146 ιιι
3235 4093 3333 4147 nisi
3373 4108 3468 4163 ge-

1879 4179 2070 4235 hennae
2103 4182 2262 4235 timor
2291 4181 2468 4245 adsit,
2501 4183 2628 4251 qttid
2662 4183 2786 4238 boui
2820 4182 2998 4237 facere
3041 4185 3129 4237 vix
3179 4185 3463 4255 eligamus.

1875 4272 2216 4341 Quapropter
2239 4315 2254 4338 ,
2287 4274 2388 4328 etsi
2429 4290 2534 4329 non
2567 4275 2670 4328 alia
2711 4275 2778 4329 de
2823 4290 2983 4330 eausa
3005 4317 3018 4338 ,
3052 4276 3175 4331 ideo
3217 4279 3466 4347 gebcnna

1876 4363 2022 4433 digni
2075 4363 2374 4429 fuerimus,
2406 4366 2547 4435 quod
2599 4366 2740 4420 illam
2788 4367 2956 4436 magis
2987 4384 3145 4436 quam
3192 4369 3464 4425 Christum

1877 4456 2179 4510 timeamus.
2217 4457 2413 4511 Verum
2461 4473 2566 4510 non
2600 4459 2669 4511 ita
2703 4458 2889 4513 beatus
2919 4460 3117 4514 Paulus
3145 4504 3158 4526 ,
3189 4461 3285 4514 sed
3330 4477 3462 4516 con-

1879 4549 2042 4602 trario
2069 4549 2251 4603 modo.
2280 4550 2415 4614 Quia
2441 4565 2570 4603 vero
2598 4566 2696 4604 nos
2721 4551 2876 4605 aliter
2899 4551 3073 4605 allecti
3104 4567 3313 4618 sumus,
3346 4554 3467 4609 ideo

1877 4639 1940 4694 ad
1972 4640 2271 4710 gehennam
2319 4643 2655 4695 damnamur.
2688 4645 2755 4695 At
2794 4644 2837 4697 si
2869 4643 3142 4699 Christum
3174 4654 3230 4697 nt
3259 4661 3353 4714 par
3384 4657 3471 4701 est

1877 4745 2215 4796 atnaremus,
2261 4733 2522 4787 sciremus
2567 4733 2749 4799 utique
2796 4734 3041 4802 gcltcnna
3085 4737 3302 4804 gravius
3350 4751 3472 4792 esse

1878 4831 2113 4876 amatum
2140 4823 2449 4878 ollendere:
2477 4825 2600 4893 quia
2631 4840 2758 4878 vero
2785 4840 2891 4878 non
2921 4840 3185 4892 amamus,
3219 4829 3470 4898 supplicii

1882 4916 2012 4969 tanti
2045 4917 2467 4986 magnitudinem
2503 4933 2607 4972 non
2643 4919 2912 4972 novimus.
2948 4919 3014 4972 Et
3041 4919 3141 4974 hac
3170 4920 3237 4974 dc
3269 4937 3330 4976 re
3363 4938 3468 4974 ma-

1882 5009 2023 5062 xime
2053 5008 2214 5064 doleo
2243 5018 2298 5063 et
2331 5011 2506 5078 lugeo.
2557 5013 2717 5080 Atqui
2749 5012 2874 5080 quid
2906 5028 3011 5066 non
3058 5012 3184 5068 fecit
3212 5016 3387 5081 Deus,
3419 5028 3476 5070 ut

1881 5098 2195 5168 diligeretur
2215 5116 2243 5152 a
2270 5101 2461 5155 nobis?
2489 5103 2613 5170 quid
2645 5118 2748 5156 non
2779 5103 2998 5158 molitus
3023 5106 3143 5160 est?
3171 5107 3297 5176 quid
3333 5124 3471 5177 pra:-

1884 5193 2154 5248 termisit?
2185 5193 2360 5264 Ipsum
2403 5196 2534 5248 nihil
2568 5211 2667 5250 nos
2699 5197 2983 5252 laedentem
3028 5201 3360 5256 contumelia
3391 5201 3473 5254 al-

1883 5285 2141 5354 lccimus,
2188 5289 2294 5342 imo
2341 5290 2484 5343 mille
2517 5289 2791 5346 beneﬁciis
2831 5292 2899 5346 ab
2946 5292 3039 5346 illo
3067 5295 3303 5362 acceptis
3325 5335 3341 5357 ,
3375 5308 3480 5349 vo-

1882 5393 2092 5438 cantem
2123 5393 2176 5437 et
2213 5385 2446 5453 undique
2495 5384 2853 5439 attmbeutcm
2886 5387 3119 5440 aversati
3167 5402 3394 5454 sumus;
3425 5399 3480 5443 et

1884 5493 2057 5547 neque
2088 5478 2165 5531 sic
2195 5476 2285 5531 ille
2315 5494 2412 5532 nos
2443 5478 2591 5531 ultus
2621 5489 2733 5542 est,
2766 5495 2948 5532 verum
2978 5482 3217 5534 accurrit
3246 5482 3383 5549 ipse,
3415 5497 3480 5536 ac

1886 5569 2150 5641 fugientes
2180 5570 2446 5634 detinuit;
2480 5579 2535 5624 at
2563 5587 2662 5625 nos
2695 5573 3030 5625 excussimus
3060 5615 3075 5638 ,
3109 5583 3164 5626 ct
3192 5573 3258 5627 ad
3290 5573 3480 5628 diabo-

1885 5665 1991 5718 lum
2041 5663 2470 5734 transiugimus:
2519 5680 2693 5732 neque
2734 5666 2810 5718 sic
2862 5674 3038 5719 tamen
3090 5666 3178 5720 ille
3230 5665 3472 5732 destitit,

1885 5749 1978 5803 sed
2009 5754 2292 5804 sexcentos
2324 5750 2486 5815 misit,
2519 5750 2606 5818 qui
2638 5765 2736 5804 nos
2765 5749 3112 5820 advocarent,
3146 5751 3470 5821 prophetas,

1888 5841 2139 5912 angelos,
2179 5841 2541 5911 patriarchas;
2589 5857 2685 5895 nos
2712 5848 2891 5898 autem
2925 5861 3028 5899 non
3057 5848 3218 5901 modo
3249 5847 3471 5918 legati.»
