4118 6340
680 428 767 483 631
1391 415 1447 470 S.
1486 408 1759 467 JOANNIS
1781 398 2247 459 CHRYSOSTOMI
2288 394 2599 451 ARClllEP.
2642 390 3167 451 CONSTANTINOP.

681 558 806 598 nem
838 542 977 595 illam
1006 551 1107 590 non
1136 530 1468 592 admisimus,
1494 526 1585 581 sed
1617 524 1893 577 venientes
1923 515 2242 572 contumelia

679 632 974 685 alii-cimus.
1049 624 1231 693 Neque
1295 632 1468 673 tamen
1535 616 1622 669 ille
1676 627 1773 667 nos
1844 609 2081 678 respuit;
2151 603 2241 658 sed

682 727 848 777 instar
895 715 1480 773 rehcmcntissimorum
1536 715 1863 765 amatorum,
1925 702 2013 771 qui
2067 697 2243 766 despi-

680 814 911 875 ciuntur,
940 809 1205 863 circuiens
1232 804 1367 873 apud
1396 812 1580 854 omnes
1623 793 2067 865 conquerebatur,
2102 785 2242 856 apud

679 904 885 966 cmlum,
920 913 1136 965 terram,
1168 895 1450 952 Jeremiam
1476 931 1488 951 ,
1524 889 1792 943 Michaeam
1821 903 1834 949 ;
1868 900 1972 938 non
2006 890 2060 934 ut
2091 878 2241 932 oneri

685 1004 862 1057 esset,
896 991 987 1047 sed
1022 1001 1078 1046 ut
1106 1004 1223 1043 sese
1254 991 1504 1054 purgaret
1534 999 1544 1031 :
1577 995 1639 1033 ac
1684 993 1803 1033 cum
1835 972 2103 1044 prophetis
2131 970 2245 1039 ipse

690 1085 808 1138 illos
826 1083 1024 1144 adibat,
1047 1081 1134 1149 qui
1162 1078 1259 1133 sibi
1286 1072 1721 1132 adversabantur,
1744 1069 1976 1120 rationes
2006 1060 2097 1116 red
2122 1062 2149 1109 h
2174 1072 2234 1112 re

682 1185 922 1243 paratus,
956 1183 1008 1226 et
1049 1184 1236 1239 rogans
1265 1175 1320 1219 ut
1364 1178 1544 1218 secum
1592 1160 1820 1213 rationes
1864 1154 2161 1215 inirentur,
2190 1156 2244 1201 et

681 1268 869 1320 surdos
908 1264 974 1317 ad
1021 1262 1341 1328 colloquium
1388 1256 1647 1309 alliciens.
1678 1248 1877 1319 Popule
1904 1248 2005 1310 mi,
2035 1243 2241 1311 inquit,

678 1359 795 1427 quid
824 1355 919 1426 feci
947 1354 1076 1407 tibi?
1102 1361 1188 1405 aut
1215 1352 1264 1403 in
1296 1365 1391 1418 quo
1421 1343 1706 1399 contristavi
1736 1341 1816 1394 te?
1840 1336 2083 1407 responde
2111 1332 2235 1385 mihi

678 1448 863 1515 (Mida.
891 1448 941 1501 6.
968 1447 1046 1512 5).
1082 1444 1208 1499 Post
1251 1442 1361 1494 lucc
1389 1440 1565 1492 omnia
1595 1434 1877 1505 praphetas
1903 1428 2196 1484 occidimus
2216 1465 2231 1489 ,

678 1538 1064 1607 lapidavimus,
1115 1536 1389 1588 innumera
1444 1530 1547 1583 alia
1608 1522 2029 1596 perpetravimus
2085 1518 2241 1571 mala.

677 1629 810 1696 Quid
840 1642 967 1696 ergo
997 1628 1181 1679 horum
1213 1637 1368 1680 causa
1402 1618 1565 1673 fecit?
1592 1617 1706 1671 Non
1739 1616 1877 1669 ultra
1909 1611 2197 1682 prophetas
2226 1649 2240 1673 ,

680 1736 782 1773 nou
812 1719 1048 1787 angelos,
1081 1731 1183 1770 non
1218 1711 1564 1784 patriarchas,
1597 1710 1688 1764 sed
1720 1709 1891 1777 ipsum
1926 1706 2115 1759 Filium
2143 1703 2244 1755 mi-

677 1813 762 1865 sit.
796 1812 1025 1865 Veniens
1076 1808 1239 1862 Filius
1286 1805 1494 1859 occisus
1537 1813 1659 1857 est:
1708 1816 1880 1869 neque
1932 1806 2109 1852 tamen
2159 1795 2247 1849 ille

679 1918 911 1957 amorem
943 1901 1229 1964 exstinxit,
1259 1897 1350 1953 sed
1380 1895 1548 1965 magis
1576 1893 1847 1957 accendit,
1878 1900 1930 1944 et
1960 1899 2077 1959 post
2105 1886 2247 1942 occi-

680 2010 797 2048 sum
828 1994 1016 2047 Filium
1046 1991 1309 2045 hortando
1338 1995 1666 2057 perseverat,
1703 1992 1971 2052 precatur,
2009 1978 2246 2046 nihilque

685 2102 789 2138 non
835 2086 975 2153 agit,
1010 2093 1062 2135 ut
1107 2082 1171 2134 ad
1216 2080 1360 2132 illum
1415 2084 1811 2131 convertamur.
1866 2070 2072 2124 Clamat
2117 2079 2245 2121 vero

683 2176 895 2238 l‘aulus,
922 2174 1104 2227 dicens
1131 2190 1141 2225 :
1173 2170 1277 2223 Pro
1304 2169 1499 2223 Christo
1526 2166 1771 2237 legatione
1802 2164 2081 2233 fungimur,
2111 2169 2241 2211 tam-

684 2284 833 2333 quam
867 2265 967 2318 Deo
998 2281 1083 2333 per
1112 2278 1202 2315 nos
1230 2261 1520 2314 exhortante
1543 2276 1560 2309 :
1592 2252 1985 2309 reconciliamini
2015 2250 2122 2303 Deo
2154 2248 2242 2319 (‘2.

679 2354 789 2411 Cor.
826 2357 879 2410 5.
906 2356 1029 2423 ‘20).

752 2451 803 2501 7.
840 2451 903 2500 At
934 2445 1062 2498 nihil
1109 2445 1297 2497 horum
1332 2456 1426 2494 nos
1458 2438 1836 2493 reconciliavit.
1873 2434 1970 2488 Ille
1999 2447 2124 2487 vero
2152 2446 2246 2486 ne-

679 2555 781 2607 que
801 2537 876 2590 sic
906 2549 999 2587 nos
1028 2533 1341 2601 dereliquit,
1370 2531 1461 2583 sed
1510 2529 1678 2597 pergit
1719 2540 1931 2593 semper
1961 2532 2015 2579 et
2040 2524 2243 2593 gehen-

682 2645 799 2682 nam
827 2624 1173 2687 comminari,
1207 2634 1257 2676 et
1285 2637 1503 2688 regnum
1535 2619 1805 2687 polliceri,
1839 2625 1896 2669 ut
1922 2630 2020 2668 nos
2046 2615 2133 2666 vel
2165 2614 2245 2667 sic

680 2717 909 2773 attrahat
936 2736 947 2768 :
982 2730 1078 2768 nos
1107 2724 1280 2767 autem
1312 2712 1463 2781 quasi
1509 2709 1704 2777 stupidi
1742 2709 1916 2762 adhuc
1944 2720 2244 2761 manemus.

682 2807 823 2876 Quid
856 2807 954 2861 hac
999 2805 1204 2859 feritate
1247 2801 1524 2857 deterius?
1566 2800 1618 2855 Si
1651 2800 1793 2853 enim
1827 2799 1985 2852 homo
2014 2799 2134 2851 talia
2165 2796 2246 2851 fe-

680 2900 859 2963 cisset,
888 2911 1062 2951 annon
1088 2897 1136 2949 in
1166 2894 1470 2949 servitutem
1496 2892 1609 2961 ejus
1632 2904 1774 2957 saepe
1804 2889 1943 2943 versi
1967 2886 2247 2943 essemus?

679 2994 843 3048 Deum
882 3002 1056 3044 autem
1091 2988 1142 3042 id
1193 2987 1473 3041 facientem
1504 2981 1848 3037 aversamur?
1874 2980 1917 3034 Ο
1947 2979 2244 3050 ignaviam!

683 3101 716 3140 o
741 3085 1005 3154 ingratum
1048 3080 1317 3134 animum!
1346 3080 1435 3147 qui
1465 3091 1677 3145 semper
1705 3077 1755 3128 in
1785 3074 2017 3143 peccatis
2044 3082 2099 3127 et
2128 3086 2248 3127 sce-

680 3176 880 3231 leribus
930 3175 1155 3227 vivimus
1182 3188 1194 3237 ;
1229 3171 1273 3224 si
1305 3186 1435 3225 vero
1482 3168 1801 3238 quandoque
1831 3164 2094 3219 tantillum
2124 3163 2250 3220 boni

681 3268 971 3329 faciamus,
1028 3266 1195 3318 instar
1250 3263 1581 3333 ingratorum
1637 3274 1952 3325 servorum,
2001 3267 2249 3313 accurate

681 3359 804 3414 illud
834 3359 1203 3412 cxaminamus
1230 3365 1283 3409 et
1314 3364 1682 3424 computamus
1710 3368 1804 3422 pro
1832 3351 2078 3406 mercede
2104 3351 2247 3405 acci-

681 3450 907 3519 pieuda,
959 3449 1000 3503 si
1052 3456 1227 3501 tamen
1276 3447 1326 3500 id
1388 3444 1688 3500 mercedem
1740 3452 2031 3498 mereatur.
2086 3440 2249 3509 Atqui

682 3540 849 3608 major
874 3549 955 3592 est
976 3553 1200 3605 merces,
1224 3552 1343 3591 cum
1366 3549 1471 3590 non
1502 3533 1764 3589 mercedis
1790 3548 1947 3587 causa
1971 3533 2072 3586 hoc
2098 3531 2247 3585 facis.

681 3629 807 3684 Nam
839 3630 925 3682 illa
977 3628 1159 3683 dicere
1187 3636 1240 3681 et
1287 3634 1535 3680 accurate
1562 3630 1900 3693 computare,
1935 3620 2249 3683 mercenarii

681 3722 853 3790 potius
898 3730 1015 3785 est,
1048 3735 1204 3789 quam
1233 3719 1369 3787 grati
1414 3716 1618 3771 famuli.
1649 3714 1871 3785 Oportet
1898 3714 2039 3769 enim
2068 3712 2249 3767 omnia

682 3821 898 3880 propter
927 3810 1196 3864 Christum
1244 3810 1419 3862 facere
1439 3850 1454 3873 ,
1486 3824 1593 3862 non
1639 3816 1856 3879 prepter
1900 3805 2200 3861 mercedem
2232 3822 2245 3858 :

684 3902 803 3957 ideo
846 3903 985 3955 enim
1032 3902 1331 3972 gehennam
1382 3904 1733 3954 comminatus
1773 3909 1890 3963 est,
1925 3908 1979 3954 et
2025 3914 2245 3969 regnum

683 3993 951 4061 promisit,
984 4001 1037 4044 ut
1064 4007 1094 4044 a
1124 3991 1277 4045 nobis
1297 3999 1586 4044 amaretur.
1612 3991 1865 4044 Amemus
1891 3990 2067 4058 itaque
2096 3990 2244 4044 illum

686 4091 742 4136 ut
768 4098 946 4136 amare
992 4091 1204 4151 oportet
1231 4099 1245 4135 :
1302 4082 1404 4136 hoc
1434 4096 1621 4151 magna
1653 4095 1859 4136 merces
1885 4090 2002 4144 est,
2033 4080 2134 4135 hoc
2160 4096 2248 4135 τε-

684 4190 843 4243 gnum
869 4184 921 4228 et
944 4175 1204 4243 voluptas,
1232 4173 1333 4228 hoc
1355 4174 1560 4229 delicia:
1581 4182 1635 4229 et
1658 4173 1826 4243 gloria
1848 4181 1901 4228 et
1927 4173 2121 4239 honor,
2148 4173 2251 4227 hoc

689 4264 774 4317 lux
800 4306 812 4328 ,
846 4264 944 4318 hoc
988 4265 1243 4318 immensa
1290 4264 1560 4319 beatitudo
1586 4306 1599 4328 ,
1643 4278 1799 4334 quam
1831 4278 1927 4318 nec
1954 4265 2127 4318 oratio
2152 4264 2250 4318 de-

686 4355 893 4408 clarare
912 4396 926 4419 ,
956 4369 1053 4408 nec
1098 4368 1249 4409 mens
1275 4368 1466 4423 capere
1495 4356 1679 4423 possit.
1709 4354 1905 4409 Verum
1937 4354 2118 4410 nescio
2140 4368 2249 4424 quo

688 4456 840 4516 pacto
882 4445 933 4498 in
990 4443 1290 4513 hujusmodi
1342 4458 1645 4499 sermonem
1692 4445 1950 4499 deductus
1994 4445 2131 4509 sim,
2162 4444 2252 4511 qui

682 4539 893 4608 jubeant
943 4534 1223 4601 homines,
1276 4549 1376 4589 nec
1430 4536 1821 4604 principatum,
1876 4548 1975 4589 nec
2030 4534 2251 4603 gloriam

690 4636 1001 4700 pra-sentem
1045 4628 1444 4697 despicientes,
1492 4644 1716 4697 regnum
1769 4642 2007 4697 praesens
2036 4634 2256 4696 propter

688 4721 956 4774 Christum
982 4719 1295 4789 despicere;
1325 4718 1535 4774 etiamsi
1583 4718 1655 4772 illi
1704 4718 1877 4787 magni
1907 4726 1961 4773 et
2004 4716 2255 4787 generosi

692 4811 792 4863 viri
820 4808 885 4863 ad
912 4809 1045 4866 hanc
1072 4813 1270 4865 amoris
1298 4824 1599 4864 mensuram
1632 4811 1963 4879 pertigerint.
1996 4807 2131 4862 Audi
2160 4807 2256 4878 igi-

690 4912 775 4957 tur
824 4903 1089 4972 quomodo
1139 4903 1329 4957 Petrus
1376 4915 1474 4969 pro
1522 4900 1611 4954 illo
1656 4899 1866 4966 ardeat,
1918 4901 2170 4969 illumque
2201 4908 2255 4953 et

688 4998 877 5049 animre
904 5004 958 5049 et
986 4997 1107 5047 vita:
1152 5009 1261 5047 su:e
1302 5005 1357 5046 et
1410 4992 1656 5047 omnibus
1706 4992 1971 5061 prmferat.
2020 4992 2087 5045 Et
2132 5006 2253 5045 cum

690 5088 833 5141 illum
878 5088 1227 5155 abnegasset,
1264 5100 1369 5139 non
1405 5098 1620 5153 propter
1647 5084 1963 5152 supplicium
2001 5082 2252 5151 lugebat,

689 5176 779 5230 sed
820 5178 940 5246 quia
987 5176 1239 5230 dilectum
1269 5183 1551 5243 negaverat
1585 5192 1598 5229 :
1646 5174 1785 5244 quod
1814 5174 1957 5227 onmi
1988 5172 2250 5244 supplicio

3827 402 3931 458 439

2354 510 2596 565 acerbius
2626 510 2720 577 ipsi
2756 519 2887 562 erat.
2927 511 3154 580 llzecque
3181 512 3356 565 omnia
3388 522 3508 567 ante
3537 512 3770 582 Spiritus
3799 533 3925 585 gra-

2357 602 2482 655 tiam
2524 599 2764 655 exhibuit
2792 618 2803 652 :
2860 616 3109 669 sapeque
3141 602 3406 668 instabat,
3439 603 3652 665 dicens,
3692 605 3805 670 Quo
3837 624 3928 659 ea.

2351 692 2428 745 dis
2446 693 2472 745 Ρ
2498 700 2551 745 et
2578 701 2734 744 antea
2756 732 2771 755 ,
2806 692 2885 743 Ad
2910 710 3052 760 quem
3101 694 3324 747 ibimus?
3353 710 3414 749 ac
3459 711 3643 750 rursus
3663 738 3677 761 ,
3728 697 3929 767 Sequar

2352 792 2397 835 te
2418 798 2725 850 quocumque
2762 783 2879 835 ieris
2906 782 3097 853 (Joan.
3128 786 3215 839 15.
3244 785 3332 838 56.
3364 796 3408 837 et
3442 788 3491 840 6.
3520 786 3618 850 69;
3651 787 3843 842 llalth.
3874 792 3926 844 8.

2353 872 2473 941 19).
2506 872 2692 927 Omnia
2724 876 2865 928 enim
2916 876 3028 942 ipse
3075 875 3177 928 illis
3226 886 3377 939 erat,
3410 893 3472 932 ac
3522 895 3690 947 neque
3735 882 3931 935 (malum

2353 980 2523 1032 neque
2550 980 2768 1033 regnum
2792 965 3041 1019 czelorum
3068 966 3262 1019 dilecto
3294 968 3661 1034 prarferehant.
3685 971 3762 1024 Tu
3786 975 3931 1026 enim

2354 1056 2479 1108 mihi
2512 1056 2597 1108 illa
2627 1057 2800 1109 omnia
2830 1072 2918 1117 es.
2952 1058 3139 1125 inquit.
3170 1058 3233 1110 Et
3258 1058 3380 1126 quid
3409 1060 3637 1121 miraris,
3669 1065 3710 1113 si
3739 1062 3933 1117 Petrus

2352 1148 2421 1199 ita
2466 1146 2683 1201 affectus
2730 1149 2883 1201 erat?
2930 1148 3056 1201 Nam
3105 1149 3226 1202 audi
3278 1149 3403 1217 quid
3454 1151 3710 1218 propheta
3748 1153 3931 1207 dicat:

2355 1236 2489 1300 Quid
2516 1239 2645 1291 enim
2690 1239 2814 1290 mihi
2839 1250 2911 1291 est
2953 1242 3003 1291 in
3034 1241 3193 1293 τωιοῖ
3219 1250 3263 1292 et
3294 1257 3324 1293 a
3364 1250 3409 1293 te
3446 1242 3569 1310 quid
3615 1244 3754 1295 volui
3781 1261 3935 1314 super

2353 1340 2535 1381 terram
2566 1328 2748 1399 (Psal.
2784 1330 2868 1382 72.
2900 1330 2969 1383 25
2990 1330 3007 1399 )
3029 1332 3051 1383 ?
3071 1332 3125 1385 ld
3156 1342 3271 1396 est,
3306 1348 3409 1387 non
3441 1350 3624 1389 eorum
3657 1352 3777 1404 qua:
3808 1352 3935 1391 sur—

2352 1432 2501 1487 sum,
2537 1434 2636 1473 nec
2673 1434 2791 1488 qua:
2830 1420 3077 1473 deorsum
3119 1432 3241 1474 sunt
3284 1424 3426 1476 aliud
3469 1426 3587 1478 volo
3632 1436 3830 1495 praeter
3860 1438 3933 1484 te.

2355 1510 2463 1565 lloc
2490 1525 2639 1565 amor
2668 1520 2769 1574 est,
2803 1510 2900 1564 hoc
2924 1512 3177 1565 dilectio:
3207 1514 3249 1566 si
3278 1512 3345 1565 ita
3375 1528 3635 1579 amemus,
3666 1532 3766 1570 nec
3795 1533 3934 1587 pra:-

2352 1604 2519 1657 sentia
2547 1644 2562 1668 ,
2606 1618 2704 1657 nec
2750 1603 2925 1658 futura
2974 1605 3259 1673 quidquam
3306 1620 3423 1661 esse
3472 1623 3581 1676 pra:
3611 1625 3797 1664 amore
3845 1612 3937 1664 illo

2353 1694 2687 1763 putabimus,
2734 1704 2787 1749 et
2837 1695 2959 1749 hinc
3007 1712 3227 1766 regnum
3269 1712 3690 1767 consequemur,
3724 1702 3776 1754 in
3818 1702 3938 1771 eius

2352 1798 2535 1838 auore
2565 1784 2820 1838 laetantes.
2857 1786 2924 1838 Et
2948 1786 3215 1853 quomodo
3236 1827 3250 1849 ,
3286 1788 3493 1856 inquies
3514 1831 3527 1851 ,
3564 1790 3663 1843 hoc
3690 1791 3835 1844 erit?
3880 1792 3937 1846 Si

2353 1877 2644 1944 cogitemus
2691 1876 2961 1943 quomodo
3015 1876 3165 1930 illum
3215 1879 3534 1933 contumelia
3592 1879 3940 1937 aﬂ'ecerimus

2352 1973 2473 2034 post
2502 1965 2777 2019 innumera
2804 1965 2993 2019 collata
3026 1965 3185 2029 bona,
3219 1969 3333 2036 ipse
3363 1984 3489 2023 vero
3517 1968 3781 2026 hortando
3808 1987 3937 2040 per—

2352 2056 2718 2111 severaverit:
2752 2056 2960 2125 quoties
2990 2057 3138 2110 illum
3188 2067 3568 2126 prtetereamus
3590 2101 3604 2121 ,
3640 2062 3753 2128 ipse
3808 2078 3941 2115 vero

2353 2161 2452 2200 nos
2484 2162 2587 2200 non
2621 2146 2876 2216 negligat,
2908 2147 3000 2202 sed
3028 2158 3268 2202 accurrat
3295 2159 3348 2203 et
3371 2149 3570 2203 alliciat
3597 2161 3757 2218 atque
3781 2152 3851 2205 ad
3879 2168 3939 2208 se

2355 2238 2546 2291 trahat.
2575 2238 2631 2293 Si
2674 2240 2814 2293 enim
2847 2240 2959 2293 hmc
2989 2249 3042 2295 et
3078 2241 3269 2295 similia
3310 2242 3749 2311 cogitaverimus,
3793 2244 3940 2301 hunc

2353 2329 2679 2384 succendere
2705 2345 2941 2383 amorem
2972 2332 3286 2398 poterimus.
3315 2331 3445 2384 Nam
3479 2333 3521 2385 si
3547 2336 3634 2402 qui
3670 2336 3740 2387 ita
3789 2349 3940 2391 amat

2353 2428 2495 2473 esset
2522 2420 2680 2472 homo
2707 2419 2845 2480 vilis.
2871 2421 2957 2488 qui
2985 2435 3111 2474 vero
3142 2421 3210 2473 ita
3242 2434 3449 2476 amatur
3477 2439 3567 2477 rex
3593 2436 3769 2485 esset;
3802 2443 3943 2479 non-

2353 2525 2419 2564 ne
2446 2510 2531 2564 bic
2554 2510 2753 2564 amoris
2775 2511 3193 2579 magnitudinem
3225 2516 3601 2569 revereretur?
3630 2515 3788 2571 Certe
3820 2534 3939 2571 ina-

2356 2602 2517 2656 xime.
2549 2603 2680 2657 Cum
2724 2618 2852 2657 vero
2894 2611 3079 2658 contra
3103 2647 3117 2673 ,
3164 2604 3444 2661 ineﬂ'abilis
3474 2608 3560 2661 illa
3590 2610 3941 2679 pulchritudo

2355 2703 2407 2748 et
2436 2693 2604 2763 gloria
2632 2702 2686 2749 et
2708 2693 2907 2749 divitiae
2943 2696 3058 2766 ejus
3083 2737 3098 2762 ,
3129 2697 3217 2766 qui
3262 2713 3360 2751 nos
3389 2709 3571 2767 amat,
3604 2701 3735 2755 tales
3782 2704 3895 2758 sint
3922 2747 3937 2770 ,

2355 2800 2453 2839 nos
2480 2800 2606 2840 vero
2633 2786 2923 2841 admodum
2971 2788 3134 2855 viles,
3165 2790 3431 2859 quomodo
3476 2805 3581 2846 non
3630 2794 3775 2848 mille
3810 2811 3941 2865 sup.

2355 2878 2527 2945 pliciis
2554 2878 2695 2947 digni
2727 2879 3002 2944 fuerimus,
3032 2881 3103 2934 ita
3130 2882 3260 2936 viles
3286 2893 3341 2937 et
3368 2883 3583 2952 abjecti,
3610 2887 3701 2955 qui
3727 2902 3759 2940 a
3789 2898 3943 2942 tanto

2353 2975 2409 3022 et
2451 2974 2555 3021 tam
2584 2966 2897 3021 admirando
2941 2984 3101 3038 supra
3144 2971 3360 3025 modum
3402 2988 3675 3039 amamur,
3707 2986 3761 3031 et
3796 2978 3943 3034 illius

2356 3070 2593 3111 amorem
2618 3057 2695 3111 sic
2720 3058 3101 3126 repudiamus?
3133 3060 3223 3114 llle
3263 3062 3409 3116 nullo
3436 3073 3743 3119 nostrorum
3777 3079 3901 3137 eget
3925 3112 3942 3135 ,

2360 3163 2461 3203 nec
2488 3158 2665 3203 tamen
2697 3163 2795 3203 nos
2825 3165 3005 3203 amare
3032 3150 3229 3205 desinit
3254 3168 3269 3215 ;
3297 3169 3393 3207 nos
3422 3154 3537 3224 ejus
3567 3155 3722 3210 bonis
3749 3158 3940 3213 admo-

2357 3240 2482 3295 dum
2514 3255 2730 3310 egemus
2751 3282 2765 3305 ,
2792 3256 2855 3295 ac
2884 3256 3055 3311 neque
3082 3244 3160 3297 sic
3186 3244 3300 3311 ejus
3327 3260 3565 3301 amorem
3597 3252 3899 3305 retinemus
3925 3294 3939 3316 ,

2358 3332 2451 3387 sed
2482 3331 2693 3387 divitias
2722 3332 2797 3386 illi
2847 3333 3179 3401 prmferimus
3203 3377 3216 3399 ,
3246 3346 3299 3391 et
3327 3335 3599 3392 hominum
3628 3342 3901 3397 amicitias
3925 3385 3941 3408 ,

2356 3425 2599 3494 corporis
2649 3424 2930 3493 requiem,
2983 3427 3309 3494 potentiam,
3358 3428 3619 3497 gloriam;
3666 3431 3799 3485 dum
3851 3434 3945 3489 ille

2357 3515 2488 3571 nihil
2517 3516 2669 3571 nobis
2714 3516 3032 3586 anteponit?
3058 3517 3233 3573 Unum
3264 3519 3461 3589 quippe
3487 3519 3679 3575 Filium
3713 3521 3941 3592 habuit,

2357 3604 2684 3674 unigenitum
2725 3614 2779 3659 ct
2805 3606 3090 3675 genuinum
3113 3648 3129 3674 ,
3162 3622 3336 3675 neque
3369 3608 3442 3661 illi
3474 3613 3718 3677 pepercit
3749 3613 3803 3665 in
3838 3628 3941 3668 uo-

2357 3695 2451 3749 stri
2479 3694 2702 3765 gratiam
2730 3712 2745 3754 :
2778 3710 2876 3750 nos
2914 3705 3093 3751 autem
3142 3698 3303 3751 multa
3339 3698 3411 3752 illi
3446 3698 3803 3768 przelerimus.
3835 3704 3947 3757 An-

2358 3800 2462 3839 non
2508 3800 2637 3856 ergo
2681 3786 2980 3857 gehennam
3027 3797 3079 3841 et
3125 3789 3444 3858 supplicium
3492 3806 3809 3856 meremur,
3842 3795 3946 3848 etsi

2358 3875 2484 3930 illud
2510 3876 2693 3946 duplo,
2728 3876 2907 3945 triplo,
2940 3878 3045 3931 imo
3073 3880 3373 3934 sexcenties
3396 3881 3564 3949 majus
3591 3882 3776 3936 esset?
3801 3882 3943 3949 Quid

2356 3971 2499 4023 enim
2556 3967 2735 4024 dicere
2792 3973 3091 4038 possimus,
3144 3971 3356 4038 quando
3416 3983 3617 4026 satana:
3675 3985 3944 4044 pra-cepta

2356 4059 2555 4115 Christi
2614 4060 2822 4131 legibus
2878 4062 3243 4130 przeferimus,
3287 4074 3342 4117 et
3393 4065 3549 4119 saluti
3593 4076 3794 4119 nostra:
3837 4083 3943 4121 non

2361 4164 2638 4218 parcamus
2663 4192 2677 4215 ,
2727 4151 2853 4204 dum
2902 4152 3152 4221 nequitiae
3198 4169 3359 4222 opera
3390 4156 3477 4220 ei,
3510 4156 3598 4224 qui
3632 4158 3814 4210 omnia
3848 4174 3943 4227 pro

2360 4240 2513 4294 nobis
2540 4254 2727 4309 passus
2756 4249 2860 4306 est,
2891 4242 3267 4312 praeferimus?
3299 4244 3363 4297 Et
3390 4259 3492 4312 qua
3524 4245 3679 4298 venia
3712 4245 3832 4301 hrcc
3864 4248 3944 4301 di-

2358 4346 2458 4400 gna
2506 4319 2752 4386 iuerint?
2790 4347 2892 4402 qua
2938 4332 3292 4389 defensione?
3331 4334 3506 4389 Nulla.
3536 4334 3753 4391 Stemus
3782 4338 3945 4407 igitur

2358 4420 2632 4491 deinceps,
2667 4437 2772 4476 non
2806 4438 2900 4491 per
2922 4426 3211 4495 prmcipitia
3235 4426 3373 4492 acti;
3408 4428 3501 4482 sed
3530 4428 3941 4499 resipiscamus,

2360 4520 2414 4564 et
2441 4510 2554 4565 haec
2582 4513 2760 4567 omnia
2795 4513 3070 4568 nobiscum
3098 4526 3408 4586 reputantes
3431 4559 3447 4584 ,
3474 4517 3698 4588 gloriam
3734 4522 3942 4576 refcra-

2358 4617 2478 4656 mus
2508 4602 2556 4656 ei
2584 4617 2679 4671 per
2706 4618 2903 4672 opera;
2938 4606 3117 4660 verbis
3141 4608 3284 4661 enim
3316 4616 3519 4662 tantum
3552 4626 3656 4664 non
3687 4611 3884 4666 sufﬁcit
3907 4629 3926 4667 :

2360 4702 2417 4745 ut
2441 4693 2688 4761 ct’gloria
2715 4694 2783 4748 ab
2808 4695 2898 4748 illo
2926 4706 3178 4751 manante
3225 4698 3462 4752 fruamur
3485 4741 3498 4763 ,
3532 4716 3688 4768 quam
3736 4701 3944 4757 utinam

2361 4799 2459 4838 nos
2509 4799 2935 4855 consequamur,
2966 4790 3135 4857 gratia
3163 4799 3218 4844 et
3244 4790 3570 4862 benignitate
3600 4795 3804 4849 Domini
3840 4812 3946 4851 no-

2360 4875 2453 4928 stri
2498 4875 2623 4931 Jesu
2664 4876 2896 4943 Christi,
2928 4879 3140 4946 quicum
3190 4880 3331 4936 Patri
3383 4892 3438 4937 et
3484 4884 3703 4954 Spiritui
3750 4899 3948 4944 sancto

2360 4969 2561 5039 gloria,
2614 4971 2892 5039 imperium
2920 5011 2936 5037 ,
2988 4971 3190 5040 honor,
3242 4991 3381 5031 nunc
3426 4986 3480 5032 et
3526 4992 3770 5049 semper,
3802 4982 3946 5037 etin

2362 5062 2559 5117 saecula
2585 5062 2924 5118 saeculorum.
2957 5064 3151 5119 Amen.

697 5305 3954 5329 MM

2045 5380 2382 5442 HOMILIA
2428 5381 2513 5442 Vl

690 5534 811 5588 (ΣΑΡ.
847 5531 900 5585 ‘2.
929 5547 981 5582 v.
1009 5530 1093 5582 Π.
1128 5527 1257 5582 Ecce
1288 5539 1341 5581 tu
1368 5527 1578 5581 Iudaeus
1618 5524 1985 5596 cognominaris
2012 5567 2023 5585 .
2077 5538 2122 5577 et
2170 5541 2251 5577 re-

757 5624 963 5693 quiescis
988 5623 1039 5675 in
1072 5622 1177 5691 lege
1200 5661 1214 5684 ,
1243 5629 1288 5672 et
1313 5619 1542 5688 gloriaris
1572 5618 1623 5670 in
1654 5616 1756 5669 Deo
1778 5658 1791 5682 ,
1823 5618 1908 5670 18.
1941 5626 1985 5669 et
2011 5629 2139 5669 nosti
2164 5632 2245 5668 tvo-

761 5718 1017 5774 Inntatem,
1051 5724 1095 5766 et
1124 5711 1304 5779 probas
1333 5710 1494 5771 utilia,
1527 5709 1779 5762 institutus
1806 5724 1869 5760 ea:
1892 5708 2017 5777 lege.

768 5807 809 5857 Ι.
846 5804 1125 5872 Postquam
1154 5802 1356 5856 dixerat
1384 5799 1510 5853 nihil
1538 5798 1723 5853 deesse
1743 5798 1929 5853 Grteco
1950 5813 2042 5852 seu
2072 5799 2249 5867 gentili

2366 5523 2431 5577 ad
2461 5524 2717 5588 salutem,
2749 5523 3037 5579 dummodo
3070 5526 3240 5597 legem
3270 5540 3467 5594 servet,
3497 5540 3549 5585 et
3575 5531 3954 5591 admirandam

2365 5616 2509 5669 illam
2538 5616 2990 5685 comparationem
3019 5619 3216 5673 fecerat
3247 5637 3259 5672 :
3289 5636 3406 5689 qua:
3440 5623 3768 5678 honorabilia
3800 5633 3951 5696 apud

2362 5706 2574 5762 Judmos
2600 5718 2753 5762 erant
2778 5710 2943 5776 ponit,
2968 5726 3030 5763 ex
3058 5711 3251 5779 quibus
3275 5712 3530 5769 adversus
3556 5715 3769 5772 Gnaeos
3812 5718 3951 5777 (-ﬂ'e-

2362 5799 2630 5853 rebantur.
2667 5799 2729 5852 lit
2755 5799 2924 5867 primo
2954 5800 3124 5869 ipsum
3178 5816 3370 5860 nomen
3399 5844 3415 5870 ,
3468 5807 3607 5876 quod
3647 5807 3952 5867 admodum
