4108 6340
185 373 290 429 451

185 486 331 555 ὑπὲρ
364 482 471 535 τῶν
513 480 633 535 καθ’
679 481 867 535 ἑαυτὸν
901 480 1329 549 ἀπολογήσηται,
1366 480 1460 532 καὶ
1496 478 1633 549 μετά
1662 477 1771 530 τῶν

189 564 489 638 προφητῶν
523 566 615 618 καὶ
656 564 816 622 αὐτὸς
847 563 1073 633 προσῄει
1116 566 1225 626 τοῖς
1264 562 1771 632 ἀποστρεφομένοις

185 648 376 713 αὑτὸν,
391 646 619 710 εὐθύνας
634 648 849 716 ἕτοιμος
868 646 941 698 ὢν
960 648 1284 717 παρασχεῖν,
1310 646 1401 698 καί
1417 646 1494 706 εἰς
1514 644 1775 712 τὸνλόγον

186 730 362 795 ἀξιῶν
386 730 651 795 καθεῖναι,
683 732 775 783 καὶ
801 730 936 799 πρὸς
962 730 1177 782 ἅπαντα
1211 727 1650 797 κεκωφωμένους
1696 729 1775 789 είς

186 812 293 885 τὴν
319 814 454 885 πρὸς
478 813 638 865 αὐτὸν
675 812 905 876 διάλεξιν
926 813 1123 866 ἕλκων.
1150 813 1308 876 Λαὸς
1334 812 1441 881 γάρ
1456 830 1596 880 μου,
1620 812 1774 881 φησὶ,

189 898 250 947 τι
273 896 535 962 ἐποίησά
549 910 682 958 σοις
706 895 742 963 ἢ
768 895 822 947 τί
844 894 1127 960 ἐλύπησα
1150 909 1257 955 σε;
1279 894 1633 961 ἀποκρίθητί
1650 909 1771 961 μοι.

186 978 351 1033 Μετά
393 978 566 1029 ταῦτα
601 976 816 1030 ἀπάντα
863 977 1267 1046 ἀπεκτείναμεν
1301 978 1429 1038 τοὺς
1463 976 1772 1045 προφήτας,

186 1062 541 1131 ἐλιθάσαμεν,
581 1062 745 1132 μυρία
771 1061 933 1130 ἓτερα
978 1060 1357 1131 είργασάμεθα
1392 1060 1558 1113 κακά.
1590 1058 1655 1110 Τί
1684 1056 1776 1112 οὖν

188 1148 316 1199 ἀντὶ
367 1144 601 1207 τούτων;
659 1144 854 1196 Οὐκέτι
900 1144 1205 1213 προφήτας,
1257 1144 1440 1196 οὐκέτι
1488 1143 1772 1211 ἀγγέλους,

184 1228 377 1281 οὐκέτι
428 1228 791 1296 πατριάρχας.
838 1226 951 1278 ἀλλ’
1001 1226 1162 1278 αὐτὸν
1216 1226 1431 1294 ἔπεμψε
1484 1226 1574 1277 τὸν
1626 1224 1771 1277 Υίόν.

202 1310 471 1383 ’Λνῃρέθη
521 1312 613 1363 καὶ
649 1314 676 1363 ὁ
718 1312 841 1372 Υἱὸς
888 1309 1077 1367 ἐλθὼν.
1106 1310 1200 1361 καὶ
1233 1309 1353 1362 οὐδὲ
1386 1308 1559 1371 οὕτως
1585 1308 1775 1360 ἔσϐεσε

187 1396 284 1448 τὸν
306 1395 503 1466 ἔρωτα,
526 1394 639 1447 ἀλλ’
662 1394 833 1463 ἀνῆψε
871 1392 1159 1462 μειζόνως,
1190 1394 1285 1445 κειί⁹
1315 1392 1565 1460 ἐπιμένει
1594 1407 1774 1460 παρα-

188 1478 377 1546 καλῶν
416 1478 511 1530 καί
544 1479 680 1547 μετά
704 1478 767 1529 τὸ
799 1477 888 1529 τὸν
927 1477 1051 1529 Υἰὸν
1090 1475 1441 1545 ἀναιρεθῆναι
1470 1474 1560 1525 τὸν
1589 1472 1773 1536 αὐτοῦ,

190 1562 288 1613 καὶ
316 1561 588 1631 δεόμενος,
622 1562 716 1613 καί⁵
750 1562 925 1614 πάντα
951 1559 1119 1612 ποιῶν
1150 1558 1289 1629 ὑπὲρ
1315 1557 1409 1610 τοῦ
1451 1558 1590 1627 πρὸς
1614 1557 1776 1610 αὑτὸν

188 1642 539 1713 ἐπιπρέψαι.
568 1643 677 1694 Καὶ
710 1642 806 1711 βοᾷ
826 1641 1037 1703 Παῦλος
1066 1640 1239 1707 λέγων
1259 1655 1274 1671 ο
1323 1638 1491 1707 Ὑπὲρ
1518 1638 1775 1705 Χριστοῦ

185 1721 309 1779 οὖν
346 1726 774 1794 πρεσϐεύομεν,
820 1726 899 1791 ὠς
946 1726 1049 1780 τοῦ
1085 1724 1231 1779 Θεοῦ
1283 1723 1777 1791 παρακαλοῦντος

184 1807 267 1861 δι’
296 1808 465 1876 ’ἡμῶν
486 1825 497 1837 ·
528 1809 953 1877 καταλλάγητε
980 1807 1059 1873 τῷ
1089 1808 1229 1871 Θεῷ.

265 1894 330 1957 ζ’.
380 1893 518 1945 Ἀλλ’
547 1894 697 1945 οὐδὲν
724 1893 927 1946 τούτων
951 1894 1097 1963 ἡμᾶς
1116 1890 1466 1961 κατήλλαξεν.
1502 1889 1559 1941 Ὀ
1582 1889 1637 1941 δὲ
1660 1888 1776 1940 οὐδὲ

186 1974 369 2038 οὕτως
396 1977 541 2045 ἡμᾶς
568 1975 881 2037 κατέλιπεν,
905 1974 1041 2028 ἀλλὰ
1073 1974 1222 2044 μένει
1254 1974 1345 2026 καὶ
1373 1973 1593 2040 γέενναν
1620 1972 1776 2022 ἀπει-

188 2058 323 2121 λῶν,
357 2060 449 2111 καὶ
480 2057 758 2128 βασιλείαν
802 2056 1275 2126 ἐπαγγελλόμενος
1300 2097 1314 2118 ,
1356 2056 1443 2108 ῖνα
1472 2055 1576 2107 κᾶν
1606 2053 1775 2114 οὕτως

189 2144 345 2213 ἡμᾶς
376 2140 760 2211 ἐφελκύσηται·
798 2142 960 2211 ήμεῖς
999 2140 1056 2192 δὲ
1094 2139 1413 2209 ἀναλγήτως
1460 2138 1539 2190 ἐτι
1574 2137 1777 2190 διακεί⁸

194 2225 363 2294 μεθα.
408 2226 473 2277 Τί
504 2224 707 2295 ταύτης
741 2223 838 2293 τῆς
873 2223 1169 2294 θηριωδίας
1208 2225 1389 2292 χεῖρον
1440 2222 1635 2289 γένοιτ’
1671 2220 1775 2285 ἀν;

192 2311 262 2363 Εἰ
307 2308 416 2378 γὰρ
466 2307 753 2377 ἄνθρωπος
804 2305 979 2359 ταῦτα
1014 2306 1305 2375 ἐποίησεν,
1348 2305 1449 2358 οὐκ
1492 2305 1556 2358 ἂν
1610 2303 1776 2357 αὐτοῦ

193 2393 457 2455 πολλάκις
502 2390 800 2462 ἐγενόμεθα
852 2391 1062 2455 δοῦλοι;
1106 2389 1301 2443 τὸνδὲ
1356 2388 1487 2442 Θεὸν
1524 2388 1779 2441 ποιοῦντα

190 2474 683 2560 ἀποστρεφόμεθα;
717 2475 780 2560 "fl
814 2473 914 2560 τῆς
950 2473 1260 2560 ρᾳθυμίαςᾼί
1286 2471 1344 2560 ὶὣ
1380 2472 1479 2560 τῆς
1523 2472 1775 2560 ἀγνωμο-

192 2558 393 2627 σύνηςί
427 2558 473 2610 οἱ
504 2557 795 2620 διαπαντὸς
826 2557 924 2625 μὲν
953 2560 1010 2609 ἐν
1038 2556 1337 2626 ἁμαρτίαις
1368 2556 1460 2608 καὶ
1493 2557 1778 2625 πονηρίαις

193 2641 402 2711 ζῶμεν,
433 2641 497 2694 ἂν
520 2641 575 2693 δέ
609 2642 731 2693 ποτέ
757 2658 807 2694 τι
838 2641 932 2693 καὶ
965 2641 1281 2709 ποιήσωμεν
1314 2640 1512 2711 μικρὸν
1549 2639 1777 2706 ἀγαθὸν,

194 2724 340 2780 κατὰ
370 2725 495 2786 τοὺς
529 2723 852 2793 ἀγνώμονας
878 2723 987 2775 τῶν
1018 2722 1247 2777 οἰκετῶν
1278 2723 1415 2792 μετά
1450 2722 1653 2791 πολλῆς
1681 2724 1781 2791 τῆς

193 2806 503 2875 καπηλείας
524 2806 868 2875 ἐξετάζομεν,
894 2806 984 2859 καὶ
1004 2804 1512 2875 ἀκριϐολογούμεθα
1535 2806 1663 2876 περί
1680 2805 1778 2873 τῆς

192 2890 539 2952 ἀντιδόσεως,
568 2888 621 2941 εί
646 2905 707 2956 γε
739 2889 852 2959 ἔχει
882 2888 1070 2957 μισθόν
1099 2905 1220 2940 τινα
1246 2887 1307 2939 τὸ
1334 2888 1639 2955 γινόμενον.
1671 2889 1781 2939 Καὶ

196 2971 310 3041 μὴν
328 2972 530 3040 μείζων
552 2974 579 3024 ό
605 2971 816 3040 μισθὸς,
834 2970 930 3023 ἐάν
965 2974 1037 3042 μὴ
1061 2973 1146 3023 ἐπ’
1170 2970 1343 3022 ἐλπίδι
1372 2969 1578 3037 μισθῶν
1601 2973 1776 3039 ποιῇς·

192 3053 259 3107 τὸ
287 3056 395 3126 γὰρ
424 3054 595 3108 ταῦτα
627 3055 808 3121 λέγειν
839 3056 933 3107 καὶ
974 3053 1470 3125 ἀκριϐολογεῖσθαι,
1508 3052 1780 3120 μισθωτοῦ

197 3140 402 3209 μᾶλλον
435 3139 654 3209 ῥήματά
676 3142 840 3197 ἐστιν,
866 3138 898 3208 ἢ
929 3136 1274 3207 εὐγνώμονος
1296 3136 1533 3191 οἰκέτου.
1562 3138 1653 3188 Δεῖ
1673 3135 1783 3205 γὰρ

194 3225 378 3277 πάντα
423 3224 510 3277 διὰ
547 3223 638 3277 τὸν
673 3222 907 3293 Χριστὸν
942 3224 1148 3285 ποιεῖν,
1194 3221 1254 3272 οὐ
1302 3221 1389 3274 διά
1425 3220 1517 3272 τὸν
1557 3219 1779 3288 μισθόν·

196 3307 295 3360 καὶ
317 3306 429 3376 γὰρ
446 3306 540 3358 καὶ
560 3304 785 3374 γέενναν
798 3303 885 3357 διά
905 3302 1063 3356 τοῦτο
1077 3302 1363 3371 ἠπείλησε,
1386 3302 1480 3354 καὶ
1506 3301 1783 3370 βασιλείαν

196 3388 589 3459 ἐπηγγείλατο,
608 3388 694 3440 ῖνα
719 3387 940 3456 φιλῆται
970 3385 1103 3455 παρ’
1131 3383 1306 3455 ἡμῶν.
1328 3384 1647 3453 Φιλήσωμεν
1672 3383 1782 3435 τοὶ-

196 3490 295 3526 νυν
326 3472 509 3533 αὑτὸν,
540 3473 615 3535 ὠς
645 3471 820 3539 φιλεῖν
842 3471 968 3541 χρή·
1003 3467 1163 3521 τοῦτο
1183 3467 1290 3539 γὰρ
1314 3470 1343 3521 ὁ
1370 3467 1541 3538 μέγας
1572 3466 1783 3536 μισθὸς,

196 3557 359 3609 τοῦτο
383 3554 628 3626 βασιλεία
653 3553 803 3625 [471]
832 3553 926 3607 καὶ
950 3551 1135 3623 ἡδονὴ,
1156 3550 1313 3605 τοῦτο
1336 3550 1514 3621 τρυφὴ
1541 3549 1635 3603 καί⁸
1659 3550 1786 3615 δόξα

200 3639 298 3692 καὶ
326 3639 485 3709 τιμὴ,
514 3637 671 3692 τοῦτο
696 3637 833 3705 φῶς,
859 3636 1017 3689 τοῦτο
1048 3638 1080 3706 ἡ
1108 3633 1615 3705 μυριομακαριότης
1648 3645 1696 3695 ⁸,
1720 3632 1786 3702 ἦν

197 3722 262 3775 οὐ
304 3721 461 3789 λόγος
502 3720 852 3789 παραστῆσαι
897 3717 1144 3781 δύναται,
1181 3719 1240 3769 οὔ
1274 3718 1399 3777 νοῦς
1439 3714 1783 3768 καταλαϐεῖν.

212 3802 378 3856 Ἀλλά
407 3803 514 3871 γάρ
550 3803 649 3855 οὐκ
680 3798 797 3854 οἰδα
826 3800 944 3862 πῶς
974 3802 1052 3863 είς
1085 3798 1309 3861 τούτους
1344 3797 1631 3868 παρήχθην
1662 3798 1787 3859 τοὺς

199 3885 417 3955 λόγους,
449 3885 755 3957 ἀνθρώποις
808 3884 943 3954 μηδὲ
975 3882 1152 3953 ἀρχῆς
1180 3882 1273 3934 καὶ
1318 3879 1475 3949 δόξης
1511 3895 1786 3949 καταφρο-

201 3969 356 4025 νοῦσι
370 3972 468 4039 τῆς
484 3968 770 4038 παρούσης
785 3968 871 4019 διὰ
887 3967 977 4020 τὸν
999 3966 1234 4036 Χριστὸν
1254 3962 1533 4032 βασιλείας
1550 3960 1789 4015 κελεύων

204 4053 600 4123 καταφρονεῖν·
641 4051 817 4104 καίτοι
849 4050 995 4118 γεκοί
1034 4048 1259 4119 μεγάλοι
1293 4048 1388 4099 καὶ
1424 4048 1661 4113 γενναῖοι
1694 4044 1789 4098 ἀν-

200 4137 330 4207 δρες
376 4137 572 4188 ἐκεῖνοι
604 4134 698 4188 καί
742 4136 818 4197 εἰς
865 4132 1024 4186 τοῦτο
1056 4131 1117 4183 τὸ
1172 4131 1371 4199 μέτρον
1415 4129 1515 4198 τῆς
1567 4129 1788 4197 ἀγάπης

201 4217 467 4286 εφθασαν.
518 4217 787 4270 ’Ἄκουσον
830 4215 959 4283 γοῦν
991 4215 1108 4278 πῶς
1141 4215 1168 4266 ό
1214 4213 1417 4284 Πέτρος
1457 4213 1587 4282 περί
1621 4209 1785 4265 αὑτοῦ

203 4300 575 4372 περικαίεται,
604 4300 697 4353 καὶ
728 4299 905 4369 ψυχῆς
946 4300 1041 4352 καὶ
1072 4297 1217 4366 ζωῆς
1246 4298 1338 4349 καί
1370 4295 1587 4347 πάντων
1622 4294 1785 4347 αὑτὸν

203 4384 511 4450 προτιθείς’
540 4384 634 4436 καὶ
660 4382 823 4452 ἡνίκα
854 4381 909 4434 δὲ
939 4380 1101 4434 αὐτὸν
1132 4380 1437 4449 ἠρνήσατο,
1471 4378 1533 4430 οὐ
1566 4377 1656 4433 διὰ
1685 4377 1785 4447 τὴν

202 4467 429 4521 κόλασιν
471 4466 711 4526 ἐπένθει.
760 4464 872 4517 ἀλλ’
912 4462 1098 4533 ἐπειδὴ
1132 4463 1223 4514 τὸν
1256 4461 1589 4531 ποθούμενον
1617 4461 1786 4531 ἠρνή-

204 4566 361 4611 σατο,
412 4549 442 4602 ὃ
490 4549 669 4618 πάσης
700 4548 973 4609 κολάσεως
1006 4544 1152 4616 αύτῷ
1191 4546 1513 4616 πικρότερον
1547 4538 1634 4613 ἦν.
1676 4544 1787 4598 Καὶ

203 4632 379 4686 ταῦτα
402 4631 616 4685 ᾶπαντα
633 4632 739 4703 πρὸ
759 4632 856 4700 τῆς
877 4628 969 4683 τοῦ
997 4627 1314 4698 Πνεύματος
1340 4627 1565 4699 χάριτος
1582 4625 1788 4681 ἐπεδεί-

270 4791 296 4817 ·
323 4788 420 4838 Am
445 4792 474 4846 ι
500 4788 680 4850 μεγάλη
706 4787 1011 4851 μακαριότης.

222 4994 879 5009 m———_--—-———

1354 364 1417 417 IN
1457 363 1678 418 EPIST.
1720 362 1809 417 AD
1838 362 2006 419 BUM.
2049 365 2280 421 HOMIL.
2327 368 2412 422 Vl.

3355 376 3467 429 432

1878 496 2059 547 κνυτο,
2095 484 2189 536 καὶ
2222 484 2460 554 συνεχῶς
2499 484 2751 537 ὲώκειτο
2780 483 2980 549 λέγων·
3015 482 3140 536 Ποῦ
3181 486 3467 554 ὑπάγεις;

1879 566 1973 619 καὶ
2017 566 2123 638 πρὸ
2176 567 2403 632 τούτου,
2462 569 2617 635 Πρὸς
2657 568 2791 619 τινα
2828 567 3324 633 ἀπελευσόμεθα;
3376 573 3469 621 καὶ

1878 648 2039 702 πάλιν
2060 689 2073 711 ,
2119 650 2534 717 Ἀκολουθήσω
2565 666 2665 703 σοι
2695 650 2847 701 ὅπου
2879 648 2957 703 ἂν
2985 648 3244 716 ἀπέρχῃ.
3284 650 3471 704 Πάντα

1876 730 1984 802 γὰρ
2002 732 2165 796 αὐτὸς
2186 729 2253 802 ῆν
2275 735 2481 796 αὐτοῖς,
2513 733 2608 785 καὶ
2632 730 2755 785 οὔτε
2784 730 3013 802 ούρανδν
3036 730 3160 783 οὔτε
3191 732 3469 799 βασιλείαν

1876 816 2121 887 οὐρανῶν
2144 816 2249 888 πρὸ
2270 817 2365 870 τοῦ
2400 816 2737 886 ποθουμένου
2756 810 2913 883 ἦγον.
2942 815 3012 867 Σὺ
3037 815 3145 885 γάρ
3176 832 3266 884 μοι
3295 815 3472 869 πάντα

1877 897 2081 963 ἐκεῖνα,
2114 899 2267 968 φησί.
2302 900 2412 952 Καὶ
2443 899 2495 951 τί
2525 897 2852 968 θαυμάζεις,
2892 899 2939 949 εί
2978 896 3183 971 Πέτρος
3218 896 3361 950 οὕτω
3392 899 3474 951 δι-

1878 982 2091 1047 έκειτο;
2141 984 2250 1034 Καὶ
2299 982 2407 1051 γὰρ
2444 982 2472 1033 ὁ
2528 982 2817 1051 προφήτης
2857 980 3091 1033 ἄκουσον
3126 981 3179 1031 τί
3216 994 3371 1049 φησι·
3413 982 3475 1035 Τί

1878 1063 1986 1131 γάρ
2014 1082 2114 1133 μοι
2146 1064 2397 1133 ὑπάρχει
2428 1066 2499 1118 ἐν
2530 1064 2610 1128 τῷ
2641 1060 2913 1130 οὺρανῷ;
2950 1062 3046 1115 καί
3082 1063 3241 1129 παρὰ
3269 1063 3387 1117 σοῦ
3418 1064 3473 1115 τί

1877 1146 2151 1213 ἠθέλησα
2184 1149 2281 1199 ἐπὶ
2308 1146 2419 1214 τῆς
2446 1146 2597 1215 γῆς;
2634 1148 2699 1198 'U
2725 1146 2780 1197 δὲ
2808 1144 2975 1211 λέγει,
3003 1144 3246 1197 τοιοῦτόν
3282 1148 3432 1197 ἐστιν
3457 1162 3468 1175 ο

1879 1230 1953 1280 Ού
1993 1228 2101 1281 τῶν
2133 1230 2263 1291 ἀνω,
2298 1231 2357 1281 οὐ
2398 1230 2507 1281 τῶν
2544 1230 2695 1282 κάτω
2732 1228 2946 1295 οὐδενὸς
2982 1228 3213 1296 ἐφίεμαι
3248 1228 3435 1298 ἑτέρου
3457 1270 3469 1290 ,

1880 1313 1994 1365 ἀλλ’
2036 1313 2068 1383 ἢ
2105 1312 2197 1366 σοῦ
2241 1314 2424 1383 μόνου.
2460 1313 2630 1366 Τοῦτό
2674 1314 2823 1365 ἐστιν
2859 1313 3037 1382 ἔρως,
3074 1310 3235 1366 τοῦτο
3278 1312 3469 1379 φιλία’

1881 1396 1943 1449 ἂν
1970 1397 2111 1450 οὓτω
2141 1397 2483 1467 φιλήσωμεν,
2513 1398 2572 1449 οὐ
2604 1399 2673 1449 τά
2707 1397 2953 1467 παρόντα
2987 1395 3171 1463 μόνον,
3204 1394 3322 1446 ἀλλ’
3353 1394 3471 1446 οὐδὲ

1878 1477 1945 1531 τά
1981 1478 2243 1548 μέλλοντα
2289 1480 2427 1549 πρὸς
2459 1480 2519 1531 τὸ
2557 1478 2777 1548 φίλτρον
2824 1478 3003 1531 ἐκεῖνο
3051 1476 3377 1547 ήγησόμεθά
3421 1493 3473 1527 τι

1879 1562 2040 1629 εἶναι,
2073 1564 2167 1615 καὶ
2197 1564 2296 1632 τὴν
2330 1562 2607 1631 βασιλείαν
2640 1560 2891 1613 ἐντεῦθεν
2922 1561 3354 1630 καρπωσόμεθα,
3388 1560 3476 1610 ἐν·

1879 1644 2192 1713 τρυφῶντες
2238 1644 2403 1698 αὑτοῦ
2441 1648 2507 1715 τῇ
2542 1644 2753 1713 ἀγάπῃ.
2798 1644 2907 1695 Καὶ
2945 1642 3063 1704 πῶς
3102 1642 3250 1694 ἔσται
3293 1640 3472 1703 τοῦτο,

1883 1728 2069 1797 φησίν.
2098 1728 2161 1781 Εἰ
2191 1728 2546 1799 ὲννοήσομεν,
2567 1730 2800 1787 ποσάκις
2828 1724 2991 1777 αὐτὸν
3021 1723 3319 1793 ύ6ρίζομεν
3338 1724 3474 1793 μετά

1884 1810 2052 1881 μυρία
2091 1808 2295 1879 ἀγαθὰ,
2336 1810 2498 1873 αὐτὸς
2535 1810 2591 1862 δὲ
2623 1808 2824 1876 ἓστηκε
2869 1806 3237 1877 παρακαλῶν·
3281 1807 3473 1866 ὁσάκις

1881 1893 2043 1945 αὐτὸν
2074 1894 2516 1963 παρατρέχομεν,
2544 1891 2707 1953 αὐτὸς
2738 1890 2793 1942 δὲ
2826 1891 2888 1941 ού
2930 1891 3178 1960 παρορᾷ,
3210 1890 3322 1944 ἀλλ’
3357 1892 3470 1941 ἐπι-

1882 1976 2063 2045 τρέχει
2111 1976 2207 2027 καὶ
2257 1974 2543 2043 ἐφέλκεται
2586 1975 2680 2026 καὶ
2721 1973 2856 2042 πρὸς
2911 1972 3105 2025 ἑαυτὸν
3150 1973 3466 2025 ἐπισπᾶται.

1886 2057 1982 2110 “Av
2007 2058 2117 2127 γὰρ
2146 2059 2317 2110 ταῦτα
2344 2058 2439 2110 καὶ
2466 2058 2533 2110 τὰ
2560 2055 2788 2110 τοιαῦτα
2832 2052 3211 2123 λογισώμεθα,
3248 2052 3472 2123 ’δυνησό⁴

1884 2140 2023 2209 μεθα
2047 2142 2138 2193 τὸν
2168 2141 2332 2193 πόθον
2363 2139 2565 2208 ἀνάψαι
2590 2138 2800 2191 τοῦτον.
2834 2138 2897 2190 Et
2927 2138 3035 2207 γὰρ
3067 2135 3164 2189 ἀνθ
3177 2153 3353 2207 ρωπος
3385 2137 3471 2188 εύ-

1880 2224 2039 2293 τελὴς
2067 2222 2133 2295 ἦν
2158 2226 2184 2276 ό
2209 2224 2351 2277 οὕτω
2382 2224 2574 2291 φιλῶν,
2608 2222 2863 2293 βασιλεὺς
2893 2222 2950 2274 δὲ
2980 2224 3009 2273 ὁ
3036 2220 3180 2274 οὕτω
3208 2221 3469 2290 φιλούμε-

1880 2325 2000 2371 νος,
2032 2309 2133 2362 οὐκ
2169 2308 2234 2361 ἂν
2264 2307 2466 2377 ᾐδέσθη
2492 2306 2569 2377 τῷ
2598 2304 2694 2359 τοῦ
2728 2304 2932 2376 ἔρωτος
2968 2305 3227 2375 μεγέθει;
3259 2305 3473 2375 Σφόδρα

1884 2392 1981 2462 μὲν
2009 2387 2121 2445 οῦν.
2157 2393 2326 2445 Ὅταν
2356 2390 2412 2444 δὲ
2445 2388 2759 2443 τούναντίον
2800 2405 2853 2440 τι
2891 2382 2947 2459 ᾖ,
2981 2389 3075 2441 καί
3115 2388 3323 2455 ἄφατον
3373 2396 3473 2457 μέν

1880 2479 2056 2529 ἐκεῖνο
2081 2477 2139 2529 τὸ
2162 2476 2355 2539 κάλλος
2385 2476 2481 2529 καὶ
2502 2476 2534 2545 ή
2555 2472 2684 2536 δόξα
2713 2472 2808 2525 καὶ
2834 2475 2861 2525 ὀ
2885 2471 3113 2533 πλοῦτος
3135 2470 3230 2522 τοῦ
3254 2470 3472 2539 φιλοῦν-

1880 2577 1968 2622 τος
1991 2561 2161 2630 ήμᾶς,
2186 2560 2342 2631 ήμῶν
2363 2559 2417 2611 δὲ
2444 2558 2611 2627 πολλὴ
2632 2559 2663 2626 ἡ
2688 2555 2956 2621 εὐτέλεια,
2984 2554 3100 2618 πῶς
3121 2556 3244 2625 οὐχὶ
3269 2556 3473 2625 μυρίας

1880 2644 2047 2713 ἐσμὲν
2078 2643 2353 2705 κολάσεως
2372 2642 2512 2705 ἄξιοι
2534 2642 2581 2693 οἱ
2603 2640 2776 2701 οὕτως
2808 2639 3047 2700 εὐτελεῖς
3074 2638 3167 2690 καὶ
3196 2638 3471 2709 ἀπερριμς

1885 2728 2057 2795 μένοι,
2088 2726 2239 2797 παρά
2270 2725 2513 2779 τοιούτου
2546 2722 2785 2795 μεγάλου
2820 2723 2913 2775 καί
2948 2719 3264 2790 θαυμαστοῦ
3293 2720 3471 2788 φιλούο

1885 2828 2037 2880 μενοι
2070 2809 2189 2879 μεθ’
2224 2808 2532 2879 ὑπερόολῆς
2562 2806 2804 2876 ἀπάσης,
2836 2806 2930 2859 καὶ
2964 2804 3469 2874 καταστρηνιῶντες

1883 2895 2046 2950 αὑτοῦ
2073 2895 2171 2963 τῆς
2193 2893 2444 2961 ἀγάπης;
2471 2891 2702 2953 Οὐδενὸς
2733 2891 2907 2943 δεῖται
2957 2891 3166 2952 ἐκεῖνος
3201 2888 3310 2941 τῶν
3337 2890 3368 2957 ή
3378 2906 3474 2957 με-

1882 2980 2075 3043 τέρων,
2116 2978 2211 3031 καὶ
2243 2975 2363 3029 οὐδὲ
2392 2974 2533 3027 οὕτω
2570 2974 2800 3026 παύεται
2836 2972 2993 3043 ἡμῶν
3018 2971 3189 3041 ἐρῶν·
3227 2974 3391 3040 ἡμεῖς
3417 2971 3476 3023 δὲ

1886 3062 2088 3131 σφόδρα
2110 3058 2343 3129 δεόμεθα
2357 3057 2469 3110 τῶν
2483 3056 2672 3121 αὑτοῦ,
2691 3056 2785 3109 καὶ
2801 3055 2918 3108 οὐδὲ
2940 3054 3115 3118 οὕτως
3135 3054 3476 3124 ἀντεχόμεθα

1884 3138 2051 3193 αὑτοῦ
2074 3138 2172 3207 τῆς
2196 3138 2438 3208 ἀγάπης,
2469 3135 2605 3190 ἀλλά
2627 3136 2889 3206 χρήματα
2910 3133 3076 3188 αὑτοῦ
3094 3132 3475 3204 προτιμῶμεν,

1885 3224 1978 3275 καὶ
2001 3221 2185 3287 φιλίας
2216 3218 2541 3289 ἀνθρώπων,
2580 3218 2676 3270 καὶ⁹
2702 3217 2956 3288 σώματος
3000 3217 3185 3270 ἄνεσιν
3210 3255 3223 3277 ,
3255 3216 3351 3268 καὶ
3386 3216 3476 3268 δυ-

1885 3304 2141 3358 ναστείαν
2165 3302 2468 3365 καὶδόξαν,
2516 3300 2607 3354 τοῦ
2652 3300 2820 3371 μηδὲν
2861 3299 3020 3370 ἡμῶν
3060 3298 3474 3370 προτιμῶντος;

1888 3389 2026 3441 Ἕνα
2048 3387 2157 3457 γὰρ
2188 3382 2332 3455 εἶχεν
2363 3384 2491 3436 Υἰὸν
2527 3384 2791 3453 μονογενῆ
2822 3382 2917 3435 καί⁵
2946 3383 3191 3451 γνήσιον,
3227 3381 3321 3434 καὶ
3355 3382 3477 3435 οὐδὲ

1885 3471 2076 3523 τούτου
2125 3468 2379 3537 ἐφείσατο
2417 3466 2484 3518 δι’
2525 3468 2705 3536 ἡμᾶς·
2761 3467 2923 3537 ἡμεῖς
2972 3463 3033 3517 δὲ
3082 3463 3248 3516 αὐτοῦ
3306 3463 3477 3516 πολλὰ

1889 3552 2265 3625 προτιμῶμεν.
2284 3547 2411 3621 'Ap‘
2431 3547 2524 3603 οὖν
2545 3551 2645 3603 οὐκ
2664 3550 2889 3613 εἰκότως
2906 3550 3097 3617 γέεννα
3121 3550 3213 3601 καὶ
3235 3547 3475 3610 κόλασις,

1889 3640 1937 3691 εί
1974 3639 2068 3691 καῖ
2097 3635 2260 3704 διπλῆ
2301 3636 2397 3689 καὶ
2430 3634 2632 3705 τριπλῆ
2665 3630 2733 3704 ἧν
2777 3634 2871 3686 καὶ
2903 3638 3161 3703 μυριάκις
3199 3632 3472 3702 mago-gn;

1890 3722 1955 3775 Τί
1983 3719 2093 3790 γὰρ
2136 3719 2202 3772 ἂν
2227 3717 2445 3787 ἔχοιμεν
2473 3718 2671 3777 εἰπεῖν,
2704 3717 2834 3768 ὅταν
2867 3714 2963 3768 τοῦ
3008 3715 3225 3766 Σατανᾶ
3258 3714 3329 3766 τά
3352 3716 3475 3766 ἐπι-

1888 3805 2147 3874 τάγματα
2178 3799 2536 3870 προτιμῶμεν
2584 3798 2693 3851 τῶν
2720 3796 2813 3851 τοῦ
2848 3796 3087 3868 Χριστοῦ
3128 3797 3331 3865 νόμων,
3386 3799 3477 3848 καὶ

1888 3888 1987 3957 τῆς
2017 3884 2289 3955 σωτηρίας
2336 3882 2435 3951 τῆς
2470 3883 2746 3952 ἡμετέρας
2779 3880 3114 3949 ἀφειδῶμεν,
3162 3879 3249 3931 ἵνα
3288 3896 3478 3949 προτι-

1894 3973 2159 4044 μήσωμεν
2177 3967 2245 4020 τά
2260 3968 2359 4037 τῆς
2386 3966 2652 4035 πονηρίας
2679 3964 2815 4035 ἔργα
2831 3963 2925 4018 τοῦ
2956 3962 3109 4035 [672]
3137 3963 3311 4017 πάντα
3335 3962 3477 4030 ὑπὲρ

1889 4053 2049 4126 ήμῶν
2085 4050 2386 4115 παθόντος;
2419 4049 2531 4102 Καὶ
2572 4048 2731 4110 ποίας
2778 4047 3109 4115 συγγνώμης
3149 4049 3219 4099 τά
3250 4044 3477 4126 τοιαῦτα

1892 4125 2050 4204 ἀξιας
2084 4135 2243 4197 ποίας
2281 4131 2616 4199 ἀπολογίας;
2652 4128 2945 4199 Οὐδεμιᾶς.
2983 4128 3206 4198 Στῶμεν
3240 4125 3334 4181 οὖν
3367 4128 3478 4180 λοι-

1894 4224 1995 4276 πὸν
2028 4221 2103 4290 μὴ
2133 4217 2272 4273 κατὰ
2311 4214 2575 4286 κρημνῶν
2611 4213 2926 4284 φερόμενοι,
2961 4211 3055 4265 καὶ
3088 4211 3477 4282 ἀνανήψωμεν,

1893 4305 1986 4360 καὶ
2003 4304 2181 4357 πάντα
2194 4298 2648 4367 ἀναλογισάμενοι
2668 4296 2863 4359 ταῦτα,
2887 4293 3046 4359 δόξαν
3063 4294 3237 4349 ἀναπέ
3247 4294 3373 4365 μψω
3381 4310 3481 4363 μεν

1892 4390 2043 4460 αὖτῷ
2067 4387 2158 4442 διὰ
2176 4386 2283 4439 τῶν
2310 4384 2489 4454 ἔργων
2510 4400 2523 4414 ·
2545 4382 2605 4434 οὐ
2630 4381 2739 4452 γὰρ
2759 4382 2919 4451 ἀρκεῖ
2940 4380 3030 4433 διὰ
3048 4380 3157 4433 τῶν
3187 4380 3473 4460 ῥημάτων·

1894 4474 1983 4526 ἵνα
2015 4458 2109 4525 καὶ
2138 4469 2235 4539 τῆς
2264 4466 2422 4536 δόξης
2461 4464 2861 4533 ἀπολαύσωμεν
2890 4464 2989 4533 τῆς
3032 4464 3158 4533 παρ’
3190 4462 3381 4524 αὐτοῦ,
3411 4458 3478 4531 ἦς

1893 4556 2103 4625 γένοιτο
2142 4552 2352 4613 πάντας
2398 4550 2546 4619 ἡμᾶς
2594 4548 2893 4615 ἐπιτυχεῖν,
2925 4545 3109 4617 χάριτι
3146 4546 3238 4597 καὶ
3285 4546 3475 4625 φιλαν-

1895 4619 2113 4710 θρωπίᾳ
2138 4633 2230 4687 τοῦ
2256 4632 2460 4703 Κυρίου
2492 4630 2648 4699 ήμῶν
2682 4627 2858 4698 Ἰησοῦ
2880 4627 3143 4696 Χριστοῦ,
3175 4626 3293 4695 μεθ’
3318 4619 3378 4678 οῦ
3402 4627 3478 4696 τῷ

1895 4722 2070 4793 Ila.th
2100 4721 2215 4789 ἃμα
2241 4717 2319 4787 τῷ
2348 4715 2489 4785 ἀγίῳ
2531 4712 2810 4783 Πνεύματι
2844 4711 2994 4774 δόξα,
3040 4711 3239 4783 κράτος
3261 4751 3274 4773 ,
3321 4712 3478 4780 τιμὴ,

1896 4806 1990 4861 νῦν
2017 4805 2111 4859 καὶ
2140 4804 2246 4866 ἀεὶ,
2272 4801 2360 4853 καὶ
2392 4801 2470 4861 εἰς
2499 4798 2623 4860 τοὺς
2655 4796 2857 4858 αἰῶνας
2883 4794 2989 4847 τῶν
3017 4793 3246 4847 αἰώνων.
3285 4794 3476 4864 Ἀμήν.

2983 4973 3419 4986 -ι--υ-α--ακε

1714 5182 1959 5237 OMIAIA
1999 5181 2090 5246 ς’.

214 5350 351 5410 Ἴδε,
382 5347 464 5401 σὺ
502 5342 781 5407 Ἰουδαῖος
806 5337 1162 5410 ἐπονομάζῃ,
1191 5340 1288 5392 καὶ
1322 5337 1681 5410 ἐπαναπαύῃ
1717 5334 1796 5410 τῷ

285 5406 466 5486 νόμῳ,
508 5416 605 5469 καί
640 5406 1037 5486 καυχᾶσαι
1078 5409 1353 5486 Θεῷηκαί
1386 5406 1698 5486 γινώσκεις
1730 5406 1795 5457 τὸ

285 5478 536 5553 θέίιηιια,
591 5484 687 5535 καί
737 5478 1063 5553 δοκίμάζεις
1107 5481 1177 5533 τὰ
1225 5478 1605 5547 διαφέροντα,
1648 5491 1789 5528 κατ-

290 5549 624 5626 ηχούμενος
652 5554 719 5605 ἐκ
757 5549 862 5603 τοῦ
903 5553 1111 5617 νόμου.

286 5684 357 5731 α’.
394 5673 598 5737 Εἰπὼν,
622 5672 703 5725 ὅτι
729 5672 878 5724 οὐδὲν
919 5667 1409 5739 λείπειτῷ“Ελληνι
1444 5667 1581 5738 πρὸς
1614 5666 1672 5719 τὸ
1699 5683 1804 5718 σω-

217 5764 403 5833 θῆναι,
434 5759 529 5810 ἐάν
549 5755 642 5807 τοῦ
680 5756 842 5824 νόμου
940 5755 1191 5824 ποιητὴς,
1229 5754 1322 5806 καὶ
1351 5752 1449 5821 τὴν
1476 5750 1799 5833 θαυμαστὴν

222 5832 509 5912 σύγκρισιν
541 5839 904 5907 ποιησάμενος
935 5838 1167 5905 ἐκείνην,
1193 5836 1373 5906 τίθησι
1400 5834 1582 5887 λοιπὸν
1610 5834 1703 5885 καί¹
1727 5832 1794 5884 τὰ

226 5926 401 5997 σεμνά
446 5924 551 5977 τῶν
598 5921 899 5987 Ἰουδαίων,
953 5922 1044 5991 ἀφ’
1079 5914 1151 5975 ὧν
1202 5919 1340 5973 κατά
1376 5918 1487 5973 τῶν
1530 5916 1793 5986 Ἑλλήνων

1893 5332 2175 5403 ἐφρόνουν.
2215 5327 2328 5385 Καὶ
2361 5324 2577 5396 πρῶτον
2609 5318 2742 5375 αὐτὸ
2776 5318 2836 5372 τὸ
2870 5318 3041 5403 ὄνομα
3093 5315 3127 5369 ὅ
3157 5316 3363 5403 σφόδρα
3387 5333 3483 5403 σεξ

1898 5399 2029 5486 μνδν
2054 5411 2143 5485 ἦν,
2178 5413 2368 5483 ὥσπερ
2399 5409 2494 5462 νῦν
2523 5410 2551 5460 ὁ
2595 5401 3053 5486 Χριστιανισμός·
3103 5400 3198 5486 καὶ
3234 5399 3343 5486 γὰρ
3374 5400 3483 5486 ἀπο

1894 5482 1995 5568 τῆς
2026 5482 2398 5569 προσηγορίας
2444 5490 2614 5560 πολλὴ
2644 5485 2711 5559 ῆν
2752 5488 2786 5556 ἡ
2818 5484 3050 5569 διαφορά
3084 5483 3179 5569 καὶ
3211 5483 3333 5569 τότε
3358 5495 3371 5509 °
3406 5482 3486 5569 διο

1899 5565 1994 5636 καὶ
2041 5565 2291 5634 ἐντεῦθεν
2320 5577 2568 5649 ἄρχεται.
2619 5572 2856 5649 Καὶῗὸρα
2896 5568 3013 5631 πῶς
3042 5566 3174 5620 αὐτὸ
3208 5565 3483 5649 καθαιρεῖ.

1900 5666 1975 5717 Ού
2008 5664 2117 5733 γάρ
2141 5658 2283 5723 εἰπε,
2310 5646 2669 5717 ΣῦῚουδαῖος
2696 5648 2766 5719 εί,
2789 5652 2929 5713 ἀλλ’,
2970 5646 3361 5733 Ἐπονομάζῃ,
3387 5647 3488 5733 καί

1903 5731 2208 5817 καυχᾶσαι
2232 5746 2302 5798 ἐν
2336 5739 2476 5806 Θεῷ·
2509 5738 2810 5802 τουτέστιν,
2848 5737 2925 5800 ὡς
2958 5732 3204 5817 φιληθεὶς
3225 5731 3365 5817 παρ’
3390 5732 3485 5817 αι).

1902 5814 2131 5894 τοῦ,καί
2155 5824 2514 5897 προτιμηθεὶς
2536 5821 2645 5875 τῶν
2666 5822 2843 5874 ἀλλων
2860 5819 2957 5872 ἀνθ
2967 5816 3183 5889 ρώπων.
3223 5814 3487 5897 Ἐνταῦθα

1902 5914 1958 5967 δέ
1994 5929 2083 5983 μοι
2106 5895 2291 5982 ἠρέμα
2312 5895 2460 5963 δοκεῖ
2482 5906 2559 5971 εἰς
2590 5904 2850 5958 ἀπόνοιάν
2881 5919 2939 5955 τε
2967 5900 3163 5961 αὐτοὺς
3194 5895 3487 5971 σκώπτειν³
