4108 6340
711 347 814 400 εδδ

1388 344 1445 396 S.
1486 339 1766 396 JOANNIS
1804 325 2294 395 CIIRYSOSTOMI
2333 334 2651 393 ARCIIIEP.
2688 337 3236 394 CONSTANTINOP.

3847 340 3948 392 453

709 460 802 513 καὶ
832 460 910 521 εἰς
949 457 1142 527 πολλὴν
1172 458 1268 526 τὴν
1306 456 1657 525 δοξομανίαν,
1689 457 1767 508 δτι
1801 456 1879 526 τῷ
1905 456 2060 526 δώρῳ
2093 454 2264 522 τούτῳ
2370 455 2697 522 παιδευτὴν
2753 456 3056 522 ἀφρόνων,
3107 451 3475 505 διδάσκαλον
3535 449 3808 516 νηπίων,
3862 451 3950 501 τὸν

707 543 804 593 οὐκ
836 541 916 602 εἰς
950 538 1047 608 τὴν
1083 539 1354 608 σωτηρίαν
1394 539 1492 607 τὴν
1536 538 1761 600 ἑαυτῶν,
1804 537 1916 590 ἀλλ’
1948 540 2026 600 εἰς
2064 537 2124 588 τὸ
2155 534 2262 586 τῶν

705 621 874 674 ἄλλων
894 620 1374 683 κατεξανίστασθαι
1392 621 1485 672 καὶ
1507 619 1778 689 ὐπερορᾷν
1795 619 2190 688 κατεκέχρηντο
2208 628 2231 654 ο
2245 653 2256 666 .

703 706 808 758 Καὶ
831 703 1139 774 γινώσκεις
1162 703 1230 756 τὸ
1252 702 1493 770 θέλημα,
1512 703 1605 755 καὶ
1627 701 1954 771 δοκιμάζεις
1979 701 2046 752 τὰ
2064 698 2260 766 διαφέ-

695 803 904 852 ροντα.
935 786 1044 839 Καὶ
1089 786 1193 856 μὴν
1221 787 1313 838 καὶ
1343 785 1499 837 τοῦτο
1531 785 1819 855 ἐλάττωμα
1861 785 2024 854 χωρὶς
2061 781 2222 851 ἔργον
2242 796 2256 810 ·

2379 537 2604 589 ἐκείνων
2642 538 2788 605 λέγει
2822 538 2986 604 τῦφον
3009 555 3020 567 ·
3053 535 3259 604 σφόδρα
3287 533 3392 604 γάρ
3422 533 3820 602 άπεκέχρηντο
3839 536 3949 592 τοῖς

2367 620 2742 689 προσηλύτοις,
2773 621 2865 672 καὶ
2895 621 3003 673 ἀπὸ
3032 620 3234 671 τούτων
3265 617 3489 670 ἐκάλουν
3515 616 3621 670 τῶν
3648 616 3947 684 ὀνομάτων

2362 701 2579 764 αὐτούς.

2435 783 2500 852 β’.
2537 785 2627 836 Διὸ
2662 785 2754 837 καὶ
2811 784 3249 853 ἐπιδαψιλεύεται
3305 783 3418 843 τοῖς
3457 781 3711 834 δοκοῦσιν
3761 781 3946 833 αὐτῶν

701 868 814 920 ἀλλ’
847 871 995 937 ὅμως
1037 868 1209 920 ἐδόκει
1251 866 1627 936 πλεονέκτημα
1665 863 1822 918 εἶναι·
1864 867 1942 919 διὸ
1979 865 2074 916 καὶ
2121 861 2261 932 μετὰ
2372 862 2508 918 εἶναι
2535 867 2846 936 ἐγκωμίοις,
2867 866 3040 928 εἰδὼς,
3064 865 3145 917 ὅτι
3178 864 3420 933 μείζονος
3440 864 3787 934 κατηγορίας
3815 864 3948 915 ὐπό-

701 950 985 1020 ἀκριϐείας
1004 949 1133 1002 αὐτδ
1154 947 1381 1018 τίθησιν.
1403 949 1475 1000 Οὐ
1503 951 1611 1018 γὰρ
1632 944 1774 1010 εἷπε,
1798 947 2082 1018 Πράττεις,
2101 943 2256 1004 ἀλλὰ,

701 1031 1024 1097 Γινώσκεις
1050 1031 1145 1084 καὶ
1175 1030 1500 1098 δοκιμάζεις
1519 1071 1532 1090 ,
1563 1033 1623 1084 οὐ
1658 1033 1895 1102 μετέρχῃ
1931 1029 2026 1082 καὶ
2063 1029 2253 1087 ποιεῖς.

701 1114 992 1179 Πέποιθάς
1017 1131 1079 1166 τε
1106 1113 1367 1166 σεαυτὸν
1387 1114 1606 1181 ὁδηγὸν
1632 1111 1785 1166 εἶναι
1807 1111 2070 1180 τυφλῶν.
2091 1109 2256 1162 Πάλιν

699 1195 927 1249 ἐνταῦθα
975 1196 1074 1248 οὐκ
1110 1190 1296 1261 εἶπεν,
1343 1196 1425 1248 ὅτι
1472 1192 1520 1248 εἶ
1565 1196 1754 1264 ὀδηγδς
1803 1193 2052 1262 τυφλῶν,
2089 1191 2254 1254 ἀλλὰ,

697 1277 1011 1343 Πέποιθας,
1037 1276 1178 1330 οὕτω
1210 1278 1533 1347 κομπάζεις,
1577 1277 1741 1346 φησί·
1776 1275 1941 1344 πολλὴ
1985 1274 2092 1342 γὰρ
2129 1269 2253 1342 ῆνή

696 1360 919 1412 ἀπόνοια
960 1359 1068 1412 τῶν
1112 1360 1398 1413 Ἰουδαίων.
1435 1360 1524 1411 Διὸ
1567 1361 1658 1412 καὶ
1707 1359 1888 1428 σχεδὸν
1923 1357 2061 1411 αὐτὰ
2093 1355 2255 1422 φθέγ-

695 1459 850 1509 γεται
880 1441 947 1494 τὰ
980 1444 1214 1510 ῥήματα,
1245 1440 1386 1510 άπερ
1416 1443 1612 1492 ἐκεῖνοι
1651 1439 2021 1509 κομπάζοντες
2050 1439 2252 1504 ελεγον.

698 1529 838 1595 Ὀρα
890 1526 1018 1593 γοῦν
1067 1528 1124 1578 ἐν
1170 1527 1280 1588 τοῖς
1329 1525 1675 1592 Εὐαγγελίοις
1719 1525 1770 1576 τί
1817 1525 2094 1590 λέγουσιν·
2155 1523 2254 1573 Ἐν

693 1610 999 1676 ἁμαρτίαις
1037 1608 1116 1661 σὺ
1149 1607 1469 1676 ἐγεννήθης
1504 1607 1666 1674 ὅλος,
1703 1608 1798 1660 καὶ
1829 1606 1910 1662 σὺ
1947 1605 2251 1670 διδάσκεις

692 1689 878 1757 ήμὰς;
934 1691 1024 1742 καὶ
1079 1690 1216 1759 μέγα
1269 1690 1528 1758 ἐφρόνουν
1581 1690 1722 1743 κατά
1781 1689 2015 1743 πάντων.
2075 1689 2250 1757 ’ὓπερ

691 1771 922 1840 ἐλέγχων
951 1773 980 1823 ὁ
1007 1770 1215 1834 Παῦλος
1254 1772 1485 1841 ἐπέμενε
1511 1771 1562 1833 ι’,
1599 1774 1819 1836 τούτους
1852 1773 1949 1842 μὲν
1988 1771 2246 1842 ἐπαίρων,

692 1855 928 1916 ἐκείνους
991 1854 1046 1906 δὲ
1102 1854 1399 1924 καθαιρῶν,
1455 1856 1541 1908 ἵνα
1608 1855 1751 1909 οὕτω
1819 1856 2018 1925 μᾶλλον
2073 1854 2250 1908 αὐτῶν

691 1935 1019 2004 καθάψηται,
1053 1937 1148 1988 καὶ
1188 1935 1487 2005 βαρυτέραν
1524 1940 1724 2010 ποιήσῃ
1762 1937 1856 2007 τήν
1897 1937 2244 2007 κατηγορίαν.

689 2019 777 2070 Διὸ
807 2019 899 2072 καὶ
935 2018 1179 2086 πρόεισιν
1209 2017 1385 2080 αὔξων
1428 2018 1488 2070 τὸ
1525 2019 1760 2083 τοιοῦτο,
1810 2021 1903 2072 καλ⁸
1944 2018 2246 2082 πλεονάζων

687 2100 764 2169 τῷ
793 2100 1059 2170 δαφόρως
1100 2101 1480 2167 ἀπαγγέλλειν.
1520 2103 1813 2168 Πέποιθας
1849 2103 1953 2173 γὰρ
1987 2103 2247 2158 σεαυτὸν

687 2181 906 2250 ὁδηγὸν
947 2178 1096 2236 εἶναι
1139 2181 1400 2249 τυφλῶν,
1433 2183 1557 2252 φῶς
1597 2186 1715 2238 τῶν
1743 2185 1811 2236 ἐν
1843 2187 2079 2248 σκότει,
2111 2202 2245 2239 παι-

686 2265 816 2318 δευτ
835 2265 907 2332 ὴν
961 2266 1273 2333 ἀφρόνων,
1337 2265 1710 2320 διδάσκαλον
1773 2266 1924 2337 [475]
1979 2270 2242 2334 νηπίων,

686 2348 904 2414 ἔχοντα
953 2347 1065 2414 τὴν
1111 2349 1424 2416 μόρφωσιν
1486 2347 1594 2416 τῆς
1645 2349 1920 2416 γνώσεως
1977 2349 2075 2402 καί
2135 2348 2243 2415 τῆς

685 2429 966 2495 ἀληθείας
1003 2429 1070 2480 ἐν
1115 2428 1191 2493 τῷ
1241 2431 1418 2498 νόμῳ.
1465 2431 1575 2482 Οὐκ
1627 2429 1746 2482 εἷπε
1794 2431 1975 2495 πάλιν,
2032 2431 2118 2482 Ἐν
2167 2429 2243 2500 τῷ

686 2511 940 2564 συνειδότι
969 2511 1064 2564 καὶ
1092 2513 1148 2562 ἐν
1190 2515 1309 2574 ταῖς
1341 2512 1570 2582 πράξεσι
1615 2513 1706 2565 καὶ
1739 2514 1797 2565 ἐν
1823 2516 1932 2576 τοῖς
1965 2512 2240 2580 κατορθώ-

688 2609 870 2662 μασιν,
914 2593 1051 2655 011‘,
1092 2594 1186 2645 Ἑν
1213 2593 1292 2657 τῷ
1334 2596 1512 2663 νόμῳ.
1546 2595 1655 2647 Καὶ
1682 2595 1854 2647 ταῦτα
1890 2594 2079 2656 εἰπὼν,
2109 2595 2244 2664 ὅπερ

686 2675 779 2726 καὶ
817 2675 910 2726 ἐπὶ
940 2673 1046 2727 τῶν
1085 2673 1310 2728 ἐθνικῶν
1358 2676 1612 2746 ἐποίησε,
1661 2672 1817 2729 τοῦτο
1866 2679 1959 2729 καὶ
1992 2676 2240 2728 ἐνταῦθα.

687 2757 894 2826 Ὠσπερ
939 2757 1044 2826 γάρ
1091 2758 1204 2810 ἐκεῖ
1250 2775 1448 2828 φησιν,
1501 2759 1603 2812 Ἐν
1633 2751 1680 2824 ᾧ
1728 2759 1836 2828 γὰρ
1885 2760 2103 2826 κρίνεις
2138 2757 2244 2810 τὸν

683 2838 910 2906 ἕτερον,
953 2840 1210 2892 σεαυτὸν
1251 2841 1654 2908 κατακρίνεις·
1705 2842 1844 2893 οὐτω
1881 2843 1976 2894 καὶ
2011 2840 2241 2893 ἐνταῦθα

683 2921 847 2988 λέγει,
889 2920 950 2973 Ὀ
977 2916 1088 2974 οὗν
1112 2919 1413 2975 διδάσκων
1443 2922 1663 2989 ἕτερον,
1688 2923 1948 2993 σεαυτὸν
1977 2925 2047 2976 οὐ
2081 2921 2240 2975 διδά-

682 3019 890 3086 σκειςς
937 3003 1070 3055 Ἀλλ’
1112 3005 1228 3056 ἐκεῖ
1275 3003 1373 3074 μὲν
1410 3005 1857 3086 άποτομώτερον,
1915 3005 2142 3086 ἐνταῦθα
2184 3005 2241 3058 δέ

682 3085 1028 3156 ήμερὼτερον
1065 3086 1324 3156 κέχρηται
1363 3085 1440 3156 τῷ
1477 3087 1638 3157 λόγῳ.
1682 3084 1755 3140 Οὐ
1802 3087 1907 3154 γὰρ
1950 3084 2091 3144 εἷπε.
2134 3089 2243 3140 Καὶ

685 3166 789 3236 μὴν
815 3166 899 3218 διὰ
917 3166 1070 3220 τοῦτο
1089 3167 1332 3236 μείζονος
1361 3164 1408 3220 εἷ
1432 3168 1704 3230 κολάσεως
1724 3168 1891 3232 ἄξιος,
1908 3170 1987 3221 ὅτι
2008 3169 2241 3221 τοσαῦτα

681 3249 1060 3318 ἐγχειρισθεὶς,
1098 3249 1265 3302 οὐδενὶ
1299 3249 1498 3303 τούτων
1529 3252 1609 3312 εἰς
1640 3249 1755 3302 δέον
1790 3251 2073 3321 κέχρησαι·
2106 3250 2239 3303 ἀλλὰ

682 3331 798 3382 κατ’
834 3330 1098 3400 ἐρώτησιν
1131 3332 1357 3401 προάγει
1389 3333 1479 3385 τὸν
1507 3333 1684 3400 λόγον,
1725 3333 1999 3402 ἐντρέπων
2033 3335 2123 3385 καὶ
2155 3334 2240 3385 λέ-

682 3430 822 3479 γων·
883 3414 944 3464 '0
985 3410 1096 3467 οὖν
1140 3415 1439 3468 διδάσκων
1470 3416 1692 3483 ἕτερον,
1735 3417 1996 3470 σεαυτὸν
2035 3419 2106 3469 οὑ
2151 3417 2237 3469 δι-

679 3494 954 3559 δάσκεις;
993 3495 1190 3548 Σκόπει
1221 3496 1276 3548 δέ
1313 3513 1402 3566 μοι
1443 3499 1536 3549 καὶ
1576 3498 1846 3568 ἑτέρωθεν
1883 3498 1976 3552 τοῦ
2025 3497 2237 3552 Παύλου

679 3575 775 3644 τὴν
834 3578 1064 3631 σύνεσιν.
1117 3579 1196 3632 Τά
1249 3580 1355 3650 γὰρ
1406 3581 1851 3652 πλεονεκτήματα
1902 3583 2082 3654 τίθησι
2131 3584 2239 3647 τῶν

691 3660 958 3712 Ἰουδαίων
990 3660 1179 3724 ταῦτα,
1214 3662 1355 3732 άπερ
1396 3663 1454 3716 οὐ
1507 3664 1605 3733 τῆς
1650 3664 1826 3717 αὐτῶν
1873 3667 2105 3737 σπουδῆς
2147 3664 2233 3739 ἦν,

680 3741 812 3794 ἀλλὰ
854 3742 958 3811 ,τῆς
1000 3743 1204 3796 ἄνωθεν
1247 3745 1474 3814 δωρεᾶς,
1513 3749 1606 3799 καὶ
1643 3747 1932 3813 δείκνυσιν,
1974 3751 2032 3800 οὐ
2080 3751 2237 3820 μόνον

681 3823 909 3891 περιττὰ
939 3826 1066 3878 ὄντα
1088 3825 1375 3895 ἀμελοῦσιν
1407 3828 1607 3890 αὐτοῖς.
1637 3829 1773 3883 ἀλλὰ
1803 3831 1894 3882 καὶ
1924 3834 2237 3903 προσθήκην

679 3906 948 3969 κολάσεως
993 3908 1244 3978 φέροντα.
1290 3909 1363 3961 Οὐ
1408 3910 1513 3981 γὰρ
1545 3911 1603 3963 τὸ
1646 3913 1892 3966 Ἰουδαῖον
1935 3915 2234 3982 καλεῖσθαι,

678 3989 853 4039 αὐτῶν
893 3989 1238 4058 κατόρθωμα,
1285 3991 1405 4044 οὐδὲ
1447 3993 1508 4045 τὸ
1554 3994 1717 4064 νόμον
1760 3995 1960 4059 λαϐεῖν,
2005 3999 2125 4051 οὐδέ
2169 4000 2236 4052 τὰ

677 4069 828 4134 ἄλλα,
857 4070 998 4141 ἆπερ
1025 4072 1447 4144 άπηριθμήσατο
1475 4075 1589 4138 νῦν,
1622 4076 1755 4129 ἀλλὰ
1780 4077 1880 4147 τῆς
1908 4079 2110 4132 ἄνωθεν
2138 4081 2235 4150 χά-

679 4169 843 4220 ριτος.
893 4155 1001 4206 Καὶ
1039 4155 1188 4225 παρὰ
1235 4157 1329 4224 μὲν
1367 4158 1462 4223 τὴν
1494 4158 1666 4228 ἀρχὴν
1715 4161 1918 4227 ἔλεγεν,
1963 4163 2045 4216 ὃτι
2084 4164 2233 4217 οὐδὲν

675 4235 872 4303 ὠφελεῖ
893 4238 923 4306 ή
949 4238 1206 4306 ἀκρόασις
1225 4237 1320 4290 τοῦ
1341 4240 1526 4308 νόμου,
1551 4243 1644 4292 ἐὰν
1668 4243 1740 4312 μὴ
1761 4246 1792 4312 ή
1818 4244 2010 4311 πρᾶξις
2033 4250 2228 4316 προσῇ·

670 4319 752 4370 Οὐ
783 4317 890 4386 γὰρ
919 4323 969 4371 οί
998 4320 1277 4386 ἀκροαταί
1305 4322 1408 4374 τοῦ
1429 4324 1633 4389 νόμου,
1661 4326 1813 4394 φησὶ,
1839 4324 2052 4378 δίκαιοι
2076 4331 2233 4396 παρὰ

675 4397 752 4462 τῷ
781 4400 920 4464 Θεῷ·
951 4401 1041 4453 νῦν
1063 4403 1116 4454 δέ
1140 4402 1313 4470 πολλῷ
1343 4404 1540 4471 μᾶλλον
1569 4405 1853 4470 δείκνυσιν,
1875 4407 1956 4460 ὄτι
1985 4408 2043 4460 οὐ
2075 4409 2231 4479 μόνον

674 4481 706 4548 ἡ
734 4481 1014 4550 ἀκρόασις,
1061 4483 1195 4535 ἀλλὰ
1229 4487 1319 4536 καὶ
1341 4526 1354 4548 ,
1403 4486 1430 4538 ὃ
1476 4486 1634 4538 πλέον
1669 4487 1767 4555 τῆς
1797 4489 2110 4558 ἀκροάσεως
2141 4487 2226 4561 ἦν,

674 4564 706 4630 ἡ
734 4563 1042 4617 διδασκαλία
1071 4566 1190 4618 οὐδὲ
1221 4567 1355 4637 αὐτὴ
1382 4567 1664 4638 δυνήσεται
1693 4571 2009 4638 προστῆναι,
2033 4572 2126 4624 τοῦ
2151 4572 2228 4625 δι-

673 4643 956 4708 δάσκοντος
986 4649 1058 4716 μὴ
1091 4648 1415 4716 πράττοντος
1446 4649 1608 4720 άπερ,
1643 4652 1796 4718 φησὶ,
1833 4651 2103 4708 διδάσκει·
2141 4655 2230 4708 καὶ

673 4726 731 4776 οὐ
768 4726 924 4794 μόνον
943 4729 1001 4778 οὐ
1028 4731 1408 4798 προστήσεται,
1428 4731 1562 4785 ἀλλὰ
1587 4735 1679 4784 καὶ
1702 4733 1920 4786 κολάσει
1946 4735 2226 4803 μειζόνως.

673 4807 867 4870 Καλῶς
897 4808 952 4860 δὲ
982 4810 1072 4862 καὶ
1105 4812 1221 4872 ταῖς
1254 4811 1426 4873 λέξεσι
1473 4813 1768 4883 κέχρηται·
1802 4816 1860 4867 οὐ
1903 4817 2011 4886 γὰρ
2055 4812 2226 4883 εἶπεν,

676 4890 905 4950 Ἔλαϐες
933 4892 1112 4960 νόμον,
1146 4892 1258 4945 ἀλλ’
1279 4933 1292 4957 ,
1341 4895 1729 4962 Ἐπαναπαύῃ
1763 4899 1954 4965 νόμῳ·
1989 4900 2082 4951 καὶ
2121 4899 2228 4970 γὰρ

669 4970 766 5022 οὐκ
795 4971 1027 5041 ἔκαμνεν
1061 4975 1092 5026 ὁ
1124 4974 1370 5037 Ἰουδαῖος
1411 4976 1638 5047 περιιὼν
1678 4979 1770 5031 καί
1795 4980 1972 5048 ζητῶν
2006 4981 2074 5032 τά
2095 4998 2228 5050 πρα-

670 5053 827 5118 κτέα,
860 5055 973 5106 ἀλλ’
999 5055 1056 5120 ἐξ
1090 5057 1334 5119 εὐκολίας
1365 5057 1475 5127 εἶχε
1508 5059 1594 5112 τὸν
1615 5060 1775 5129 νόμον
1815 5062 2093 5114 δεικνύντα
2128 5064 2226 5131 τὴν

668 5135 760 5186 ἐπὶ
791 5137 887 5204 τὴν
915 5138 1110 5208 ἀρετὴν
1141 5139 1407 5208 φέρουσαν
1445 5140 1580 5193 ὀδόν.
1615 5143 1673 5193 Εἰ
1718 5143 1824 5212 γὰρ
1858 5144 1950 5194 καλ.
1986 5147 2054 5197 τὰ
2099 5145 2222 5213 ἔθνη

669 5217 780 5288 ἔχει
834 5221 924 5273 τὸν
978 5223 1076 5291 τῆς
1130 5223 1341 5288 φύσεως
1389 5224 1664 5293 λογισμὸν.
1717 5229 1837 5283 ὅθεν
1898 5228 2075 5280 αὐτῶν
2132 5231 2225 5282 καὶ

668 5301 999 5366 πλεονεκτεῖ,
1028 5306 1197 5374 χωρὶς
1232 5306 1542 5377 ἀκροάσεως
1579 5308 1654 5370 ὡς
1700 5308 1954 5361 ποιοῦντα
1988 5309 2220 5375 ἅπαντα,

666 5383 778 5439 ἀλλ’
812 5384 956 5452 ὅμως
997 5386 1112 5439 ἐκεῖ
1147 5387 1345 5456 μείζων
1384 5390 1416 5456 ὴ
1451 5389 1666 5442 εὐκολία
1697 5385 1783 5459 ῆν.
1834 5390 1893 5443 Εἰ
1920 5391 1972 5444 δέ
2021 5393 2217 5458 λέγεις,

665 5466 745 5518 ὅτι
777 5466 887 5517 Οὐκ
923 5467 1100 5520 ἀκούω
1151 5471 1326 5538 μόνον,
1361 5471 1494 5524 ἀλλὰ
1522 5473 1614 5523 καὶ
1643 5473 1902 5528 διδάσκω·
1935 5475 2028 5526 καὶ
2063 5475 2220 5532 τοῦτο

666 5549 796 5605 αὐτὸ
829 5549 1111 5619 προσθήκη
1148 5554 1430 5624 τιμωρίας.
1485 5554 1699 5624 Ἐπειδὴ
1737 5556 1841 5623 γάρ
1869 5557 2041 5627 τούτῳ
2079 5559 2219 5629 μέγα

666 5632 940 5701 ἐφρόνουν,
979 5633 1225 5686 ἐντεῦθεν
1259 5638 1486 5704 μάλιστα
1529 5640 1721 5702 αὐτοὺς
1764 5640 2033 5694 δείκνυσιν
2060 5643 2218 5705 ὄντας

667 5715 1114 5782 καταγελάστους.
1163 5719 1326 5770 Ὅταν
1366 5720 1421 5772 δέ
1464 5721 1614 5792 λέγῃ,
1671 5722 1912 5791 Ὀδηγὸν
1951 5727 2213 5793 τυφλῶν,

726 5836 1224 5908 ’ἣριίἱῖὰπεκέχρηντα
1291 5837 1316 5875 ιι
1343 5839 1421 5889 Sic
1452 5843 1596 5892 SaVil.
1623 5850 1670 5892 el
1699 5859 1809 5893 mss.
1841 5845 2007 5896 Morel.
2034 5860 2166 5906 vero,
2191 5853 2214 5894 ὁ

648 5893 727 5951 Hc
742 5894 851 5956 ὖλος
871 5893 1080 5958 ἐπέτεμε,
1101 5913 1372 5961 perperam.

2360 947 2502 1010 θεσις
2523 949 2588 1000 τὰ
2610 949 2896 1016 λεγόμενα.
2921 949 3177 1014 Ἕχοντα
3198 946 3312 1010 τὴν
3320 947 3632 1013 μόρφωσιν
3649 943 3771 1012 τῆς
3792 945 3945 1013 γνὼ-

2357 1044 2509 1096 σεως
2535 1031 2630 1083 καί
2665 1030 2773 1097 τῆς
2801 1031 3085 1097 ἀληθείας
3119 1029 3188 1080 ἐν
3213 1027 3291 1092 τῷ
3328 1029 3505 1095 νόμῳ.
3540 1030 3711 1080 Ὠσπε
3723 1046 3764 1098 ρ
3797 1029 3868 1080 ἂν
3897 1029 3946 1078 εἰ

2357 1127 2439 1174 τις
2471 1111 2568 1182 τὴν
2607 1112 2889 1183 βασιλικὴν
2924 1112 3106 1165 εἰκόνα
3134 1111 3292 1180 έχων.
3335 1111 3502 1178 μηδὲν
3528 1112 3663 1179 πρὸς
3715 1112 3942 1177 ἐκείνην

2357 1194 2582 1264 γράφοι·
2619 1195 2670 1246 οί
2702 1195 2760 1248 δέ
2790 1197 2863 1265 μὴ
2892 1194 3268 1257 πιστευθέντες
3292 1194 3482 1262 αὐτὴν,
3509 1195 3598 1244 καὶ
3632 1195 3818 1262 χωρὶς
3847 1194 3942 1245 τοῦ

2357 1275 2710 1346 πρωτοτύπου
2765 1276 2904 1346 μετὰ
2941 1276 3224 1347 ἀκριϐείας
3272 1276 3439 1346 αὐτὴν
3481 1277 3757 1344 μιμοῖντο.
3811 1273 3942 1328 Εἶτα

2355 1357 2524 1410 εἰπὼν
2540 1357 2610 1411 τὰ
2628 1359 3100 1428 πλεονεκτήματα,
3131 1360 3234 1412 ἆπε
3243 1375 3272 1427 ρ
3292 1358 3449 1427 ἔσχον
3470 1359 3618 1428 παρὰ
3640 1358 3738 1411 τοῦ
3774 1358 3940 1420 Θεοῦ,

2355 1438 2499 1506 λέγει
2553 1440 2730 1493 αὐτῶν
2781 1441 2854 1494 τὰ
2905 1441 3290 1510 ἐλαττώματα,
3352 1440 3493 1510 άπερ
3549 1442 3598 1492 οἱ
3648 1441 3942 1510 προφῆται

2355 1523 2710 1593 κατηγόρουν,
2737 1524 2904 1577 ταῦτα
2941 1526 3019 1588 εἰς
3062 1524 3225 1594 μέσον
3258 1525 3435 1592 φέρων
3462 1540 3474 1553 ·
3522 1524 3585 1576 Ὀ
3612 1520 3730 1576 οὖν
3763 1525 3937 1576 διδά-

2354 1620 2518 1658 σκων
2539 1607 2762 1674 ἕτερον,
2789 1607 3048 1661 σεαυτὸν
3075 1608 3146 1660 οὑ
3169 1605 3513 1671 διδάσκεις;
3538 1611 3568 1659 ό
3591 1608 3941 1674 κηρύσσων

2346 1685 2432 1754 μὴ
2479 1689 2793 1752 κλέπτειν,
2837 1689 3145 1754 κλέπτειςς
3179 1691 3211 1742 ό
3239 1688 3430 1758 λέγων
3460 1689 3546 1756 μὴ
3576 1693 3902 1756 μοιχεύειν
3923 1734 3936 1752 ,

2345 1773 2684 1838 μοιχεύεις;
2739 1776 2772 1826 ὁ
2811 1773 3310 1840 βδελυσσόμενος
3354 1773 3425 1825 τὰ
3475 1771 3622 1842 [474]
3677 1773 3934 1832 εἴδωλα,

2351 1857 2712 1923 ίεροσυλεῖς;
2768 1859 2878 1910 Καὶ
2933 1857 3040 1928 γὰρ
3097 1857 3300 1927 σφόδρα
3354 1852 3420 1927 ῆν
3469 1858 3938 1926 ἀπηγορευμένον

2347 1938 2455 1989 τῶν
2494 1940 2550 1990 ἐν
2582 1941 2691 2003 τοῖς
2721 1940 3012 2002 εἰδωλείοις
3035 1950 3056 1978 ε
3102 1937 3367 1992 ἅπτεσθαι
3402 1939 3702 2007 χρημάτων
3737 1939 3834 1990 διὰ
3875 1939 3938 1990 τὸ

2350 2019 2630 2090 βδελυρόν·
2665 2023 2700 2093 ή
2739 2022 2796 2074 δὲ
2825 2025 2922 2092 τῆς
2959 2020 3390 2092 φιλοχρηματίας
3428 2021 3722 2089 τυραννὶς,
3752 2021 3931 2089 φησὶ,

2350 2103 2442 2155 καὶ
2491 2103 2679 2157 τοῦτον
2727 2105 2869 2174 ὑμᾶς
2917 2104 3098 2156 ἔπεισε
3157 2104 3530 2172 καταπατῆσαι
3589 2105 3682 2156 τὸν
3733 2105 3930 2174 νόμον.

2348 2181 2478 2238 Εἶτα
2504 2186 2563 2239 τὸ
2591 2187 2722 2239 πολύ
2756 2187 3048 2258 βαρύτερον
3083 2185 3303 2257 ὕστερον
3331 2187 3544 2252 ἐπάγει,
3586 2185 3785 2252 λέγων·
3821 2188 3933 2252 ’ος

2344 2268 2411 2320 ἐι·
2434 2271 2595 2337 νόμῳ
2625 2270 2945 2340 καυχᾶσαι,
2976 2269 3070 2322 διὰ
3111 2268 3218 2334 τῆς
3241 2268 3628 2336 παραϐάσεως
3666 2269 3778 2321 τοῦ
3823 2273 3929 2322 νό-

2337 2369 2458 2420 μου
2487 2352 2591 2405 τὸν
2625 2352 2771 2406 Θεὸν
2798 2351 3128 2422 ἀτιμάζὲις;
3160 2351 3262 2404 Δύο
3293 2351 3530 2404 τέθεικεν
3570 2351 3926 2419 ἐγκλήματα,

2347 2434 2545 2504 μᾶλλον
2587 2437 2644 2488 δέ
2679 2438 2826 2506 τρία·
2871 2439 2952 2488 ὄτι
2983 2453 3040 2488 τε
3089 2435 3442 2504 ἀτιμάζουσι,
3480 2435 3571 2486 καὶ
3614 2436 3694 2487 ὅτι
3736 2435 3806 2486 δι’
3849 2430 3930 2488 ὧν

2343 2517 2699 2587 ἐτιμήθησαν,
2724 2519 2817 2570 καὶ
2839 2519 2919 2570 ὅτι
2942 2518 3032 2570 τὸν
3053 2520 3356 2586 τιμήσαντα
3381 2517 3755 2586 ἀτιμάζουσιν,
3777 2519 3929 2588 ὅπερ

2342 2595 2412 2669 ἦν
2460 2602 2694 2670 ἐσχάτης
2743 2601 3132 2672 ἀγνωμοσύνης
3179 2600 3471 2672 ὑπερϐολή.
3525 2596 3655 2652 Εἶτα
3694 2602 3778 2652 ἵνα
3848 2602 3926 2670 μὴ

2343 2681 2470 2755 δόξῃ
2524 2686 2846 2753 κατηγορεῖν
2890 2682 3120 2747 οἴκοθεν,
3163 2681 3253 2735 τὸν
3300 2685 3582 2752 προφήτην
3630 2684 3926 2752 ἐπήγαγεν

2343 2766 2521 2818 αὐτῶν
2564 2768 2867 2837 κατήγορον
2887 2811 2900 2833 ,
2929 2767 3022 2819 νῦν
3068 2767 3164 2836 μὲν
3195 2769 3250 2820 ἐν
3282 2767 3469 2838 βραχεῖ
3499 2767 3588 2819 καὶ
3630 2767 3925 2835 συντόμως

2344 2849 2434 2900 καὶ
2461 2849 2534 2911 ὡς
2564 2850 2620 2901 ἐν
2651 2849 2945 2919 κεφαλαίῳ,
2976 2849 3201 2919 ὕστερον
3229 2850 3284 2903 δὲ
3313 2851 3404 2902 καὶ
3429 2850 3565 2903 κατὰ
3595 2849 3777 2920 μέρος,
3817 2851 3923 2903 καὶ

2341 2929 2434 2983 νῦν
2468 2931 2564 3000 μὲν
2595 2932 2684 2983 τὸν
2725 2931 2952 2985 Ἡσαΐαν
2972 2972 2985 2995 ,
3026 2933 3163 3002 μετὰ
3191 2933 3246 2984 δὲ
3275 2931 3444 2984 ταῦτα
3473 2932 3562 2984 τὸν
3595 2932 3777 2996 Δαυῖδ,
3824 2934 3922 2985 ὅτε

2342 3013 2435 3065 καὶ
2471 3013 2716 3075 πλείονας
2760 3013 3072 3078 ἐπεδείξατο
3115 3016 3238 3076 τοὺς
3280 3014 3554 3082 ἐλέγχους.
3604 3014 3726 3065 Ὅτι
3771 3015 3918 3084 γὰρ,

2344 3110 2416 3164 φη
2424 3095 2506 3146 σὶν
2515 3135 2529 3159 ,
2546 3097 2642 3147 οὐκ
2657 3094 2765 3161 ἐγὼ
2776 3095 2912 3146 λοιδο
2923 3095 3012 3164 ρού
3022 3113 3176 3164 μενος
3190 3097 3218 3147 ὐ
3227 3098 3315 3164 μῖν
3329 3095 3496 3148 ταῦτα
3510 3095 3920 3163 λέγω,άκουσον

2341 3175 2392 3227 τί
2416 3193 2574 3245 φησιν
2599 3180 2626 3229 ὁ
2661 3176 2906 3239 Ἦσαῖας,
2930 3180 3010 3230 ὅτι
3045 3179 3114 3231 Τὸ
3148 3178 3332 3246 ὄνομα
3354 3178 3457 3232 τοῦ
3485 3178 3632 3232 Θεοῦ
3651 3178 3722 3231 δι’
3746 3179 3921 3247 ὑμᾶς

2335 3258 2780 3326 ,βλασφημεῖται
2817 3259 2885 3310 ἐν
2933 3259 3055 3325 τοῖς
3106 3259 3367 3314 ἔθνεσιν.
3428 3260 3558 3312 Ἰδοὺ
3605 3263 3696 3313 καὶ
3744 3262 3918 3331 ἑτέρα

2339 3341 2495 3409 διπλῆ
2527 3341 2827 3411 κατηγορία
2861 3341 3042 3394 πάλιν.
3071 3342 3144 3394 Οὐ
3177 3342 3284 3413 γὰρ
3319 3342 3476 3412 μόνον
3509 3343 3682 3405 αὐτοὶ,
3716 3349 3914 3413 φησιν,

2341 3423 2671 3494 ὐϐρίζουσιν,
2701 3425 2833 3476 ἀλλὰ
2877 3425 2968 3477 καὶ
3007 3425 3222 3496 ἐτέρους
3266 3427 3343 3488 εἰς
3368 3426 3522 3479 τοῦτο
3553 3429 3913 3498 παρασκευά-

2340 3506 2509 3569 ζουσι.
2545 3507 2606 3558 Τί
2639 3507 2815 3559 τοίνυν
2847 3507 2944 3577 τῆς
2976 3508 3321 3571 διδασκαλίας
3357 3508 3567 3575 δφελος,
3621 3510 3748 3562 ὅταν
3778 3512 3913 3562 ἐαυ·

2339 3588 2464 3652 τούς
2505 3588 2580 3660 μὴ
2614 3588 2934 3662 διδάσκητε;
2995 3589 3136 3644 Ἀλλ’
3165 3592 3420 3663 ἀνωτέρω
3453 3591 3552 3660 μὲν
3589 3590 3743 3644 τοῦτο
3777 3587 3910 3646 εἷπε

2339 3673 2530 3742 μόνον,
2563 3674 2794 3726 ἐνταῦθα
2826 3675 2882 3727 δὲ
2915 3676 3008 3728 καὶ
3042 3677 3121 3738 εἰς
3153 3676 3212 3728 τὸ
3247 3675 3486 3728 ἐναντίον
3521 3674 3906 3745 περιέτρεψεν.

2339 3758 2472 3810 Οὐδὲ
2502 3756 2609 3827 γὰρ
2636 3759 2794 3826 μόνον
2816 3759 3060 3820 ἑαυτοὺς.
3087 3757 3197 3810 ἀλλ’
3229 3758 3345 3810 οὐδὲ
3376 3758 3593 3827 ἐτέρους
3621 3758 3906 3812 διδάσκετε

2335 3842 2402 3894 τά
2432 3843 2693 3911 πρακτέα·
2728 3843 2898 3895 καὶτὸ
2921 3841 3095 3911 πολλῴ
3119 3841 3514 3911 χαλεπώτερον,
3548 3843 3627 3894 ὅτι
3648 3843 3707 3894 οὐ
3739 3844 3907 3911 μόνον

2336 3925 2395 3976 οὐ
2439 3925 2715 3978 διδάσκετε
2755 3926 2823 3978 τά
2849 3925 2941 3978 τοῦ
2972 3926 3136 3994 νόμου
3158 3963 3171 3985 ,
3203 3922 3338 3976 0110
3367 3925 3460 3977 καὶ
3485 3926 3550 3976 τὰ
3577 3925 3792 3977 ἐναντία
3815 3924 3903 3978 διο

2335 4005 2581 4070 δάσκετε,
2607 4008 2942 4077 βλασφημεῖν
2965 4008 3055 4061 τὸν
3079 4007 3232 4070 Θεὸν,
3254 4007 3390 4078 ὅπερ
3411 4007 3646 4060 ἐναντίον
3675 4009 3792 4060 ἐστὶ
3819 4008 3904 4078 τῷ

2333 4088 2500 4158 νόμῳ.

2415 4171 2553 4224 Ἀλλ’
2585 4173 2617 4243 ή
2646 4173 2912 4243 περιτομὴ
2953 4173 3091 4242 μέγα
3114 4212 3129 4235 ,
3163 4173 3347 4241 φησίν.
3401 4173 3673 4243 ὐμολογῶ
3717 4174 3899 4241 κάγὼ,

2333 4253 2467 4307 άλλά
2489 4254 2630 4321 τότε,
2657 4256 2783 4308 ὅταν
2806 4255 2900 4324 ἐχῃ
2925 4255 3021 4324 τὴν
3045 4254 3191 4307 ἔνδον
3215 4258 3532 4326 περιτομήν.
3567 4257 3676 4308 Καὶ
3704 4257 3900 4310 σκόπει

2333 4335 2566 4400 σύνεσιν,
2596 4336 2712 4400 πῶς
2742 4339 3009 4408 εὐκαίρως
3040 4337 3132 4389 τὸν.
3161 4337 3288 4405 περὶ
3318 4337 3485 4407 αὐτῆς
3517 4339 3777 4406 εἰσήγαγε
3804 4339 3896 4390 λό-

2331 4436 2445 4487 γον.
2475 4421 2549 4472 υύ
2580 4421 2686 4492 γὰρ
2713 4421 2912 4485 εὐθέως
2944 4423 3036 4474 ἀπ’
3066 4423 3235 4484 αὐτῆς
3258 4421 3478 4492 ήρξατο,
3511 4422 3696 4492 ἐπειδὴ
3729 4423 3898 4494 πολλὴ

2329 4497 2396 4572 ἦν
2429 4503 2594 4572 αὐτῆς
2625 4505 2658 4573 ή
2693 4503 2958 4572 ὑπόληψις
2977 4520 2990 4534 ·
3017 4503 3128 4555 ἀλλ’
3157 4503 3315 4573 ήνίκα
3342 4503 3538 4568 ἔδειξεν
3560 4504 3759 4567 αὐτοὺς
3789 4506 3900 4558 ἀπὸ

2329 4585 2422 4637 τοῦ
2456 4585 2698 4655 μείζονος
2727 4586 3258 4656 προσκεκρουκότας,
3291 4586 3384 4638 καὶ
3413 4587 3510 4654 τῆς
3543 4587 3622 4648 εἰς
3650 4588 3740 4639 τὸν
3763 4588 3898 4641 Θεὸν

2330 4667 2673 4737 βλασφημίας
2700 4669 2923 4732 αἰτίους,
2956 4669 3072 4721 τότε
3094 4669 3276 4720 λοιπὸν
3302 4667 3478 4720 λαϐὼν
3504 4669 3595 4721 τὸν
3617 4671 3896 4740 ἀκροατὴν

2327 4752 2708 4818 κατεγνωκότα
2753 4751 2928 4803 αὐτῶν
2948 4791 2961 4811 ,
2994 4752 3088 4803 καὶ
3123 4750 3416 4819 γυμνώσας
3453 4751 3550 4818 τῆς
3581 4752 3893 4823 προεδρίας,

2329 4833 2534 4899 εἰσάγει
2567 4833 2655 4884 τὸν
2691 4834 2817 4901 περὶ
2848 4833 2946 4900 τῆς
2985 4833 3282 4901 περιτομῆς
3319 4831 3494 4898 λόγον,
3529 4832 3768 4904 θαρῤῶν,
3810 4837 3895 4887 ὃτι

2326 4914 2497 4977 οὐδεὶς
2527 4916 2662 4983 αὐτῇ
2693 4917 2976 4982 ψηφιεῖται
3008 4913 3192 4966 λοιπὸν
3213 4954 3227 4979 ,
3273 4914 3365 4965 καί
3400 4930 3559 4984 φησι·
3595 4917 3894 4984 lupae/12‘;

2322 4995 2436 5062 μὲν
2471 4997 2578 5064 γὰρ
2618 4995 2861 5063 ὠφελεῖ,
2889 4995 2996 5047 ἐὰν
3023 4997 3209 5062 νόμον
3243 4995 3542 5062 πράσσῃς.
3590 4997 3787 5070 Ριὶαίτοι
3830 5015 3893 5064 γε

2327 5077 2448 5144 ἐνῆν
2481 5078 2651 5139 άλλως
2678 5077 2845 5145 αὐτὴν
2875 5076 3142 5139 ἐκϐαλεῖν,
3173 5077 3262 5129 καὶ
3291 5079 3483 5140 εἰπεῖν,
3514 5077 3576 5128 Τί
3613 5073 3720 5146 ςγάρ
3747 5081 3896 5131 ἐστιν

2327 5160 2357 5225 ή
2387 5139 2683 5228 περιτομή;
2718 5139 2919 5227 μὴ’γὰρ
2941 5159 3268 5229 κατόρθωμά
3289 5161 3401 5211 ἐστι
3425 5139 3515 5210 τοῦ
3538 5139 3792 5226 ἓχέίοντοςς
3821 5161 3895 5229 μὴ

2325 5242 2430 5308 γὰρ
2453 5242 2819 5310 προαιρέσεως
2843 5241 3048 5309 ἀγαθῆς
3075 5241 3358 5306 ἐπίδειξις;
3385 5241 3491 5292 Καὶ
3512 5240 3636 5310 γὰιρ
3655 5242 3708 5292 ἐν
3734 5239 3899 5311 ἀώρῳ

2325 5323 2527 5388 γίνεται
2550 5323 2751 5392 ἡλικίᾳ,
2774 5323 2865 5373 καί
2895 5322 2941 5374 οἱ
2965 5324 3020 5374 ἐν
3048 5327 3111 5394 τῇ
3142 5326 3331 5393 ἐρήμῳ
3356 5323 3411 5374 δὲ
3442 5323 3658 5386 πάν·’;ες
3681 5323 3899 5390 ἔμειναν

2323 5403 2680 5474 ἀπερίτμητοι
2713 5404 2898 5472 χρόνον
2941 5404 3125 5457 πολύν·
3159 5408 3252 5457 καὶ
3287 5402 3546 5474 ἑτέρωθεν
3613 5407 3664 5458 δὲ
3701 5404 3901 5456 πολλα-

2321 5486 2474 5554 χόθεν
2511 5486 2607 5538 ἴδοι
2639 5504 2719 5548 τις
2759 5485 2822 5538 ἂν
2849 5487 3012 5555 αὐτὴν
3041 5489 3099 5540 οὐ
3134 5487 3337 5557 σφόδρα
3367 5488 3688 5553 ἁναγκιδιίαν
3711 5483 3897 5540 οὖσαν.

2333 5569 2468 5620 Ἀλλ’
2515 5570 2660 5638 ὅμως
2690 5570 2788 5621 οὐκ
2829 5569 3073 5622 ἐντεῦθεν
3107 5569 3270 5639 αὐτὴν
3299 5569 3610 5643 ἐκϐάλλειηη,
3642 5569 3750 5622 ἀλλ’
3783 5571 3902 5620 ὅθεν

2321 5651 2551 5718 μάλιστα
2574 5653 2760 5721 ἐχρῆν,
2790 5652 2896 5704 ἀπὸ
2927 5652 3019 5704 τοῦ
3060 5653 3326 5722 Ἀϐραάμ.
3364 5651 3424 5704 ῚΙ
3471 5652 3608 5733 γάδιρ
3637 5650 3901 5720 ὑπερϐολὴ

2316 5738 2411 5803 τῆς
2433 5735 2583 5803 νίκης
2613 5735 2770 5805 αὐτη,
2798 5735 2964 5801 δεῖξαι
2996 5735 3240 5789 ἐντεῦθεν
3263 5735 3426 5804 αὐτὴν
3456 5730 3511 5786 οὗ
3526 5730 3652 5823 ζάλην
3681 5734 3902 5786 simam-

2379 5908 2397 5935 ⁸
2424 5906 2811 5963 Alius,:’.6cb102;.
