4108 6340
186 427 302 485 455

183 534 507 594 honorabile
532 541 665 594 erat,
697 538 751 584 ut
777 539 856 583 est
886 541 1026 581 nunc
1058 523 1502 580 Christianismus
1534 538 1547 572 :
1582 522 1649 574 ab
1679 535 1775 589 ap~

188 629 479 699 pellatione
504 624 645 681 enim
676 622 838 676 multa
868 618 1166 675 diﬂerentia
1199 627 1325 671 tunc
1348 626 1461 670 erat
1496 634 1508 667 :
1540 630 1705 684 quare
1723 623 1776 668 et

187 720 317 773 hinc
345 716 572 773 orditur.
606 714 671 768 Et
698 712 818 766 vide
862 707 1132 779 quomodo
1177 706 1306 759 illud
1356 705 1613 760 decutiat.
1662 703 1776 757 Non

183 812 333 865 enim
361 808 531 873 dixit,
558 806 637 861 Tu
662 803 879 858 Judzcus
902 816 991 867 es,
1020 799 1112 853 sed
1135 842 1147 862 ,
1189 797 1575 869 Coguominaris
1596 804 1641 849 et
1670 796 1779 867 glo-

183 902 342 954 riaris
380 901 431 952 in
478 897 583 950 Deo
609 935 623 960 ,
674 893 725 947 id
755 901 839 949 est
862 932 877 959 ,
905 891 1056 963 quasi
1080 890 1307 945 dilccms
1335 888 1402 941 ab
1426 888 1517 940 illo
1538 928 1551 953 ,
1585 897 1637 939 et
1668 902 1775 954 przc

182 994 310 1048 aliis
339 990 647 1047 hominibus
676 986 992 1041 honoratus.
1026 984 1122 1038 llic
1165 993 1343 1036 autent
1392 980 1519 1034 mihi
1569 978 1779 1032 videtur

185 1085 400 1139 illorum
429 1079 788 1150 arrogantiam
819 1089 873 1131 et
902 1091 1089 1129 vanam
1122 1075 1345 1143 gloriam
1376 1071 1771 1141 perstringere;

181 1177 331 1246 quod
363 1174 507 1229 dono
536 1173 629 1227 illo
656 1187 761 1226 non
788 1170 853 1223 ad
886 1170 1109 1223 salutem
1140 1182 1314 1229 suam,
1350 1166 1441 1218 sed
1485 1175 1536 1217 ut
1563 1166 1613 1217 in
1644 1163 1712 1216 ali
1738 1178 1779 1217 is

184 1268 488 1334 insurgant,
515 1275 676 1331 atque
706 1262 825 1316 illos
854 1260 1174 1329 despiciant,
1209 1258 1359 1311 abusi
1392 1259 1517 1309 sint.
1556 1255 1619 1308 Et
1648 1256 1779 1308 nosti

181 1359 492 1412 voluntatem
515 1398 530 1422 ,
560 1365 606 1409 et
638 1354 822 1423 probas
862 1352 1028 1405 utilia.
1065 1352 1221 1419 Atqui
1252 1350 1352 1403 hoc
1373 1351 1489 1402 sine
1514 1364 1677 1416 opere
1696 1357 1778 1401 est

181 1451 407 1513 vitium;
435 1457 669 1501 attamen
689 1446 1038 1516 praerogativa
1064 1445 1342 1497 videbatur
1363 1460 1481 1497 esse
1514 1461 1528 1494 :
1550 1441 1775 1510 ideoque

181 1550 435 1595 accurate
466 1538 591 1592 illud
621 1538 858 1605 apponit.
894 1537 1009 1589 Non
1039 1538 1183 1588 enim
1216 1535 1370 1595 dixit,
1405 1533 1595 1603 Facis;
1646 1532 1737 1585 sed
1760 1572 1774 1597 ,

185 1631 344 1686 Nosti
368 1641 414 1684 et
444 1631 646 1700 probas,
684 1645 787 1683 non
817 1627 1123 1697 aggrederis
1152 1639 1249 1679 nec
1276 1624 1405 1693 agis.
1444 1623 1533 1678 19.
1555 1624 1779 1691 Con/illis

181 1734 233 1776 te
256 1740 363 1778 esse
393 1724 569 1775 ducem
596 1737 867 1774 ca'corum.
900 1720 1129 1772 Rursum
1164 1718 1249 1773 hic
1297 1734 1400 1771 non
1453 1716 1582 1770 dicit
1630 1715 1777 1769 illum

180 1811 379 1865 ducem
409 1826 529 1866 esse
554 1827 816 1866 ezrcorum
842 1826 856 1873 ;
890 1810 983 1865 sed
1012 1852 1025 1872 ,
1058 1810 1307 1877 Conﬁdis,
1344 1810 1533 1877 inquit,
1566 1816 1617 1861 te
1648 1822 1779 1860 ven-

179 1902 327 1956 ditas
357 1918 369 1953 :
405 1902 567 1955 multa
598 1902 740 1956 enim
768 1913 883 1955 erat
929 1900 1237 1955 Juda'orum
1283 1901 1606 1969 arrogantia.
1656 1898 1780 1953 Ideo

181 1993 375 2046 eadem
408 1991 517 2045 fere
540 1992 699 2044 verba
734 1999 983 2060 usurpat,
1016 2005 1132 2059 qua:
1164 1990 1238 2042 illi
1282 2004 1403 2043 sese
1443 1989 1775 2057 jactitantes.

187 2084 325 2139 Vide
355 2099 583 2152 namque
605 2083 730 2153 quid
761 2084 812 2136 in
846 2082 1137 2153 Evangelio
1184 2083 1364 2135 dicant
1396 2098 1409 2134 :
1439 2080 1505 2133 In
1561 2081 1781 2149 peccatis

184 2187 339 2230 natus
365 2193 416 2230 es
443 2186 576 2229 totus
600 2218 614 2242 ,
647 2184 692 2229 et
715 2186 768 2228 tu
794 2175 941 2229 doces
970 2191 1059 2227 nos
1092 2175 1285 2244 (Joan.
1320 2175 1372 2228 9.
1405 2175 1472 2228 Si
1497 2174 1557 2242 )?
1602 2183 1655 2228 et
1698 2174 1779 2227 al—

186 2280 300 2321 tum
330 2266 887 2335 sapiebantadversus
911 2282 1119 2321 omnes.
1166 2265 1219 2319 ld
1265 2264 1404 2333 quod
1460 2264 1656 2319 Paulus
1695 2279 1780 2317 ar-

180 2360 396 2438 guendo
424 2361 803 2427 perseveravit,
838 2360 932 2411 hos
959 2358 1233 2422 attollens,
1268 2352 1702 2425 illos'dejiciens,
1725 2366 1782 2410 ut

183 2450 358 2519 magis
388 2450 506 2503 illos
536 2449 918 2518 perstringeret
941 2490 955 2513 ,
987 2459 1039 2501 et
1070 2449 1371 2517 graviorem
1403 2448 1666 2517 proferret
1691 2464 1781 2501 ac-

181 2540 540 2595 cusationem.
572 2540 694 2594 Ideo
720 2542 1058 2611 progreditur
1086 2543 1185 2595 hoc
1215 2556 1418 2611 augens
1446 2550 1500 2595 et
1538 2542 1773 2609 ampl'tli-

181 2649 318 2689 caus
349 2634 563 2688 diverse
595 2634 883 2687 narrando.
919 2632 1146 2700 Conﬁdis
1186 2633 1320 2686 enim
1361 2640 1407 2685 te
1450 2648 1556 2686 esse
1597 2632 1777 2684 ducem

180 2742 455 2789 carcerum,
492 2725 658 2777 lumen
689 2742 883 2791 eorum,
914 2727 1002 2794 qui
1028 2726 1079 2777 in
1113 2726 1327 2779 tenebris
1357 2736 1472 2779 sunt
1494 2767 1508 2791 ,
1541 2725 1631 2780 ΞΟ.
1666 2742 1780 2780 eru-

181 2821 399 2873 ditorem
422 2819 763 2889 insipientium
784 2861 797 2881 ,
832 2820 1127 2888 magistrum
1158 2818 1433 2888 infantium
1461 2860 1474 2883 ,
1507 2818 1770 2872 habentem

181 2918 405 2983 farinam
432 2912 655 2964 scientia!
683 2922 727 2964 et
757 2912 977 2965 veritatis
1005 2912 1056 2963 in
1081 2911 1208 2981 lege.
1241 2911 1353 2964 Non
1383 2912 1515 2964 dixit
1544 2912 1735 2965 iterum
1762 2954 1776 2975 ,

184 3002 242 3056 ln
269 3002 594 3057 conscientia
627 3010 683 3056 et
722 3003 771 3054 in
803 3002 1054 3071 Operibus
1080 3044 1093 3067 ,
1131 3002 1182 3054 in
1212 3012 1359 3056 recte
1404 3001 1589 3066 lactis;
1640 3003 1733 3057 sed
1760 3043 1775 3067 ,

182 3092 253 3147 In
281 3094 408 3163 lege.
446 3094 510 3146 Et
538 3094 622 3147 bis
647 3092 825 3156 dictis,
854 3092 996 3163 quod
1027 3093 1166 3146 circa
1194 3093 1423 3162 gentiles
1471 3093 1595 3146 fecit
1621 3134 1635 3159 ,
1693 3094 1779 3148 hic

182 3183 331 3237 facit.
365 3182 512 3238 Sicut
538 3183 678 3235 enim
714 3183 821 3237 illic
852 3184 926 3236 ait
957 3202 969 3237 :
1001 3183 1068 3235 lu
1092 3200 1189 3251 quo
1222 3184 1577 3252 enimjudicas
1599 3186 1779 3251 alium,

182 3276 403 3343 teipsum
428 3276 774 3338 condemnas;
800 3275 877 3329 sic
904 3285 957 3327 et
1001 3274 1101 3329 hoc
1143 3276 1259 3329 loco
1305 3275 1436 3328 dicit
1473 3291 1490 3327 :
1525 3276 1621 3340 Qui
1660 3293 1782 3346 ergo

184 3366 338 3419 doces
367 3366 547 3431 alium,
578 3367 792 3435 teipsum
820 3385 921 3419 non
953 3367 1143 3421 tiores?
1174 3368 1367 3420 Verum
1401 3369 1505 3422 illic
1536 3370 1775 3439 rigidins,

183 3455 278 3508 hic
308 3456 490 3509 mitius
512 3470 818 3511 sermonem
852 3466 1131 3526 temperat.
1166 3458 1281 3510 Non
1314 3460 1454 3512 enim
1482 3460 1612 3513 dicit
1640 3478 1652 3513 :
1686 3463 1775 3514 At-

183 3548 280 3617 qui
312 3547 432 3601 ideo
459 3548 649 3617 majori
677 3564 734 3603 es
768 3551 1033 3617 supplicio
1064 3552 1275 3619 dignus,
1296 3552 1417 3619 quia
1433 3568 1554 3605 cuni
1587 3562 1661 3605 tot
1689 3554 1779 3607 tibi

182 3646 298 3698 sint
327 3647 656 3711 concredita,
693 3646 837 3698 nullo
867 3662 1051 3699 eorum
1084 3655 1135 3697 ut
1169 3663 1260 3713 par
1308 3656 1389 3699 est
1432 3657 1597 3701 uteris
1625 3690 1638 3711 ,
1687 3648 1779 3701 sed

184 3752 286 3805 per
318 3737 792 3805 interrogationem
822 3737 949 3805 agit,
982 3737 1236 3804 pudorem
1271 3738 1537 3792 incutiens
1571 3740 1647 3792 sic
1673 3778 1689 3805 ,
1728 3749 1779 3793 et

181 3826 378 3881 dicens
411 3844 427 3882 :
460 3826 560 3894 Qui
586 3843 704 3897 ergo
749 3828 897 3881 doces
937 3828 1133 3891 alium,
1179 3831 1391 3897 teipsum
1440 3848 1539 3883 non
1589 3831 1733 3884 doces
1756 3833 1781 3883 ἱ)

183 3918 471 3987 Perpende
500 3930 678 3973 autem
709 3921 835 3973 mihi
882 3921 1041 3975 etiam
1082 3924 1294 3977 aliunde
1340 3924 1487 3976 Pauli
1544 3924 1779 3993 pruden-

186 4010 319 4064 tiam
358 4028 369 4063 :
400 4026 492 4065 eas
518 4013 659 4064 enim
689 4012 993 4068 Judu:0rutn
1028 4016 1407 4083 prmrogativas
1438 4018 1585 4083 peni:
1609 4058 1623 4082 ,
1661 4034 1780 4086 qua:

184 4120 299 4158 non
324 4119 393 4159 ex
423 4120 607 4159 eorum
640 4105 849 4169 studio,
881 4105 974 4159 sed
1004 4123 1067 4159 ex
1115 4123 1349 4176 superno
1399 4108 1542 4161 dono
1590 4118 1775 4173 erant,

181 4197 528 4267 “tenditque
557 4212 661 4252 non
692 4197 852 4252 modo
880 4198 1179 4267 superﬂuas
1225 4215 1344 4253 esse
1366 4240 1379 4262 ,
1432 4201 1562 4270 ipsis
1609 4202 1776 4269 negli-

182 4288 475 4358 gentibus,
508 4288 601 4343 scd
630 4290 791 4343 etiam
818 4291 1064 4359 supplicii
1095 4290 1515 4344 additamentum
1561 4292 1775 4347 afferre.

181 4381 305 4437 Non
337 4382 478 4438 enim
512 4382 707 4435 bonum
738 4398 869 4451 Opus
895 4397 1081 4436 eormn
1113 4393 1228 4448 est,
1277 4384 1417 4452 quod
1467 4383 1635 4437 Iudici
1688 4402 1769 4439 vo-

180 4486 419 4537 centur,
454 4488 626 4541 neque
672 4472 813 4543 quod
858 4474 1023 4541 legem
1067 4474 1405 4542 acceperint,
1456 4490 1629 4543 neque
1675 4475 1777 4529 alia

180 4580 305 4633 qua:
335 4578 553 4617 numera
567 4563 655 4627 cit,
682 4563 776 4617 sed
806 4579 873 4618 ex
899 4579 1125 4633 superna
1155 4566 1321 4633 gratia
1345 4574 1516 4619 erant.
1539 4566 1613 4619 Ac
1637 4566 1780 4634 prin-

180 4658 327 4727 cipio
355 4655 569 4725 quidem
598 4655 758 4721 dixit,
790 4655 921 4708 nihil
946 4656 1137 4725 jnvare
1167 4655 1211 4708 si
1246 4656 1325 4709 lex
1361 4656 1635 4719 audiatur,
1678 4657 1776 4709 nisi

180 4763 320 4819 opus
348 4746 575 4800 addatur
606 4763 618 4799 :
654 4746 775 4799 Non
798 4752 929 4799 cnim
960 4748 1216 4799 auditores
1246 4748 1389 4817 legis,
1421 4748 1621 4818 inquit,
1646 4750 1777 4819 justi

183 4852 297 4892 :nnt
322 4839 461 4908 apud
489 4838 651 4891 Deum
682 4856 699 4893 :
734 4855 873 4892 nunc
903 4851 1079 4892 autem
1110 4839 1279 4893 multo
1308 4841 1483 4909 magis
1499 4840 1733 4894 ostendit
1759 4883 1774 4905 ,

182 4950 289 4986 non
325 4931 485 4985 modo
516 4932 879 4995 auditionem,
924 4932 1016 4985 sed
1070 4933 1231 4986 etiam
1281 4934 1420 5002 quod
1471 4935 1557 4987 illa
1604 4935 1776 5003 majus

182 5039 260 5078 est
288 5066 300 5087 ,
334 5023 655 5088 doctrinam,
703 5041 806 5079 non
852 5039 1012 5096 posse
1057 5025 1271 5079 docenti
1326 5026 1681 5095 patrocinari,
1731 5029 1775 5081 si

182 5136 288 5179 non
326 5118 486 5170 faciat
517 5118 601 5170 illa
632 5133 753 5187 qua:
781 5121 974 5183 docet;
1006 5134 1101 5173 nec
1131 5118 1290 5173 modo
1323 5136 1427 5172 non
1478 5121 1777 5188 p.urocina-

183 5210 363 5273 bitur,
394 5209 487 5263 sed
520 5210 677 5263 etiam
710 5209 965 5277 majorem
998 5210 1231 5265 attrahet
1274 5212 1551 5265 ultionem.
1604 5213 1770 5267 [tecte

179 5311 366 5355 autem
401 5302 504 5356 illis
550 5301 876 5356 dictionibus
923 5318 1047 5357 usus
1093 5314 1218 5355 est:
1257 5320 1358 5356 non
1408 5306 1549 5357 enim
1598 5305 1769 5369 dixit,

182 5394 452 5459 ACCBpisli
487 5394 678 5462 legem,
711 5394 824 5456 sed,
862 5394 1147 5464 Requiescis
1175 5395 1225 5447 in
1259 5395 1385 5464 lege.
1418 5394 1603 5463 Neque
1627 5398 1770 5449 enim

182 5484 450 5539 laboravit
477 5484 690 5538 Judams
721 5487 1102 5541 eireumeundo
1127 5530 1140 5551 ,
1180 5500 1234 5541 ut
1264 5499 1529 5557 quatrcret
1556 5506 1614 5541 ea
1656 5507 1773 5558 qua:

178 5576 388 5645 agenda
412 5586 594 5639 erant;
627 5576 717 5628 sed
751 5576 903 5631 facile
932 5576 1114 5629 habuit
1146 5578 1347 5647 legem,
1382 5596 1499 5647 qua:
1529 5596 1664 5634 viam
1688 5600 1773 5635 os-

183 5669 426 5722 tenderet
458 5668 521 5721 ad
574 5667 841 5723 virtutem.
895 5669 1115 5723 Etiamsi
1158 5671 1299 5723 enim
1341 5683 1528 5739 gentes
1569 5684 1772 5727 naturae

184 5760 521 5815 ratiocinium
556 5759 818 5825 habeant,
852 5760 990 5814 unde
1020 5762 1138 5814 illos
1166 5773 1439 5830 superant,
1476 5773 1659 5832 utpote
1682 5768 1769 5833 qui

185 5854 304 5907 sine
337 5854 605 5909 auditione
631 5855 807 5909 omnia
839 5855 1031 5910 faciant
1060 5874 1071 5918 ς
1107 5866 1335 5911 attamen
1374 5858 1479 5911 illic
1508 5858 1676 5926 major
1706 5863 1768 5911 la

1292 410 1352 463 ΙΝ
1397 408 1610 463 El’lST.
1653 409 1745 462 AD
1784 408 1947 462 R0“.
1993 409 2221 464 llOlllL.
2268 410 2352 465 Ἥ.

3377 412 3478 466 ιδι

1884 521 2058 579 cilitas
2089 536 2223 577 erat.
2260 523 2413 592 Quod
2451 524 2495 577 si
2534 526 2681 579 dit-as
2706 568 2718 589 ,
2754 525 2869 579 Non
2925 527 3099 582 solum
3142 527 3302 581 audio
3328 571 3341 593 ,
3384 532 3479 583 sed

1886 614 2044 667 etiam
2072 616 2240 670 doceo
2268 633 2282 681 ;
2313 615 2441 671 illttd
2490 632 2703 686 quoque
2751 618 3176 673 additamentum
3228 622 3478 691 supplicii

1885 713 1987 756 est.
2022 705 2153 769 Quia
2183 722 2312 775 ergo
2346 707 2443 760 hac
2474 708 2523 760 iu
2553 724 2609 762 re
2639 708 2804 761 altum
2830 708 3110 777 sapiebant
3134 753 3147 773 ,
3201 712 3324 765 hinc
3366 726 3480 766 ma-

1888 795 2029 848 xime
2064 796 2185 849 illos
2212 797 2469 851 ridiculos
2496 798 2755 853 ostendit.
2789 798 2924 853 Cum
2952 816 3081 855 vero
3112 801 3258 865 dicit,
3288 800 3483 857 Ducem

1885 904 2166 955 ca'corum,
2204 892 2510 943 eruditorem
2540 891 2886 959 insipientium
2910 934 2924 957 ,
2968 894 3268 963 magistrum
3312 895 3483 964 infau-

1885 979 2051 1043 tlttm,
2104 980 2313 1033 illorum
2369 982 2561 1034 fastum
2614 981 2914 1051 exprimit:
2950 999 3276 1051 magnopere
3335 984 3479 1037 enim

1890 1071 2174 1141 proselytis
2202 1071 2583 1136 abolebantur,
2607 1071 2780 1126 ethoc
2808 1073 2925 1125 illos
2954 1072 3169 1126 nomine
3197 1073 3478 1127 vocabant.

1957 1162 2009 1215 ἓ.
2047 1162 2167 1215 Ideo
2197 1163 2392 1217 Paulus
2418 1166 2563 1218 varie
2591 1164 2709 1217 illas
2736 1178 2855 1232 qua:
2884 1164 3199 1218 videbantur
3223 1178 3343 1218 esse
3371 1164 3485 1217 lau-

1888 1255 1983 1310 des
2010 1272 2195 1309 eorum
2224 1258 2422 1319 refert,
2456 1258 2635 1311 sciens
2688 1258 2806 1311 illas
2853 1258 3072 1327 majoris
3126 1258 3483 1313 accusationis

1886 1361 2008 1401 esse
2034 1362 2270 1401 causam.
2308 1347 2589 1402 [labentem
2623 1352 2842 1419 formam
2868 1351 3091 1404 scientia:
3118 1360 3163 1405 et
3190 1353 3412 1405 veritatis
3429 1352 3484 1404 in

1888 1439 2015 1506 lege.
2050 1440 2125 1492 Ac
2153 1440 2340 1508 siquis
2375 1441 2577 1509 regiam
2621 1440 2909 1511 imaginem
2963 1442 3199 1509 habens,
3250 1442 3379 1497 nihil
3432 1445 3483 1498 in

1886 1528 1976 1581 illa
2008 1528 2279 1600 depingit;
2313 1531 2343 1584 ii
2378 1547 2505 1585 vero
2535 1532 2727 1601 quibus
2758 1534 2842 1586 illa
2876 1536 3181 1589 concredita
3218 1552 3322 1589 non
3362 1545 3443 1590 est
3467 1578 3482 1600 ,

1885 1620 2000 1673 sine
2031 1633 2315 1691 pl'OlOlypo
2365 1632 2613 1677 accurate
2656 1624 2796 1676 illam
2846 1625 3145 1678 imitantur.
3193 1626 3482 1696 Postquam

1884 1715 2148 1765 enarravit
2184 1716 2606 1783 prmrogativas,
2642 1730 2774 1784 quas
2802 1732 2830 1768 a
2864 1715 2977 1769 Deo
3008 1717 3276 1770 habebant
3300 1759 3314 1778 ,
3368 1718 3484 1770 illo-

1886 1818 2002 1854 rum
2040 1803 2163 1855 vitia
2198 1814 2442 1859 rect-nset
2468 1846 2481 1866 ,
2512 1805 2699 1859 eadem
2734 1806 2846 1873 ipsa
2881 1808 2930 1859 in
2965 1808 3197 1861 medium
3228 1806 3481 1873 allereus,

1885 1894 1951 1948 de
1974 1894 2165 1963 quibus
2185 1896 2458 1963 propheta:
2480 1898 2840 1952 accusabant:
2869 1899 2969 1965 Qui
2993 1916 3112 1969 ergo
3130 1901 3279 1953 doces
3299 1901 3481 1965 alium,

1886 1986 2100 2051 teipsmn
2130 2004 2227 2039 non
2260 1986 2448 2051 doces;
2475 1992 2559 2056 qui
2588 1990 2837 2057 prwtlicas
2864 2007 2964 2042 non
2991 1990 3305 2061 furandum,
3338 1996 3483 2061 [ura-

1885 2076 1991 2141 ris;
2018 2075 2107 2128 ‘22.
2160 2078 2245 2145 qui
2294 2077 2419 2131 dicis
2462 2095 2563 2130 non
2611 2080 3003 2143 mire/tandum,
3052 2080 3359 2142 "tacituris;
3399 2084 3485 2151 qui

1884 2165 2193 2220 abominaris
2214 2167 2373 2230 idola,
2399 2170 2723 2237 sacrilegium
2747 2170 2917 2237 facis?
2942 2169 3151 2224 Etenim
3177 2172 3330 2225 valde.
3360 2188 3483 2240 pro-

1886 2258 2112 2311 hibitum
2141 2269 2289 2321 erat,
2322 2276 2389 2315 ne
2433 2261 2553 2329 quis
2597 2276 2681 2314 res
2728 2260 2989 2315 idolorum
3030 2264 3363 2331 eontitigerrt
3416 2266 3485 2318 ob

1882 2352 2424 2406 exsecrationemzet
2467 2362 2659 2406 amatzc
2707 2355 2947 2422 pecuuire
2978 2357 3238 2425 tyrannis,
3290 2357 3478 2425 inquit,

1886 2442 2241 2513 huncquoque
2263 2445 2579 2499 conculcare
2607 2446 2774 2514 legem
2801 2447 2948 2500 vobis
2973 2448 3257 2515 persuasit.
3281 2449 3483 2503 Deinde

1884 2535 2027 2603 quod
2058 2536 2273 2603 gravius
2296 2543 2415 2589 erat
2436 2578 2448 2601 ,
2483 2537 2699 2590 demum
2734 2538 2945 2602 intulit,
2974 2540 3158 2592 dit-ens
3195 2557 3207 2591 :
3238 2540 3328 2592 25.
3382 2541 3485 2604 Qui

1884 2628 1936 2679 in
1966 2627 2072 2697 lege
2097 2628 2353 2697 gloriaris,
2386 2645 2473 2692 per
2502 2630 2969 2697 pra'varicatiouem
2999 2632 3121 2701 legis
3147 2630 3312 2683 Deum
3343 2633 3483 2685 iulio-

1886 2721 2083 2773 noras?
2124 2720 2237 2773 Duo
2270 2722 2493 2775 crimina
2524 2723 2739 2790 posuit,
2776 2722 2884 2777 imo
2923 2725 3099 2792 potius
3152 2725 3283 2790 tria,
3336 2726 3479 2795 quod

1882 2809 2273 2875 dehonestent,
2330 2812 2470 2881 quod
2520 2828 2615 2881 per
2660 2828 2762 2877 ea,
2814 2816 2967 2881 queis
3016 2815 3261 2869 honorati
3315 2826 3481 2881 sunt,

1882 2902 2025 2974 quod
2055 2921 2113 2957 se
2162 2905 2515 2958 honorantem
2562 2905 2887 2960 inlionorent
2918 2923 2929 2957 :
2964 2908 3106 2976 quod
3154 2917 3270 2960 erat
3318 2909 3482 2959 animi

1881 3008 2092 3049 summe
2122 2995 2328 3062 ingrati.
2371 2994 2574 3067 Deinde
2607 3012 2672 3049 ne
2703 2997 2975 3050 videretur
3004 3015 3065 3051 ex
3099 3013 3157 3052 se
3189 3014 3443 3053 accusare
3464 3042 3479 3067 ,

1884 3088 2197 3155 prophetam
2228 3095 2596 3141 accusatorem
2619 3089 2852 3154 inducit;
2884 3106 3022 3143 ltltllC
3048 3093 3260 3159 quidem
3301 3095 3483 3161 paucis

1882 3189 1935 3232 et
1959 3181 2286 3244 sunuuatim,
2319 3180 2512 3233 deinde
2543 3196 2670 3235 vero
2702 3171 2794 3249 per
2825 3194 3005 3251 partes
3037 3201 3049 3235 :
3082 3199 3222 3237 nunc
3250 3184 3437 3238 Isaiam
3466 3226 3479 3249 ,

1882 3282 2069 3339 postea
2097 3273 2373 3339 Davidem,
2397 3274 2611 3343 quando
2636 3276 2819 3343 plures
2848 3276 3031 3329 retulit
3059 3277 3478 3331 coiilutationes.

1882 3360 2038 3425 Quod
2062 3366 2204 3420 enim
2238 3384 2341 3418 non
2366 3384 2464 3436 ego
2489 3368 2640 3421 vobis
2662 3370 2997 3437 exprobrans
3031 3370 3145 3423 lucc
3170 3370 3436 3439 proferam
3464 3412 3479 3432 ,

1880 3454 2088 3525 inquit,
2132 3460 2253 3513 audi
2308 3460 2435 3529 quid
2480 3460 2617 3513 dicat
2652 3461 2812 3514 Isaias
2843 3461 2975 3518 :21.
3011 3461 3211 3514 Nomen
3242 3462 3335 3515 Dei
3364 3479 3484 3530 pro-

1884 3561 1993 3619 pter
2017 3567 2104 3605 vos
2141 3551 2524 3620 blasphematur
2551 3554 2602 3606 in
2630 3555 2861 3623 gentibus
2889 3553 2908 3627 (
2936 3555 3056 3609 lsai.
3088 3556 3176 3609 52.
3208 3556 3240 3609 5
3264 3556 3299 3626 ).
3343 3556 3482 3611 Ecce

1883 3644 2042 3695 aliam
2072 3644 2340 3713 duplicem
2370 3648 2793 3701 accusationem.
2822 3645 2935 3700 Non
2970 3648 3144 3702 solum
3168 3649 3311 3702 enim
3357 3649 3479 3717 ipsi,

1884 3735 2085 3803 inquit,
2119 3738 2446 3791 contumelia
2476 3738 2747 3802 alliciunt,
2778 3740 2871 3793 sed
2900 3752 2953 3793 et
2978 3741 3110 3795 alios
3140 3742 3204 3794 ad
3232 3741 3281 3794 id
3308 3757 3477 3809 appa-

1838 3838 1839 3841 ‘
1884 3838 2020 3882 rant.
2052 3828 2181 3896 Qua:
2216 3830 2372 3899 igitur
2401 3831 2659 3886 doctrinm.
2686 3834 2917 3897 utilitas,
2955 3834 3169 3902 quando
3198 3851 3299 3887 vos
3335 3835 3479 3903 ipsos

1883 3937 1988 3974 non
2020 3922 2264 3977 docetis?
2306 3922 2503 3977 Verum
2533 3923 2634 3977 hoc
2664 3934 2866 3977 tantum
2894 3926 3140 3993 superius
3182 3926 3349 3989 dixit,
3396 3925 3481 3979 hic

1881 4030 2010 4068 vero
2039 4016 2088 4067 in
2118 4016 2445 4069 contrarium
2480 4017 2657 4070 vertit.
2692 4016 2806 4069 Non
2835 4017 3007 4072 solum
3050 4017 3191 4069 enim
3240 4034 3343 4069 nou
3387 4034 3482 4072 vos

1882 4106 2055 4175 ipsos,
2092 4108 2183 4161 sed
2217 4124 2314 4161 nec
2361 4108 2498 4161 alios
2544 4108 2749 4162 docetis
2790 4125 2850 4161 ea
2899 4125 3015 4178 qua:
3054 4110 3256 4178 agenda
3308 4120 3431 4163 sunt
3464 4130 3476 4164 :

1882 4208 1934 4253 et
1961 4200 2101 4269 qttod
2132 4200 2287 4269 longe
2312 4200 2523 4269 gravius
2555 4192 2634 4253 est
2659 4242 2671 4263 ,
2712 4216 2817 4253 non
2851 4202 3021 4255 solum
3054 4217 3147 4264 ea,
3183 4218 3301 4269 qua:
3346 4200 3478 4271 legis

1882 4302 2027 4358 sunt,
2056 4309 2159 4345 nou
2183 4293 2421 4356 docetis;
2449 4293 2540 4345 sed
2564 4294 2828 4346 contraria
2855 4292 3081 4357 docetis,
3109 4294 3481 4362 blaspliemare

1882 4381 1957 4435 De
1980 4400 2045 4435 nu
2069 4424 2083 4447 ,
2115 4383 2257 4451 quod
2291 4384 2390 4451 legi
2419 4384 2747 4437 contrarium
2780 4393 2879 4437 est.

1967 4472 2091 4527 Vera
2120 4476 2454 4537 circumcisio,
2489 4491 2622 4543 quae.
2649 4504 2720 4515 -—
2747 4479 2813 4529 At
2838 4476 3199 4542 circumcisio,
3237 4478 3471 4546 inquies,

1883 4580 2073 4634 magna
2106 4581 2192 4619 res
2220 4576 2321 4619 est.
2373 4566 2427 4619 ld
2474 4565 2678 4631 fateor;
2731 4567 2823 4620 sed
2874 4578 3031 4632 tunc,
3075 4583 3195 4621 cum
3247 4570 3478 4622 circum-

1882 4657 2015 4711 cisio
2047 4658 2191 4711 intus
2219 4656 2469 4711 habetur.
2505 4656 2570 4710 Et
2601 4657 2721 4711 vide
2755 4657 3129 4726 prudentiam,
3177 4675 3336 4727 quam
3385 4678 3482 4729 ορε-

1884 4761 2109 4818 portuue
2132 4750 2248 4818 ejus
2283 4750 2611 4804 mentionem
2654 4751 2913 4803 intulerit.
2956 4750 3069 4803 Non
3111 4753 3251 4803 enim
3296 4753 3473 4803 statim

1880 4844 1948 4897 ab
1979 4844 2063 4896 illa
2087 4859 2244 4897 orsus
2264 4854 2385 4907 est,
2414 4845 2666 4911 quoniam
2696 4860 2886 4913 magna
2911 4853 3025 4898 erat
3052 4844 3120 4897 de
3145 4845 3231 4896 illa
3257 4845 3473 4914 Opinio;

1882 4938 1973 4990 sed
2006 4946 2287 5006 postquam
2314 4938 2552 4991 ostendit
2585 4938 2703 4991 illos
2735 4953 2762 4988 a
2812 4936 3002 5004 majori
3052 4936 3343 4990 olli-udisse
3364 4979 3376 5000 ,
3423 4948 3476 4990 et

1880 5029 2228 5097 blaSpltemiac
2261 5030 2311 5083 in
2339 5030 2502 5083 Deum
2526 5044 2741 5081 causam
2767 5044 2886 5082 esse
2912 5044 2925 5079 :
2953 5038 3078 5082 tunc
3115 5028 3330 5081 demum
3374 5046 3471 5082 an-

1878 5120 2106 5176 ditorem
2137 5122 2337 5176 habens
2363 5121 2471 5190 jam
2506 5121 2623 5173 illos
2652 5121 2995 5173 damnantem
3019 5163 3033 5187 ,
3062 5130 3115 5174 et
3144 5121 3246 5173 illis
3290 5135 3318 5173 a
3368 5122 3476 5188 pri-

1881 5223 2023 5267 matu
2048 5214 2278 5268 exclusis
2301 5256 2314 5279 ,
2348 5214 2413 5267 de
2445 5214 2854 5267 circumcisione
2880 5214 3018 5281 agit,
3055 5212 3335 5265 Conﬁdens
3380 5228 3476 5264 nec

1881 5308 2079 5360 minem
2110 5306 2220 5359 fore
2247 5306 2335 5372 qui
2367 5306 2439 5358 illi
2469 5304 2821 5373 sulTragetur;
2855 5313 2908 5357 et
2952 5307 3027 5357 ait
3058 5320 3070 5355 :
3100 5304 3190 5357 ‘25.
3245 5304 3477 5356 Circum-

1879 5400 2003 5453 cisio
2032 5401 2231 5466 quidem
2260 5400 2499 5469 prodest,
2538 5400 2580 5451 si
2611 5397 2766 5467 legem
2796 5399 3040 5451 obserres.
3080 5396 3235 5465 Atqui
3270 5406 3477 5465 poterat

1878 5493 2033 5546 aliter
2062 5493 2207 5545 illam
2240 5493 2473 5559 ejicere,
2506 5492 2795 5559 dicereque
2830 5509 2840 5542 :
2872 5490 3008 5554 Quid
3042 5490 3185 5542 enim
3234 5499 3315 5541 est
3362 5490 3472 5541 cir-

1877 5585 2176 5638 cumcisio?
2210 5600 2335 5637 num
2368 5600 2500 5651 Opus
2532 5584 2728 5635 bonum
2761 5592 2840 5635 est
2870 5581 3016 5647 ejus,
3050 5581 3137 5648 qui
3185 5581 3326 5631 illam
3381 5579 3473 5631 ba-

1881 5674 2091 5728 Iutcrit?
2122 5691 2245 5727 num
2276 5674 2397 5725 boni
2431 5673 2689 5741 propositi
2740 5670 3161 5739 argumentum?
3211 5669 3367 5736 Atqui
3419 5670 3471 5722 in

1878 5776 2035 5821 :rtatc
2066 5767 2121 5818 lit
2154 5767 2436 5819 immatura
2474 5781 2486 5819 :
2520 5775 2573 5817 et
2600 5764 2688 5833 qui
2725 5764 2775 5816 in
2810 5763 3023 5817 deserto
3068 5772 3214 5815 erant
3240 5803 3252 5824 ,
3303 5761 3472 5813 inulto

1880 5872 2116 5929 tempore
2150 5868 2459 5912 nrtnserunt
2489 5857 2845 5912 incircumcisi
2882 5874 2893 5907 :
2922 5868 3076 5926 atque
3099 5854 3313 5909 aliunde
3336 5854 3469 5907 mul-
