4118 6340
684 398 790 454 εδδ

684 516 857 583 tisque
879 523 941 564 es
969 505 1103 562 locis
1130 503 1312 559 videre
1340 510 1424 558 est
1447 544 1462 570 ,
1491 502 1633 557 illam
1662 513 1764 553 non
1794 496 1958 553 fuisse
1986 494 2139 551 valde
2168 508 2254 549 ne-

682 601 985 657 eessariam.
1019 599 1263 651 Attamen
1293 608 1397 648 non
1423 592 1540 647 ideo
1568 591 1711 644 illam
1736 589 1940 657 rejicit,
1970 586 2063 643 sed
2114 583 2253 640 unde

682 694 910 748 maxime
939 688 1253 758 oportebat,
1287 686 1352 740 ab
1379 681 1702 739 Abrahamo.
1732 680 1861 735 Nam
1911 679 2036 734 hinc
2082 678 2250 732 victo-

679 785 753 837 ria
780 781 1043 836 celebrior
1066 786 1147 835 est
1165 820 1179 843 ,
1208 779 1254 833 si
1282 776 1401 830 inde
1424 774 1762 843 despicabilis
1789 770 2062 835 videatur,
2112 770 2251 825 unde

679 874 808 941 ipsis
858 871 1174 927 venerabilis
1212 877 1343 922 erat.
1389 865 1721 937 Quamquam
1766 864 1945 918 dicere
2006 869 2246 931 poterat,

680 962 965 1033 prophetas
991 962 1201 1016 Judaios
1232 972 1419 1012 vocare
1445 956 1880 1020 ineircumcisos;
1915 968 2097 1008 verum
2140 966 2246 1006 non

676 1066 760 1110 est
792 1056 891 1110 hoc
920 1052 1335 1108 circumcisionis
1360 1050 1545 1105 vitium
1570 1092 1582 1114 ,
1615 1048 1708 1103 sed
1756 1062 1938 1103 eorum
1959 1087 1974 1113 ,
2023 1047 2111 1116 qui
2158 1045 2245 1099 illa

680 1144 818 1199 male
849 1144 1146 1198 utebantur.
1176 1141 1230 1196 Id
1260 1139 1402 1210 quod
1432 1140 1685 1209 quaeritur
1712 1148 1824 1203 est,
1858 1149 1912 1192 ut
1939 1135 2248 1191 ostendatur

676 1232 819 1286 illam
847 1231 900 1285 in
929 1231 1126 1293 optima
1160 1230 1262 1283 vita
1296 1229 1423 1283 nihil
1454 1229 1659 1283 roboris
1677 1226 1871 1282 habere
1902 1242 1915 1279 :
1942 1226 2040 1279 hoc
2068 1234 2245 1278 autem

675 1322 768 1375 ille
790 1320 1039 1391 deinceps
1073 1320 1283 1391 probat.
1307 1319 1376 1375 Et
1404 1318 1493 1375 hic
1520 1318 1731 1389 quidem
1759 1316 2111 1387 patriarcham
2139 1332 2241 1370 non

674 1410 1045 1475 adducit,sed
1095 1410 1196 1464 alia
1244 1426 1313 1464 ex
1364 1419 1513 1477 parte
1565 1410 1711 1477 prius
1755 1407 1894 1461 illam
1948 1405 2241 1474 dejiciens,

674 1514 856 1572 postea
890 1502 1039 1555 illum
1068 1501 1348 1565 observat,
1378 1514 1497 1555 cum
1526 1498 1591 1553 de
1617 1497 1721 1553 ﬁde
1744 1498 1908 1552 verba
1957 1497 2080 1551 facit
2109 1538 2121 1560 ,
2168 1496 2246 1550 sic

676 1593 901 1648 dicens:
938 1591 1201 1657 Quomodo
1227 1592 1378 1661 igitur
1407 1592 1656 1659 imputata
1696 1598 1769 1643 est
1816 1590 1943 1657 ﬁdes
1988 1588 2245 1642 Abralite?

676 1699 789 1737 cum
818 1691 941 1736 esset
966 1682 1017 1735 in
1041 1681 1413 1736 circumcisione
1437 1723 1452 1749 ,
1483 1697 1547 1734 an
1577 1697 1693 1734 cum
1736 1690 1863 1734 esset
1904 1681 1955 1734 in
1999 1680 2245 1750 praeputio

673 1772 862 1843 (Rom.
893 1772 946 1827 Δ.
979 1772 1046 1827 l0
1070 1772 1135 1841 )Y
1167 1773 1343 1826 Donec
1369 1771 1511 1826 enim
1544 1771 1658 1825 haec
1687 1770 1945 1825 adversus
1991 1771 2242 1839 gentilem

674 1876 728 1920 et
758 1866 1126 1935 pmputiatum
1155 1863 1427 1931 decertat,
1466 1861 1599 1916 nihil
1628 1862 1817 1917 horum
1865 1862 1979 1916 vult
2022 1861 2202 1916 dicere
2224 1901 2239 1926 ,

674 1972 744 2011 ne
767 1956 919 2010 valde
942 1969 1202 2010 onerosus
1228 1954 1297 2008 sit
1330 1972 1344 2007 :
1374 1968 1495 2008 cum
1544 1962 1727 2006 autem
1770 1950 2102 2005 circumcisio
2142 1951 2239 2004 ad-

673 2062 859 2103 versus
885 2047 1043 2102 ﬁdem
1078 2056 1307 2115 pugnat,
1341 2056 1465 2099 tunc
1490 2054 1676 2100 contra
1727 2043 1869 2097 illam
1920 2044 2235 2112 accingitur.

672 2139 884 2193 Interim
930 2137 1186 2192 adversus
1218 2136 1531 2205 prmputium
1562 2150 1735 2205 pugna
1762 2145 1844 2189 est
1872 2151 1884 2186 :
1915 2143 2240 2204 quapropter

673 2230 852 2284 mitius
878 2230 1137 2299 loquitur,
1166 2238 1221 2283 et
1257 2229 1331 2283 ait
1366 2246 1378 2279 :
1410 2227 1734 2281 Circumcisio
1774 2227 1971 2296 quidem
2001 2227 2233 2296 prodest,

670 2321 714 2373 si
738 2322 895 2391 legem
925 2321 1193 2380 observes;
1218 2321 1263 2373 si
1290 2328 1455 2372 autem
1486 2320 1842 2387 praevaricator
1870 2319 1991 2385 legis
2038 2319 2194 2388 fueris
2217 2357 2232 2383 ,

667 2411 978 2464 circumcisio
1005 2419 1090 2463 tua
1124 2412 1175 2462 in
1205 2410 1503 2478 praeputium
1530 2425 1669 2462 uersa
1693 2419 1781 2461 est.
1814 2408 1950 2461 Duas
1980 2407 2120 2461 enim
2150 2407 2234 2461 hic

664 2502 736 2553 ait
768 2501 1201 2555 circinneisiones
1224 2511 1278 2556 et
1303 2500 1409 2555 duo
1436 2502 1721 2571 praeputia,
1750 2512 1806 2555 ut
1830 2510 1884 2556 et
1909 2507 2038 2555 duas
2070 2500 2229 2568 leges.

666 2591 761 2645 Est
788 2592 926 2645 enim
958 2591 1041 2647 lex
1071 2592 1357 2658 naturalis,
1391 2600 1445 2646 et
1471 2593 1554 2647 lex
1582 2591 1777 2660 scripta
1802 2608 1817 2656 ;
1847 2592 1939 2646 sed
1967 2600 2049 2646 est
2072 2591 2231 2644 etiam

664 2682 834 2737 inedia
869 2684 1005 2738 inter
1032 2683 1164 2737 duas
1186 2724 1201 2748 ,
1229 2683 1313 2740 lex
1344 2697 1437 2752 per
1463 2698 1644 2752 opera.
1688 2682 1756 2735 Et
1802 2681 1920 2735 vide
1967 2680 2233 2749 quomodo

665 2772 761 2826 has
818 2783 928 2827 tres
976 2773 1117 2842 leges
1162 2775 1405 2827 OSieiidat
1435 2814 1450 2835 ,
1497 2783 1547 2825 et
1597 2774 1647 2825 in
1694 2772 1923 2826 medium
1978 2771 2227 2825 adducat.

662 2865 787 2919 Cant
817 2867 947 2919 enim
968 2876 1155 2936 gentes,
1182 2881 1293 2933 gnte
1312 2867 1467 2937 legem
1490 2882 1588 2918 non
1609 2864 1808 2929 habent,
1828 2864 2011 2933 inquit.
2034 2864 2223 2931 Quam,

660 2972 840 3025 (10.1380
861 3000 875 3023 ,
906 2958 1112 3027 legem?
1139 2957 1419 3026 Scriptain.
1459 2954 1777 3010 Naturaliter
1811 2973 1869 3010 ea
1893 2998 1909 3024 ,
1948 2973 2060 3027 qua
2102 2958 2227 3027 legis

658 3060 774 3102 sunt
816 3050 1026 3121 faciunt.
1068 3048 1269 3114 Cujus?
1298 3049 1424 3117 Ejus
1449 3091 1464 3113 ,
1492 3064 1610 3119 qua:
1636 3064 1731 3118 per
1756 3062 1939 3117 opera.
1972 3032 2040 3100 lii
2070 3050 2229 3119 legem

658 3160 758 3196 non
792 3142 1044 3196 habentes.
1078 3142 1286 3211 Quam?
1314 3142 1597 3211 Seriptam.
1633 3141 1743 3197 Sibi
1786 3142 1910 3213 ipsis
1954 3150 2071 3194 sunt
2120 3142 2223 3197 lex.

658 3232 979 3301 Quomodo?
1009 3233 1243 3289 Naturali
1274 3234 1385 3302 lege
1402 3234 1498 3287 usi.
1523 3233 1621 3298 Qui
1648 3232 1913 3287 ostendunt
1933 3248 2059 3301 opus
2078 3232 2222 3302 legis.

661 3324 857 3391 Cujus?
888 3324 1013 3392 Ejus
1038 3365 1051 3387 ,
1084 3339 1204 3396 qua:
1234 3339 1329 3392 per
1354 3339 1512 3391 opera
1541 3333 1642 3378 est.
1674 3322 1786 3378 Lex
1820 3322 1987 3377 literis
2030 3321 2225 3391 scripta

659 3415 899 3471 exterior
924 3424 1044 3479 est;
1073 3415 1186 3468 hate
1213 3424 1387 3469 autem
1420 3416 1640 3470 interior
1663 3455 1677 3479 ,
1716 3430 1836 3484 quas
1863 3430 1957 3483 per
1979 3423 2223 3469 naturam

660 3514 777 3571 est;
800 3506 901 3560 alia
931 3521 1056 3561 vero
1084 3506 1135 3560 in
1165 3505 1372 3560 actibus
1399 3522 1413 3559 :
1446 3515 1500 3560 et
1521 3505 1667 3560 illam
1695 3505 1909 3575 quidem
1938 3507 2104 3561 literae
2139 3506 2223 3560 di-

658 3603 832 3660 ctant,
865 3596 1018 3650 aliam
1051 3606 1259 3661 natura,
1290 3596 1499 3651 tertiam
1526 3604 1692 3651 actus.
1731 3596 1839 3651 llac
1867 3605 2044 3652 autem
2070 3598 2222 3654 tertia

654 3697 737 3741 est
762 3702 896 3756 opus
916 3726 933 3751 ,
960 3696 1174 3756 propter
1200 3703 1357 3757 quam
1384 3688 1501 3741 alia:
1526 3688 1644 3743 dum
1662 3729 1677 3752 ,
1710 3689 1966 3743 naturalis
1995 3698 2049 3744 et
2100 3689 2223 3744 lite-

660 3779 805 3835 ralis.
838 3779 987 3846 Quod
1019 3782 1061 3835 si
1101 3780 1214 3835 haec
1261 3797 1367 3836 non
1408 3781 1577 3849 adsit,
1614 3783 1825 3837 illarum
1874 3784 2051 3838 nullus
2095 3799 2225 3838 usus

659 3878 777 3933 est,
810 3870 903 3925 sed
935 3882 1310 3931 nocuiitentum
1341 3874 1647 3927 maximum.
1694 3874 1759 3927 Et
1807 3873 1907 3929 hoc
1951 3875 2221 3941 ostendit,

654 3963 722 4017 de
739 3963 963 4017 naturali
981 3962 1193 4033 quidem
1218 3963 1399 4018 dicens
1432 3982 1446 4019 :
1477 3962 1540 4017 In
1559 3980 1658 4033 quo
1677 3966 1809 4018 enim
1815 3965 2023 4033 judicas
2043 3967 2220 4033 alium,

657 4052 871 4120 telpsum
891 4052 1233 4117 condemnas;
1258 4052 1325 4106 de
1346 4054 1541 4122 scripta
1570 4068 1717 4119 vero,
1741 4054 1841 4121 Qui
1854 4056 2105 4124 praedicas
2121 4073 2221 4111 non

656 4142 928 4211 furandum
952 4182 969 4209 ,
1018 4141 1226 4212 furoris.
1276 4142 1363 4197 Sic
1409 4152 1460 4198 et
1505 4145 1760 4214 praiputia
1799 4144 1906 4200 duo
1936 4164 1948 4200 :
1982 4148 2222 4202 naturale

658 4250 821 4289 unum
849 4276 863 4300 ,
906 4234 1129 4289 alterum
1181 4249 1244 4287 ex
1299 4250 1463 4304 opere
1494 4252 1509 4288 :
1539 4243 1593 4289 et
1633 4236 1965 4291 circumcisio
2018 4252 2119 4290 una
2168 4237 2220 4290 in

657 4339 852 4387 Carne,
881 4325 1045 4377 altera
1077 4338 1105 4376 a
1137 4322 1421 4377 voluntate.
1452 4325 1689 4393 Exempli
1715 4341 1872 4380 causa
1898 4369 1912 4389 ,
1944 4327 2224 4381 circumci-

653 4429 749 4472 sus
771 4418 888 4487 quis
910 4423 992 4471 est
1007 4425 1194 4471 octavo
1216 4417 1303 4471 die
1327 4432 1342 4482 ;
1367 4418 1479 4471 haec
1504 4426 1585 4472 est
1607 4420 1833 4473 carnalis
1848 4420 2182 4475 circumcisio
2206 4439 2220 4474 :

651 4520 981 4578 exsequutus
1010 4520 1095 4568 est
1122 4508 1243 4579 quis
1268 4509 1454 4579 legalia
1478 4511 1688 4576 omnia;
1717 4511 1831 4565 hcce
1868 4522 1949 4566 est
1971 4513 2221 4582 spiritua-

653 4604 718 4657 lis
744 4602 1100 4663 circumcisio,
1129 4616 1286 4664 quam
1313 4603 1541 4657 maxime
1568 4603 1759 4673 quaerit
1786 4603 1980 4659 Paulus
1997 4644 2012 4670 ,
2037 4605 2145 4659 imo
2170 4613 2224 4659 et

652 4694 763 4763 ipsa
794 4694 895 4747 lex.

722 4784 776 4839 ὅ.
808 4782 939 4837 Vide
964 4782 1151 4853 igitur,
1179 4792 1240 4839 ut
1268 4784 1428 4840 verbo
1459 4784 1601 4840 illam
1639 4785 1958 4853 concedens,
1991 4801 2049 4841 re
2079 4785 2221 4841 illam

658 4874 950 4928 sustulerit.
982 4873 1097 4929 Non
1118 4874 1260 4929 enim
1277 4875 1428 4939 dixit,
1451 4875 1724 4945 Superllua
1750 4886 1832 4932 est
1861 4876 2216 4943 circumcisio,

658 4964 879 5029 inutilis,
904 4964 1257 5031 infructuosa;
1284 4965 1378 5020 sed
1396 4965 1541 5035 quid
1560 4966 1584 5018 ?
1606 4965 1928 5023 Circumcist'o
1967 4969 2099 5022 enini
2120 4969 2220 5021 uti-

654 5056 717 5109 lis
742 5064 834 5120 est,
856 5056 899 5109 si
923 5055 1083 5126 legem
1102 5070 1283 5110 serves.
1313 5054 1545 5111 Admisit
1588 5057 1801 5113 interim
1840 5059 1984 5113 illam
2007 5059 2215 5127 dicens,

657 5146 934 5211 conﬁteor,
965 5155 1021 5201 et
1060 5161 1165 5202 non
1205 5147 1511 5203 contradieo
1552 5148 1747 5204 bonam
1786 5164 1906 5205 esse
1940 5150 2219 5205 circumci-

651 5238 889 5302 sionem;
919 5238 1013 5294 sed
1058 5239 1307 5308 quando?
1354 5240 1486 5295 Cum
1517 5242 1645 5311 legis
1671 5241 2096 5297 observationem
2120 5241 2215 5297 ha-

651 5328 757 5381 bet.
790 5328 850 5381 Si
866 5344 981 5383 vero
1020 5330 1375 5398 prcoaricator
1402 5331 1525 5401 legis
1554 5333 1729 5401 fueris,
1777 5334 2088 5387 circumcisio
2132 5344 2218 5388 tua

647 5420 949 5489 prwputium
969 5425 1105 5493 facta
1132 5432 1225 5478 est.
1257 5421 1371 5477 Non
1394 5424 1548 5489 dixit,
1574 5424 1685 5479 Non
1727 5427 1861 5480 ultra
1888 5426 2122 5495 prodest,
2148 5442 2217 5482 ne

656 5510 900 5564 videatur
946 5511 1088 5565 illam
1130 5515 1445 5569 contumelia
1488 5512 1732 5580 afﬁcere;
1776 5515 1867 5570 sed
1890 5516 1979 5569 ubi
2016 5516 2101 5571 illa
2123 5515 2215 5571 Ju-

649 5601 822 5654 daium
854 5602 1177 5671 denudavit,
1210 5615 1334 5663 tunc
1378 5608 1592 5662 demum
1624 5609 1763 5662 illam
1798 5611 2001 5679 impetit
2032 5629 2044 5661 :
2070 5610 2212 5681 quod

646 5706 753 5745 non
778 5692 883 5759 jam
907 5704 989 5749 est
1010 5696 1428 5753 circumcisionis
1453 5700 1796 5767 contumelia,
1830 5700 1922 5755 sed
1952 5701 2087 5771 ejus,
2120 5702 2208 5772 qui

640 5781 711 5838 ob
740 5782 997 5851 ignaviam
1034 5786 1175 5843 illam
1214 5789 1412 5848 amisit.
1456 5788 1607 5847 Sicut
1654 5791 1813 5863 igitur
1855 5792 1996 5847 viros
2050 5794 2101 5847 in
2128 5793 2203 5846 di-

1424 389 1478 445 S.
1519 381 1791 443 JOANNIS
1830 376 2295 438 CHRYSOSTOMI
2336 378 2653 447 ARCHIEP.
2693 384 3223 441 CONSTANTINOP.

3840 395 3942 446 ‘36

2354 493 2643 559 giiitatibiis
2678 498 2999 553 constitutos
3024 542 3038 565 ,
3070 499 3263 554 deinde
3318 499 3367 553 iii
3398 503 3603 571 magnis
3639 504 3940 560 sceleribus

2354 584 2738 656 deprehensos.
2769 590 2980 656 judiees
3026 592 3171 660 prius
3204 593 3384 646 ablato
3409 592 3729 663 dignitatum
3764 596 3938 650 hono-

2354 691 2435 741 re,
2472 687 2595 732 tunc
2620 680 2884 749 supplicio
2908 682 3121 737 tradunt
3152 702 3164 737 :
3199 684 3275 737 sic
3297 692 3351 738 et
3372 684 3566 738 Paulus
3613 684 3761 741 fecit.
3796 687 3934 741 Cum

2352 770 2492 822 enim
2522 767 2773 835 dixisset,
2802 770 2861 825 Si
2886 780 3050 825 autem
3082 777 3443 851 pravaricator
3474 776 3597 843 legis
3622 778 3800 846 fueris,
3830 780 3929 833 ad-

2351 859 2503 925 didit,
2559 859 2887 917 Circumcisio
2935 874 3023 917 tua
3072 856 3381 934 prtepntium
3408 873 3543 936 facta
3570 880 3681 935 est;
3710 882 3766 926 et
3810 888 3934 927 cum

2352 951 2780 1006 incircumcisum
2806 954 3149 1019 ostendisset,
3181 958 3327 1010 illum
3359 959 3474 1012 sine
3505 973 3649 1014 metu
3679 962 3927 1018 damnat.

2350 1040 2438 1095 26.
2470 1040 2594 1096 Cum
2620 1044 2773 1113 igitur
2804 1048 3107 1114 pra'putium
3149 1048 3542 1116 justiﬁcationes
3575 1050 3699 1120 legis
3728 1066 3895 1107 sensa!
3919 1098 3932 1119 ,

2350 1148 2517 1186 nonne
2562 1136 2874 1203 prwputium
2898 1138 3006 1206 ejus
3028 1138 3080 1191 in
3105 1139 3535 1192 circumcisionem
3576 1147 3935 1197 convertetur?

2353 1220 2484 1277 Vide
2510 1223 2633 1292 quid
2665 1225 2973 1281 faciatznon
2991 1226 3139 1293 dicit,
3172 1228 3313 1297 quod
3345 1233 3660 1300 praeputium
3692 1235 3930 1288 circnm-

2347 1313 2604 1369 cisionem
2635 1315 2843 1380 vincat;
2876 1316 2977 1370 hoc
3000 1319 3143 1371 enim
3168 1318 3321 1372 valde
3350 1320 3635 1375 molestum
3668 1324 3929 1377 auditori-

2349 1406 2445 1458 bus
2470 1414 2645 1469 esset;
2692 1406 2784 1459 sed
2816 1406 2955 1475 quod
2986 1410 3304 1477 praeputium
3348 1411 3689 1467 circumcisio
3731 1414 3930 1468 factum

2346 1499 2432 1551 sit.
2454 1499 2530 1551 Ac
2553 1496 2746 1553 deinde
2771 1500 2979 1568 quierit,
3000 1501 3125 1569 quid
3157 1502 3228 1555 sit
3256 1502 3616 1569 circumcisio,
3636 1505 3764 1573 quid
3793 1521 3929 1574 prai-

2348 1590 2552 1657 putium
2577 1605 2592 1652 ;
2619 1597 2671 1643 et
2708 1588 2838 1643 dicit
2862 1589 3328 1646 ciieumeisionem
3356 1607 3477 1649 esse
3523 1609 3658 1663 opus
3691 1596 3893 1650 bonum
3914 1638 3929 1661 ,

2348 1690 2401 1734 et
2437 1696 2581 1750 pi-mp
2606 1683 2750 1734 .tium
2789 1699 2899 1737 rem
2931 1685 3157 1739 malam:
3191 1696 3390 1741 etcum
3422 1688 3569 1757 prius
3601 1691 3652 1744 in
3692 1691 3931 1747 circum-

2345 1774 2598 1829 cisiouem
2638 1783 2895 1830 mutasset
2932 1778 3304 1845 praeputiatum
3349 1780 3505 1834 bonis
3546 1783 3804 1851 operibus
3842 1786 3931 1837 in-

2344 1873 2623 1931 structum,
2649 1874 2702 1919 et
2722 1866 3095 1922 circumcisum
3128 1880 3379 1940 corrupte
3402 1874 3667 1929 viventem
3699 1877 3750 1928 in
3779 1892 3928 1945 pra:-

2348 1956 2551 2023 putium
2599 1957 3049 2026 impulissetzsic
3106 1960 3381 2016 victoriam
3444 1964 3529 2017 dat
3582 1968 3930 2034 prmpntiato.

2340 2045 2448 2100 Nec
2494 2046 2622 2101 dicit
2671 2057 2844 2102 tamen
2876 2089 2893 2111 ,
2924 2048 3283 2119 Praiputiato;
3341 2053 3434 2107 sed
3485 2056 3548 2109 ad
3592 2058 3759 2124 ipsam
3809 2075 3928 2112 rem

2344 2139 2554 2198 transit,
2590 2138 2669 2193 sic
2715 2140 2938 2194 dicens:
2972 2137 3159 2193 Nonne
3208 2144 3517 2212 pra'putium
3567 2155 3715 2198 tuum
3744 2149 3795 2200 in
3818 2151 3928 2201 cir—

2338 2229 2689 2282 cumcisionem
2739 2232 3099 2284 convertetnr?
3170 2230 3284 2286 Non
3331 2234 3479 2297 dicit,
3545 2234 3927 2305 lmpntabitnr,

2340 2321 2454 2384 sed,
2502 2319 2846 2387 Convertetur,
2889 2322 3030 2391 quod
3082 2338 3345 2379 mairem
3394 2326 3690 2393 emphasim
3726 2330 3926 2384 habet:

2338 2411 2471 2467 sicut
2502 2426 2603 2467 nec
2632 2414 2879 2482 superius
2910 2414 3064 2481 dixit,
3096 2416 3447 2470 (Iircumcisio
3481 2426 3566 2475 tua
3593 2422 3923 2489 praeputium

2339 2512 2638 2571 reputatur,
2662 2503 2754 2557 sed
2788 2502 2950 2557 Facta
2979 2517 3069 2559 est.
3100 2505 3191 2558 27.
3226 2505 3294 2559 Et
3309 2508 3563 2577 judicabi't
3589 2511 3727 2576 quod
3750 2521 3825 2564 est
3847 2529 3916 2565 ca:

2336 2600 2515 2644 natura
2542 2593 2863 2662 prteputium.
2901 2595 3081 2649 Viden‘
3123 2597 3268 2651 illum
3305 2598 3412 2651 duo
3447 2614 3604 2654 nosse
3631 2602 3919 2670 praeputia,

2335 2682 2479 2736 aliud
2508 2698 2573 2738 ex
2604 2692 2789 2737 natura
2810 2727 2823 2750 ,
2854 2685 2994 2739 aliud
3027 2702 3091 2740 ex
3132 2687 3440 2743 voluntate?
3468 2689 3565 2743 Hic
3592 2705 3720 2745 vero
3758 2691 3916 2755 illud,

2333 2775 2471 2842 quod
2503 2790 2563 2826 ex
2613 2785 2798 2830 natura
2833 2786 2936 2841 est,
2966 2777 3113 2842 dicit,
3164 2794 3337 2848 neque
3371 2780 3455 2833 hic
3498 2781 3723 2851 gradum
3744 2782 3915 2850 sistit,

2330 2864 2423 2919 sed
2449 2866 2597 2920 addit
2631 2888 2641 2922 :
2673 2867 2854 2937 Legem
2903 2885 3280 2935 consummatis,
3314 2881 3361 2925 te
3383 2874 3469 2940 qni
3510 2890 3599 2942 per
3640 2875 3844 2928 (iterans
3873 2888 3925 2931 et

2330 2958 2755 3013 circumcisionem
2787 2971 3127 3032 transgressor
3165 2980 3216 3017 es
3242 2964 3366 3035 legis
3386 2965 3413 3017 ?
3461 2964 3592 3019 Vide
3622 2968 3921 3021 subtilissi-

2332 3064 2471 3102 mam
2497 3051 2613 3119 ejus
2645 3050 3001 3119 prudentiam.
3044 3053 3157 3107 Non
3206 3054 3356 3121 dicit,
3412 3057 3728 3125 praeputium
3770 3059 3921 3127 quod

2331 3151 2394 3191 ex
2440 3148 2629 3192 natura
2678 3147 2783 3205 est,
2841 3139 3304 3197 circumcisionem
3351 3145 3711 3213 iudicaturum
3756 3163 3919 3213 esse;

2330 3245 2513 3285 verum
2538 3230 2625 3283 ubi
2671 3231 2890 3284 victoria
2937 3240 3075 3299 erat,
3121 3248 3186 3287 eo
3215 3235 3530 3304 praeputium
3576 3236 3917 3303 introducit;

2329 3320 2416 3375 ubi
2444 3335 2572 3376 vero
2608 3322 2865 3387 vincitur,
2900 3339 3005 3378 non
3042 3324 3178 3379 ultra
3219 3325 3685 3384 circumcisionem
3714 3331 3916 3385 victam

2332 3426 2453 3465 esse
2477 3412 2633 3476 dicit,
2656 3412 2749 3466 sed
2782 3414 3157 3469 circumcisum
3193 3414 3457 3481 Judaeum,
3492 3433 3691 3474 cavens
3716 3436 3786 3475 ne
3816 3436 3919 3475 au-

2329 3500 2558 3556 ditorem
2588 3502 2861 3571 percellat.
2892 3503 3001 3558 Nec
3026 3503 3161 3559 dixit
3190 3523 3203 3559 :
3234 3505 3310 3561 Te
3337 3508 3427 3576 qui
3459 3508 3627 3578 legem
3662 3511 3830 3566 habes
3858 3523 3918 3567 et

2328 3592 2818 3657 circumcisionem,
2866 3594 2960 3649 sed
3004 3594 3179 3649 adhuc
3220 3597 3401 3651 mitius
3431 3614 3447 3651 :
3476 3597 3656 3668 Τεφιὶ
3677 3617 3767 3671 per
3793 3601 3914 3657 lite-

2328 3698 2439 3736 ram
2462 3694 2505 3736 et
2531 3684 2966 3738 circumcisionem
3016 3696 3359 3756 transgressor
3401 3705 3452 3741 es
3482 3690 3608 3759 legis
3639 3707 3658 3754 ;
3682 3692 3786 3747 hoc
3806 3702 3914 3760 est,

2327 3782 2383 3826 et
2420 3773 2884 3827 circumcisionem
2935 3774 3210 3829 ulciscitur
3258 3776 3361 3832 tale
3388 3779 3745 3849 przrpntium;
3789 3798 3917 3838 nam

2330 3863 2417 3917 illa
2443 3864 2570 3918 laesa
2596 3873 2680 3918 est
2709 3882 2721 3917 :
2754 3875 2808 3918 et
2834 3865 3127 3920 auxiliatur
3152 3866 3284 3935 legi;
3335 3867 3732 3924 incommodum
3766 3872 3915 3927 enim

2331 3969 2483 4023 passa
2510 3963 2633 4023 est;
2676 3955 3127 4027 splendidumque
3160 3958 3320 4028 erigit
3363 3967 3646 4028 tropaeum.
3672 3960 3915 4020 Victoria

2326 4047 2469 4101 enim
2499 4057 2622 4101 tunc
2652 4047 2927 4118 splendida
2954 4057 3056 4115 est,
3084 4064 3207 4104 cum
3243 4065 3353 4104 non
3375 4066 3404 4104 a
3439 4050 3627 4107 Judaeo
3667 4052 3911 4117 Judteus,

2326 4140 2421 4195 sed
2444 4154 2475 4193 a
2506 4140 2825 4210 praeputiato
2872 4141 3137 4206 vincitur;
3186 4149 3243 4195 ut
3270 4156 3391 4196 cum
3413 4142 3487 4196 ait
3521 4161 3534 4195 :
3569 4142 3678 4197 Viri
3704 4145 3913 4201 Ninivi-

2328 4238 2392 4283 ιω
2440 4241 2685 4300 surgent,
2742 4241 2790 4284 et
2842 4232 3249 4286 condemnabam
3310 4234 3683 4302 generationem
3757 4238 3890 4292 lianc

2331 4319 2543 4389 (Matth.
2598 4321 2818 4391 12.41).
2848 4321 3030 4393 Itaque
3076 4338 3181 4376 non
3205 4323 3377 4393 legem
3416 4324 3738 4389 inhonorat;
3763 4328 3910 4383 illam

2327 4409 2470 4463 enim
2518 4424 2841 4479 magn0pere
2885 4422 3190 4466 veneratur.
3227 4431 3241 4468 :
3287 4414 3381 4468 sed
3404 4429 3549 4481 eum,
3598 4418 3689 4486 qui
3734 4418 3909 4489 legem

2326 4504 2647 4557 contumelia
2678 4503 2865 4558 afﬁcit.
2892 4504 3096 4559 Deinde
3142 4514 3424 4576 postquam
3460 4508 3574 4562 ha:c
3610 4509 3760 4566 clare
3785 4527 3908 4581 pro-

2327 4593 2490 4657 bavit,
2518 4593 2743 4649 ﬁdenter
2770 4595 2954 4651 delinit
3002 4596 3131 4666 quid
3157 4598 3227 4652 sit
3254 4596 3473 4653 Judzeus
3498 4614 3515 4665 ;
3564 4601 3912 4673 ostenditque

2325 4702 2429 4741 non
2453 4703 2511 4742 se
2531 4686 2772 4742 Judaeum
2798 4704 2895 4744 nec
2912 4689 3397 4757 circumcisionem,
3421 4691 3517 4747 sed
3537 4708 3641 4748 non
3660 4693 3908 4750 Judmum

2325 4790 2377 4832 et
2404 4779 2831 4833 incircumcisum
2870 4780 3079 4849 ejicere.
3123 4781 3201 4835 Ac
3244 4781 3451 4837 videtur
3493 4783 3711 4853 quidem
3759 4786 3908 4841 illam

2325 4872 2630 4939 defendere,
2650 4872 2742 4926 sed
2765 4872 2881 4942 ejus
2908 4872 3354 4929 existimationem
3382 4874 3558 4939 solvit,
3586 4890 3617 4930 a
3640 4876 3719 4931 rei
3740 4892 3913 4931 even-

2322 4972 2378 5017 tu
2404 4964 2665 5019 calculum
2687 4962 2884 5018 ferens.
2908 4962 3152 5019 Ostendit
3179 4966 3322 5019 enim
3363 4980 3469 5021 non
3497 4965 3660 5022 modo
3698 4967 3911 5023 nullum

2325 5067 2443 5109 esse
2483 5054 2771 5109 discrimen
2813 5053 2953 5108 inter
2992 5054 3234 5110 Judzeum
3262 5065 3317 5111 et
3364 5055 3736 5128 praeputlatum
3769 5072 3787 5122 ;
3816 5057 3912 5111 sed

2324 5144 2480 5199 etiam
2506 5145 2837 5215 superiorem
2854 5159 2975 5200 esse
3002 5146 3371 5215 pneputiatum
3395 5190 3410 5214 ,
3443 5148 3488 5202 si
3515 5147 3613 5202 sibi
3636 5148 3908 5215 attendat,

2322 5238 2674 5308 eumdemque
2700 5253 2823 5293 vere
2838 5252 2957 5293 esse
2972 5236 3215 5294 Judaeum
3234 5258 3247 5295 :
3274 5240 3393 5296 ideo
3416 5240 3489 5294 ait
3506 5239 3621 5295 :28.
3636 5238 3687 5293 Ν
3691 5256 3755 5293 οη
3768 5242 3913 5295 enim

2320 5332 2403 5396 qui
2429 5332 2479 5385 in
2506 5330 2771 5399 manifesto
2790 5372 2805 5395 ,
2832 5330 3044 5386 Judteus
3069 5342 3164 5400 est,
3187 5349 3277 5387 nec
3287 5350 3401 5404 qua
3424 5334 3693 5403 manifesto
3714 5334 3766 5387 iis
3788 5350 3914 5386 car-

2323 5440 2403 5488 nc,
2432 5434 2502 5477 est
2529 5424 2862 5477 circumcisio.
2892 5424 2987 5479 Hic
3006 5425 3122 5480 illos
3153 5424 3481 5494 perstringit,
3512 5432 3692 5492 utpote
3713 5424 3804 5493 qui
3832 5425 3913 5480 ad

2318 5518 2725 5571 ostentationem
2742 5517 2915 5571 omnia
2939 5516 3166 5572 facerent
3181 5516 3409 5571 39.3w
3418 5516 3502 5584 qui
3516 5518 3568 5570 in
3582 5515 3910 5579 abscondito,

2317 5605 2531 5662 Judwus
2553 5616 2662 5673 est;
2693 5618 2737 5661 et
2764 5607 3077 5662 circumcisio
3105 5609 3271 5662 cordis
3305 5609 3355 5662 in
3384 5608 3586 5676 spiritu,
3613 5622 3711 5659 non
3725 5606 3909 5662 litera.

2387 5701 2439 5756 4.
2474 5702 2567 5757 His
2591 5700 2826 5757 excludit
2852 5702 3149 5771 corporalia
3178 5702 3376 5755 omnia.
3409 5699 3539 5755 Nam
3562 5699 3915 5755 circumcisio

2317 5795 2370 5848 in
2396 5794 2681 5849 manifesto
2704 5803 2841 5861 erat,
2874 5808 3077 5850 necnon
3104 5794 3322 5849 sabbata
3344 5834 3358 5860 ,
3383 5791 3664 5858 sacriﬁcia,
3698 5805 3909 5861 purga-
