4108 6340
209 417 322 476 635

210 533 501 602 φρόνητον,
534 527 655 582 ὅθεν
683 526 866 588 αὐτοῖς
896 525 1172 596 αἰδέσιμος
1209 519 1293 593 ἦν.
1326 522 1518 577 Καίτοι
1564 533 1624 586 γε
1663 512 1790 584 ἡδύ-

209 632 345 669 νατο
371 614 569 680 λέγειν,
610 613 690 664 δτι
722 613 814 664 καὶ
847 611 895 662 οἰ
932 603 1652 692 προφῆταιᾷἀπεριτμήτους
1699 614 1792 692 κμ-

207 697 396 750 λοῦσιν
451 693 752 757 Ἰουδαίους·
788 693 901 746 ἀλλ’
943 689 1094 744 οΰπω
1143 689 1298 742 τοῦτο
1343 688 1442 758 τῆς
1484 688 1790 754 περιτομῆς

207 783 362 833 ἐστιν
389 777 696 847 ἐλάττωμα,
722 776 856 828 ἀλλά
894 773 1002 826 τῶν
1045 772 1230 835 κακῶς
1256 771 1426 841 αὐτὴν
1464 766 1785 838 μετιόντων.

209 862 287 914 Τὸ
315 862 367 912 δὲ
395 859 746 930 ζητούμενον,
779 857 948 923 δείξαι
973 858 1054 909 ὅτι
1081 857 1175 908 καὶ
1202 857 1258 907 ὲν
1284 857 1492 924 ἀρίστῳ
1521 851 1620 920 βίῳ
1644 849 1790 902 οὐδε-

212 947 348 1014 μίαν
383 945 535 1013 ἰσχὺν
565 944 696 1012 ἔχει·
729 940 889 993 τοῦτο
919 940 982 1010 δὴ
1014 941 1410 1003 κατασκευάζει
1443 935 1646 989 λοιπόν.
1679 931 1788 986 Kal

207 1027 445 1080 ινταῦθα
478 1028 574 1095 μὲν
606 1025 662 1078 οὐ
694 1025 928 1094 παράγει
958 1023 1050 1075 τὸν
1085 1023 1459 1091 πατριάρχην,
1494 1018 1628 1071 ἀλλά
1657 1015 1788 1084 πρό-

203 1127 368 1180 τερον
393 1109 653 1177 ἑτέρωθεν
671 1107 838 1176 αὐτὴν
868 1103 1317 1174 προκαταϐαλὼν,
1343 1100 1787 1171 ὒστερονὲκεῖνον

201 1195 384 1262 τηρεῖ,
418 1193 544 1244 ὅταν
575 1189 666 1242 τὸν
709 1190 837 1258 περὶ
869 1190 964 1258 τῆς
993 1188 1227 1249 πίστεως
1251 1199 1275 1226 α
1308 1184 1580 1252 εἰσαγάγῃ
1606 1181 1784 1270 λόγον)

202 1275 351 1328 οὕτω
380 1273 530 1345 [475]
553 1273 725 1341 λέγων
747 1290 760 1303 ·
794 1271 924 1338 Πῶς
954 1267 1066 1326 οὖν
1089 1269 1374 1336 ἐλογίσθη
1404 1267 1440 1331 ἡ
1472 1267 1677 1328 πίστις
1707 1267 1786 1326 τῷ

218 1357 504 1425 Ἀϐραάμ;
542 1355 610 1409 ὲν
653 1353 937 1424 περιτομῇ
985 1353 1130 1417 ὄντι,
1189 1350 1226 1419 ἢ
1268 1351 1336 1402 ἐν
1385 1347 1787 1417 άκροϐι·στίᾳ;

203 1440 358 1502 Ἕως
409 1440 507 1510 μὲν
550 1440 658 1508 γὰρ
699 1440 764 1492 ἂν
800 1439 936 1508 πρὸς
981 1437 1072 1490 τὸν
1120 1434 1330 1488 ὲθνικδν
1377 1433 1514 1502 αὓτη
1560 1431 1654 1482 καὶ
1696 1429 1785 1481 τὸν

202 1521 544 1592 ἀκρόϐυστον
588 1519 920 1590 ἀγωνίζηται
943 1562 956 1585 ,
993 1519 1143 1572 οὐδὲν
1177 1517 1425 1587 βούλεται
1463 1514 1668 1567 τούτων
1711 1515 1785 1564 εί-

203 1608 352 1669 πεῖν,
384 1606 470 1658 ἵνα
511 1605 584 1675 μὴ
619 1603 824 1672 σφόδρα
858 1602 1116 1673 φορτικὸς
1252 1599 1380 1652 ὅταν
1409 1599 1465 1650 δὲ
1507 1596 1642 1665 πρὸς
1685 1594 1784 1664 τὴν

204 1687 389 1739 πίστιν
423 1687 796 1755 ἀπομάχηται,
831 1685 952 1736 τότε
985 1683 1246 1754 μειζόνως
1277 1682 1413 1751 πρὸς
1450 1681 1618 1748 αὐτὴν
1645 1679 1782 1730 ἀπο-

201 1770 410 1823 δύεται.
449 1769 598 1830 Τέως
635 1768 816 1838 μέντοι
847 1768 982 1837 πρὸς
1011 1768 1110 1836 τὴν
1138 1764 1505 1837 ἀκροϐυστίαν
1533 1764 1566 1833 ἡ
1610 1763 1779 1832 μάχη·

198 1853 283 1906 διὸ
313 1854 402 1906 καὶ
430 1851 736 1920 ὑφειμένως
767 1852 1000 1920 προάγει
1027 1850 1116 1902 τὸν
1146 1849 1321 1918 λόγον,
1357 1849 1450 1901 καί
1484 1861 1636 1916 φησι·
1671 1850 1782 1898 Πε-

195 1935 410 2003 ριτομὴ
430 1934 545 2001 μὲν
569 1933 675 2002 γὰρ
705 1933 941 2001 ὠφελεῖ,
975 1933 1084 1986 ἐὰν
1113 1934 1397 2000 πράσσῃς
1436 1930 1544 1983 τὸν
1572 1930 1781 1998 νόμον·

196 2019 314 2071 ἐὰν
357 2017 423 2069 δὲ
469 2016 814 2085 παραϐάτης
864 2017 1050 2084 νόμου
1095 2011 1199 2086 ᾖς,
1241 2016 1280 2083 ἡ
1338 2013 1621 2082 περιτομή
1665 2030 1782 2067 σου

197 2101 569 2168 ἀκροϐυστία
603 2098 830 2169 γέγονε.
869 2099 972 2151 Δύο
1000 2098 1108 2169 γάρ
1143 2097 1374 2151 ἐνταῦθα
1417 2096 1782 2168 ἀκροϐυστίας

201 2189 300 2239 καὶ
335 2185 426 2237 δύο
459 2185 762 2256 περιτομάς
804 2202 1000 2255 φησιν,
1050 2185 1237 2256 ὥσπερ
1282 2187 1376 2238 καὶ
1422 2185 1514 2237 δύο
1561 2184 1778 2254 νόμους.

203 2271 364 2322 Ἐστι
409 2270 516 2340 γάρ
564 2270 726 2339 νόμος
765 2271 793 2322 6
840 2269 1090 2338 φυσικὸς,
1137 2271 1232 2322 καὶ
1272 2269 1415 2321 ἔστιν
1444 2270 1471 2321 6
1513 2267 1777 2336 γραπτός·

197 2353 339 2406 ἀλλά
369 2355 459 2406 καὶ
486 2355 648 2424 μέσος
675 2352 879 2407 τούτων
913 2355 940 2406 6
967 2352 1056 2405 διά
1087 2352 1192 2406 τῶν
1222 2352 1420 2422 ἔργων.
1449 2352 1559 2404 Kal
1591 2350 1782 2403 σκόπει

199 2434 322 2497 πῶς
355 2437 478 2518 τοὺχς
509 2439 659 2505 τρεῖς
683 2437 902 2498 τούτους
928 2435 1186 2495 δείκνυσι,
1220 2437 1313 2486 καὶ
1339 2436 1418 2495 εἰς
1448 2433 1612 2504 μέσον
1634 2433 1777 2499 ἄγει.

198 2519 390 2572 Ὅταν
417 2517 524 2588 γὰρ
548 2519 691 2586 ἔθνη
721 2520 791 2571 τὰ
815 2519 902 2587 μὴ
942 2519 1132 2587 νόμον
1163 2519 1382 2585 ἔχοντα
1403 2558 1416 2581 ,
1443 2517 1596 2588 φησι.
1625 2519 1781 2569 Ποῖον

194 2602 262 2673 δὴ
297 2603 479 2671 νόμον,
514 2603 632 2654 εἰπέ
664 2619 754 2671 μοι
778 2618 792 2665 ;
819 2602 924 2653 Τὸν
951 2603 1220 2671 γραπτόν.
1247 2603 1431 2654 Φύσει
1455 2601 1524 2653 τὰ
1549 2599 1655 2652 τοῦ
1683 2601 1782 2652 rd-

191 2702 317 2754 μου
349 2683 512 2750 ποιῇ.
544 2683 737 2749 Ἠοίους
770 2683 878 2735 Τοῦ
907 2683 993 2736 διὰ
1020 2683 1128 2736 τῶν
1160 2683 1355 2754 ἔργων.
1391 2678 1564 2737 Οὗτοι
1594 2686 1784 2751 νόμον

189 2767 280 2837 μὴ
311 2767 576 2834 ἔχοντες.
610 2768 764 2819 ῐΙοίον
789 2783 802 2831 ;
828 2767 932 2819 Τὸν
955 2768 1218 2837 γραπτόν.
1256 2767 1526 2832 Ἑαιλτοῖς
1550 2769 1666 2818 εἰσι
1691 2767 1782 2818 νό-

188 2866 331 2921 μος.
366 2850 522 2916 Πῶς;
556 2851 596 2902 Τ
600 2849 644 2920 ᾧ
681 2850 893 2919 φυσικῷ
928 2852 1277 2922 κεχρημένοι.
1318 2852 1549 2914 Οῖτινες
1587 2849 1779 2903 ἐνδεί-

195 2951 450 2989 κνυνται
486 2934 552 2988 τὸ
586 2935 764 3004 ἔργον
797 2935 900 2988 τοῦ
933 2936 1142 3002 νόμου.
1177 2935 1375 2998 Ποίου;
1407 2934 1511 2985 Τοῦ
1544 2934 1633 2986 διὰ
1670 2933 1780 2984 τῶν

193 3017 472 3089 πράξεων.
532 3019 766 3078 Ἐκεῖνος
816 3019 913 3086 μὲν
943 3017 1052 3088 γὰρ
1091 3015 1194 3081 ἔξω
1241 3020 1416 3069 κεῖται
1461 3016 1490 3067 6
1534 3015 1622 3069 διὰ
1671 3014 1779 3068 τῶν

195 3101 566 3171 γραμμάτων,
604 3095 756 3163 οὗτος
780 3100 834 3151 δὲ
863 3099 1010 3152 ἔνδον
1031 3100 1059 3152 6
1085 3100 1173 3153 διὰ
1201 3100 1299 3169 τῆς
1329 3098 1565 3167 φύσεως,
1592 3099 1618 3150 6
1644 3097 1698 3148 δὲ
1721 3098 1778 3149 έν

191 3187 318 3246 ταῖς
340 3182 572 3254 πράξεσι
595 3199 609 3215 ·
639 3186 731 3236 καὶ
763 3184 852 3235 τὸν
885 3184 982 3252 μὲν
1007 3183 1073 3234 τά
1098 3183 1405 3253 γράμματα
1427 3180 1774 3250 ὑπαγορεύει,

188 3266 289 3319 τὸν
315 3266 372 3319 δὲ
398 3269 430 3336 ἡ
463 3266 644 3334 φύσις,
674 3265 762 3318 τὸν
789 3266 841 3318 δὲ
871 3267 926 3317 αί
954 3265 1197 3335 πράξεις.
1229 3264 1430 3317 Τούτου
1462 3263 1524 3334 δὴ
1554 3263 1646 3316 τοῦ
1669 3264 1778 3333 τρί-

187 3366 288 3403 του
311 3351 487 3420 χρεία,
523 3349 588 3401 δι’
618 3348 675 3401 ὃν
709 3351 803 3403 καὶ
829 3351 1026 3403 ἐκεῖνοι
1053 3352 1100 3402 οί
1129 3350 1242 3413 δύο,
1266 3350 1294 3401 ὃ
1322 3366 1379 3400 τε
1405 3349 1511 3402 ἀπὸ
1543 3349 1643 3418 τῆς
1678 3347 1777 3416 φύ-

193 3449 356 3495 σεως,
389 3432 418 3485 6
437 3449 494 3485 τε
517 3431 623 3485 ἀπὸ
651 3432 758 3484 τῶν
795 3432 1138 3504 γραμμάτων
1158 3448 1172 3463 ·
1196 3431 1297 3485 κᾶν
1318 3426 1469 3493 οὗτος
1495 3431 1570 3501 μὴ
1600 3434 1772 3501 παρῇ,

188 3515 346 3568 οὐδὲν
367 3514 557 3584 ὄφελος
579 3514 827 3579 ἐκείνων,
853 3514 989 3568 ἀλλὰ
1013 3514 1106 3566 καὶ
1134 3514 1330 3584 βλάϐος
1358 3515 1632 3584 μέγιστον,
1669 3515 1776 3568 Καὶ

188 3596 354 3650 τοῦτο
392 3597 664 3651 δείκνυσιν
707 3598 798 3650 ἐπὶ
827 3597 920 3650 τοῦ
958 3596 1186 3667 φυσικοῦ
1227 3599 1325 3667 μὲν
1355 3597 1550 3664 λέγων·
1601 3597 1697 3649 Ἐν
1727 3589 1776 3662 ᾦ

189 3682 306 3751 γὰρ
329 3681 550 3750 κρίνεις
581 3682 689 3735 τὸν
709 3681 933 3748 ἕτερον,
964 3682 1227 3736 σεαυτὸν
1255 3681 1656 3748 κατακρίνεις·
1684 3681 1775 3732 ἐπὶ

187 3763 251 3819 δὲ
288 3765 384 3817 τοῦ
423 3763 667 3836 γραπτοῦ
694 3780 709 3796 ·
762 3765 822 3818 ’0
845 3765 1172 3832 κηρύσσων
1195 3763 1282 3833 μὴ
1313 3763 1614 3827 κλέπτειν,
1641 3764 1774 3816 κλέ-

185 3863 384 3912 πτειςτ
409 3845 561 3900 Οῢτω
591 3849 686 3900 καὶ
715 3847 1071 3918 ἀκροϐυστίαι
1094 3846 1206 3908 δύο,
1241 3846 1340 3916 μία
1373 3847 1471 3916 μὲν
1491 3848 1524 3916 ἡ
1548 3846 1771 3917 φυσικὴ.

186 3931 424 4001 δευτέρα
453 3930 508 3983 δὲ
536 3931 568 4000 ἡ
596 3930 702 3984 ἀπὸ
738 3929 1012 4002 πράξεως·
1045 3931 1139 3984 καὶ
1167 3930 1442 4000 περιτομὴ
1479 3929 1575 3999 μία
1613 3930 1712 4000 μὲν
1738 3934 1770 4000 ἡ

186 4015 250 4066 ἐν
285 4016 352 4084 τῇ
405 4013 589 4081 σαρκὶ,
634 4012 861 4082 δευτέρα
897 4013 1013 4083 δὲὴ
1060 4012 1170 4065 ἀπὸ
1209 4011 1605 4082 προαιρέσεως.
1647 4009 1771 4066 Οἷόν

184 4113 242 4147 τι
282 4095 448 4163 λέγω·
481 4095 831 4165 Περιετμήθη
861 4112 943 4158 τις
973 4094 1335 4165 ὀκταήμερος·
1365 4093 1504 4166 αὕτη
1531 4097 1769 4167 σαρκικὴ

187 4179 491 4247 περιτομή.
508 4175 754 4246 Ἔπραξέ
779 4193 861 4240 τις
890 4178 958 4230 τά
989 4177 1196 4246 νόμιμα
1223 4177 1456 4230 ᾶπαντα·
1491 4177 1630 4248 αὕτη
1656 4179 1772 4233 δια-

182 4263 338 4322 νοίας
367 4258 659 4330 περιτομὴ,
692 4259 758 4330 ἢν
797 4259 1032 4330 μάλιστα
1060 4261 1088 4311 6
1112 4260 1320 4322 Παῦλος
1362 4262 1535 4332 ζητεῖ,
1571 4262 1772 4332 μᾶλλον

181 4343 243 4396 δὲ
271 4342 367 4394 καὶ
389 4344 416 4394 6
442 4341 627 4411 νόμος.

259 4431 331 4494 γ’.
375 4425 518 4494 Ὅρα
554 4424 734 4478 τοίνυν
763 4423 880 4486 πῶς
915 4425 1276 4495 συγχωρήσας
1305 4425 1473 4496 αὐτὴν
1503 4425 1580 4497 τῷ
1604 4427 1767 4499 λόγῳ,

181 4506 405 4560 καθεῖλε
437 4506 514 4575 τῷ
543 4507 844 4576 πράγματι.
879 4507 950 4559 ού
981 4508 1090 4577 γάρ
1125 4504 1266 4570 εἷπε,
1304 4508 1562 4578 Περιττὺν
1591 4513 1622 4580 ὴ
1672 4527 1771 4563 πε-

183 4589 409 4660 ριτομὴ.
438 4591 695 4661 ἀνόνητον
743 4591 776 4660 ἡ
813 4591 1102 4661 περιτομὴ,
1139 4591 1440 4661 ἄχρηστον·
1498 4591 1633 4645 ἀλλά
1682 4594 1768 4661 τί;

182 4672 478 4741 Περιτομή
513 4673 630 4743 μὲν
667 4675 777 4741 γὰρ
809 4673 1042 4743 ὠφελεῖ,
1084 4673 1190 4727 ἐὰν
1239 4675 1428 4743 νόμον
1459 4676 1765 4743 πράσσῃς.

181 4755 529 4819 Κατεδέξατο
548 4756 718 4826 αὐτὴν
743 4756 878 4820 τέως
905 4757 1100 4824 λέγων·
1119 4756 1519 4825 Ὀμολογῶ,καὶ
1550 4760 1650 4812 οὑκ
1679 4761 1770 4812 άν-

179 4839 404 4907 τιλέγω,
430 4841 510 4892 ὅτι
537 4839 675 4909 καλὴ
703 4842 736 4910 ἡ
777 4840 1076 4910 περιτομή·
1110 4840 1246 4894 ἀλλά
1272 4841 1399 4893 πότε
1428 4858 1442 4907 ;
1479 4841 1645 4894 Ὅταν
1672 4843 1767 4896 καὶ

178 4927 284 4992 την
311 4922 407 4974 τοῦ
433 4922 598 4990 νόμου
626 4922 868 4991 φυλακὴν
896 4923 1014 4995 Em.
1051 4923 1186 4976 Ἐὰν
1205 4922 1272 4975 δὲ
1304 4924 1647 4991 παραϐάτης
1667 4926 1769 4978 νόο

172 5024 302 5076 μου
349 4999 445 5076 ᾖς,
487 5005 523 5072 ἡ
575 5004 856 5072 περιτομή
909 5019 1024 5058 σου
1073 5006 1439 5073 ἀκροϐυστία
1498 5007 1762 5078 γέγονεν.

179 5090 300 5142 Οὐκ
327 5084 497 5140 εἶπεν·
536 5087 732 5139 Οὐκέτι
752 5088 968 5156 ὠφελεῖ·
1004 5087 1092 5142 ἵνα
1131 5089 1205 5160 μὴ
1240 5090 1364 5160 δόξῃ
1389 5091 1557 5161 αὐτὴν
1610 5091 1764 5161 ὑϐρί-

179 5173 238 5236 ξε
252 5189 300 5223 ιν
321 5187 335 5201 ·
377 5169 510 5222 ἀλλά
541 5169 832 5240 γυμνώσας
861 5171 1032 5241 αὑτῆς
1049 5173 1141 5224 τὸν
1165 5172 1436 5237 Ἰουδαῖον,
1457 5175 1578 5227 τότε
1603 5177 1764 5230 αὐτὸν

180 5254 373 5324 βάλλει
391 5251 596 5306 λοιπόν.
637 5254 814 5324 Ὅπερ
832 5255 1016 5308 οὐκέτι
1047 5255 1145 5325 τῆς
1176 5257 1478 5327 περιτομῆς
1497 5255 1564 5329 ἦν
1582 5259 1760 5330 ὕϐρις,

177 5335 321 5391 ἀλλά
338 5335 432 5388 τοῦ
452 5336 538 5388 διά
561 5335 660 5404 τῆς
689 5336 957 5408 ῥᾳθυμίας
977 5338 1146 5409 αὐτὴν
1162 5340 1759 5415 άπολέσαντος.Ὥσπερ

178 5415 277 5474 οὖν
305 5422 430 5482 τοὺς
481 5421 540 5471 ὲν
566 5420 868 5491 ἀξιώμασιν
901 5421 1079 5486 ὄντας,
1106 5419 1224 5477 εἶτα
1254 5424 1640 5493 ἁλισκομένους
1671 5430 1761 5481 ἐπὶ

181 5507 466 5579 μεγίστοις
513 5507 866 5578 ἐγκλήμασιν,
899 5511 948 5562 οἰ
975 5509 1284 5574 δικάζοντες
1313 5513 1636 5583 ἀφελόμενοι
1661 5515 1760 5586 τῆς

177 5593 292 5646 τῶν
321 5590 647 5656 ἀξιωμάτων
694 5591 881 5662 τιμῆς,
916 5594 1037 5646 τότε
1089 5595 1438 5660 κολάζουσιν·
1485 5599 1626 5652 οὑτω
1668 5603 1762 5655 καὶ

183 5673 394 5735 Παῦλος
425 5673 698 5740 ἐποίησεν.
735 5673 917 5728 Εἰπὼν
952 5677 1081 5749 γὰρ,
1123 5679 1257 5733 Ἐὰν
1299 5679 1365 5733 δὲ
1415 5683 1760 5750 παραϐάτης

179 5757 370 5826 νόμου
393 5752 488 5826 ᾗς,
520 5759 814 5828 ἐπήγαγεν·
850 5759 918 5814 ’11
933 5761 1216 5830 περιτομή
1245 5779 1363 5818 σου
1395 5765 1758 5832 ἀκροϐυστία

181 5843 388 5910 γέγονε
407 5859 420 5871 ·
458 5842 550 5894 καὶ
570 5841 744 5906 δείξας
765 5842 1155 5913 ἀπερίτμητον,
1199 5846 1548 5911 καταδικάζει
1573 5850 1757 5903 λοιπὸν

176 5924 371 5986 ἀδεῶς.
407 5921 583 5976 Ὅταν
629 5921 739 5978 οὖν
776 5927 809 5993 ἡ
841 5927 1243 5993 ἀκροϐυστία.
1276 5931 1341 5982 τὰ
1394 5931 1752 6003 δικαιώματα

241 6039 270 6069 ⁸
289 6037 406 6090 Alii.
434 6041 514 6086 τὸν
537 6044 618 6094 τῆς
640 6041 861 6094 πίστεως,

1320 407 1382 461 ΙΝ
1426 402 1648 462 EPIS'I.
1691 405 1781 454 AD
1814 404 1976 456 hUM.
2006 403 2240 457 IIOMIL.
2289 403 2373 458 Vl.

3381 413 3485 468 ίῦϐ

1898 513 2003 567 τοῦ
2020 517 2204 583 νόμου
2220 518 2516 586 φυλάττῃ,
2531 521 2666 588 οὐχί
2688 520 2837 594 [4⁸76]
2853 524 2889 589 ἡ
2905 523 3271 589 ἀκροϐυστία
3293 525 3481 579 αἶ’-τοῦ

1896 600 1983 662 είς
2010 605 2336 668 περιτομὴν
2366 606 2866 671 περιτραπήσεται
2902 607 2964 663 δε
3016 609 3157 677 Ὅρα
3201 608 3252 660 τί
3298 614 3441 663 ποιεῖ
3461 629 3474 642 ο

1899 681 1974 763 Οὑ
2012 680 2189 750 λέγει,
2245 685 2385 755 ὄτιή
2438 687 2774 756 ἀκροϐυστία
2823 691 2921 758 τὴν
2978 690 3282 761 περιτομὴν
3315 695 3475 763 νικᾷ·

1893 762 2052 816 τοῦτο
2090 765 2199 838 γάρ
2229 768 2434 839 σφόδρα
2481 765 2549 837 ἦν
2585 771 2822 839 ἐπαχθὲς
2861 775 2973 834 τοῖς
3003 774 3123 825 τότε
3154 762 3475 830 ἀκούουσιν·

1895 846 2010 900 ἀλλ’
2053 850 2133 903 ὅτι
2179 853 2210 918 ὴ
2261 853 2596 922 ἀκροϐυστία
2629 854 2899 926 περιτομὴ
2929 857 3140 923 γέγονε.
3191 859 3296 910 Kal
3327 859 3481 929 ζητεῖ

1892 929 2076 985 λοιπὸν
2111 934 2163 984 τί
2196 935 2310 987 ἐστι
2335 937 2628 1007 περιτομὴ,
2657 940 2749 990 καὶ
2775 940 2826 990 τί
2855 941 3190 1008 ἀκροϐυστία
3212 957 3223 968 ·
3274 944 3367 994 καὶ
3393 943 3483 995 λέ-

1891 1030 1997 1081 γει,
2029 1016 2106 1070 δτι
2148 1022 2420 1090 περιτομὴ
2452 1021 2652 1090 πρᾶξίς
2698 1024 2846 1074 ἐστιν
2886 1024 3086 1092 ἀγαθὴ,
3124 1025 3277 1094 καὶή
3315 1027 3483 1092 ἀκρο-

1891 1095 2086 1152 ϐυστία
2125 1101 2320 1170 πρᾶξις
2374 1105 2620 1172 πονηρά·
2681 1106 3077 1175 καὶπρότερον
3134 1110 3481 1176 μεταστήσας

1890 1183 1969 1241 είς
1992 1181 2091 1251 τὴν
2122 1186 2419 1255 περιτομὴν
2443 1186 2534 1238 τὸν
2564 1187 2902 1256 ἀκρόϐυστον
2925 1189 3014 1240 τὸν
3041 1190 3265 1258 πράξεις
3290 1190 3482 1259 ἔχοντα

1893 1264 2154 1333 χρηστὰς,
2185 1268 2400 1320 καὶτὸν
2440 1269 2813 1339 ἐμπερίτομον
2863 1270 2955 1322 τὸν
3001 1271 3058 1321 ἐν
3104 1271 3482 1341 διεφθαρμένῳ

1891 1344 1990 1413 βίῳ
2027 1348 2108 1410 είς
2135 1349 2234 1419 τὴν
2264 1350 2634 1420 ἀκροϐυστίαν
2661 1351 2962 1423 ὲξωθήσας,
3000 1353 3142 1406 οὑτω
3186 1355 3283 1423 τὴν
3323 1357 3481 1424 νίκην

1893 1430 2069 1481 Ηδιοσι
2093 1432 2169 1502 τῷ
2194 1434 2536 1506 ἀκροϐύστῳ.
2579 1437 2688 1488 Καὶ
2721 1437 2779 1488 ού
2804 1436 2972 1503 λέγει,
3007 1436 3096 1506 Τῷ
3126 1437 3478 1508 ἀκροϐυστῳ.

1888 1513 2000 1564 αλλ’
2027 1515 2118 1565 ἐπὶ
2146 1516 2205 1567 τὺ
2241 1519 2474 1587 πρᾶγμα
2511 1518 2758 1588 μέτεισιν
2792 1519 2935 1572 οὑτω
2974 1518 3184 1588 λέγων·
3243 1520 3388 1588 Οὐχὶ
3441 1521 3478 1586 ἠ

1887 1596 2254 1662 ἀκροϐυστία
2281 1614 2398 1653 σου
2424 1603 2512 1664 είς
2559 1602 2888 1671 περιτομὴν
2921 1603 3480 1670 μετατραπήσεταυ

1889 1679 1998 1730 Kal
2039 1680 2138 1732 οὐκ
2180 1678 2322 1745 εἷπε,
2376 1683 2801 1753 Λογισθήσεται,
2855 1684 3010 1748 ἀλλὰ,
3080 1685 3476 1752 Τραπήσεται,

1887 1759 2024 1837 ὅπερ
2060 1763 2542 1835 ἐμφαντικώτερον
2574 1763 2676 1835 ἦν·
2720 1767 2910 1837 ὥσπερ
2957 1768 3049 1818 καὶ
3079 1767 3334 1836 ἀνωτέρω
3380 1765 3480 1818 οὑκ

1888 1836 2058 1907 εἶπεν,
2095 1845 2156 1896 Ἠ
2185 1849 2455 1919 περιτομή
2500 1865 2592 1901 σου
2626 1836 2963 1918 ἀκροϐυστία
2989 1847 3286 1912 λογίζεται,
3320 1848 3478 1912 ἀλλά,

1893 1922 2128 1990 Γέγονε.
2193 1930 2301 1981 Καὶ
2345 1931 2538 1998 κρινεῖ
2586 1933 2625 1999 ἡ
2675 1933 2741 1986 ἐκ
2798 1934 3040 2001 φύσεως
3085 1933 3474 1999 ἀκροϐυστία.

1898 2006 2080 2079 Ὁρᾷς,
2096 2009 2177 2060 ὅτι
2200 2010 2291 2063 δύο
2307 2009 2446 2065 οἶδεν
2467 2014 2672 2084 ἀκροϐυ
2684 2015 2857 2079 στίας,
2877 2017 2977 2086 τὴν
3015 2016 3112 2085 μὲν
3143 2016 3212 2066 ἐκ
3240 2015 3473 2082 φύσεως,

1885 2091 1982 2159 τὴν
1995 2091 2126 2142 δὲέκ
2151 2096 2545 2165 προαιρέσεω;;
2567 2097 2832 2150 Ἐνταῦοα
2851 2098 3148 2167 μέντοιτὴν
3172 2099 3236 2150 ὲκ
3263 2097 3478 2166 φύσεως

1885 2172 2052 2240 λέγει,
2072 2175 2300 2246 ἀλλὀὐχ
2322 2179 2532 2232 ἵσταται
2561 2182 2719 2252 μέχρι
2749 2182 2962 2246 τούτου,
2980 2183 3331 2249 ἀλλ’ὲπάγει·
3367 2183 3479 2235 Τὸν

1885 2261 2075 2325 νόμον
2102 2259 2370 2314 τελοῦσά
2421 2279 2495 2315 σε
2543 2264 2650 2316 τὸν
2679 2264 2774 2318 διὰ
2815 2266 3158 2334 γράμματος
3193 2267 3291 2318 καὶ
3316 2281 3477 2333 περι-

1886 2341 2072 2409 τομῆς
2094 2343 2445 2412 παραϐάτην
2470 2348 2657 2416 νόμου
2672 2364 2691 2410 ;
2715 2349 2856 2417 Ὅρα
2887 2349 2980 2419 τὴν
3012 2350 3352 2419 λεπτοτάτην
3376 2351 3474 2401 αὑ-

1884 2423 1979 2475 τοῦ
2012 2425 2247 2479 σύνεσιν.
2281 2428 2395 2480 Οὐκ
2425 2423 2602 2492 εἷπεν,
2637 2431 2771 2500 ὄτιή
2810 2434 2873 2484 ἐκ
2904 2431 3116 2501 φύσεως
3139 2433 3476 2502 ἀκροϐυστία

1884 2507 1981 2576 τὴν
2003 2510 2304 2580 περιτομὴν
2339 2515 2532 2582 κρινεῖ,
2567 2513 2722 2578 ἀλλά,
2749 2502 2876 2567 ἔνθα
2908 2518 3007 2584 μὲν
3036 2518 3067 2586 ἡ
3094 2517 3219 2586 νίκη
3254 2535 3343 2586 ην,
3377 2519 3476 2587 τὴν

1884 2590 2254 2660 ἀκροϐυστίαν
2288 2597 2496 2665 εἰσάγει
2517 2614 2528 2626 ·
2565 2597 2693 2651 ἔνθα
2721 2599 2777 2652 δὲ
2818 2601 2851 2668 ἡ
2872 2595 3013 2671 ἧττα
3044 2596 3132 2670 ἦν,
3165 2601 3349 2653 ούκέτι
3378 2601 3477 2670 τὴν

1886 2677 2189 2747 περιτομὴν
2239 2677 2511 2733 δείκνυσιν
2562 2683 2905 2752 ἡττωμένην,
2959 2684 3096 2736 άλλά
3155 2684 3248 2736 τὸν
3303 2685 3476 2753 αὑτὴν

1884 2757 2075 2827 ἔχοντα
2108 2761 2374 2825 Ἰουδαῖον,
2408 2765 2724 2835 φειδόμενος
2761 2766 2849 2820 διά
2889 2767 2998 2820 τῶν
3025 2768 3288 2838 ῥημάτων
3333 2767 3476 2838 πλῆ-

1886 2840 1970 2906 ξαι
1991 2843 2082 2895 τὸν
2110 2846 2410 2917 ἀκροατήν.
2439 2849 2548 2901 Kal
2579 2850 2678 2903 οὐκ
2705 2845 2846 2915 εἷπε,
2883 2851 2948 2904 Σὲ
2981 2852 3072 2903 τὸν
3100 2851 3262 2921 νόμον
3284 2851 3479 2922 ἔχοντα

1883 2928 1978 2978 καὶ
2025 2929 2346 3000 περιτομὴν,
2391 2930 2505 2983 ἀλλ’
2563 2931 2644 2984 ἔτι
2689 2932 3067 3004 ἡμερώτερον,
3106 2936 3184 2987 Σὲ
3236 2934 3343 2988 τὸν
3380 2934 3478 2988 διὰ

1883 3008 2222 3078 γράμματος
2299 3013 2399 3066 καὶ
2463 3015 2790 3084 περιτομῆς
2844 3017 3196 3084 παραϐάτην
3244 3023 3434 3088 νόμου
3461 3037 3474 3049 ⁸

1880 3095 2147 3153 τουτέστι.
2206 3096 2300 3148 καὶ
2328 3097 2529 3166 ἀμύνει
2581 3101 2644 3168 τῇ
2680 3104 2950 3171 περιτομῇ
2984 3104 3015 3171 ὴ
3050 3102 3274 3172 τοιαύτη
3307 3106 3477 3174 ἀκρο-

1883 3175 2099 3242 ϐυστία,
2129 3180 2387 3252 ἠδίκηται
2413 3182 2554 3253 γάρ·
2584 3185 2678 3236 καὶ
2716 3183 2903 3254 βοηθεῖ
2931 3185 3009 3255 τῷ
3043 3187 3215 3256 νόμῳ,
3240 3188 3477 3258 ἐπηρέα-

1884 3278 2005 3344 σται
2040 3265 2178 3332 γάρ·
2220 3265 2315 3316 καὶ
2361 3268 2662 3335 περιφανὲς
2705 3269 2888 3336 ἵστησι
2917 3271 3204 3339 τρόπαιον.
3249 3272 3312 3324 Ἡ
3367 3272 3475 3344 γάρ

1881 3342 2004 3412 νίκη
2041 3346 2161 3397 τότε
2222 3347 2338 3399 ἐστὶ
2391 3348 2643 3418 λαμπρὰ,
2678 3351 2808 3402 ὅταν
2856 3350 2931 3422 μὴ
2961 3354 3112 3422 παρά
3143 3353 3400 3407 Ἰουδαίου
3446 3342 3476 3408 6

1893 3426 2160 3491 Ἰουδαῖος,
2191 3429 2327 3482 ἀλλά
2359 3430 2512 3501 παρά
2555 3432 2899 3502 ἀκροϐύστου
2951 3435 3234 3505 κρίνηται·
3284 3435 3476 3508 ὥσπερ

1880 3507 2005 3561 ὅταν
2049 3509 2180 3581 λέγῃ
2208 3527 2220 3540 ·
2267 3512 2519 3579 Ἀνδρες
2560 3516 2863 3569 Νινευῗται
2894 3517 3343 3584 ἐγερθήσονται,
3373 3507 3475 3572 καὶ

1880 3594 2308 3660 κατακρινοῦσι
2349 3594 2464 3663 τὴν
2509 3599 2723 3665 γενεὰν
2756 3600 3001 3665 ταύτην.
3040 3600 3250 3654 Οὐκοῦν
3281 3603 3341 3655 οὑ
3382 3604 3474 3657 τὸν

1882 3675 2042 3744 νόμον
2084 3677 2374 3747 ἀτιμάζει·
2424 3681 2630 3751 σφόδρα
2676 3682 2784 3752 γὰρ
2839 3683 2999 3736 αὐτὸν
3034 3683 3300 3737 αἰδεῖται·
3335 3685 3473 3740 ἀλλά

1879 3756 1968 3807 τὸν
1997 3759 2078 3820 εἰς
2109 3759 2200 3810 τὸν
2234 3761 2397 3830 νόμον
2438 3761 2750 3832 ὑϐρίζοντα.
2806 3761 2941 3817 Εἶτα
2975 3767 3064 3818 ὅτε
3096 3768 3470 3822 κατεσκεύασε

1877 3839 2050 3893 ταῦτα
2081 3842 2290 3910 σαφῶς,
2324 3843 2546 3916 θαρρῶν
2579 3845 2767 3900 λοιπὸν
2805 3848 3044 3917 ὁρίζεται
3074 3849 3127 3901 τί
3158 3852 3289 3903 ποτέ
3321 3854 3469 3905 ἐστιν

1877 3924 1905 3974 6
1931 3924 2201 3991 Ἰουδαῖος,
2223 3929 2315 3980 καὶ
2340 3929 2635 3995 δείκνυσιν,
2670 3931 2751 3984 ὅτι
2775 3931 2894 4001 οὑχὶ
2923 3933 3015 3986 τὸν
3051 3933 3300 3987 Ἰουδαῖον
3346 3937 3465 3991 οὐδὲ

1877 4006 1974 4076 τὴν
2001 4010 2326 4079 περιτομὴν,
2356 4011 2493 4065 ἀλλά
2534 4013 2627 4065 τὸν
2664 4013 2785 4083 ούχὶ
2815 4013 3066 4068 Ἰουδαῖον
3099 4019 3188 4070 καὶ
3214 4019 3306 4070 τὸν
3338 4021 3467 4072 ἀπε-

1880 4091 2143 4161 ρίτμητον
2180 4094 2454 4147 ἐκϐάλλει.
2516 4097 2626 4149 Kal
2655 4095 2804 4150 δοκεῖ
2853 4098 2950 4168 μὲν
3014 4099 3244 4170 ἀμύνειν
3302 4103 3463 4172 αὐτῇ.

1877 4174 2136 4228 καταλύει
2177 4177 2233 4229 δὲ
2279 4178 2448 4246 αὐτῆς
2490 4179 2588 4248 τὴν
2619 4179 2906 4251 ὑπόληψιν,
2942 4183 3050 4236 ἀπὸ
3081 4183 3175 4236 τοῦ
3228 4188 3462 4255 συμϐαίο

1875 4275 2055 4323 νοντος
2076 4258 2211 4328 ἔχων
2239 4259 2337 4323 τὰς
2359 4261 2594 4331 ψήφους.
2625 4261 2873 4316 Δείκνυσι
2901 4266 3007 4334 γάρ
3035 4268 3095 4318 οὑ
3125 4267 3283 4336 μόνον
3312 4269 3462 4321 οὐδὲν

1878 4341 2045 4410 μέσον
2081 4343 2334 4395 Ἰουδαίου
2363 4344 2457 4398 καὶ
2491 4344 2853 4414 ἀκροϐύστου,
2887 4348 3026 4400 ἀλλά
3052 4351 3147 4401 καὶ
3190 4351 3462 4417 ἀνώτερον

1872 4423 2001 4478 ὄντα
2025 4425 2114 4478 τὸν
2144 4426 2498 4496 ἀκρόϐυστον,
2535 4427 2630 4480 ἐὰν
2663 4430 2840 4499 ἐαυτῷ
2888 4433 3153 4502 προσέχῃ,
3207 4436 3300 4486 καὶ
3333 4437 3458 4492 τοῦ-

1871 4523 1962 4560 τον
1988 4507 2116 4560 ὄντα
2145 4508 2389 4578 ἀκριϐῶς
2407 4509 2499 4562 τὸν
2529 4512 2782 4564 Ἰουδαῖον
2803 4530 2814 4542 ·
2847 4513 2925 4565 διό
2954 4532 3118 4584 φησι·
3174 4519 3256 4571 Οὐ
3288 4519 3396 4588 γὰρ
3427 4525 3459 4574 ὀ

1871 4589 1943 4670 ἐν
1975 4589 2056 4655 τῷ
2076 4589 2311 4659 φανερῷ
2325 4592 2603 4658 Ἰουδαῖός
2628 4594 2816 4658 ἐστιν,
2857 4596 2999 4648 οὐδὲ
3025 4599 3062 4664 η
3090 4599 3160 4650 ἐν
3187 4599 3264 4662 τῷ
3279 4618 3457 4670 φανε-

1863 4669 1971 4738 ρῷ,
1998 4671 2066 4723 ἐν
2092 4673 2293 4739 σαρκὶ,
2321 4673 2628 4741 περιτομή.
2666 4676 2932 4730 Ἐνταῦθα
2963 4679 3162 4742 αὑτοὺς
3200 4680 3453 4751 πλήττει,

1869 4753 1945 4816 ώς
1982 4753 2118 4824 πρὸς
2157 4755 2413 4821 ἐπίδειξιν
2454 4755 2670 4810 ἅπαντα
2706 4759 3066 4829 πράττοντας.
3112 4763 3275 4816 Ἀλλ’
3322 4768 3354 4817 o'
3387 4766 3454 4817 ἐν

1869 4834 1949 4900 τῷ
1988 4836 2227 4903 κρυπτῷ
2261 4837 2559 4905 Ἰουδαῖος,
2591 4840 2688 4894 καί
2739 4843 3026 4912 περιτομὴ
3091 4845 3341 4913 καρδίας
3386 4849 3454 4902 ἐν

1869 4920 2180 4987 πνεύματι,
2209 4922 2281 4973 οὐ
2312 4921 2624 4990 γράμματι.

1935 5004 1997 5058 δ’.
2041 5003 2210 5057 Τοῦτο
2237 5005 2294 5058 δὲ
2329 5007 2518 5074 εἰπὼν,
2553 5008 2773 5072 ἐξέϐαλε
2797 5010 2862 5062 τὰ
2889 5013 3177 5080 σωματικὰ
3213 5014 3449 5072 ἅπαντα.

1871 5088 1980 5140 Kal
2000 5087 2108 5159 γὰρ
2124 5090 2156 5159 ἡ
2175 5105 2240 5141 πε
2249 5090 2445 5161 ριτομὴ
2467 5091 2525 5143 ὲν
2540 5091 2617 5162 τῷ
2637 5093 2876 5162 φανερῷ,
2899 5096 2989 5147 καὶ
3006 5096 3074 5148 τὰ
3093 5096 3338 5151 σάϐϐατα
3359 5103 3451 5154 καὶ

1868 5173 1923 5223 al
1953 5170 2132 5224 θυσίαι
2157 5175 2251 5226 καὶ
2295 5175 2344 5227 οἰ
2383 5174 2716 5245 καθαρισμοί
2736 5192 2748 5205 ·
2779 5177 2930 5250 [477]
2965 5180 3106 5250 ἅπερ
3137 5180 3352 5235 ἅπαντα
3381 5183 3450 5234 δι’

1867 5254 1983 5318 ἑνὸς
2007 5255 2227 5326 ᾐνίξατο
2255 5258 2498 5328 ῥήματος
2526 5258 2713 5322 εἰπὼν,
2755 5263 2836 5316 Οὐ
2868 5263 2975 5331 γὰρ
2999 5263 3068 5315 ἐν
3095 5263 3174 5328 τῷ
3211 5266 3455 5333 φανερῷ

1879 5337 2154 5419 Ἰουδαῖός
2198 5340 2386 5395 ἐστιν.
2425 5342 2563 5394 Ἀλλ’
2594 5343 2780 5414 ἐπειδὴ
2817 5346 2913 5416 τῆς
2946 5351 3249 5419 περιτομῆς
3282 5351 3448 5413 πολὺς

1862 5417 1930 5493 ἦν
1956 5424 1984 5476 6
2015 5423 2168 5490 λόγος
2188 5464 2203 5488 ,
2230 5425 2364 5478 ὅπου
2393 5442 2455 5494 γε
2487 5429 2583 5480 καὶ
2623 5432 2685 5481 τὸ
2715 5429 2992 5484 Σάϐϐατον
3023 5417 3157 5502 αὐτῇ
3189 5417 3448 5503 παρεχώ-

1866 5523 1970 5576 ρει,
2016 5507 2239 5572 εἰκότως
2286 5509 2355 5562 τά
2415 5510 2636 5566 πλείονα
2693 5513 2826 5582 πρὸς
2877 5515 3046 5583 αὑτὴν
3076 5517 3442 5573 ἀποτείνεται.

1864 5589 2049 5642 Εἰπὼν
2073 5591 2152 5654 δὲ,
2187 5591 2283 5645 Ἐν
2316 5594 2626 5662 πνεύματι,
2663 5596 3008 5665 προοδοποιεῖ
3029 5596 3214 5650 λοιπὸν
3248 5603 3314 5669 τῇ
3346 5601 3444 5669 τῆς

1876 5671 2200 5740 Ἐκκλησίας
2251 5675 2514 5746 πολιτείᾳ,
2568 5679 2660 5732 καὶ
2697 5682 2792 5749 τὴν
2829 5680 3010 5732 πίστιν
3062 5681 3308 5747 εἰσάγει·
3351 5687 3445 5736 καὶ

1863 5755 1970 5823 γὰρ
2002 5755 2140 5827 αὓτη
2176 5760 2232 5810 ἐν
2271 5759 2465 5829 καρδίᾳ
2515 5761 2606 5813 καὶ
2644 5761 2916 5830 πνεύματι
2955 5763 3046 5816 τὸν
3087 5763 3307 5816 ἔπαινον
3337 5767 3445 5818 ἀπὸ

1863 5839 1955 5890 τοῦ
1981 5840 2119 5892 θεοῦ
2142 5841 2274 5910 ἔχει.
2310 5844 2419 5895 Καὶ
2450 5843 2536 5896 διὰ
2562 5846 2613 5896 τί
2645 5845 2719 5916 μὴ
2745 5847 2963 5912 ἔδειξεν,
2992 5849 3072 5901 ὅτι
3106 5851 3134 5902 6
3164 5849 3444 5920 κατορθῶν

1895 5986 1955 6055 ‘b'
1983 5986 2143 6060 pilus,
2175 5992 2611 6060 ιιιτατρατιήσεται,
2635 6000 2693 6060 Διιι
2731 5995 2949 6060 δίείηίτδ
2996 5999 3198 6060 lcgilur.
3231 5999 3282 6047 In
3314 5999 3434 6048 edit.

1871 6046 2199 6109 Epistolarum
2237 6046 2376 6100 1mm
2398 6046 2609 6103 habetur
2635 6057 2987 6114 1011091113111.
