4118 6340
656 398 759 453 457

655 512 853 579 Ἕλλην
884 508 1137 560 Ἰουδαίου
1199 509 1586 578 κατορθοῦντος
1623 510 1720 562 ούκ
1770 509 1918 561 ἐστιν
1953 508 2193 560 ἐλάττων
2215 547 2228 564 .

655 594 770 646 ἀλλ’
806 595 885 645 ὅτι
941 591 1217 662 κατορθῶν
1264 591 1460 660 Ἕλλην
1497 591 1743 644 Ἰουδαίου
1802 590 2228 659 παραϐαίνοντος

655 676 914 747 κρείττων
941 675 1122 737 ἐστίν;
1165 675 1258 725 ”Ὶν’
1297 673 1664 743 ἀναμφίϐολον
1694 676 1888 743 ποιήσῃ
1921 673 2017 742 τὴν
2048 672 2222 740 νίκην.

653 759 854 812 Τούτου
882 759 990 827 γάρ
1021 757 1462 827 ὁμολογηθέντος,
1495 758 1551 822 ἐξ
1598 758 1841 825 ἀνάγκης
1867 758 1898 825 ή
1949 755 2224 825 περιτομὴ

653 839 754 911 τῆς
783 842 982 910 σαρκὸς
1015 838 1357 900 ἐκϐάλλεται,
1387 840 1480 891 καὶ
1503 839 1792 898 δείκνυται,
1827 839 1906 890 ὅτι
1951 837 2224 905 πανταχοῦ

657 924 771 993 βίου
819 922 988 991 χρεία.
1044 921 1213 974 Ὅταν
1243 921 1348 989 γὰρ
1397 922 1424 972 6
1455 921 1555 989 μὲν
1594 921 1792 988 Ἕλλην
1821 921 1986 989 χωρὶς
2021 919 2225 971 τούτων

657 1003 913 1073 σώζηται,
973 1005 1001 1054 6
1057 1002 1113 1054 δέ
1158 1003 1407 1064 Ἰουδαῖος
1451 1002 1588 1070 μετά
1643 1002 1846 1054 τούτων
1907 1001 2222 1069 κολάζηται,

653 1089 879 1156 ἕστηκεν
933 1086 1116 1155 ἀργῶν
1147 1088 1174 1138 6
1212 1085 1562 1152 Ἰουδαῖσμός.
1600 1084 1839 1148 ’Έλληνα
1867 1084 1922 1136 δὲ
1959 1084 2119 1136 πάλιν
2162 1085 2221 1135 ού

652 1170 744 1223 τὸν
795 1169 1205 1238 εἰδωλολάτρην,
1248 1167 1383 1219 ἀλλά
1431 1168 1524 1218 τὸν
1585 1167 1814 1236 θεοσεϐῆ
1873 1167 1966 1219 καὶ
2033 1167 2224 1235 ἐνάρε-

652 1270 744 1306 τον
770 1251 1002 1305 καὶιτῶν
1061 1249 1300 1319 νομικῶν
1338 1251 1774 1320 παρατηρήσεων
1806 1248 2224 1318 ἀπηλλαγμένον

655 1336 810 1405 φησί.
843 1334 902 1389 Τί
925 1329 1038 1388 οὗν
1064 1333 1132 1386 τὸ
1170 1333 1468 1399 περισσόν
1497 1332 1602 1385 τοῦ
1635 1332 1918 1385 Ἰουδαίου
1937 1347 1956 1394 ;
2003 1331 2222 1400 Ἐπειδὴ

655 1418 828 1471 πάντα
881 1415 1122 1480 ἐξέϐαλε,
1154 1416 1252 1485 τὴν
1286 1415 1569 1484 ἀκρόασιν,
1612 1415 1708 1484 τὴν
1758 1413 2129 1478 διδασκαλίαν,
2163 1413 2223 1466 16

650 1503 822 1572 ὄνομα
849 1499 942 1553 τοῦ
971 1498 1248 1560 Ἰουδαίου,
1278 1500 1375 1568 τὴν
1406 1498 1725 1568 περιτομὴν,
1756 1497 1825 1550 τὰ
1853 1497 1988 1550 ἄλλα
2021 1497 2218 1562 πάντα,

651 1586 740 1640 διά
765 1584 858 1637 τοῦ
891 1583 1092 1650 λέγειν,
1115 1583 1195 1634 ὃτι
1237 1583 1298 1633 '0
1320 1581 1390 1633 ἐν
1420 1580 1498 1644 τῷ
1526 1579 1761 1648 φανερῷ
1796 1579 2083 1645 Ἰουδαῖος
2111 1582 2221 1634 οὐκ

651 1669 842 1730 ἐστιν,
874 1666 1012 1719 ἀλλ’
1035 1667 1067 1716 ὀ
1097 1664 1164 1715 ἐν
1193 1661 1273 1727 τῷ
1320 1661 1578 1730 κρυπτῷ,
1611 1665 1711 1732 δρᾷ
1741 1662 1928 1716 λοιπὸν
1953 1663 2223 1716 ἀντίθεσιν

653 1749 1062 1802 ἀνακύπτουσαν
1085 1762 1097 1776 ·
1138 1745 1229 1797 καὶ
1257 1744 1391 1815 πρὸς
1419 1745 1587 1814 αὐτὴν
1611 1745 1844 1798 ἵσταται.
1877 1745 1968 1808 Τίς
1998 1744 2054 1797 δέ
2076 1747 2222 1798 ἐστιν

653 1835 687 1901 ή
721 1829 1025 1895 ἀντίθεσις;
1073 1828 1134 1880 Et
1180 1826 1365 1897 μηδὲν,
1400 1827 1583 1896 φησὶν,
1609 1827 1812 1896 ὠφελεῖ
1843 1827 2036 1892 ταῦτα,
2082 1828 2225 1892 τίνος

652 1915 836 1968 ἕνεκεν
880 1912 978 1966 καὶ
1036 1909 1238 1980 ἐκλήθη
1284 1909 1345 1962 16
1392 1910 1562 1974 ἔθνος,
1599 1912 1693 1964 καὶ
1726 1912 1997 1981 περιτομὴ
2032 1911 2222 1981 ἐδόθη;

653 1999 719 2051 Τί
751 1993 844 2051 οὖν
872 1997 1035 2059 ποιεῖ,
1073 1994 1165 2046 καὶ
1204 1992 1321 2055 πῶς
1350 1993 1518 2060 αὐτὴν
1546 1992 1696 2058 λύει;
1731 1994 1810 2045 Δι’
1840 1986 1914 2045 ὧν
1940 1993 2097 2046 ἔλυσε
2130 1995 2226 2047 καὶ

654 2082 722 2136 τά
749 2079 1026 2150 ἀνωτέρω.
1066 2078 1274 2146 Ὥσπερ
1302 2076 1410 2146 γὰρ
1435 2077 1549 2128 ἐκεῖ
1579 2077 1640 2128 06
1672 2075 1741 2128 τά
1770 2075 2020 2147 ἐγκώμια
2049 2075 2224 2128 αὐτῶν

653 2162 826 2227 εἶπεν,
859 2161 993 2215 ἀλλά
1020 2159 1113 2212 τοῦ
1141 2157 1274 2211 Θεοῦ
1308 2161 1408 2222 τὰς
1447 2158 1787 2228 εὐεργεσίας,
1839 2160 1899 2211 06
1947 2160 2016 2211 τὸ.
2047 2159 2226 2214 αὐτῶν

653 2242 1080 2315 κατορθώματαο
1136 2241 1199 2294 τὸ
1250 2240 1358 2310 γὰρ
1409 2241 1659 2293 Ἰουδαῖον
1708 2241 2091 2311 ὀνομάζεσθαι,
2131 2241 2225 2293 καὶ

651 2328 940 2398 γινώσκειν
963 2326 1023 2378 16
1046 2323 1278 2394 θέλημα,
1314 2324 1406 2377 καὶ
1430 2322 1742 2393 δοκιμάζειν
1777 2325 1845 2378 τὰ
1879 2324 2223 2394 διαφέροντα,

653 2414 753 2465 οὐκ
776 2409 952 2463 αὐτῶν
978 2403 1044 2478 ἦν
1079 2406 1430 2476 κατόρθωμα,
1471 2406 1607 2458 ἀλλά
1639 2406 1739 2474 τῆς
1778 2405 1870 2458 τοῦ
1905 2406 2037 2458 Θεοῦ
2071 2407 2226 2476 χάρι-

651 2513 771 2559 τοςο
806 2496 943 2563 ὅπερ
976 2492 1068 2545 κα)⁵
1094 2489 1365 2552 ὀνειδίζων
1397 2490 1580 2550 αὺτοῖς
1605 2491 1632 2541 6
1663 2490 1950 2559 προφήτης
1999 2488 2182 2555 ἔλεγεν
2209 2504 2221 2517 ⁸

656 2581 778 2633 Οὐκ
826 2576 1115 2640 ἐποίησεν
1148 2572 1299 2625 οὕτω
1342 2572 1520 2625 παντί
1546 2572 1726 2634 ἔθνει,
1748 2573 1843 2624 καὶ
1871 2574 1942 2626 τὰ
1978 2572 2228 2638 κρίματα

651 2659 836 2714 αὑτοῦ
862 2660 971 2711 οὐκ
1001 2654 1310 2720 ἐδήλωσεν
1338 2654 1540 2719 αὐτοῖς
1564 2671 1577 2685 ·
1606 2655 1698 2706 καὶ
1722 2657 1749 2706 6
1776 2654 2016 2720 Μωῦσῆς
2043 2654 2225 2716 πάλιν,

663 2739 1050 2811 Ἐρωτήσατε,
1094 2739 1145 2789 εί
1175 2736 1381 2803 γέγονε
1412 2736 1562 2787 κατὰ
1593 2736 1658 2788 τὸ
1689 2734 1852 2804 ρἦα
1890 2735 2084 2798 τοῦτο,
2121 2752 2226 2804 φη-

654 2826 761 2888 σὶν,
809 2826 860 2876 ει
896 2821 1167 2889 ἤκουσεν
1224 2819 1397 2882 ἔθνος
1436 2817 1645 2885 φωνὴν
1698 2815 1845 2870 Θεοῦ
1899 2815 2110 2882 ζῶντος
2159 2818 2227 2869 ἐκ

647 2907 842 2977 μέσου
871 2903 976 2956 τοῦ
1000 2901 1210 2970 πυρὸς,
1235 2900 1332 2954 καὶ
1358 2897 1532 2965 ἔζησε
1553 2917 1564 2929 ο
1605 2899 1762 2952 τοῦτο
1789 2898 1851 2968 δὴ
1881 2900 1973 2952 καὶ
1994 2897 2226 2950 ἐνταῦθα

655 2992 816 3044 ποιεῖ.
852 2988 1061 3054 Ὥσπερ
1089 2983 1220 3053 γάρ,
1270 2983 1357 3035 ὅτε
1390 2984 1539 3050 ἔλεγε
1592 2984 1719 3052 περὶ
1759 2983 1859 3051 τῆς
1903 2983 2222 3053 περιτομῆς,

651 3073 753 3124 ούκ
801 3065 978 3130 εἶπεν,
1007 3066 1090 3119 ὅτι
1141 3066 1206 3118 Ἡ
1230 3065 1286 3117 δέ
1322 3065 1590 3135 περιτομὴ
1623 3065 1775 3117 οὐδὲν
1803 3064 2003 3133 ὠφελεῖ
2059 3065 2227 3134 χωρὶς

652 3154 790 3215 βίου,
823 3150 985 3214 ἀλλὰ,
1016 3148 1291 3216 Περιτομὴ
1320 3147 1516 3216 ὠφελεῖ
1550 3146 1687 3215 μετά
1717 3146 1851 3214 βίου,
1876 3145 1937 3198 16
1964 3147 2096 3199 αὐτὸ
2129 3147 2228 3214 μὲν

651 3234 849 3304 δηλῶν,
877 3229 1223 3302 ἡμερώτερον
1248 3229 1302 3282 δέ
1323 3246 1336 3259 ·
1394 3230 1486 3282 καὶ
1517 3229 1697 3291 πάλιν,
1767 3228 1908 3280 Ἐὰν
1936 3229 2004 3280 δὲ
2043 3243 2228 3296 παρα-

653 3319 834 3383 ϐάτης
855 3317 1042 3383 νόμου
1062 3307 1157 3383 ᾖς,
1185 3313 1284 3364 οὐκ
1309 3306 1480 3376 εἷπεν,
1509 3311 1671 3364 Οὐδὲν
1695 3311 1878 3381 ὠφελῇ
1907 3312 1970 3362 σὺ
1994 3313 2020 3364 6
2053 3313 2226 3380 ἐμπε-

653 3400 885 3471 ρίτομος,
912 3396 1050 3461 ἀλλ’,
1069 3396 1130 3448 Ἠ
1152 3393 1431 3462 περιτομή
1460 3411 1574 3457 σου
1599 3393 1965 3460 ἀκροϐυστία
1995 3393 2223 3461 γέγονε·

650 3481 745 3534 καὶ
773 3479 888 3550 μετ’
921 3481 1092 3531 ἐκεῖνο
1117 3477 1174 3529 δὲ
1214 3477 1395 3540 πάλιν,
1451 3475 1672 3544 Κρινεῖ,
1732 3477 1918 3543 φησίν,
1970 3478 2008 3544 ἡ
2059 3477 2227 3545 ἀκρο-

652 3563 868 3618 σειστία
894 3561 1028 3629 οὐκί
1075 3559 1187 3627 τὴν
1221 3558 1567 3626 περιτομὴν,
1603 3558 1763 3611 ἀλλὰ
1802 3558 1876 3610 σὲ
1911 3558 2017 3610 τὸν
2042 3574 2227 3626 ,παρα⁹

651 3644 838 3711 (ν’άτην
865 3643 1072 3711 νόμου,
1123 3641 1232 3694 τῶν
1261 3641 1360 3710 μὲν
1393 3641 1638 3710 νομίμων
1673 3640 2002 3710 φειδόμενος,
2023 3644 2146 3705 τοὺς
2172 3643 2228 3694 δὲ

648 3727 967 3798 ἀνθρώπους
998 3724 1204 3794 βάλλων
1227 3739 1240 3751 ·
1282 3721 1422 3775 οὕτω
1452 3724 1546 3778 καὶ
1585 3724 1819 3775 ἐνταῦθα
1851 3727 2012 3776 ποιεῖ.
2055 3726 2227 3778 Ἀντι-

650 3812 763 3873 θεὶς
791 3809 899 3878 γὰρ
925 3805 1099 3875 ἐαυτῷ
1135 3805 1314 3869 τοῦτο,
1348 3804 1444 3858 καὶ
1476 3804 1666 3868 εἰπὼν,
1706 3807 1765 3859 Τί
1793 3801 1993 3860 οὖντὸ
2031 3824 2231 3875 περισ-

650 3892 768 3945 σὸν
803 3889 908 3943 τοῦ
937 3887 1230 3943 Ἰουδαίου
1255 3904 1273 3951 ;
1307 3887 1406 3939 οὐκ
1443 3884 1615 3951 εἶπεν,
1636 3889 1715 3941 ὅτι
1741 3888 1926 3954 Οὐδὲν,
1950 3889 2086 3943 άλλά
2108 3908 2229 3944 συν-

653 3975 857 4044 έδραμε
891 3973 967 4043 τῷ
999 3973 1161 4040 λόγῳ,
1204 3972 1297 4024 καὶ
1333 3969 1418 4022 διά
1445 3970 1554 4022 τῶν
1589 3970 1712 4040 ὲξῆς
1757 3972 1918 4025 πάλιν
1968 3974 2100 4025 αὐτὸ
2141 3977 2230 4028 ἀν-

650 4058 782 4119 εἷλε,
839 4057 932 4109 καὶ
981 4053 1147 4116 ἔδειξε
1193 4053 1285 4106 καὶ
1317 4053 1707 4122 κολαζομένους
1743 4057 1850 4107 ἀπὸ
1898 4055 2100 4126 ταύτης
2130 4058 2228 4126 τῆς

651 4137 958 4210 προεδρίας.
1003 4138 1112 4189 Καὶ
1135 4136 1278 4200 πῶς;
1318 4135 1459 4203 Ἐγὼ
1493 4135 1655 4204 λέγω,
1689 4134 1785 4206 τὴν
1829 4137 2098 4190 ἀντίθεσιν
2148 4141 2228 4202 είς

654 4221 816 4292 μέσον
848 4219 1088 4287 ἀγαγών.
1126 4217 1192 4272 Τί
1219 4214 1332 4271 οὖν
1357 4218 1423 4269 τὸ
1463 4219 1757 4283 περισσὸν
1780 4219 1884 4272 τοῦ
1914 4220 2226 4287 Ἰουδαίου,

651 4304 833 4373 φησὶν,
883 4301 920 4369 ἢ
976 4301 1065 4365 τίς
1119 4301 1156 4366 ἡ
1191 4298 1445 4367 ὠφέλεια
1492 4298 1600 4367 τῆς
1647 4301 2008 4370 περιτομῆς;
2068 4305 2229 4358 Πολὺ

651 4397 802 4452 κατὰ
833 4397 1028 4450 πάντα
1060 4396 1298 4464 τρόπον.
1334 4395 1571 4461 Πρῶτον
1604 4397 1737 4463 μὲν,
1768 4397 1854 4449 ὅτι
1881 4398 2230 4468 ἐπιστεύθη·

650 4498 772 4535 σαν
791 4481 866 4535 τὰ
881 4481 1054 4549 λόγια
1072 4479 1179 4531 τοῦ
1201 4479 1368 4531 Θεοῦ.
1395 4473 1563 4541 Εἶδες,
1584 4478 1719 4548 ὅπερ
1742 4480 1908 4551 ἔφθην
1930 4482 2118 4547 εἰπὼν,
2141 4485 2230 4536 οὐ-

650 4562 821 4632 δαμοῦ
842 4563 907 4615 τά
925 4561 1313 4631 κοτορθώματα
1332 4560 1529 4624 αὐτῶν,
1548 4559 1683 4613 ἀλλά
1703 4565 1795 4613 τοῦ
1813 4563 1945 4615 Θεοῦ
1961 4564 2057 4626 τὰς
2080 4566 2230 4635 εύερ-

654 4646 844 4714 γεσίας
866 4643 1301 4714 ἀπαριθμοῦντα;
1335 4642 1400 4692 Τί
1427 4641 1482 4693 δέ
1509 4643 1678 4706 ἐστιν,
1715 4645 2228 4712 Ἐπιστεύ()ησαν;

654 4729 774 4781 Ὅτι
820 4728 970 4780 αὐτοὶ
1012 4723 1455 4794 ἐνεχειρίσθησαν
1498 4724 1589 4777 τὸν
1629 4726 1811 4796 νόμον,
1853 4728 1932 4780 ὅτι
1974 4730 2227 4782 τοσούτου

655 4810 807 4880 ὶν478ἱ
847 4809 1030 4873 ἀξίους
1058 4807 1193 4860 εἶναι
1229 4807 1495 4875 ἐνόμιζεν,
1524 4807 1598 4869 ὡς
1629 4809 1913 4863 πιστεῦσαι
1949 4813 2231 4882 χρησμοὺς

655 4894 833 4954 αὐτοῖς
855 4892 1057 4944 ἀνωθεν
1081 4891 1516 4959 κατενεχθέντας.
1552 4892 1660 4943 Καὶ
1686 4887 1803 4944 οἴδα
1832 4894 1947 4962 μὲν,
1980 4895 2062 4946 ὅτι
2087 4896 2231 4958 τινὲς

653 4975 735 5037 16,
754 4976 1248 5041 Ἐπιστεύθησαν,
1271 4975 1369 5025 ούκ
1395 4974 1487 5024 ἐπὶ
1519 4973 1626 5024 τῶν
1662 4974 1930 5027 Ἰουδαίων
1953 4976 2227 5045 λέγουσιν,

651 5059 767 5112 ἀλλ’
791 5059 881 5110 ἐπὶ
905 5057 1009 5108 τῶν
1028 5057 1543 5125 λογίων,τουτέστιν,
1568 5056 1649 5107 ὅτι
1677 5056 1967 5129 ἐπιστεύθη
1990 5063 2016 5113 6
2043 5061 2225 5130 νόμος·

651 5141 788 5195 ἁλλά
834 5141 894 5193 16
936 5141 1062 5209 ἐξῆς
1104 5141 1201 5192 οὐκ
1246 5140 1438 5210 ἀφίησι
1461 5138 1614 5191 τοῦτο
1640 5140 1972 5210 νομίζεσθαι.
2007 5147 2230 5216 Πρῶτον

656 5224 754 5293 μὲν
793 5223 900 5293 γάρ
933 5220 1251 5292 κατηγορῶν
1280 5222 1457 5273 αὐτῶν
1495 5221 1666 5272 ταῦτα
1698 5221 1864 5290 λέγει,
1898 5226 1990 5278 καὶ
2019 5227 2227 5292 δεικνὺς

654 5305 852 5374 πολλῆς
882 5306 978 5375 μὲν
1007 5305 1214 5357 ἀνωθεν
1238 5303 1646 5367 ἀπολαύσαντας
1670 5305 2006 5375 εὐεργεσίας,
2031 5311 2229 5380 πολλὴν

654 5387 710 5440 δὲ
737 5387 1174 5458 ἐπιδειξαμένους
1201 5385 1607 5456 ἀγνωμοσύνην.
1652 5387 1882 5440 Ἔπειτα
1912 5390 1966 5441 δέ
2018 5393 2112 5445 καὶ
2161 5393 2228 5447 τά

656 5469 781 5538 ἑξῆς
803 5469 954 5521 τοῦτο
977 5469 1154 5537 δηλοῖ·
1195 5471 1435 5539 ἐπήγαγε
1467 5469 1574 5539 γάρ
1593 5487 1605 5498 ·
1650 5471 1711 5522 Τί
1741 5470 1869 5538 γὰρ,
1895 5475 1946 5524 εί
1971 5473 2228 5542 ἠπίστη-

653 5555 777 5606 σάν
805 5569 997 5618 τινες;
1043 5555 1102 5605 Εἰ
1137 5554 1190 5605 δὲ
1218 5554 1543 5622 ἠπίστησαν,
1577 5553 1714 5615 πῶς,
1744 5555 1889 5617 τινές
1936 5573 2118 5622 φασιν,
2149 5561 2227 5613 ὅτι

653 5635 1050 5704 ἐπιστεύθησαν
1080 5635 1148 5687 τά
1179 5636 1368 5702 λόγια;
1428 5635 1490 5687 Τί
1526 5633 1618 5689 οὖν
1644 5655 1843 5708 φησιν;
1878 5640 1998 5692 Ὅτι
2033 5644 2060 5693 6
2097 5643 2228 5706 Θεὸς

655 5721 836 5782 αὐτοῖς
859 5718 1031 5771 ταῦτα
1064 5717 1403 5777 ἐπίστευσεν.
1449 5719 1545 5788 οὑχ
1589 5720 1670 5772 ὅτι
1718 5723 1869 5775 αὐτοὶ
1903 5727 2014 5786 τοῖς
2045 5725 2224 5793 λόγοις

655 5801 1007 5855 ἐπίστευσανο
1051 5802 1172 5853 ἐπεὶ
1203 5801 1316 5862 πῶς
1345 5803 1452 5869 ἔχει
1478 5802 1632 5868 λόγον
1671 5804 1728 5856 16
1763 5805 1919 5873 έξῆς;
1969 5809 2061 5860 καὶ
2120 5812 2228 5877 γὰρ

658 5885 928 5954 ἐπήγαγε·
960 5887 1019 5938 Τι’
1040 5884 1170 5952 γὰρ,
1201 5886 1250 5936 εὶ
1289 5885 1635 5950 ἠπίστησάν
1667 5905 1852 5953 τινες;
1903 5892 2009 5942 Καὶ
2041 5893 2098 5944 τὸ
2133 5913 2226 5961 με-

657 5969 719 6021 τὰ
754 5967 910 6022 τοῦτο
952 5967 1005 6021 δὲ
1055 5968 1113 6019 τὸ
1168 5967 1298 6022 αὐτὸ
1345 5967 1514 6036 δηλοῖ·
1571 5971 1872 6042 προσέθηκε
1923 5974 2028 6044 γὰρ
2068 5977 2226 6030 πάλιν

1387 393 1446 446 S.
1484 390 1767 448 JOANNIS
1807 388 2222 445 CIIRYSOSTO

2344 390 2664 444 ARCIIIEP.
2707 390 3268 445 CONSTANTINOP.

3835 388 3946 440 i118

2339 505 2543 574 λέγων·
2585 509 2685 578 Μὴ.
2715 510 2826 577 γὰρ
2861 510 2899 576 ἡ
2930 509 3178 562 ἀπιστία
3208 507 3402 561 αὐτῶν
3426 507 3539 569 τὴν
3563 507 3775 557 πίστιν
3829 506 3946 556 (cf:

2341 591 2485 643 Θεοῦ
2540 592 2942 659 καταργήσει;
3001 593 3094 660 Μὴ
3151 591 3400 661 γένοιτο.
3438 588 3607 641 Τοῦτο
3636 591 3851 649 τοίνυν,
3919 590 3951 640 6

2337 675 2747 744 ἐπιστεύθησαν,
2795 674 2888 726 τοῦ
2947 675 3080 727 Θεοῦ
3131 676 3229 743 τὴν
3277 672 3486 743 δωρεὰν
3531 671 3945 741 ἀνακηρύττει.

2335 757 2406 808 Σὺ
2458 756 2514 808 δέ
2569 773 2659 824 μοι
2710 759 2904 810 σκόπει
2955 759 3050 810 καὶ
3109 758 3343 812 ἐνταῦθα
3398 757 3632 809 σύνεσιν.
3668 754 3786 824 Τὴν
3821 755 3948 821 γὰρ

2333 839 2665 907 κατηγορίαν
2717 840 2895 893 αύτῶν
2928 841 2989 892 06
3035 843 3164 910 παρ’
3215 839 3408 894 ἐαυτοῦ
3467 840 3623 892 πάλιν
3681 840 3942 903 εἰσάγει,

2333 921 2444 972 ἀλλ’
2483 922 2558 985 ὡς
2608 923 2665 987 ἐξ
2713 922 3038 985 ἀντιθέσεως
3064 939 3076 950 ·
3115 923 3316 975 ὡσανεὶ
3355 922 3558 989 ἐλεγενο
3613 919 3755 972 Ἀλλ’
3791 920 3946 976 ἴσως

2333 1005 2475 1073 ἐρεῖς
2499 1021 2512 1033 ⁸
2553 1006 2661 1058 Καὶ
2702 1006 2752 1057 τί
2781 1004 2840 1056 τὸ
2869 1005 3058 1072 ὄφελος
3092 1006 3190 1074 τῆς
3219 1005 3522 1074 περιτομῆς
3570 1003 3815 1069 ταύτης;
3874 1002 3943 1052 ού

2333 1086 2439 1154 γὰρ
2467 1087 2763 1156 ἐχρήσαντο
2792 1089 2927 1157 αὐτῇ
2963 1089 3041 1148 είς
3065 1087 3215 1140 δέον’
3253 1086 3652 1156 ἐπιστεύθησαν
3681 1085 3802 1150 γάρ
3841 1082 3946 1134 τὸν

2331 1167 2516 1236 νόμον,
2573 1169 2664 1222 καὶ
2711 1169 3040 1240 ἠπίστησαν.
3109 1171 3219 1222 Καὶ
3257 1170 3389 1231 τέως
3423 1170 3484 1220 ού
3542 1168 3772 1237 σφοδρός
3810 1167 3947 1217 ἐστι

2332 1252 2650 1322 κατήγορος,
2703 1253 2816 1305 ἀλλ’
2843 1253 2918 1316 ὡς
2944 1254 3036 1306 τὸν
3086 1254 3218 1305 Θεὸν
3249 1253 3604 1305 ἀπαλλάττων
3636 1251 3810 1318 ἐγκλη
3823 1251 3946 1318 μά-

2329 1350 2458 1393 των,
2519 1333 2662 1386 οὓτω
2716 1337 3032 1405 περιτρέπει
3083 1337 3161 1397 είς
3209 1335 3404 1396 αὐτοὺς
3433 1337 3533 1403 τὴν
3589 1334 3946 1402 κατηγορίαν

2330 1414 2570 1468 ἃπασαν.
2631 1416 2696 1466 Τί
2743 1417 2851 1486 γὰρ
2901 1417 3176 1483 ἐγκαλεῖς,
3231 1417 3416 1485 φησὶν,
3456 1417 3537 1467 ὅτι
3574 1416 3942 1482 ἡπίστησαν;

2329 1499 2425 1550 καὶ
2478 1496 2530 1548 τί
2566 1496 2720 1550 τοῦτο
2747 1498 2884 1568 πρὸς
2917 1497 3007 1549 16v
3036 1498 3202 1561 856v;
3243 1497 3314 1567 μὴ
3347 1499 3454 1568 γὰρ
3480 1498 3576 1566 τὴν
3602 1497 3945 1566 εὐεργεσίαν

2331 1579 2494 1633 αὑτοῦ
2519 1580 2812 1648 ἀνατρέπει
2838 1582 2942 1632 τῶν
2972 1581 3440 1650 εὐεργετηθέντων
3462 1583 3493 1649 ἡ
3521 1579 3901 1648 ἀγνωμοσύνη
3924 1597 3941 1642 ;

2331 1663 2362 1733 ἦ
2399 1665 2496 1732 τὴν
2528 1662 2692 1733 τιμὴν
2720 1667 2867 1716 ποιεῖ
2901 1663 2976 1734 μὴ
3029 1663 3171 1715 εἶναι
3224 1666 3418 1733 τιμήν;
3468 1664 3635 1716 Τοῦτο
3664 1664 3776 1732 γάρ
3812 1665 3941 1714 ἐστι

2336 1745 2416 1806 τὸ,
2475 1745 2570 1811 Μὴ
2608 1747 2644 1811 ἡ
2695 1746 2948 1798 ἀπιστία
2995 1744 3196 1798 αὐτῶν
3228 1745 3343 1810 τὴν
3373 1746 3579 1798 πίστιν
3611 1745 3716 1798 τοῦ
3778 1745 3942 1798 Θεοῦ

2332 1826 2689 1894 καταργήσει
2711 1843 2728 1889 ;
2751 1831 2806 1880 Μ
2814 1831 2845 1893 ὴ
2877 1827 3127 1895 γένοιτο.
3165 1829 3252 1889 Ὠς
3274 1829 3341 1880 ἂν
3365 1830 3411 1878 εἰ
3441 1828 3593 1894 ἐλεγέ
3621 1843 3735 1889 τις·
3785 1826 3943 1889 Ἐγὼ

2331 1910 2420 1961 τὸν
2449 1911 2596 1963 δεῖνα
2646 1909 2917 1979 ἐτίμησα·
2955 1912 3087 1962 εἰδὲ
3131 1913 3205 1981 μὴ
3264 1913 3582 1981 προσήκατο
3613 1912 3707 1980 τὴν
3763 1912 3943 1980 τιμὴν

2331 1994 2560 2055 ἐκεῖνος,
2615 1991 2776 2045 τοῦτο
2833 1995 2956 2062 ἐμοὶ
3006 1995 3341 2064 κατηγορίαν
3389 1995 3450 2046 06
3489 1995 3812 2064 φέρει,οὑδε
3837 1995 3948 2047 λυ-

2333 2075 2584 2144 μαίνεται
2638 2093 2738 2145 μου
2775 2077 2873 2146 τὴν
2899 2077 3314 2146 φιλανθρωπίαν
3337 2091 3387 2140 ε,
3431 2078 3545 2129 ἀλλ’
3570 2077 3780 2129 ἐκείνου
3816 2077 3944 2130 δεί-

2333 2175 2487 2210 κνυσι
2519 2157 2614 2228 τὴν
2643 2159 3017 2228 ἀναισθησίαν.
3057 2159 3113 2211 ὐ
3142 2159 3196 2210 δέ
3247 2159 3455 2222 Παῦλος
3488 2161 3549 2211 06
3577 2160 3736 2212 τοῦτο
3765 2160 3942 2228 μόνον

2332 2240 2503 2308 λέγει,
2543 2241 2680 2294 ἀλλά
2731 2242 2825 2294 καλ⁸
2868 2241 2927 2293 16
2974 2241 3153 2311 πολλῷ
3206 2243 3399 2295 πλέον’
3451 2244 3532 2295 ὅτι
3564 2245 3625 2294 06
3658 2243 3817 2311 μόνον
3870 2245 3939 2294 o6

2335 2323 2720 2393 προστρίϐεται
2747 2323 2997 2393 ἔγκλημα
3042 2324 3116 2393 τῷ
3162 2324 3281 2395 Θεῷ
3315 2328 3347 2394 ἠ
3395 2325 3622 2377 ἀπιστία
3678 2326 3938 2382 ἐκείνων.

2333 2404 2468 2457 ἀλλά
2492 2407 2583 2458 καὶ
2614 2406 2836 2472 μείζονα
2863 2407 3135 2459 δείκνυσιν
3170 2407 3334 2459 αὑτοῦ
3369 2408 3466 2477 τὴν
3500 2407 3664 2476 τιμὴν
3694 2410 3789 2460 καὶ
3825 2409 3943 2476 τὴν

2333 2487 2766 2556 φιλανθρωπίαν,
2800 2489 2928 2540 ὅταν
2957 2489 3051 2540 καὶ
3080 2490 3171 2542 16v
3213 2489 3482 2559 μέλλοντα
3532 2489 3693 2541 αὑτὸν
3722 2490 3939 2558 ἀτιμά-

2335 2570 2390 2634 ξε
2402 2587 2448 2622 ιν
2484 2572 2742 2640 φαίνηται
2767 2571 2966 2639 τιμῶν.

2415 2659 2476 2704 ε’.
2515 2648 2667 2713 Εἶδες
2709 2651 2822 2715 πῶς
2850 2655 3046 2717 αὐτοὺς
3078 2655 3329 2725 ἐποίησεν
3367 2655 3698 2718 ὑπευθύνους
3728 2654 3942 2724 ἐγκλη-

2346 2737 2552 2802 μάτων,
2578 2735 2670 2804 ἀφ’
2695 2729 2768 2788 ὧν
2794 2737 3259 2802 ἐκαλλωπίζοντος
3293 2739 3449 2809 εἴπερ
3468 2742 3494 2790 6
3520 2739 3615 2807 μὲν
3638 2739 3768 2802 Θεὸς
3803 2756 3940 2791 τοσ-

2334 2817 2472 2887 αύτῃ
2528 2819 2654 2888 περὶ
2699 2819 2896 2881 αὐτοὺς
2947 2822 3218 2891 ἐχρήσατο
3247 2823 3312 2890 τῇ
3363 2823 3518 2891 τιμῇ,
3565 2821 3642 2884 ὼς
3678 2821 3813 2890 μηδὲ
3872 2823 3941 2872 16

2336 2898 2524 2969 μέλλον
2555 2900 2801 2970 προορῶν
2831 2903 3166 2972 ἀποσχέσθαι
3192 2903 3292 2971 τῆς
3321 2904 3449 2973 περὶ
3478 2904 3672 2967 αὐτοὺς
3691 2903 3938 2964 εὐνοίας·

2333 2982 2486 3035 αὐτοὶ
2520 2982 2577 3034 δὲ
2611 2983 2703 3034 τὸν
2730 2986 3060 3054 τιμήσαντα,
3087 2985 3154 3037 δι’
3177 2979 3253 3038 ὧν
3281 2987 3639 3054 ἐτιμήθησαν,
3670 2986 3934 3056 ὕϐρισαν.

2334 3061 2466 3117 Εἶτα
2502 3065 2687 3136 ἐπειδὴ
2725 3063 2871 3133 εἷπε,
2911 3070 2971 3122 Τί
3024 3067 3158 3137 γὰρ,
3222 3070 3272 3121 εί
3323 3068 3680 3135 ἠπίστησάν
3729 3086 3939 3135 ῑιιές;

2335 3146 2615 3214 φαίνονται
2681 3149 2739 3201 δὲ
2795 3150 2997 3212 πάντες
3044 3150 3447 3220 ήπιστηκότες·
3501 3151 3590 3204 ἴνα
3645 3153 3718 3222 μὴ
3762 3153 3940 3206 πάλιν

2334 3231 2475 3284 κατὰ
2505 3231 2602 3301 τὴν
2637 3231 2874 3300 ἱστορίαν
2902 3231 3095 3298 λέγων,
3127 3232 3254 3304 δόξῃ
3291 3233 3517 3301 σφοδρὸς
3557 3234 3734 3287 αὐτῶν
3783 3231 3940 3289 εἶναι

2334 3314 2638 3384 κατήγορος
2689 3313 2764 3376 ὡς
2799 3314 3012 3384 ἐχθρὸς,
3045 3315 3103 3367 ἐν
3125 3315 3276 3380 τάξει
3305 3314 3570 3386 λογισμοῦ
3607 3318 3701 3369 καὶ
3737 3319 3940 3373 συλλο-

2332 3396 2532 3465 γισμοῦ
2559 3395 2742 3464 τίθησι
2763 3397 2822 3448 τὸ
2846 3397 2937 3448 ἐπὶ
2958 3398 3056 3466 τῆς
3077 3396 3335 3464 ἀληθείας
3361 3401 3750 3469 γεγενημένον,
3780 3401 3941 3455 οὕτω

2333 3477 2537 3544 λέγων·
2586 3478 2864 3531 Γενέσθω
2902 3479 2970 3531 δὲ
3008 3483 3039 3533 d
3077 3478 3220 3544 Θεὸς
3273 3479 3527 3546 ἀληθὴς,
3569 3480 3688 3547 πᾶς
3724 3482 3793 3534 δὲ
3819 3483 3937 3536 ἀν-

2334 3563 2562 3629 θρωπος
2601 3562 2892 3629 ψεύστης.
2933 3563 2998 3614 Ὃ
3032 3561 3089 3614 δὲ
3134 3561 3301 3629 λέγει,
3339 3562 3581 3615 τοιοῦτόν
3607 3567 3753 3617 ἐστιν
3781 3583 3793 3595 ·
3849 3569 3936 3619 06

2334 3642 2494 3710 λέγω,
2549 3645 2732 3712 φησιν,
2770 3646 2850 3695 ὅτι.
2889 3645 3033 3706 τινὲς
3082 3645 3415 3715 ἠπίστησαν,
3471 3645 3586 3699 ἀλλ’
3626 3648 3674 3698 εἰ
3719 3646 3936 3716 βούλει,

2334 3726 2468 3777 τίθει
2500 3725 2706 3787 πάντας
2759 3727 3156 3796 ήπιστηκέναι·
3193 3728 3253 3779 τὸ
3307 3729 3501 3798 ἀληθὲς
3556 3731 3938 3799 γεγενημένον

2335 3808 2472 3859 κατά
2515 3807 2820 3877 συνδρομὴν
2854 3809 3169 3878 συγχωρῶν,
3199 3810 3285 3862 ἵνα
3315 3810 3628 3882 ἀνεπαχθὴς
3659 3808 3798 3865 εἶναι
3837 3815 3933 3867 δό-

2336 3891 2401 3961 ξῃ
2424 3892 2518 3942 καὶ
2548 3890 2878 3953 ἀνύποπτος.
2911 3893 3020 3943 Καὶ
3060 3892 3168 3962 γάρ
3193 3892 3335 3946 οὓτω
3367 3895 3566 3964 μᾶλλον
3593 3895 3935 3964 δικαιοῦται,

2336 3972 2521 4042 φησὶν,
2548 3975 2574 4025 6
2611 3972 2762 4034 Θεός.
2801 3973 2866 4026 Τί
2897 3975 3035 4036 ἐστι,
3071 3973 3219 4047 [479]
3253 3977 3599 4044 Δικαιοῦταις
3638 3978 3700 4030 Εἰ
3742 3981 3938 4051 κρίσις

2337 4058 2546 4122 γένοιτο
2577 4056 2672 4109 καὶ
2699 4055 2946 4119 ἐξέτασις
2972 4057 3080 4110 τῶν
3106 4057 3475 4129 ὑπηργμένων
3500 4061 3612 4122 τοῖς
3647 4061 3936 4126 Ἰουδαίοις

2336 4138 2467 4208 παρ’
2496 4138 2682 4203 αὐτοῦ,
2731 4139 2826 4192 καὶ
2883 4139 2992 4192 τῶν
3024 4143 3152 4212 παρ’
3187 4142 3366 4196 αὐτῶν
3393 4146 3471 4205 είς
3504 4144 3667 4197 αὑτὸν
3697 4162 3934 4218 γεγενηι

2340 4219 2537 4289 μένων,
2568 4221 2638 4274 τὰ
2689 4223 2981 4293 νικητήρια
3024 4223 3177 4276 ἔσται
3235 4225 3384 4294 παρά
3439 4227 3516 4296 τῷ
3548 4227 3689 4295 Θεῷ,
3731 4231 3830 4283 καὶ
3858 4233 3937 4285 τὰ

2337 4303 2679 4372 δικαιώματα
2709 4305 2870 4357 αἱ,τοῦ
2922 4307 3117 4360 πάντα.
3162 4309 3271 4361 Καὶ
3318 4308 3495 4375 δείξας
3527 4312 3690 4364 τοῦτο
3741 4314 3937 4382 σαφῶς

2337 4387 2400 4440 ἐκ
2425 4388 2530 4440 τῶν
2557 4387 2864 4459 ἔμπροσθεν
2885 4392 3213 4461 εἰρημένων,
3241 4391 3362 4444 τότε
3393 4395 3486 4445 καὶ
3516 4394 3607 4445 τὸν
3635 4399 3935 4466 προφήτην

2337 4472 2602 4540 εἰσήγαγε
2623 4473 2834 4534 τούτοις
2863 4473 3234 4544 ψηφιζόμενον
3265 4477 3358 4528 καὶ
3406 4476 3631 4543 λέγοντα
3657 4495 3671 4509 ο
3726 4480 3936 4546 ’Ὅπως

2337 4552 2414 4605 ἂν
2444 4552 2761 4620 δικαιωθῇς
2785 4556 2853 4606 ἐν
2880 4556 2998 4622 τοῖς
3029 4560 3232 4626 λόγοις
3257 4575 3396 4622 σου,
3439 4560 3536 4613 καί
3563 4561 3828 4629 νικήσῃς
3857 4563 3934 4615 ἐν

2336 4635 2416 4700 τῷ
2459 4637 2767 4703 κρίνεσθαί
2818 4653 2912 4691 σε.
2965 4640 3136 4702 Αὐτὸς
3193 4641 3289 4710 μὲν
3322 4642 3429 4710 γὰρ
3458 4643 3525 4694 τά
3564 4643 3697 4710 παρ’
3728 4644 3929 4698 ἐαυτοῦ

2337 4721 2512 4773 πάντα
2536 4721 2811 4790 ἐποίησεν,
2843 4726 3039 4774 ἐκεῖνοι
3072 4724 3129 4776 δὲ
3164 4725 3282 4776 ούδέ
3325 4724 3498 4787 οὕτως
3523 4725 3772 4792 ἐγένοντο
3805 4727 3931 4796 βελ-

2336 4803 2500 4866 τίους.
2557 4799 2693 4855 Εἶτα
2744 4806 2807 4855 ἐκ
2837 4804 3024 4856 τούτου
3063 4805 3224 4858 πάλιν
3265 4807 3534 4859 ἀντίθεσιν
3562 4809 3760 4879 ἑτέραν
3790 4812 3931 4864 ἀνα-

2337 4885 2650 4938 κύπτουσαν
2685 4889 2762 4948 εις
2796 4889 2958 4954 μέσον
2981 4890 3125 4955 ἄγει,
3158 4889 3251 4942 καί
3281 4907 3443 4959 φησιν
3465 4907 3479 4919 ·
3525 4893 3592 4944 Εἰ
3627 4891 3695 4944 δὲ
3730 4893 3766 4959 ἠ
3800 4894 3929 4948 66¢-

2338 4969 2435 5022 κία
2473 4967 2640 5037 ἡμῶν
2675 4970 2820 5022 Θεοῦ
2853 4970 3247 5040 δικαιοσύνην
3281 4979 3632 5041 συνίστησι,
3674 4976 3732 5028 τί
3753 4978 3930 5043 ἐροῦ-

2333 5067 2479 5120 per;
2524 5053 2610 5119 μὴ
2646 5053 2852 5118 ἄδικος
2901 5056 2931 5107 6
2985 5055 3128 5122 Θεὸς
3159 5061 3189 5110 ό
3227 5058 3523 5126 ἐπιφέρων
3548 5059 3663 5125 τὴν
3695 5061 3930 5128 ὁργην;

2337 5137 2485 5188 κατὰ
2521 5135 2834 5202 ἄνθρωπον
2868 5137 3038 5206 λέγω.
3085 5142 3178 5208 Μὴ
3231 5142 3484 5210 γένοιτο.
3522 5144 3757 5197 Ἄτοπον
3795 5147 3924 5200 ἀτό-

2337 5237 2422 5290 πῳ
2457 5219 2572 5271 λύει
2602 5219 2806 5272 λοιπόν.
2828 5221 3040 5292 Ἐπειδὴ
3076 5223 3130 5275 δὲ
3162 5224 3317 5276 τοῦτο
3346 5227 3575 5292 ἀσαφὲς,
3629 5229 3931 5297 ἀναγκαῖον

2337 5303 2467 5355 αὐτὸ
2521 5303 2851 5373 σαφέστερον
2895 5307 3088 5360 εἰπεῖν.
3141 5309 3204 5359 Τί
3258 5305 3351 5360 οὖν
3412 5310 3580 5372 ἐστιν,
3634 5312 3661 5363 ὅ
3720 5331 3930 5382 φησιν;

2349 5387 2607 5455 Ἐτίμησε
2658 5388 2782 5448 τοὺς
2835 5388 3118 5453 Ἰουδαίους
3177 5392 3206 5443 ὁ
3262 5392 3413 5453 Θεὸς,
3478 5392 3707 5462 ὕϐρισαν
3762 5400 3933 5449 αὑτὸν

2336 5471 2554 5522 ἐκεῖνοι.
2591 5469 2759 5522 Τοῦτο
2786 5472 2944 5523 αὐτὸν
2971 5477 3113 5525 ποιεῖ
3138 5474 3378 5542 νικῆσαι,
3410 5477 3501 5528 καὶ
3524 5477 3727 5547 πολλὴν
3758 5480 3932 5531 αύτοῦ

2333 5552 2578 5603 δείκνυσι
2625 5553 2720 5622 τὴν
2750 5553 3179 5624 φιλανθρωπίαν,
3209 5556 3290 5607 ὅτι
3341 5557 3433 5610 καὶ
3460 5560 3737 5621 τοιούτους
3764 5563 3933 5626 ὸντας

2335 5635 2615 5705 ἐτίμησεν.
2675 5635 2882 5688 υύκούν
2941 5638 3152 5707 ἐπειδὴ,
3209 5640 3290 5692 ὅτι
3354 5641 3678 5712 ύϐρίσαμεν,
3731 5645 3929 5712 φησὶν,

2335 5720 2495 5786 ἡμεῖς
2555 5719 2648 5769 καὶ
2706 5717 3065 5789 ἠδικήσαμεν,
3122 5720 3209 5773 διά
3256 5723 3414 5776 τοῦτο
3448 5726 3476 5775 6
3520 5723 3652 5787 Θεὸς
3699 5727 3930 5798 ἐνίκησε

2336 5802 2426 5853 καὶ
2455 5803 2486 5869 ἡ
2517 5799 2824 5871 δικαιοσύνη
2852 5805 3012 5855 αύτοῦ
3041 5805 3266 5876 λαμπρά
3319 5809 3517 5875 ἐφάνη,
3566 5808 3708 5872 τίνος
3735 5811 3930 5865 ἕνεκεν

2337 5886 2653 5952 κολαζομαι,
2686 5890 2838 5954 φησὶ,
2871 5887 3040 5950 αἴτιος
3072 5891 3218 5959 αύτῴ
3249 5891 3339 5944 τοῦ
3376 5891 3593 5961 νικῆσαι
3628 5894 3926 5964 γενόμενος

2413 6012 2435 6038 ⁸
2468 6010 2565 6068 AL,
2594 6016 2646 6066 τῆ
2681 6011 3012 6068 ςιὶανίθρωτιια.
