4118 6340
209 454 327 511 un

212 571 401 622 tiones
425 584 439 632 ;
472 581 591 636 qua:
621 563 796 619 omnia
823 579 926 617 uno
953 562 1116 617 verbo
1138 559 1488 614 subindieavit
1509 578 1521 612 :
1546 559 1663 613 Non
1686 560 1818 613 enim

205 661 304 728 qui
333 660 387 711 in
411 657 701 726 manifesto,
725 654 942 707 Indicus
969 663 1060 706 est.
1087 651 1279 705 Verum
1306 651 1429 720 quia
1456 650 1823 704 circumcisio-

208 750 302 802 nis
351 763 543 817 magna
566 747 703 800 ratio
750 754 886 809 erat,
935 741 1366 812 quandoquidem
1411 742 1509 812 ipsi
1539 742 1816 795 sabbatum

203 839 465 905 cedebat,
488 838 607 909 jure
641 837 877 905 pluribus
906 836 1049 889 circa
1073 835 1215 888 illam
1236 834 1562 887 extenditur.
1586 833 1718 888 Cum
1739 834 1818 887 di-

202 933 284 985 cit
306 942 515 997 autem,
538 930 601 982 In
622 929 827 997 spiritu,
847 926 983 979 viam
1004 936 1265 994 praeparat
1286 925 1537 994 deinceps
1555 925 1618 978 ad
1638 925 1818 979 Eccle-

201 1024 307 1075 sia:
331 1024 657 1087 institutum,
678 1028 731 1075 et
749 1018 905 1073 ﬁdem
928 1018 1160 1071 inducit:
1182 1016 1381 1071 ctenim
1403 1016 1487 1069 illa
1508 1016 1559 1069 in
1582 1015 1749 1070 corde
1764 1026 1815 1068 ct

201 1116 409 1184 spiritu
437 1114 646 1169 laudem
676 1127 704 1164 a
738 1112 848 1165 Deo
879 1108 1062 1164 habet.
1090 1109 1155 1162 Et
1181 1124 1277 1161 cur
1308 1124 1415 1161 non
1444 1107 1676 1161 ostendit
1716 1106 1812 1159 bc-

204 1223 278 1262 ne
310 1218 561 1278 agentem
602 1205 857 1276 gentilem
912 1203 1050 1257 bene
1099 1211 1290 1271 agente
1316 1201 1502 1255 Judteo
1536 1216 1643 1254 nun
1693 1215 1813 1254 esse

202 1301 560 1365 inferiorem;
588 1299 681 1353 sed
708 1298 842 1352 bene
864 1304 1109 1367 agentem
1140 1293 1394 1363 gentilem
1417 1302 1811 1360 trausgressore

201 1391 401 1446 Iudaeo
426 1407 547 1447 esse
591 1386 911 1444 meliorem?
936 1385 1005 1442 Ut
1042 1384 1392 1439 indubitatam
1450 1384 1697 1439 redderet
1726 1384 1809 1436 vi-

197 1484 461 1537 ctoriam.
491 1482 602 1536 lloc
630 1481 771 1535 enim
798 1494 918 1534 cum
945 1477 995 1531 in
1023 1475 1268 1531 confesso
1298 1483 1383 1531 est
1409 1515 1424 1541 ,
1469 1475 1808 1530 circumcisio

197 1574 394 1629 carnis
438 1573 746 1628 necessario
790 1568 1126 1630 excluditur,
1173 1575 1227 1622 et
1272 1566 1572 1621 ostenditur
1612 1566 1808 1634 ubique

200 1680 335 1721 esse
362 1667 501 1721 bona
532 1666 637 1717 vita
661 1679 813 1732 opus.
844 1658 975 1715 Cum
1004 1659 1148 1712 enim
1178 1659 1393 1728 gentilis
1438 1658 1554 1710 sine
1589 1656 1670 1709 his
1696 1656 1804 1709 sal—

196 1770 305 1810 vus
354 1756 424 1809 sit
453 1797 465 1819 ,
496 1765 552 1810 et
575 1753 792 1809 Judaeus
820 1767 938 1805 cum
972 1750 1055 1804 his
1086 1750 1356 1819 puniatur,
1406 1756 1579 1801 cessat
1620 1746 1804 1801 Judai-

194 1863 379 1903 smus.
413 1845 677 1902 Geutilem
702 1858 831 1898 vero
858 1841 987 1895 dicit
1017 1856 1120 1893 non
1150 1839 1507 1903 idololatram,
1542 1837 1634 1891 sed
1660 1837 1801 1906 pium

194 1947 253 1991 et
283 1938 489 1992 virtute
540 1936 822 2005 praeditum
845 1975 858 1996 ,
888 1948 917 1987 a
950 1932 1209 2001 legalibus
1240 1930 1710 1984 observationibus
1738 1929 1802 1982 li-

193 2031 417 2086 berum.
453 2026 600 2097 (Cap.
629 2022 703 2091 5.)
741 2028 789 2080 l.
845 2024 981 2090 Quid
1032 2040 1149 2093 ergo
1196 2023 1416 2090 amplius
1441 2020 1629 2075 Judtco
1682 2022 1801 2075 est?

200 2120 348 2185 Quia
373 2119 551 2173 omnia
583 2117 829 2181 exclusit,
876 2114 1185 2179 conciones,
1240 2113 1564 2177 doctrinam,
1596 2128 1791 2168 nomen

190 2210 399 2273 Judaei,
431 2208 895 2263 circumcisionem
920 2215 973 2259 et
1001 2214 1195 2259 ca-tera
1238 2206 1440 2269 omnia,
1489 2221 1609 2259 cum
1639 2206 1795 2273 dixit,

195 2302 303 2366 Qui
336 2301 386 2352 in
421 2299 710 2368 manifesto,
756 2297 973 2350 Juda'us
995 2313 1093 2349 non
1124 2306 1217 2361 est,
1249 2296 1337 2349 sed
1374 2298 1460 2365 qui
1503 2297 1556 2349 in
1586 2298 1797 2351 abscon-

190 2392 349 2453 dito;
392 2390 541 2445 videt
591 2390 845 2457 deinceps
892 2388 1247 2457 objeCIionem
1294 2396 1709 2456 exsurgentem,
1742 2399 1798 2444 et

189 2481 456 2535 adversus
475 2480 619 2534 illam
648 2488 772 2534 stat.
794 2479 1047 2546 Quantam
1079 2479 1161 2531 illa
1188 2478 1460 2546 obiectio?
1489 2477 1543 2532 Si
1575 2480 1687 2533 ba'c
1715 2481 1796 2534 ui-

190 2574 266 2627 hil
288 2574 507 2643 juvant,
537 2587 635 2626 cur
659 2582 843 2626 vocata
866 2586 999 2641 gens
1026 2572 1141 2636 fuit,
1164 2586 1261 2625 cur
1290 2572 1625 2625 circumcisio
1638 2572 1793 2627 data?

187 2664 332 2733 Quid
362 2679 490 2734 ergo
529 2662 654 2717 facit
674 2662 697 2715 ’ἔ
718 2671 767 2716 et
787 2661 1055 2731 quomodo
1076 2662 1222 2714 illam
1242 2662 1437 2714 solvit?
1462 2662 1524 2716 Ut
1552 2663 1768 2731 superio

188 2774 244 2810 ra
274 2758 468 2811 solvit.
495 2756 645 2810 Sicut
664 2755 805 2808 enim
825 2753 931 2807 illic
953 2769 1057 2805 non
1089 2752 1298 2805 illorum
1325 2752 1507 2806 laudes
1538 2754 1790 2822 prardica-

188 2849 286 2911 vit,
318 2846 414 2899 sed
442 2846 533 2899 Dei
557 2843 836 2908 beneficia,
874 2859 979 2896 non
1021 2844 1232 2897 illorum
1282 2852 1427 2897 recte
1462 2841 1596 2896 facta
1624 2860 1637 2908 ;
1668 2860 1788 2897 nam

184 2937 337 3006 quod
362 2936 533 2991 Juda'i
560 2943 901 3002 vocarentur,
924 2934 1067 3005 quod
1087 2935 1413 2989 voluntatem
1436 2935 1525 2988 Dci
1547 2946 1787 3003 nossent,

183 3030 333 3099 quod
358 3027 918 3093 examinarentutilia,
951 3042 1054 3080 non
1081 3026 1314 3093 illorum,
1353 3026 1448 3081 sed
1492 3028 1580 3081 Dei
1603 3028 1789 3097 gratia:

184 3135 324 3189 opus
352 3128 501 3174 erat:
548 3119 689 3189 quod
725 3119 828 3173 illis
867 3118 1202 3187 exprobrans
1235 3118 1490 3187 propheta
1530 3118 1785 3178 dicebat:

188 3212 313 3265 Non
340 3213 459 3281 fecit
495 3211 662 3263 (aliter
682 3210 819 3263 omni
836 3210 1046 3273 nationi,
1072 3218 1115 3262 et
1145 3209 1336 3275 iudicia
1364 3226 1458 3262 sua
1500 3226 1598 3263 non
1626 3212 1791 3265 mani-

184 3304 390 3374 festavit
408 3304 477 3355 eis
499 3301 798 3372 (l’sal.M'l.
825 3300 883 3368 9)
902 3317 915 3361 ;
934 3308 987 3353 et
1011 3299 1218 3369 Moyses
1234 3315 1463 3363 rursum,
1494 3298 1788 3371 Interroga-

184 3405 250 3459 tc,
286 3394 481 3462 inquit,
513 3394 554 3445 si
583 3392 678 3462 fuit
703 3391 977 3445 secundum
995 3388 1195 3443 verbum
1227 3390 1340 3453 hoc,
1373 3392 1415 3443 si
1436 3394 1625 3445 audivit
1665 3412 1786 3463 gens

184 3502 357 3539 secem
384 3485 474 3537 Dei
497 3484 700 3537 viventis
726 3500 787 3537 ea:
811 3483 975 3536 medio
994 3482 1143 3551 ignis,
1170 3490 1217 3535 et
1237 3484 1359 3535 vixit
1388 3482 1564 3551 (Deut.
1596 3485 1647 3537 5.
1666 3484 1780 3554 26):

184 3576 288 3631 hoc
309 3578 481 3643 ipsum
508 3576 591 3628 hic
613 3590 823 3643 quoque
846 3573 987 3626 facit.
1003 3572 1151 3627 Sicut
1176 3573 1317 3626 enim
1333 3588 1453 3626 cum
1481 3574 1545 3627 de
1564 3574 1785 3629 circum-

180 3669 391 3722 cisione
418 3666 745 3735 loqueretur,
791 3680 895 3718 non
919 3664 1073 3727 dixit,
1111 3663 1233 3717 llzec
1283 3664 1623 3718 circumcisio
1665 3666 1782 3720 sine

185 3761 327 3813 bona
352 3759 456 3811 vita
476 3757 607 3811 nihil
630 3756 865 3825 prodest;
886 3754 1001 3819 sed,
1020 3753 1365 3809 Circumcisio
1382 3770 1499 3807 cum
1522 3755 1657 3807 bona
1679 3758 1779 3809 vita

182 3849 427 3918 prodest,
452 3848 681 3917 idipsum
703 3846 1028 3915 signiﬁcans,
1044 3844 1136 3898 sed
1158 3845 1371 3909 mitius;
1400 3860 1462 3898 ac
1479 3846 1782 3912 rursum,Si

181 3950 353 3992 autem
376 3930 738 4007 prwvaricator
764 3937 886 4005 legis
912 3938 1091 4005 fueris,
1113 3950 1217 3988 non
1246 3936 1468 3998 addidit,
1490 3936 1628 3989 Nihil
1657 3954 1779 4006 pro-

185 4033 299 4088 ficis
327 4043 402 4095 tu,
423 4032 510 4100 qui
535 4031 972 4091 circumcisuses;
995 4028 1087 4082 sed
1117 4028 1443 4082 Circumcisio
1464 4042 1551 4081 tua
1577 4048 1779 4099 prtcptt-

182 4124 314 4175 tium
347 4123 484 4189 facta
512 4130 620 4185 est;
651 4129 705 4172 et
733 4128 851 4187 post
888 4119 1012 4171 illud
1044 4135 1252 4183 rursus,
1278 4118 1557 4185 Judieabit,
1586 4123 1776 4191 inquit,

184 4215 499 4282 pra'pulium
522 4226 620 4263 non
646 4209 1095 4273 circumcisionem,
1142 4210 1231 4262 sed
1255 4220 1301 4262 te
1346 4214 1778 4279 prevaricatorem

186 4305 336 4375 legis,
368 4303 626 4373 legalibus
674 4316 918 4370 parcens,
965 4309 1018 4355 et
1050 4301 1295 4355 homines
1340 4302 1539 4356 feriens
1572 4321 1585 4358 :
1624 4305 1691 4357 ita
1724 4316 1778 4358 et

184 4396 271 4451 hic
307 4396 455 4450 facit.
484 4394 614 4447 Cum
670 4394 809 4446 enim
844 4394 943 4445 hoc
971 4393 1259 4457 objecisset
1284 4392 1383 4446 sibi
1413 4436 1426 4456 ,
1458 4404 1511 4447 et
1534 4394 1773 4457 dixisset,

186 4488 325 4553 Quid
354 4485 580 4551 amplius
612 4484 755 4536 habet
784 4483 1042 4535 Juda'us?
1090 4499 1195 4535 non
1224 4482 1376 4547 dixit,
1405 4484 1570 4548 Nihil,
1602 4485 1692 4537 sed
1728 4485 1775 4538 id

183 4591 443 4633 sermone
474 4576 661 4635 innuit,
692 4585 743 4628 et
777 4589 872 4641 per
894 4574 1173 4642 sequentia
1206 4574 1306 4627 hoc
1339 4576 1508 4642 ipsum
1536 4578 1773 4642 sustulit,

182 4668 530 4735 ostenditque
560 4666 680 4720 illos
720 4665 788 4719 ob
819 4666 1118 4733 hujusmodi
1149 4668 1556 4735 prrcrogativam
1596 4669 1777 4735 plexos

183 4756 369 4811 fuisse.
403 4757 469 4810 Et
494 4755 804 4824 quomodo?
853 4757 963 4826 Ego
984 4756 1195 4819 dicam,
1239 4758 1348 4824 ipsa
1390 4756 1697 4825 objectioue
1723 4744 1773 4810 in

183 4852 421 4905 medium
480 4849 725 4903 adducta.
785 4849 921 4912 Quid
981 4850 1115 4902 enim
1175 4849 1397 4917 amplius
1441 4848 1623 4901 Juda’o
1680 4861 1773 4916 est,

181 4956 267 4997 unt
299 4958 416 5013 qua:
445 4942 641 4994 utilitas
685 4941 1126 4994 circumcisionis?
1170 4940 1225 4993 2.
1274 4941 1494 4993 Multum
1542 4958 1629 5008 per
1660 4958 1771 4993 om—

186 5057 299 5093 nem
328 5038 559 5091 modum.
592 5035 769 5089 Primo
796 5038 916 5105 quia
942 5036 1234 5087 concredita
1274 5043 1388 5087 sunt
1417 5036 1520 5087 illis
1573 5036 1771 5105 eloquia

185 5128 301 5183 Dei.
334 5125 544 5189 Viden‘,
579 5136 635 5178 ut
658 5126 757 5193 iam
784 5126 914 5189 dixi,
948 5126 1093 5179 illum
1126 5141 1384 5195 nusquam
1415 5140 1597 5178 corum
1630 5137 1775 5180 recte

187 5222 319 5275 facta
345 5263 359 5283 ,
394 5219 487 5272 sed
536 5218 627 5270 Dei
677 5218 933 5272 beneﬁcia
973 5217 1337 5271 enumerare?
1366 5218 1500 5284 Quid
1534 5220 1632 5271 sibi
1666 5219 1776 5272 vult

186 5312 334 5378 illud,
368 5309 667 5365 Concredila
693 5320 807 5363 sunt
835 5310 859 5361 ?
888 5311 1019 5376 Quia
1053 5311 1156 5364 illis
1185 5310 1372 5363 tradita
1399 5311 1603 5374 estlex,
1628 5312 1768 5380 quod

188 5406 317 5457 tanti
343 5403 462 5455 illos
493 5400 674 5455 fecerit
700 5402 858 5466 Deus,
914 5410 970 5455 ut
1001 5417 1231 5471 superna
1266 5404 1369 5455 illis
1401 5405 1616 5455 oracula
1644 5421 1774 5458 con-

188 5494 456 5546 crederet.
500 5492 563 5545 Et
609 5492 720 5545 scio
770 5491 1052 5560 quosdam,
1110 5493 1255 5555 illud,
1306 5492 1607 5546 Coucredita
1634 5507 1771 5560 sunt,

190 5604 291 5641 non
323 5587 391 5641 de
418 5585 619 5640 Juda:is
646 5628 661 5651 ,
692 5585 784 5639 sed
818 5586 883 5639 de
909 5586 1141 5654 eloquiis
1187 5585 1385 5639 dictum
1416 5598 1640 5657 putare;
1676 5588 1775 5641 hoc

191 5690 292 5744 est,
326 5681 446 5748 quia
471 5678 760 5733 commissa
809 5687 890 5731 est
928 5679 1012 5731 lex
1048 5696 1059 5730 :
1096 5679 1187 5731 sed
1216 5679 1355 5745 quod
1400 5679 1639 5747 sequitur
1670 5696 1773 5733 non

191 5772 465 5839 permittit,
502 5781 557 5825 ut
590 5771 669 5824 sic
720 5770 1060 5839 intelligatur.
1096 5770 1275 5823 Primo
1306 5772 1470 5834 enim,
1514 5788 1772 5826 accusans

193 5866 310 5921 illos
336 5867 430 5921 hoc
457 5867 610 5930 dicit,
648 5873 701 5917 et
732 5864 1020 5919 ostendens
1064 5864 1182 5918 illos
1214 5864 1374 5915 multa
1408 5881 1434 5917 a
1477 5865 1581 5918 Deo
1615 5864 1771 5921 bene-

1340 444 1401 497 ΙΝ
1443 443 1657 498 El’iSl‘.
1702 445 1790 497 AD
1832 442 1995 498 ΙὶΟΜ.
2040 443 2271 499 UOMIL.
2320 445 2403 499 Vl.

3427 454 3530 512 138

1936 561 2051 613 licia
2093 562 2399 628 accepisse,
2452 562 2546 616 sed
2602 562 2865 631 ingratum
2914 563 3070 618 valde
3108 566 3342 621 animum
3376 568 3528 624 exhi-

1931 651 2135 705 bttisSe.
2169 652 2372 707 Deinde
2400 655 2679 723 sequentia
2704 671 2917 725 quoque
2947 657 3073 711 illud
3106 659 3374 725 iudicant;
3401 678 3524 715 nam

1932 743 2225 815 subjuugit,
2253 746 2305 799 5.
2343 744 2484 810 Quid
2509 747 2641 799 enim
2668 788 2681 812 ,
2713 751 2755 799 si
2782 749 2989 817 quidam
3021 766 3122 802 non
3146 751 3471 806 crediderunt
3501 756 3525 792 ’

1922 833 1975 889 Si
2008 850 2114 889 non
2145 837 2511 903 crediderunt,
2537 854 2645 906 quo
2678 849 2854 907 pacto,
2900 839 3088 895 dicunt
3131 841 3368 912 quidam,
3396 842 3521 910 ipsis

1921 929 2231 981 concredita
2273 940 2399 983 sunt
2426 930 2681 999 eloquia?
2716 931 2853 999 Quid
2886 947 3015 1002 ergo
3055 933 3167 987 ait?
3196 933 3348 1001 Quod
3382 934 3522 987 Dens

1921 1018 2051 1087 ipsis
2075 1020 2159 1073 illa
2194 1020 2536 1074 crediderit:
2572 1038 2676 1075 non
2724 1022 2866 1091 quod
2910 1022 3011 1091 ipsi
3058 1025 3239 1079 verbis
3280 1024 3522 1079 credide-

1919 1110 2064 1162 rint:
2115 1126 2235 1163 nam
2312 1110 2583 1180 quomodo
2652 1120 2820 1167 staret
2892 1113 2943 1167 id
3022 1115 3161 1183 quod
3236 1116 3521 1183 sequitur?

1919 1198 2090 1264 Quid,
2151 1200 2192 1253 si
2243 1200 2452 1268 quidam
2497 1218 2597 1255 non
2642 1202 3007 1258 crediderunt?
3070 1204 3184 1259 Hoc
3233 1207 3398 1259 etiam
3450 1207 3532 1258 ex

1915 1290 2268 1357 sequentibus
2330 1292 2677 1358 declaratur;
2734 1293 2920 1362 adjicit
2971 1294 3116 1348 enim
3180 1313 3196 1351 :
3250 1294 3518 1366 Numquid

1914 1381 2246 1435 incredulitas
2298 1398 2474 1435 eorum
2502 1383 2632 1435 iram
2682 1382 2775 1436 Dei
2831 1385 3135 1438 evacuabit?
3191 1386 3353 1440 Absit.
3405 1387 3517 1441 [loc

1914 1470 2074 1539 igitur
2133 1472 2329 1540 ipsum,
2382 1471 2525 1541 quod
2578 1474 2684 1528 illis
2723 1475 3094 1529 concreditum
3152 1484 3273 1542 est,
3314 1477 3515 1531 Christi

1911 1564 2111 1618 donum
2162 1565 2437 1633 przedicat.
2496 1564 2577 1619 Tu
2642 1582 2770 1620 vero
2824 1568 2951 1620 mihi
3015 1568 3177 1622 etiam
3228 1568 3314 1622 hic
3366 1569 3513 1623 Pauli

1913 1654 2251 1723 prudentiam
2304 1654 2597 1724 perpende.
2652 1657 3068 1710 Aecusationem
3097 1658 3240 1711 enim
3300 1658 3514 1712 illorum

1908 1760 2120 1800 rursum
2168 1760 2271 1800 non
2302 1761 2329 1798 a
2363 1747 2543 1815 seipso
2602 1745 2846 1815 inducit,
2892 1747 2986 1801 sed
3039 1751 3191 1817 quasi
3244 1764 3309 1802 ex
3358 1750 3512 1818 obje-

1906 1838 2123 1897 ctione;
2180 1853 2243 1893 ac
2307 1839 2349 1891 si
2398 1837 2607 1893 diceret
2660 1856 2675 1894 :
2726 1838 2794 1892 At
2849 1840 3079 1893 fortasse
3125 1840 3274 1893 dices
3332 1857 3346 1894 :
3407 1842 3511 1895 Ec-

1906 1943 2009 1995 qua
2040 1928 2241 1981 utilitas
2285 1928 2714 1983 circumcisionis
2758 1928 3165 1998 bujus?nequc
3212 1930 3355 1984 enim
3398 1931 3509 1995 illa,

1907 2030 2082 2091 utpar
2108 2031 2245 2086 erat,
2281 2022 2359 2075 usi
2391 2030 2549 2076 sunt:
2582 2021 2895 2076 concredita
2922 2022 3030 2076 illis
3060 2022 3146 2077 lex
3173 2032 3278 2091 est,
3321 2033 3376 2077 et
3402 2038 3508 2079 non

1904 2113 2273 2168 crediderunt.
2328 2115 2505 2183 Atque
2561 2113 2779 2189 interim
2826 2129 2929 2168 nOu
2960 2114 3254 2169 vehemens
3281 2130 3503 2171 accusa-

1906 2214 1989 2258 tor
2016 2212 2115 2266 cst,
2150 2203 2244 2257 sed
2289 2204 2439 2273 quasi
2500 2203 2667 2258 Deum
2699 2218 2728 2257 a
2758 2204 3137 2259 criminatione
3189 2204 3503 2270 vindicans,

1903 2304 2068 2349 totam
2100 2295 2246 2348 illam
2281 2294 2333 2348 in
2376 2295 2521 2363 ipsos
2543 2295 2829 2349 convertit.
2867 2294 2976 2349 Cur
3022 2309 3266 2361 accusas,
3310 2296 3500 2366 inquit,

1899 2386 2043 2456 quod
2070 2402 2174 2441 non
2196 2386 2568 2441 crediderint?
2614 2396 2668 2439 et
2707 2386 2832 2455 quid
2883 2385 2984 2440 hoc
3013 2387 3078 2440 ad
3112 2386 3323 2441 Deum?
3375 2403 3500 2440 num

1899 2479 2015 2546 ejus
2064 2478 2475 2533 beneficentiam
2528 2478 2790 2532 subvertit
2838 2479 3051 2532 illorum
3102 2479 3191 2549 qui
3240 2479 3500 2533 beneﬁcia

1899 2581 2222 2641 acceperunt
2254 2572 2491 2640 ingratus
2520 2571 2779 2624 animus?
2811 2581 2903 2625 aut
2933 2570 3078 2636 facit,
3104 2580 3162 2624 ut
3192 2571 3364 2623 honor
3390 2588 3496 2625 nun

1898 2664 1965 2715 sit
1987 2661 2205 2716 honor?
2230 2660 2284 2714 Id
2326 2662 2470 2715 cnim
2522 2660 2721 2715 indicat
2751 2661 2879 2714 illud
2910 2676 2923 2715 :
2961 2660 3227 2730 Numquid
3261 2662 3502 2715 incredu-

1851 2783 1861 2791 -
1897 2754 2011 2805 litos
2043 2768 2216 2805 eorum
2245 2752 2398 2817 ﬁdem
2434 2750 2525 2803 Dei
2544 2752 2853 2805 evacuabit?
2884 2751 3047 2805 Absit.
3083 2753 3158 2806 Ac
3186 2753 3230 2805 si
3264 2752 3384 2821 quis
3411 2751 3497 2806 di-

1896 2851 2079 2896 ceret:
2103 2842 2215 2910 Ego
2243 2842 2388 2893 illmn
2420 2843 2578 2895 talem
2630 2840 2837 2895 honore
2883 2840 3069 2905 alTeei;
3100 2841 3144 2895 si
3177 2857 3305 2896 vero
3324 2841 3489 2894 hono-

1898 2913 2013 2985 rem.
2043 2932 2131 2985 ille
2160 2947 2266 2984 non
2304 2932 2541 2995 admisit,
2599 2932 2723 2985 hinc
2769 2932 3107 2987 accu~andus
3168 2948 3274 2985 non
3329 2949 3447 2986 sum
3482 2951 3497 2997 ;

1897 3039 2075 3094 neque
2106 3025 2155 3077 id
2190 3024 2580 3093 benignitatem
2634 3039 2807 3079 meam
2850 3024 3017 3087 lazdit,
3067 3023 3162 3079 sed
3207 3026 3352 3079 illius
3382 3037 3499 3080 stu-

1898 3116 2173 3186 piditatem
2202 3116 2397 3185 arguit.
2454 3116 2651 3170 Paulus
2678 3132 2806 3170 vero
2850 3132 2955 3170 non
2988 3116 3089 3171 hoc
3122 3117 3296 3171 solum
3340 3118 3493 3183 dicit,

1895 3210 1988 3265 sed
2024 3210 2183 3278 longe
2208 3210 2461 3277 amplius,
2516 3208 2659 3278 quod
2716 3225 2821 3263 non
2871 3210 3031 3263 modo
3057 3210 3487 3264 criminationem

1897 3300 2006 3353 Deo
2056 3314 2162 3352 non
2193 3298 2387 3351 inferat
2423 3298 2773 3353 incredulitas
2800 3313 3026 3364 eorum,
3084 3299 3180 3354 sed
3230 3301 3490 3370 majorem

1892 3389 2141 3444 ostendat
2162 3390 2279 3457 ejus
2305 3389 2564 3444 honorem
2590 3400 2643 3443 ct
2669 3389 3077 3459 benignitatem,
3107 3405 3229 3445 cum
3250 3407 3371 3446 eum
3404 3392 3495 3461 qui

1892 3497 1951 3537 se
1985 3482 2404 3534 inhonoraturus
2422 3492 2498 3534 est
2536 3481 2744 3535 honore
2773 3484 2958 3537 allicit.

1961 3574 2014 3629 5.
2073 3573 2302 3627 Vidistin
2366 3573 2635 3642 quomodo
2686 3574 2805 3628 illos
2858 3575 3174 3630 criminibus
3222 3577 3489 3631 obnoxios

1889 3664 2130 3721 ellecerit
2177 3680 2242 3717 ex
2290 3665 2355 3717 iis
2380 3707 2395 3730 ,
2424 3664 2493 3719 dc
2532 3665 2725 3733 quibus
2766 3665 3179 3735 gloriabantur?
3224 3668 3488 3737 siquidem

1894 3756 2033 3810 Deus
2075 3746 2279 3808 tantum
2329 3756 2436 3808 illis
2476 3756 2657 3808 intulit
2700 3755 2995 3819 honorem,
3053 3765 3110 3810 ut
3160 3758 3257 3811 etsi
3314 3757 3491 3812 futura

1889 3844 2197 3916 przevideus
2223 3886 2237 3909 ,
2290 3858 2319 3897 a
2370 3845 2743 3899 benevolentia
2777 3859 2871 3899 sua
2907 3860 3009 3899 non
3040 3846 3326 3901 desisteret
3354 3865 3367 3899 :
3416 3849 3491 3903 illi

1888 3951 2016 3989 vero
2045 3950 2103 3990 se
2136 3935 2340 3989 honore
2368 3934 2845 4004 afﬁeieutem,,per
2877 3937 3051 4005 ipsum
3086 3938 3291 3991 illatum
3322 3938 3491 3993 bono-

1888 4044 2000 4081 rem
2031 4027 2354 4082 contumelia
2386 4026 2699 4081 affecerunt.
2756 4027 2957 4082 Deinde
2984 4029 3105 4097 quia
3135 4028 3307 4093 dixit,
3354 4032 3490 4095 Quid

1886 4136 2024 4188 ergo,
2058 4121 2099 4172 si
2130 4119 2337 4188 quidam
2370 4136 2469 4171 non
2498 4118 2867 4171 crediderunt?
2897 4129 2948 4172 et
2996 4134 3185 4173 omnes
3223 4135 3327 4173 nou
3367 4137 3489 4175 ere-

1887 4212 2085 4265 didisse
2120 4211 2397 4273 videntur;
2450 4227 2515 4263 ne
2560 4210 2853 4264 secundum
2898 4210 3177 4264 historiam
3226 4212 3487 4281 loquens,

1888 4303 2179 4357 vehemens
2220 4302 2432 4355 illorum
2466 4312 2744 4355 accusator
2783 4312 3032 4370 tanquam
3079 4303 3324 4357 inimicus
3365 4319 3487 4358 esse

1886 4395 2147 4456 videatur,
2182 4392 2339 4445 modo
2370 4392 2630 4446 ratiocinii
2662 4400 2715 4445 et
2743 4393 3035 4463 syllogismi
3066 4394 3213 4462 pOuit
3240 4394 3287 4447 id
3343 4396 3482 4461 quod

1888 4486 1939 4537 in
1970 4485 2043 4537 rei
2076 4484 2303 4537 veritate
2335 4482 2527 4535 factum
2559 4491 2668 4538 est.
2706 4482 2789 4535 his
2821 4483 2998 4534 verbis
3026 4501 3037 4535 :
3086 4484 3137 4536 4.
3188 4483 3269 4536 Sit
3314 4498 3483 4535 autem

1889 4576 2020 4629 Deus
2048 4590 2231 4636 verax,
2270 4578 2433 4627 omnis
2467 4582 2638 4626 autem
2671 4574 2820 4625 ltomo
2857 4575 3095 4627 mendax.
3129 4574 3182 4627 Id
3215 4582 3334 4628 est:
3369 4575 3485 4628 Non

1885 4670 2027 4731 dico,
2058 4666 2198 4735 quod
2232 4666 2452 4735 quidam
2488 4682 2591 4719 non
2622 4665 2973 4728 crediderint,
3008 4666 3102 4719 sed
3132 4668 3175 4719 si
3210 4667 3310 4732 vis,
3346 4682 3487 4735 pone

1840 4765 1845 4769 ‘
1885 4774 2074 4814 omnes
2104 4759 2266 4813 fuisse
2295 4757 2782 4824 incredulos,quod
2812 4758 2897 4810 vix
2928 4756 3125 4810 factum
3161 4756 3335 4812 fuerat
3357 4775 3488 4811 eou-

1882 4852 2101 4916 cedens,
2128 4859 2304 4902 utnec
2334 4848 2591 4902 molestus
2620 4864 2717 4903 nec
2739 4858 3019 4917 suspectus
3046 4864 3165 4901 esse
3192 4849 3483 4907 videretur.

1886 4942 2015 4995 Nam
2049 4943 2145 5005 sic,
2179 4940 2370 5008 inquit,
2407 4941 2575 5008 magis
2602 4940 2930 5007 justiticatur
2964 4940 3123 4993 Deus.
3171 4940 3308 5007 Quid
3355 4950 3438 4995 est
3469 4984 3483 5007 ,

1883 5032 2248 5086 Justiftcatur?
2271 5031 2325 5084 Si
2355 5030 2613 5099 judicium
2644 5038 2908 5083 statuatur
2936 5040 2988 5083 et
3018 5046 3244 5084 examen
3273 5048 3483 5098 eorum,

1884 5144 2002 5196 qua:
2035 5128 2149 5194 ipse
2190 5124 2392 5179 Judteis
2433 5125 2659 5178 contulit.
2702 5135 2756 5177 et
2786 5141 2904 5193 qua!
2948 5124 3119 5179 Judaei
3151 5126 3250 5194 ipsi
3284 5128 3485 5181 retule-

1885 5228 2026 5283 runt,
2061 5218 2279 5272 victoria
2311 5232 2473 5286 penes
2504 5218 2672 5271 Deum
2702 5217 2836 5283 erit,
2868 5225 2922 5271 et
2953 5218 3003 5271 in
3034 5219 3283 5273 omnibus
3307 5221 3486 5286 justus

1884 5311 1975 5364 ille
2014 5309 2315 5379 apparebit.
2362 5314 2437 5361 Ac
2479 5324 2599 5362 cum
2634 5308 2684 5362 id
2714 5308 2858 5363 clare
2901 5308 3226 5363 ostendisset
3267 5327 3332 5364 ex
3378 5312 3440 5364 iis
3470 5352 3483 5372 .

1884 5419 2001 5471 qua:
2035 5403 2178 5469 prius
2210 5401 2349 5454 dicta
2381 5409 2525 5464 sunt,
2554 5409 2677 5454 tunc
2710 5400 3023 5468 prophetam
3052 5401 3229 5453 attulit
3263 5400 3345 5455 his
3374 5404 3483 5454 suf-

1884 5498 2183 5564 fragantem
2215 5503 2266 5547 ct
2298 5494 2563 5548 dicentem
2593 5513 2603 5547 :
2657 5493 2723 5547 Ut
2759 5494 3057 5562 justiﬁceris
3089 5496 3139 5547 in
3170 5496 3484 5548 sermonibus

1887 5589 2004 5651 tuis,
2037 5598 2084 5639 et
2111 5588 2279 5638 vincas
2310 5602 2422 5637 cum
2442 5586 2694 5653 jmlicaris
2728 5583 2915 5653 (Psal.
2946 5586 3032 5639 50.
3068 5587 3099 5638 5
3196 5586 3311 5653 Ipse
3340 5589 3481 5640 enim

1886 5681 2062 5733 omnia
2095 5694 2187 5733 sua
2219 5678 2378 5732 fecit:
2410 5678 2482 5731 illi
2511 5695 2637 5731 voro
2668 5694 2837 5746 neque
2864 5679 2940 5731 sic
2965 5680 3216 5732 meliores
3239 5695 3480 5735 evasere.

1890 5771 2091 5825 Deinde
2132 5770 2488 5837 objectionem
2521 5770 2678 5823 aliam
2710 5770 2834 5823 hinc
2864 5779 3238 5839 exsurgentem
3280 5771 3329 5822 iu
3366 5788 3481 5825 nte-

1886 5865 2030 5917 dium
2063 5862 2315 5929 adducit,
2364 5873 2416 5917 ct
2466 5863 2537 5916 ait
2568 5880 2577 5914 :
2628 5862 2681 5916 5.
2718 5862 2778 5916 Si
2808 5873 2974 5915 autem
3014 5863 3253 5932 iniquitas
3296 5873 3472 5917 nostra
