4118 6340
679 458 775 514 539

666 566 912 637 justitiam
946 561 1035 615 Dei
1064 559 1397 621 commendat,
1425 555 1546 626 quid
1571 552 1834 606 dicemus?
1865 548 2107 617 numquid
2136 546 2237 598 ini-

674 673 800 727 quus
813 663 881 708 est
901 652 1037 706 Deus
1057 652 1138 721 qui
1161 652 1310 722 infert
1332 648 1486 701 iram?
1504 643 1799 713 (secundum
1816 640 2064 693 hominem
2085 637 2246 705 dico.)

690 748 847 801 Absit.
890 742 1185 797 Absurdum
1220 756 1311 808 per
1335 736 1618 790 absurdum
1648 733 1861 786 demum
1893 730 2067 784 solvit.
2114 728 2243 794 Quia

680 850 806 889 vero
834 835 932 886 hoc
957 835 1238 885 obscurum
1268 836 1367 891 est,
1390 840 1607 880 necesse
1631 831 1714 878 est
1740 823 1933 876 clarius
1957 833 2241 888 exponere.

679 926 786 979 lloc
818 935 898 979 est
924 933 1097 976 autem
1131 921 1179 973 id
1196 918 1332 989 quod
1353 917 1479 969 dicit
1502 933 1512 967 :
1538 915 1750 969 Judtcos
1770 914 1905 967 Dens
1931 908 2205 963 honoravit
2229 923 2243 959 :

676 1016 826 1069 illum
859 1015 955 1083 ipsi
987 1010 1303 1067 contumelia
1333 1008 1645 1061 affecerunt.
1697 1002 1806 1057 lloc
1850 1002 1923 1054 illi
1967 999 2244 1053 victoriam

678 1115 859 1178 parat,
905 1115 958 1159 et
1008 1116 1248 1171 magnam
1291 1098 1407 1168 ejus
1456 1097 1835 1166 benignitatem
1880 1090 2243 1151 demonstrat,

678 1197 820 1268 quod
862 1195 994 1249 tales
1023 1209 1140 1247 cum
1174 1198 1354 1245 essent
1399 1186 1761 1241 bonoraverit.
1809 1183 1966 1253 Igitur
2004 1180 2245 1249 quando-

677 1285 892 1353 quidem
923 1284 992 1337 ait
1018 1322 1033 1348 ,
1063 1283 1182 1350 quia
1211 1294 1307 1333 nos
1339 1276 1684 1332 contumelias
1713 1283 1764 1329 et
1796 1271 2011 1341 injurias
2037 1269 2133 1339 ipsi
2163 1272 2247 1322 in-

678 1377 926 1438 tulimus,
963 1374 1081 1428 idco
1112 1372 1252 1426 Deus
1287 1370 1447 1434 vicit,
1489 1378 1541 1422 et
1576 1367 1776 1436 justitia
1819 1365 1934 1433 ejus
1974 1361 2245 1430 splendida

677 1468 770 1521 fuit
803 1484 815 1519 :
858 1482 986 1531 cur,
1017 1465 1223 1534 inquit,
1258 1464 1468 1532 punior,
1498 1462 1587 1531 qui
1621 1476 1714 1529 per
1742 1456 2117 1513 contumeliam
2151 1455 2246 1525 ipsi

675 1560 908 1612 victorize
935 1572 1093 1611 causa
1126 1556 1195 1609 fui
1218 1557 1239 1608 ἳ
1265 1553 1539 1622 Quomodo
1570 1553 1724 1623 igitur
1753 1551 1908 1605 solvit
1941 1548 2106 1603 illud?
2134 1548 2245 1602 Alia

677 1664 886 1702 rursum
914 1689 928 1713 ,
975 1660 1031 1701 ut
1068 1647 1209 1709 dixi,
1256 1645 1597 1700 absurditate.
1638 1643 1691 1697 Si
1722 1643 1862 1697 enim
1903 1650 1954 1695 tu
1982 1684 1997 1709 ,
2044 1640 2243 1710 inquit,

679 1738 912 1792 victoria:
934 1752 1090 1792 causa
1118 1736 1283 1798 fuisti,
1313 1746 1366 1790 et
1394 1744 1571 1803 postea
1598 1734 1821 1803 puniris,
1846 1734 2095 1801 injustum
2118 1730 2245 1785 illud

679 1839 796 1882 est:
827 1830 869 1882 si
897 1838 1070 1882 autem
1101 1829 1187 1881 ille
1216 1844 1318 1880 non
1352 1827 1575 1895 injustas
1606 1834 1707 1891 est,
1736 1836 1787 1881 et
1820 1835 1990 1879 tamen
2024 1824 2244 1892 puniris,

672 1918 782 1986 jam
827 1935 927 1972 non
971 1918 1040 1971 illi
1086 1919 1319 1971 victoriae
1346 1931 1502 1971 causa
1537 1917 1698 1970 fuisti.
1733 1916 1797 1969 Et
1840 1916 1957 1969 vide
2002 1916 2246 1983 pietatem

675 2012 1043 2078 apostolicam.
1096 2010 1226 2063 Cum
1275 2010 1416 2063 enim
1456 2010 1706 2073 dixissot,
1754 2007 1893 2061 Num
1935 2008 2134 2076 iniquus
2176 2014 2248 2058 est

683 2100 815 2154 Deus
842 2101 926 2168 qui
954 2102 1102 2167 infert
1130 2100 1256 2152 iram
1275 2100 1300 2152 .9
1327 2100 1540 2165 adjecit,
1572 2098 1861 2153 Secundum
1892 2097 2140 2150 hominem
2167 2096 2245 2148 lo-

676 2210 819 2262 quor.
844 2196 916 2246 Ac
943 2192 985 2245 si
1015 2193 1151 2261 quis.
1176 2192 1265 2250 ait.
1293 2190 1581 2246 secundum
1608 2191 1889 2244 humanum
1915 2188 2244 2242 ratiocinium

676 2284 962 2338 dissereret
992 2300 1004 2335 :
1032 2283 1228 2351 justum
1251 2282 1444 2353 quippe
1469 2282 1558 2336 Dei
1575 2282 1828 2351 judicium
1851 2296 2068 2347 ea,qu:e
2098 2280 2249 2333 nobis

670 2374 808 2441 justa
838 2388 957 2428 esse
984 2373 1229 2427 videntur
1250 2415 1263 2434 .
1295 2373 1451 2442 longe
1481 2382 1693 2441 superat
1713 2412 1726 2433 ,
1756 2381 1809 2425 et
1835 2372 1966 2424 alias
1993 2370 2246 2439 quasdam

674 2478 999 2533 arcanasque
1018 2466 1251 2518 rationes
1270 2464 1444 2517 habet.
1462 2462 1662 2517 Deinde
1678 2465 1795 2533 quia
1818 2462 1942 2516 illud
1961 2462 2245 2515 obscurum

675 2567 809 2619 erat,
842 2558 1075 2610 secundo
1105 2556 1329 2625 idipsum
1356 2557 1481 2609 dicit
1509 2574 1521 2609 :
1553 2557 1602 2608 7.
1632 2556 1693 2610 Si
1721 2556 1850 2617 enim
1872 2555 2050 2607 veritas
2081 2553 2171 2605 Dei
2194 2554 2245 2605 in

676 2662 782 2699 meo
813 2648 1070 2699 mendacio
1097 2647 1367 2699 abundavit
1395 2648 1445 2698 in
1477 2646 1689 2713 gloriam
1719 2646 1897 2713 ipsius,
1929 2645 2049 2713 quid
2079 2645 2246 2696 adhuc

679 2745 727 2789 et
756 2752 846 2805 ego
877 2745 1131 2805 tamquam
1162 2746 1394 2805 peccator
1414 2736 1662 2805 judicor?
1702 2734 1755 2788 Si
1789 2738 1927 2787 enim
1959 2734 2094 2788 Deus
2120 2774 2135 2797 ,
2162 2735 2245 2785 in-

672 2828 807 2895 quit,
840 2826 1118 2895 benignus,
1143 2827 1317 2893 justus
1345 2836 1397 2880 et
1429 2828 1596 2879 bonus
1627 2825 1769 2878 visus
1790 2834 1869 2877 est
1898 2824 1966 2877 ob
1994 2823 2242 2891 idipsum,

675 2914 816 2983 quod
852 2926 902 2967 tu
936 2930 1038 2969 non
1067 2916 1464 2983 obtemperasti,
1498 2930 1599 2967 non
1635 2913 1790 2965 modo
1816 2912 1979 2966 debes
2010 2928 2111 2963 non
2145 2926 2243 2978 pu-

677 3006 813 3069 niri,
858 3006 949 3059 sed
981 3008 1136 3060 etiam
1168 3006 1411 3060 mercede
1438 3005 1643 3059 donari.
1689 3006 1741 3060 Si
1788 3015 1964 3057 autem
2008 3004 2105 3057 hoc
2134 3006 2240 3067 sit,

677 3096 799 3149 illud
822 3096 1105 3150 absurdum
1137 3107 1406 3165 sequetur,
1438 3098 1573 3163 quod
1598 3113 1623 3147 a
1650 3096 1827 3148 multis
1848 3095 2240 3157 circumfertur;

674 3201 737 3241 ex
770 3187 922 3239 malis
953 3202 1138 3254 nempe
1170 3187 1303 3240 bona
1337 3186 1447 3239 tieri
1473 3228 1486 3249 ,
1520 3196 1574 3269 et
1613 3185 1747 3237 mala
1776 3199 1962 3239 causas
1993 3198 2109 3237 esse
2149 3184 2245 3235 bo-

674 3292 881 3331 norum.
920 3279 991 3331 Ex
1022 3278 1227 3331 duobus
1256 3287 1433 3331 autem
1465 3278 1690 3330 alterum
1722 3277 2021 3329 necessario
2052 3288 2240 3328 conse-

674 3380 898 3437 quetur,
936 3381 1026 3421 aut
1054 3385 1173 3423 eum
1202 3411 1216 3433 ,
1248 3370 1290 3422 si
1325 3370 1504 3439 punit,
1535 3369 1783 3436 injustam
1813 3368 2010 3425 videri;
2043 3367 2087 3420 si
2118 3381 2245 3420 vero

675 3475 779 3513 non
825 3460 1010 3526 punit,
1061 3474 1123 3513 ex
1158 3460 1310 3512 malis
1351 3459 1543 3512 nostris
1589 3458 1859 3510 victoriam
1903 3457 2242 3510 obtinuisse:

671 3548 810 3618 quod
841 3557 1118 3617 utrumque
1145 3564 1300 3617 supra
1330 3549 1541 3601 modum
1571 3547 1859 3602 absurdum
1882 3557 1985 3601 est.
2023 3546 2073 3598 Id
2102 3545 2241 3613 quod

673 3652 725 3695 et
769 3642 880 3709 ipse
913 3640 1226 3700 declarans,
1262 3639 1566 3705 bujusmodi
1599 3639 1904 3709 dogmatum
1940 3646 2113 3707 putres
2160 3638 2240 3689 in-

673 3734 825 3787 duxit
867 3733 1080 3787 Grmcos
1105 3775 1118 3792 .
1162 3734 1288 3786 satis
1318 3748 1435 3786 esse
1464 3742 1650 3801 putans
1680 3732 1743 3783 ad
1772 3732 2031 3785 dictorum
2057 3729 2243 3783 couin—

676 3824 924 3878 tationcm
950 3838 1293 3895 personarum
1321 3825 1431 3876 lucc
1451 3822 1733 3876 dicentium
1752 3824 2077 3890 qualitatem.
2097 3821 2243 3874 Tunc

676 3915 815 3967 enim
850 3914 924 3967 illi
953 3915 1105 3968 nobis
1137 3914 1419 3967 illudentes
1447 3914 1696 3967 dicebant
1722 3933 1733 3967 :
1765 3914 2043 3967 Faciamus
2070 3914 2203 3965 mala
2224 3953 2237 3975 ,

679 4017 736 4059 ut
775 4007 988 4061 veniant
1020 4008 1177 4060 bona.
1215 4006 1443 4074 Ideoque
1472 4007 1613 4059 clare
1648 4006 1770 4058 illud
1803 4006 2013 4072 posuit,
2060 4005 2128 4056 ita
2159 4003 2242 4056 di-

676 4111 841 4150 cons:
873 4096 924 4150 8.
959 4094 1023 4147 Et
1064 4112 1161 4148 non
1188 4138 1201 4161 ,
1246 4096 1369 4148 sicut
1411 4097 1836 4163 blaspltcmamur,
1867 4105 1911 4146 ct
1950 4098 2076 4147 sicut
2105 4096 2245 4145 aiunt

676 4189 879 4256 quidam
924 4205 1012 4241 nos
1052 4188 1215 4241 dicere
1234 4229 1247 4250 ,
1281 4187 1552 4240 Faciamus
1581 4188 1713 4239 mala
1734 4228 1748 4249 ,
1779 4197 1831 4238 ut
1858 4189 2055 4238 veniant
2082 4186 2246 4239 bona:

676 4296 881 4349 quorum
913 4279 1167 4331 damnatio
1190 4280 1329 4348 justa
1359 4291 1451 4332 est.
1478 4281 1604 4345 Quia
1629 4280 1765 4331 enim
1790 4279 1995 4332 dicebat
2020 4278 2240 4332 Paulus:

683 4370 781 4425 Ubi
810 4372 1075 4423 abundavit
1102 4383 1351 4439 peccatum
1375 4414 1388 4433 ,
1420 4372 1837 4439 superabundavit
1859 4374 2020 4439 gratia
2056 4371 2243 4441 (Rom.

760 4462 849 4522 ΞΟ)
876 4504 890 4524 ,
920 4462 1255 4514 traducentes
1285 4461 1429 4513 illum
1458 4502 1471 4523 ,
1506 4470 1557 4512 et
1586 4460 1648 4511 ad
1681 4460 1837 4512 alium
1868 4475 2078 4513 sensum
2110 4461 2246 4513 dicta

677 4552 1076 4618 detorquentes,
1111 4550 1374 4613 dicebant,
1408 4560 1653 4617 oportere
1682 4550 1927 4603 malitiam
1958 4551 2169 4613 sectari,
2196 4560 2248 4602 ut

680 4644 917 4696 fruamur
942 4642 1114 4695 bonis.
1148 4642 1341 4694 Paulus
1368 4656 1493 4693 vero
1520 4657 1619 4693 non
1653 4641 1721 4693 ita
1746 4641 2058 4709 loquebatur
2082 4658 2093 4691 :
2125 4640 2246 4692 illud

680 4744 857 4786 autem
886 4733 1160 4797 corrigens
1190 4732 1397 4785 dicebat
1427 4748 1439 4782 :
1476 4732 1611 4796 Quid
1646 4731 1806 4800 ergo?
1834 4732 2249 4798 perseverabimus

680 4822 729 4874 in
761 4833 978 4891 peccato,
1012 4834 1064 4875 ut
1093 4825 1254 4891 gratia
1280 4824 1495 4876 abundet
1523 4825 1546 4876 ?
1578 4826 1715 4876 Absit
1759 4824 1776 4893 (
1803 4822 1951 4875 Rom.
1985 4823 2036 4876 6.
2072 4826 2123 4877 i.
2153 4824 2186 4877 2
2207 4827 2248 4893 ).

683 4913 813 4967 Nam
846 4913 911 4966 de
945 4916 1225 4980 prmterilis
1257 4915 1582 4983 temporibus
1610 4915 1715 4967 dixi
1738 4955 1751 4979 ,
1783 4930 1884 4966 non
1916 4925 1971 4967 ut
2002 4916 2113 4969 lure
2142 4932 2251 4970 me-

683 5004 913 5057 ditemur
935 5013 987 5058 et
1012 5019 1373 5058 exerceamus.
1396 5006 1473 5059 Ab
1502 5008 1597 5057 bac
1621 5008 1775 5075 igitur
1802 5024 2049 5061 amovens
2082 5010 2251 5076 suspi-

683 5098 856 5160 cione,
892 5096 1023 5150 dixit
1054 5097 1175 5149 illud
1211 5098 1537 5165 impossibile
1565 5114 1703 5152 esse.
1740 5099 1838 5164 Qui
1868 5101 2020 5163 enim,
2052 5101 2249 5167 inquit,

685 5189 868 5241 mortui
896 5205 1067 5241 sumus
1102 5199 1304 5256 peccato
1328 5232 1340 5253 ,
1369 5190 1618 5257 quomodo
1641 5190 1803 5240 adhuc
1842 5191 1893 5241 in
1920 5207 1973 5240 eo
2002 5191 2255 5243 vivemus?

755 5278 806 5333 6.
852 5278 905 5331 ln
952 5278 1175 5347 gentiles
1220 5294 1344 5346 ergo
1394 5278 1548 5333 facile
1586 5280 1827 5331 invectus
1873 5287 1991 5341 est;
2042 5280 2253 5332 illorum

685 5371 875 5438 quippe
896 5372 999 5423 vita
1024 5371 1303 5424 admodum
1332 5383 1575 5440 corrupta
1600 5380 1744 5426 erat:
1776 5372 2080 5425 Judmorum
2108 5389 2251 5437 vero,

686 5460 782 5513 etsi
811 5460 913 5513 vita
944 5462 1180 5529 neglecta
1198 5462 1492 5527 videretur,
1514 5464 1685 5516 atillis
1712 5465 1940 5532 tegmina
1967 5473 2121 5516 erant
2146 5480 2255 5516 ma-

688 5564 786 5618 gna
810 5589 823 5611 ,
856 5549 937 5603 lex
964 5561 1017 5606 et
1046 5553 1377 5606 circumcisio
1401 5594 1414 5617 ,
1449 5562 1501 5607 et
1528 5554 1669 5622 quod
1701 5555 1835 5608 Deus
1862 5570 1978 5608 cum
2009 5556 2110 5607 illis
2140 5571 2255 5609 ver-

686 5648 835 5693 satus
863 5649 918 5694 et
945 5642 1274 5712 colloquutus
1302 5654 1479 5711 esset,
1527 5645 1772 5714 quodque
1801 5646 2035 5698 omnium
2075 5654 2256 5700 essent

686 5730 950 5787 doctores.
994 5731 1117 5788 ideo
1145 5736 1246 5787 illis
1298 5736 1409 5791 haec
1436 5737 1729 5790 velamenta
1759 5736 1973 5789 abstulit
1998 5778 2011 5801 ,
2057 5745 2111 5790 et
2140 5736 2256 5789 illos

691 5824 858 5893 magis
886 5839 945 5880 ea
974 5830 1039 5880 de
1076 5840 1232 5879 causa
1260 5830 1412 5895 plecti
1448 5828 1846 5892 demonstravit,
1878 5841 1977 5895 qua
2011 5828 2061 5879 in
2092 5840 2147 5879 re
2175 5826 2258 5879 hic

1404 447 1459 502 S.
1499 441 1771 501 JOANNIS
1810 427 2271 493 CliRYSOSTOMI
2309 429 2619 485 ARCIIIEP.
2663 429 3184 487 CONSTANTINOP.

3836 419 3960 474 μθ

2353 559 2653 599 sermonem
2686 544 2964 598 conclusit.
2997 543 3125 598 Nam
3153 543 3196 596 si
3230 540 3425 595 talibus
3461 538 3705 610 patratis,
3735 535 3951 605 inquit.

2354 648 2457 687 non
2504 636 2827 702 puniuntur,
2861 649 3079 689 necesse
3119 644 3238 699 est,
3284 642 3343 687 ut
3383 630 3756 702 hlaspbemum
3800 627 3955 682 illud

2349 723 2546 777 dictum
2569 723 2972 778 circumferetur
2992 742 3005 778 :
3026 722 3295 778 Faciamus
3313 722 3466 785 mala,
3480 733 3534 775 ut
3554 722 3755 776 veniant
3776 722 3952 772 bona.

2349 812 2402 869 Si
2431 824 2606 868 autem
2639 815 2760 868 illud
2789 814 3007 885 impium
3038 825 3121 870 est
3141 856 3154 879 ,
3183 824 3235 869 et
3260 814 3304 869 si
3329 814 3417 884 qui
3444 813 3571 867 illud
3598 811 3779 867 dicunt
3812 822 3955 879 pae-

2352 918 2444 957 nas
2486 903 2688 958 dabunt
2717 905 2734 973 (
2760 904 2808 958 id
2838 906 2979 958 enim
3009 906 3301 960 declaravit
3340 904 3423 959 his
3454 904 3626 959 verbis
3647 945 3661 967 ,
3699 903 3957 967 Quorum

2351 993 2607 1047 damnatio
2654 996 2799 1066 justo
2854 993 3009 1066 est);
3062 997 3233 1062 palam
3276 1005 3358 1051 cst
3394 996 3513 1051 iilos
3554 994 3745 1064 puniri.
3790 992 3952 1046 Nam

2352 1086 2395 1138 si
2428 1086 2513 1154 qui
2545 1085 2644 1138 hoc
2687 1086 2871 1140 dicunt
2919 1084 3181 1156 supplicio
3207 1088 3347 1156 digni
3378 1097 3536 1154 sunt,
3567 1087 3729 1141 multo
3757 1086 3957 1154 magis

2351 1178 2439 1245 qui
2488 1178 2724 1231 faciunt:
2766 1179 2809 1232 si
2848 1190 3025 1234 autem
3070 1180 3331 1250 supplicio
3359 1180 3502 1251 digni
3528 1182 3755 1250 ,utiqne
3781 1181 3954 1251 quod

2353 1268 2710 1335 peccaverint.
2769 1267 2955 1338 Neque
2993 1272 3135 1325 enim
3179 1272 3337 1324 homo
3384 1280 3464 1325 est
3503 1271 3591 1339 qui
3635 1272 3825 1339 punit,
3890 1280 3956 1323 ut

2352 1358 2470 1423 quis
2501 1357 2567 1410 de
2595 1358 2781 1413 calculi
2814 1361 3041 1420 veritate
3069 1359 3308 1425 dubitet;
3334 1360 3425 1414 sed
3448 1361 3605 1427 Deus,
3635 1361 3721 1431 qui
3747 1361 3953 1415 omnia

2347 1446 2492 1514 juste
2518 1448 2663 1503 facit.
2688 1449 2740 1503 Si
2775 1466 2904 1505 vero
2928 1451 3071 1520 juste
3102 1452 3412 1520 puniuntur,
3445 1453 3636 1521 injuste
3663 1452 3736 1506 illi
3765 1468 3951 1522 supra

2354 1548 2648 1592 memorata
2696 1539 2982 1607 dicebant,
3012 1557 3111 1596 nos
3144 1522 3524 1597 traducentes:
3559 1544 3733 1598 omnia
3779 1545 3949 1599 enim

2357 1627 2495 1682 Deus
2545 1629 2774 1684 faciebat
2818 1640 2874 1686 et
2911 1631 3063 1697 facit,
3099 1642 3157 1686 ut
3186 1633 3305 1686 vita:
3348 1633 3641 1687 insritutum
3686 1646 3951 1689 nostrum

2353 1720 2621 1774 elucescat
2662 1730 2716 1776 et
2757 1723 2989 1793 undique
3026 1734 3229 1779 rectum
3272 1726 3360 1779 sit.
3411 1726 3485 1779 Ne
3532 1727 3706 1795 itaque
3756 1728 3955 1797 ignavi

2352 1809 2554 1875 simus;
2590 1813 2657 1865 ita
2685 1814 2826 1867 enim
2858 1816 3088 1885 gentiles
3117 1818 3411 1885 poterimus
3446 1817 3512 1871 ab
3541 1833 3721 1872 errore
3749 1834 3955 1874 remo.

2353 1916 2499 1954 vere.
2540 1901 2671 1955 Nam
2699 1904 2741 1956 si
2768 1905 2949 1959 verbis
2977 1906 3435 1975 phil050pbemur,
3468 1918 3521 1959 et
3546 1910 3794 1977 operibus
3824 1921 3953 1963 tur-

2354 1991 2489 2058 piter
2514 2007 2729 2061 agamus
2752 2036 2764 2053 .
2793 1996 2984 2064 quibus
3011 1998 3179 2052 oculis
3211 1999 3355 2067 ipsos
3394 2001 3783 2067 resliiciemus?
3826 2019 3954 2072 quo

2352 2096 2445 2136 ore
2476 2083 2539 2137 de
2566 2084 2902 2155 dogmatibus
2930 2084 3351 2156 disputabimus?
3378 2091 3520 2146 Dicet
3547 2093 3683 2146 enim
3707 2094 3953 2163 singulis

2352 2184 2589 2228 nostrum
2619 2195 2630 2229 :
2666 2178 2763 2243 Qui
2795 2195 2861 2233 ne
2889 2181 3164 2233 minimum
3190 2181 3405 2249 quidem
3437 2197 3570 2250 opus
3610 2182 3803 2237 bonum
3858 2183 3949 2239 fe-

2351 2264 2491 2328 cisti,
2521 2271 2787 2335 quomodo
2820 2270 2980 2324 audes
3004 2270 3071 2325 de
3099 2272 3284 2339 majori
3309 2270 3552 2325 erudire?
3580 2272 3665 2341 qui
3694 2274 3948 2327 nondum

2354 2355 2581 2409 didicisti
2615 2360 2889 2412 avaritiam
2919 2374 3037 2415 esse
3066 2362 3285 2427 malum,
3314 2364 3580 2431 quomodo
3609 2363 3672 2417 de
3702 2365 3953 2420 ca-lesti-

2353 2447 2449 2501 bus
2477 2448 2906 2517 pliiloSOpharis?
2934 2454 2999 2505 At
3019 2454 3215 2506 malum
3244 2469 3364 2507 esse
3395 2455 3574 2507 nosti?
3598 2454 3734 2523 Ergo
3764 2456 3952 2523 majus

2352 2537 2551 2589 crimen
2585 2548 2685 2601 est,
2718 2541 2835 2607 quia
2868 2556 3064 2608 gnarus
3098 2557 3307 2609 peccas.
3340 2543 3539 2611 Ecquid
3573 2546 3821 2613 gentilem
3852 2547 3949 2597 di-

2349 2629 2456 2680 co?
2499 2628 2682 2697 Neque
2721 2631 2863 2683 enim
2899 2632 3043 2701 leges
3089 2642 3282 2687 nostrm
3322 2635 3502 2688 sinunt
3546 2650 3641 2689 nos
3686 2635 3786 2689 frui
3834 2637 3947 2691 hac

2351 2715 2559 2770 dicendi
2596 2719 2839 2774 libertate
2864 2762 2879 2783 ,
2922 2722 3133 2789 quando
3164 2726 3267 2776 vita
3300 2734 3478 2779 nostra
3518 2736 3769 2797 corrupta
3803 2738 3894 2783 est
3927 2750 3943 2783 :

2350 2806 2478 2860 Nam
2508 2810 2580 2862 ait
2607 2827 2621 2863 :
2652 2810 2912 2866 Peccaton'
2942 2826 3110 2867 autent
3140 2816 3268 2869 dixit
3303 2816 3434 2869 Deus
3459 2833 3478 2871 :
3506 2818 3673 2885 Quare
3700 2829 3751 2872 tu
3779 2838 3943 2873 enar-

2351 2914 2434 2949 ras
2456 2900 2685 2968 justitias
2714 2918 2848 2956 meas
2875 2902 3043 2971 (Psal.
3079 2906 3165 2960 49.
3198 2906 3331 2976 I6)?
3369 2908 3535 2962 Judzei
3568 2910 3777 2964 abducti
3808 2922 3949 2967 sunt

2348 2989 2634 3056 aliquando
2653 2994 2866 3061 captivi,
2886 3004 2940 3048 et
2960 2997 3275 3052 instantibus
3293 3001 3705 3071 rogantibusque
3729 3003 3943 3069 Persis,

2350 3088 2405 3131 ut
2434 3081 2521 3134 illa
2562 3082 2738 3137 divina
2781 3088 2984 3140 murtica
3017 3101 3268 3144 canerent
3291 3133 3305 3156 ,
3335 3092 3583 3148 dicebant
3610 3114 3621 3147 :
3664 3095 3946 3160 Quomodo

2347 3173 2659 3227 cantabimus
2686 3179 2933 3229 canticum
2955 3178 3159 3233 Domini
3185 3183 3237 3235 in
3262 3193 3393 3236 terra
3417 3186 3583 3237 aliena
3607 3184 3779 3257 (Psal.
3807 3188 3943 3242 136.

2348 3260 2440 3327 4)?
2468 3262 2618 3326 Quod
2651 3266 2694 3317 si
2738 3267 2789 3318 in
2820 3268 3165 3323 barbarorum
3199 3282 3338 3325 terra
3367 3290 3471 3327 non
3504 3276 3693 3329 licebat
3719 3278 3941 3347 eloquia

2351 3353 2556 3408 Domini
2582 3372 2798 3423 canere,
2819 3370 3018 3429 quanto
3041 3364 3213 3416 minus
3241 3364 3433 3418 licebat
3455 3369 3644 3421 animm
3668 3370 3944 3423 barbara?

2310 3473 2315 3478 ι
2350 3447 2573 3502 barbara
2596 3451 2737 3503 enim
2764 3460 2849 3505 est
2874 3453 3254 3509 immisericors
3284 3457 3480 3516 anima.
3508 3456 3559 3511 Si
3590 3460 3728 3511 enim
3763 3461 3944 3528 capti-

2348 3556 2441 3593 vos
2473 3549 2527 3595 et
2554 3557 2738 3595 servos
2767 3542 3035 3597 hominum
3072 3546 3122 3598 in
3150 3547 3320 3601 aliena
3354 3558 3492 3601 terra
3528 3552 3604 3601 lex
3637 3550 3687 3602 in
3716 3551 3943 3604 silentio

2349 3632 2535 3685 scdere
2559 3633 2746 3700 jussit;
2773 3636 2937 3688 multo
2961 3638 3126 3705 magis
3148 3652 3333 3693 servos
3361 3640 3581 3706 peccati,
3601 3650 3649 3692 et
3678 3640 3726 3693 in
3755 3643 3941 3695 alieno

2349 3723 2469 3774 vita:
2510 3724 2747 3776 instituto
2788 3734 3063 3779 versantes
3084 3767 3099 3791 ,
3127 3741 3187 3780 os
3217 3728 3465 3781 claudere
3498 3745 3591 3796 par
3620 3740 3723 3785 est.
3769 3734 3937 3801 Atqui

2348 3823 2399 3866 et
2430 3829 2625 3883 organa
2661 3824 2783 3868 tunc
2812 3816 2883 3867 illi
2914 3815 3213 3873 habebant:
3244 3834 3362 3872 nam
3394 3818 3459 3872 In
3488 3820 3723 3874 salicibus
3749 3822 3801 3873 in
3831 3840 3941 3877 me.

2350 3906 2432 3957 dio
2456 3908 2583 3972 eius,
2607 3907 2795 3975 inquit,
2827 3908 3183 3976 suspendimus
3210 3926 3401 3980 organa
3423 3911 3780 3980 uostra(Psai.
3808 3914 3937 3968 {'55.

2349 3997 2403 4066 9.)
2430 4016 2441 4061 ;
2477 3999 2567 4051 Sl‘li
2603 4014 2771 4065 neque
2802 4000 2867 4051 ita
2906 3999 3115 4053 licebat.
3146 4000 3309 4069 Igitur
3344 4019 3513 4071 neque
3545 4005 3719 4069 nobis,
3750 4008 3848 4060 etsi
3882 4018 3942 4062 et

2351 4106 2410 4141 os
2461 4090 2747 4143 habeamus
2785 4100 2838 4143 et
2878 4093 3108 4161 linguam
3134 4134 3150 4158 ,
3182 4110 3300 4163 qua:
3344 4105 3465 4150 sunt
3512 4112 3706 4166 organa
3740 4100 3939 4165 verbi,

2354 4181 2474 4234 licet
2518 4198 2638 4234 cum
2674 4183 2861 4237 liducia
2895 4184 3070 4253 loqui,
3105 4187 3355 4254 quamdiu
3388 4200 3642 4257 peccato,
3679 4191 3939 4249 barbaro-

2352 4290 2465 4328 rum
2498 4278 2731 4328 omuinm
2764 4278 2992 4341 smviori,
3027 4279 3306 4334 servimus.

2424 4369 2619 4419 Avarus
2650 4377 2720 4420 est
2753 4369 3219 4424 idolotatra.——Dic
3249 4373 3389 4424 enim
3423 4370 3570 4437 mihi,
3597 4373 3721 4441 quid
3747 4375 3939 4442 gentili

2354 4455 2499 4508 dices
2525 4498 2537 4519 ,
2567 4457 2692 4509 dum
2726 4460 2924 4524 rapiam
2963 4457 3174 4513 deditus
3213 4475 3270 4513 es
3300 4470 3354 4514 et
3383 4463 3657 4515 avaritire?
3689 4465 3940 4519 Abscede

2355 4546 2419 4597 ab
2443 4547 2759 4609 idololatria,
2791 4550 2954 4603 Deum
2987 4566 3234 4619 agnosce,
3265 4568 3332 4606 ne
3362 4563 3637 4621 argentum
3664 4565 3718 4609 et
3743 4572 3938 4610 aurum

2355 4640 2597 4706 quaeras?
2628 4643 2816 4693 Annon
2848 4642 2933 4695 ille
2965 4642 3163 4695 ridebit
3186 4644 3431 4713 dicetque
3462 4662 3473 4697 :
3521 4644 3641 4699 Hcce
3669 4645 3758 4699 tibi
3788 4648 3941 4715 prius

2353 4728 2557 4784 dicito?
2602 4747 2773 4796 neque
2804 4733 2945 4786 enim
2978 4749 3071 4800 par
3096 4749 3187 4789 res
3214 4746 3293 4788 est
3323 4738 3571 4805 gentilem
3599 4753 3718 4793 esse
3758 4740 3939 4795 idolo-

2356 4821 2561 4884 latram,
2590 4832 2643 4874 et
2666 4820 3025 4875 Cbrisdanum
3054 4821 3191 4877 idem
3219 4824 3391 4891 ipsum
3425 4826 3599 4879 scelus
3628 4828 3935 4886 admittere.

2356 4911 2632 4975 Quiunodo
2686 4913 2826 4963 enim
2880 4912 3173 4978 poterimus
3216 4913 3350 4966 alios
3392 4916 3459 4968 ab
3503 4916 3801 4971 idololatria
3849 4920 3939 4975 illa

2357 5000 2642 5061 abducere,
2673 5000 2796 5052 dum
2827 5018 2923 5053 nos
2951 5002 3017 5055 ab
3048 5001 3132 5055 illa
3165 5019 3265 5055 non
3296 5005 3604 5060 rcsilimus?
3649 5023 3746 5062 nos
3789 5013 3939 5067 enim

2358 5093 2510 5145 nobis
2553 5092 2953 5161 propinquiures
2991 5109 3147 5161 quam
3190 5096 3429 5163 proximo
3456 5112 3656 5150 sumus.
3705 5099 3759 5153 Si
3808 5117 3943 5170 ergo

2359 5187 2510 5238 nobis
2540 5186 2667 5252 ipsis
2692 5200 2793 5237 non
2820 5186 3252 5254 persuadeamus,
3280 5190 3547 5257 quomodo
3572 5190 3690 5243 aliis
3718 5206 3944 5259 persua-

2360 5276 2635 5331 debimus?
2654 5278 2707 5330 Si
2729 5278 2868 5330 enim
2900 5277 2964 5340 is,
2982 5279 3068 5347 qui
3090 5279 3269 5333 domui
3295 5295 3405 5334 sua:
3432 5295 3537 5334 non
3558 5280 3694 5334 bene
3717 5292 3940 5351 praeest.

2361 5384 2530 5437 neque
2556 5368 2809 5421 Ecclesiae
2830 5382 3009 5420 curam
3036 5368 3278 5435 habebit;
3301 5370 3568 5439 quomodo
3595 5372 3701 5429 ille.
3726 5374 3813 5440 qui
3839 5389 3946 5429 nec

2360 5462 2550 5515 animae
2586 5476 2694 5514 sum
2718 5470 2912 5529 praeest
2933 5503 2947 5525 ,
2972 5462 3106 5515 alios
3132 5462 3415 5519 emendare
3448 5463 3681 5531 poterit?
3706 5463 3780 5517 Ne
3811 5465 3942 5517 mibi

2362 5552 2578 5618 dixeris,
2612 5562 2662 5606 te
2692 5567 2795 5603 non
2825 5567 3043 5606 aureum
3074 5552 3269 5607 idolum
3295 5552 3516 5607 adorare
3538 5572 3549 5606 :
3570 5554 3660 5608 sed
3685 5553 3785 5607 hoc
3811 5555 3947 5608 mihi

2365 5644 2585 5712 probato
2605 5685 2621 5708 ,
2670 5653 2719 5696 te
2753 5658 2854 5695 non
2885 5644 2971 5697 illa
3002 5643 3173 5697 facere
3193 5682 3208 5710 ,
3238 5659 3355 5713 quae
3380 5659 3565 5697 aurum
3591 5644 3761 5713 jubet.
3810 5644 3951 5700 Nam

2362 5734 2553 5788 diversi
2593 5744 2716 5787 sunt
2770 5732 3082 5787 idololatria:
3130 5734 3271 5789 modi
3300 5750 3315 5788 :
3343 5746 3395 5790 et
3424 5737 3560 5791 alius
3600 5735 3818 5806 quidem
3854 5754 3952 5806 pn-

2367 5836 2438 5881 tat
2470 5842 2767 5881 mamonam
2822 5842 2940 5880 esse
2985 5826 3298 5893 dominum,
3354 5830 3490 5883 alius
3544 5839 3781 5884 ventrem
3831 5845 3956 5886 esse

3957 1995 3984 2015 ο
