4118 6340
191 455 304 513 439

188 568 257 623 δι’
297 562 376 623 ὧν
411 567 638 639 ὕϐρ;σα;
676 566 803 631 Πῶς
853 561 944 620 οῦν
996 565 1126 618 αὐτὸ
1175 565 1324 631 λύει;
1372 563 1595 634 Ἐτέρῳ,
1648 564 1785 632 ὅπερ

188 651 355 722 ἔφην,
401 650 590 719 ἀτόπῳ
623 649 805 702 πάλιν.
847 650 907 702 Εἰ
959 647 1069 717 γάρ
1116 649 1304 711 αῖτιος,
1370 647 1523 717 φησί,
1581 646 1646 697 σὺ
1684 644 1785 713 τῆς

188 734 353 804 νίκης
382 733 593 800 ἐγένου,
622 734 714 787 καὶ
738 732 877 804 μετά
898 730 1068 784 ταῦτα
1095 731 1319 802 κολάζῃ,
1346 731 1527 785 ἀδικία
1549 728 1611 783 τὸ
1633 728 1784 797 γενό-

190 833 361 886 μενον
385 834 401 850 ·
438 818 488 871 εἰ
537 818 595 872 δὲ
646 817 745 870 οὐκ
774 815 978 880 άδικος,
1013 814 1217 889 κολάζῃ
1264 816 1341 876 δὲ,
1396 813 1579 868 οὐκέτι
1612 811 1784 873 αίτιος

189 899 349 969 αὐτῷ
389 897 490 969 τῆς
512 900 669 968 νίκης
698 900 949 969 γέγονας.
979 900 1090 952 Καὶ
1112 899 1215 970 δρα
1242 899 1342 970 τήν
1367 896 1655 951 εὐλάϐειαν
1689 893 1786 964 τὴν

188 981 582 1053 άποστολικήν.
622 980 809 1036 Εἰπὼν
840 980 969 1051 γάρ,
1000 981 1098 1050 Μὴ
1129 982 1338 1048 ἄδικος
1363 984 1396 1036 ό
1422 981 1567 1046 Θεὸς
1593 981 1626 1033 ό
1658 979 1784 1031 ἐπι-

188 1061 398 1132 φέρων
428 1062 542 1131 τὴν
572 1062 796 1132 ἀρτήνῖ
845 1064 1117 1135 ἐπήγαγε,
1153 1064 1314 1119 Κατὰ
1339 1062 1659 1131 ἄνθρωπον
1688 1058 1785 1113 λέ-

188 1164 294 1216 rw.
339 1145 431 1209 Ὦς
454 1146 520 1200 άν
552 1164 654 1212 τις,
692 1148 846 1217 φησί,
880 1149 1023 1202 κατά
1083 1147 1421 1220 ἀνθρώπινον
1478 1144 1782 1216 διαλεχθείη

188 1227 479 1297 λογισμόν·
520 1228 654 1280 πολὺ
684 1229 793 1301 γὰρ
817 1232 911 1283 καὶ
939 1231 1007 1283 τὰ
1036 1231 1166 1302 παρ’
1196 1234 1329 1300 ημῖν
1352 1229 1612 1284 δοκοῦντα
1645 1224 1783 1282 εἶναι

184 1309 381 1364 δίκαια
407 1310 725 1383 ὑπερϐαίνει
758 1311 851 1365 τοῦ
884 1311 1019 1365 Θεοῦ
1047 1315 1079 1382 ή
1118 1313 1504 1383 δικαιοκρισία,
1540 1312 1632 1365 κα)⁵
1671 1311 1782 1383 ἔχει

188 1393 347 1449 τινας
400 1394 497 1445 καὶ
550 1394 772 1462 ἐτέρους
801 1394 1148 1465 ἀπορρήτους
1177 1395 1390 1464 λόγους.
1424 1392 1556 1449 Εἶτα
1596 1394 1781 1466 ἐπειδὴ

189 1474 407 1542 ἀσαφὲς
458 1470 547 1546 ἦν,
604 1477 698 1529 καὶ
730 1478 793 1528 ἐκ
821 1475 1076 1547 δευτέρου
1106 1477 1167 1530 τὸ
1197 1478 1329 1532 αὐτὸ
1372 1478 1522 1545 λέγει
1584 1477 1745 1531 πάλιν
1765 1492 1779 1507 ⁶

192 1560 262 1611 El
304 1558 422 1625 γὰρ
454 1560 492 1626 ἡ
533 1556 784 1623 ἀλήθεια
826 1559 933 1613 τοῦ
990 1561 1137 1613 Θεοῦ
1170 1562 1240 1614 ἐν
1285 1560 1364 1626 τῷ
1403 1561 1523 1631 ἐμῷ
1572 1560 1782 1629 ψεύδει

184 1638 639 1706 ἐπερίσσευσεν
667 1643 755 1705 εἰς
801 1640 915 1708 τὴν
943 1641 1133 1707 δόξαν
1170 1645 1379 1704 αὐτοῦ.
1416 1645 1472 1697 τί
1504 1644 1590 1698 ἐτι
1619 1642 1782 1712 κάγὼ

186 1722 269 1787 ὡς
298 1721 654 1790 ἁμαρτωλὸς
687 1723 995 1792 aspir-opm;
1020 1726 1082 1777 Εἰ
1113 1725 1221 1795 γὰρ
1247 1727 1275 1777 ὀ
1300 1726 1450 1791 Θεὸς,
1475 1729 1627 1796 φησί,
1660 1727 1781 1795 φιλ-

187 1802 480 1873 άνθρωπος
527 1805 618 1857 καὶ
660 1805 866 1869 δίκαιος
911 1808 1082 1878 ἐφάνη
1119 1808 1211 1861 καὶ
1246 1809 1469 1876 ἀγαθὸς,
1507 1808 1563 1876 ἐξ
1604 1805 1679 1863 ὦν
1715 1811 1778 1863 σὺ

188 1887 570 1957 παρήκουσας,
606 1887 667 1939 οὐ
696 1888 855 1957 μόνον
883 1891 983 1942 οὐκ
1005 1890 1243 1958 ὀφείλεις
1273 1890 1620 1956 κολάζεσθαι,
1643 1892 1778 1946 ἀλλὰ

186 1969 281 2022 καὶ
308 1971 743 2041 εὐεργετεῖοθαι.
796 1973 857 2025 Εἰ
886 1973 941 2027 δὲ
969 1973 1145 2038 τοῦτο,
1178 1976 1533 2045 εὑρεθήσεται
1559 1978 1619 2030 τὸ
1651 1978 1775 2031 ἀτο-

186 2067 287 2106 πον
317 2054 521 2117 ἐκεῖνο,
553 2055 648 2107 καὶ
683 2055 834 2126 παρὰ
869 2057 1083 2110 πολλῶν
1122 2061 1575 2130 περιφερόμενον,
1607 2060 1668 2113 τὸ
1714 2060 1778 2113 ἐκ

186 2134 295 2188 τῶν
324 2135 515 2189 κακῶν
543 2132 680 2190 εἶναι
730 2141 795 2191 τά
826 2139 985 2206 καλά,
1026 2142 1119 2194 καὶ
1160 2142 1309 2193 αῖτια
1360 2143 1468 2195 τῶν
1502 2142 1681 2195 καλῶν
1711 2143 1779 2196 τὰ

186 2219 371 2272 κακά’
434 2218 527 2273 καὶ
568 2220 781 2293 ἀνάγκη
838 2223 895 2275 δέ
937 2224 1080 2277 δυοῖν
1136 2224 1363 2295 θάτερον
1390 2264 1403 2289 ,
1444 2225 1477 2296 ἢ
1526 2225 1780 2290 κολάζον-

185 2318 253 2353 τα
299 2301 489 2354 ἄδικον
538 2303 866 2370 φαίνεσθαι,
916 2306 949 2377 ἢ
1008 2308 1084 2378 μὴ
1141 2308 1436 2372 κολάζοντα
1514 2310 1621 2363 ἀπὸ
1670 2310 1777 2363 τῶν

186 2382 476 2455 ήμετέρων
502 2385 688 2438 κακῶν
717 2386 862 2457 ἔχειν
904 2388 974 2442 τά
1003 2392 1331 2461 νικητήριω
1397 2392 1542 2462 άπερ
1595 2392 1775 2462 ἀμφό-

185 2482 318 2539 τερα
377 2468 497 2539 μεθ’
547 2469 853 2542 ὑπερϐολῆς
911 2473 1110 2528 ἀτοπα.
1167 2475 1348 2547 Ὅπερ
1403 2475 1620 2541 δεικνὺς
1683 2477 1777 2530 καὶ

188 2549 371 2615 αὐτὸς,
416 2552 543 2614 τοὺς
577 2554 820 2625 πατέρας
839 2555 949 2610 τῶν
980 2558 1239 2612 τοιούτων
1298 2562 1638 2631 ἐπεισήγαγε
1692 2562 1777 2615 δο-

187 2630 416 2717 γμάτων
445 2633 736 2705 Ἕλληνας,
768 2638 961 2709 ἀρκεῖν
994 2642 1299 2713 ἡγούμενος
1326 2646 1405 2706 είς
1439 2630 1776 2717 κατηγορίαν

188 2715 293 2767 τῶν
322 2717 652 2787 εἰρημένων,
702 2719 799 2790 τὴν
849 2724 1112 2791 ποιότητα
1147 2724 1255 2778 τῶν
1300 2715 1610 2798 προσώπων
1665 2729 1775 2782 τῶν

186 2797 359 2850 ταῦτα
385 2798 671 2866 λεγόντων.
695 2802 830 2855 Τότε
852 2804 959 2876 γάρ
980 2807 1127 2875 ἡμᾶς
1153 2797 1545 2879 κωμῳδοῦντες
1568 2811 1773 2880 ελεγον,

188 2880 267 2933 δτι
297 2881 655 2952 Ποιήσωμεν
676 2886 747 2939 τὰ
761 2889 938 2952 κακὰ,
970 2889 1070 2942 ἵνα
1096 2891 1243 2960 ἔλθῃ
1262 2892 1333 2945 τὰ
1350 2892 1561 2959 ἀγαθά·
1582 2894 1662 2947 διὸ
1683 2896 1777 2950 καί

188 2964 603 3019 τέθεικενάὐτὸ
658 2968 845 3038 σαφῶς
882 2970 1025 3024 οὕτω
1070 2972 1276 3041 λέγων·
1334 2979 1403 3030 El
1439 2977 1527 3045 μὴ
1583 2979 1777 3045 καθὼς

185 3046 725 3118 βλασφημούμεθα,
780 3053 877 3106 καί
911 3054 1103 3120 καθώς
1129 3060 1282 3125 φασί
1311 3076 1470 3125 τινες
1498 3061 1654 3130 ἡμᾶς
1680 3066 1778 3117 λέ-

189 3147 333 3214 ιζειν,
351 3131 449 3214 -ὅτι
482 3133 835 3214 Ποιήσωμεν
864 3137 933 3190 τὰ
952 3140 1127 3200 κακὰ,
1154 3141 1252 3196 ἵνα
1282 3142 1428 3210 ἔλθῃ
1459 3146 1531 3197 τὰ
1547 3146 1737 3214 ἀφαθά
1759 3163 1772 3178 '

190 3207 275 3264 ὧν
306 3212 369 3266 τὸ
388 3213 580 3299 ᾉκρῖμα
606 3216 851 3271 ἔνδικόν
873 3220 1063 3277 ἐστιν.
1092 3222 1244 3294 [480]
1290 3207 1506 3297 Ἐπειδὴ
1528 3207 1636 3299 γάρ
1657 3229 1776 3282 ἐλε-

194 3312 286 3363 γεν
308 3299 353 3384 ὀ
370 3297 805 3362 Παῦλος,“οπου
828 3303 1207 3359 ἐπλεόνασεν
1234 3309 1272 3375 ὴ
1297 3309 1569 3379 ἁμαρτία,
1594 3297 1777 3384 ὕπερ-

191 3382 632 3449 επερίσσεινσεν
682 3387 719 3453 ἡ
762 3385 953 3454 χάρις,
1018 3390 1411 3460 κωμῳδοῦντες
1468 3396 1628 3449 αὐτὸν
1681 3382 1776 3451 καὶ

193 3465 355 3537 ἐτέρᾳ
397 3465 591 3538 γνώμῃ
641 3468 1058 3540 διαστρέφοντες
1109 3473 1168 3525 τὸ
1225 3477 1515 3547 εἰρημένον
1565 3480 1771 3549 ἔλεγον,

191 3549 271 3601 ὅτι
294 3551 389 3601 Δεῖ
421 3551 622 3612 κακίας
679 3551 919 3622 ἔχεσθαι,
955 3554 1039 3607 ἵνα
1090 3556 1485 3627 ἀπολαύσωμεν
1530 3563 1771 3630 ἀγαθῶν.

203 3631 258 3715 Ὀ
294 3632 366 3715 ,δὲ
402 3632 617 3696 Παῦλος
669 3636 765 3715 οὐχ
794 3635 968 3699 οὓτως
1016 3636 1169 3705 ἔλεγε
1191 3655 1203 3666 ·
1240 3639 1618 3713 διορθούμενος
1645 3648 1773 3715 γοῦν

193 3714 337 3779 αὐτὸ,
370 3716 533 3786 φησί’
570 3717 632 3770 Τί
654 3714 797 3783 οὗν;
822 3719 1227 3790 ἐπιμενοῦμεν
1266 3722 1335 3790 τῇ
1370 3725 1643 3795 ἁμαρτίᾳ,
1676 3731 1775 3783 ἵνα

190 3797 228 3864 ἠ
264 3796 436 3866 χάρις
467 3800 821 3868 πλεονάσῃ;
869 3802 967 3869 Μὴ
1002 3803 1251 3872 γένοιτο.
1319 3808 1486 3881 ’Υπὲρ
1530 3812 1637 3882 γάρ
1667 3814 1773 3865 τῶν

189 3882 586 3965 παρελθόντων,
618 3886 771 3955 φησί,
810 3888 1007 3955 εἴρηκα
1038 3888 1267 3959 χρόνων,
1294 3892 1393 3962 οὐχ
1426 3895 1512 3946 ἵνα
1545 3896 1773 3965 μελέτην

193 3964 343 4017 τοῦτο
378 3977 404 4005 ι
455 3965 756 4037 ποιώμεθα.
811 3970 1028 4041 Ταύτης
1076 3971 1206 4039 γοῦν
1234 3975 1465 4043 ἀπάγων
1505 3978 1601 4046 τῆς
1637 3964 1772 4032 ὐπο-

194 4047 356 4111 νοίας,
391 4049 593 4120 ἔφησεν
646 4052 775 4105 αὐτὸ
801 4055 891 4105 καὶ
941 4055 1198 4109 ἀδύνατον
1220 4053 1357 4112 εἶναι
1388 4060 1592 4129 λοιπόν.
1625 4064 1774 4116 07n-

190 4144 290 4210 νες
318 4130 452 4199 γὰρ,
480 4134 665 4201 φησὶν,
691 4134 1067 4205 ἀπεθάνομεν
1097 4136 1171 4207 τῇ
1203 4140 1477 4209 ἁμαρτίᾳ,
1523 4144 1651 4210 πῶς
1682 4147 1771 4201 ἔτι

191 4209 445 4282 ζήσομεν
468 4214 537 4267 ἐν
568 4215 758 4283 αὐτῇ;

259 4298 369 4381 σε.
392 4298 511 4351 Τῶν
537 4297 635 4368 μὲν
661 4295 754 4353 οὖν
783 4298 1049 4371 Ἐλλήνων
1074 4306 1311 4371 εὐκόλως
1338 4309 1680 4381 κατέδραμεν
1699 4331 1713 4345 ·
1742 4315 1771 4367 6

190 4378 294 4450 γὰρ
320 4380 432 4450 βίος
453 4381 633 4435 αὐτῶν
655 4383 858 4453 σφόδρα
877 4385 1169 4459 διέφθαρτο
1184 4407 1198 4421 ο
1222 4390 1329 4444 τῶν
1345 4392 1400 4445 δὲ
1431 4378 1699 4449 Ἰουδαίων
1723 4400 1770 4452 εί

191 4462 279 4512 καὶ
311 4465 339 4514 ὀ
520 4465 694 4518 ἐδόκει
726 4470 1171 4553 πιφημελῆσθαι,
1203 4474 1316 4526 ἀλλ’
1346 4472 1416 4546 ἦν
1449 4481 1769 4553 προκαλύμ-

193 4560 348 4631 ματαᾼ
373 4545 580 4631 τούτων
620 4549 852 4616 μεγάλα,
910 4552 1071 4621 νόμος
1112 4557 1205 4607 καὶ
1254 4545 1544 4631 περιτομή,
1579 4565 1672 4618 καὶ
1700 4545 1771 4618 ’τὸ

188 4625 274 4679 τὸν
317 4627 451 4680 Θεὸν
486 4630 669 4693 αὐτοῖς
709 4633 1066 4703 ὡμιληκέναι,
1114 4640 1206 4692 καὶ
1254 4625 1577 4698 τὸῆπάντων
1630 4644 1768 4702 εἶναι

188 4708 553 4775 διδασκάλους.
581 4714 679 4767 Διά
708 4716 866 4769 τοῦτο
887 4720 1203 4776 καὶτούτων
1235 4726 1429 4791 αὐτοὺς
1458 4729 1765 4800 ἐγύμνωσε,

189 4792 276 4878 καλ
319 4794 518 4878 μᾶλλον
553 4795 750 4861 ἔδειξεν
797 4800 861 4852 ἐκ
894 4801 1097 4856 τούτων
1152 4792 1574 4878 κολαζομένους,
1606 4817 1684 4878 είς

190 4877 644 4967 καίὲνταῦθαῂτὸν
671 4880 827 4967 λόγον
856 4886 1217 4944 συνέκλεισεν.
1252 4892 1313 4944 Εἰ
1358 4877 1468 4965 γάρ
1500 4896 1573 4967 μὴ
1608 4877 1769 4954 κολά-

190 4957 384 5024 ζονται,
426 4961 581 5031 φησί,
611 4963 833 5019 τοιαῦτα
871 4970 1172 5035 ποιοῦντες,
1208 4957 1421 5048 ἀνάγκη
1438 4957 1541 5031 ’τὸν
1562 4957 1573 4967 ’
1600 4980 1765 5050 βλάσ-

191 5058 374 5130 φημονΔ
414 5046 619 5130 ἐκεῖνον
677 5049 1074 5121 περιφέρεσθαι
1130 5054 1316 5124 λόγον,
1362 5046 1442 5125 τὸ,
1500 5046 1765 5130 Ποι-ήσω-

184 5140 292 5191 μεν
314 5127 387 5179 τὰ
413 5128 590 5192 κακὰ,
617 5130 716 5183 ἵνα
737 5132 883 5201 ἔλθῃ
921 5134 992 5189 τὰ
1025 5137 1235 5205 ἀγαθά,
1275 5142 1335 5194 Εἰ
1375 5142 1430 5195 δὲ
1453 5146 1611 5199 τοῦτο
1634 5127 1763 5201 ’άσε-

319 5210 411 5262 καὶ
438 5211 485 5263 οἱ
511 5210 763 5302 λέγοντες
801 5216 933 5302 αὐτὸ
987 5219 1143 5302 δίκην
1184 5222 1413 5278 δώσουσι
1448 5227 1627 5297 (τοῦτο
1656 5231 1765 5302 γὰρ

188 5288 447 5381 ἐδήλωσεν
478 5294 665 5381 εἰπῲν,
690 5290 807 5351 Ὠν
850 5299 917 5352 τὸ
947 5288 1123 5369 κρῖμα
1166 5305 1407 5361 ἔνδικόν
1432 5288 1645 5381 ἔστιν),
1667 5288 1766 5366 ἐύζ

189 5371 335 5466 δηλον
362 5378 448 5466 ὅτι
468 5379 821 5466 κολάζονται.
864 5384 926 5437 Εἰ
963 5386 1073 5457 γάρ
1111 5390 1159 5441 οἰ
1189 5390 1459 5459 λέγοντες,
1494 5371 1762 5466 τιμωρίας

188 5454 339 5524 ἄξιοι,
365 5461 543 5531 πολλῷ
595 5464 798 5534 μᾶλλον
843 5468 891 5519 οἱ
929 5454 1297 5539 πράσσοντες”
1330 5479 1375 5527 εἰ
1502 5454 1652 5542 ἄξιοι..
1683 5454 1762 5532 τιξ

192 5542 408 5631 μωρίας,
462 5545 975 5631 ῶςῌήμαρτηκότες
1010 5553 1167 5619 ἄξιοι.
1217 5556 1290 5609 Οὐ
1324 5557 1431 5627 γάρ
1477 5559 1763 5631 ἄνθρωπός

189 5622 409 5714 έστινόᾼ
432 5628 695 5714 κολάζων.
724 5633 812 5686 ἵνα
840 5634 934 5686 καί
963 5652 1046 5698 τις
1076 5622 1524 5713 ὑποπτεύσῃ-τὴν
1558 5622 1756 5714 ψῆφον,

188 5704 294 5760 ἀλλ’
324 5711 351 5762 6
377 5706 509 5793 Θεὸς
537 5713 566 5764 6
608 5714 831 5781 δικαίως
879 5718 1058 5771 πάντα
1103 5722 1293 5779 ποιῶν.
1345 5704 1407 5777 Ιξί
1440 5704 1495 5779 δέ
1537 5704 1761 5793 δὶκᾉιωξ

189 5792 563 5880 τιμωροῦνται,
602 5796 805 5861 ἀδίκως
846 5801 1029 5855 ἐκεῖνα
1059 5803 1267 5872 ἔλεγον,
1300 5808 1445 5879 άπερ
1475 5809 1661 5880 ἔλεγον
1710 5792 1759 5866 οἰ

191 5874 569 5943 κωμῳδοῦντες
598 5880 777 5949 ἡμᾶς’
815 5883 992 5938 πάντα
1026 5886 1133 5957 γὰρ
1166 5890 1195 5941 ὀ
1244 5890 1376 5954 Θεὸς
1416 5874 1629 5965 ⁷ἔπραξε
1666 5900 1757 5952 καὶ

249 6092 270 6120 ⁸
295 6091 459 6146 Morel.
487 6099 641 6157 solus,
669 6099 758 6163 οὐχ
780 6100 854 6149 ἵνα
876 6104 990 6165 πρὸς
1019 6106 1214 6167 μελέτην
1247 6127 1281 6158 τι
1308 6110 1403 6161 ἷτο.

1300 453 1365 506 IN
1410 451 1624 507 LPIST.
1668 451 1756 505 AD
1802 448 1967 504 “OM.
2012 446 2242 500 IIOMIL.
2286 445 2372 499 VI.

3375 443 3479 497 ut»

1894 559 2146 630 πράττει,
2183 538 2325 610 ὥστε
2360 556 2457 627 τὴν
2489 555 2766 609 πολιτείαν
2820 552 2976 624 ἡμῶν
3008 552 3335 622 διαλάμπειν
3383 552 3480 607 καὶ

1891 640 2179 710 ὀρθοῦσθαι
2237 638 2523 695 πάντοθεν.
2578 640 2671 709 Μὴ
2701 636 2882 691 τοίνυν
2919 635 3285 707 ρᾳθυμῶμενο
3337 634 3481 690 οὕτω

1890 725 1999 794 γάρ
2028 724 2121 776 καὶ
2150 722 2578 792 τοὺςεἚλληνας
2636 721 2946 802 ἀποστῆσαι
2991 719 3332 790 δυνησόμεθα
3379 718 3480 788 τῆς

1888 806 2120 877 πλάνης.
2165 806 2333 859 Ὅταν
2374 806 2433 859 δὲ
2483 808 2541 859 ἐν
2578 805 2675 877 μὲν
2713 805 2923 876 ῥήμασι
2981 802 3382 872 φιλοσοφῶμεν,
3422 802 3481 855 ἐν

1884 891 1941 943 δὲ
1995 890 2175 962 ἔργοις
2232 889 2655 961 ἀσχημονῶμεν,
2698 888 2872 964 ποίοις
2918 886 3217 958 ὀφθαλμοῖς
3280 886 3480 944 αὐτοὺς

1884 974 2161 1046 ὀψόμεθα
2216 974 2392 1038 ποίοις
2428 974 2664 1043 στόμασι
2719 970 3079 1041 διαλεξόμεθα
3119 969 3249 1040 περὶ
3276 969 3481 1040 δογμά-

1884 1073 2027 1121 των;
2072 1057 2223 1127 Ἐρεῖ
2249 1058 2358 1128 γὰρ
2394 1057 2531 1126 πρὸς
2562 1055 2792 1109 ἕκαστον
2828 1053 3021 1125 ήμῶν·
3065 1053 3122 1106 ’0
3151 1053 3212 1106 τὸ
3256 1050 3480 1106 ἔλαττον

1888 1140 1963 1211 μὴ
1992 1139 2377 1211 κατορθωκὼςν
2406 1139 2523 1203 πῶς
2552 1139 2725 1205 ἀξιοῖς
2750 1137 2880 1210 περὶ
2908 1137 3003 1191 τοῦ
3051 1136 3297 1208 μείζονος
3329 1134 3477 1189 διδά-
3505 1202 3507 1204 η

1886 1241 2039 1277 σκειν
2065 1241 2079 1289 ;
2126 1226 2155 1276 ὀ
2210 1224 2438 1295 μηδέπω
2469 1220 2679 1293 μαθὼν,
2706 1223 2787 1275 ὅτι
2820 1221 3103 1289 πλεονεξία
3135 1220 3328 1286 κακὸν,
3359 1218 3478 1284 πῶς

1885 1308 2015 1375 περὶ
2060 1306 2169 1360 τῶν
2222 1310 2280 1359 ἐν
2334 1309 2446 1368 τοῖς
2479 1307 2730 1377 οὐρανοῖς
2762 1306 3106 1377 πραγμάτων
3132 1305 3475 1379 φιλοσοφεῖςς

1898 1390 2038 1445 Ἀλλ’
2063 1387 2229 1454 οἶδας,
2254 1391 2335 1444 ὅτι
2367 1389 2570 1454 κακόν;
2626 1388 2837 1443 Οὐκοῦν
2883 1388 3069 1458 μεῖζον
3101 1388 3160 1441 τὸ
3198 1386 3475 1457 έκγλημα.

1884 1472 1966 1525 ὅτι
2001 1473 2095 1527 καὶ
2122 1473 2280 1537 εἰδὼς
2314 1472 2674 1543 πλημμελεῖς.
2709 1473 2817 1525 Καὶ
2846 1472 2898 1525 τί
2927 1471 3071 1540 λέγω
3094 1471 3184 1525 τὸν
3206 1471 3475 1539 Ἕλληνας

1885 1554 2019 1607 Οὐδὲ
2074 1556 2182 1627 γὰρ
2232 1556 2282 1607 οἱ
2338 1556 2468 1625 παρ’
2522 1556 2653 1625 ήμῖν
2707 1554 2861 1625 νόμοι
2917 1552 3294 1623 συγχωροῦσιν
3345 1554 3479 1623 ήμῖν

1883 1636 2088 1707 ταύτης
2113 1637 2409 1691 ἀπολαύειν
2441 1638 2541 1709 τῆς
2578 1637 2915 1710 παρρησίας,
2951 1638 3079 1691 ὅταν
3113 1638 3142 1689 ὀ
3178 1636 3289 1707 βίος
3319 1637 3480 1707 ἡμῶν

1880 1718 2360 1797 διεφθαρμένος
2394 1721 2478 1788 Τῷ
2515 1723 2626 1793 γὰρ
2646 1720 2995 1791 ἁμαρτωλῷ,
3031 1722 3217 1792 φησὶν,
3246 1717 3418 1774 εἶπεν
3446 1724 3480 1775 ὀ

1885 1805 2062 1871 Θεόςυ
2117 1806 2253 1858 Ἵνα
2280 1814 2335 1858 τι
2391 1805 2471 1859 σὺ
2530 1803 2781 1874 ἐκδιηγῆ
2826 1803 2898 1858 τὰ
2927 1803 3290 1874 δικαιώματά
3318 1820 3481 1874 μου;

1894 1886 2311 1957 Ἀπηνέχθησάν
2344 1904 2475 1941 ποτε
2533 1888 2873 1958 αἰχμάλωτοι
2906 1888 3166 1951 Ἰουδαῖοι,
3216 1890 3312 1941 καὶ
3370 1886 3478 1939 τῶν

1882 1971 2113 2041 Περσῶν
2144 1972 2510 2043 ἐπικειμένων
2543 1974 2639 2025 καὶ
2670 1972 2966 2037 ἀξιούντων
2999 1972 3146 2044 ᾅδειν
3168 1973 3352 2035 αὐτοῖς
3379 1972 3479 2035 τὰς

1882 2054 2034 2119 θείας
2055 2055 2198 2126 ᾠδὰς
2219 2057 2457 2121 ἐκείνας,
2482 2055 2670 2123 ελεγον
2691 2073 2703 2085 ·
2741 2055 2874 2120 Πῶς
2893 2055 3125 2124 ᾁσομεν
3160 2055 3275 2122 τὴν
3310 2054 3478 2122 ᾠδὴν

1880 2139 2103 2204 Κυρίου
2136 2138 2236 2191 ἐπὶ
2259 2137 2376 2207 γῆς
2407 2139 2775 2207 ἀλ.ῖοτρίας;
2826 2140 2887 2191 Εἰ
2931 2139 2986 2192 δέ
3021 2141 3078 2192 ἐν
3110 2138 3373 2209 βαρϐάρῳ
3404 2140 3473 2209 γῇ

1877 2218 1950 2274 τὰ
1996 2219 2155 2288 λόγια
2204 2221 2297 2274 τοῦ
2326 2221 2462 2275 Θεοῦ
2490 2221 2647 2291 θέμις
2676 2223 2777 2275 οὐκ
2810 2217 2878 2291 ἦν
2902 2221 3071 2292 ᾄδειν,
3107 2221 3287 2290 πολλῷ
3338 2221 3475 2291 μᾶλ-

1879 2301 1971 2355 λον
2012 2302 2110 2373 τὴν
2163 2302 2440 2375 βάρϐαρον
2490 2305 2707 2375 ψυχήνς
2764 2304 3036 2376 βάρϐαρος
3093 2305 3203 2375 γάρ
3242 2304 3391 2357 ἐστιν
3438 2304 3474 2374 ή

1879 2385 2104 2457 άνελεὴς
2159 2386 2326 2459 ψυχή.
2395 2388 2458 2440 El
2514 2387 2623 2458 γὰρ
2672 2390 2799 2451 τοὺς
2852 2388 3231 2458 αἰχμαλωτους
3287 2386 3471 2451 ὂντας,

1880 2469 1974 2521 καὶ
2014 2469 2235 2533 δούλους
2273 2468 2576 2541 ἀνθρώπων
2630 2473 2689 2524 ἐν
2720 2471 2977 2541 ἀλλοτρίᾳ
3019 2474 3089 2541 γῇ
3145 2470 3472 2541 γενομένους

1879 2552 1906 2604 ὀ
1941 2552 2107 2622 νόμος
2130 2553 2383 2606 ἐκάθισεν
2418 2552 2570 2625 [481]
2600 2557 2656 2606 ἐν
2687 2557 2812 2623 σιγῇ
2837 2570 2849 2582 ’
2905 2553 3085 2622 πολλῷ
3114 2553 3314 2623 μᾶλλον
3344 2554 3473 2616 τοὺς

1876 2636 2096 2699 δούλους
2127 2636 2287 2699 ὄντας
2317 2637 2418 2707 τῆς
2446 2638 2722 2709 ἁμαρτίας
2777 2637 2872 2690 καὶ
2924 2640 2979 2690 ἐν
3024 2635 3283 2707 ἀλλοτρίᾳ
3317 2636 3470 2690 πολι-

1876 2719 1997 2791 τείᾳ
2029 2720 2353 2791 γενομένους
2387 2719 2831 2790 ἐπιστομίζεσθαι
2879 2720 3107 2774 δίκαιον.
3151 2719 3342 2773 Καίτοι
3376 2722 3471 2774 καὶ

1876 2801 1946 2854 τὰ
1968 2803 2175 2873 ὄργανα
2206 2799 2352 2873 εἶχον
2379 2805 2499 2857 τότε
2548 2805 2777 2856 ἐκεῖνοι*
2846 2803 2951 2856 Ἐν
2989 2804 3097 2874 γάρ
3125 2804 3255 2871 ταῖς
3288 2803 3472 2869 [τέως

1876 2886 1946 2938 ἐν
1991 2886 2161 2955 μέσῳ
2212 2886 2441 2951 αὐτῆς,
2504 2886 2705 2955 φησὶν,
2760 2886 3177 2956 ἐκρεμὰσαμεν
3236 2886 3310 2942 τὰ
3370 2886 3469 2953 ὅρ-

1878 2985 2031 3037 γανα
2068 2968 2274 3037 ἡμῶν·
2335 2969 2449 3022 ἀλλ’
2482 2969 2601 3023 οὐδὲ
2658 2967 2832 3030 οὕτως
2888 2970 3033 3038 ἐξῆν.
3093 2970 3302 3024 υύκοῦν
3348 2970 3469 3025 οὐδὲ

1877 3052 2031 3120 ἡμῖν,
2088 3051 2191 3104 κᾶν
2232 3052 2408 3121 στόμα
2442 3052 2655 3122 ἔχωμεν
2690 3053 2783 3105 καὶ
2836 3052 3104 3119 γλῶτταν,
3143 3054 3285 3124 άπερ
3325 3053 3472 3107 ἐστὶν

1876 3133 2083 3203 ὄργανα
2133 3133 2227 3187 τοῦ
2265 3134 2447 3202 λόγου,
2490 3134 2650 3203 θέμις
2703 3134 3203 3206 παρρησιάζεσθαι,
3260 3135 3366 3198 ἕως
3403 3135 3470 3189 ἂν

1876 3221 1942 3288 τῇ
2003 3219 2223 3273 πάντων
2273 3218 2565 3291 βαρϐάρων
2627 3221 3075 3289 τυραννικωτέρᾳ
3132 3219 3471 3291 δουλεύωμεν

1876 3300 2142 3371 ἁμαρτίᾳ.
2612 3342 2613 3345 η

1950 3384 2083 3437 Εἰπὲ
2144 3386 2251 3456 γάρ
2289 3401 2401 3454 μοι,
2449 3386 2501 3436 τί
2544 3385 2682 3454 πρὸς
2712 3384 2804 3438 τὸν
2832 3385 3075 3455 Ἕλληνα
3113 3387 3258 3456 ἐρεῖς
3291 3386 3472 3457 ἀρπά-

1876 3465 1985 3529 ζων
2017 3467 2108 3520 καὶ
2136 3467 2507 3534 πλεονεκτῶν;
2546 3467 2818 3539 ἀπόστηθί
2847 3471 2947 3539 τῆς
2982 3468 3424 3540 εἰδωλολατρείας
3454 3487 3468 3535 ;

1876 3548 2141 3618 ἐπίγνωθι
2176 3550 2267 3602 τὸν
2297 3550 2452 3614 Θεὸν,
2504 3549 2639 3619 μηδὲ
2680 3551 2908 3621 ἀργύρῳ
2948 3553 3043 3605 καὶ
3083 3551 3271 3621 χρυσῷ
3303 3553 3471 3623 πρόσ-

1880 3632 1951 3685 ιθι
1976 3650 1989 3697 ;
2018 3628 2143 3704 Ἆρ’
2181 3628 2273 3687 οῦν
2304 3633 2364 3685 οὐ
2399 3633 2689 3701 γελάσεται
2744 3635 2837 3686 καὶ
2869 3634 3002 3704 ἐρεῖ’
3062 3634 3255 3705 Σαυτῷ
3297 3634 3468 3689 ταῦτα

1874 3714 2127 3783 διαλέγου
2166 3717 2467 3786 πρότερον;
2506 3716 2567 3769 οὐ
2600 3716 2710 3787 γάρ
2749 3717 2896 3769 ἐστιν
2931 3717 3043 3770 ἴσον
3070 3717 3307 3789 Ἕλληνα
3340 3719 3469 3773 ὀντα

1875 3796 2309 3866 εἱδωλολατρεῖν,
2368 3799 2463 3850 καί¹
2508 3799 2839 3869 Χριστιανὸν
2870 3798 2998 3852 ὄντα
3047 3800 3109 3853 τὸ
3142 3800 3274 3853 αὐτὸ
3309 3801 3470 3855 τοῦτο

1876 3878 2244 3948 πλημμελεῖν.
2280 3880 2406 3943 Πῶς
2438 3880 2547 3951 γὰρ
2579 3880 2923 3951 δυνησόμεθα
2969 3882 3190 3953 ἐτέρους
3233 3883 3469 3952 ἀπάγειν

1874 3962 1971 4031 τῆς
2000 3962 2447 4034 εἰδωλολατρείας
2480 3964 2718 4034 ἐκείνης,
2736 3966 2965 4030 ἑαυτοὺς
3014 3967 3222 4037 ταύτης
3247 3969 3348 4021 οὐκ
3370 3970 3471 4023 ἀπ-

1876 4046 2137 4114 άγοντες;
2178 4047 2270 4099 τοῦ
2304 4046 2414 4119 γὰρ
2453 4046 2684 4118 πλησίον
2716 4049 2879 4119 ἡμεῖς
2909 4050 3199 4122 ἐγγύτεροι
3232 4052 3463 4115 ἐαυτοῖς.

1876 4129 2042 4183 Ὅταν
2074 4125 2165 4183 οὖν
2192 4132 2417 4193 ἑαυτοὺς
2444 4129 2519 4201 μὴ
2548 4131 2845 4201 πείθωμεν,
2882 4133 2997 4196 πῶς
3028 4135 3249 4205 ἐτέρους
3280 4136 3467 4188 πείσο-

1876 4231 2007 4283 μεν;
2042 4212 2104 4266 El
2136 4214 2245 4284 γὰρ
2269 4214 2296 4264 ὀ
2330 4213 2427 4283 τῆς
2454 4214 2633 4277 οίκίας
2660 4216 2759 4285 τῆς
2795 4214 2987 4269 ἐαυτοῦ
3022 4216 3049 4256 h
3079 4218 3154 4289 μὴ
3185 4218 3466 4289 προεστὼς

1874 4294 2077 4359 καλῶς,
2107 4297 2227 4349 οὐδὲ
2259 4295 2591 4367 Ἐκκλησίας
2624 4297 3044 4370 ἐπιμελήσεται·
3096 4302 3213 4365 πῶς
3256 4302 3284 4353 ὀ
3331 4302 3465 4371 μηδέ

1872 4380 1971 4449 τῆς
1998 4379 2191 4433 ἐαυτοῦ
2214 4380 2392 4449 ψυχῆς
2416 4379 2718 4450 προεστὼς,
2746 4380 2969 4452 ἐτέρους
2996 4382 3290 4454 διορθῶσαι
3315 4384 3467 4456 δυνής

1876 4480 2062 4529 σεται;
2099 4463 2190 4534 Μὴ
2238 4467 2348 4537 γάρ
2405 4481 2496 4533 μοι
2525 4463 2685 4518 τοῦτο
2714 4464 2895 4537 εἴπῃς,
2927 4467 3008 4519 ὅτι
3038 4470 3097 4521 οὐ
3139 4472 3466 4541 προσκυνεῖς

1873 4546 2087 4599 εἴδωλον
2116 4545 2369 4617 χρυσοῦν
2396 4544 2513 4599 ἀλλ’
2536 4549 2711 4601 ἐκεῖνό
2741 4565 2828 4617 μοι
2856 4548 3049 4615 δεῖξον,
3077 4551 3158 4603 ὅτι
3193 4551 3265 4621 μὴ
3290 4554 3463 4615 ποιεῖς

1872 4628 2066 4689 ταῦτα,
2116 4629 2261 4700 άπερ
2316 4631 2343 4681 ὀ
2396 4629 2600 4699 χρυσὸς
2653 4629 2889 4684 κελεύει.
2927 4633 3036 4684 Καὶ
3071 4633 3181 4703 γὰρ
3215 4634 3462 4705 διάφοροι

1876 4712 2323 4784 εἰδωλολατρείας
2378 4713 2589 4781 τρόποι·
2632 4714 2726 4767 καὶ
2776 4716 2804 4767 6
2862 4714 2960 4784 μὲν
3011 4716 3102 4769 τὸν
3150 4720 3463 4787 μαμμωνᾶν

1875 4799 2092 4865 ἡγεῖται
2128 4798 2340 4867 κύριον,
2385 4799 2413 4849 6
2446 4796 2501 4849 δὲ
2547 4798 2646 4868 τὴν
2698 4798 2904 4851 κοιλίαν
2939 4797 3081 4862 θεὸν,
3124 4802 3151 4853 6
3178 4801 3235 4855 δὲ
3269 4802 3462 4873 ἐτέραν

1875 4881 2176 4950 ἐπιθυμίαν
2210 4880 2624 4952 χαλεπωτάτην.
2666 4882 2805 4934 Ἀλλ’
2846 4881 2904 4934 οὐ
2939 4883 3229 4945 καταθύεις
3277 4886 3461 4952 αὐτοῖς

1875 4964 2026 5034 βόας,
2065 4964 2317 5035 καθάπερ
2363 4965 2411 5016 οἱ
2437 4964 2735 5035 Ἕλληνες;
2798 4965 2957 5020 ’Λλλά
2982 4968 3042 5022 τὸ
3075 4968 3254 5038 πολλῷ
3302 4971 3461 5039 χαλε-

1876 5048 2125 5118 πώτερον
2171 5050 2270 5119 τὴν
2326 5047 2522 5101 σαυτοῦ
2560 5049 2931 5117 κατασφάζεις
2977 5050 3179 5121 ψυχήν.
3221 5054 3359 5106 Ἀλλ’
3397 5059 3457 5109 οὐ

1873 5134 2147 5202 κάμπτεις
2180 5133 2249 5187 τά
2302 5133 2508 5201 γόνατα
2560 5133 2653 5185 καὶ
2709 5136 3067 5204 προσκυνεῖς;
3112 5136 3272 5189 Ἀλλὰ
3324 5140 3462 5209 μετά

1870 5215 2115 5277 πλείονος
2154 5216 2401 5286 ὑπακοῆς
2441 5220 2614 5279 ποιεῖς
2646 5216 2844 5281 πάντα,
2884 5218 3028 5289 ἅπερ
3061 5218 3125 5272 ἂν
3160 5221 3458 5287 ἐπιτάξωσι

1868 5300 2021 5369 καλὴ
2058 5299 2271 5371 γαστὴρ
2323 5299 2418 5352 καὶ
2468 5298 2528 5351 τὸ
2578 5299 2803 5368 χρυσίον
2836 5300 2928 5353 καὶ
2959 5304 2989 5371 ή
3028 5303 3130 5371 τῆς
3160 5304 3457 5376 ἐπιθυμίας

1866 5382 2143 5453 τυραννίς
2184 5383 2308 5436 ἐπεὶ
2343 5382 2438 5434 καὶ
2464 5384 2513 5434 οἰ
2543 5382 2802 5453 Ἕλληνες
2831 5383 2917 5436 διὰ
2945 5383 3104 5438 τοῦτό
3134 5388 3239 5439 εἰσι
3272 5389 3457 5458 βδελυ-

1866 5466 2006 5529 κτοὶ,
2038 5467 2121 5518 ὅτι
2153 5467 2219 5519 τά
2276 5467 2421 5537 πάθη
2476 5466 2812 5531 ἐθεοποίουν,
2864 5469 2965 5538 τὴν
3015 5471 3114 5540 μὲν
3162 5472 3458 5542 ἐπιθυμίαν

1878 5549 2221 5620 Ἀφροδίτην,
2258 5551 2348 5602 τὸν
2377 5551 2432 5603 δὲ
2468 5550 2637 5620 θυμὸν
2677 5551 2871 5622 Ἀρην,
2904 5552 3003 5625 τὴν
3033 5553 3088 5607 δέ
3122 5556 3293 5627 μέθην
3339 5559 3456 5611 Διό-

1865 5650 2026 5685 νυσον
2080 5635 2491 5703 προσειπόντες.
2547 5635 2609 5686 Εἰ
2643 5634 2698 5686 δὲ
2748 5636 2809 5687 οὐ
2860 5636 3090 5706 γλύφεις
3137 5638 3331 5695 εἴδωλα
3367 5644 3453 5706 σὺ,

1863 5716 2119 5787 καθάπερ
2165 5718 2384 5779 ἐκεῖνοι,
2432 5717 2570 5771 ἀλλά
2603 5719 2741 5787 μετά
2772 5720 2975 5789 πολλῆς
3009 5722 3110 5792 τῆς
3145 5723 3457 5793 προθυμίας

1861 5802 1975 5863 τοῖς
2010 5800 2195 5862 αὐτοῖς
2230 5800 2567 5865 ὑποκύπτεις
2618 5801 2836 5867 πάθεσι,
2871 5804 2939 5856 τὰ
2988 5805 3123 5876 μέλη
3173 5804 3268 5860 τοῦ
3316 5809 3456 5877 Χρι-

1921 6118 1949 6159 δ
1976 6118 2169 6172 Μοτθί..
2195 6119 2220 6166 ὁ
2244 6122 2326 6175 τῆς
2346 6116 2533 6166 ἑαυτοῦ.
