4108 6340
198 451 296 506 441

199 573 382 630 deum,
406 566 542 619 alius
568 563 728 616 aliam
759 555 1104 626 cupiditatem
1131 546 1520 618 gravissimam.
1551 540 1657 596 Sed
1680 554 1783 592 non

202 660 446 715 immolas
473 654 600 724 ipsis
633 653 815 712 boves,
845 657 895 699 ut
925 641 1188 715 gentiles?
1226 638 1440 696 Verum,
1464 631 1604 702 quod
1631 631 1785 698 lougc

197 751 438 806 deterius
467 720 582 808 est,
622 753 764 797 tuam
795 745 994 792 mactas
1022 731 1275 785 animant.
1319 724 1426 780 Sed
1473 738 1577 777 non
1618 720 1787 775 flectis

192 859 366 918 genua
389 883 406 908 ,
446 854 546 895 nec
583 834 808 891 adoras?
847 830 1045 884 Verum
1077 839 1198 878 cum
1227 817 1414 888 majori
1442 813 1785 883 obsequentia

193 903 400 990 omnia
417 931 570 993 facis,
601 943 720 998 qua:
748 930 938 976 venter
963 929 1019 972 et
1045 929 1233 970 aurum
1259 921 1313 966 et
1338 903 1787 974 concupiscentia:

194 1027 443 1098 tyrannis
490 1025 772 1090 imperant.
822 1012 1036 1068 Etenim
1066 1006 1238 1064 Graeci
1287 1003 1408 1059 ideo
1445 994 1787 1055 abominandi

193 1132 359 1184 sunt,
402 1119 526 1189 quia
572 1111 737 1166 animi
781 1107 1001 1162 morbos
1040 1103 1173 1158 deos
1214 1099 1475 1153 fecerunt,
1521 1090 1786 1189 cupidita-

194 1227 305 1266 tem
351 1178 612 1263 V'e'nercm
640 1245 654 1268 ,
689 1203 821 1255 iram
860 1197 1078 1250 Martem
1105 1233 1120 1255 ,
1166 1189 1475 1243 ebrietatem
1521 1178 1786 1234 Bacchum

190 1300 547 1371 appellantes.
596 1290 749 1361 Quod
793 1288 836 1341 si
871 1299 922 1338 tu
963 1298 1068 1337 non
1099 1278 1239 1334 idola
1270 1271 1472 1371 sculpis
1497 1279 1554 1371 ut
1583 1269 1691 1370 illi,
1736 1276 1809 1340 at“

193 1360 321 1445 cuin
357 1387 535 1444 studio
559 1383 728 1440 multo
757 1377 943 1433 iisdem
974 1373 1105 1442 ipsis
1135 1380 1186 1425 te
1210 1363 1433 1436 subjicis
1458 1360 1620 1416 animi
1648 1373 1789 1411 mor-

189 1486 300 1551 bis,
336 1481 574 1537 membra
594 1472 792 1531 Christi
820 1468 1063 1524 membra
1087 1458 1385 1518 meretricis
1415 1455 1708 1517 faciens,ct
1737 1448 1788 1502 in

190 1550 332 1632 alias
377 1585 426 1629 te
467 1574 792 1636 immergens
819 1560 1151 1630 iniquitates.
1184 1554 1308 1608 ldco
1333 1561 1516 1620 quzcso
1544 1553 1603 1598 ut
1629 1550 1792 1636 tanta:

190 1661 548 1721 abSlll‘dllallS
591 1632 870 1714 excessum
918 1649 1216 1719 cogitantes
1241 1683 1256 1708 ,
1314 1639 1574 1709 fugiamus
1617 1632 1791 1686 idolo-

190 1760 407 1814 latriam
435 1773 448 1816 ;
495 1755 566 1808 ita
588 1751 730 1807 enim
756 1745 954 1802 Paulus
974 1748 1130 1796 vocat
1152 1735 1429 1792 avaritiam
1472 1727 1606 1798 (Col.
1631 1727 1684 1781 5.
1713 1725 1788 1793 5).

192 1846 3187 1892 W

1321 428 1382 481 IN
1428 424 1638 480 lCl'ZST.
1685 422 1773 474 Al)
1817 418 1980 473 ιιυιι.
2029 415 2255 470 llUlllL.
2303 411 2408 466 Vll.

3388 406 3488 461 ΗΞ

1900 532 2166 618 Fugienda
2197 541 2372 584 autent
2402 539 2482 583 est
2517 545 2620 583 non
2651 527 2809 582 modo
2839 541 2899 580 ea
2929 525 3147 580 avaritia
3172 569 3185 590 ,
3210 540 3325 595 quae
3353 525 3493 579 circa

1900 624 2153 692 pecunias
2183 632 2449 687 versatur,
2483 621 2576 675 sed
2602 622 2762 675 etiam
2793 635 2876 683 ea,
2897 635 3016 690 qua:
3045 619 3094 672 in
3113 618 3496 688 concupiscen-

1898 719 1966 769 tia
1998 716 2157 780 niala,
2190 731 2307 784 qua:
2336 715 2388 768 in
2417 715 2676 776 vestibus,
2705 729 2824 783 qum
2853 714 2903 766 iu
2934 726 3141 771 mensa,
3164 724 3284 781 qua:
3307 709 3356 762 in
3380 710 3501 763 aliis

1897 806 2168 860 omnibus.
2202 792 2336 860 Nam
2364 805 2536 859 multo
2563 808 2840 875 graviores
2868 803 3113 857 dabimus
3145 814 3332 870 poenas
3365 814 3462 853 nos
3481 837 3497 863 ,

1896 900 1939 952 si
1971 916 2074 952 nou
2104 914 2387 967 pareamus
2412 898 2612 952 Christi
2642 898 2872 968 legibus.
2903 897 3094 951 Servus
3114 894 3280 959 enim,
3307 893 3499 963 inquit,

1894 995 1980 1061 qui
2012 993 2104 1045 scit
2142 993 2448 1045 voluntatem
2477 993 2673 1045 domini
2698 993 2814 1058 sui,
2842 1002 2888 1045 et
2921 1009 3022 1045 non
3056 991 3209 1060 facit,
3243 987 3504 1059 vapulabit

1896 1083 2068 1135 multis
2101 1070 2258 1151 (Luc.
2295 1083 2381 1136 12.
2416 1084 2482 1137 47
2504 1084 2544 1153 ).
2578 1083 2648 1138 Ut
2678 1098 2810 1152 ergo
2846 1097 3058 1152 pinnam
3089 1073 3232 1134 illam
3278 1079 3502 1147 effugia-

1896 1189 2036 1239 mus,
2064 1184 2117 1229 et
2143 1175 2265 1229 aliis
2295 1185 2349 1228 et
2373 1176 2529 1229 nobis
2558 1176 2719 1230 utiles
2746 1176 2935 1240 simus,
2965 1174 3258 1244 nequitiam
3288 1186 3503 1226 omnem

1895 1267 1964 1323 ab
2003 1268 2180 1322 anima
2217 1267 2521 1337 ejicientes,
2567 1269 2818 1323 virtutem
2862 1257 3184 1338 deligamus.
3239 1266 3314 1318 lta
3361 1265 3504 1319 enim

1897 1371 1952 1415 et
1993 1361 2168 1415 futura
2209 1376 2611 1432 consequemur
2653 1362 2833 1428 bona,
2879 1378 2999 1431 quae
3054 1357 3258 1414 utinam
3313 1371 3507 1412 omnes

1896 1452 2282 1522 adipiscantur,
2305 1455 2477 1525 gratia
2499 1453 2555 1511 et
2581 1456 2914 1526 benignitate
2941 1452 3151 1508 Domini
3180 1451 3351 1506 nostri
3380 1449 3507 1503 .lesu

1896 1542 2094 1599 Christi
2118 1586 2134 1611 ,
2167 1549 2385 1617 quicum
2417 1548 2564 1603 Patri
2598 1540 2654 1603 et
2686 1541 2923 1618 Spiritui
2951 1555 3140 1602 sancto
3168 1545 3336 1616 gloria
3356 1584 3371 1604 .
3413 1541 3511 1596 ho-

1901 1650 2017 1699 nor,
2051 1636 2359 1706 imperium,
2390 1655 2536 1696 nunc
2560 1650 2616 1696 et
2643 1654 2878 1710 semper,
2905 1648 2961 1695 et
2986 1638 3038 1692 in
3067 1628 3262 1692 stecula
3285 1633 3510 1690 sci-culo.

1903 1743 2042 1783 rum.
2075 1731 2269 1787 Amen.

3197 1851 3505 1865 —_—

1577 1902 1920 1969 HOMILIA
1966 1903 2105 1971 νη.

190 2067 329 2122 CAP.
369 2066 422 2119 '5.
465 2079 518 2118 v.
559 2063 610 2119 9.
672 2059 808 2125 Quid
857 2055 1012 2126 ergo?
1063 2047 1399 2122 pra’cellimus
1449 2039 1577 2095 nos?
1627 2033 1787 2090 Nullo

268 2158 456 2220 modo;
483 2157 646 2208 causis
668 2153 801 2206 enim
825 2159 943 2204 ante
970 2144 1142 2200 allatis
1165 2138 1485 2213 probavimus
1511 2131 1722 2186 Judtcos
1742 2137 1788 2181 et

269 2253 481 2322 gentiles
510 2264 681 2303 omnes
711 2245 802 2300 sub
831 2250 1033 2312 peccato
1062 2252 1196 2299 esse;
1249 2233 1336 2287 10.
1373 2230 1502 2284 sicut
1544 2226 1788 2291 scriptum

266 2355 378 2399 est:
415 2341 534 2394 Non
564 2351 633 2392 cst
653 2339 847 2408 justus,
876 2348 1033 2401 neque
1052 2345 1181 2382 unus
1206 2343 1224 2378 :
1253 2326 1337 2379 11.
1370 2337 1469 2374 non
1499 2327 1570 2371 est
1598 2314 1682 2383 qui
1710 2313 1790 2364 iu-

267 2435 483 2504 tcllignt,
508 2442 594 2484 aut
616 2430 831 2498 requirat
857 2424 1038 2478 Deum.
1070 2419 1156 2476 12.
1185 2417 1371 2470 Omnes
1392 2411 1787 2467 declinaverunt,

269 2500 428 2580 simul
459 2523 662 2576 inutiles
706 2519 823 2590 facti
869 2525 1019 2577 sunt;
1061 2528 1161 2564 non
1192 2519 1263 2561 est
1292 2505 1377 2574 qui
1405 2504 1558 2575 faciat
1590 2500 1793 2556 bonum,

269 2634 376 2670 non
422 2624 491 2668 est
532 2628 687 2681 usque
714 2612 780 2662 ad
808 2623 985 2661 unum.
1034 2604 1118 2658 13.
1166 2599 1468 2670 Sepulcrum
1512 2602 1688 2661 patens
1726 2595 1798 2641 cst

271 2719 451 2780 guttur
481 2721 654 2758 eorum
678 2719 694 2755 :
718 2699 904 2771 linguis
934 2696 1039 2750 suis
1064 2693 1236 2747 dolose
1281 2695 1528 2757 egerunt:
1554 2696 1796 2735 venenum

270 2803 511 2867 aspulum
527 2795 615 2849 sub
633 2792 777 2846 labiis
799 2804 971 2844 eorum
993 2802 1010 2839 :
1032 2785 1115 2840 11.
1141 2797 1357 2854 quorum
1378 2795 1432 2831 os
1451 2771 1803 2829 maledictione

273 2904 320 2946 et
363 2887 700 2942 amaritudine
740 2887 945 2952 plenum
973 2890 1044 2933 cst
1069 2895 1085 2932 :
1116 2877 1204 2931 15.
1235 2876 1427 2928 veloces
1453 2869 1602 2938 pedes
1629 2880 1802 2919 eorum

272 2983 346 3035 ad
375 2979 736 3046 e/fuutleuduut
763 2987 1058 3044 sanguinem
1085 2985 1103 3023 :
1128 2968 1214 3022 16.
1245 2965 1480 3018 contritio
1509 2971 1557 3015 et
1586 2956 1805 3027 infelici-

277 3086 360 3127 tas
383 3075 435 3125 iu
458 3073 548 3126 viis
573 3083 778 3130 eorum;
809 3067 896 3120 17.
920 3073 966 3117 et
993 3064 1123 3115 viam
1151 3059 1290 3130 pacis
1319 3073 1418 3109 non
1441 3057 1803 3124 cognoverunt;

279 3167 370 3222 18.
415 3181 512 3217 non
546 3173 616 3216 est
647 3161 797 3213 timor
830 3157 918 3210 Dei
949 3165 1067 3209 ante
1093 3153 1264 3206 oculos
1291 3165 1481 3204 eorum.

284 3262 335 3313 t.
384 3255 665 3312 Accusavit
707 3251 954 3323 gentiles,
1013 3246 1280 3302 accusavit
1323 3242 1568 3302 Iudaeos;
1617 3250 1808 3292 conse-

203 3365 386 3420 quens
411 3357 525 3402 erat
557 3355 614 3400 ut
664 3345 919 3410 deinceps
951 3343 1265 3409 loqueretur
1303 3334 1370 3388 de
1409 3331 1636 3402 justitia,
1684 3341 1805 3396 qute

203 3450 292 3496 est
325 3455 420 3510 per
463 3436 648 3492 ﬁdem.
681 3435 736 3489 Si
766 3433 908 3488 enim
945 3432 1029 3486 lex
1060 3427 1316 3483 naturalis
1348 3423 1479 3478 nihil
1514 3420 1671 3490 juvit,
1709 3432 1810 3472 nec

203 3531 344 3600 quid
375 3528 606 3599 amplius
639 3525 763 3580 fecit
795 3524 878 3578 lex
912 3522 1144 3591 scripta;
1193 3517 1286 3571 sed
1321 3524 1544 3582 utraque
1586 3511 1670 3574 iis,
1717 3510 1809 3578 qui

207 3623 326 3677 illis
359 3636 462 3674 neu
493 3630 550 3672 ιιι
582 3633 677 3686 par
703 3625 817 3670 erat
849 3615 929 3668 usi
974 3621 1121 3675 sunt,
1168 3607 1318 3664 oneri
1362 3606 1480 3670 fuit,
1523 3613 1576 3658 et
1623 3603 1809 3671 majori

205 3715 410 3783 dignos
455 3708 720 3777 snpplicio
775 3706 895 3760 illos
941 3701 1211 3758 ostendit:
1241 3697 1544 3753 necessaria
1589 3698 1807 3748 demunt

207 3815 301 3860 est
333 3802 482 3857 salus
512 3803 618 3864 illa,
649 3814 768 3868 quae
798 3813 892 3866 per
918 3795 1142 3866 gratiam
1177 3792 1400 3861 paritur.
1439 3789 1532 3842 Dic
1561 3787 1721 3856 igitur
1750 3785 1813 3838 11-

207 3898 348 3956 lam,
385 3889 565 3956 l‘anle,
599 3900 652 3944 ct
681 3888 972 3944 ostendito.
1001 3885 1105 3941 Sed
1137 3883 1371 3938 nondum
1395 3880 1574 3943 audet,
1601 3876 1814 3932 Iudaeo-

206 4003 337 4042 rum
373 3983 720 4056 petulantiam
749 3989 1050 4049 suspectam
1082 3975 1320 4037 habens;
1353 3987 1537 4026 verum
1581 3969 1646 4024 ad
1694 3969 1814 4022 illos

206 4075 555 4131 accusandos
603 4085 788 4125 rursus
841 4081 1145 4122 sermonem
1197 4062 1460 4118 convertit
1500 4079 1512 4112 :
1564 4068 1617 4114 et
1645 4059 1817 4128 primo

213 4166 486 4223 Davidcm
514 4164 630 4217 lucc
663 4161 842 4215 multis
891 4147 1158 4214 dicentem
1187 4166 1555 4210 accusatorem
1589 4151 1812 4215 inducit,

207 4275 342 4329 qum!
374 4256 549 4312 omnia
580 4255 765 4324 paucis
794 4253 964 4322 tetigit
990 4251 1172 4310 lsaias,
1192 4248 1426 4303 validum
1449 4246 1581 4316 ipsis
1609 4244 1817 4299 frenum

209 4364 514 4422 apparans,
547 4357 607 4402 ut
637 4361 704 4401 ne
735 4346 998 4406 resiliant,
1031 4359 1168 4399 neve
1191 4357 1219 4395 a
1249 4341 1588 4396 sermonibus
1617 4339 1686 4393 de
1715 4338 1821 4393 fide

209 4443 443 4514 quidam
492 4441 765 4494 auditores
813 4436 1118 4499 abscedant,
1151 4435 1260 4503 jam
1292 4433 1437 4502 prius
1466 4448 1494 4486 a
1529 4430 1821 4502 prepheta-

213 4551 350 4591 rum
398 4531 829 4587 accusationibus
859 4527 1160 4599 prxepediti.
1206 4526 1420 4581 Etenim
1469 4526 1568 4578 tria
1611 4538 1822 4578 summe

210 4625 409 4699 gravia
453 4626 600 4693 ponit
630 4622 912 4692 propheta,
946 4619 1086 4690 quod
1120 4635 1308 4674 omnes
1355 4617 1492 4672 mala
1543 4627 1822 4687 perpetra-

216 4727 353 4773 rent
395 4715 602 4777 dicens,
651 4722 704 4768 et
747 4712 889 4783 quod
941 4728 1045 4766 non
1090 4711 1452 4766 admiscerent
1477 4711 1616 4764 bona
1644 4709 1820 4775 malis,

213 4807 324 4863 sed
359 4805 649 4873 nequitiam
680 4804 851 4868 solum
880 4812 1216 4868 exercerent,
1247 4801 1496 4870 quodque
1523 4801 1666 4854 illam
1698 4815 1822 4854 cum

215 4897 421 4969 grandi
440 4893 662 4949 conatu.
714 4894 913 4949 Deinde
943 4909 1010 4948 ne
1033 4893 1309 4948 dicerent:
1339 4892 1475 4959 Quid
1507 4907 1639 4962 ergo
1666 4893 1708 4946 si
1737 4893 1826 4946 ad-

217 5006 424 5046 versus
453 4989 586 5042 alios
616 4987 732 5052 lucc
772 4987 910 5041 dicta
958 4987 1118 5040 sunt?
1148 4985 1457 5055 subjunxit:
1492 4983 1580 5038 19.
1614 4984 1822 5038 Scimus

216 5093 407 5138 autent
429 5080 564 5149 quod
588 5095 913 5149 quwcumque
931 5078 1012 5132 les:
1038 5078 1278 5142 loquitur,
1311 5077 1374 5130 iis
1402 5076 1488 5147 qui
1508 5077 1560 5129 in
1582 5077 1691 5144 lege
1709 5085 1827 5129 sunt

219 5177 382 5230 dicit.
415 5173 616 5226 Idcirco
645 5180 760 5240 post
784 5171 994 5231 Isaiam,
1025 5171 1139 5241 qui,
1168 5181 1225 5225 ut
1251 5171 1302 5224 in
1334 5170 1584 5225 confesso
1608 5180 1746 5235 erat,
1770 5169 1828 5223 il-

219 5270 320 5323 los
344 5263 687 5334 respiciebat,
723 5262 985 5316 Davidem
1019 5262 1247 5328 induxit,
1288 5272 1344 5316 ut
1373 5263 1679 5317 ostenderet
1711 5262 1827 5317 lucc

218 5371 452 5429 (ιιιικιιιθ
493 5355 598 5409 illis
644 5364 852 5407 annecti
900 5352 1115 5407 debere.
1159 5353 1288 5422 Quae
1334 5355 1476 5408 enim
1509 5355 1826 5423 necessitas,

222 5446 436 5516 inquit,
465 5447 599 5500 alios
622 5447 865 5500 incursare
882 5461 1002 5498 eum
1028 5445 1362 5514 prophetam,
1388 5447 1474 5514 qui
1498 5447 1563 5500 ad
1594 5456 1827 5500 vestram

223 5535 675 5594 esttendationcm
701 5550 895 5590 nnssus
920 5536 1069 5588 erat?
1097 5551 1267 5605 neque
1290 5537 1432 5591 enim
1457 5537 1544 5591 lex
1566 5537 1684 5591 aliis
1706 5538 1828 5592 data

227 5632 442 5691 fuerat,
494 5643 653 5696 quam
705 5629 877 5681 vobis.
933 5627 1039 5681 Cur
1066 5638 1241 5681 autem
1277 5644 1380 5681 non
1413 5630 1568 5691 dixit,
1615 5629 1829 5685 Scimus

220 5719 388 5792 quod
412 5735 762 5788 qumcumque
786 5719 1045 5788 propheta
1072 5720 1222 5786 dicit,
1246 5722 1362 5787 sed,
1385 5722 1727 5789 Qutecumque
1750 5724 1833 5779 lex

227 5810 509 5881 loquitur?
531 5810 662 5876 Quia
699 5809 860 5864 Vetus
891 5827 1049 5865 omne
1089 5811 1492 5868 Testamentum
1526 5813 1696 5884 legem
1730 5829 1830 5868 vo-

227 5915 374 5957 care
401 5901 538 5959 solet
567 5900 780 5954 Paulus.
811 5898 941 5953 Nam
960 5901 1082 5955 alibi
1107 5903 1232 5958 dicit
1255 5923 1267 5958 :
1289 5903 1469 5976 Legem
1492 5923 1590 5960 non
1617 5906 1827 5977 auditis,

558 6004 826 6064 ΡΑτιιοι.
869 6003 987 6065 Gn.
1039 6001 1166 6064 LX.

1896 2039 2016 2105 quia
2057 2039 2315 2094 Abraham
2361 2042 2489 2097 duos
2519 2044 2655 2112 ﬁlios
2693 2045 2867 2098 habuit
2912 2043 3056 2114 (Gal.
3092 2045 3145 2098 4.
3173 2033 3265 2098 9.1.
3297 2040 3426 2109 22)?
3457 2046 3513 2096 el

1899 2128 1984 2182 hic
2012 2145 2228 2200 quoque
2259 2133 2503 2190 Psalmos
2546 2137 2720 2205 legem
2763 2137 2994 2199 vocavit,
3035 2135 3258 2190 dit-cus:
3287 2135 3511 2197 Scimus,

1896 2225 2031 2290 quod
2071 2240 2399 2295 qua’cumque
2443 2227 2527 2280 lca:
2559 2228 2702 2290 dicit,
2750 2229 2813 2281 iis
2855 2231 2944 2296 qui
2987 2229 3041 2281 in
3085 2229 3194 2296 lege
3223 2236 3340 2280 sunt
3368 2226 3512 2278 dicit.

1910 2312 2114 2368 Deinde
2145 2315 2386 2372 ostendit
2428 2332 2534 2372 non
2587 2318 2876 2373 accusandi
2921 2327 3128 2373 tantum
3184 2332 3346 2371 causa
3395 2317 3513 2370 haec

1905 2405 2032 2470 dici,
2066 2405 2160 2460 sed
2188 2407 2349 2460 etiam
2383 2417 2442 2462 ut
2469 2409 2593 2464 lidei
2628 2409 2713 2464 lex
2742 2411 2881 2464 viam
2908 2419 3143 2479 pararet.
3177 2410 3384 2464 Tantus
3409 2406 3516 2462 γε.

1907 2497 2036 2573 tc__ris
2083 2513 2205 2551 cum
2251 2498 2404 2554 Novo
2448 2500 2798 2556 Testamento
2844 2516 3147 2556 consensus
3194 2512 3340 2565 erat;
3375 2498 3514 2569 quod

1906 2586 2280 2643 accusationes
2296 2599 2351 2645 et
2372 2590 2778 2661 redargutiones
2802 2592 2924 2646 ideo
2947 2592 3088 2647 haud
3117 2591 3279 2646 dubie
3304 2590 3516 2653 fierent,

1910 2685 1966 2732 ιιι
1995 2679 2134 2748 apud
2165 2681 2448 2736 auditores
2478 2683 2758 2752 splendida
2792 2683 2856 2738 ad
2892 2683 3052 2739 fidem
3080 2685 3243 2754 janua
3282 2684 3518 2753 aperire-

1909 2780 2013 2824 tur.
2038 2772 2170 2837 Quia
2213 2773 2357 2827 enim
2406 2775 2509 2829 hoc
2540 2775 2776 2830 maxime
2824 2775 3044 2830 Judzeos
3091 2774 3344 2845 perdidit,
3377 2773 3518 2843 quod

1910 2863 2075 2916 altum
2120 2864 2188 2918 de
2233 2880 2292 2919 se
2339 2876 2616 2936 saperent,
2652 2866 2796 2936 quod
2833 2867 3014 2937 utique
3059 2880 3384 2937 progressus
3432 2865 3521 2918 illc

1909 2953 2063 3017 dixit,
2098 2954 2239 3022 quod
2284 2971 2498 3025 nempe,
2527 2957 2833 3028 lgnarantes
2865 2958 2962 3014 Dei
2984 2959 3261 3029 justitiam,
3303 2967 3348 3011 et
3375 2973 3521 3011 suam

1913 3053 2134 3098 statuere
2149 3047 2409 3115 justitiam
2435 3059 2736 3116 qua'rentes,
2765 3051 2981 3119 justitia.’
3009 3049 3109 3103 Dei
3137 3067 3309 3104 senon
3333 3049 3524 3103 submi-
3611 3102 3621 3108 ,

1912 3150 2084 3193 serunt
2133 3141 2309 3212 (Rom.
2359 3143 2446 3198 10.
2499 3145 2593 3213 5):
2635 3145 2784 3215 ipsos
2813 3155 3161 3200 antevertens
3193 3145 3277 3199 lex
3307 3153 3360 3199 et
3391 3159 3520 3212 pro-

1915 3231 2098 3298 pheta,
2133 3233 2369 3302 ipsorum
2414 3235 2611 3291 fastum
2639 3237 2910 3308 depressit
2950 3247 3112 3307 atque
3140 3247 3430 3300 tumorem,
3465 3247 3524 3289 ut

1914 3340 2008 3379 sua
2037 3326 2337 3398 cogitantes
2369 3342 2608 3398 peccata,
2641 3340 2696 3385 et
2720 3333 3083 3402 arrogantiam
3114 3345 3329 3385 omnem
3359 3330 3526 3400 depo.

1918 3425 2128 3481 nentes,
2161 3434 2326 3489 seque
2358 3421 2605 3476 videntes
2633 3423 2699 3476 de
2731 3423 2990 3477 extremis
3033 3423 3348 3493 periclitari,
3400 3439 3523 3478 cum

1916 3509 2096 3562 studio
2125 3511 2297 3565 multo
2328 3513 2392 3567 ad
2425 3514 2572 3568 illum
2607 3525 2978 3579 accurrerent,
3011 3516 3101 3586 qui
3134 3516 3235 3571 sibi
3269 3527 3524 3585 peccato-

1919 3615 2036 3654 rum
2069 3603 2444 3659 remissionem
2479 3605 2763 3674 pratberet,
2797 3617 2851 3660 ct
2881 3607 3106 3677 gratiam
3131 3622 3227 3676 per
3251 3607 3410 3662 fidem
3433 3613 3526 3662 'ac-

1919 3692 2180 3759 ciperent.
2211 3693 2326 3748 lloc
2355 3695 2531 3763 ipsum
2559 3696 2757 3751 Paulus
2782 3697 2869 3751 hic
2895 3697 3266 3763 subindicans,
3291 3697 3523 3753 dicebat:

1922 3783 2127 3838 Scimus
2155 3787 2291 3852 quod
2331 3803 2661 3858 qutecumque
2689 3788 2772 3841 (ea:
2797 3789 2940 3853 dicit,
2974 3790 3038 3842 iis
3067 3789 3156 3857 qui
3185 3790 3236 3841 in
3278 3789 3386 3859 lege
3411 3799 3528 3844 sunt

1921 3874 2082 3927 dicit:
2111 3885 2165 3928 ut
2191 3893 2339 3930 omne
2362 3895 2418 3932 os
2440 3878 2757 3943 obstruetur,
2787 3892 2834 3933 et
2865 3890 2997 3933 totus
3024 3881 3246 3933 mundus
3275 3880 3382 3934 Deo
3407 3883 3530 3935 sub-

1923 3966 2059 4022 ditus
2107 3969 2192 4023 sit.
2245 3969 2342 4025 llic
2386 3971 2530 4025 enim
2574 3972 2810 4027 ostendit
2851 3987 2948 4028 eos
2994 3973 3261 4028 bonorum
3302 3990 3528 4044 operum

1925 4060 2119 4116 fiducia
2151 4063 2461 4130 destitutos,
2515 4065 2804 4134 verbisque
2864 4075 3070 4120 tantum
3118 4077 3432 4138 arrogantes
3478 4078 3532 4122 ιι

1927 4154 2270 4222 impudentes
2299 4170 2443 4211 esse.
2472 4156 2681 4212 Idcirco
2709 4158 2927 4227 proprie
2975 4157 3268 4214 dictionem
3300 4175 3528 4230 usurpa-

1927 4246 2022 4307 vit,
2057 4247 2135 4301 sic
2166 4247 2416 4316 loquens,
2453 4247 2518 4302 Ut
2548 4265 2699 4302 onme
2725 4265 2781 4302 os
2807 4249 3125 4317 obstruatur,
3159 4251 3529 4321 impudentem

1928 4337 2141 4392 illorum
2170 4347 2222 4392 et
2251 4338 2510 4394 eli‘rencm
2532 4340 2850 4409 jactantiam
2881 4340 3182 4407 declarans,
3216 4352 3272 4397 et
3296 4344 3529 4413 linguam

1928 4440 2177 4486 accurate
2223 4430 2551 4486 refrenatam
2593 4433 2900 4501 significans
2935 4449 2948 4484 :
2991 4432 3078 4486 illa
3119 4449 3348 4503 namque
3379 4437 3530 4504 quasi

1929 4533 2141 4577 torrens
2172 4523 2438 4576 violentus
2463 4523 2763 4586 ferebatur;
2789 4525 2882 4578 sed
2914 4525 3206 4580 refrenavit
3230 4525 3375 4580 illam
3408 4542 3532 4597 pro.

1929 4617 2112 4688 pheta.
2141 4617 2276 4671 Cum
2305 4632 2436 4671 vero
2464 4617 2596 4670 dicit
2623 4617 2836 4682 Paulus,
2876 4617 2942 4672 Ut
2973 4635 3120 4672 onme
3141 4636 3196 4672 os
3218 4619 3532 4686 obstruetur;

1931 4726 2036 4765 non
2067 4711 2169 4765 hoc
2194 4712 2290 4776 ait,
2325 4710 2472 4779 quod
2519 4711 2639 4765 ideo
2682 4712 3043 4780 peccaverint,
3093 4722 3148 4766 ut
3187 4729 3248 4767 os
3290 4713 3528 4782 ipsorum

1931 4803 2340 4867 obslrueretur;
2385 4802 2481 4856 sed
2517 4802 2639 4856 ideo
2669 4803 3105 4868 confutabantur,
3131 4813 3186 4857 ut
3219 4819 3286 4858 ne
3318 4805 3534 4875 ignora-

1931 4910 2052 4952 rent
2081 4913 2140 4952 se
2171 4899 2498 4966 peccavisse.
2529 4897 2591 4950 Et
2613 4906 2745 4950 totus
2764 4897 2982 4950 mundus
3014 4896 3121 4950 Dco
3148 4898 3394 4951 obnoxius
3417 4900 3531 4966 fiat.

1932 4991 2049 5046 Non
2081 4990 2236 5054 dixit,
2270 4990 2521 5055 Judams;
2553 4988 2667 5052 sed,
2703 4988 2839 5044 Tota
2871 4997 3082 5042 natura.
3114 4988 3248 5043 lllnd
3277 5005 3531 5059 namque,

1939 5086 2006 5140 Ut
2031 5102 2085 5139 os
2111 5099 2259 5138 omne
2285 5083 2595 5149 obstruatur,
2626 5082 2747 5136 illos
2776 5081 3105 5145 subludicat,
3139 5083 3262 5136 licet
3291 5099 3396 5135 non
3423 5099 3536 5135 ma-

1936 5177 2150 5240 nifeste,
2177 5193 2244 5231 ne
2269 5177 2512 5247 asperior
2537 5190 2718 5230 sermo
2736 5184 2914 5234 esset:
2946 5174 3048 5228 hoc
3073 5185 3278 5240 autem,
3307 5175 3375 5230 Ut
3403 5186 3536 5228 totus

1934 5271 2156 5324 mundus
2183 5269 2429 5324 obnoxius
2461 5269 2551 5337 ﬁat
2581 5267 2713 5332 Deo,
2747 5267 2906 5321 simul
2937 5278 2991 5321 et
3032 5268 3099 5322 de
3145 5268 3346 5323 Iudicis
3385 5281 3436 5324 et
3467 5270 3537 5323 de

1936 5361 2229 5428 gentilibus
2255 5360 2454 5415 dictum
2500 5366 2604 5413 est.
2649 5357 2763 5412 Non
2799 5373 2984 5427 parum
3015 5369 3196 5414 autem
3229 5359 3440 5413 confert
3467 5363 3533 5411 ad

1937 5455 2152 5508 illorum
2197 5453 2560 5522 arrogantiam
2590 5451 3078 5520 comprimendam,
3110 5465 3233 5505 cum
3276 5451 3409 5504 nihil
3449 5450 3537 5505 hic

1939 5547 2055 5616 plus
2088 5545 2321 5599 habeant
2352 5560 2512 5613 quam
2539 5542 2793 5614 gentiles,
2823 5542 2917 5597 sed
2951 5542 3114 5597 simul
3142 5541 3422 5597 tradantur
3450 5558 3538 5596 sc-

1940 5635 2174 5691 cundum
2219 5635 2409 5688 salutis
2440 5633 2687 5689 verbum.
2721 5632 2857 5688 Nam
2889 5633 3158 5688 obnoxius
3201 5634 3420 5703 proprie
3449 5633 3535 5686 di-

1937 5735 2091 5779 catur
2116 5727 2180 5790 is,
2207 5725 2295 5793 qui
2323 5739 2426 5778 non
2449 5725 2550 5779 sibi
2570 5724 2701 5778 satis
2721 5738 2843 5779 esse
2867 5725 3032 5793 possit
3050 5723 3115 5778 ad
3140 5723 3532 5785 defensionem,

1938 5816 2036 5869 sed
2062 5815 2282 5869 alterius
2309 5815 2546 5884 indigeat
2566 5830 2669 5884 ope
2691 5832 2703 5868 :
2727 5816 2902 5885 qualia
2934 5827 3086 5870 erant
3118 5826 3301 5870 nostra
3328 5830 3533 5881 omnia,

1939 5918 2063 5960 cum
2087 5919 2175 5975 ea,
2198 5921 2319 5976 qua:
2344 5906 2410 5961 ad
2440 5906 2666 5963 salutem
2697 5904 3002 5972 tenderent,
3027 5907 3418 5964 amisissemus.
3447 5902 3536 5958 9.0.

3081 6001 3167 6064 28
