4118 6340
722 419 827 476 αδ

726 531 827 587 Per
856 532 1009 599 tegent
1038 528 1167 583 enim
1214 528 1431 601 cognitio
1460 526 1667 597 peccati.
1698 521 1900 577 Rursus
1924 518 1976 573 in
2004 516 2173 585 legem
2206 511 2288 565 in-

726 622 855 687 silit,
886 618 1163 674 remissius
1190 626 1399 681 tamen;
1430 628 1604 685 neque
1638 613 1780 666 enim
1813 608 1865 664 id
1907 604 2049 678 quod
2094 602 2288 659 dicitur

728 711 900 781 legem
947 710 1191 774 incusat,
1240 707 1333 763 sed
1362 706 1666 762 Judteorum
1715 701 1977 772 ignaviam
2011 704 2287 753 :attamen

730 803 814 857 hic
860 802 1158 867 contendit,
1208 803 1331 871 quia
1356 798 1424 852 de
1451 797 1555 855 [ide
1603 795 1919 877 loquuturus
1940 798 2041 855 est,
2071 788 2293 843 demon-

721 902 894 947 strare
928 894 1097 961 legem
1128 890 1282 945 valde
1311 888 1629 943 infirmatam
1660 898 1802 942 esse.
1843 880 1971 937 Nam
1999 880 2043 934 si
2073 877 2139 933 de
2174 877 2291 947 lege

724 982 994 1051 gloriaris,
1026 981 1215 1053 inquit,
1264 980 1375 1048 ipsa
1417 986 1469 1033 te
1512 976 1682 1046 magis
1711 974 1913 1045 pudore
1954 969 2149 1025 afﬁcit:
2174 967 2290 1023 haec

724 1085 938 1144 peccata
970 1085 1055 1131 tua
1084 1073 1332 1129 traducit.
1358 1072 1555 1127 Verum
1586 1085 1694 1125 non
1723 1069 1795 1123 ita
1821 1080 2008 1135 aspere
2034 1060 2288 1132 loquitur,

723 1168 816 1223 sed
848 1168 1073 1223 remisse
1096 1179 1302 1232 rursus,
1338 1162 1439 1219 Per
1464 1163 1621 1235 legem
1648 1160 1779 1215 enim
1820 1157 2036 1228 cognitio
2078 1154 2287 1223 peccati.

722 1259 886 1330 igitur
910 1268 964 1314 et
987 1257 1307 1328 supplicium
1331 1254 1525 1326 majus,
1547 1253 1641 1309 sed
1663 1266 1692 1306 a
1718 1249 1913 1306 Judzeis
1932 1244 2287 1304 subeundum.

721 1352 850 1406 Nam
882 1351 965 1406 lex
988 1349 1201 1421 quidem
1229 1348 1281 1403 id
1308 1348 1509 1413 elfecit,
1550 1355 1607 1399 ut
1634 1353 1913 1415 peccatum
1953 1339 2042 1393 tibi
2076 1336 2292 1407 pateﬁe—

722 1452 831 1508 ret;
863 1451 1008 1496 tuum
1038 1451 1153 1496 erat
1182 1439 1455 1510 effugere:
1487 1452 1608 1492 cum
1636 1450 1766 1491 vero
1794 1447 1899 1487 non
1928 1430 2148 1500 fugeris,
2179 1442 2289 1482 ma-

719 1534 804 1602 ius
834 1534 926 1587 tibi
955 1528 1217 1587 attraxisti
1245 1529 1588 1601 supplicium.
1620 1526 1858 1596 legisque
1880 1536 2013 1592 opus
2036 1520 2289 1574 viaticum

724 1624 815 1679 tibi
845 1622 942 1678 fuit
970 1622 1035 1677 ad
1068 1622 1323 1690 majorem
1358 1618 1636 1675 ultionem.

789 1717 841 1768 Ξ.
881 1714 1164 1780 Postquam
1211 1711 1368 1781 igitur
1400 1710 1643 1763 timorem
1686 1705 1851 1767 auxit,
1903 1714 2025 1757 tunc
2057 1715 2143 1765 ea,
2172 1713 2290 1767 qua:

718 1807 784 1861 ad
813 1808 1035 1877 gratiam
1054 1812 1312 1874 spectant,
1342 1801 1564 1865 inducit,
1589 1799 1813 1853 multum
1833 1796 2080 1865 ingerens
2108 1792 2294 1845 remis-

718 1900 885 1954 sionis
916 1908 1252 1967 peccatorum
1281 1892 1634 1957 desiderium;
1682 1898 1839 1958 atque
1876 1888 1980 1941 ait:
2011 1885 2103 1940 2i.
2139 1882 2291 1936 Nunc

718 2000 831 2046 aute
856 2008 884 2044 ἰ
924 1992 1031 2045 sine
1077 1990 1171 2060 leg.
1215 1987 1417 2058 jastitia
1446 1985 1541 2039 Dei
1570 1983 1889 2050 manifestata
1927 1988 2018 2033 est.
2048 1977 2287 2045 Magnum

721 2085 805 2137 hic
836 2098 945 2137 rem
974 2080 1193 2151 profert,
1225 2079 1491 2146 multaque
1507 2075 1817 2144 probatione
1837 2087 1970 2141 opus
1985 2068 2284 2123 habentem.

716 2173 769 2227 Si
799 2172 937 2228 enim
966 2174 1019 2237 ii,
1051 2170 1138 2241 qui
1170 2172 1223 2226 in
1250 2169 1367 2239 lege
1387 2169 1655 2231 vixerunt,
1676 2179 1779 2218 non
1800 2162 1956 2217 modo
1972 2160 2286 2230 supplicium

719 2280 822 2318 non
853 2264 1176 2334 effugerunt,
1204 2262 1297 2317 sed
1327 2271 1379 2314 et
1404 2258 1635 2331 graviori
1679 2255 1828 2329 plexi
1856 2262 1999 2316 sunt,
2022 2251 2291 2322 quomodo

721 2366 891 2425 potest
936 2358 1051 2411 sine
1101 2356 1216 2425 lege
1264 2369 1369 2408 non
1416 2352 1575 2407 modo
1623 2349 1942 2420 supplicium
1986 2345 2167 2414 effugi,
2197 2344 2290 2399 sed

614 2464 619 2469 '
720 2449 881 2501 etiam
908 2447 1110 2515 iustitia
1142 2444 1377 2514 acquiri?
1407 2444 1518 2497 Duo
1548 2442 1633 2496 hic
1662 2454 1867 2495 summa
1901 2438 2095 2507 posuit,
2127 2446 2180 2490 et
2201 2435 2289 2505 ju-

720 2538 956 2601 stifieari,
990 2546 1043 2591 et
1069 2537 1185 2592 sine
1208 2536 1323 2605 lege
1352 2536 1465 2589 haec
1486 2534 1623 2589 bona
1640 2530 1871 2599 assequi.
1892 2528 2016 2585 ideo
2039 2542 2144 2582 non
2162 2528 2291 2582 sim-

718 2631 945 2695 pliciter,
970 2628 1202 2694 Justitia,
1237 2628 1407 2681 dixit:
1438 2625 1552 2689 sed,
1584 2622 1793 2678 Iustitia
1824 2618 1954 2685 Dei;
1980 2635 2009 2674 a
2037 2619 2290 2689 dignitate

722 2736 962 2789 persona:
992 2719 1162 2787 majus
1191 2716 1478 2773 ostendens
1521 2715 1741 2779 donum,
1786 2723 1842 2768 et
1884 2710 2288 2780 promissionem

721 2813 927 2881 impleri
958 2825 1113 2881 posse
1140 2809 1513 2864 demonstrans
1534 2824 1549 2861 :
1569 2804 1742 2859 omnia
1773 2802 1970 2872 quippe
1996 2799 2096 2869 ipsi
2124 2799 2293 2868 possi-

722 2905 844 2957 bilia
873 2912 1014 2957 sunt.
1045 2901 1227 2971 Neque
1248 2899 1402 2965 dixit,
1424 2899 1548 2951 Data
1577 2906 1688 2961 est;
1711 2895 1826 2960 sed,
1852 2893 2182 2962 Manifestan
2196 2900 2287 2955 est,

724 2992 1079 3047 innovationis
1121 2989 1511 3044 accusationem
1542 3000 1793 3042 resccans
1815 3003 1827 3037 :
1852 2999 1975 3038 nam
2005 2981 2144 3053 quod
2172 2997 2287 3033 ma-

720 3086 1022 3138 nifestatum
1052 3091 1153 3146 est,
1182 3090 1236 3137 et
1262 3088 1415 3135 vetus
1434 3088 1487 3135 et
1513 3077 1885 3133 absconditum
1922 3076 2085 3130 luisse
2108 3072 2286 3127 decla-

720 3186 889 3231 ratur.
931 3176 1111 3245 Neque
1136 3174 1239 3229 hoc
1262 3175 1459 3239 solum,
1488 3170 1583 3225 sed
1622 3172 1782 3226 etiam
1812 3168 2085 3237 sequentia
2112 3176 2291 3221 osten-

718 3268 849 3321 dunt
877 3267 977 3320 hoc
1004 3280 1197 3321 novum
1225 3279 1329 3318 non
1358 3252 1496 3318 esse.
1525 3260 1658 3316 Cum
1690 3261 1834 3315 enim
1848 3258 2092 3325 dixisset,
2121 3255 2291 3309 Muni-

719 3359 900 3423 festata
941 3367 1033 3424 est,
1065 3356 1354 3426 subiunxit,
1388 3354 1678 3422 Testi/icata
1715 3368 1749 3405 ts
1787 3353 1896 3422 lege
1922 3361 1969 3405 et
2010 3349 2284 3420 prophetis.

719 3448 946 3527 Etenim,
981 3461 1047 3500 ne
1075 3446 1196 3517 quia
1228 3459 1369 3499 nunc
1414 3444 1534 3498 data
1577 3451 1678 3507 est,
1723 3440 1911 3511 inquit,
1953 3455 2089 3493 neve
2133 3438 2288 3507 quasi

715 3554 803 3595 res
828 3554 962 3594 nova
986 3548 1038 3594 et
1068 3537 1346 3608 peregrina
1375 3536 1463 3598 sit,
1491 3533 1743 3597 turberis;
1769 3532 1880 3603 jam
1906 3532 2032 3587 olim
2054 3531 2197 3586 enim
2221 3531 2287 3584 il-

713 3632 816 3686 lam
843 3640 895 3685 et
925 3631 1007 3685 lex
1038 3638 1091 3685 et
1114 3628 1388 3700 prophetze
1417 3627 1799 3698 prmiserunt.
1832 3624 1896 3677 Et
1938 3620 2039 3678 alia
2070 3621 2283 3691 quidem

706 3722 817 3792 jam
842 3720 1086 3789 probavit
1106 3718 1207 3774 hoc
1228 3728 1563 3789 argumento,
1601 3715 1701 3772 alia
1734 3713 2051 3784 probaturus
2081 3721 2196 3775 est;
2232 3714 2281 3765 in

714 3813 1073 3882 superioribus
1102 3811 1349 3867 Habacuc
1377 3810 1645 3864 adducens
1671 3806 1975 3862 dicentem:
2006 3803 2187 3857 Justus
2223 3818 2288 3855 ex

713 3905 815 3971 ﬁde
840 3904 953 3956 vivit
998 3903 1174 3975 (Rom.
1210 3905 1256 3956 l.
1290 3902 1411 3969 l7);
1440 3901 1491 3954 in
1521 3898 1867 3968 sequentibus
1890 3910 2019 3950 vero
2038 3894 2283 3948 Abraha-

714 4010 856 4049 mum
886 4005 939 4048 et
970 3992 1240 4053 Davidem.
1278 3990 1345 4047 de
1374 3988 1563 4046 iisdem
1590 4003 1687 4044 nos
1722 3988 2067 4057 alloqueutcs.
2101 3984 2283 4055 Magna

710 4086 851 4141 enim
878 4084 1016 4155 apud
1050 4084 1166 4140 illos
1192 4082 1379 4139 barum
1413 4096 1757 4152 personarum
1795 4089 1911 4134 erat
1952 4078 2279 4133 auctoritas:

712 4176 796 4229 ille
820 4189 1047 4245 namque
1073 4183 1189 4230 erat
1216 4172 1515 4243 patriarcha
1538 4180 1595 4227 et
1622 4170 1900 4241 propheta,
1927 4169 2013 4225 hic
2035 4183 2163 4227 vero
2186 4183 2280 4223 rex

710 4278 762 4318 et
793 4267 1081 4335 propheta:
1108 4281 1172 4320 ac
1220 4266 1599 4335 promissiones
1626 4278 1838 4333 quoque
1882 4262 1966 4316 ltis
2014 4261 2081 4316 de
2119 4263 2280 4316 rebus

709 4358 939 4421 emissus,
960 4356 1022 4409 ad
1044 4366 1324 4426 utrumque
1351 4354 1498 4410 iactze
1517 4354 1741 4409 fuerant.
1763 4352 1991 4422 Ideoque
2004 4351 2281 4406 Mattheus

712 4446 1054 4515 Evangelium
1086 4444 1323 4511 ordiens,
1348 4445 1625 4499 amborum
1654 4444 1826 4512 primo
1850 4443 2175 4497 mentionem
2208 4444 2283 4494 fa-

706 4540 797 4601 cit,
846 4554 909 4593 ac
935 4538 1130 4593 deinde
1163 4538 1355 4592 seriem
1396 4551 1457 4592 ac
1497 4535 1865 4607 progenitores
1893 4534 2127 4590 adducit.
2148 4532 2277 4589 Cum

706 4628 922 4684 dixisset
951 4629 1115 4690 enim,
1145 4626 1294 4681 Liber
1334 4627 1669 4698 generationis
1692 4624 1815 4681 Jesu
1851 4625 2038 4678 (.‘hristi
2065 4623 2275 4698 (Matth.

704 4722 755 4773 l.
793 4719 880 4789 l);
912 4734 1015 4773 non
1042 4716 1867 4789 exspectavitutpostAbraham
1887 4716 2113 4783 diceret,
2133 4714 2278 4771 lsaac

702 4820 755 4865 et
784 4810 976 4875 Jacoh;
1010 4810 1103 4864 sed
1142 4824 1261 4865 cum
1292 4808 1598 4863 Abrahamo
1626 4807 1878 4863 Davidem
1925 4808 2272 4863 memoravit:

701 4900 949 4971 quodque
980 4900 1218 4954 mirabile
1242 4910 1344 4963 est,
1374 4912 1499 4956 ante
1527 4900 1883 4954 Abraltamum
1910 4898 2159 4955 Davidem
2182 4915 2277 4970 po-

704 4994 829 5058 suit,
864 4994 935 5047 ita
964 4992 1149 5047 dicens
1179 5009 1195 5045 :
1241 4990 1365 5045 Filii
1395 4990 1582 5053 David,
1617 4992 1711 5058 ﬁlii
1730 4991 2019 5057 Abraham;
2056 5003 2109 5048 et
2149 5002 2273 5048 tunc

700 5086 862 5153 etrapit
905 5098 1220 5140 enumerare
1248 5083 1415 5148 Isaac,
1461 5082 1643 5150 iacob,
1669 5092 1723 5138 et
1749 5094 2033 5154 sequentes
2058 5100 2269 5142 omnes.

698 5173 1333 5247 QuapropterApostolus
1372 5176 1458 5231 hic
1501 5176 1631 5231 illos
1666 5174 1976 5248 frequenter
2002 5186 2179 5232 versat
2219 5186 2274 5233 et

696 5270 859 5326 dicit:
887 5269 1101 5323 Iustitia
1130 5276 1299 5323 autem
1329 5267 1425 5323 Dei
1447 5269 1781 5323 testimonium
1802 5268 1994 5323 habens
2016 5284 2048 5321 a
2090 5268 2197 5339 lege
2224 5278 2271 5322 et

698 5363 971 5430 prophetis.
1000 5361 1079 5417 Ne
1104 5362 1225 5431 quis
1251 5374 1376 5416 vero
1398 5360 1631 5416 diceret:
1657 5360 1723 5415 Et
1742 5361 1833 5430 qui
1855 5361 1966 5414 ﬁeri
1990 5366 2184 5429 potest,
2212 5368 2271 5413 ut

697 5466 817 5506 cum
846 5452 975 5506 nihil
998 5453 1062 5507 ad
1094 5467 1206 5507 rem
1238 5452 1565 5522 propositam
1607 5452 2010 5516 contulerimus,
2041 5452 2269 5508 salutem

695 5548 1125 5616 consequamur?
1144 5544 1403 5610 ostendit,
1433 5560 1533 5600 nos
1562 5559 1665 5599 non
1698 5559 1881 5614 parum
1904 5546 1970 5600 ad
2001 5560 2119 5601 eam
2152 5560 2266 5599 rem

695 5636 964 5704 conferre,
1015 5636 1170 5692 tidem
1213 5638 1487 5695 nimirum.
1543 5634 1674 5693 Cum
1716 5638 1940 5693 dixisset
1979 5654 2142 5708 ergo:
2171 5638 2261 5693 εἰ.

693 5725 903 5783 iustitia
947 5727 1064 5793 Dei,
1112 5726 1335 5794 addidit,
1368 5728 1469 5783 Per
1504 5729 1677 5798 ﬁdem,
1720 5729 1775 5783 in
1818 5745 1986 5784 omnes
2027 5739 2075 5784 et
2115 5740 2270 5798 super

698 5836 863 5875 omna
882 5820 967 5890 qui
991 5820 1220 5874 credunt.
1256 5819 1568 5876 Rursusbic
1596 5820 1837 5875 turbatur
1861 5818 2099 5889 .ludzcus,
2126 5820 2257 5875 nihil

1452 410 1509 469 s.
1549 402 1824 467 JOsNNlS
1855 380 2327 461 cuttvsos'iout
2367 394 2679 452 ARCHIEP.
2720 390 3251 451 consumam.

3877 386 3979 441 ιη

2399 509 2759 579 ρπιιι-οεωῑνω
2788 523 2899 579 pra:
2926 509 3140 564 caeteris
3179 506 3401 573 habens,
3432 514 3487 560 et
3516 518 3638 559 cum
3686 500 3827 559 orbe
3867 510 3980 555 toto

2397 608 2802 653 annumeratus.
2833 598 2898 654 Ut
2922 600 3083 669 igitur
3110 615 3177 652 ne
3198 597 3301 651 hoc
3330 596 3581 666 patiatur,
3607 593 3757 648 illum
3779 594 3981 649 timore

2396 705 2579 745 rursus
2605 691 2871 760 reprimit,
2902 692 3139 746 addens:
3173 690 3349 761 Neque
3376 689 3508 743 enim
3551 695 3623 741 est
3668 684 3932 738 distinctio
3960 698 3977 736 :

2393 782 2485 836 23.
2513 798 2683 837 omnes
2728 784 2858 837 enim
2900 792 3250 852 peccaverunt.
3295 781 3372 836 Ne
3416 779 3545 835 mihi
3597 777 3804 833 dixeris
3840 792 3854 829 :
3887 776 3980 831 Ille

2395 872 2612 929 Graecus
2654 882 2758 939 est,
2803 874 2891 929 ille
2917 873 3140 945 Scytha.
3185 875 3276 928 ille
3318 873 3532 928 Thrax:
3560 884 3753 926 cannea
3780 870 3980 940 quippe

2393 963 2580 1019 eadem
2608 964 2915 1019 conditione
2940 974 3085 1019 sunt.
3114 963 3341 1019 Etiamsi
3375 965 3519 1019 enim
3548 964 3719 1034 legem
3747 975 3979 1031 accepe-

2395 1056 2489 1121 ris,
2523 1073 2684 1111 unum
2717 1066 2918 1113 tantum
2945 1073 2974 1111 a
3019 1058 3137 1128 lege
3165 1056 3440 1126 accepisti,
3485 1067 3542 1110 ut
3572 1062 3856 1126 peccatum
3892 1069 3983 1109 co-

2393 1162 2707 1217 gnosceres,
2738 1166 2843 1203 non
2874 1158 2931 1204 ut
2960 1150 3088 1205 illud
3121 1150 3350 1219 fugeres.
3377 1148 3574 1204 Deinde
3598 1164 3667 1203 ne
3690 1148 3941 1203 dicerem
3966 1163 3983 1197 τ

2392 1236 2446 1293 Si
2478 1239 2836 1307 peccavimus,
2869 1250 2920 1294 at
2953 1254 3057 1294 non
3092 1240 3313 1309 perinde
3331 1248 3494 1310 atque
3521 1239 3621 1305 illi,
3652 1238 3938 1307 subjunxit
3965 1256 3982 1293 :

2393 1325 2462 1380 Et
2481 1328 2821 1382 destituuntur
2859 1345 2889 1381 a
2928 1328 3093 1400 gloria
3122 1330 3233 1384 Dei.
3278 1330 3460 1401 itaque
3490 1330 3698 1385 etiamsi
3723 1346 3833 1385 non
3866 1339 3977 1384 tan-

2395 1428 2525 1486 tum,
2554 1428 2809 1489 quantum
2839 1419 2952 1483 alii,
2984 1422 3320 1489 peccaveris;
3352 1430 3583 1476 attamen
3612 1421 3839 1492 perinde
3859 1419 3980 1491 glo—

2393 1513 2467 1565 ria
2498 1512 2755 1580 privaris;
2778 1527 2838 1567 es
2867 1512 3065 1582 quippe
3092 1528 3157 1566 ex
3187 1512 3572 1567 oﬂ’endentium
3598 1527 3863 1577 nvmero;
3888 1512 3984 1582 qui

2392 1613 2569 1655 autem
2592 1600 2830 1667 olfendit,
2866 1616 2969 1657 non
3012 1602 3151 1657 inter
3178 1601 3528 1673 gloriﬁcatos,
3571 1603 3667 1659 sed
3696 1605 3841 1658 inter
3874 1619 3980 1672 pn-

2392 1693 2523 1747 dure
2553 1692 2783 1749 suffusos
2812 1694 3114 1749 censendus
3144 1706 3243 1749 est.
3282 1694 3474 1750 Verum
3504 1710 3573 1751 ne
3600 1696 3821 1758 timeas;
3858 1695 3987 1749 ideo

2392 1785 2532 1839 enim
2557 1783 2670 1839 Ita-c
2684 1785 2815 1852 dixi,
2837 1802 2941 1841 non
2966 1796 3020 1841 ut
3042 1796 3091 1841 te
3112 1787 3161 1840 in
3182 1786 3606 1855 desperationem
3626 1787 3984 1855 conjicercm,

2392 1878 2483 1933 scd
2510 1887 2567 1931 ut
2606 1879 2699 1933 tibi
2727 1880 2935 1934 Domini
2984 1880 3361 1950 benignitatem
3393 1880 3758 1936 ostenderem.
3797 1880 3986 1947 Quare

2392 1970 2659 2025 sltbdidit:
2692 1971 2783 2027 24.
2827 1971 3105 2041 Justiﬁcati
3150 1973 3306 2042 gratis
3350 1988 3440 2041 per
3467 1974 3575 2042 ejus
3613 1973 3852 2043 gratiam,
3890 1988 3985 2039 per

2391 2064 2805 2133 redemptionem,
2834 2082 2947 2136 qua
2974 2076 3045 2121 est
3072 2067 3124 2119 in
3150 2064 3350 2121 Christo
3369 2066 3512 2131 Jestt,
3544 2065 3634 2121 2'5.
3672 2083 3818 2135 quem
3856 2083 3985 2135 pro-

2393 2158 2558 2225 posuit
2586 2155 2725 2211 Deus
2765 2158 3169 2229 propitiationem
3209 2177 3296 2228 per
3322 2159 3471 2227 ﬁdem
3492 2160 3544 2213 in
3569 2159 3818 2229 sanguine
3840 2160 3979 2228 ejus,

2391 2246 2443 2298 in
2475 2248 2809 2301 ostensionem
2830 2248 3047 2318 justititz
3074 2248 3254 2317 ipsius.
3292 2247 3426 2303 Vide
3471 2260 3599 2318 quot
3628 2249 3989 2317 probationes

2392 2334 2578 2391 afferat
2610 2338 2773 2401 illius,
2806 2339 2945 2409 quod
2976 2338 3175 2394 dictum
3202 2349 3303 2394 est.
3324 2340 3503 2396 Primo
3526 2355 3556 2394 a
3574 2341 3830 2411 dignitate
3854 2357 3985 2410 per-

2390 2441 2571 2482 sonte:
2595 2443 2703 2484 non
2728 2430 2869 2484 enim
2898 2430 3058 2485 homo
3094 2440 3179 2486 est
3221 2432 3285 2495 is,
3315 2433 3403 2501 qui
3445 2431 3559 2489 htec
3585 2432 3729 2497 facit,
3762 2441 3818 2486 ut
3841 2433 3985 2487 deli-

2390 2518 2527 2581 ciat;
2556 2518 2649 2573 sed
2684 2519 2825 2575 Deus
2853 2521 2945 2591 qui
2975 2522 3153 2576 omnia
3188 2532 3398 2592 potest:
3425 2521 3518 2577 Dei
3546 2534 3618 2578 est
3644 2524 3786 2579 enim
3808 2525 3982 2594 justi-

2392 2609 2483 2673 tia,
2530 2609 2717 2679 inquit.
2750 2609 2999 2667 Secundo
3028 2628 3055 2665 a
3088 2614 3204 2683 lege
3246 2621 3301 2667 et
3345 2612 3642 2683 prophetis,
3687 2630 3755 2669 ne
3801 2615 3981 2677 enim,

2391 2701 2533 2769 quod
2563 2702 2760 2772 Absque
2798 2704 2904 2775 lege
2929 2704 3183 2767 audieris,
3217 2705 3440 2760 timeas:
3470 2722 3593 2761 nam
3624 2708 3723 2776 ipsi
3768 2708 3869 2777 legi
3903 2708 3983 2762 ita

2393 2792 2624 2847 videtur.
2651 2794 2851 2857 Tertio,
2885 2810 2913 2849 a
2944 2795 3220 2852 sacriﬁciis
3237 2795 3449 2852 Veteris
3466 2797 3792 2853 Testamenti
3816 2818 3828 2851 :
3854 2798 3987 2855 ideo

2393 2900 2621 2954 namque
2647 2886 2726 2941 sic
2747 2887 2901 2952 dixit,
2934 2887 3001 2942 In
3025 2890 3275 2961 sanguine
3302 2892 3433 2960 ejus,
3466 2889 3520 2945 in
3549 2901 3781 2945 mentem
3810 2908 3983 2947 revo-

2389 2990 2518 3031 cans
2550 2977 2656 3031 illis
2685 2992 2814 3033 oves
2859 2978 2975 3032 illas
3004 2987 3059 3034 et
3086 2978 3304 3035 vitulos.
3354 2980 3469 3035 Etsi
3510 2982 3653 3037 enim
3692 2981 3986 3036 brutorum

2388 3066 2584 3133 caedes,
2632 3068 2822 3138 inquit,
2873 3078 3088 3139 peccata
3134 3068 3436 3137 solvebant,
3482 3072 3654 3126 multo
3685 3073 3857 3143 magis
3889 3075 3985 3127 hic

2390 3164 2627 3232 sanguis.
2660 3162 2768 3218 Nec
2792 3164 3107 3234 simpliciter
3134 3165 3287 3228 dixit.
3314 3166 3727 3233 Liberatiouem,
3752 3168 3848 3221 sed
3879 3167 3983 3221 Re-

2390 3252 2761 3321 detnptionem;
2791 3262 2980 3310 utnon
3026 3255 3164 3310 ultra
3195 3255 3477 3312 redeamus
3518 3258 3571 3312 in
3613 3257 3759 3312 illam
3802 3258 3983 3328 ipsam

2388 3345 2740 3401 servitutem:
2766 3356 2820 3401 et
2847 3346 2969 3402 ideo
3001 3356 3154 3403 vocat
3183 3349 3605 3418 propitiationem,
3658 3353 3979 3415 Ostendeus,

2388 3437 2431 3491 si
2465 3446 2618 3507 typus
2648 3446 2845 3493 tantam
2874 3438 2981 3493 vim
3005 3438 3269 3507 habuerit,
3294 3441 3469 3496 multo
3488 3442 3656 3512 magis
3682 3444 3981 3498 veritatem

2391 3528 2442 3583 id
2469 3530 2827 3597 pra:stituram
2854 3543 2994 3585 esse.
3025 3532 3111 3585 Ac‘
3133 3546 3319 3587 rursus
3343 3531 3633 3588 ostendens
3663 3533 3713 3587 id
3743 3549 3851 3587 non
3876 3548 3979 3587 no-

2386 3638 2509 3676 vum
2545 3638 2643 3676 nec
2675 3636 2863 3677 recens
2901 3637 3044 3689 esse,
3090 3624 3186 3689 ait,
3238 3622 3535 3695 Proposuit.
3587 3625 3652 3679 Et
3684 3634 3981 3696 postquam

2386 3713 2538 3777 dixit,
2579 3713 2857 3784 Proposuit
2889 3714 3048 3775 Deus,
3094 3724 3147 3770 et
3186 3715 3423 3771 ostendit
3452 3716 3624 3773 Patris
3660 3731 3780 3773 esse
3808 3733 3976 3787 opus,

2388 3803 2525 3858 idem
2555 3804 2727 3873 ipsum
2758 3804 2996 3859 declarat
3019 3820 3139 3861 esse
3166 3804 3285 3859 Filii
3307 3824 3324 3861 :
3346 3822 3468 3861 nam
3487 3806 3645 3861 Pater
3667 3809 3972 3877 proposuit,

2386 3896 2630 3952 Christus
2656 3912 2784 3952 vero
2812 3898 2862 3952 in
2892 3898 3151 3968 sanguine
3179 3913 3278 3953 suo
3304 3908 3473 3953 totum
3506 3899 3749 3969 perfecit.
3774 3900 3866 3958 26.
3903 3901 3977 3955 In

2385 3989 2713 4043 ostensionem
2732 3988 2949 4059 justitiat
2972 4004 3095 4043 stus.
3137 3987 3273 4056 Quid
3316 3998 3419 4056 est,
3450 3992 3686 4046 ostensio
3706 3990 3977 4061 iustitiae?

2387 4081 2454 4137 Ut
2474 4081 2775 4136 divitiarum
2806 4081 3063 4144 ostensio,
3086 4089 3347 4152 quatenus
3375 4096 3480 4137 non
3510 4082 3624 4152 ipse
3651 4084 3798 4138 solus
3812 4083 3977 4141 dives

2382 4173 2472 4237 sit,
2500 4172 2593 4227 sed
2620 4172 2757 4228 alios
2776 4187 2992 4243 quoque
3021 4172 3216 4227 divites
3245 4172 3466 4236 reddat;
3495 4183 3551 4228 et
3578 4174 3700 4229 vita:
3738 4176 3967 4244 pariter,

2382 4264 2524 4334 quod
2554 4279 2659 4319 non
2692 4266 2811 4335 ipse
2835 4266 2983 4319 solus
3008 4264 3170 4330 vivat,
3195 4263 3289 4319 sed
3325 4266 3489 4319 etiam
3516 4276 3761 4321 mortuos
3793 4267 3971 4322 viviti-

2382 4366 2494 4422 eet;
2522 4366 2577 4412 et
2596 4358 2898 4427 potestatis,
2919 4356 3058 4428 quod
3084 4372 3193 4412 non
3215 4358 3327 4427 ipse
3347 4358 3519 4413 solum
3546 4368 3735 4429 potens
3755 4360 3847 4422 sit,
3872 4362 3968 4417 sed

2382 4448 2540 4501 etiam
2586 4448 2827 4503 infirmos
2872 4448 3215 4503 corroboret:
3242 4449 3318 4504 sic
3359 4457 3415 4504 et
3459 4450 3697 4505 ostensio
3740 4449 3969 4521 iustitia:

2380 4550 2485 4605 est,
2514 4538 2655 4609 quod
2685 4554 2789 4595 non
2817 4540 2961 4594 solus
2989 4540 3101 4609 ipse
3129 4540 3199 4594 sit
3220 4540 3419 4609 justus,
3448 4540 3542 4596 sed
3564 4542 3726 4597 etiam
3754 4543 3967 4601 alios‘in

2381 4631 2609 4699 peccatis
2634 4638 2937 4700 corruptos,
2966 4630 3143 4685 statim
3169 4630 3346 4700 justos
3378 4630 3555 4686 faciat.
3585 4632 3696 4688 lioc
3726 4634 3891 4703 igitur
3911 4648 3965 4691 et

2380 4724 2493 4792 ipse
2522 4722 2901 4790 interpretans,
2934 4721 3210 4790 subiunxit
3237 4736 3357 4790 quae
3394 4720 3465 4775 sit
3500 4723 3771 4777 ostensio:
3802 4722 3871 4779 Ut
3898 4725 3965 4779 sit

2376 4814 2486 4882 ipse
2505 4815 2695 4883 justus,
2718 4822 2767 4866 et
2788 4812 3081 4881 justiﬁcans
3106 4827 3241 4873 eum,
3266 4811 3349 4879 qui
3372 4819 3442 4866 est
3467 4828 3529 4866 ea:
3550 4813 3653 4882 ﬁde
3676 4812 3826 4870 Iesu.

2446 4905 2499 4958 ὅ.
2528 4902 2605 4957 Ne
2634 4903 2811 4971 itaque
2853 4901 3065 4955 dubites
3094 4918 3108 4955 :
3141 4917 3247 4955 non
3290 4901 3429 4956 enim
3456 4917 3521 4957 ex
3551 4904 3824 4972 operibus,
3860 4909 3959 4967 sed

2375 5009 2439 5049 ex
2470 4994 2592 5051 (ide.
2628 4993 2810 5063 Neque
2838 5008 2867 5047 a
2898 4993 2987 5046 Dei
3011 4992 3214 5061 iustitia
3240 4991 3409 5064 fugias
3450 5011 3463 5047 :
3493 4993 3689 5062 duplex
3719 4997 3866 5051 enim
3897 4999 3962 5054 il-

2376 5086 2475 5141 lius
2500 5086 2693 5141 bonum
2716 5092 2819 5148 est,
2849 5082 2991 5151 quod
3022 5082 3266 5138 videlicet
3288 5091 3342 5138 et
3370 5084 3491 5139 leve
3517 5083 3607 5150 sit,
3628 5094 3685 5139 et
3703 5087 3961 5143 omnibus

2376 5179 2723 5246 propositum.
2763 5174 2841 5229 Ne
2883 5182 2935 5228 te
2982 5173 3195 5243 pudeat,
3246 5189 3344 5231 nec
3386 5176 3676 5230 erubescas
3708 5194 3721 5229 :
3751 5192 3875 5233 nam
3909 5180 3953 5235 si

2375 5269 2486 5338 ipse
2514 5269 2615 5322 hoc
2653 5267 2827 5323 facme
2856 5265 3169 5330 ostenditur,
3212 5276 3265 5321 et
3300 5273 3356 5321 ut
3384 5266 3457 5321 ita
3480 5265 3678 5329 dicam,
3716 5278 3951 5327 ostentus

2372 5374 2453 5424 se,
2479 5368 2532 5414 et
2562 5359 2661 5414 sibi
2690 5357 3003 5428 gratulatur,
3032 5357 3303 5427 quomodo
3328 5367 3383 5436 tu
3406 5356 3681 5414 erubescis
3704 5369 3759 5415 et
3781 5370 3834 5417 te
3860 5378 3952 5417 oe-

2369 5449 2562 5514 cultas,
2604 5451 2655 5504 in
2699 5464 2802 5518 qua
2852 5463 2912 5503 re
2956 5448 3214 5504 Dominus
3260 5460 3379 5503 tuus
3423 5449 3948 5519 gloriﬁcaturlCum

2370 5559 2496 5614 ergo
2524 5543 2785 5598 erexisset
2811 5540 3103 5597 auditorem
3126 5540 3362 5596 dicendo
3380 5555 3463 5605 ea,
3486 5556 3604 5615 qute
3633 5542 3769 5598 facta
3794 5555 3939 5610 sunt,

2369 5650 2488 5691 esse
2507 5634 2867 5691 ostensionem
2893 5633 3112 5702 iustitiae
3148 5634 3265 5700 Dei,
3296 5648 3503 5690 rursum
3535 5648 3752 5704 segnem
3775 5644 3829 5691 et
3859 5652 3948 5693 re.

2365 5736 2642 5780 cusantem
2666 5724 2854 5779 timore
2875 5724 2939 5779 ad
2963 5724 3324 5780 accedendum
3350 5724 3595 5794 impellit,
3625 5723 3707 5779 his
3726 5726 3939 5781 verbis:

2365 5816 2584 5889 Propter
2612 5817 2951 5874 remissionem
2975 5818 3368 5889 prwcedentium
3389 5827 3730 5888 peccatorum.
3759 5818 3945 5876 Viden'
