4108 6340
718 447 826 502 μδ

714 558 964 629 ἀνωτέρω
1014 561 1109 627 μὲν
1155 560 1358 628 λέγων,
1409 559 1508 614 Διά
1557 560 1661 628 γὰρ
1705 559 1886 624 νόμου
1941 555 2258 621 ἐπίγνωσις

713 647 1025 714 ἁμαρτίας.
1079 647 1214 716 μετά
1259 646 1429 700 ταῦτα
1467 648 1558 706 δέ,
1598 647 1677 696 ὃτι
1717 643 1938 707 Πάντες
1976 642 2256 708 ἥμαρτον.

714 733 943 786 ἐνταῦθα
992 734 1047 786 δὲ
1097 735 1467 806 σφοδρότερον.
1527 732 1658 784 Οὐδὲ
1701 733 1808 800 γὰρ
1853 728 2004 788 εἶπε,
2049 727 2143 778 Διά
2189 725 2257 776 τά

714 820 1116 890 ἁμαρτήματα,
1165 821 1329 883 ἀλλά,
1382 820 1481 872 Διά
1531 819 1644 885 τὴν
1691 819 1964 885 πάρεσιν,
2015 815 2258 865 τουτέστι

711 907 804 974 τὴν
851 906 1134 977 νέκρωσιν.
1186 909 1382 960 Οὐκέτι
1426 906 1533 975 γάρ
1584 905 1768 972 ὑγείας
1815 904 1964 964 ἐλπὶς
2006 897 2093 970 ἦν,
2145 899 2258 952 ἀλλ’

709 991 895 1063 ὥσπερ
922 996 1077 1064 σῶμα
1125 995 1429 1064 παραλυθέν
1471 995 1570 1063 τῆς
1615 993 1817 1047 ἀνωθεν
1849 992 2016 1043 ἐδεῖτο
2048 988 2256 1058 χειρόςτ

709 1079 848 1131 οὓτω
878 1082 974 1133 καὶ
1003 1083 1033 1151 ἡ
1068 1082 1206 1150 ψυχὴ
1251 1081 1606 1152 νεκρωθεῖσα.
1643 1080 1751 1132 Καὶ
1783 1079 1841 1131 τὸ
1867 1079 1928 1145 δὴ
1962 1074 2260 1146 χαλεπώτε-

715 1184 824 1234 ρον,
859 1169 992 1237 ὅπερ
1032 1169 1088 1219 ἐν
1118 1167 1267 1233 τάξει
1316 1169 1429 1228 θεὶς
1472 1168 1668 1230 αἰτίας.
1720 1167 1954 1219 δείκνυσι
1989 1162 2171 1230 μεῖζον
2201 1160 2258 1214 ὃν

711 1254 1093 1322 κατηγόρημα,
1120 1253 1185 1306 Τί
1218 1254 1274 1306 δέ
1317 1255 1470 1307 τοῦτὸ
1502 1257 1648 1318 ἐστι;
1680 1253 1752 1305 Τὸ
1787 1256 1841 1306 ἐν
1869 1254 1932 1321 τῇ
1961 1252 2125 1319 ἀνοχῇ
2165 1248 2256 1300 τοῦ

708 1338 839 1390 Θεοῦ
878 1339 973 1408 τὴν
1017 1341 1246 1410 πάρεσιν
1279 1342 1625 1411 γεγενῆσθαι.
1667 1340 1798 1394 Οὖδέ
1837 1338 1943 1406 γάρ
1987 1338 2051 1390 ἂν
2085 1337 2257 1404 ἔχοιτε

708 1426 903 1488 εἰπεῖν,
953 1427 1136 1495 φησὶν,
1181 1428 1263 1479 ὅτι
1305 1429 1403 1480 οὐκ
1445 1427 1784 1480 ἀπελαύσατε
1821 1423 2019 1492 πολλῆς
2063 1422 2257 1490 ἀνοχῆς

708 1513 801 1564 καὶ
842 1514 1228 1584 χρηστότητος.
1266 1515 1338 1567 Τὸ
1368 1515 1456 1578 δέ,
1496 1516 1596 1567 Ἔν
1629 1513 1705 1577 τῷ
1745 1511 1859 1564 νῦν
1902 1509 2116 1577 καιρῷ,
2160 1507 2257 1576 τὴν

709 1599 907 1668 πολλὴν
951 1600 1253 1663 δεικνύντος
1294 1603 1440 1654 ἐστὶν
1470 1601 1665 1670 ἀνοχὴν
1709 1600 1800 1652 καὶ
1834 1595 2255 1666 φιλανθρωπίαν.

711 1686 838 1738 Ὅτε
883 1687 991 1756 γάρ
1040 1687 1491 1757 ἀπεγνώσθημεν,
1527 1686 1680 1757 φησὶ,
1711 1685 1804 1738 καὶ
1833 1683 2023 1753 καιρὸς
2050 1681 2260 1749 ἀποφά-

710 1788 842 1834 σεως
865 1770 951 1843 ἦν,
981 1774 1073 1825 καὶ
1099 1773 1305 1844 ηὐξήθη
1335 1775 1402 1832 τὰ
1435 1776 1598 1832 κακά.
1644 1774 1737 1826 καὶ
1777 1770 2172 1840 ἐπληρώθησαν
2203 1770 2256 1820 αἱ

708 1859 986 1925 ἁμαρτίαι,
1031 1859 1148 1911 τότε
1177 1859 1274 1929 τὴν
1305 1859 1500 1912 ἐαυτοῦ
1541 1859 1767 1928 δύναμιν
1800 1857 2130 1921 ἐπεδείξατο,
2173 1857 2258 1907 ἵνα

709 1944 882 2014 μάθῃς
910 1944 1050 2013 πόση
1078 1948 1207 2015 παρ’
1228 1946 1375 2015 αὐτῷ
1399 1946 1497 2014 τῆς
1525 1942 1867 2012 δικαιοσύνης
1890 1945 1924 2014 ή
1955 1943 2256 2010 περιουσία.

706 2029 839 2081 Οῦδέ
868 2028 978 2100 γὰρ
1021 2031 1076 2082 ἐν
1104 2032 1242 2102 ἀρχῇ
1287 2031 1572 2100 γενόμενον
1604 2029 1760 2082 τοῦτο
1785 2029 1924 2082 οὕτω
1951 2028 2258 2097 θαυμαστὸν

706 2115 770 2168 ἂν
790 2117 961 2186 ἐφάνη
989 2118 1078 2169 καὶ
1103 2117 1417 2185 παράδοξον,
1453 2116 1528 2178 ὡς
1551 2114 1665 2178 νῦν,
1702 2117 1788 2168 ὅτε
1816 2116 1992 2184 πάσης
2020 2115 2257 2185 ἰατρείας

706 2202 1003 2272 ἐξηλέγχθη
1049 2204 1244 2273 τρόπος
1262 2217 1309 2255 ι.
1354 2203 1476 2256 Ποῦ
1522 2197 1634 2257 οὖν
1679 2203 1716 2267 ἡ
1754 2203 2086 2270 καύχησις-ς
2127 2201 2256 2262 Ἐξ-

701 2289 984 2354 εκλείσθη
1012 2327 1026 2350 ,
1076 2289 1227 2358 φησί.
1258 2289 1357 2342 Διά
1389 2290 1563 2341 ποίου
1608 2290 1830 2355 νόμους
1875 2285 1992 2339 τῶν
2035 2286 2257 2353 ἕργων;

707 2376 875 2442 Οὐχί,
910 2378 1070 2430 ἀλλὰ
1106 2378 1201 2430 διὰ
1226 2379 1412 2445 νόμου
1438 2377 1713 2440 πίστεως.
1746 2375 1918 2437 Πολὺς
1950 2375 1976 2426 δ
2008 2373 2156 2442 ἀγὼν
2183 2375 2260 2444 τῷ

706 2463 902 2533 Παύλῳ
928 2464 1118 2529 δεῖξαι,
1161 2465 1243 2516 ὅτι
1283 2463 1537 2515 τοσοῦτον
1578 2465 1609 2532 ὴ
1654 2461 1831 2524 πίστις
1862 2463 2097 2530 ἴσχυσεν,
2139 2461 2261 2513 ὅσον

704 2550 825 2602 οὐδὲ
875 2549 1180 2620 ἐφαντάσθη
1214 2549 1342 2602 ποτὲ
1389 2551 1418 2601 δ
1463 2549 1644 2617 νόμος.
1700 2547 1914 2617 Ἐπειδὴ
1949 2547 2054 2617 γὰρ
2085 2543 2258 2611 εἶπεν,

703 2636 783 2686 ὃτι
811 2636 1010 2687 δικαιοῖ
1035 2639 1062 2688 δ
1088 2636 1218 2698 Θεὸς
1257 2636 1348 2688 τὸν
1392 2635 1675 2705 ἄνθρωπον
1707 2636 1814 2687 ἀπὸ
1851 2635 1949 2702 τῆς
1990 2635 2224 2696 πίστεως
2245 2672 2259 2694 .

703 2719 1131 2791 ἐπιλαμϐάνεται
1159 2722 1249 2776 τοῦ
1281 2723 1444 2792 νόμου
1496 2722 1674 2775 πάλιν.
1711 2722 1816 2774 Καὶ
1845 2723 1906 2774 οὐ
1941 2721 2118 2788 λέγει,
2153 2721 2260 2773 Ποῦ

706 2805 797 2860 οὖν
828 2811 896 2861 τά
925 2811 1319 2879 κατορθώματα
1348 2810 1454 2860 τῶν
1489 2808 1788 2871 Ἰουδαίων;
1838 2807 1937 2862 ποῦ
1978 2812 2010 2878 ἠ
2055 2809 2258 2860 δικαιο⁹

709 2896 946 2964 πραγία;
980 2896 1133 2958 ἀλλά,
1169 2897 1290 2949 Ποῦ
1323 2897 1361 2962 ἡ
1396 2898 1724 2964 καύχησις;
1753 2898 2024 2966 πανταχοῦ
2053 2896 2261 2957 δεικνὺς

711 2982 1215 3051 μεγαληγοροῦντας
1273 2983 1429 3050 μόνον
1484 2982 1559 3043 ὡς
1613 2983 1772 3033 πλέον
1834 3000 1885 3034 τι
1935 2983 2042 3034 τῶν
2090 2983 2261 3035 ἀλλων

722 3069 943 3136 ’χοντας,
978 3069 1070 3121 καὶ
1106 3068 1268 3138 μηδὲν
1315 3068 1786 3137 ἐπιδεικνυμένους
1828 3069 2006 3138 ἔργον.
2038 3069 2147 3122 Καὶ
2182 3070 2259 3120 εί·

749 3155 842 3218 ὼν,
874 3155 993 3208 Ποῦ
1027 3151 1138 3209 οὖν
1190 3158 1228 3222 ’ἡ
1269 3158 1597 3224 καύχησις;
1627 3157 1726 3208 οῦκ
1761 3152 1934 3215 εἶπεν,
1961 3156 2262 3224 ’Πςανίσθη

707 3241 801 3293 καὶ
842 3241 1120 3304 ἀπώλετο,
1169 3242 1278 3294 ἀλλ’
1351 3243 1768 3308 Ἐξεκλείσθη,
1824 3244 1958 3314 ὅπερ
2010 3243 2263 3313 ἀκαιρίας

712 3328 912 3396 μᾶλλόν
947 3331 1120 3380 ἐστιν·
1158 3329 1337 3381 οὐκέτι
1382 3328 1487 3399 γάρ
1519 3329 1630 3398 ἔχει
1673 3331 1878 3398 καιρόν.
1911 3330 2118 3398 Ὥσπερ
2156 3331 2264 3400 γάρ

708 3415 806 3484 τῆς
853 3416 1084 3485 κρίσεως
1128 3417 1462 3486 ἐπιστάσης,
1504 3417 1686 3469 οὐκέτι
1726 3417 1915 3488 καιρὸν
1966 3417 2178 3488 ἔχουσιν
2215 3420 2265 3470 οί

712 3503 1038 3571 μετανοῆσαι
1083 3503 1431 3572 βουλόμενοι’
1473 3503 1615 3555 οὕτω
1662 3505 1754 3555 καὶ
1799 3505 1896 3573 τῆς
1940 3505 2264 3572 ἀποφάσεως

706 3590 1076 3660 ἐξενεχθείσης
1109 3590 1314 3652 λοιπὸν,
1339 3592 1432 3643 καὶ
1462 3591 1674 3645 πάντων
1710 3591 2008 3660 μελλόντων
2030 3593 2260 3645 ἀπόλλυε

710 3676 862 3738 σθαι,
899 3658 989 3729 κᾶὶ
1023 3678 1463 3747 παραγενομένου
1496 3679 1588 3731 τοῦ
1619 3678 1790 3731 ταῦτα
1823 3679 2008 3748 χάριτι
2048 3679 2264 3743 λύοντος

708 3766 774 3817 τά
815 3765 981 3827 δεινὰ,
1024 3765 1205 3817 οὐκέτι
1236 3765 1423 3835 καιρὸν
1469 3763 1612 3834 εἶχον
1655 3768 1850 3820 ἐκεῖνοι
1895 3766 2264 3836 προϐαλέσθαι

711 3853 807 3920 τὴν
847 3853 953 3903 ἀπο
982 3852 1074 3902 τοῦ
1106 3853 1269 3920 νόμου
1301 3852 1602 3922 διόρθωσιν.
1628 3853 1689 3905 Εί
1719 3854 1825 3924 γάρ
1858 3856 2022 3924 ἐχρῆν
2055 3855 2264 3925 ἰσχυρί-

713 3936 900 4000 ζεσθαι
946 3936 1172 3998 τούτοις,
1205 3937 1309 4007 πρὸ
1334 3938 1434 4006 τῆς
1464 3939 1763 4006 παρουσίας
1789 3941 1984 4010 ἐχρῆν·
2019 3939 2267 4002 ἐλθόντος

710 4023 766 4076 δὲ
805 4025 900 4077 τοῦ
934 4025 1022 4077 διὰ
1066 4025 1165 4094 τῆς
1199 4027 1431 4088 πίστεως
1460 4025 1741 4088 σώζοντος,
1777 4027 2012 4096 ἀνῄρητο
2038 4027 2268 4081 λοιπὸνό

709 4111 817 4162 τῶν
847 4111 1070 4178 ἀγώνιον
1103 4112 1290 4182 καιρός
1312 4132 1322 4143 ·
1348 4113 1422 4182 ώς
1451 4113 1558 4181 γὰρ
1585 4113 1959 4182 ἐληλεγμένων
1990 4115 2264 4174 ἁπάντων,

711 4196 852 4250 οὓτω
884 4201 947 4266 τῇ
980 4198 1160 4268 χάριτι
1190 4181 1483 4262 σώζειίΔιὸ
1522 4201 1614 4251 καὶ
1646 4200 1737 4252 νῦν
1763 4195 1941 4270 ῆλθεν,
1968 4201 2051 4252 ἵνα
2082 4202 2155 4270 μὴ
2181 4201 2264 4252 λέ-

713 4298 882 4347 γωσιν
903 4300 914 4313 ·
934 4283 1022 4336 Ἐν
1049 4286 1187 4355 ἀρχῇ
1228 4286 1688 4356 παραγενομένου,
1723 4288 1802 4340 ὅτι
1828 4287 2050 4340 δυνατδν
2087 4284 2154 4358 ῆν
2180 4287 2267 4342 διὰ

715 4369 878 4436 νόμου
907 4370 1162 4439 σωθῆναι,
1191 4371 1283 4421 καὶ
1310 4372 1487 4432 πόνοις
1511 4372 1730 4434 οἰκείοις
1752 4375 1841 4424 καὶ
1863 4373 2265 4443 κατορθώμασι.

715 4455 929 4526 Ταύτην
971 4452 1062 4509 οὖν
1105 4457 1464 4523 ἐπιστομίζων
1505 4457 1681 4509 αὐτῶν
1733 4457 1826 4527 τὴν
1869 4459 2270 4527 ἀναισχυντίαν,

715 4541 897 4611 ἐμεινε
921 4542 1109 4612 χρόνον
1141 4543 1327 4604 πολὺν,
1354 4543 1492 4595 ὥστε
1524 4542 1661 4611 μετὰ
1681 4543 1740 4595 τὸ
1772 4543 1858 4596 διά
1879 4543 2026 4615 [487]
2055 4544 2272 4597 πάντων

715 4629 1034 4700 ἐλεγχθῆναι
1065 4629 1249 4697 σαφῶς
1265 4631 1365 4682 οὐκ
1388 4630 1689 4698 ἀρκοῦντας
1705 4633 1938 4693 ἐαυτοῖς,
1957 4632 2077 4684 τότε
2101 4631 2271 4685 σῶσαι

715 4717 801 4769 διὰ
838 4717 940 4786 τῆς
967 4717 1128 4769 αὑτοῦ
1158 4719 1396 4789 χάριτος.
1432 4719 1522 4770 Διὸ
1549 4720 1642 4770 καὶ
1667 4718 1922 4788 ἀνωτέρω
1955 4719 2146 4786 λέγων,
2171 4723 2272 4785 Εὶς

719 4803 977 4866 ἔνδειξιν
1001 4803 1108 4871 τῆς
1135 4803 1543 4871 δικαιοσύνης,
1576 4806 1875 4874 ἐπήγαγεν,
1927 4806 2022 4857 Ἐν
2050 4805 2129 4870 τῷ
2160 4807 2275 4860 νῦν

721 4889 920 4957 καιρῷ.
967 4891 1030 4942 Εἰ
1071 4892 1125 4944 δέ
1171 4893 1494 4959 ἀντιλέγοιεν
1547 4910 1723 4954 τινες,
1767 4893 1959 4947 ταυτὸν
2009 4893 2272 4957 ποιοῦσιν,

723 4974 910 5046 ὥσπερ
932 4974 995 5028 ἀν
1019 4977 1071 5027 εἴ
1100 4993 1182 5040 τις
1213 4979 1419 5046 μεγάλα
1441 4978 1775 5049 ἡμαρτηκὼς
1800 4978 1893 5031 καὶ
1925 4980 2000 5049 μὴ
2029 4979 2274 5049 δυνηθεὶς

721 5063 1164 5132 ἀπολογήσασθαι
1188 5066 1245 5116 ἐν
1272 5065 1620 5136 δικαστηρίῳ,
1643 5066 1774 5118 άλλά
1802 5067 2151 5137 κατακριθεὶς
2179 5068 2274 5120 καὶ

725 5149 1046 5214 κολάζεσθαι
1099 5151 1346 5220 μέλλων,
1401 5149 1520 5204 εἶτα
1575 5153 1681 5205 ἀπὸ
1731 5154 1934 5223 δωρεᾶς
1993 5154 2276 5224 βασιλικῆς

725 5233 965 5300 ἀφεθεὶς,
998 5235 1376 5304 ἀναισχυντοίη
1403 5235 1537 5304 μετά
1565 5235 1662 5306 τὴν
1683 5237 1874 5302 ἄφεσιν
1901 5237 2275 5306 καυχώμενος,

726 5317 818 5370 καὶ
856 5317 1026 5384 λέγων
1062 5318 1227 5387 μηδὲν
1267 5319 1660 5388 ἡμαρτηκέναι.
1708 5320 1844 5388 Πρὶν
1886 5320 1918 5389 ἢ
1960 5321 2069 5388 γὰρ
2107 5320 2278 5372 ἐλθεῖν

726 5400 820 5466 τὴν
863 5399 1086 5470 δωρεάν,
1123 5401 1398 5466 ἀποδεῖξαι
1443 5401 1575 5455 ἔδει’
1613 5403 1872 5472 ἐλθούσης
1928 5403 2004 5464 δὲ,
2054 5404 2152 5457 οὐκ
2213 5405 2279 5457 ἂν

729 5479 836 5548 ἔχοι
881 5483 1066 5552 καιρὸν
1111 5483 1414 5552 καυχᾶσθαι
1461 5482 1659 5538 λοιπόν.
1694 5489 1758 5538 Ὂ
1800 5486 1863 5556 δὴ
1911 5487 2004 5538 καὶ
2047 5487 2280 5539 ἐπὶτῶν

742 5564 1005 5617 Ἰουδαίων
1038 5567 1276 5634 γέγονεν.
1312 5567 1525 5638 Ἐπειδὴ
1549 5569 1656 5638 γάρ
1679 5571 1886 5623 οἴκοθεν
1918 5566 2056 5641 ἦσαν
2089 5572 2280 5640 προδε-

727 5644 962 5713 δομένοι,
995 5647 1082 5698 διά
1108 5649 1263 5702 τοῦτο
1285 5649 1669 5720 παραγέγονεν,
1699 5653 1846 5719 αὐτῷ
1871 5653 1944 5723 τῷ
1974 5655 2278 5724 παραγενέ-

732 5727 852 5779 σθαι
881 5727 976 5798 τὴν
1000 5731 1262 5799 καύχησιν
1285 5732 1542 5800 ἀναιρῶν.
1560 5734 1617 5784 ’0
1643 5734 1747 5804 γὰρ
1770 5735 1941 5802 λέγων
1966 5737 2282 5798 διδάσκαλος

733 5804 867 5861 εἶναι
912 5811 1138 5878 νηπίων.
1187 5813 1277 5864 καὶ
1329 5816 1387 5864 ἐν
1436 5813 1511 5884 τῷ
1553 5816 1700 5884 νόμῳ
1751 5819 2132 5888 καυχώμενος,
2190 5821 2284 5872 καὶ

737 5893 1022 5963 παιδευτὴν
1044 5896 1292 5965 ἀφρόνων
1310 5898 1496 5949 ἐαυτὸν
1524 5899 1821 5968 ὀνομάζων,
1839 5903 2039 5971 ὁμοίιος
2057 5904 2286 5964 ἐκείνοις

804 6023 826 6050 ⁸
857 6023 1009 6079 linus.
1035 6027 1110 6074 ὅτι
1135 6031 1222 6081 πᾶς
1243 6029 1440 6091 ἰατρείας
1461 6031 1704 6093 ἐξηλέγχθη
1731 6034 1911 6095 τςιὸπος.

1407 449 1460 502 S.
1504 446 1784 502 JOANNIS
1822 435 2302 497 CIII‘J'SUSTUMI
2349 437 2664 493 MHLIIIEP.
2709 435 3254 491 (IONSTANTINOP.

3832 426 3930 480 ιις

2363 551 2569 620 δεηθεὶς
2612 551 2702 604 τοῦ
2755 551 3062 614 διδάξαντος
3110 549 3203 601 καὶ
3239 547 3544 607 σώσαντος,
3579 543 3676 594 οὐκ
3723 541 3789 593 ἂν
3822 540 3931 607 ἔχοι

2363 638 2455 690 τοῦ
2490 639 2794 706 καυχᾶσθαι
2831 638 3118 705 πρόφασιν.
3158 634 3218 686 Εἰ
3250 633 3356 700 γάρ
3387 631 3477 682 καὶ
3525 631 3630 700 πρὸ
3676 627 3870 680 τούτου
3902 627 3933 692 ἡ

2365 727 2629 794 περιτομὴ
2681 723 3013 792 ἀκροϐυστία
3064 721 3295 788 ἐγένετο,
3346 717 3522 785 πολλῷ
3568 715 3774 784 μᾶλλον
3802 714 3902 765 νῦν

2363 812 2455 862 καὶ
2493 811 2597 879 γάρ
2629 808 2685 873 ἐξ
2719 810 2989 878 ἑκατέρων
3023 802 3384 875 ἐκθέδληταιδ
3422 803 3530 854 τῶν
3575 803 3806 870 καιρῶν.
3840 801 3933 854 El-

2362 898 2477 950 πὼν
2519 898 2595 958 δέ,
2630 898 2711 949 ὃτι
2753 895 3138 960 Ἐξεκλείσθη
3165 932 3179 954 ,
3213 893 3450 943 δείκνυσι
3484 889 3578 942 καὶ
3627 889 3767 950 πῶς.
3811 887 3934 949 Πῶς

2359 979 2451 1036 οὖν
2488 982 2795 1051 ἐξεκλείσθη
2819 1021 2832 1041 ,
2865 979 3026 1050 φησί;
3060 979 3163 1032 Διά
3202 977 3377 1029 ποίου
3410 977 3635 1043 νόμου;
3681 973 3805 1026 τῶν
3837 974 3933 1040 ἐρ-

2363 1087 2514 1138 γων;
2540 1069 2704 1135 Οὐχί,
2736 1068 2896 1121 ἀλλὰ
2925 1066 3020 1120 διὰ
3042 1066 3228 1133 νόμου
3259 1063 3536 1126 πίστεως.

2429 1255 2487 1307 δ’.
2539 1255 2666 1308 Ἰδοὺ
2692 1256 2784 1308 καὶ
2807 1255 2902 1324 τὴν
2931 1255 3107 1306 πίστιν
3134 1252 3293 1320 νόμον
3320 1249 3594 1307 ἐκάλεσεν.
3623 1250 3646 1300 ἐ
3656 1247 3930 1318 μφιλοχω-

2360 1343 2465 1411 ρῶν
2499 1346 2606 1403 τοῖς
2627 1343 2900 1410 ὀνόμασιν,
2928 1342 3066 1393 ὥστε
3095 1337 3529 1407 παραμυθεῖσθαι
3549 1337 3642 1405 τὴν
3668 1333 3933 1386 δοκοῦσαν

2359 1424 2497 1479 εἶναι
2527 1428 2892 1497 καινοτομίαν.
2930 1429 3023 1488 Τίς
3053 1427 3106 1478 δέ
3140 1429 3167 1476 δ
3206 1426 3303 1492 τῆς
3336 1426 3570 1485 πίστεως
3602 1421 3768 1490 νόμος
3794 1437 3806 1478 ;
3836 1421 3930 1472 Διά

2359 1515 2580 1583 χάριτος
2615 1513 2904 1577 σώζεσθαι.
2937 1512 3198 1565 Ἐνταῦθα
3228 1511 3288 1562 τδ
3318 1510 3538 1563 δυνατὸν
3563 1509 3809 1560 δείκνυσι
3841 1507 3933 1558 τοῦ

2359 1603 2514 1663 Θεοῦ,
2547 1603 2628 1654 ὅτι
2666 1603 2726 1654 οὐ
2763 1601 2920 1668 μόνον
2949 1600 3183 1664 ἔσωσεν,
3220 1597 3355 1651 ἀλλά
3384 1598 3477 1649 καὶ
3515 1595 3805 1646 ἐδικαίωσε
3841 1595 3934 1646 καὶ

2360 1705 2440 1750 εις
2474 1687 2743 1757 καύχησιν
2774 1688 2969 1756 ἦγαγε,
3011 1687 3104 1739 καὶ
3149 1684 3268 1737 οὐδὲ
3312 1684 3493 1752 ἔργων
3521 1680 3760 1752 δεηθεὶς,
3799 1680 3934 1732 ἀλλὰ

2364 1774 2542 1828 πίστιν
2589 1776 2830 1843 ζητήσας
2866 1774 3044 1842 μόνον.
3079 1771 3262 1824 Ταῦτα
3294 1771 3348 1823 δὲ
3376 1771 3544 1837 λέγει,
3588 1769 3683 1822 καὶ
3715 1767 3810 1819 τὸν
3842 1783 3933 1818 wn

2363 1863 2661 1914 στεύσαντα
2699 1860 2948 1912 Ἰουδαῖον
2990 1857 3299 1928 μετριάζειν
3331 1853 3795 1926 παρασκευάζων,
3842 1852 3934 1904 καὶ

2361 1948 2451 2002 τὸν
2489 1949 2561 2016 μὴ
2596 1945 2964 2000 πιστεύσαντα
3002 1944 3419 2005 καταστέλλων,
3463 1943 3599 1994 ὥστε
3641 1941 3806 1993 αὐτὸν
3840 1941 3932 2005 ἐτρ-

2359 2035 2705 2087 ελκύσασθαι.
2752 2034 2811 2084 Ὀ
2848 2033 2946 2101 μὲν
2975 2031 3082 2101 γὰρ
3113 2031 3323 2092 σωθεὶς,
3362 2030 3427 2083 ἃν
3459 2029 3599 2098 μέγα
3635 2032 3813 2097 ψρονῇ
3859 2026 3936 2094 τῷ

2360 2123 2506 2192 νόμῳ
2535 2123 2838 2192 προσέχων,
2869 2121 3159 2173 ἀκούσεται
3185 2121 3266 2171 ὅτι
3298 2118 3460 2180 αὐτὸς
3484 2117 3648 2170 αὑτοῦ
3672 2116 3731 2168 τὸ
3762 2117 3936 2184 στόμα

2362 2208 2674 2281 ἐνέφραξεν,
2712 2208 2871 2269 αὐτὸς
2918 2207 3080 2260 αὑτοῦ
3128 2205 3528 2275 κατηγόρησεν,
3560 2203 3723 2263 αὐτὸς
3767 2203 3937 2255 αὑτοῦ

2362 2298 2458 2366 τῆν
2489 2297 2758 2364 σωτηρίαν
2784 2295 3151 2364 ἀπηγόρευσε,
3187 2293 3282 2345 καὶ
3314 2291 3374 2342 τδ
3403 2291 3664 2359 καύχημα
3693 2289 3938 2351 ἐξέκλει-

2366 2398 2474 2435 σεν·
2497 2385 2522 2435 ὁ
2547 2382 2602 2433 δέ
2630 2382 2702 2451 μὴ
2742 2381 3035 2442 πιστεύσας
3066 2379 3245 2442 πάλιν,
3273 2378 3359 2430 διὰ
3382 2378 3491 2429 τῶν
3521 2377 3698 2429 αὐτῶν
3727 2375 3939 2426 τούτων

2362 2468 2738 2530 ταπεινωθεὶς,
2759 2467 3134 2536 προσαχθῆναι
3156 2469 3222 2535 τῇ
3251 2467 3428 2518 πίστει
3453 2465 3763 2533 δυνήσεται.
3788 2458 3940 2523 Εἶδες

2365 2558 2502 2625 πόση
2537 2557 2634 2624 τῆς
2664 2555 2899 2616 πίστεως
2940 2556 2972 2624 ὴ
3006 2552 3322 2622 περιουσίας
3356 2551 3472 2613 πῶς
3510 2551 3790 2616 ἀπέστησε
3830 2551 3941 2600 τῶν

2365 2643 2682 2714 προτέρων,
2750 2641 2884 2710 μηδέ
2938 2639 3244 2709 καυχᾶσθαι
3307 2638 3390 2690 ἐπ’
3453 2638 3634 2698 αὐτοῖς
3698 2637 3938 2701 again;

2366 2734 2719 2802 Λογιζόμεθα
2775 2727 2886 2785 οὖν
2941 2733 3138 2782 πίστει
3185 2728 3557 2781 δικαιοῦσθαι
3616 2726 3942 2792 62%};me-

2364 2824 2538 2886 χωρίς
2571 2820 2758 2888 ἔργων
2791 2819 2998 2884 νόμου.
3035 2817 3166 2869 ’Ὅτε
3217 2815 3412 2880 ἔδειξεν
3442 2813 3747 2882 ἀνωτέρους
3779 2812 3939 2872 δντας

2365 2907 2472 2960 ἀπὸ
2521 2907 2620 2974 τῆς
2668 2907 2899 2965 πίστεως
2944 2905 3049 2956 τῶν
3092 2903 3380 2964 Ἰουδαίων,
3419 2901 3535 2954 τότε
3571 2900 3756 2952 λοιπὸν
3802 2899 3940 2968 μετά

2365 2994 2564 3061 πολλῆς
2608 2994 2704 3060 τῆς
2740 2992 3048 3062 παρρησίας
3080 2991 3174 3042 καὶ
3224 2990 3350 3059 περὶ
3392 2988 3562 3055 αὐτῆς
3605 2987 3939 3052 διαλέγεται.

2364 3081 2458 3134 καὶ
2502 3081 2562 3132 τὸ
2589 3077 2776 3131 δοκοῦν
2821 3077 3054 3131 ἐνταῦθα
3102 3076 3373 3145 θορυϐεῖν,
3419 3075 3576 3127 πάλιν
3609 3075 3780 3126 ἰᾶται.
3832 3073 3943 3124 Καὶ

2367 3167 2474 3236 γάρ
2497 3167 2588 3218 δύο
2613 3165 2784 3217 ταῦτα
2817 3166 2882 3217 τὰ
2910 3164 3248 3234 ταράττοντα
3276 3157 3342 3232 ῆν
3382 3159 3696 3223 Ἰουδαίους,
3722 3159 3781 3210 ἐν
3821 3159 3942 3228 μὲν,

2368 3256 2416 3306 εἰ
2440 3254 2562 3314 τοὺς
2594 3251 2709 3320 μετ’
2739 3251 2912 3320 ἔργων
2934 3251 3006 3318 μὴ
3032 3250 3301 3311 σωθέντας
3328 3248 3549 3302 δυνατὸν
3570 3247 3738 3317 χωρὶς
3759 3246 3943 3316 ἔργων

2372 3340 2640 3408 σωθῆναιο
2685 3338 2868 3407 ἕτερον
2909 3337 3000 3402 δέ,
3046 3336 3094 3387 εί
3141 3335 3266 3397 τοὺς
3311 3333 3679 3402 ἀκροϐύστους
3729 3333 3945 3385 δίκαιον

2366 3429 2474 3483 τῶν
2519 3425 2697 3481 αὐτῶν
2734 3423 3037 3479 ἀπολαῦσαι
3083 3426 3196 3486 τοῖς
3241 3425 3298 3475 ἐν
3327 3422 3564 3491 τοσούτῳ
3596 3421 3775 3490 χῴνῳ
3821 3437 3946 3472 συν-

2367 3520 2622 3588 τραφεῖσι
2652 3515 2728 3584 τῷ
2759 3516 2941 3584 νόμῳ*
2996 3513 3023 3566 ὃ
3071 3512 3250 3582 πολλῷ
3294 3510 3388 3563 τοῦ
3440 3510 3704 3580 προτέρου
3739 3509 3947 3578 μᾶλλον

2367 3607 2561 3668 αὐτοὺς
2591 3603 2936 3672 ἐξετάραττε.
2965 3601 3060 3654 Διά
3098 3599 3256 3653 τοῦτο
3283 3601 3459 3651 ἐκεῖνο
3499 3597 3944 3658 κατασκευάσας,

2366 3693 2458 3745 ἐπί
2487 3691 2646 3745 τοῦτο
2673 3691 2857 3744 λοιπὸν
2892 3689 3116 3755 ἔξεισιν
3151 3690 3286 3757 ὅπερ
3324 3685 3496 3746 οὕτως
3524 3682 3775 3753 ἐθορύϐει
3817 3685 3946 3746 τοὺς

2380 3779 2688 3841 Ἰουδαίους,
2730 3778 2804 3840 ὼς
2850 3776 2945 3829 καὶ
2981 3775 3174 3843 Πέτρῳ
3210 3771 3347 3842 μετὰ
3378 3772 3474 3840 τὴν
3521 3771 3701 3822 πίστιν
3736 3770 3949 3838 ταύτης

2368 3864 2554 3916 ἔνεκεν
2592 3861 2884 3930 ἐγκαλέσαι
2910 3859 3009 3928 τῆς
3035 3858 3364 3918 ὑποθέσεως,
3394 3855 3694 3924 Κορνηλίου
3718 3854 3810 3908 καὶ
3836 3854 3948 3908 τῶν

2371 3951 2490 4002 κατ’
2520 3949 2679 4003 αὐτὸν
2710 3948 2892 4000 ἕνεκεν
2927 3945 3287 4016 πραγμάτων.
3333 3944 3396 3994 Τί
3440 3938 3532 3994 οῦν
3561 3958 3726 4012 φησις
3772 3947 3950 4012 Λογι-

2372 4039 2580 4105 ζόμεθα
2631 4033 2744 4092 οὖν
2782 4037 2980 4088 πίστει
3014 4033 3387 4086 δικαιοῦσθαι
3428 4029 3574 4101 [488]
3628 4031 3950 4097 ἅνθρωποι·

2373 4126 2546 4194 χωρὶς
2576 4124 2764 4191 ἔργων
2788 4124 2995 4191 νόμου.
3022 4122 3134 4172 Οὐκ
3159 4115 3310 4171 εἶπεν
3347 4119 3618 4184 Ἰουδαῖον,
3648 4117 3680 4186 ῆ
3713 4117 3802 4169 τὸν
3841 4118 3950 4170 ῦπδ

2371 4212 2463 4262 τὸν
2494 4210 2655 4278 νόμον
2685 4211 2833 4267 ὄντα.
2868 4208 2980 4262 ἀλλ’
3015 4204 3296 4271 ἐξαγαγὼν
3337 4205 3429 4256 τὸν
3457 4204 3615 4271 λόγον
3657 4205 3736 4265 είς
3774 4204 3950 4274 εὐρυ-

2374 4298 2611 4368 χωρίαν,
2653 4299 2744 4350 καὶ
2794 4301 2858 4367 τῇ
2910 4295 3205 4366 οἰκουμένῃ
3256 4295 3353 4354 τάς
3387 4292 3554 4363 θύρας
3587 4291 3806 4355 ἀνοίξας
3848 4293 3950 4362 τῆς

2376 4386 2666 4455 σωτηρίας.
2694 4387 2877 4454 φησιν,
2907 4385 3268 4449 Ἄνθρωπον,
3298 4380 3357 4432 τὺ
3389 4379 3566 4433 κοινὸν
3596 4379 3697 4449 τῆς
3724 4379 3952 4447 φύσεως

2374 4471 2546 4540 ὄνομα
2591 4471 2721 4532 θείς.
2772 4466 2903 4523 Εἶτα
2949 4469 3056 4521 ἀπὸ
3097 4469 3286 4522 τούτου
3330 4466 3511 4520 λαϐὼν
3549 4465 3827 4536 ἀφορμὴν.
3875 4468 3950 4536 μὴ

2377 4558 2629 4610 τεθεῖσαν
2662 4556 2933 4610 ἀντίθεσιν
2969 4556 3103 4609 λύει.
3148 4555 3366 4624 Ἐπειδὴ
3397 4553 3504 4624 γὰρ
3528 4554 3672 4615 είκδς
3699 4549 3767 4624 ἦν
3809 4554 3952 4606 ’1ου-

2376 4645 2555 4706 δαίους
2588 4643 2960 4705 ἀκούσαντας,
3004 4645 3087 4696 ὅτι
3135 4642 3312 4695 πάντα
3360 4641 3647 4710 ἄνθρωπον
3681 4642 3716 4709 ἠ
3761 4641 3953 4703 πίστις

2378 4731 2593 4793 δικαιοῖ,
2618 4729 2986 4799 δυσχεραίνειν
3010 4729 3104 4782 καὶ
3133 4728 3594 4792 σκανδαλίζεσθαι,
3629 4728 3914 4796 ἐπήγαγεν
3933 4741 3950 4758 ο

2379 4820 2446 4872 Ἣ
2475 4818 2767 4871 Ἰουδαίων
2793 4820 2822 4870 ό
2853 4818 2995 4883 Θεὸς
3023 4818 3249 4885 μόνον;
3277 4816 3354 4879 ὡς
3381 4815 3446 4868 ἂν
3477 4817 3524 4867 εί
3551 4814 3699 4881 ἔλεγε
3725 4831 3738 4842 ·
3770 4814 3871 4867 Διά
3901 4817 3953 4868 τί

2379 4905 2484 4975 γάρ
2509 4921 2586 4957 σοι
2617 4903 2776 4956 τοῦτο
2802 4904 3000 4958 ἄτοπον
3030 4899 3168 4954 εἶναι
3195 4903 3360 4964 δοκεῖ,
3379 4900 3439 4953 τδ
3463 4902 3634 4954 πάντα
3661 4901 3954 4972 ἄνθρωπον

2382 4992 2682 5057 σώζεσθαι;
2727 4991 2798 5061 μὴ
2842 4991 2950 5058 γὰρ
2981 4989 3206 5060 μερικός
3236 4991 3381 5042 ἐστιν
3411 4989 3440 5040 ὁ
3468 4989 3634 5054 Θεός;
3662 4989 3724 5041 ἐκ
3751 4989 3954 5042 τούτου

2381 5079 2612 5141 δεικνὺς,
2654 5080 2735 5132 ὅτι
2765 5077 3077 5148 βουλόμενοι
3107 5079 3218 5139 τοῖς
3243 5076 3449 5130 ἔθνεσιν
3475 5075 3823 5146 ἐπηρεάζειν,
3856 5076 3954 5129 τ‹.ῦ

2383 5164 2517 5218 Θεοῦ
2544 5165 2641 5235 τὴν
2666 5165 2823 5230 δόξαν
2849 5163 2911 5215 λυ
2923 5163 3198 5233 μαίνονται
3233 5163 3450 5234 μᾶλλον,
3471 5165 3522 5216 εί
3539 5179 3602 5230 γε
3632 5162 3706 5232 μὴ
3732 5178 3956 5233 συγχω.

2385 5255 2524 5321 ροῖεν
2554 5253 2714 5306 αὐτὸν
2744 5252 2958 5304 πάντων
2987 5245 3124 5305 εἶναι
3157 5251 3309 5305 Θεόν.
3348 5253 3413 5306 Et
3443 5251 3500 5302 δὲ
3540 5253 3756 5303 πάντων
3805 5252 3954 5316 ἐστὶ,

2384 5339 2478 5392 καὶ
2523 5344 2828 5410 προνοεῖται
2873 5338 3120 5391 πάντων·
3168 5340 3217 5391 εί
3266 5339 3321 5392 δέ
3370 5340 3677 5406 προνοεῖται
3703 5338 3955 5399 πάντων,

2385 5425 2593 5487 πάντας
2635 5425 2832 5493 ὁμοίως
2881 5424 3041 5488 σώζει
3078 5425 3166 5478 διά
3213 5425 3311 5494 τῆς
3349 5424 3605 5486 πίστεως.
3659 5423 3755 5476 Διά
3790 5425 3962 5479 τοῦτό

2385 5529 2574 5581 φησιν⁹
2616 5513 2685 5565 Ἢ
2721 5511 3012 5564 Ἰουδαίων
3051 5517 3082 5566 ὀ
3123 5513 3265 5576 Θεὸς
3304 5511 3529 5579 μόνονς
3569 5513 3703 5580 οὐχὶ
3751 5510 3821 5563 δὲ
3860 5512 3962 5565 καὶ

2386 5598 2607 5659 ἐθνῶνς
2648 5597 2763 5650 Ναὶ
2795 5598 2893 5652 καὶ
2919 5597 3125 5653 ἐθνῶν.
3169 5599 3243 5651 Οὐ
3283 5599 3388 5668 γάρ
3416 5600 3528 5653 ἐστι
3564 5597 3808 5669 μερικδς,
3854 5595 3964 5654 οἷοι

2386 5687 2433 5738 οί
2477 5685 2743 5756 Ἑλλήνων
2779 5687 2978 5756 μῦθοι,
3024 5685 3157 5738 ἀλλὰ
3187 5686 3361 5747 κοινὸς
3409 5687 3664 5740 ἀπάντων
3706 5684 3801 5737 καὶ
3834 5680 3960 5749 εἷς’

2386 5770 2466 5823 διὸ
2499 5771 2588 5822 καὶ
2616 5772 2840 5838 ἐπάγει·
2886 5772 3158 5838 Ἐπεὶπερ
3195 5767 3282 5838 εἷς
3311 5776 3341 5826 ό
3369 5774 3530 5836 Θεός.
3581 5769 3903 5837 Τουτέστιν,
3937 5773 3966 5829 ὁ

2391 5857 2550 5920 αὐτὸς
2586 5858 2681 5909 καὶ
2709 5859 2912 5910 τούτων
2940 5858 3204 5910 κάκείνων
3229 5859 3525 5929 Δεσπότης.

2457 6034 2482 6072 ιι
2511 6034 2704 6093 .\l0ro|.,
2731 6009 2964 6095 βέε>,ητἀι.
