4118 6340
182 381 272 445 MS

180 507 324 566 quain
356 490 665 560 ffequenter
692 485 797 544 illis
824 496 1039 557 peccata
1072 483 1124 536 iii
1157 479 1470 535 memoriam
1500 469 1754 566 revocet‘l

183 561 416 657 superius
445 582 661 654 quidem
702 596 823 636 cum
853 578 983 632 dicit
1013 593 1026 628 :
1063 573 1166 628 Per
1207 573 1366 643 legem
1394 569 1530 623 enim
1559 561 1754 657 peccati

183 655 419 747 cognitio,-
466 683 651 744 postea
685 686 833 735 vero,
888 669 1021 734 Quia
1060 682 1230 720 omnes
1268 668 1637 737 pegcaverunt;
1669 655 1757 709 hic

183 779 345 821 autem
376 763 770 822 vehementius.
802 760 916 815 Non
948 760 1091 813 enim
1123 754 1276 820 dixit,
1307 755 1532 822 Propter
1570 759 1757 820 pecca-

185 869 229 912 ta
251 875 267 923 ;
288 857 402 924 sed,
433 856 648 924 Propter
683 852 1071 912 relaxationem,
1106 848 1209 901 hoc
1233 856 1338 912 est,
1368 853 1590 914 propter
1614 855 1759 894 mor-

184 949 534 1004 tillcalionem.
567 945 683 1002 Non
711 945 854 999 enim
884 943 1021 996 ultra
1052 953 1178 1009 spes
1204 937 1450 994 sanitatis
1480 941 1627 997 erat;
1660 929 1756 986 sed

184 1041 320 1111 quasi
351 1053 546 1107 corpus
578 1036 928 1108 paralyticum
970 1047 1201 1101 superna
1228 1030 1420 1100 egebat
1448 1042 1606 1082 manu
1639 1044 1652 1081 :
1681 1025 1759 1081 sic

184 1141 231 1187 ct
253 1133 423 1184 anima
446 1127 786 1182 mortificata.
809 1125 1069 1192 Quodque
1094 1122 1307 1191 gravius
1333 1127 1436 1188 est,
1464 1128 1518 1175 et
1541 1116 1682 1189 quod
1705 1115 1757 1171 in

185 1236 329 1276 causa
358 1235 479 1275 esse
508 1220 660 1284 dicit,
685 1220 941 1287 majorem
970 1214 1367 1269 accusationem
1398 1213 1590 1267 mereri
1619 1210 1760 1265 indi-

185 1326 279 1369 cat.
323 1313 458 1381 Quid
508 1313 636 1368 illud
685 1312 804 1368 est?
835 1307 987 1376 Quod
1031 1306 1082 1360 in
1115 1305 1395 1360 tolerantia
1430 1304 1520 1358 Dei
1555 1302 1642 1358 illa
1671 1316 1759 1356 re-

186 1404 357 1460 missio
383 1406 519 1459 facta
558 1405 649 1458 sit.
683 1403 865 1472 Neque
906 1397 1051 1454 enim
1077 1396 1259 1451 dicere
1287 1396 1532 1466 potestis,
1567 1394 1758 1463 inquit,

187 1511 271 1549 vos
299 1509 399 1548 non
428 1494 656 1548 multam
684 1491 1020 1546 tolerantiam
1059 1504 1122 1543 ac
1163 1487 1542 1557 benignitatem
1575 1492 1763 1538 nactos

185 1601 314 1640 esse.
348 1584 477 1638 Illud
507 1594 710 1650 autem,
759 1582 822 1637 ln
864 1584 1098 1654 pra’senli
1121 1593 1364 1653 tempore,
1392 1578 1511 1648 ejus
1536 1585 1639 1639 est,
1673 1573 1763 1644 qui

187 1692 416 1746 magnam
447 1675 792 1730 tolerantiam
826 1687 878 1730 et
907 1675 1300 1730 humanitatem
1330 1669 1593 1726 exhibuit.
1627 1666 1762 1721 Cum

186 1768 316 1822 enim
359 1766 410 1820 in
441 1766 874 1836 desperationem
899 1767 1002 1821 acti
1027 1776 1292 1829 essemus,
1327 1761 1518 1832 inquit,
1549 1773 1614 1814 ac
1639 1773 1765 1812 seu-

190 1860 354 1916 tentia:
379 1867 594 1928 tempus
623 1859 854 1924 adesset,
886 1859 1133 1929 malaque
1155 1865 1312 1912 aucta
1341 1859 1522 1909 essent
1549 1866 1612 1906 ac
1639 1865 1768 1921 pec-

189 1965 293 2006 cata
322 1952 386 2007 ad
408 1953 684 2006 cumulum
711 1951 1082 2007 ascendissent
1109 1969 1121 2006 :
1157 1959 1282 2004 tunc
1311 1948 1402 2003 ille
1449 1953 1770 2017 potestatem

191 2059 325 2097 suain
351 2042 615 2110 exhibuit,
649 2053 708 2096 ut
733 2042 909 2098 discas
935 2051 1131 2113 quanta
1159 2041 1298 2111 apud
1344 2040 1492 2094 illiilli
1523 2035 1770 2105 sitjusti-

193 2138 269 2188 tiae
294 2135 464 2204 cepia.
499 2135 686 2205 Neque
715 2135 858 2218 eqim
891 2135 1044 2202 illud,
1091 2135 1136 2189 si
1182 2117 1234 2188 in
1264 2133 1525 2202 principio
1572 2131 1769 2185 factum

195 2226 384 2290 fuisset,
419 2236 527 2279 tam
569 2226 764 2280 mirum
795 2241 858 2282 ac
902 2227 1223 2297 stupendum
1258 2226 1428 2280 visum
1475 2225 1681 2286 fuisset,
1717 2231 1775 2276 ut

195 2333 341 2378 nunc.
371 2332 491 2371 cum
520 2315 801 2371 medicina:
829 2318 1004 2371 omnis
1028 2319 1217 2372 modus
1243 2327 1526 2387 superatus
1551 2325 1654 2371 est.
1679 2313 1769 2369 27.

199 2409 285 2465 Ubi
306 2411 459 2480 igitur
481 2411 721 2480 glariatio
742 2411 767 2463 ἵ
793 2409 1020 2465 Επιιιεα
1047 2421 1139 2475 est,
1173 2411 1364 2480 inquit.
1391 2408 1496 2463 Per
1521 2425 1674 2478 quam
1699 2409 1776 2463 le-

196 2505 336 2574 gem?
363 2504 656 2572 factorum?
686 2501 805 2556 Non
828 2520 848 2569 ;
878 2504 967 2557 sed
996 2520 1084 2572 per
1104 2503 1263 2573 legem
1284 2502 1426 2572 ﬁdei.
1458 2501 1778 2572 Magnopere

199 2596 390 2649 laborat
429 2595 629 2649 Paulus
672 2603 730 2648 ut
769 2593 1040 2660 ostendat,
1074 2601 1279 2648 tantum
1311 2593 1548 2648 valuisse
1590 2591 1774 2658 fidem,

197 2695 436 2756 quantum
460 2687 546 2741 lex
569 2702 856 2756 numquam
875 2687 958 2741 vel
977 2686 1254 2756 imaginari
1278 2687 1471 2756 potuit.
1493 2687 1779 2756 Postquam

197 2781 328 2833 enim
355 2779 507 2846 dixit,
542 2778 686 2849 quod
720 2779 862 2833 Deus
899 2778 1171 2834 hominem
1200 2779 1458 2849 justiﬁcet
1486 2794 1516 2833 a
1545 2779 1669 2845 lide,
1700 2779 1779 2834 le-

198 2884 306 2937 gem
329 2884 512 2924 rursus
537 2870 780 2924 assumit.
824 2869 1007 2939 Neque
1033 2869 1164 2924 dicit
1188 2889 1201 2924 :
1239 2869 1338 2925 Ubi
1370 2885 1498 2940 ergo
1527 2871 1781 2938 pra-clara

199 2960 492 3015 Judieorum
540 2961 743 3029 opera?
771 2959 860 3015 ubi
900 2961 1127 3026 justitia:
1156 2960 1510 3015 exercitium?
1533 2961 1648 3026 sed,
1685 2960 1784 3016 Ubi

202 3051 463 3121 gloriatio?
487 3052 686 3120 ubique
729 3050 1022 3106 ostendens
1053 3051 1176 3106 illos
1215 3065 1337 3106 sese
1381 3050 1665 3121 magnifice
1697 3052 1784 3121 ja-

203 3151 414 3205 ctantes,
443 3143 598 3213 quasi
629 3142 754 3213 quid
786 3143 902 3212 plus
925 3143 1187 3198 haberent
1215 3158 1372 3213 quam
1401 3143 1523 3210 alii;
1550 3143 1642 3198 sed
1669 3144 1788 3197 nul-

200 3237 302 3290 luin
330 3251 462 3306 opus
492 3235 752 3305 proferre.
786 3237 864 3290 Ac
891 3251 1012 3291 cum
1035 3235 1261 3291 dixisset
1287 3256 1299 3290 :
1333 3235 1432 3292 Ubi
1453 3254 1571 3307 ergo
1591 3237 1786 3307 gloria-

203 3330 304 3382 tio?
328 3345 429 3383 uon
459 3327 740 3398 reSpondit
767 3345 782 3381 ε
816 3329 1091 3384 Absccssit
1115 3338 1170 3383 et
1196 3329 1387 3399 periit;
1419 3329 1534 3393 sed,
1562 3328 1788 3385 Exclusa

202 3430 300 3470 est:
327 3419 466 3488 quod
490 3427 642 3473 extra
673 3429 883 3490 tempus
908 3434 1062 3474 suum
1084 3434 1204 3475 esse
1225 3419 1445 3475 denotat
1471 3437 1484 3485 ;
1513 3437 1619 3477 non
1650 3423 1786 3477 ultra

203 3508 332 3561 enim
378 3519 591 3579 tempus
632 3507 750 3579 eius
796 3519 899 3564 est.
952 3509 1020 3566 Ut
1050 3510 1194 3564 enim
1225 3509 1547 3566 adveniente
1585 3512 1789 3582 judicio

206 3615 301 3652 tnui
335 3601 469 3654 ultra
506 3610 720 3670 tempus
762 3599 961 3656 habent
999 3601 1057 3668 ii,
1089 3601 1181 3672 qui
1214 3602 1591 3671 paenitentiam
1629 3619 1790 3675 agere

204 3692 433 3745 vellent:
477 3692 560 3746 sic
603 3693 870 3747 sententia
918 3692 1135 3748 demum
1177 3695 1403 3764 prolata,
1443 3710 1567 3749 cum
1599 3711 1789 3752 omnes

204 3784 412 3852 perituri
441 3793 648 3849 essent,
697 3785 895 3853 illeque
929 3785 1257 3853 advenisset,
1287 3787 1377 3856 qui
1406 3787 1545 3842 mala
1577 3788 1664 3842 illa
1693 3802 1791 3856 per

203 3875 413 3942 gratiam
444 3875 754 3930 sublaturus
780 3889 930 3942 erat;
964 3893 1069 3931 non
1101 3878 1237 3932 ultra
1257 3888 1465 3949 tempus
1489 3878 1792 3935 habuerunt

207 3964 295 4031 illi,
324 3977 379 4019 ut
404 3967 838 4021 emendationem
865 3983 932 4022 ex
956 3968 1074 4038 lege
1098 3967 1392 4024 faciendam
1411 3970 1787 4027 obtenderent.

203 4056 251 4109 Si
277 4056 417 4110 enim
444 4056 776 4126 oportuisset
803 4057 886 4112 his
907 4072 966 4113 se
985 4057 1331 4126 conﬁrmare,
1360 4059 1410 4115 id
1440 4070 1567 4115 ante
1591 4061 1792 4117 adven-

207 4155 306 4198 tum
331 4145 447 4216 ejus
478 4145 675 4201 factum
705 4148 944 4217 oportuit
977 4166 991 4203 :
1022 4149 1271 4205 veniente
1312 4160 1492 4207 autem
1538 4152 1654 4218 illo,
1699 4155 1791 4224 qui

205 4251 291 4304 per
319 4237 476 4293 ﬁdem
505 4247 708 4306 servat,
740 4241 1008 4295 sublatum
1039 4242 1250 4298 tandem
1279 4253 1396 4299 erat
1435 4247 1790 4302 certaminum

208 4341 452 4400 tempus:
497 4340 687 4400 utpote
733 4334 878 4387 enim
926 4333 1218 4390 confutatis
1250 4338 1520 4404 omnibus,
1575 4340 1654 4394 sic
1697 4355 1793 4410 per

203 4422 416 4488 gratiam
445 4423 677 4477 salutem
715 4422 827 4478 dat.
859 4424 1199 4496 Quapropter
1243 4444 1387 4484 nunc
1414 4429 1505 4484 ille
1537 4433 1700 4496 venit,
1737 4442 1792 4488 ut

207 4527 266 4563 ne
292 4512 557 4579 dicerent,
592 4513 647 4568 Si
682 4514 733 4567 iu
775 4516 1037 4586 principio
1091 4518 1347 4586 venisset,
1393 4522 1630 4590 poniisse
1675 4524 1794 4578 ﬁeri

207 4610 256 4654 ut
284 4617 376 4670 per
404 4603 580 4673 legem
613 4604 760 4658 salus
787 4605 1132 4662 obtineretur
1162 4609 1394 4678 propriis
1435 4611 1711 4668 laboribus
1740 4623 1794 4669 et

204 4693 463 4760 operibus.
493 4694 642 4750 llanc
672 4695 832 4766 igitur
856 4697 1070 4753 illorum
1094 4699 1478 4769 impudentiam
1508 4703 1788 4772 cohibens,

203 4785 450 4842 diuturno
481 4799 725 4857 tempore
751 4789 975 4857 distulit,
1002 4791 1072 4845 ita
1093 4801 1149 4846 ut
1177 4802 1457 4864 postquam
1491 4811 1586 4866 per
1612 4799 1792 4854 omnia

203 4877 592 4946 deprehensum
623 4890 767 4935 esset
798 4882 943 4952 ipsos
972 4898 1078 4938 non
1109 4885 1210 4939 sibi
1245 4886 1512 4955 sufﬁcere,
1546 4898 1669 4944 tunc
1698 4907 1795 4959 per

204 4969 418 5036 gratiam
448 4987 603 5027 suam
629 4974 855 5029 salutem
886 4975 992 5029 illis
1022 4975 1193 5031 daret.
1224 4977 1350 5034 Ideo
1377 4995 1499 5035 cum
1527 4997 1687 5052 supra
1714 4984 1795 5038 di-

208 5060 380 5126 xisset,
426 5062 506 5116 Ad
536 5065 872 5118 ostensionem
912 5067 1152 5136 justitiw,
1194 5069 1392 5139 intr-it,
1441 5071 1508 5126 In
1556 5078 1795 5143 praesenti

209 5160 444 5220 tempore.
477 5153 633 5219 Quod
661 5155 703 5208 si
732 5157 946 5225 quidam
975 5159 1424 5226 contradixerint,
1460 5164 1689 5234 idipsum
1719 5168 1796 5220 fa-

207 5243 363 5309 ciunt,
405 5261 469 5302 ac
514 5247 562 5301 si
601 5248 722 5316 quis
760 5259 879 5318 post
918 5251 1084 5306 multa
1127 5252 1362 5310 admissa
1397 5269 1635 5326 peccata,
1671 5276 1793 5315 cum

210 5348 307 5388 non
337 5338 507 5404 possit
528 5339 579 5391 iu
599 5339 801 5407 judicio
831 5356 948 5395 sese
977 5358 1220 5414 purgare,
1247 5346 1341 5400 sed
1365 5349 1645 5404 damnat-us
1667 5339 1806 5422 sup-'

211 5425 361 5490 plicio
391 5428 685 5484 tradendus
715 5431 804 5498 sit,
836 5432 1031 5487 deinde
1065 5450 1160 5503 per
1187 5438 1326 5506 regis
1356 5444 1584 5507 gratiam
1609 5443 1794 5499 dimis-

211 5532 314 5583 sus,
343 5520 682 5588 iinpuilenter
707 5533 892 5592 postea
915 5526 1170 5595 glorietur
1190 5529 1396 5598 dicens,
1429 5548 1488 5587 se
1515 5535 1642 5589 nihil
1673 5553 1793 5606 pec-

211 5611 427 5667 cavisse.
460 5611 800 5682 Oportuissct
825 5620 967 5671 enim
1001 5618 1052 5672 id
1080 5619 1474 5690 demonstrare,
1504 5638 1791 5697 antequam

213 5702 367 5765 gratia
417 5705 670 5767 veniret;
724 5717 1001 5778 postquam
1050 5711 1196 5765 venit
1243 5724 1443 5781 autem,
1496 5735 1600 5772 non
1655 5722 1789 5775 ultra

214 5798 411 5862 tempus
445 5806 523 5851 est
556 5798 842 5868 gloriandi.
895 5798 952 5854 ιιι
996 5801 1137 5870 quod
1184 5805 1342 5859 etiam
1393 5809 1534 5877 apud
1578 5809 1792 5867 .luda-os

1266 367 1327 422 IN
1369 361 1585 421 El’IST.
1629 359 1721 416 AD
1760 355 1921 413 RUM.
1966 357 2194 414 llOMlL.
2243 359 2350 414 ΥΠ.

3358 360 3460 414 Hii

1859 469 2072 525 accidit.
2106 470 2242 537 Quia
2269 470 2411 526 enim
2443 486 2508 526 ex
2541 484 2600 525 se
2630 471 2730 541 ipsi
2774 471 2969 541 proditi
2996 479 3171 538 erant,
3201 472 3322 527 ideo
3365 489 3457 526 ve-

1861 559 1960 626 nit,
1989 569 2044 615 et
2086 563 2320 616 adventu
2350 577 2449 616 suo
2493 562 2704 617 illorum
2732 562 3046 633 jactantiani
3091 563 3329 620 sustulit.
3360 563 3461 633 Qui

1861 661 2005 708 enim
2031 669 2090 709 se
2119 654 2249 710 dicit
2275 655 2555 709 infantium
2590 665 2998 724 praeceptorem,
3030 664 3084 709 et
3111 657 3162 709 in
3197 658 3314 726 lege
3342 657 3460 724 glu-

1863 746 2050 810 riatur,
2075 760 2140 802 ac
2173 761 2231 802 se
2259 747 2544 802 stultorum
2583 750 2898 819 magistrum
2938 749 3193 819 appellat,
3240 749 3461 817 perinde

1863 847 2023 907 atque
2053 839 2130 892 illi
2157 838 2382 894 doctore
2408 855 2473 894 ac
2498 850 2777 895 servatore
2804 839 3074 911 indigens.
3109 841 3309 896 nullam
3341 842 3468 910 glo»

1864 928 2036 984 riandi
2069 945 2286 986 causam
2330 931 2603 988 habuerit.
2641 932 2700 987 Si
2733 933 2877 988 enim
2920 940 3077 988 antea
3122 918 3467 989 circumcisio

1864 1023 2183 1093 praeputium
2215 1024 2350 1079 facta
2380 1035 2461 1081 est
2487 1041 2501 1091 ;
2535 1024 2708 1081 multo
2729 1027 2902 1097 magis
2928 1043 3069 1082 nunc
3094 1046 3106 1079 :
3138 1042 3261 1081 nam
3291 1027 3378 1080 illa
3401 1028 3468 1080 ab

1865 1112 2108 1182 utrisque
2155 1114 2491 1184 temporibus
2521 1115 2690 1186 ejecta
2722 1127 2823 1172 est.
2859 1117 2992 1172 Cum
3022 1116 3154 1172 dicit
3192 1126 3373 1172 autem
3408 1117 3471 1179 ιι,

1864 1205 1970 1259 lam
1999 1207 2272 1261 exclusam
2298 1221 2444 1276 esse,
2473 1209 2709 1263 ostendit
2739 1209 3010 1278 quomodo
3054 1210 3104 1263 id
3145 1209 3341 1264 factum
3378 1210 3468 1263 sit.

1865 1297 2146 1363 Quomodo
2173 1313 2301 1368 ergo
2330 1299 2549 1354 exclusa
2585 1299 2713 1357 est?
2743 1299 2847 1355 Per
2891 1317 3045 1371 quam
3071 1301 3274 1372 legem?
3307 1303 3470 1370 facto—

1866 1390 2025 1442 rum?
2048 1388 2191 1456 Non,
2224 1390 2311 1443 sed
2342 1407 2432 1461 per
2457 1392 2618 1462 legem
2644 1392 2784 1460 ﬁdei.

1937 1484 1994 1537 4.
2027 1483 2165 1539 Ecce
2208 1484 2369 1539 ﬁdem
2410 1486 2705 1556 appellavit
2751 1487 2946 1557 legem,
2977 1487 3211 1543 libenter
3238 1487 3290 1541 in
3323 1488 3472 1542 hisee

1869 1574 2176 1629 nominibus
2205 1591 2449 1643 versans,
2483 1576 2555 1630 ita
2583 1587 2639 1630 ut
2659 1577 2904 1633 emolliat
2930 1593 3073 1644 eam,
3108 1593 3229 1648 quae
3259 1580 3471 1634 novitas

1869 1679 1992 1720 esse
2020 1665 2316 1720 videbatur.
2350 1667 2606 1735 Qumnam
2636 1680 2814 1722 autem
2849 1677 2934 1724 est
2967 1669 3089 1724 ﬁdei
3117 1671 3242 1724 lex?
3276 1671 3341 1726 Ut
3378 1687 3474 1740 per

1869 1758 2093 1826 gratiam
2117 1758 2262 1812 salus
2286 1758 2614 1813 obtineatur.
2651 1761 2744 1814 llic
2772 1760 2866 1815 Dei
2897 1762 3192 1831 potentiam
3215 1764 3452 1819 οειριιιιίι

1872 1848 2014 1917 quod
2043 1864 2151 1903 non
2181 1849 2355 1903 solum
2387 1851 2704 1917 servaverit,
2739 1851 2834 1906 sed
2867 1853 3029 1906 etiam
3057 1853 3385 1923 justiﬁcarit,
3423 1866 3477 1908 et

1874 1942 1926 1996 in
1969 1942 2344 2012 gloriatioucm
2386 1941 2693 2008 deduxerit,
2739 1959 2845 1998 non
2878 1959 3044 2014 egens
3072 1946 3351 2015 operibus,
3382 1948 3474 2000 sed

1877 2034 2037 2089 ﬁdem
2069 2043 2272 2090 tantum
2311 2037 2616 2105 requirens.
2650 2037 2776 2093 llaec
2801 2050 2982 2093 autem
3022 2040 3156 2094 dicit
3201 2042 3387 2107 etiam,
3420 2053 3478 2096 ut

1875 2125 2186 2180 credentem
2211 2126 2457 2182 Judaeum
2496 2129 2564 2183 ad
2605 2129 2925 2185 modestiam
2957 2143 3242 2202 prieparet,
3275 2146 3327 2188 et
3371 2152 3476 2187 tttttt

1876 2217 2186 2273 credentem
2213 2220 2493 2289 reprimat,
2519 2222 2590 2275 ita
2633 2232 2689 2274 ut
2727 2223 2873 2276 illum
2901 2224 3196 2292 pertraliat.
3226 2224 3358 2278 Nam
3389 2229 3478 2294 qui

1879 2310 2104 2365 salutem
2144 2322 2334 2366 nactus
2365 2321 2470 2379 est,
2513 2313 2558 2368 si
2610 2314 2713 2384 legi
2759 2315 3046 2370 attendens
3087 2317 3254 2370 alium
3284 2318 3478 2386 sapiat,

1879 2401 2084 2466 audiet,
2111 2402 2254 2473 quod
2284 2403 2372 2457 illa
2416 2405 2515 2473 ipsi
2545 2419 2606 2459 os
2633 2406 2871 2473 obturet,
2904 2407 3017 2477 ipsa
3046 2407 3194 2462 illum
3236 2421 3479 2476 accuset,

1883 2493 1995 2563 ipsa
2025 2495 2142 2564 ejus
2172 2496 2403 2551 salutem
2451 2498 2756 2567 impedierit
2787 2511 2842 2554 et
2876 2501 3254 2570 gloriationem
3297 2505 3480 2557 exelu-

1881 2589 2050 2642 serit:
2080 2589 2169 2658 qui
2221 2605 2351 2644 vero
2398 2600 2506 2645 i‘ioii
2536 2592 2784 2660 credidit,
2834 2609 2930 2663 per
2972 2594 3088 2650 haec
3126 2596 3236 2666 ipsa
3271 2596 3485 2650 humilis

1883 2680 2125 2746 effectus,
2154 2682 2219 2736 ad
2253 2682 2412 2738 ﬁdem
2443 2684 2704 2740 accedere
2751 2687 2969 2752 peterit.
3005 2684 3258 2742 Nidistin'
3288 2702 3484 2758 quanta

1887 2774 2008 2828 fidei
2052 2775 2165 2829 vis?
2209 2777 2482 2845 quomodo
2523 2793 2552 2830 a
2603 2779 2874 2847 prioribus
2923 2783 3230 2846 removerit,
3283 2783 3334 2838 in
3385 2784 3489 2837 iiiis

1884 2867 2100 2935 gloriari
2151 2882 2256 2922 non
2301 2869 2524 2924 sinetis?
2566 2870 2656 2926 28.
2693 2873 3015 2928 Arbitrantur
3053 2891 3174 2946 ergo
3216 2893 3305 2945 per
3335 2880 3488 2945 [idem

1878 2957 2158 3027 jnstiﬁcari
2207 2960 2458 3014 hominem
2505 2963 2616 3016 sine
2657 2965 2895 3034 operibus
2935 2967 3079 3036 legis.
3111 2967 3211 3023 Ubi
3257 2970 3491 3026 ostendit

1888 3065 1983 3104 eos
2011 3065 2039 3103 a
2070 3051 2192 3117 ﬁde,
2224 3053 2341 3107 sine
2379 3055 2636 3122 Ojlt‘l‘lbUS
2682 3055 2836 3126 legis,
2868 3057 3070 3114 JUdil‘lS
3097 3075 3220 3115 esse
3243 3063 3490 3131 superio-

1891 3153 2011 3198 res:
2043 3149 2167 3196 tunc
2197 3142 2410 3197 demum
2442 3160 2564 3199 cum
2598 3147 2762 3200 multa
2791 3148 2983 3204 ﬁducia
3006 3149 3148 3205 circa
3181 3152 3325 3207 illam
3354 3154 3494 3208 edis-

1891 3231 2041 3296 serit,
2077 3245 2128 3286 et
2160 3235 2231 3298 ei,
2266 3235 2405 3303 quod
2463 3237 2548 3290 hic
2595 3238 2810 3294 turbare
2852 3239 3135 3296 videbatur
3161 3284 3176 3309 ,
3229 3244 3491 3299 medelam

1891 3318 2069 3374 all'ert.
2128 3323 2337 3377 Etenim
2397 3326 2510 3381 llzl'C
2555 3327 2662 3381 duo
2704 3329 2921 3384 Julia-os
2969 3333 3296 3400 turbabant;
3333 3353 3494 3391 iitum

1892 3411 2129 3479 quidem,
2160 3414 2202 3466 si
2237 3414 2270 3467 ii
2313 3415 2400 3484 qui
2432 3431 2552 3470 cum
2595 3420 2850 3488 operibus
2894 3423 3092 3476 servati
3126 3439 3231 3479 noa
3265 3427 3492 3488 fuerant,

1894 3511 2115 3568 possent
2144 3504 2262 3558 sine
2289 3506 2547 3574 operibus
2593 3510 2836 3575 servari;
2866 3512 3011 3567 aliud
3041 3529 3191 3580 vero,
3222 3517 3265 3570 si
3291 3518 3496 3586 justum

1893 3607 2037 3648 esset
2066 3597 2414 3665 praeputiatos
2438 3599 2627 3654 iisdem
2654 3601 2785 3670 ipsis
2813 3604 2933 3670 frui,
2966 3607 3118 3675 queis
3143 3608 3199 3673 ii,
3233 3611 3322 3678 qui
3350 3621 3499 3663 tanto

1897 3692 2137 3754 tempore
2171 3687 2221 3740 iii
2252 3687 2368 3757 lege
2397 3691 2617 3745 enutriti
2645 3703 2835 3759 erant;
2879 3695 2930 3749 id
2970 3697 3112 3765 quod
3142 3698 3299 3768 longe
3331 3705 3500 3772 magis

1894 3775 2017 3830 illos
2050 3777 2320 3844 turbabat,
2350 3795 2510 3850 quam
2545 3783 2694 3852 prior
2722 3785 2809 3839 illa
2836 3785 3148 3845 difﬁcultas.
3195 3789 3319 3846 ldro
3348 3806 3497 3862 [mal-

1893 3884 2053 3938 quam
2101 3871 2230 3926 illud
2283 3873 2622 3943 probaverat,
2670 3877 2736 3931 ad
2791 3877 2894 3934 hoc
2945 3881 3162 3937 domum
3208 3886 3498 3953 prmedit:

1894 3961 2036 4029 quod
2065 3963 2144 4018 sic
2179 3963 2396 4021 Judaeos
2441 3968 2712 4036 turbabat,
2760 3979 2820 4024 ut
2865 3984 2984 4041 post
3029 3986 3304 4046 acceptam
3341 3979 3498 4034 ﬁdem

1895 4051 2113 4107 Petrum
2149 4055 2249 4110 hac
2279 4057 2347 4110 de
2377 4073 2536 4113 causa
2567 4061 2899 4130 incusarent,
2932 4065 3002 4119 ob
3022 4065 3334 4122 Cornelium
3363 4081 3411 4125 et
3437 4089 3498 4132 ea

1894 4162 2015 4216 qua:
2044 4147 2109 4202 ad
2143 4148 2316 4219 ipsum
2344 4147 2679 4220 Spectabant.
2711 4153 2849 4223 Quid
2873 4173 3003 4228 ergo
3031 4162 3104 4214 ait
3128 4161 3151 4214 ’ἒ
3180 4162 3503 4218 Arbitrantur

1894 4254 2014 4308 ergo
2039 4240 2141 4306 ﬁde
2177 4241 2457 4310 justi/icari
2493 4245 2746 4300 hominem
2791 4248 2901 4302 sine
2943 4253 3179 4320 operibus
3207 4254 3349 4325 legis.
3387 4257 3502 4310 Non

1894 4329 2051 4394 dixit,
2077 4331 2341 4398 Judaeum,
2379 4336 2461 4390 vel
2488 4352 2610 4390 eum
2643 4339 2732 4408 qui
2765 4340 2866 4393 sub
2891 4341 3008 4413 lege
3037 4355 3182 4399 esset
3211 4364 3224 4411 ;
3254 4349 3348 4402 sed
3380 4365 3502 4403 ora-

1898 4422 2097 4477 tionem
2125 4423 2176 4477 iii
2203 4424 2360 4479 latius
2386 4428 2616 4496 spatium
2649 4429 2906 4498 cducens,
2940 4444 2995 4489 et
3022 4436 3135 4489 orbi
3164 4439 3353 4493 salutis
3381 4457 3504 4510 poi--

1897 4527 1978 4572 tas
2006 4519 2275 4589 aperiens,
2311 4521 2461 4586 dicit,
2507 4521 2802 4592 Hominem,
2851 4541 3141 4585 commune
3169 4543 3375 4586 natura:
3410 4512 3504 4587 iur-

1897 4629 2019 4668 men
2052 4629 2336 4684 usurpans.
2370 4615 2569 4672 Deinde
2597 4621 2881 4676 occasione
2938 4621 3064 4677 hinc
3107 4636 3344 4695 sumpta,
3398 4645 3502 4682 non

1899 4707 2123 4774 positam
2153 4707 2257 4776 obj;
2279 4709 2511 4763 ctiotietn
2542 4710 2718 4764 solvit.
2750 4714 2881 4779 Quia
2905 4715 3046 4768 enim
3074 4717 3369 4773 verisimile
3389 4732 3505 4775 erat

1896 4799 2132 4866 Judzros,
2158 4817 2374 4856 omnem
2406 4803 2679 4858 hominem
2708 4821 2738 4858 a
2767 4806 2870 4861 fide
2895 4807 3176 4876 jllSllﬁClll'l
3201 4812 3504 4880 audientes,

1899 4893 1950 4945 id
1981 4909 2124 4961 aegre
2156 4894 2294 4948 ferre
2326 4903 2380 4949 et
2410 4895 2537 4950 hinc
2577 4897 2797 4963 olfeudi,
2844 4901 3039 4970 adjecit
3069 4922 3082 4957 :
3115 4905 3204 4960 29.
3237 4906 3377 4960 Num
3408 4909 3507 4967 Ju-

1899 4984 2129 5038 dwornm
2177 4985 2315 5040 Deus
2355 4991 2595 5042 tantum?
2623 5005 2687 5045 ac
2731 4992 2776 5045 si
2817 4992 3019 5050 dicere!
3045 5011 3058 5049 :
3087 4997 3198 5052 Cur
3227 5001 3369 5054 enim
3409 5002 3509 5057 huc

1899 5077 1992 5130 tibi
2021 5078 2312 5134 absurdum
2357 5097 2477 5137 esse
2507 5083 2739 5150 videtur,
2772 5087 2913 5154 quod
2942 5089 3118 5144 omnis
3164 5091 3326 5148 homo
3360 5099 3505 5151 salu-

1902 5182 2006 5224 tem
2039 5175 2438 5242 eonsequatur?
2470 5193 2596 5231 iiuin
2630 5179 2769 5231 Deus
2798 5181 2934 5248 parti
2965 5182 3054 5236 tiiii
3082 5191 3288 5240 tantum
3324 5188 3459 5242 favet
3487 5192 3508 5242 ἶ)

1902 5265 2024 5319 hinc
2052 5268 2344 5322 ostendens
2375 5269 2515 5332 illos,
2549 5270 2675 5325 dum
2715 5273 2966 5341 gentibus
3010 5277 3220 5330 molesti
3254 5294 3375 5334 esse
3409 5298 3504 5330 vn-

1901 5357 2034 5423 lunt,
2068 5358 2160 5412 Dei
2184 5360 2408 5429 gloriam
2441 5363 2618 5430 potius
2651 5364 2993 5432 labefactare,
3030 5368 3071 5421 si
3103 5385 3210 5424 non
3235 5371 3420 5426 sitiunt
3449 5374 3494 5426 il-

1901 5449 2008 5502 lum
2035 5451 2274 5504 omnium
2303 5466 2423 5506 esse
2455 5453 2642 5510 Deum.
2671 5455 2724 5508 Si
2752 5467 2930 5511 autem
2959 5459 3198 5512 omnium
3229 5461 3369 5517 Deus
3401 5473 3503 5528 est,

1898 5540 2148 5595 omnibus
2173 5544 2330 5595 etiam
2361 5545 2604 5612 providet
2634 5564 2645 5598 :
2672 5544 2716 5600 si
2749 5548 2996 5602 omnibus
3023 5551 3286 5619 providet.
3314 5569 3507 5609 omnes

1899 5632 2146 5685 Similiter
2176 5649 2269 5702 per
2301 5635 2459 5688 ﬁdem
2485 5648 2693 5701 servat;
2727 5637 2847 5694 ideo
2878 5641 2952 5692 ait
2982 5658 2993 5692 :
3030 5640 3169 5694 Nam
3202 5642 3506 5699 Jtttlit'ornm

1902 5725 2037 5779 Drus
2061 5729 2300 5780 tantum?
2333 5745 2498 5782 nonne
2527 5731 2792 5800 gentium?
2817 5733 2917 5785 imo
2947 5745 2989 5786 ct
3010 5736 3256 5803 gentium.
3281 5735 3397 5790 Non
3427 5751 3510 5792 est

1899 5821 2039 5874 enim
2076 5821 2265 5890 partim
2309 5822 2469 5890 Deus,
2503 5833 2557 5878 ut
2601 5824 2912 5880 Grzrcormii
2943 5825 3137 5884 fabula:
3175 5827 3375 5898 ferunt,
3408 5833 3510 5890 sed
