4118 6340
670 372 773 429 H7

671 485 966 542 communis
984 483 1217 542 omnium
1242 490 1299 538 et
1324 496 1495 547 unus;
1520 479 1637 533 ideo
1652 478 1919 549 subiungit
1941 476 2068 533 τω.
2094 476 2235 542 Quo-

671 579 809 635 niam
836 594 967 632 unus
996 591 1064 631 est
1092 578 1247 631 Deus.
1293 574 1403 629 lioc
1432 580 1534 637 est,
1566 569 1706 625 idem
1749 569 1863 641 ipse
1888 578 1942 625 et
1964 567 2154 623 borum
2178 575 2235 621 et

670 672 877 727 illorum
908 669 1183 725 Dominus.

738 760 1067 815 Providentia
1104 758 1380 812 communis
1407 754 1655 809 euntibus.
1679 783 1753 796 -—-
1769 751 1824 808 Si
1846 760 2021 807 autem
2049 757 2231 804 vetera

666 851 795 907 mihi
835 850 990 917 dicis,
1020 860 1142 904 tunc
1168 862 1375 919 quoque
1405 845 1731 916 providentia
1769 840 2066 897 communis
2091 848 2225 906 erat,

660 942 763 997 etsi
793 941 1003 996 diverso
1034 938 1187 994 modo
1228 955 1243 990 :
1270 936 1467 991 etenim
1495 935 1588 989 libi
1623 935 1705 988 lex
1736 933 1933 1003 scripta
1960 931 2080 986 data
2107 929 2226 997 fuit,

664 1033 773 1087 illis
795 1048 920 1088 vero
950 1036 1032 1089 lex
1055 1029 1341 1095 naturalis;
1366 1037 1420 1084 et
1447 1029 1499 1083 hi
1529 1028 1659 1083 nihil
1681 1026 1855 1082 niinus
1878 1025 2160 1088 habebant,
2182 1024 2228 1079 si

664 1124 977 1188 voluissem,
1002 1122 1092 1176 sed
1113 1120 1324 1179 vincere
1348 1129 1586 1189 poterant
1616 1136 1629 1174 :
1662 1132 1825 1187 quare
1846 1118 2069 1188 idipsum
2096 1114 2226 1170 sub-

660 1213 920 1279 indieans,
962 1211 1159 1279 adjecit
1192 1230 1205 1265 :
1241 1210 1339 1276 Qui
1386 1210 1680 1283 fusti/ith
1704 1208 2128 1263 circumcisionsm
2163 1222 2229 1260 ea

657 1304 779 1372 ﬁde,
806 1312 853 1357 et
883 1304 1187 1375 prmium
1214 1319 1301 1373 per
1328 1301 1522 1370 ﬁdem;
1560 1304 1735 1371 priora
1780 1299 1849 1355 de
1888 1298 2146 1368 pmputio
2170 1306 2226 1353 et

655 1393 1066 1449 circumcisione
1094 1394 1231 1447 dicta
1260 1393 1364 1446 illis
1396 1392 1449 1446 in
1491 1401 1723 1446 mentem
1762 1384 2044 1455 revocans,
2071 1387 2226 1458 queis

653 1483 1035 1541 demonstravit
1064 1484 1259 1540 nullam
1288 1497 1412 1539 esse
1438 1481 1813 1538 diﬁ'emtiam.
1838 1480 1993 1548 Quod
2021 1480 2068 1535 si
2100 1488 2226 1533 tunc

654 1576 798 1631 nulla
841 1585 957 1631 erat
997 1574 1312 1638 differentia,
1356 1573 1522 1628 multo
1564 1573 1731 1643 magis
1773 1587 1959 1629 nunc:
1999 1569 2051 1625 id
2080 1568 2223 1640 quod

652 1662 846 1721 cini-ius
862 1667 972 1735 jam
999 1666 1248 1736 probans,
1279 1664 1512 1719 ostendit
1532 1676 1817 1734 utrumque
1842 1662 2088 1717 similiter
2117 1660 2223 1716 ﬁde

650 1770 785 1824 opus
827 1754 1044 1811 habere.
1086 1755 1176 1810 5i.
1206 1752 1389 1825 Legem
1427 1769 1566 1824 ergo,
1594 1753 1783 1823 inquit,
1811 1753 2222 1821 destruiatasper

648 1846 801 1914 ﬁdem
822 1845 847 1898 2
871 1845 1035 1913 Absit,
1065 1844 1166 1899 imo
1191 1836 1347 1914 legent
1366 1844 1651 1899 statuimus.
1686 1843 1868 1899 Viden‘
1886 1842 2220 1914 prudentiam

649 1937 849 1991 variam
874 1947 928 1990 et
955 1935 1313 1994 inefhbilem?
1340 1936 1470 1991 Nam
1495 1952 1563 1992 eo
1585 1935 1721 2006 ipso,
1748 1936 1890 2008 quod
1910 1936 2057 2001 dicit,
2089 1933 2217 1991 Sto-

648 2028 851 2091 tm‘mus,
875 2028 1105 2082 ostendit
1133 2042 1385 2082 canunon
1415 2035 1578 2093 stare,
1607 2026 1701 2082 sed
1722 2026 1948 2082 solutam
1976 2040 2117 2082 esse.
2150 2026 2218 2082 Et

646 2117 765 2172 vide
807 2125 1003 2187 quanta
1044 2119 1117 2174 sit
1159 2117 1305 2171 Pauli
1336 2117 1507 2173 virtus
1543 2126 1598 2173 et
1626 2118 1705 2172 vis
1748 2116 1966 2188 ingenii,
2011 2127 2066 2172 et
2092 2132 2215 2172 eum

642 2217 839 2277 quanta
869 2207 1117 2263 facilitate
1146 2222 1209 2263 ea
1232 2222 1351 2279 qua:
1373 2207 1479 2261 vult
1505 2205 1715 2277 probet.
1745 2206 1843 2262 ilic
1870 2208 2013 2262 enim
2034 2216 2215 2263 osten-

642 2301 722 2357 dit
751 2301 905 2357 ﬁdem
935 2315 1042 2356 non
1066 2299 1225 2355 modo
1251 2314 1281 2355 a
1309 2299 1423 2369 lege
1452 2314 1559 2354 non
1581 2299 1903 2364 labefactari,
1933 2298 2028 2354 sed
2052 2298 2212 2354 etiam

642 2391 711 2447 ab
737 2391 823 2446 illa
860 2391 1056 2460 juvari,
1084 2399 1243 2461 atque
1270 2389 1431 2446 etiam
1458 2388 1629 2459 legem
1670 2387 1791 2444 ﬁdei
1822 2389 1959 2442 viam
2003 2403 2210 2457 parare.

645 2480 792 2536 Sicut
816 2482 957 2553 enim
1000 2480 1080 2535 lex
1125 2488 1449 2549 przevertens
1476 2478 1601 2535 ﬁdei
1641 2478 1919 2535 testiﬁcata
1951 2488 2034 2535 est
2063 2481 2211 2550 (nam

639 2574 733 2636 sit,
764 2571 1056 2641 Tatiﬁaats
1075 2573 1241 2643 siege
1260 2581 1310 2628 et
1330 2571 1607 2642 prophetis)
1626 2571 1758 2649 .:.sic
1781 2580 1835 2627 et
1872 2571 2003 2627 ﬁdes
2040 2573 2227 2641 legem

640 2662 974 2719 deiicientem
1004 2662 1275 2719 stabilivit.
1311 2662 1378 2716 Et
1418 2662 1709 2731 quomodo,
1744 2661 1971 2733 inquies,
2002 2662 2211 2718 stabili-

642 2755 717 2808 vit
734 2754 762 2807 2
780 2754 1043 2824 quodnam
1070 2763 1182 2808 erat
1209 2752 1339 2821 legis
1364 2767 1519 2822 opus,
1547 2762 1602 2809 et
1625 2768 1721 2809 cur
1741 2754 1921 2809 omnia
1947 2752 2168 2809 iaciebat
2184 2753 2212 2808 ἲ

642 2846 711 2906 Ut
738 2846 1007 2904 hominem
1034 2845 1232 2915 justum
1260 2844 1479 2899 ticeret.
1519 2842 1715 2900 Verum
1763 2844 1851 2901 lex
1889 2844 1944 2899 id
1972 2859 2076 2899 non
2110 2860 2207 2915 po-

641 2937 777 2994 tuit:
806 2950 947 3001 nam,
998 2934 1183 2993 Omnes
1209 2944 1558 3008 peccaverunt,
1595 2935 1803 3005 inquit;
1850 2936 1986 2994 ﬁdes
2027 2949 2205 2997 autem

638 3028 855 3082 veniens
900 3026 954 3081 id
1005 3026 1290 3097 pmsﬁtit;
1341 3026 1498 3081 simul
1540 3026 1681 3080 enim
1712 3036 1772 3081 ut
1816 3026 1937 3097 quis
1982 3027 2206 3083 credidit

635 3116 951 3188 justiﬁcatus
974 3131 1078 3175 est.
1120 3116 1285 3187 igitur
1324 3116 1456 3187 legis
1496 3116 1821 3173 voluntatem
1850 3117 2127 3185 stabilivit,
2154 3128 2209 3173 et

637 3209 691 3264 id
721 3210 873 3278 cujus
910 3224 1069 3267 causa
1099 3210 1278 3265 munia
1320 3210 1405 3264 lex
1450 3209 1696 3275 faciebat.
1742 3212 1909 3282 gratia
1937 3214 2002 3266 ad
2048 3211 2206 3269 linem

636 3300 876 3359 deduxit.
920 3298 1040 3355 Non
1080 3314 1212 3370 ergo
1255 3300 1397 3355 illam
1441 3300 1734 3372 abrogavit,
1779 3302 1874 3359 sed
1917 3304 2207 3374 perfectam

639 3393 887 3448 reddidit.
926 3392 1050 3448 Tria
1089 3393 1247 3464 igitur
1291 3391 1377 3447 hic
1400 3391 1807 3458 demonstravit,
1837 3395 2060 3466 etquod
2090 3396 2210 3453 sine

634 3485 750 3556 lege
774 3484 939 3555 possit
967 3484 1127 3539 homo
1141 3484 1446 3553 justiﬁcari,
1469 3493 1522 3541 et
1545 3485 1685 3554 quod
1708 3485 1763 3551 id
1784 3486 1866 3542 ie:
1894 3502 1998 3544 non
2020 3495 2207 3561 potue-

632 3579 723 3645 rit,
754 3576 1001 3648 quodque
1027 3577 1161 3635 ﬁdes
1182 3593 1302 3633 cum
1334 3578 1450 3650 lege
1495 3593 1602 3634 non
1634 3590 1855 3650 pugnet.
1890 3581 2030 3649 Quia
2052 3584 2201 3641 enim

637 3671 738 3731 hoc
775 3671 1007 3726 maxime
1053 3669 1268 3726 Judzees
1309 3670 1574 3736 turbabat,
1615 3671 1757 3742 quod
1783 3672 1916 3729 fidos
1942 3674 2045 3745 legi
2069 3690 2207 3729 con-

636 3762 795 3816 traria
822 3762 1111 3828 videretur,
1154 3762 1270 3832 plus
1295 3761 1554 3828 ostendit,
1595 3778 1755 3831 quam
1800 3764 2017 3820 Judqu
2057 3767 2201 3833 velit,

631 3852 774 3922 quod
803 3867 906 3907 non
932 3852 1089 3908 modo
1113 3868 1217 3906 non
1252 3851 1321 3907 sit
1349 3852 1637 3920 contraria,
1665 3853 1759 3909 sed
1786 3855 1947 3910 etiam
1968 3871 2088 3910 cum
2117 3856 2204 3912 illa

634 3953 832 4015 pugnet
860 3954 915 4001 et
949 3952 1306 4015 cooperator;
1353 3943 1495 4016 quod
1538 3946 1768 4001 maxime
1807 3944 1887 4001 illi
1920 3948 2205 4017 cupiebant

634 4038 840 4091 audire.

700 4127 753 4181 5.
780 4127 975 4181 Caritas
995 4137 1152 4183 mater
1176 4126 1417 4181 honorum
1442 4128 1687 4183 omnium.
1717 4127 1908 4184 Contra
1936 4130 2199 4191 invidiam.

630 4246 701 4266 —-.
724 4216 830 4272 Sed
855 4217 973 4295 quia
1001 4225 1120 4286 post
1153 4217 1376 4287 gratiam
1420 4216 1559 4272 hanc
1581 4260 1597 4283 ,
1626 4232 1721 4287 per
1750 4235 1909 4290 quam
1931 4220 2201 4290 justificati

630 4325 814 4364 sumus
833 4349 848 4375 ,
880 4310 1017 4363 bona
1044 4311 1147 4364 vita
1183 4324 1319 4378 opus
1344 4318 1430 4365 est
1448 4351 1462 4376 ,
1493 4310 1709 4380 dignum
1735 4311 1877 4367 dono
1904 4321 2049 4368 tanto
2074 4326 2204 4368 stu-

630 4404 774 4457 dium
820 4401 1164 4458 exhibeamus
1200 4418 1216 4454 :
1251 4400 1623 4455 exhibebimus
1670 4413 1847 4458 autem
1886 4403 1930 4459 si
1975 4413 2201 4461 matrem

634 4498 894 4555 bonorum
939 4496 1175 4549 ouinium
1220 4492 1494 4548 caritatem
1540 4508 1663 4549 cum
1706 4509 1893 4565 magna
1933 4495 2203 4566 diligentia

629 4602 925 4643 servemus.
954 4586 1051 4642 Est
1078 4593 1252 4640 autem
1276 4584 1468 4640 caritas
1498 4600 1604 4639 non
1633 4586 1769 4640 nuda
1788 4587 1945 4642 verba
1976 4597 2031 4643 et
2057 4589 2200 4643 salu-

635 4683 879 4743 tationes.
912 4679 1006 4736 sui
1039 4677 1340 4750 praesidium
1370 4686 1426 4733 et
1470 4677 1728 4733 exhibitio
1749 4692 2008 4749 operum;
2054 4679 2202 4735 verbi

632 4772 820 4838 gratia,
851 4778 1213 4840 paupertatem
1237 4768 1419 4833 solari,
1448 4769 1607 4839 aegris
1635 4770 1905 4840 opitulari,
1928 4787 1958 4824 a
1987 4771 2199 4841 pericu-

632 4864 699 4918 lis
742 4862 989 4926 liberare,
1019 4861 1076 4914 in
1114 4859 1413 4915 calamitate
1460 4860 1794 4918 versantibus
1836 4862 2044 4929 adesse,
2071 4863 2201 4921 ﬁere

632 4971 754 5010 eum
800 4953 1085 5018 ﬂentibus,
1123 4949 1353 5023 gaudere
1398 4964 1519 5007 eum
1573 4951 1963 5022 gaudentibus:
1997 4971 2117 5009 nam
2147 4965 2201 5011 et

635 5048 735 5105 hoc
755 5062 817 5102 ex
845 5046 1069 5102 caritate
1095 5042 1443 5114 proﬁciscitur
1470 5057 1484 5096 :
1514 5042 1612 5096 etsi
1638 5056 1856 5112 parvum
1876 5046 1999 5115 quid
2021 5045 2200 5101 videa-

635 5152 719 5193 tur
737 5152 875 5202 esse,
906 5134 1137 5207 gaudere
1170 5148 1291 5187 cum
1310 5132 1680 5203 gaudentibus,
1707 5148 1954 5205 magnum
1982 5135 2033 5190 id
2053 5146 2200 5192 certe

632 5240 745 5295 est,
783 5237 839 5283 et
862 5226 1025 5282 animi
1056 5224 1357 5295 philosophi
1403 5239 1556 5294 opus.
1586 5223 1884 5295 Nullusque
1920 5227 2155 5283 invenias
2180 5270 2195 5294 ,

631 5320 723 5389 qui
742 5361 759 5385 ,
787 5318 927 5389 quod
957 5317 1236 5375 molostius
1264 5325 1346 5373 est
1367 5356 1383 5382 ,
1412 5316 1575 5385 probe
1604 5315 1802 5373 faciant
1821 5360 1836 5383 ,
1865 5317 1959 5373 sed
1990 5319 2090 5374 hoc
2116 5322 2195 5375 le-

631 5413 751 5465 nius
774 5409 1006 5465 ofﬁcium
1034 5406 1118 5465 vis
1160 5417 1433 5479 prmstent.
1466 5406 1612 5463 Μωιί
1659 5423 1883 5479 namque
1921 5409 2053 5464 ﬁent
2074 5426 2195 5466 cum

629 5502 901 5567 ﬂentibus,
929 5516 1028 5556 nec
1050 5500 1281 5573 gaudere
1318 5499 1505 5554 volunt
1541 5513 1661 5555 cum
1690 5500 2041 5564 gaudentibus
2059 5545 2077 5568 ,
2101 5505 2193 5561 sed

624 5594 742 5649 aliis
770 5592 1122 5663 gaudentibus
1153 5591 1547 5666 lacrymantur;
1578 5589 1627 5645 id
1656 5591 1793 5660 quod
1823 5608 1886 5647 ex
1916 5593 2114 5648 invidia
2142 5602 2200 5652 et

628 5687 791 5741 livore
839 5685 1207 5755 proﬁciscitur.
1236 5684 1351 5739 Non
1384 5700 1600 5755 parvum
1644 5701 1771 5754 ergo
1798 5686 2028 5741 officium
2069 5696 2154 5743 est

628 5779 787 5838 haue
816 5778 1079 5849 gaudente
1122 5777 1349 5848 gaudere
1373 5820 1388 5846 ,
1417 5778 1509 5834 sed
1540 5787 1593 5833 ct
1624 5764 1790 5833 altore
1820 5780 2153 5836 ortestautiun
2171 5822 2187 5834 .

1437 366 1495 428 s.
1534 364 1805 423 JOANNiS
1840 358 2307 420 cunrstisrout
2339 356 2655 416 ARCHIEP.
2694 329 3223 416 cexsrAN'rmor.

3826 354 3945 415 088

2342 487 2448 528 non
2475 481 2676 528 tantum
2703 472 2796 528 illo
2820 473 2998 529 ofﬁcio
3019 472 3181 530 ﬂendi
3206 488 3327 529 cum
3349 472 3619 540 ﬂentibus,
3636 474 3735 530 sed
3758 476 3941 531 etiarn

2340 562 2433 617 illo
2460 562 2585 629 alio,
2615 578 2722 634 quo
2749 562 2942 619 fratres
2963 564 3017 619 in
3041 563 3278 635 periculo
3307 563 3626 620 constitutos
3646 564 3936 635 iuvamus.

2337 653 2485 710 liniti
2541 670 2770 725 namque
2819 669 2941 711 cum
2988 656 3411 729 periclitantibus
3440 656 3741 727 periculum
3789 658 3931 713 sub-

2336 756 2485 811 eunt,
2516 745 2609 801 sed
2638 744 2897 801 fratribus
2922 761 3179 817 prospere
3203 747 3482 819 agentibus
3522 748 3845 804 mordentur
3868 759 3935 805 et

2334 838 2637 893 cruciantur
2676 854 2691 891 :
2729 846 2997 894 tauta'est
3038 837 3252 894 invidia:
3296 839 3536 911 tyrannis
3569 856 3584 895 :
3612 840 3741 896 licet
3788 840 3932 894 illud

2334 942 2455 984 cum
2477 928 2661 984 labore
2680 937 2734 983 et
2760 926 2957 985 sudore
2982 927 3288 998 perﬁciatur
3312 969 3329 994 ,
3363 930 3465 986 hoc
3490 941 3670 986 autem
3701 947 3767 986 ex
3796 947 3933 1001 pro-

2334 1019 2506 1090 posito
2551 1029 2606 1075 et
2651 1034 2719 1075 ex
2760 1019 2873 1077 sola
2906 1017 3182 1076 voluntate
3208 1021 3594 1091 proﬁciscatur.
3624 1022 3732 1079 Sed
3762 1024 3928 1080 multi

2333 1107 2473 1175 quod
2498 1108 2773 1170 molestius
2799 1119 2881 1164 est
2908 1107 3161 1174 ferentes,
3191 1109 3335 1181 quod
3365 1110 3595 1180 facilius,
3624 1129 3732 1169 non
3767 1115 3927 1183 perfi-

2330 1202 2497 1267 ciunt,
2546 1200 2643 1257 sed
2670 1201 2949 1259 tabescunt
2989 1216 3045 1257 et
3089 1210 3350 1273 pereunt,
3380 1218 3504 1260 cum
3554 1205 3739 1261 vident
3779 1209 3927 1261 alios

2330 1292 2478 1349 clare
2503 1320 2558 1349 Ct
2599 1308 2856 1364 prospere
2896 1303 3154 1364 agentes;
3188 1309 3313 1350 cum
3354 1295 3649 1354 Ecclesiam
3682 1309 3924 1356 cernam

2331 1392 2495 1439 totam
2519 1393 2610 1443 aut
2638 1386 2802 1441 verbo
2824 1394 2918 1441 aut
2944 1385 3051 1441 alio
3075 1385 3307 1455 quodam
3333 1386 3494 1443 modo
3512 1387 3686 1457 juvari
3713 1400 3769 1443 et
3798 1404 3919 1446 rem

2329 1472 2468 1530 bene
2506 1490 2696 1545 gerere
2726 1490 2743 1531 :
2772 1490 2883 1547 quo
2905 1476 3030 1546 quid
3059 1476 3296 1534 deterius
3321 1477 3523 1535 fuerit?
3546 1478 3730 1549 Neque
3766 1481 3918 1535 enim

2326 1579 2447 1620 cum
2477 1565 2639 1625 Iratre
2662 1574 2891 1634 tantum,
2917 1569 3013 1625 sed
3041 1569 3202 1625 etiam
3231 1585 3357 1625 cum
3387 1570 3661 1629 voluntate
3687 1573 3781 1628 Dei
3811 1588 3911 1643 po.

2325 1665 2453 1725 gnat
2476 1658 2565 1727 qui
2594 1657 2716 1715 talis
2752 1666 2857 1715 est.
2886 1658 2999 1718 lloc
3036 1674 3169 1730 ergo
3208 1658 3591 1729 considerans,
3622 1677 3915 1734 compesce

2324 1745 2568 1802 morbum
2596 1748 2769 1815 hunc;
2796 1756 2852 1807 et
2892 1748 2941 1806 si
2984 1763 3094 1804 non
3136 1750 3435 1819 proximum
3467 1751 3570 1820 vis,
3603 1752 3797 1810 saltem
3832 1761 3914 1809 te-

2325 1838 2495 1908 ipsqm
2522 1856 2553 1895 a
2585 1841 2854 1899 sexcentis
2892 1855 3022 1899 erue
3058 1842 3234 1898 malis.
3265 1842 3375 1898 Cur
3414 1843 3616 1901 bellum
3645 1843 3817 1902 infers
3855 1846 3912 1901 in

2321 1932 2671 2001 mgitationes
2697 1933 2858 1991 tuas?
2882 1947 2980 1990 cur
3024 1932 3253 1990 tumultu
3287 1935 3519 1990 animam
3566 1937 3744 2006 reples
3762 1936 3790 1990 2
3811 1953 3912 1993 cur

2322 2030 2693 2092 tempestatem
2737 2023 2960 2087 excites,
2990 2033 3046 2080 et
3086 2039 3176 2079 res
3216 2038 3309 2080 sus
3338 2024 3511 2097 deque
3535 2028 3739 2083 vertis?
3762 2040 3907 2097 quo-

2320 2112 2482 2169 modo
2501 2115 2583 2173 sic
2605 2112 2826 2170 aﬁectus
2846 2125 3187 2185 peccatorum
3210 2114 3421 2172 veniam
3450 2128 3634 2188 petere
3658 2119 3871 2175 valebis
3885 2122 3911 2175 ἲ

2318 2202 2457 2261 Nam
2486 2206 2529 2259 si
2559 2206 2699 2260 Deus
2722 2216 2939 2276 peccata
2964 2222 3071 2265 non
3100 2192 3327 2264 remittii
3363 2209 3448 2277 iis,
3479 2211 3570 2282 qui
3597 2210 3698 2266 sibi
3725 2211 3912 2268 illatas

2319 2297 2543 2365 injurias
2585 2313 2689 2355 non
2733 2300 3051 2367 remittunt,
3079 2316 3237 2372 quam
3263 2302 3472 2358 veniam
3503 2303 3649 2360 dabit
3676 2304 3775 2367 iis.
3809 2308 3909 2376 qui

2319 2386 2449 2444 nihil
2495 2401 2556 2442 se
2586 2386 2899 2447 lazdentibus
2940 2388 3137 2445 damna
3189 2390 3389 2449 inferre
3434 2395 3736 2450 comatur?
3764 2395 3909 2457 Illud

2316 2486 2465 2535 certe
2489 2488 2745 2535 extrema:
2782 2482 3038 2552 nequitia:
3073 2492 3451 2553 argumentum
3482 2493 3564 2541 est
3598 2503 3613 2539 :
3641 2487 3730 2555 qui
3766 2488 3909 2545 tales

2316 2579 2482 2638 sunt,
2508 2585 2628 2626 cum
2666 2570 2881 2629 diabolo
2922 2572 3221 2631 Ecclesiam
3263 2587 3590 2648 oppugnant.
3645 2578 3910 2637 Fortasse

2316 2676 2447 2717 vero
2484 2664 2644 2717 etiam
2699 2662 2859 2733 longe
2913 2662 3153 2721 deterius
3198 2666 3397 2722 malum
3444 2678 3526 2722 est
3570 2687 3584 2724 :
3625 2683 3654 2722 a
3683 2669 3910 2726 diabolo

2314 2752 2457 2807 enim
2481 2768 2671 2810 cavere
2691 2767 3013 2824 possumus;
3039 2754 3092 2813 bi
3121 2764 3301 2817 autem
3322 2758 3571 2813 amicitia:
3591 2758 3791 2815 larvam
3825 2762 3908 2817 fe-

2314 2843 2601 2903 rnnt.clam
2633 2843 2810 2913 ignem
2836 2846 3191 2911 succendunt,
3222 2862 3389 2917 seque
3418 2850 3621 2919 primos
3648 2851 3701 2905 in
3730 2853 3909 2906 eami.

2313 2948 2439 2988 num
2469 2933 2710 3003 injiciunt
2732 2976 2746 3000 ,
2776 2944 2831 2994 et
2858 2938 3047 2992 morbo
3073 2949 3412 3009 premuntur,
3451 2941 3542 3011 qui
3584 2956 3690 2997 non
3734 2944 3909 2998 modo

2314 3025 2734 3081 misericordiam
2776 3041 2995 3084 movere
3041 3038 3311 3101 nequeat,
3351 3030 3446 3087 sed
3476 3033 3637 3088 etiam
3669 3034 3909 3092 multum

2313 3116 2478 3170 risum
2505 3117 2723 3172 excitet.
2757 3116 2867 3173 Cur
2897 3119 3165 3188 pallescis,
3192 3136 3375 3190 quaeso
3402 3162 3418 3189 ,
3452 3125 3671 3191 tremis,
3697 3134 3752 3181 et
3783 3126 3909 3181 for-

2312 3207 2606 3265 midolosus
2635 3208 2731 3263 es?
2758 3208 2885 3279 quid
2931 3210 3058 3265 mali
3104 3212 3336 3268 accidit?
3357 3213 3499 3283 quod
3526 3215 3704 3272 clarus
3729 3215 3909 3273 frater

2310 3300 2403 3368 sit,
2422 3301 2564 3371 quod
2592 3301 2903 3372 spiondidus
2928 3314 2985 3358 et
3017 3304 3317 3372 probatus?
3342 3306 3501 3377 Atqui
3551 3315 3602 3363 te
3643 3323 3907 3364 coronam

2310 3404 2586 3448 assumere
2608 3391 2931 3461 oportebat.
2964 3391 3197 3463 gaudere
3214 3435 3232 3461 ,
3260 3395 3373 3451 Deo
3406 3397 3631 3467 gloriam
3657 3400 3865 3456 referre
3882 3442 3907 3468 ,

2309 3484 2451 3554 quod
2477 3484 2775 3541 membrum
2807 3494 2956 3540 tuum
2978 3485 3315 3555 splendidum
3335 3496 3390 3543 et
3416 3489 3623 3546 illustre
3648 3492 3717 3547 sit
3749 3509 3763 3545 :
3794 3494 3908 3550 sed

2308 3575 2481 3641 doles,
2510 3573 2654 3645 quod
2691 3574 2830 3632 Deus
2853 3574 3200 3649 gloriﬁcetur.
3230 3577 3420 3635 Viden’
3439 3595 3546 3651 quo
3567 3582 3749 3637 tendat
3780 3583 3907 3640 bet-

2308 3666 2456 3725 lum?
2484 3668 2555 3725 At
2580 3682 2685 3723 non
2716 3667 2877 3724 doleo
2900 3709 2916 3734 ,
2948 3670 3158 3739 inquies
3180 3711 3196 3736 ,
3229 3670 3373 3741 quod
3405 3672 3548 3730 Deus
3570 3713 3587 3739 ,
3612 3673 3706 3730 sed
3749 3676 3907 3746 quod

2310 3759 2473 3817 frater
2496 3760 2663 3829 gloria
2684 3758 2969 3819 afﬁciatur.
2988 3760 3189 3818 Verum
3217 3780 3312 3834 per
3330 3764 3473 3822 hunc
3500 3774 3567 3823 ad
3596 3767 3761 3823 Deum
3788 3771 3906 3841 glo-

2311 3850 2388 3905 ria
2417 3851 2657 3905 ascendit
2682 3869 2697 3917 ;
2730 3852 2956 3920 proinde
2976 3864 3031 3910 et
3051 3854 3249 3911 bellum
3269 3872 3300 3912 a
3327 3868 3381 3915 te
3404 3870 3674 3916 exortum.
3699 3863 3768 3917 At
3786 3878 3904 3921 nol

2311 3941 2413 3999 hoc
2440 3941 2567 3997 mihi
2594 3940 2864 4011 displicet,
2890 3943 3119 4016 inquies,
3146 3946 3245 4003 sed
3269 3962 3367 4018 per
3392 3964 3480 4006 me
3500 3950 3693 4008 vellent
3726 3953 3903 4009 Deum

2307 4033 2477 4102 gloria
2523 4033 2684 4089 allici.
2721 4033 2864 4105 Ergo
2902 4036 3073 4105 gaude
3116 4037 3339 4095 ﬂorente
3380 4040 3586 4109 fratre,
3612 4052 3669 4100 et
3707 4059 3803 4115 per
3844 4057 3904 4103 te

2311 4126 2451 4181 Deus
2501 4125 2923 4195 gloriﬁcabitur,
2952 4131 3471 4199 omnesque‘dicent
3497 4174 3516 4199 ,
3569 4133 3900 4194 Benedictus

2310 4216 2471 4283 Deus,
2500 4216 2592 4286 qui
2617 4218 2753 4273 tales
2780 4216 2941 4274 habet
2967 4217 3213 4287 iamqus,
3244 4222 3443 4278 invidia
3471 4224 3617 4281 omni
3649 4224 3851 4282 liberos
3876 4269 3896 4295 ,

2307 4310 2395 4377 qui
2440 4307 2508 4363 de
2551 4309 2774 4365 aliorum
2823 4308 2977 4365 bonis
3010 4320 3196 4368 mutuo
3219 4313 3473 4384 gaudent.
3506 4316 3573 4374 Et
3598 4316 3727 4389 quid
3769 4318 3904 4375 dico

2309 4390 2645 4457 fratremiSi
2673 4400 2817 4456 enim
2856 4400 3102 4459 inimicus
3139 4413 3284 4462 met
3329 4414 3386 4463 et
3427 4407 3620 4476 hostis,
3645 4422 3710 4465 ac
3748 4409 3900 4469 Dens

2308 4504 2403 4560 per
2434 4490 2583 4545 illum
2607 4490 3017 4561 gloriﬁcnmtur,
3046 4493 3119 4549 ob
3148 4494 3200 4550 id
3224 4495 3458 4554 amicum
3486 4498 3635 4557 illum
3676 4499 3773 4556 tibi
3808 4501 3897 4557 fa—

2306 4595 2432 4637 cere
2457 4590 2747 4652 oporteret.
2785 4582 2864 4638 Tu
2904 4598 3032 4642 vero
3057 4584 3287 4641 amicum
3315 4586 3447 4643 iacis
3472 4589 3566 4645 tibi
3590 4591 3895 4660 inimicum,

2306 4675 2429 4743 quia
2472 4673 2611 4731 Dens
2640 4690 2735 4745 per
2762 4675 2908 4731 illius
2944 4676 3089 4733 clara
3128 4686 3280 4748 gesta
3308 4679 3655 4749 gloriﬁcatur.
3687 4682 3744 4742 Si
3770 4690 3893 4756 quis

2306 4780 2500 4835 corpus
2526 4775 2671 4821 tuum
2697 4781 2899 4837 mgrum
2943 4769 3245 4836 curaverit,
3270 4772 3373 4826 etsi
3418 4772 3664 4831 inimicus
3690 4775 3851 4835 fuerit
3868 4822 3890 4849 ,

2308 4858 2445 4913 inter
2469 4857 2768 4929 praecipuos
2804 4858 3004 4914 amicos
3034 4860 3181 4917 illum
3210 4874 3392 4931 postea
3434 4864 3657 4923 habebis
3686 4888 3701 4925 :
3731 4870 3891 4929 illum

2306 4965 2435 5007 vero
2455 4951 2543 5021 qui
2569 4965 2769 5021 corpus
2786 4950 3007 5017 Christi,
3036 4952 3089 5008 id
3110 4963 3192 5009 est
3214 4954 3528 5027 Eeclesiam,
3550 4972 3727 5031 ornat,
3754 4964 3893 5019 ami-

2305 5056 2424 5097 cum
2446 5043 2561 5107 tibi,
2584 5043 2855 5099 inimicum
2886 5043 3008 5099 ideo
3034 5046 3288 5114 reputas?
3311 5048 3373 5103 Et
3406 5049 3686 5119 quomodo
3713 5055 3891 5123 possis

2306 5134 2500 5189 clarius
2532 5145 2710 5190 contra
2741 5134 3015 5190 Christum
3038 5135 3236 5193 bellum
3272 5140 3595 5209 suscipere?
3630 5140 3756 5198 Ideo
3784 5146 3888 5203 etsi

2306 5225 2424 5294 quis
2473 5225 2727 5283 miracula
2772 5234 2986 5295 patret,
3015 5227 3115 5283 etsi
3143 5229 3499 5300 virginitatem
3525 5239 3582 5287 et
3622 5233 3886 5301 jejunium

2306 5328 2503 5385 servet,
2518 5319 2663 5374 humi
2683 5319 2867 5385 cubet.
2886 5330 2939 5374 et
2960 5321 3037 5375 sic
3049 5322 3121 5375 ob
3135 5322 3381 5378 virtutem
3394 5321 3463 5378 ad
3478 5324 3700 5395 angelos
3714 5340 3887 5396 usque

2306 5413 2613 5479 perveniat;
2641 5413 2689 5466 si
2730 5412 2832 5465 hoc
2874 5412 3001 5467 vitio
3037 5412 3269 5481 laboret,
3295 5413 3535 5471 omnium
3559 5416 3885 5473 scelestissi-

2305 5519 2426 5559 mus
2448 5506 2546 5560 erit
2570 5546 2585 5571 ,
2609 5515 2662 5561 et
2693 5504 2925 5573 moecho,
2966 5505 3312 5577 fornicatore,
3341 5506 3477 5577 fm,
3511 5511 3885 5581 sepulcrorum

2307 5596 2561 5653 ciiossore
2584 5598 2756 5668 pejor.

2372 5691 2425 5746 6.
2468 5688 2535 5745 Et
2559 5707 2629 5746 ne
2650 5691 2769 5760 quis
2794 5705 2881 5745 me
2908 5690 3143 5758 damnet,
3170 5697 3314 5764 quod
3344 5708 3455 5749 rem
3497 5699 3637 5749 ultra
3665 5694 3882 5751 modum

2316 5783 2489 5846 tollam
2514 5826 2528 5849 ,
2590 5784 2717 5838 illud
2772 5784 2943 5840 libens
2992 5801 3085 5842 vos
3124 5786 3568 5858 interrogat/crint
3602 5805 3614 5842 :
3656 5788 3717 5845 Si
3761 5788 3883 5859 quis
