4118 6340
198 402 293 460 ΗΞ)

197 520 366 588 ignem
418 527 475 572 ct
527 517 759 588 ligonem
810 523 1020 577 tenens,
1072 518 1207 566 hanc
1258 510 1426 564 aedem
1481 507 1791 562 incenderet

194 626 447 683 aramque
488 611 803 673 suffoderet,
835 624 1013 662 annon
1042 613 1100 661 ut
1127 605 1418 673 sacrilegus
1445 611 1500 657 et
1529 601 1789 655 scelestus

197 700 459 769 lapidibus
490 698 853 754 obrueretur?
881 697 1019 763 Quid
1069 710 1235 761 vero,
1264 695 1308 748 si
1349 693 1468 763 quis
1516 691 1785 745 ﬂammam

192 792 324 848 ferat
351 791 458 848 hoc
488 792 612 862 igne
650 789 980 844 veraciorem
1006 828 1021 851 ,
1053 788 1304 841 invidiam
1356 785 1499 848 dico,
1532 798 1649 852 quze.
1677 796 1782 834 non

192 884 411 941 a'dificia
438 885 626 947 diruit,
652 897 756 936 non
777 896 994 934 auream
1014 895 1160 934 aram
1186 878 1421 940 suffodit,
1451 876 1545 931 sed
1569 874 1709 946 quod
1731 882 1784 928 et

195 975 486 1043 parietibus
505 985 557 1029 et
589 988 683 1025 ara
710 972 866 1040 longe
895 970 1181 1041 pretiosius
1204 978 1307 1030 est,
1340 971 1619 1023 doctorum
1649 963 1780 1018 tedi-

193 1067 364 1121 licium
393 1064 661 1119 subvertit
700 1075 752 1120 et
782 1062 1125 1134 pessumdat;
1157 1075 1259 1131 qua
1292 1060 1380 1114 ille
1404 1060 1558 1115 venia
1589 1057 1783 1127 dignus

191 1156 428 1212 erittNe
472 1156 608 1211 mihi
635 1156 753 1226 quis
794 1152 1190 1223 dixerit,quod
1220 1165 1365 1220 smpe
1408 1159 1632 1205 conatus
1673 1163 1779 1202 non

191 1251 421 1317 potuerit
452 1264 468 1302 :
499 1264 623 1300 nam
669 1262 698 1300 a
742 1247 1015 1300 voluntate
1046 1260 1134 1299 res
1156 1242 1464 1312 judicantur
1493 1258 1507 1294 :
1534 1239 1778 1311 quando-

188 1338 395 1408 quidem
422 1337 555 1393 Saul
582 1351 794 1407 quoque
823 1335 1073 1391 Davidem
1113 1335 1397 1399 interfecit,
1428 1332 1635 1388 etiamsi
1665 1346 1776 1384 rem

191 1448 290 1487 non
331 1431 643 1501 perfecerit.
690 1432 881 1484 Annon
925 1429 1163 1498 cogitas,
1214 1441 1436 1497 quaeso,
1490 1434 1540 1479 te
1588 1422 1778 1477 ovibus

189 1522 377 1577 Christi
401 1521 668 1586 insidiari,
693 1519 905 1590 quando
924 1534 1043 1574 cum
1072 1527 1283 1587 pa~tore
1306 1532 1531 1586 pugnas,
1564 1514 1775 1577 ovibus,

187 1616 420 1685 inquam,
453 1632 555 1687 pro
583 1615 776 1684 quibus
802 1612 1115 1682 sanguinem
1158 1626 1310 1664 suum
1355 1608 1603 1664 Christus
1641 1605 1777 1660 effu-

187 1708 281 1775 dit,
312 1716 367 1761 ut
393 1708 576 1761 omnia
608 1720 703 1759 nos
742 1704 919 1759 facere
953 1713 1007 1758 et
1042 1703 1147 1775 pati
1169 1701 1367 1771 jussit?
1395 1714 1499 1753 non
1529 1697 1778 1753 recorda-

188 1774 275 1851 ris
296 1796 437 1866 quod
473 1797 735 1858 Dominus
765 1804 885 1849 tuus
910 1774 1135 1865 gloriam
1166 1804 1309 1847 tuam
1340 1791 1634 1860 quaesierit,
1668 1804 1777 1843 non

188 1888 367 1941 suam?
395 1887 479 1942 Tu
509 1903 638 1941 vero
669 1902 775 1944 non
806 1887 947 1945 illius
972 1885 1217 1956 gloriam,
1250 1883 1343 1938 sed
1372 1892 1513 1936 tuam
1553 1882 1773 1951 qumris.

189 1980 339 2050 Atqui
368 1981 411 2033 si
446 1980 603 2035 illius
624 1979 845 2049 gloriam
891 1993 1165 2054 qua'reres
1189 2020 1202 2040 ,
1235 1985 1360 2032 tunc
1403 1986 1546 2030 tuam
1577 1990 1773 2029 conse-

189 2073 420 2147 quereris
451 2089 465 2126 :
495 2072 624 2125 dum
675 2087 801 2125 vero
854 2070 945 2124 illa
991 2068 1293 2139 posthabita
1342 2076 1487 2123 tuam
1535 2066 1771 2151 quaeris,

187 2178 467 2233 numquam
500 2164 639 2221 hanc
670 2161 995 2232 assequeris.
1026 2160 1283 2231 Qumnam
1316 2159 1418 2214 erit
1448 2158 1605 2227 hujus
1632 2172 1776 2210 mor-

189 2254 234 2308 bi
274 2254 519 2309 medela?
561 2253 896 2322 Coujunctim
941 2266 1129 2306 omnes
1158 2266 1459 2321 precemur,
1505 2263 1772 2317 unamque

189 2363 278 2417 pro
308 2347 410 2401 illis
435 2347 747 2401 emittamus
778 2361 962 2401 vocem
985 2387 999 2411 ,
1030 2345 1178 2414 quasi
1229 2359 1328 2414 pro
1375 2343 1769 2413 energumeuis.

186 2440 307 2503 Nam
335 2440 385 2494 hi
417 2439 782 2494 miserabilius
806 2438 980 2492 affecti
1006 2446 1129 2492 sunt
1158 2453 1315 2507 quam
1348 2437 1443 2499 illi,
1473 2438 1593 2505 quia
1626 2436 1773 2489 furor

187 2530 267 2584 ille
292 2544 354 2585 ex
382 2532 661 2600 proposito
687 2537 866 2583 manat
894 2544 907 2582 :
940 2528 1247 2598 precatione
1286 2528 1481 2598 quippe
1508 2542 1645 2600 opus
1677 2525 1772 2579 ha-

186 2620 271 2674 bet
298 2619 383 2675 hic
410 2622 636 2675 morbus
661 2660 675 2683 ,
698 2628 754 2674 et
793 2619 957 2675 multa
1006 2618 1419 2688 supplicatione.
1448 2617 1581 2673 Nam
1613 2620 1656 2673 si
1687 2620 1729 2671 is
1750 2659 1767 2685 ,

186 2711 265 2777 qui
295 2710 512 2765 frater
538 2725 645 2764 non
663 2720 827 2776 amat,
855 2711 898 2764 si
932 2711 1186 2781 pecunias
1211 2710 1471 2773 effundat,
1493 2710 1535 2764 si
1564 2719 1767 2781 marty-

187 2808 261 2860 rio
284 2802 595 2869 illustretur,
629 2803 759 2858 nihil
784 2805 950 2879 magis
979 2803 1190 2873 proficit
1218 2821 1231 2858 :
1262 2804 1351 2873 qui
1381 2803 1577 2860 bellum
1610 2803 1769 2857 infert

186 2896 251 2959 ei,
278 2895 362 2965 qui
391 2895 528 2949 nihil
570 2895 671 2949 sibi
719 2895 841 2948 mali
878 2896 1084 2957 intulit,
1113 2896 1284 2965 cogita
1319 2907 1516 2963 quanto
1546 2896 1613 2949 sit
1643 2911 1767 2963 sup-

185 2984 331 3053 plicio
349 2984 565 3056 dignus.
584 2985 679 3040 llic
693 2985 982 3056 gentilibus
1002 2985 1236 3039 deterior
1257 2995 1359 3039 est.
1391 2984 1520 3041 Nam
1552 2985 1619 3047 si,
1644 3000 1765 3038 cum

187 3091 273 3129 nos
290 3090 530 3132 amantes
551 3078 839 3148 diligimus,
868 3078 995 3131 nihil
1022 3078 1143 3148 plus
1166 3077 1624 3146 habemus,quam
1654 3078 1725 3131 illi
1749 3094 1763 3129 :

186 3166 265 3233 qui
306 3168 608 3223 amantibus
634 3182 695 3223 se
717 3167 933 3232 invidet,
965 3183 1073 3237 quo
1103 3208 1118 3233 ,
1149 3183 1333 3237 qumso
1358 3210 1372 3235 ,
1406 3168 1457 3222 in
1482 3169 1601 3223 loco
1627 3168 1768 3223 erit?

244 3257 446 3314 Invidia
490 3260 625 3314 bello
676 3262 1022 3331 perniciosior.
1053 3291 1125 3301 —
1153 3261 1305 3315 Bello
1333 3277 1562 3329 namque
1591 3262 1768 3330 perni-

184 3348 364 3403 ciosior
392 3360 476 3404 est
503 3351 723 3404 invidia.
750 3351 883 3405 Nam
914 3351 1001 3420 qui
1035 3351 1233 3406 bellum
1261 3354 1419 3420 gerit,
1452 3366 1610 3406 causa
1642 3353 1765 3407 belli

184 3441 411 3504 sublata,
443 3442 779 3496 inimicitiam
826 3442 1079 3512 deponit;
1113 3443 1326 3497 invidus
1374 3453 1553 3497 autem
1607 3460 1765 3496 num-

184 3547 328 3600 quam
354 3536 525 3610 possit
554 3536 759 3590 amicus
781 3549 901 3589 esse
922 3535 1044 3601 ;ille
1068 3534 1283 3603 quidem
1314 3536 1596 3590 manifesto
1623 3533 1766 3589 bello

185 3623 397 3692 impetit,
429 3626 518 3681 hic
539 3627 750 3681 occulto
785 3644 797 3680 :
833 3626 921 3680 ille
941 3641 1131 3681 causas
1161 3627 1359 3680 multas
1384 3637 1437 3681 et
1463 3628 1767 3697 probabiles

182 3707 401 3786 SIIScepti
431 3716 558 3771 belli
582 3717 822 3786 proferre
849 3726 1062 3785 potest;
1098 3718 1181 3772 hic
1209 3719 1419 3772 nonnisi
1454 3720 1691 3773 furorem
1713 3729 1768 3774 et

182 3806 457 3859 salanicam
494 3806 844 3861 voluntatem.
865 3808 961 3862 Cui
992 3823 1121 3878 ergo
1152 3810 1311 3863 talem
1339 3810 1573 3863 animam
1613 3824 1765 3865 eom—

183 3898 485 3963 paraveris?
535 3899 620 3952 cui
668 3900 1019 3967 viperzn‘fcui
1062 3900 1271 3968 aspidi?
1298 3901 1381 3953 cui
1421 3902 1626 3953 vermi?
1679 3902 1765 3955 cui

182 3988 463 4043 cantharo?
485 3988 631 4043 Nihil
654 3990 797 4042 enim
828 3989 1130 4055 scelestius,
1159 3990 1290 4044 nihil
1318 3991 1552 4046 deterius
1584 3992 1768 4062 hujus-

183 4079 316 4149 ιιι-ιόὶ
342 4083 543 4135 anima.
575 4081 687 4135 Hoc
712 4084 878 4151 enim,
914 4082 1035 4144 hoc,
1061 4083 1276 4152 inquam
1300 4123 1315 4147 ,
1349 4084 1617 4139 Ecelesias
1644 4086 1768 4139 sub-

182 4172 347 4239 vertit,
368 4172 469 4227 hoc
482 4172 723 4229 haereses
741 4174 967 4245 peperit,
982 4174 1079 4229 hoc
1100 4174 1390 4230 fraternam
1414 4179 1639 4231 armavit
1656 4194 1767 4231 ma-

180 4276 294 4317 num
313 4275 367 4319 et
388 4264 571 4321 eflecit
595 4266 720 4320 utin
743 4268 1139 4337 sanguinejusti
1164 4268 1381 4323 dextera
1410 4283 1763 4340 mergeretur,

181 4350 417 4423 legesque
439 4367 648 4411 natura:
667 4357 1053 4429 pessnmdedit,
1070 4371 1123 4411 et
1145 4359 1302 4413 morti
1331 4370 1512 4428 portas
1534 4363 1763 4430 aperuit,

180 4459 237 4496 ac
258 4448 688 4503 maledictinncm
718 4450 860 4503 illam
894 4451 958 4504 ad
988 4466 1121 4520 opus
1148 4452 1404 4521 deduxit;
1441 4469 1538 4509 nec
1568 4457 1766 4524 permi-

182 4538 325 4591 situt
354 4539 541 4596 infelix
578 4542 666 4595 ille
708 4543 1080 4599 recordaretur
1112 4556 1295 4613 partus
1340 4548 1421 4599 sui
1471 4564 1643 4618 neque
1674 4566 1760 4617 pa-

183 4637 378 4684 rentum
431 4648 609 4702 neque
650 4633 873 4687 alterius
921 4635 1267 4705 cujusquam;
1296 4645 1344 4691 et
1379 4647 1525 4691 tanto
1569 4640 1765 4694 furoris

185 4722 496 4794 insanireque
523 4736 690 4781 (nstro
719 4729 907 4793 movit,
934 4738 990 4781 ut
1016 4729 1265 4784 hortante
1296 4731 1402 4784 Deo
1423 4747 1485 4786 ac
1510 4733 1722 4788 dicente
1748 4754 1761 4789 :

184 4816 255 4865 Ad
271 4827 315 4868 te
332 4819 423 4870 erit
450 4822 707 4888 appetitus
728 4822 858 4891 ejus,
893 4832 938 4873 et
971 4832 1020 4875 tu
1050 4824 1390 4877 dominabcris
1420 4827 1559 4879 illius
1585 4828 1604 4894 (
1631 4826 1759 4881 Gen.

182 4904 229 4955 ό.
259 4906 286 4957 7
308 4907 346 4977 ),
370 4924 436 4963 ne
459 4911 539 4963 sic
564 4911 776 4979 quidem
805 4912 1041 4967 cederet.
1072 4916 1228 4981 Atqui
1262 4924 1317 4968 et
1341 4916 1543 4971 crimen
1578 4918 1651 4971 illi
1681 4934 1765 4975 re-

184 4999 346 5062 misit,
377 5012 429 5055 et
461 5003 681 5057 fratrem
715 5005 810 5072 ipsi
840 5004 1065 5072 subjecit
1096 5024 1107 5057 :
1143 5023 1324 5060 verum
1359 5009 1427 5062 ita
1452 5010 1764 5065 insanabilis

185 5098 259 5142 cst
286 5090 367 5146 hic
406 5093 661 5160 morbus,
690 5106 745 5148 ut
790 5098 948 5149 etiam
984 5098 1127 5153 mille
1152 5100 1406 5153 adhibitis
1435 5102 1757 5170 pharmacis,

187 5179 372 5235 smiem
416 5199 634 5252 semper
662 5187 892 5240 emittat.
923 5187 1029 5241 Cur
1057 5190 1198 5242 enim
1242 5191 1392 5244 doles
1416 5234 1431 5255 ,
1463 5208 1493 5242 ο
1521 5196 1759 5248 omnium

188 5269 503 5325 miserrime?
552 5274 694 5345 quod
750 5274 1042 5332 honoratus
1090 5279 1156 5332 sit
1208 5278 1383 5334 Deus?
1412 5284 1481 5336 At
1532 5282 1634 5337 hoc
1682 5295 1763 5339 cst

190 5358 337 5413 animi
387 5366 630 5421 satanici.
660 5367 741 5421 An
768 5366 909 5437 quod
958 5367 1123 5425 frater
1175 5372 1461 5426 admodum
1511 5385 1763 5444 acceptus

192 5447 366 5505 fuerit?
387 5455 492 5509 Sed
525 5456 647 5512 licet
674 5460 763 5515 tibi
797 5477 919 5513 eum
949 5477 1223 5529 superare.
1262 5464 1441 5533 Itaque
1473 5468 1514 5519 si
1548 5467 1761 5524 vincere

190 5542 341 5610 velis,
364 5562 430 5600 ne
454 5549 703 5615 occidas,
734 5568 799 5605 ne
840 5553 907 5607 de
948 5556 1124 5607 medio
1149 5557 1337 5621 tollas;
1371 5558 1464 5611 sed
1496 5560 1613 5613 sine
1651 5576 1762 5612 ma-

194 5648 325 5700 nere,
354 5650 410 5692 ut
436 5643 745 5695 certaminis
773 5647 983 5699 oceasio
1013 5658 1284 5713 servetur,
1308 5659 1359 5703 ct
1393 5651 1654 5705 viventem
1683 5668 1765 5706 su-

195 5737 305 5779 pera
330 5744 341 5779 :
362 5729 436 5784 sic
464 5734 607 5786 enim
635 5734 911 5803 splendida
936 5738 1026 5790 tibi
1052 5754 1247 5793 corona
1284 5740 1454 5796 futura
1485 5752 1597 5796 est:
1621 5762 1763 5801 nunc

194 5825 348 5874 autem
376 5821 416 5878 si
448 5827 680 5895 occidas,
714 5828 969 5897 majorem
1003 5843 1185 5887 contra
1222 5842 1270 5889 te
1302 5836 1567 5891 calculum
1597 5840 1757 5909 feres,

1299 391 1364 446 ΙΝ
1402 388 1616 446 ΕίῚΞΤ.
1663 386 1751 441 ΛΟ
1792 385 1953 440 ΠΟῘιῙ.
1999 386 2228 444 HOMlL.
2274 388 2387 447 VII.

3380 394 3485 451 450

1888 520 2047 576 qttam
2080 507 2122 560 si
2156 507 2329 563 victus
2356 520 2527 565 esses.
2550 508 2621 564 At
2663 510 2794 563 nihil
2845 510 3032 565 horum
3073 512 3271 569 invidia
3313 518 3482 570 novit.

1888 597 1996 650 Cur
2045 607 2221 652 autem
2273 599 2499 669 gloriam
2546 616 2693 654 amas
2745 602 2797 654 in
2844 612 2985 655 tanta
3027 602 3353 657 solitudine?
3384 606 3482 673 ipsl

1887 704 2118 759 namque
2144 691 2243 744 soli
2275 700 2400 746 tunc
2429 699 2626 746 terram
2658 692 2991 747 habitabant.
3026 697 3093 747 At
3126 694 3254 748 nihi.
3288 696 3480 750 borum

1888 779 2059 846 ipsum
2086 780 2359 846 cohibuit;
2389 781 2483 837 sed
2511 784 2764 837 omnibus
2792 799 2857 838 ex
2889 786 3069 838 animo
3100 782 3335 854 rejectis,
3358 802 3479 843 cum

1884 871 2100 927 diabolo
2128 876 2275 927 stetit
2304 885 2359 929 et
2389 876 2561 929 aciem
2613 876 2865 929 instruxit
2899 896 2913 930 :
2943 892 3065 929 nam
3095 877 3183 931 ille
3215 888 3338 931 tunc
3375 877 3481 931 dux

1884 974 2145 1019 eratcum
2169 966 2353 1020 Caino.
2384 967 2520 1036 Quia
2543 969 2687 1023 enim
2725 985 2830 1022 non
2869 968 3168 1023 sufficiebat
3198 971 3269 1024 illi
3296 1013 3309 1033 ,
3337 971 3480 1039 quod

1885 1058 2046 1111 homo
2075 1060 2316 1114 mortalis
2346 1069 2490 1115 esset
2517 1061 2740 1117 effectus
2765 1102 2779 1125 ,
2811 1076 2875 1116 ex
2910 1062 3096 1115 mortis
3128 1063 3289 1116 etiam
3321 1061 3482 1115 modo

1883 1149 2140 1217 majorem
2166 1151 2476 1220 tragmdiam
2502 1152 2716 1207 efficere
2747 1155 3007 1219 tentabat,
3033 1166 3080 1209 et
3115 1156 3379 1223 persuasit
3402 1156 3483 1209 illi

1882 1250 1940 1296 ut
1969 1242 2188 1297 fratrem
2214 1244 2505 1299 occideret.
2535 1245 2848 1299 Festinabat
2875 1248 3018 1300 enim
3052 1256 3106 1300 et
3126 1248 3469 1302 desiderabat

1880 1332 2063 1386 videre
2108 1336 2431 1389 sententiam
2461 1337 2511 1390 in
2545 1351 2681 1405 opus
2709 1337 3017 1403 deductam,
3044 1340 3130 1408 qui
3183 1355 3472 1408 numquam

1882 1424 2083 1477 nostris
2109 1424 2333 1479 satiatur
2359 1426 2534 1482 malis.
2565 1429 2643 1482 Ac
2696 1428 2741 1482 si
2786 1429 2908 1499 quis
2936 1429 3210 1485 inimicum
3244 1433 3478 1486 vinclum

1882 1513 2083 1568 habens
2106 1557 2120 1580 ,
2150 1525 2201 1569 et
2231 1518 2498 1572 sententia
2528 1517 2838 1573 damnatum
2884 1521 2949 1574 ad
2995 1531 3222 1577 mortem
3253 1524 3439 1578 videns
3460 1567 3475 1589 ,

1878 1612 2162 1673 antequam
2193 1620 2257 1660 ex
2290 1607 2423 1662 urbe
2450 1620 2628 1675 exeat,
2670 1608 2883 1665 festinet
2910 1620 2966 1665 ut
2994 1613 3139 1667 illum
3172 1615 3312 1667 intus
3334 1631 3480 1669 mor-

1880 1702 2026 1747 tuum
2066 1696 2276 1761 videat,
2307 1711 2406 1752 nec
2452 1713 2756 1769 congruens
2804 1710 3013 1771 tempus
3043 1715 3319 1772 exspectet
3354 1748 3365 1761 .
3399 1706 3480 1761 sic

1877 1796 1932 1841 et
1979 1787 2225 1843 diabolus
2270 1798 2397 1846 tunc
2425 1807 2441 1844 :
2473 1792 2573 1845 etsi
2603 1792 2844 1846 audisset
2888 1794 3161 1848 Immineat
3192 1797 3244 1849 in
3292 1798 3478 1865 pulve-

1877 1895 1990 1934 rem
2038 1894 2160 1936 esse
2189 1897 2528 1937 reversurum
2552 1924 2567 1947 ,
2600 1884 2850 1953 cupiebat
2889 1887 3089 1955 aliquid
3133 1890 3364 1958 amplius
3395 1891 3477 1944 vi-

1876 1970 2005 2026 dere
2034 2014 2048 2035 ,
2083 1971 2250 2027 filium
2285 1989 2479 2042 nempe
2504 1985 2633 2030 ante
2660 1985 2865 2045 patrem
2899 1980 3221 2033 morientem
3250 2023 3263 2045 ,
3288 1991 3341 2035 et
3370 1982 3480 2035 fra-

1878 2071 2013 2116 trem
2054 2064 2388 2120 occidentem
2422 2066 2642 2122 fratrem
2685 2083 2843 2123 suum
2864 2110 2878 2133 ,
2906 2069 3246 2125 immaturam
3282 2089 3391 2128 rem
3424 2086 3478 2130 et

1876 2155 2165 2207 violentam
2195 2167 2442 2210 mortem.

1948 2245 1999 2297 7.
2046 2244 2230 2299 Viden‘
2254 2245 2318 2299 ad
2346 2255 2576 2317 quantas
2603 2263 2692 2303 res
2724 2249 3025 2306 inservierit
3074 2254 3306 2308 invidia?
3336 2273 3475 2326 quo-

1874 2335 2036 2389 modo
2111 2338 2470 2392 insatiabilem
2535 2340 2737 2394 diaboli
2812 2344 3050 2398 animum
3124 2347 3473 2416 impleverit,

1876 2435 2184 2496 tantamque
2231 2429 2306 2481 illi
2347 2445 2588 2485 mensam
2631 2433 2959 2500 apposuerit,
2992 2446 3245 2505 quautam
3280 2439 3356 2492 illi
3398 2440 3476 2493 vi-

1870 2516 2003 2571 dere
2044 2520 2334 2589 cupiebat?
2379 2519 2667 2590 Fugiamus
2707 2539 2836 2593 ergo
2868 2525 3009 2579 hunc
3061 2528 3327 2582 morbum.
3357 2529 3473 2583 Non

1874 2623 2158 2676 possumus
2188 2612 2331 2665 enim
2355 2654 2370 2678 ,
2413 2628 2520 2667 non
2574 2628 2860 2683 possumus
2891 2618 3073 2686 utique
3119 2619 3295 2689 ignem
3325 2622 3473 2676 illum

1871 2698 2106 2769 effugere
2129 2711 2370 2770 paratum
2402 2703 2619 2757 diabolo
2645 2747 2660 2769 ,
2687 2706 2789 2758 nisi
2834 2708 2903 2759 ab
2931 2706 3031 2762 hac
3060 2711 3377 2779 a‘gritndine
3406 2714 3473 2766 li-

1872 2790 2163 2846 beremur:
2200 2793 2547 2849 Iiberabimur
2573 2806 2778 2863 autem,
2808 2799 2851 2852 si
2884 2802 3182 2869 cogitemus
3212 2816 3471 2873 quantum

1869 2881 2116 2935 Christus
2144 2898 2243 2937 nos
2270 2886 2549 2949 amaverit,
2578 2889 2667 2957 qui
2718 2892 2971 2959 praecepit
3018 2901 3073 2945 ut
3104 2909 3201 2947 nos
3244 2896 3472 2951 invicem

1869 2972 2233 3043 diligeremus.
2259 2975 2377 3041 Quo
2404 2977 2563 3045 igitur
2591 2978 2753 3032 modo
2780 2996 2879 3034 nos
2907 2984 3139 3037 amavit?
3168 2984 3471 3041 Pretiosum

1870 3066 2183 3133 sanguinem
2228 3083 2384 3121 suum
2421 3069 2569 3124 dedit
2600 3087 2697 3139 pro
2728 3073 2884 3126 nobis
2922 3075 3155 3131 inimicis
3180 3118 3196 3143 ,
3230 3081 3319 3148 qui
3373 3082 3473 3150 ipsi

1870 3158 2113 3227 ingentes
2167 3160 2519 3217 iutuleramns
2574 3165 2816 3233 injurias.
2854 3168 2927 3220 Ita
2959 3178 3013 3222 et
3046 3179 3099 3223 tu
3141 3171 3304 3227 facito
3349 3190 3472 3246 erga

1871 3250 2089 3303 fratrem
2135 3261 2283 3305 tunnt
2316 3271 2330 3307 :
2364 3255 2484 3309 ideo
2532 3257 2661 3311 dicit
2709 3258 2798 3312 ille
2822 3302 2836 3326 ,
2865 3260 3169 3317 Mandatum
3195 3284 3377 3327 napum
3407 3273 3474 3324 do

1869 3340 2006 3393 vobis
2031 3381 2045 3402 ,
2074 3352 2131 3394 ut
2175 3344 2402 3413 diligatis
2457 3347 2667 3401 invicem
2698 3350 2828 3403 sicut
2855 3352 3012 3406 dilexi
3037 3371 3124 3409 vos
3148 3356 3165 3424 (
3187 3356 3349 3412 Joan.
3382 3362 3469 3416 15.

1870 3434 1983 3502 34).
2015 3434 2125 3488 Ιιιιο
2148 3451 2275 3489 vero
2303 3453 2409 3491 non
2437 3439 2487 3492 iu
2519 3438 2598 3493 his
2640 3441 2729 3496 ille
2767 3445 3009 3500 terminis
3039 3449 3286 3504 consistit
3312 3467 3326 3503 :
3361 3452 3473 3522 ipse

1871 3541 2101 3596 namque
2121 3544 2213 3597 pro
2242 3530 2473 3585 inimicis
2501 3532 2601 3587 hoc
2625 3536 2767 3588 fecit.
2793 3535 2897 3591 Sed
2927 3554 3030 3593 non
3049 3541 3130 3594 vis
3155 3544 3470 3612 sanguinem

1872 3626 2019 3671 tuum
2067 3619 2197 3673 dare
2232 3636 2326 3689 pro
2367 3624 2574 3676 fratre?
2617 3624 2727 3679 Cur
2757 3642 2886 3696 ergo
2917 3631 3079 3683 etiam
3108 3633 3223 3700 ejus
3251 3638 3469 3703 sangui-

1871 3726 1993 3763 nem
2043 3711 2317 3777 edundis,
2371 3726 2701 3786 pra‘ceptum
2752 3736 2814 3773 ex
2872 3721 3137 3777 diametro
3206 3726 3472 3782 violatis?

1871 3802 2091 3857 Etiamsi
2139 3806 2253 3873 ipse
2302 3806 2551 3862 Christus
2590 3825 2695 3863 non
2729 3825 2795 3864 ex
2824 3810 3006 3867 debito
3037 3814 3137 3869 hoc
3181 3816 3389 3885 fecerit,
3420 3829 3472 3874 tu

1871 3912 2002 3951 vero
2031 3896 2073 3949 si
2108 3897 2271 3951 facias
2294 3941 2309 3967 ,
2356 3900 2595 3955 debitum
2643 3904 2831 3972 imples
2860 3922 2875 3958 :
2906 3908 3121 3975 quando
3149 3919 3201 3963 et
3231 3912 3320 3967 ille
3349 3929 3471 3968 cum

1869 3989 2053 4044 decem
2103 3990 2267 4044 millia
2318 3991 2515 4045 talenta
2572 3999 2888 4064 accepisset,
2937 4009 3154 4053 centum
3211 4002 3468 4061 denarios

1870 4081 2109 4151 exigens,
2159 4097 2263 4135 non
2321 4081 2442 4137 ideo
2489 4086 2663 4139 solum
2712 4088 2927 4156 punitus
2970 4090 3147 4157 fuerit,
3177 4095 3319 4163 quod
3354 4099 3471 4152 exi-

1867 4183 2053 4244 geret,
2097 4173 2191 4227 sed
2241 4175 2400 4229 etiam
2453 4175 2595 4245 quod
2648 4194 2713 4233 ex
2768 4191 2991 4250 accepto
3044 4184 3307 4240 beneficio
3365 4205 3470 4243 non

1871 4267 2061 4320 melior
2107 4269 2361 4333 evaserit,
2395 4269 2647 4340 quodque
2673 4288 2793 4325 cum
2827 4274 3079 4330 dominus
3112 4292 3239 4333 suus
3273 4283 3472 4351 cmpis-

1870 4369 1971 4421 set,
2000 4359 2089 4413 ille
2130 4359 2370 4414 debitum
2398 4376 2503 4415 non
2536 4366 2806 4418 remiserit
2838 4383 2850 4418 :
2888 4382 3009 4421 nam
3060 4369 3304 4424 debitum
3358 4383 3475 4429 erat

1871 4450 2000 4503 illud
2030 4466 2056 4501 a
2090 4466 2247 4504 servo
2297 4453 2617 4520 praestitum,
2652 4456 2697 4509 si
2731 4457 2892 4511 modo
2918 4463 3215 4527 pra'stitum
3261 4462 3470 4520 fuisset.

1871 4541 2081 4594 Etenim
2116 4558 2466 4612 quaecumque
2496 4545 2719 4600 facimus
2745 4588 2760 4612 ,
2794 4547 3033 4602 debitum
3069 4552 3356 4622 impleutes
3388 4556 3471 4611 fa-

1869 4633 2060 4686 cimus.
2096 4634 2218 4687 ldeo
2247 4644 2300 4689 et
2322 4635 2433 4703 ipse
2460 4636 2673 4692 dicebat
2704 4656 2715 4689 :
2748 4636 2874 4693 Cum
2916 4643 3087 4693 omnia
3117 4647 3358 4712 feceritis,
3388 4649 3473 4701 di-

1868 4725 1981 4790 cite,
2016 4725 2159 4779 Servi
2190 4726 2395 4780 inutiles
2421 4745 2595 4783 smnus
2615 4744 2632 4782 :
2656 4746 2772 4801 qua:
2810 4733 2941 4784 enim
2973 4734 3236 4791 debuimus
3280 4740 3470 4805 facere,

1871 4819 2076 4886 ferimus
2107 4818 2273 4889 (Luc.
2308 4821 2393 4874 17.
2425 4822 2547 4893 10).
2575 4823 2726 4878 Licet
2757 4840 2887 4895 ergo
2909 4830 3187 4883 caritatem
3216 4833 3474 4889 exhibea-

1870 4929 2018 4974 mus,
2055 4913 2177 4967 licet
2228 4915 2482 4983 pecunias
2528 4919 2813 4987 egentibus
2861 4936 3183 4991 erogemus,
3228 4926 3471 4979 debitum

1870 5006 2155 5074 implemus
2185 5027 2196 5061 :
2231 5023 2335 5061 non
2382 5010 2559 5072 modo,
2594 5011 2732 5079 quod
2763 5012 2849 5066 ille
2878 5015 3023 5081 prior
3050 5016 3307 5071 beneficia
3339 5034 3471 5071 cou-

1872 5098 2013 5151 ferre
2060 5099 2285 5165 cmperit
2311 5141 2324 5162 ,
2359 5100 2453 5153 sed
2483 5101 2624 5169 quod
2655 5117 2753 5155 nos
2783 5120 2901 5172 qua:
2936 5106 3101 5173 ipsius
3132 5117 3257 5161 sunt
3287 5110 3472 5163 distri-

1870 5190 2115 5248 buamus.
2143 5192 2185 5243 si
2217 5206 2519 5259 erogemus.
2546 5194 2654 5247 Cur
2683 5194 2843 5264 igitur
2871 5207 2919 5250 te
2951 5199 3059 5251 illis
3098 5201 3304 5267 privas,
3334 5218 3470 5269 quo—

1869 5300 1984 5337 rum
2018 5284 2100 5337 ille
2131 5294 2181 5338 te
2207 5284 2481 5338 dominum
2504 5301 2625 5341 esse
2645 5289 2789 5341 vult?
2818 5289 2942 5343 Ideo
2963 5290 3105 5344 enim
3132 5301 3181 5346 te
3200 5293 3357 5362 jussit
3384 5294 3474 5351 illa

1868 5376 1997 5429 dare
2048 5377 2237 5441 alteri,
2272 5386 2329 5431 ut
2374 5387 2427 5430 tu
2480 5378 2565 5432 illa
2622 5382 2920 5448 possideas.
2977 5384 3153 5438 Donec
3198 5387 3341 5440 enim
3390 5388 3475 5443 illa

1870 5470 2089 5533 retines,
2126 5485 2223 5523 nec
2253 5480 2306 5522 tu
2335 5473 2448 5539 ipse
2478 5472 2639 5526 habes
2669 5488 2683 5525 ε
2716 5489 2836 5527 cum
2866 5491 2995 5529 vero
3026 5476 3121 5530 das
3153 5478 3324 5543 alteri,
3350 5489 3477 5535 tunc

1872 5564 1981 5631 ipsa
2004 5564 2269 5631 recepisti.
2290 5564 2421 5617 Num
2446 5564 2735 5635 quidquam
2766 5578 2866 5628 est,
2892 5570 3032 5636 quod
3066 5572 3206 5627 hunc
3228 5588 3470 5628 amorem

1870 5671 2152 5723 exmquare
2179 5658 2383 5725 possit?
2406 5658 2521 5726 lpse
2543 5659 2855 5723 sanguinem
2887 5677 2982 5729 pro
3009 5662 3240 5716 inimicis
3262 5664 3472 5728 effudit.

1873 5764 1970 5801 nos
2015 5763 2139 5801 vero
2168 5765 2235 5801 ne
2265 5750 2517 5817 jwcunias
2568 5750 2782 5817 quidem
2814 5768 2910 5820 pro
2942 5754 3283 5811 benefactore
3317 5774 3329 5808 :
3363 5758 3478 5827 ipse

1872 5840 2181 5910 sanguinem
2207 5857 2382 5907 suum,
2403 5857 2499 5895 nos
2518 5858 2689 5910 neque
2710 5845 2985 5912 pecunias,
3006 5861 3123 5915 qua:
3154 5857 3351 5902 nostra:
3369 5864 3477 5905 non
