4118 6340
621 380 722 442 ibi

1287 372 1344 429 5.
1380 367 1655 431 JOANMS
1687 356 2152 421 οιιιιῐεοετοιιι
2191 351 2505 411 ARCHIEP.
2542 353 2850 411 CONSTAN
2864 354 3072 414 "N09.

3778 360 3885 415 ειὲ

631 505 779 553 sum:
802 494 914 563 ipse
935 497 1056 543 ante
1082 503 1201 549 nos,
1227 500 1324 539 nos
1352 490 1528 537 autem
1558 492 1656 532 nec
1682 484 1803 545 post
1831 474 2003 544 ipsum
2032 487 2046 524 :
2075 470 2190 540 ipse
2292 466 2647 533 dat;mentiri
2670 468 2812 522 enim
2832 471 3016 540 nequit
3038 469 3127 525 ille
3144 470 3231 539 qui
3253 468 3380 526 dicit
3400 488 3414 525 :
3436 470 3659 536 Quaerite
3672 488 3885 544 regnum

630 603 722 658 pm
743 584 911 639 salute
937 588 1139 641 nostra,
1165 591 1262 630 nos
1292 588 1389 629 nec
1414 586 1510 643 pro
1534 565 1994 658 nostrarutilitate;
2018 574 2192 658 neque

627 650 766 734 enim
793 672 869 727 illi
897 670 1179 741 quidquam
1200 662 1403 719 accedit
1421 676 1486 716 ex
1516 667 1692 714 nostra
1716 655 2074 725 benignitate;

628 766 833 820 lucrum
879 740 1042 815 totum
1081 756 1148 811 ad
1193 770 1287 809 uos
1333 750 1633 807 revertitur.
1678 747 1801 802 Ideo
1825 744 2074 814 iubemur
2104 740 2191 795 illa

630 860 776 919 dare,
796 870 863 909 ne
882 852 950 908 ab
977 852 1082 905 illis
1107 846 1430 905 excidamus.
1449 842 1599 898 Sicut
1621 841 1764 895 enim
1784 852 1906 892 cum
1928 833 2194 905 quispiam

631 958 909 1017 argentum
933 943 1023 998 dat
1048 939 1289 1011 puerulo,
1331 936 1487 1005 jubet
1516 934 1663 987 illum
1688 936 1930 984 accurate
1951 940 2190 1017 servare,

628 1015 716 1096 vel
735 1039 928 1093 famulo
950 1034 1155 1090 tradere
1172 1026 1602 1089 custodiendum,
1617 1032 1673 1079 ut
1690 1038 1757 1078 ne
1771 1019 1983 1077 cuilibet
2000 1015 2196 1071 volenti

630 1131 787 1185 liceat
826 1126 1068 1195 abripere
1096 1140 1109 1176 :
1136 1122 1213 1177 sic
1241 1130 1295 1174 et
1326 1119 1463 1173 Deus
1492 1114 1637 1170 facit.
1679 1113 1752 1168 Da
1778 1110 1971 1182 egenti,
2001 1106 2193 1177 inquit,

636 1229 689 1272 ut
716 1233 781 1272 ne
801 1215 922 1286 quis
952 1213 1039 1268 illa
1062 1228 1091 1266 a
1116 1221 1169 1267 te
1190 1210 1430 1274 auferat,
1460 1216 1552 1261 aut
1593 1204 1934 1277 sycophanta,
1964 1206 2055 1253 aut
2081 1196 2198 1251 dia-

629 1307 804 1373 bolus,
832 1314 927 1363 aut
962 1306 1066 1372 fur,
1086 1314 1175 1359 aut
1196 1309 1316 1373 post
1339 1313 1527 1355 omnes
1552 1311 1715 1352 mors.
1744 1295 1918 1348 Donec
1937 1305 2029 1345 cas
2058 1287 2196 1342 deti-

633 1418 749 1467 nes,
766 1415 869 1455 non
892 1408 1004 1454 tuto
1022 1396 1259 1461 detines;
1282 1394 1326 1449 si
1346 1400 1522 1447 autem
1543 1390 1663 1449 illas
1678 1386 1805 1441 mihi
1831 1399 1922 1467 per
1938 1394 2199 1452 pauperes

632 1466 864 1555 dederis,
906 1504 1004 1560 ego
1032 1487 1125 1542 tibi
1153 1484 1329 1541 omnia
1380 1489 1625 1540 accurate
1670 1466 1987 1538 custodiam,
2020 1479 2076 1527 et
2098 1486 2198 1541 op-

634 1591 862 1653 portuno
890 1588 1128 1649 tempore
1155 1574 1248 1629 tibi
1288 1572 1405 1627 illas
1434 1583 1625 1653 magno
1658 1582 1781 1622 cum
1810 1566 2010 1621 fenore
2041 1561 2200 1617 resti-

633 1683 797 1728 tuam.
827 1668 941 1724 Nou
972 1667 1115 1723 enim
1142 1674 1203 1720 ιιι¹
1225 1663 1462 1718 auferam
1501 1658 1726 1729 accipio,
1754 1656 1847 1712 sed
1889 1663 1946 1708 ut
1979 1666 2199 1723 augeam

630 1773 684 1817 et
708 1770 823 1817 tuto
838 1756 1136 1815 custodiam
1156 1764 1211 1810 et
1240 1753 1333 1810 tibi
1362 1752 1431 1812 ad
1450 1751 1582 1809 illud
1604 1764 1771 1820 usque
1794 1759 2003 1817 tempus
2026 1758 2202 1798 asser-

631 1869 773 1919 vem,
807 1865 912 1921 quo
960 1847 1137 1903 nullus
1162 1845 1286 1911 erit,
1314 1844 1406 1915 qui
1431 1841 1623 1899 fenori
1652 1841 1763 1904 det,
1796 1852 1895 1892 nec
1922 1836 2013 1907 qui
2042 1834 2203 1888 mise-

631 1942 857 1998 ricordia
880 1946 1173 1994 moveatur.
1195 1933 1332 2003 Quid
1361 1932 1647 1989 immanius
1671 1939 1753 1986 est
1777 1927 1949 1989 nobis,
1973 1926 2060 1996 qui
2082 1935 2203 1994 post

634 2042 715 2087 tot
756 2030 1151 2101 promissiones,
1188 2039 1255 2080 ne
1285 2022 1500 2093 quidem
1544 2021 1650 2090 ipsi
1685 2029 1868 2074 mutuo
1891 2017 2020 2070 dare
2048 2015 2201 2070 volu-

631 2122 788 2179 mus?
836 2120 957 2175 Ideo
985 2117 1226 2181 deserti,
1259 2114 1384 2169 nudi
1409 2122 1465 2169 et
1495 2126 1755 2184 pauperes
1782 2108 1847 2163 ad
1878 2109 2051 2178 ipsum
2100 2106 2201 2159 tui-

588 2242 596 2247 -
628 2225 863 2285 grauius,
888 2224 953 2265 ea
979 2223 1099 2279 qua:
1126 2208 1281 2262 nobis
1304 2202 1609 2260 concredita
1635 2209 1758 2256 sunt
1785 2216 1890 2254 nun
1922 2198 2202 2257 habentes.

628 2305 752 2375 quia
782 2316 887 2357 non
914 2300 1002 2363 illa
1030 2297 1169 2368 apud
1195 2310 1340 2372 eum,
1368 2295 1459 2365 qui
1483 2292 1783 2348 accuratius
1809 2288 2058 2344 omnibus
2085 2300 2199 2340 ser-

633 2406 741 2460 vat,
772 2392 1135 2464 deposuimus.
1185 2389 1415 2467 ideoque
1435 2394 1702 2440 extremas
1726 2381 1972 2436 dabimus
1995 2390 2199 2450 ptenas.

630 2485 772 2555 Quid
824 2484 967 2539 enim
1016 2478 1247 2537 accusati
1291 2477 1474 2533 dicere
1521 2473 1814 2546 poterimus
1844 2484 1941 2541 pro
1971 2467 2204 2539 pernicie

629 2575 870 2633 vitanda?
899 2573 1065 2640 Quam
1091 2568 1454 2627 defensionem
1485 2566 1676 2621 afferre
1696 2606 1710 2629 ,
1742 2579 1900 2634 quam
1932 2562 2203 2632 purgatio-

632 2670 791 2725 nem?
832 2668 942 2723 Cur
964 2665 1105 2720 enim
1135 2678 1239 2716 non
1268 2657 1501 2715 dedisti?
1550 2653 1747 2710 diffidis
1795 2663 1847 2707 te
1888 2664 2072 2706 rursus
2114 2664 2207 2704 eas

630 2757 1018 2831 accepturum?
1071 2754 1169 2822 Qui
1212 2752 1264 2807 id
1311 2751 1515 2805 ratione
1566 2755 1813 2802 constare
1861 2742 2066 2812 possit?
2115 2742 2205 2811 qui

632 2854 774 2907 enim
803 2851 888 2905 dat
920 2848 989 2913 ei,
1020 2845 1109 2916 qui
1142 2859 1247 2898 non
1276 2840 1457 2905 dedit,
1488 2846 1685 2909 quanto
1713 2834 1883 2904 magis
1910 2832 2058 2886 dabit
2081 2847 2202 2887 cum

632 2941 931 3013 acceperit?
970 2938 1163 2993 Verum
1192 2949 1374 2989 earnm
1407 2941 1457 2987 te
1485 2940 1732 2999 aspectus
1760 2926 2026 2983 delectat?
2065 2924 2205 2995 Ergo

633 3032 805 3089 multo
851 3029 1018 3101 magis
1064 3025 1183 3083 ideo
1226 3025 1439 3094 largire,
1472 3032 1528 3076 ut
1554 3022 1666 3076 illic
1690 3020 1858 3089 magis
1883 3017 2200 3078 delecteris.

632 3141 756 3182 cum
784 3138 941 3179 nemo
965 3120 1082 3175 illas
1113 3116 1326 3173 auferre
1355 3112 1581 3184 poterit;
1608 3126 1726 3165 cmn
1752 3117 1961 3173 contra,
1990 3108 2035 3161 si
2068 3120 2206 3161 nunc

634 3220 904 3283 retineas,
936 3214 1210 3268 innumera
1261 3220 1514 3278 passurus
1551 3204 1628 3259 sis
1670 3202 1831 3265 mala.
1884 3199 2019 3254 Nam
2059 3198 2206 3254 velut

631 3311 780 3366 cauis
818 3305 1061 3363 diabolus
1088 3303 1139 3357 in
1168 3300 1358 3355 divites
1383 3297 1573 3361 insilit,
1601 3308 1666 3350 ac
1695 3292 1943 3363 sicibum
1969 3299 2062 3347 aut
2087 3291 2201 3362 pla-

631 3409 839 3457 centam
864 3396 991 3452 velit
1017 3394 1088 3450 de
1115 3406 1275 3447 manu
1303 3387 1465 3460 puelli
1493 3384 1763 3455 abripere.
1808 3382 2003 3437 Demus
2030 3382 2206 3449 itaque

634 3495 721 3549 illa
748 3489 904 3562 patri.
927 3485 1079 3555 Quod
1100 3484 1145 3539 si
1169 3483 1222 3538 id
1245 3481 1437 3537 viderit
1461 3478 1721 3541 diabolus,
1740 3475 1917 3531 statim
1939 3474 2204 3545 aufugiet:

630 3584 723 3638 illo
750 3588 924 3636 autem
952 3574 1237 3633 recedente
1257 3611 1276 3641 ,
1305 3580 1433 3627 tunc
1463 3569 1555 3625 tibi
1586 3577 1737 3639 pater
1766 3566 1857 3623 illa
1883 3565 2061 3621 omnia
2090 3573 2203 3620 tuto

628 3672 797 3736 dabit,
818 3683 940 3725 cum
962 3682 1069 3723 non
1098 3664 1288 3737 poterit
1326 3662 1415 3717 ille
1449 3660 1633 3716 turbas
1659 3659 1790 3715 dare
1812 3657 1865 3714 in
1895 3655 2073 3712 futuro
2102 3670 2204 3713 ste-

628 3762 770 3820 cnlo.
789 3759 941 3815 Nunc
962 3771 1089 3811 vero
1115 3771 1145 3809 a
1170 3752 1419 3824 puerulis,
1442 3751 1633 3821 quibus
1651 3749 1826 3805 catelli
1856 3748 2032 3803 infesti
2052 3755 2200 3814 sunt,

631 3851 765 3906 nihil
790 3838 1039 3905 differunt
1058 3845 1271 3909 divites,
1292 3842 1538 3898 omnibus
1556 3842 1696 3897 circa
1719 3840 1837 3895 illos
1862 3840 2200 3908 latrantibus,

629 3937 1069 4008 discerpentibus,
1111 3934 1457 3997 trahentibus,
1488 3945 1593 3985 non
1637 3928 1938 3985 hominibus
1976 3937 2201 3997 tantum,

630 4030 725 4085 sed
744 4029 905 4084 etiam
926 4026 1224 4089 affectibus,
1242 4022 1385 4094 gula,
1404 4022 1682 4086 ebrietate,
1696 4019 2023 4084 adulatiotie,
2047 4019 2204 4075 lasei-

634 4122 717 4175 via
742 4119 905 4173 omni.
937 4116 1051 4172 iam
1079 4116 1123 4171 si
1148 4114 1275 4186 quid
1291 4124 1474 4167 mutuo
1494 4110 1624 4166 dare
1652 4110 1894 4176 velimus,
1917 4109 2205 4180 diligenter

631 4211 966 4279 exploramus
984 4222 1098 4269 eos,
1114 4207 1203 4275 qui
1231 4205 1452 4259 multum
1473 4202 1603 4257 dare
1621 4203 1786 4272 parati
1809 4210 1863 4257 et
1882 4202 2017 4273 grati
2038 4201 2201 4256 animi

631 4301 757 4354 sint.
808 4298 903 4352 llic
941 4311 1070 4352 vero
1109 4309 1263 4350 secus
1304 4294 1563 4347 facimus:
1595 4294 1705 4349 Deo
1741 4308 1970 4363 namque
2015 4293 2203 4349 relicto

632 4386 1023 4450 liberalissimo,
1046 4385 1134 4455 qui
1157 4399 1261 4451 non
1284 4384 1633 4439 centesimam
1653 4384 1752 4453 (a),
1776 4384 1869 4441 sed
1893 4385 2201 4455 centuplum

628 4483 738 4545 dat.
760 4495 856 4537 eos
877 4478 1213 4549 requirimus,
1234 4476 1324 4546 qui
1351 4492 1417 4530 ne
1441 4490 1642 4530 sortem
1662 4476 1871 4545 quidem
1901 4477 2144 4533 reddant.

698 4576 753 4630 8.
784 4571 920 4641 Quid
963 4570 1104 4625 enim
1144 4568 1296 4623 nobis
1344 4566 1531 4623 reddet
1562 4576 1765 4631 venter,
1791 4569 1879 4639 qui
1921 4570 2201 4624 maximam

627 4662 859 4718 absumit
884 4660 1119 4729 partem?
1140 4656 1359 4713 Stercus
1379 4672 1441 4711 ac
1464 4657 1882 4726 corruptionem.
1906 4657 2044 4724 Quid
2069 4673 2200 4712 vana

627 4753 830 4824 gloria?
856 4750 1104 4804 Invidiam
1129 4758 1181 4803 et
1204 4748 1443 4803 livorem.
1472 4746 1607 4813 Quid
1626 4747 1987 4817 parcimonia?
2011 4747 2201 4802 Curam

629 4852 683 4899 et
702 4840 1129 4896 sollicitudinem.
1151 4838 1287 4904 Quid
1306 4838 1553 4893 lascivia?
1570 4837 1878 4895 Gebennam
1898 4849 1950 4893 et
1969 4856 2202 4895 vermem

633 4943 967 4988 venenatum.
1017 4929 1079 4984 ili
1119 4936 1241 4984 sunt
1285 4928 1501 4983 divitum
1541 4929 1828 4997 debitores,
1876 4932 1966 5002 qui
1994 4932 2060 4987 de
2092 4933 2205 5003 ipsa

628 5033 772 5081 sorte
792 5022 905 5078 [nec
926 5021 1076 5077 nobis
1092 5020 1292 5076 ftenora
1313 5018 1538 5083 solvent,
1560 5024 1834 5091 praesentia
1847 5024 2036 5079 damna
2054 5037 2103 5081 et
2125 5025 2207 5081 fu-

628 5126 745 5170 tura
767 5115 920 5168 ninia.
943 5114 1124 5176 llisne.
1147 5126 1349 5184 quaeso,
1376 5112 1563 5168 [ωηοιί
1580 5113 1837 5182 dabimus,
1863 5128 2064 5173 tantum
2087 5136 2206 5189 sup-

628 5206 840 5277 plicium
884 5205 1127 5261 relaturis
1146 5246 1162 5269 ,
1190 5213 1243 5260 et
1267 5204 1482 5259 Christo
1513 5220 1615 5258 non
1646 5205 1942 5273 credemus,
1984 5211 2072 5279 qui
2102 5226 2207 5265 ca:-

629 5299 732 5350 lum
758 5294 913 5349 offert
934 5304 985 5349 et
1008 5295 1357 5350 immortalem
1382 5294 1563 5362 vitam,
1589 5310 1778 5351 arcana
1815 5300 1901 5352 illa
1945 5301 2083 5355 bona
2102 5304 2125 5356 ζ’
2146 5314 2203 5357 et

624 5403 779 5455 quam
798 5386 1105 5441 habebimus
1120 5385 1475 5441 defensionem
1488 5387 1511 5437 ἵ
1524 5384 1627 5440 Cur
1644 5390 1781 5442 enim
1801 5407 1905 5445 non
1922 5391 2015 5445 das
2035 5393 2205 5449 reddi-

629 5486 745 5531 turo
770 5485 819 5529 et
840 5477 1059 5545 plurima
1086 5476 1390 5532 reddituro?
1429 5477 1682 5533 Fortasse
1696 5482 1813 5550 quia
1840 5495 1954 5550 post
1976 5485 2199 5540 nmitum

622 5569 875 5638 temporis
899 5568 1199 5623 redditurus
1219 5570 1334 5623 est?
1383 5571 1538 5640 Atqui
1565 5581 1618 5624 et
1646 5570 1695 5625 in
1725 5572 1822 5628 hac
1858 5592 2069 5647 quoque
2094 5588 2199 5634 Vita

682 5704 1075 5779 (aipmitesima,
1104 5712 1155 5754 ut
1178 5704 1289 5779 alibi
1314 5706 1539 5765 diximus,
1558 5722 1719 5779 usum
1742 5724 1899 5779 genus
1934 5724 2037 5765 erat
2058 5755 2071 5778 ,
2100 5730 2197 5779 quo

618 5768 822 5835 singulis
846 5770 1092 5819 mensibus
1110 5769 1374 5818 centesima
1398 5783 1508 5831 pars
1530 5777 1674 5822 sortis
1690 5768 1979 5827 solvebatur-

2293 558 2550 622 rarloritm,
2572 567 2619 612 et
2638 561 2745 613 hoc
2762 562 2933 615 omnia
2951 562 3252 633 adﬁcientur
3279 564 3654 625 robirtﬂatth.
3681 572 3737 620 6.
3765 569 3881 637 33).

2295 648 2479 703 Viden’
2503 649 2868 705 liberalitatem
2900 652 3202 721 ingentem?
3223 650 3336 720 illa,
3367 654 3556 723 inquit,
3582 656 3675 710 tibi
3708 671 3889 712 asser-

2298 748 2504 803 vantur,
2533 756 2633 795 nec
2652 740 2988 808 minuentur;
3018 742 3132 798 haec
3159 758 3283 798 vero
3310 746 3589 814 praesentia
3614 748 3767 815 quasi
3786 749 3883 802 ad-

2296 831 2643 887 ditamentum
2660 833 2871 903 adjicio.
2891 835 2969 888 Ad
2994 834 3108 889 lucc
3127 835 3447 892 diuturnitas
3465 840 3886 906 exspectationis

2296 931 2453 991 auget
2477 922 2571 977 tibi
2595 922 2805 977 divitias
2828 941 2843 987 ;
2863 938 2986 978 nam
3016 925 3208 979 crescit
3241 926 3437 981 faenus.
3466 926 3622 995 Apud
3652 927 3886 982 fanera-

2298 1024 2441 1071 tores
2464 1015 2607 1071 enim
2647 1015 2700 1070 id
2740 1014 2854 1071 fieri
2898 1016 3161 1085 videmus,
3192 1019 3281 1088 qui
3315 1018 3565 1073 libentius
3594 1020 3700 1074 illis
3732 1036 3884 1076 com-

2298 1105 2536 1171 modant,
2561 1106 2650 1176 qui
2693 1114 2813 1175 post
2847 1106 3154 1162 diuturnum
3204 1118 3413 1178 tempus
3458 1110 3687 1164 soluturi
3737 1120 3882 1165 sunt.

2298 1193 2429 1249 Nam
2450 1195 2538 1265 qui
2565 1195 2746 1249 statim
2771 1207 2970 1251 sortem
2995 1195 3189 1259 reddit,
3239 1195 3459 1252 fenoris
3480 1212 3697 1253 cursum
3720 1199 3887 1255 inter-

2298 1284 2464 1353 cipit:
2490 1284 2583 1355 qui
2608 1300 2735 1340 vero
2762 1285 3066 1341 diuturnius
3088 1286 3304 1353 retinet,
3331 1298 3593 1357 quantum
3623 1289 3885 1360 majorem

2299 1373 2482 1430 efficit.
2513 1374 2659 1432 itane
2682 1376 2822 1446 apud
2846 1376 3088 1431 homines
3114 1392 3319 1432 moram
3344 1394 3448 1433 non
3474 1395 3615 1450 a-gre
3638 1379 3886 1448 ferimus,

2299 1464 2393 1519 sed
2422 1465 2678 1536 majorem
2708 1464 2824 1521 ﬁeri
2851 1481 3133 1531 curamus,
3160 1475 3216 1521 et
3244 1469 3383 1537 apud
3412 1468 3577 1523 Deum
3612 1471 3679 1525 ita
3713 1473 3888 1541 pusil—

2301 1556 2523 1612 lanimes
2548 1557 2772 1625 erimus,
2819 1568 2877 1613 ut
2906 1558 3028 1614 ideo
3066 1573 3260 1628 segnes
3286 1560 3454 1615 simus
3480 1571 3535 1615 et
3564 1563 3890 1634 tergiverse-

2302 1663 2454 1715 tuur;
2486 1650 2605 1715 etsi,
2636 1658 2695 1704 ut
2722 1649 2869 1716 dixi,
2898 1659 2953 1706 et
2977 1648 3063 1706 hic
3087 1650 3177 1705 det
3202 1666 3266 1707 ea
3286 1693 3299 1716 ,
3332 1667 3435 1722 qua
3464 1652 3596 1718 dixi,
3629 1654 3697 1710 de
3724 1670 3890 1711 causa

2304 1750 2359 1796 et
2387 1741 2528 1796 aliud
2558 1741 2809 1812 quiddam
2856 1743 3028 1813 majus
3074 1758 3384 1814 praeparans
3430 1744 3482 1800 iu
3534 1745 3667 1801 caelo
3718 1755 3891 1803 totum

2301 1834 2592 1889 recondat?
2642 1833 2946 1905 Magnitudo
2999 1836 3199 1907 quippe
3249 1835 3411 1902 doni,
3444 1848 3499 1891 et
3545 1837 3893 1907 pulchritudo

2300 1925 2596 1994 ejus,vit:e
2642 1928 2923 1996 prtesentis
2972 1927 3232 1983 vilitatem
3279 1928 3438 1999 longe
3481 1936 3717 2000 superat.
3768 1930 3892 1987 Non

2300 2015 2441 2069 enim
2470 2014 2583 2069 ﬁeri
2614 2025 2785 2084 potest
2810 2057 2822 2077 .
2851 2024 2910 2070 ut
2939 2017 2991 2070 in
3022 2017 3234 2072 mortali
3258 2028 3313 2072 et
3337 2016 3479 2073 fluxo
3508 2034 3738 2090 corpore
3781 2021 3893 2075 im-

2304 2106 2699 2164 marcescibiles
2729 2107 2833 2162 illa:
2859 2114 3073 2162 corona
3100 2108 3429 2179 accipiantur
3455 2149 3472 2175 ,
3505 2126 3679 2181 neque
3707 2111 3759 2165 in
3787 2112 3897 2167 hac

2306 2200 2556 2269 praesenti
2610 2206 2667 2253 ct
2716 2198 2942 2253 tumultu
2999 2197 3156 2269 plena
3212 2200 3338 2268 vita,
3395 2202 3897 2273 mutationibusque

2307 2289 2545 2358 plurimis
2586 2289 2838 2353 obnoxia,
2887 2288 3107 2344 immota
3136 2290 3223 2344 illa
3256 2290 3571 2361 stabilisque
3596 2307 3714 2347 Sors
3742 2294 3897 2349 obti-

2300 2379 2416 2433 neri
2448 2386 2641 2447 potest.
2687 2375 2804 2434 iam
2852 2394 2983 2435 vero
3030 2381 3075 2434 si
3114 2381 3234 2451 quis
3276 2380 3369 2435 tibi
3420 2384 3475 2436 in
3520 2383 3693 2438 aliena
3745 2394 3895 2439 terra

2302 2469 2535 2540 degenti,
2568 2468 2657 2525 ubi
2685 2470 2855 2525 nullos
2899 2469 3129 2527 haberes
3176 2472 3429 2539 famulos,
3466 2490 3637 2545 neque
3694 2490 3896 2547 posses

2306 2562 2357 2615 in
2387 2562 2608 2630 patriam
2633 2562 2759 2633 quid
2792 2562 3102 2631 transferre,
3134 2563 3336 2620 fmnora
3366 2565 3496 2622 dare
3521 2568 3891 2636 polliceretur,

2305 2650 2502 2709 obnixe
2548 2654 2873 2724 precareris,
2906 2670 2973 2709 ne
3000 2655 3051 2709 id
3081 2655 3177 2711 tibi
3203 2656 3254 2710 in
3281 2657 3560 2728 peregrina
3592 2668 3734 2717 terra
3754 2701 3769 2726 ,
3791 2661 3895 2717 sed

2304 2746 2446 2801 domi
2476 2761 2697 2803 reverso
2721 2759 3058 2815 numeraret;
3084 2749 3224 2805 bona
3250 2765 3379 2806 vero
3402 2751 3490 2806 illa
3512 2752 3807 2823 spiritualia
3838 2768 3899 2811 ct

2304 2852 2497 2893 arcana
2529 2840 2617 2895 hic
2644 2840 2724 2894 vis
2754 2841 3028 2911 recipere?
3056 2850 3110 2897 et
3134 2852 3330 2912 quanta
3379 2843 3567 2901 isthaec
3609 2848 3847 2902 amentia
3869 2850 3896 2903 2

2303 2930 2434 2985 Nam
2461 2930 2505 2986 si
2531 2930 2620 2987 hic
2645 2930 2865 3001 accipis,
2894 2932 3142 2988 mortalia
3171 2949 3393 3004 prorsus
3422 2937 3656 3006 accipis;
3685 2939 3732 2994 si
3763 2954 3898 2994 vero

2307 3033 2513 3092 tempus
2554 3022 2686 3078 illud
2726 3033 3025 3094 exspectes,
3068 3024 3490 3096 incorruptibilia
3521 3037 3712 3083 etnon
3738 3028 3897 3103 ﬂuxa

2305 3113 2451 3168 dabit
2498 3114 2593 3167 tibi
2628 3128 2643 3168 :
2675 3114 2719 3168 si
2778 3114 2865 3169 hic
2915 3116 3179 3186 accipias,
3213 3116 3487 3187 plumbum
3534 3121 3820 3191 accepisti;
3847 3125 3897 3178 si

2306 3206 2435 3273 illic,
2467 3220 2654 3258 aurum
2711 3206 3014 3275 probatum.
3067 3206 3263 3263 Verum
3315 3224 3488 3280 neque
3538 3214 3901 3281 pra‘seutibus

2304 3297 2459 3352 bonis
2498 3306 2551 3352 te
2589 3297 2835 3368 privavit.
2890 3298 3019 3353 Post
3067 3298 3213 3355 illam
3259 3302 3403 3357 enim
3457 3304 3893 3373 promissionem,

2304 3391 2462 3446 aliam
2504 3390 2709 3445 addidit
2746 3390 2825 3445 sic
2870 3390 3097 3447 dicens:
3128 3392 3381 3465 Quisquis
3422 3397 3655 3453 caelestia
3706 3410 3896 3466 amat,

2305 3484 2615 3552 centuplum
2636 3484 2855 3552 recipiet
2884 3484 2937 3538 in
2970 3485 3070 3540 hoc
3092 3487 3314 3553 stemlo,
3345 3497 3403 3544 et
3437 3490 3600 3544 vitam
3630 3499 3897 3550 aeternam

2304 3573 2594 3643 possidebit
2623 3575 2641 3643 (
2669 3573 2855 3628 Matth.
2890 3573 2980 3630 l9.
3010 3573 3081 3632 29
3102 3573 3147 3649 ).

2375 3664 2495 3719 Non
2515 3664 2637 3719 doni
2658 3666 2971 3737 magnitudo,
2987 3669 3075 3722 sed
3102 3668 3304 3725 animus
3326 3671 3733 3740 spectatum—Si
3762 3690 3897 3732 veno

2301 3754 2607 3821 centuplum
2636 3771 2743 3809 non
2773 3757 3087 3826 accipimus,
3140 3771 3240 3813 nos
3269 3759 3321 3813 in
3346 3775 3506 3816 causa
3552 3779 3768 3831 sumus,
3797 3771 3894 3836 qui

2301 3862 2407 3901 non
2450 3856 2635 3902 mutuo
2663 3846 2853 3901 damus
2888 3848 2958 3913 ci,
2987 3848 3077 3918 qui
3102 3854 3303 3903 tantum
3334 3850 3461 3908 dare
3484 3864 3661 3924 potest
3686 3871 3703 3911 :
3729 3868 3895 3927 quot-

2301 3945 2428 4006 quot
2462 3935 2606 3991 enim
2648 3935 2931 4003 dederunt,
2970 3946 3049 3993 tot
3086 3946 3336 4011 tantaque
3371 3955 3724 4015 receperunt,
3765 3949 3895 4006 licet

2302 4042 2467 4096 pauca
2491 4026 2756 4087 dederint.
2805 4027 2941 4097 Quid
2967 4030 3110 4084 enim
3138 4032 3334 4102 magni,
3365 4049 3569 4103 quaso,
3600 4036 3751 4092 dedit
3782 4040 3890 4095 pe-

2306 4118 2453 4172 trus?
2474 4133 2650 4174 nonne
2673 4128 2786 4175 rete
2804 4120 3050 4185 scissum,
3075 4130 3130 4177 et
3152 4123 3411 4179 calamum
3433 4135 3488 4181 et
3507 4126 3725 4183 hamum
3741 4130 3765 4183 ἲ
3780 4129 3891 4186 Sed

2304 4220 2480 4265 tamen
2505 4212 2642 4268 Deus
2665 4212 2763 4283 ipsi
2790 4212 3023 4268 universi
3051 4214 3196 4271 orbis
3224 4216 3414 4273 domos
3438 4221 3669 4293 aperuit,
3688 4231 3891 4279 terrain

2304 4310 2359 4354 et
2392 4316 2538 4357 mare
2562 4302 2813 4374 expandit
2841 4313 2895 4359 et
2916 4318 3105 4363 omnes
3158 4306 3307 4361 illum
3333 4307 3399 4364 ad
3429 4324 3526 4363 sua
3555 4313 3889 4382 evocabant;

2305 4392 2413 4445 imo
2437 4407 2531 4448 sua
2571 4394 2859 4451 vendentcs
2884 4395 2951 4450 ad
2980 4396 3119 4453 illius
3142 4398 3307 4469 pedes
3331 4399 3644 4471 afl'erebant,
3684 4419 3792 4461 non
3820 4410 3891 4463 ad

2306 4501 2496 4541 manus
2521 4487 2866 4557 conjicientes
2896 4491 3109 4562 (neque
3136 4492 3280 4547 enim
3309 4493 3645 4568 audebant),
3678 4506 3889 4555 tantum

2305 4577 2381 4632 illi
2410 4592 2530 4633 cum
2560 4579 2919 4635 munificentia
2972 4580 3235 4638 honorem
3289 4585 3604 4641 tribuentes.
3652 4586 3759 4643 Sed
3798 4590 3892 4646 ille

2308 4667 2497 4723 Petrus
2524 4679 2657 4730 erat.
2686 4670 2911 4739 inquies.
2970 4671 3039 4726 Et
3059 4672 3185 4742 quid
3216 4674 3318 4729 hoc
3343 4715 3357 4739 ,
3390 4689 3423 4730 o
3449 4676 3654 4732 homo?
3702 4680 3891 4750 Neque

2304 4760 2447 4814 enim
2477 4760 2636 4815 l’etro
2660 4770 2862 4815 tantum
2890 4760 3004 4817 hare
3030 4763 3298 4833 pollicitus
3343 4774 3456 4832 est;
3507 4783 3681 4839 neque
3726 4770 3890 4841 dixit,

2306 4853 2384 4908 Tu
2411 4869 2558 4921 vero,
2591 4854 2781 4921 Petre,
2813 4855 3118 4924 centuplum
3147 4859 3375 4927 recipies
3404 4860 3570 4924 solus,
3601 4864 3717 4930 sed,
3752 4864 3888 4932 Qui-

2305 4960 2514 5016 cumque
2536 4946 2789 5015 reliquerit
2817 4946 3042 5012 domum,
3070 4947 3146 5001 uel
3168 4948 3373 5017 fratres,
3420 4954 3714 5023 centuplum
3752 4957 3890 5009 reci-

2309 5040 2425 5107 piat.
2476 5038 2655 5109 Neque
2678 5040 2819 5094 enim
2850 5054 3192 5110 personarum
3222 5042 3572 5100 differentiam
3603 5046 3690 5101 ille
3712 5051 3888 5118 novit,

2306 5129 2399 5185 sed
2421 5146 2596 5185 rerutn
2622 5130 2831 5184 merita.
2877 5132 2947 5184 At
2972 5146 3076 5198 me,
3106 5132 3331 5204 inquies,
3358 5134 3645 5190 liberorum
3686 5137 3890 5197 chorus

2306 5222 2682 5287 circumsistit,
2708 5221 2971 5291 cupioque
3020 5223 3139 5277 illos
3181 5224 3371 5280 divites
3402 5225 3726 5296 relinquere.
3776 5229 3889 5287 Cur

2304 5330 2433 5385 ergo
2464 5313 2583 5368 illos
2612 5328 2871 5384 pauperes
2910 5314 3120 5370 reddis?
3148 5315 3205 5371 Si
3236 5316 3376 5371 enim
3410 5317 3516 5373 illis
3544 5322 3722 5375 omnia
3752 5324 3884 5376 reli-

2304 5405 2505 5474 qucris,
2535 5420 2641 5459 non
2674 5413 2797 5458 tuta:
2843 5405 3097 5461 custodite
3145 5415 3231 5460 tua
3284 5408 3461 5463 omnia
3488 5412 3807 5477 committis;
3835 5413 3886 5468 si

2304 5510 2431 5549 vero
2457 5495 2621 5549 Deum
2650 5495 2942 5551 constituas
2983 5497 3216 5566 ipsorum
3241 5498 3561 5557 coheredem
3580 5510 3641 5557 et
3664 5512 3885 5559 curato-

2304 5604 2452 5655 rem,
2480 5587 2717 5644 infinitos
2756 5591 2860 5645 illis
2900 5592 3182 5649 thesauros
3222 5595 3499 5665 relinquis.
3549 5597 3695 5651 Sicut
3735 5599 3883 5654 enim

2302 5696 2420 5734 cum
2452 5696 2551 5735 nos
2580 5682 2721 5749 ipsos
2774 5683 3097 5751 ulciscimur,
3151 5688 3288 5742 Deus
3339 5702 3437 5742 nos
3467 5703 3572 5743 non
3600 5688 3880 5756 defendit;

2302 5787 2421 5827 cum
2452 5789 2579 5829 vero
2604 5789 2701 5831 nos
2725 5775 2823 5845 ipsi
2850 5778 3246 5840 committimus,
3269 5777 3389 5851 plus
3415 5794 3571 5851 quam
3599 5792 3881 5849 exspecta-
