4118 6340
206 412 304 467 ιπ

205 527 390 579 hamus
436 525 738 594 accipimus
770 543 782 579 ε
811 528 884 579 sic
913 534 966 579 et
1007 524 1060 578 in
1090 525 1326 594 pecuniis
1367 522 1558 576 accidit
1586 542 1595 574 :
1628 522 1668 575 si
1703 538 1800 574 nos

205 621 313 673 illas
340 635 618 685 curemus,
654 621 865 675 desinet
895 621 1007 689 ipse
1034 619 1243 673 illarmn
1273 633 1458 671 curam
1490 616 1724 678 habere;
1754 616 1798 668 si

204 712 251 763 in
297 713 447 765 illum
479 721 624 768 totas
670 714 1043 783 eonjieiamus,
1074 722 1129 765 et
1155 712 1298 780 ipsas
1322 724 1375 765 et
1405 711 1543 763 lilios
1571 710 1621 762 in
1653 708 1797 760 omni

202 806 486 859 st-euritatc
510 808 824 860 constituet.
853 803 1053 875 Ecquid
1080 805 1313 867 miraris,
1334 804 1378 857 si
1404 803 1453 856 id
1486 804 1535 856 in
1569 803 1676 855 Deo
1701 817 1797 853 usu

204 894 393 959 wniat,
429 912 557 951 eum
602 899 741 965 apud
792 896 1037 949 homines
1088 894 1316 964 idipsmn
1347 894 1564 947 videas?
1588 891 1720 947 Nam
1752 890 1795 944 si

202 989 436 1042 moriens
480 992 902 1059 propinquorum
952 988 1220 1041 neminem
1265 988 1549 1040 liberorum
1580 997 1795 1039 curato-

201 1096 307 1132 rem
337 1079 612 1145 advoces;
647 1079 849 1149 pudore
877 1088 931 1133 et
963 1078 1285 1133 verecundia
1314 1079 1627 1147 plerumque
1656 1076 1792 1129 deti-

200 1181 350 1221 netur
394 1170 461 1231 is,
510 1169 606 1238 qui
653 1168 941 1223 admodum
965 1168 1111 1237 cupit
1138 1170 1187 1221 in
1218 1169 1437 1222 tutelam
1470 1168 1611 1220 illam
1642 1166 1795 1219 invo-

199 1259 303 1314 lare
336 1278 348 1313 :
377 1262 462 1316 sin
493 1272 675 1316 autem
704 1262 755 1315 in
785 1263 928 1316 illmn
958 1277 1141 1343 curam
1184 1260 1487 1329 hujnsmodi
1517 1261 1791 1329 rejeceris,

199 1360 374 1419 utpote
399 1353 642 1407 maximo
669 1354 841 1408 cultus
876 1354 1099 1419 honore,‘
1133 1353 1418 1407 maximam
1451 1362 1504 1408 et
1532 1352 1647 1423 ipse
1674 1352 1794 1406 red-

196 1443 282 1499 det
310 1445 509 1499 vicem.

259 1536 311 1590 9.
370 1537 557 1603 Qualis
590 1538 855 1591 htereditas
898 1538 1022 1606 ﬁliis
1070 1536 1422 1604 relinquenda.
1482 1534 1789 1589 Diuitiarum

194 1626 300 1694 quis
323 1644 445 1679 usus
478 1631 745 1682 bonus.—
765 1628 821 1683 Si
850 1629 930 1682 vis
962 1643 1090 1698 ergo
1120 1628 1304 1683 liberis
1345 1628 1559 1682 divitias
1590 1627 1789 1680 multas

194 1718 519 1787 relinquere,
546 1720 636 1774 Dei
655 1719 1040 1789 providentiam
1059 1719 1162 1774 illis
1175 1718 1480 1788 relinquito.
1504 1718 1602 1784 Qui
1621 1716 1785 1782 enim,

192 1809 315 1862 nihil
340 1820 391 1863 te
420 1820 640 1879 agente,
679 1812 910 1865 animam
942 1811 1032 1865 tibi
1056 1810 1207 1865 dedit
1231 1819 1282 1863 et
1312 1823 1510 1879 corpus
1537 1808 1787 1863 elinrma-

191 1900 278 1963 vit,
304 1901 581 1970 vitamque
612 1901 835 1972 largitus
860 1910 983 1966 est;
1023 1916 1143 1955 cum
1172 1900 1373 1955 videbit
1399 1910 1448 1954 te
1496 1908 1694 1953 tantam
1726 1899 1786 1951 li-

190 1992 525 2048 beralitatcm
558 1993 837 2057 exhibere,
868 2003 922 2048 et
943 1995 1079 2048 bona
1102 2008 1223 2047 emn
1251 1993 1375 2047 ﬁliis
1405 1992 1502 2062 ipsi
1526 1993 1738 2046 tradere
1768 2009 1780 2044 :

188 2101 356 2140 annon
392 2087 500 2141 illis
541 2087 758 2142 divitias
797 2102 984 2141 omnes
1011 2086 1249 2156 aperiet?
1295 2086 1350 2140 Si
1404 2086 1546 2140 enim
1605 2085 1784 2139 llelias

189 2177 386 2230 modica
425 2178 597 2232 farina
630 2180 882 2241 nutritus,
906 2178 1027 2248 quia
1058 2178 1189 2232 vidit
1224 2177 1497 2231 mulierem
1532 2177 1673 2230 illam
1701 2178 1780 2243 ip-

187 2284 295 2322 sum
325 2270 450 2323 liliis
480 2270 595 2323 suis
632 2270 951 2339 praetulisse,
982 2285 1138 2325 arcas
1176 2280 1229 2325 et
1270 2271 1554 2324 toreularia
1598 2270 1648 2322 in
1684 2269 1780 2322 do.

187 2363 432 2415 muneula
467 2362 641 2416 vidua:
672 2362 949 2428 exhibuit;
982 2364 1153 2431 cogita
1187 2373 1441 2434 quantam
1486 2364 1580 2417 tibi
1615 2363 1781 2417 llelize

190 2452 439 2506 Dominus
486 2454 924 2509 benevolentiam
967 2454 1305 2509 exhibiturus
1348 2464 1450 2509 est.
1497 2454 1575 2510 Ne
1622 2456 1782 2525 igitur

188 2543 306 2597 illud
337 2555 665 2613 spectemus,
697 2560 803 2615 quo
828 2556 983 2615 pacto
1005 2545 1141 2602 ﬁlios
1170 2546 1364 2601 divites
1392 2548 1777 2616 relinquemus,

187 2634 273 2689 sed
310 2636 588 2703 quomodo
636 2637 831 2692 virtute
863 2637 1139 2706 praeditos.
1171 2637 1302 2691 Nam
1331 2639 1375 2691 si
1401 2637 1473 2691 illi
1505 2639 1555 2692 in
1582 2638 1780 2693 divitiis

185 2726 482 2789 conﬁdant.
518 2730 649 2782 nihil
689 2729 833 2784 aliud
860 2731 1159 2797 curabunt,
1198 2742 1385 2802 utpote
1427 2733 1516 2802 qui
1562 2748 1775 2788 morum

186 2818 577 2889 improbitatem
606 2822 704 2875 sub
731 2824 1077 2893 pecuniarum
1105 2824 1255 2893 copia
1286 2826 1435 2893 quasi
1461 2826 1560 2880 sub
1592 2827 1777 2880 umbra

186 2922 356 2983 tegere
381 2916 595 2985 possint
622 2934 633 2969 :
664 2917 707 2970 si
735 2926 912 2971 autem
935 2917 1168 2972 viderint
1196 2932 1253 2972 se
1276 2933 1436 2987 0pum
1467 2920 1657 2973 solatio
1686 2921 1779 2975 de-

183 3007 410 3071 stitutos,
448 3008 583 3064 nihil
612 3026 715 3063 non
739 3021 917 3080 agent,
946 3019 1001 3065 ut
1030 3026 1097 3065 ex
1124 3012 1319 3067 virtute
1342 3013 1561 3067 multam
1594 3014 1693 3068 sibi
1725 3016 1774 3068 in

184 3110 492 3168 paupertate
523 3102 949 3157 coiisolatiouem
978 3104 1203 3173 pariant.
1231 3102 1307 3158 Ne
1332 3104 1491 3173 igitur
1510 3120 1641 3174 opes
1672 3106 1777 3163 illis

182 3191 471 3259 relinquas,
507 3200 563 3244 ut
604 3192 873 3263 relinquas
909 3194 1183 3249 virtutem.
1228 3194 1361 3249 Nam
1393 3206 1651 3251 extremm
1682 3200 1777 3252 de-

182 3283 385 3337 nientiae
412 3285 574 3337 luerit
608 3284 732 3338 dum
765 3286 989 3339 vivimus
1039 3286 1241 3340 mullum
1275 3287 1405 3357 ipsis
1436 3290 1645 3344 tradere
1694 3291 1771 3343 la-

181 3374 427 3426 cnltalnm
451 3374 692 3428 omnium
719 3376 1039 3441 dominium,
1066 3386 1119 3431 et
1142 3386 1265 3445 post
1286 3388 1511 3432 mortem
1534 3390 1771 3433 nostram

180 3462 435 3531 juventuti
470 3466 690 3518 nmltam
720 3481 910 3535 parare
946 3468 1239 3522 licentiam.
1270 3471 1452 3539 Atqui,
1486 3471 1612 3525 dum
1642 3474 1774 3525 vivi-

181 3569 312 3616 inus,
344 3569 631 3623 possumus
653 3557 720 3610 ab
761 3558 863 3611 illis
888 3558 1125 3613 rationes
1156 3570 1423 3631 repetere,
1453 3572 1507 3617 et
1533 3565 1672 3618 male
1699 3566 1770 3618 la-

178 3645 464 3699 cultatibus
487 3660 613 3701 usos
652 3649 943 3705 emendare
986 3649 1343 3722 frenareque;
1387 3665 1505 3724 post
1539 3666 1767 3711 mortem

180 3749 318 3798 vero,
343 3737 386 3790 si
419 3736 518 3800 illi,
552 3737 702 3792 nobis
727 3739 830 3793 vita
854 3738 1069 3803 functis,
1098 3742 1364 3810 juventuti
1408 3744 1619 3801 divitias
1646 3748 1771 3801 reli-

177 3830 469 3898 querimus,
495 3830 547 3885 in
575 3841 827 3886 sexcenta
849 3834 1140 3904 przecipitia
1164 3836 1394 3894 miseros
1423 3840 1765 3909 impellimus,

178 3920 343 3989 ignem
369 3924 420 3977 in
455 3924 628 3991 ignem
656 3925 1022 3995 conjicientes,
1045 3936 1100 3983 et
1130 3927 1182 3981 in
1204 3930 1469 3984 caminum
1491 3932 1766 3987 ardentem

176 4011 346 4067 oleum
400 4015 763 4071 infundentes.
818 4018 1001 4088 Itaque
1046 4020 1089 4073 si
1122 4021 1199 4073 vis
1231 4021 1350 4075 illos
1379 4022 1497 4076 sine
1527 4026 1767 4092 periculo

177 4101 359 4159 divites
404 4106 734 4177 relinquere,
784 4108 1030 4179 relinque
1060 4110 1191 4179 ipsis
1230 4112 1528 4168 debitorem
1560 4114 1723 4170 Deum
1748 4158 1761 4181 ,

178 4194 377 4265 ipsique
410 4196 561 4253 trade
590 4199 1025 4270 chirographum.
1069 4201 1147 4256 Illi
1182 4218 1411 4275 namque
1442 4206 1485 4259 si
1513 4208 1766 4276 pecunias

176 4290 431 4360 accipiant
458 4330 473 4354 ,
516 4291 600 4345 cui
651 4293 860 4346 tradant
900 4294 1136 4349 nescient
1161 4337 1175 4357 ,
1210 4305 1265 4350 et
1306 4298 1357 4351 in
1390 4298 1585 4352 multos
1628 4301 1763 4355 inci-

177 4380 297 4436 dent
323 4382 689 4453 sycophantas
718 4393 877 4454 atque
905 4386 1143 4456 ingratos
1178 4404 1191 4441 :
1225 4388 1270 4442 si
1300 4404 1429 4444 vero
1452 4400 1505 4445 tu
1534 4408 1765 4461 praever-

177 4481 286 4527 tcns
313 4476 398 4529 illa
428 4475 536 4529 Deo
587 4485 770 4532 mutuo
796 4477 1035 4545 dederis,
1084 4486 1229 4534 tutus
1259 4482 1495 4536 manebit
1545 4484 1763 4539 thesau-

1247 408 1310 464 IN
1352 408 1566 464 EI‘IS'I'.
1611 408 1700 461 Al)
1741 404 1905 460 IlOSI.
1950 405 2183 463 IIONIIL.
2231 408 2362 463 Vill.

3404 415 3507 473 ιτει

1913 536 2025 583 rus,
2050 538 2111 576 ac
2133 524 2297 577 multa
2321 537 2439 577 eum
2472 522 2725 579 facilitate
2752 527 3020 580 reddetur.
3055 528 3260 582 Etenim
3286 531 3509 598 gratiam

1911 612 2065 665 nobis
2094 613 2252 667 habet
2284 615 2443 680 Deus,
2471 630 2591 671 cum
2614 616 2854 671 debitum
2885 619 3079 685 reddit,
3116 635 3179 674 ac
3218 620 3509 675 ﬁenerato-

1910 720 1997 757 res
2027 720 2149 761 suos
2178 706 2433 763 libentius
2461 688 2619 791 qualp
2652 726 2767 773 eos,
2798 713 2890 781 qui
2940 730 3044 767 non
3078 714 3325 769 lmuerati
3354 728 3505 779 sunt,

1907 801 2070 864 videt,
2100 818 2301 871 eosque
2333 804 2564 858 maxime
2592 803 2787 873 diligit,
2820 805 3013 873 quibus
3042 808 3274 861 maxime
3318 808 3501 862 debet.

1909 890 2091 961 Itaque
2121 894 2165 947 si
2199 896 2278 947 vis
2306 895 2454 947 illum
2488 905 2747 964 perpetuo
2778 898 3009 949 amicum
3045 896 3263 961 habere,
3314 899 3506 952 mullo-

1906 997 2024 1035 rum
2056 983 2202 1037 illum
2230 984 2531 1039 debitorem
2555 988 2844 1040 constitue.
2874 986 3058 1055 Neque
3092 991 3235 1043 enim
3269 990 3338 1042 ita
3370 1005 3507 1059 gau-

1905 1073 1995 1127 det
2020 1072 2331 1139 faeneratur,
2383 1079 2472 1147 qui
2504 1079 2778 1133 debitores
2805 1079 2985 1145 habet,
3018 1088 3074 1133 ut
3114 1082 3325 1135 [relator
3352 1082 3511 1137 Chri-

1903 1175 2020 1218 stus
2050 1166 2115 1219 de
2148 1166 2560 1222 ﬁeneratoribus
2591 1171 2702 1222 suis
2737 1186 2749 1221 :
2784 1172 2852 1225 ab
2900 1172 3005 1224 illis
3053 1173 3279 1241 anl’ugit,
3307 1174 3505 1242 quibus

1903 1258 2033 1311 nihil
2064 1258 2253 1324 debet;
2284 1260 2348 1314 ad
2396 1262 2519 1313 illos
2568 1263 2824 1326 accurrit,
2878 1279 3107 1333 quorum
3141 1264 3356 1320 debitor
3397 1278 3503 1321 est.

1901 1349 2041 1403 Nihil
2074 1366 2200 1419 ergo
2230 1370 2333 1404 non
2366 1368 2607 1421 agamus,
2650 1364 2707 1405 ut
2754 1354 2901 1407 illum
2956 1354 3249 1411 habeamus
3293 1358 3507 1414 debito-

1900 1458 2061 1497 rem:
2097 1444 2195 1497 hoc
2225 1445 2368 1498 enim
2419 1454 2649 1514 tempus,
2707 1446 2972 1501 finiturum
3028 1456 3240 1517 tempus
3288 1459 3392 1513 est,
3448 1461 3504 1505 ct

1902 1548 2044 1587 nunc
2078 1533 2168 1587 illa
2193 1536 2243 1589 in
2275 1552 2370 1589 usu
2421 1546 2564 1589 sunt.
2594 1536 2649 1590 Si
2679 1552 2807 1607 ergo
2848 1554 2988 1593 nunc
3018 1539 3092 1594 illi
3121 1554 3227 1594 non
3261 1540 3499 1607 dederis,

1897 1635 2019 1691 post
2052 1634 2199 1679 tuum
2226 1642 2290 1680 ex
2326 1627 2423 1682 hac
2468 1628 2572 1681 vita
2604 1630 2807 1684 exitum
2851 1639 2902 1685 te
2941 1645 3075 1699 opus
3123 1646 3227 1685 non
3261 1631 3500 1689 habebit.

1898 1715 1991 1769 llic
2017 1717 2159 1769 enim
2188 1718 2320 1782 sitit,
2349 1718 2433 1771 hie
2460 1719 2664 1784 esurit;
2700 1720 2812 1774 sitit
2843 1720 3070 1775 salutem
3118 1732 3299 1789 tuam;
3352 1724 3502 1777 ideo-

1894 1820 1997 1873 que
2047 1807 2335 1871 mendicat,
2366 1808 2487 1862 ideo
2520 1810 2694 1865 nudus
2724 1812 2935 1877 circuit,
2971 1823 3027 1867 ut
3056 1814 3149 1867 tibi
3179 1816 3342 1868 vitam
3396 1817 3498 1869 im-

1894 1898 2174 1951 mortalem
2206 1901 2531 1969 negotietur.
2566 1902 2642 1957 l\'e
2675 1904 2854 1973 itaque
2881 1905 3027 1959 illum
3056 1907 3355 1976 despicias:
3391 1925 3498 1964 non

1891 1990 2035 2043 cnim
2065 1991 2131 2043 ali
2158 1992 2286 2055 vult,
2316 1993 2409 2046 sed
2442 1993 2621 2057 alere;
2678 2011 2783 2050 non
2834 1997 3003 2064 indui,
3038 1999 3131 2055 sed
3165 1999 3410 2065 induere,
3445 2011 3500 2056 et

1889 2096 2111 2135 aureum
2146 2083 2273 2136 illud
2322 2086 2699 2140 vestimentum
2756 2088 2849 2143 tibi
2898 2104 3115 2157 parare,
3167 2091 3365 2146 stolam
3413 2109 3500 2147 ro-

1888 2172 2051 2239 giam.
2080 2168 2196 2226 Non
2227 2174 2375 2228 vides
2404 2176 2735 2232 medicorum
2765 2180 3147 2245 studiosiores,
3172 2198 3295 2237 eum
3319 2198 3495 2254 a‘gro-

1889 2273 1972 2317 tos
2005 2266 2200 2331 lavant,
2235 2276 2287 2321 ct
2330 2267 2473 2336 ipsos
2522 2285 2736 2339 quoque
2780 2272 2966 2334 lavari,
2997 2274 3095 2328 etsi
3143 2273 3345 2328 lotione
3388 2292 3494 2329 non

1888 2358 2120 2425 egeant?
2143 2357 2231 2413 Sic
2280 2370 2331 2413 et
2364 2360 2479 2428 ipse
2505 2372 2723 2430 propter
2756 2371 2807 2417 te
2838 2362 3171 2418 laborantem
3221 2364 3353 2419 nihil
3388 2380 3495 2420 non

1887 2452 2013 2517 agit.
2048 2448 2173 2502 Ideo
2200 2465 2227 2502 a
2262 2460 2313 2504 te
2346 2451 2489 2504 nulla
2517 2466 2639 2505 cum
2670 2452 2923 2508 violentia
2951 2456 3138 2525 exigit,
3164 2466 3223 2509 ut
3274 2455 3367 2511 tibi
3400 2470 3493 2510 eo.

1890 2542 2091 2609 piosins
2116 2544 2413 2607 retribuat;
2444 2552 2499 2598 ut
2526 2544 2704 2599 discas
2729 2546 2875 2599 illum
2905 2562 3010 2600 non
3038 2562 3173 2617 opus
3205 2548 3493 2603 habentem

1888 2634 2185 2702 postulare,
2215 2636 2308 2690 sed
2341 2645 2396 2689 ut
2425 2636 2735 2691 necessitati
2768 2648 2871 2692 tute
2910 2638 3210 2707 provideat.
3247 2638 3373 2693 Ideo
3402 2639 3492 2694 vili

1888 2728 1939 2781 in
1987 2727 2168 2781 habitu
2212 2737 2264 2782 te
2303 2728 2435 2793 adit,
2482 2738 2535 2783 et
2584 2729 2859 2784 dexteram
2890 2731 3131 2786 extendit
3163 2749 3176 2784 :
3205 2732 3250 2786 si
3273 2732 3490 2787 obolnm

1885 2820 2003 2885 des,
2040 2836 2145 2874 non
2177 2830 2494 2884 aversatur;
2522 2822 2564 2875 si
2593 2832 2932 2887 contemnas,
2976 2838 3082 2876 non
3110 2823 3369 2888 abscedit,
3395 2823 3491 2877 sed

1886 2927 2070 2965 rursus
2100 2926 2159 2965 se
2187 2911 2439 2966 admovet
2467 2929 2479 2965 :
2504 2922 2648 2967 amat
2677 2913 2820 2966 enim
2850 2914 3025 2978 valde,
3054 2923 3200 2968 amat
3224 2924 3371 2969 certe
3402 2930 3491 2969 sa-

1886 3005 2047 3059 lutem
2076 3013 2335 3059 nostram.
2370 3004 2631 3059 Pecunias
2656 3020 2784 3073 ergo
2810 3014 3245 3069 contemnamus,
3279 3018 3332 3061 ut
3364 3025 3432 3063 ne
3456 3026 3487 3062 a

1882 3097 2099 3154 Christo
2143 3108 2556 3153 contemnanmr
2591 3116 2601 3150 :
2636 3100 2893 3167 pecunias
2942 3112 3374 3165 contemnamus,
3430 3111 3490 3155 ut

1881 3201 1933 3245 et
1966 3190 2109 3260 ipsas
2136 3191 2390 3260 pecunias
2419 3205 2791 3259 assequamur.
2816 3189 2947 3245 Nam
2979 3191 3023 3243 si
3046 3192 3162 3245 illas
3191 3191 3276 3247 hic
3300 3207 3488 3247 serve-

1883 3297 2021 3347 mus,
2053 3281 2171 3335 illas
2206 3282 2427 3335 omnino
2452 3290 2505 3335 et
2537 3282 2624 3336 hic
2652 3290 2705 3335 et
2738 3281 2849 3335 illic
2877 3282 3194 3350 perdimus;
3224 3284 3268 3338 si
3300 3284 3487 3339 distri-

1883 3374 2106 3427 buamus
2138 3374 2450 3437 liberaliter,
2504 3375 2555 3428 in
2589 3384 2818 3445 utraque
2864 3376 2971 3429 vita
3025 3376 3193 3429 multa
3248 3376 3488 3432 fruentur

1880 3467 2175 3534 opulentia.
2204 3467 2303 3531 Qui
2336 3468 2447 3519 vult
2473 3481 2603 3535 ergo
2623 3467 2774 3521 dives
2803 3466 2941 3533 ﬁeri,
2972 3468 3039 3521 sit
3066 3483 3288 3537 pauper,
3314 3479 3369 3522 ut
3395 3470 3488 3524 ﬁat

1879 3556 2061 3619 dives;
2108 3556 2395 3625 expendat,
2422 3566 2478 3609 ut
2508 3556 2760 3625 colligat;
2795 3570 3031 3625 Spargat,
3066 3566 3124 3610 ut
3171 3570 3482 3629 congrcgct.

1878 3648 1932 3702 Si
1961 3658 2137 3701 autem
2173 3646 2288 3701 lia-e
2320 3662 2453 3701 nova
2501 3658 2554 3702 et
2598 3648 2961 3716 inexspecmta
3001 3657 3161 3714 sunt;
3212 3662 3483 3705 serentem

1879 3742 2107 3811 respice,
2144 3749 2198 3794 et
2228 3750 2402 3795 tecum
2433 3750 2641 3809 reputa,
2668 3756 2772 3793 non
2804 3756 2961 3810 posse
3000 3742 3151 3795 illmn
3184 3743 3292 3796 alio
3322 3746 3484 3799 modo

1880 3835 2027 3902 plura
2056 3833 2309 3903 colligere
2341 3832 2441 3885 nisi
2470 3848 2589 3900 quae
2618 3831 2779 3886 habet
2804 3842 3041 3902 spargat,
3072 3842 3125 3887 ct
3152 3849 3271 3903 qua:
3299 3847 3481 3903 parata

1879 3928 2037 3981 habet
2064 3924 2326 3981 eliundat.
2354 3924 2614 3979 Seramus
2644 3924 2826 3993 itaque
2852 3934 2906 3979 et
2955 3938 3074 3992 nes,
3108 3936 3163 3980 et
3201 3927 3395 3982 etclam
3425 3938 3483 3981 nt

1876 4033 2063 4087 agrum
2112 4017 2376 4080 colamus,
2432 4025 2489 4069 ut
2517 4030 2641 4069 eum
2674 4016 2841 4070 multa
2897 4016 3053 4086 copia
3105 4028 3372 4074 metamus
3424 4030 3482 4075 et

1874 4121 2075 4166 aeterna
2134 4122 2532 4177 consequamur
2580 4106 2752 4171 bona,
2802 4108 2975 4176 gratia
3032 4118 3089 4163 et
3143 4107 3475 4179 benignitate

1876 4204 2086 4259 Domini
2118 4202 2285 4256 nostri
2317 4202 2447 4256 Jesu
2475 4199 2697 4263 Christi,
2727 4200 2943 4269 quicum
2992 4199 3133 4255 Patri
3161 4210 3217 4255 ct
3247 4202 3473 4271 Spiritui

1874 4312 2061 4352 sancto
2096 4297 2288 4365 gloria,
2324 4292 2627 4362 imperium,
2665 4291 2859 4355 honor,
2890 4307 3031 4347 nunc
3058 4302 3112 4347 ct
3151 4308 3394 4365 semper,
3423 4305 3478 4351 et

1874 4396 1928 4449 in
1957 4392 2153 4447 saecula
2198 4388 2546 4444 saeculorum.
2581 4387 2775 4439 Amen.

185 4622 3462 4648 *ΝΜ

1545 4715 1891 4777 HOMILIA
1935 4714 2105 4776 VIII.

178 4832 293 4887 Car.
329 4833 382 4888 4.
431 4848 483 4885 v.
518 4833 570 4887 l.
615 4832 752 4900 Quid
794 4850 913 4905 ergo
955 4835 1178 4890 dicemus
1225 4838 1469 4893 invenisse
1506 4838 1762 4892 Abraham

245 4936 437 4994 patrem
493 4937 722 4979 nostrum
772 4934 1050 4983 secundum
1099 4932 1350 4985 carnem?
1412 4932 1469 4987 '2.
1526 4931 1667 4985 Nam
1720 4935 1765 4986 si

247 5017 499 5070 Abraham
524 5034 585 5071 ea:
611 5020 843 5086 oneribus
858 5020 1173 5089 justiﬁcatus
1194 5033 1301 5089 est,
1334 5022 1481 5076 liabet
1506 5025 1723 5093 gloriam
1745 5066 1759 5089 ,

248 5111 331 5161 sed
361 5127 460 5163 non
492 5110 631 5179 apud
662 5108 843 5163 Deum.

252 5200 303 5253 l.
334 5200 622 5269 Postquam
650 5201 894 5267 dixerat,
936 5205 1079 5275 quod
1129 5205 1361 5259 mundus
1389 5206 1655 5260 obnoxius
1683 5208 1764 5260 Γει-

187 5300 295 5347 ctus
323 5292 393 5345 sit
423 5294 531 5347 Deo
555 5336 570 5359 ,
603 5294 743 5363 quod
776 5310 963 5349 omnes
994 5299 1368 5366 peccaverint,
1397 5309 1450 5351 et
1477 5298 1618 5368 quod
1661 5313 1763 5352 non

190 5386 346 5455 pessit
372 5385 517 5439 salus
543 5386 771 5441 obtineri
800 5386 1018 5443 aliunde
1043 5430 1058 5454 ,
1087 5404 1247 5459 quam
1282 5404 1377 5460 per
1409 5388 1565 5443 ﬁdem
1589 5407 1603 5453 ;
1637 5406 1763 5457 pro-

191 5476 309 5531 bare
336 5476 513 5530 studet
538 5478 765 5532 salutem
798 5478 945 5533 illam
974 5494 1077 5534 non
1120 5480 1430 5545 dedecoris,
1460 5480 1555 5535 sed
1584 5481 1767 5550 gloriae

192 5582 392 5623 causam
422 5578 562 5633 esse,
591 5579 644 5622 et
667 5569 886 5638 majoris
926 5586 1020 5636 ea,
1052 5586 1171 5639 qua:
1215 5587 1311 5641 per
1336 5586 1499 5641 opera
1528 5573 1766 5641 acquiri-

196 5669 290 5713 tur.
321 5660 450 5728 Quia
471 5664 617 5715 enim
643 5676 765 5715 cum
796 5661 1059 5717 dedecore
1086 5664 1336 5733 qu0piam
1370 5665 1596 5717 salutem
1630 5679 1765 5719 con-

195 5751 332 5821 sequi
362 5752 591 5822 aliquam
624 5750 1087 5815 aﬁerttristitiam,
1119 5757 1255 5807 hanc
1280 5769 1492 5825 quoque
1518 5754 1770 5824 deinceps

198 5846 538 5916 suspicionem
564 5846 738 5911 tollit;
766 5861 1087 5919 quamquam
1115 5858 1170 5903 et
1200 5846 1301 5901 hoc
1323 5848 1433 5917 jam
1464 5848 1770 5904 subindica-

1872 4841 1963 4903 vit,
1997 4853 2117 4889 eum
2153 4836 2295 4889 illam
2344 4832 2585 4894 vocavit,
2636 4845 2739 4882 non
2788 4828 3017 4883 salutem
3052 4831 3247 4899 modo,
3277 4836 3372 4890 sed
3418 4850 3473 4893 ct

1866 4930 2127 5001 jusdtiam
2154 4944 2168 4980 :
2193 4925 2407 4978 Iustitia
2436 4926 2567 4977 enim
2597 4920 2720 4985 Dei,
2757 4920 2964 4990 inquit,
2998 4922 3049 4973 in
3081 4923 3192 4990 ipso
3221 4930 3471 4984 revelatur

1873 5023 2051 5089 (Rom.
2081 5022 2133 5073 I.
2166 5020 2279 5084 Π).
2308 5016 2411 5082 Qui
2442 5014 2587 5068 enim
2635 5014 2704 5066 ita
2738 5024 2985 5066 servatur
3008 5054 3024 5078 ,
3059 5026 3114 5067 ut
3140 5015 3319 5082 justus
3348 5036 3468 5075 eum

1873 5113 2064 5167 ﬁducia
2098 5112 2279 5163 salvus
2310 5118 2412 5163 est.
2446 5106 2555 5161 Nec
2591 5105 2852 5173 justitiam
2884 5106 3056 5159 solum
3087 5106 3251 5171 dicit,
3286 5114 3378 5166 sed
3419 5126 3471 5169 et

1871 5188 2237 5258 ostensioncm
2269 5200 2359 5254 Dei
2390 5217 2401 5251 :
2429 5199 2570 5251 Deus
2593 5198 2734 5251 enim
2770 5196 2819 5249 in
2852 5197 3102 5265 gloriosis
3132 5206 3434 5259 ostenditur
3455 5248 3468 5270 ,

1873 5298 1923 5351 in
1957 5293 2251 5364 Splendidis
2276 5302 2331 5346 et
2372 5290 2599 5359 magnis.
2633 5289 2897 5343 Czeterum
2930 5290 3089 5343 etiam
3122 5308 3186 5345 ex
3220 5300 3465 5365 ιιι-θροεῖ-

1874 5393 1942 5442 tls
1974 5389 2075 5441 hoc
2117 5385 2345 5454 probat,
2391 5397 2488 5451 per
2525 5380 3003 5449 interrogationem
3034 5382 3305 5441 disserere
3348 5406 3466 5456 per-

1872 5492 2029 5548 gens;
2051 5476 2125 5529 uti
2146 5490 2359 5543 semper
2377 5473 2515 5527 solet
2536 5471 2711 5525 laecre
2735 5482 2843 5524 tum
2871 5473 3264 5540 perspicuitatis
3286 5493 3472 5547 causa,

1878 5581 1987 5625 tum
2031 5568 2172 5639 quod
2220 5567 2377 5621 dictis
2421 5565 2679 5619 conﬁdat.
2731 5564 2861 5617 Nam
2913 5566 2983 5617 ita
3018 5566 3143 5619 fecit
3188 5579 3243 5622 et
3273 5586 3474 5643 supra,

1875 5662 2061 5715 dicens
2092 5677 2106 5713 :
2137 5658 2272 5725 Quid
2312 5658 2469 5727 igitur
2500 5656 2722 5724 amplius
2754 5657 2899 5708 liabet
2932 5654 3150 5710 Judaats
3170 5659 3195 5711 ?
3222 5674 3272 5713 et
3294 5703 3307 5724 ,
3340 5664 3476 5729 Quid

1874 5756 2033 5826 igitur
2079 5752 2301 5821 amplius
2348 5749 2630 5803 habemus?
2674 5762 2737 5802 ac
2782 5764 3034 5815 rursum,
3069 5750 3167 5804 Ubi
3195 5754 3477 5823 gloriatio?

1883 5848 2107 5903 Exclusa
2132 5856 2240 5911 est;
2268 5854 2323 5899 et
2352 5846 2437 5899 hic
2458 5884 2473 5909 ,
2509 5843 2644 5911 Quid
2669 5842 2824 5913 igitur
2851 5842 3077 5898 dicemus
3099 5847 3357 5903 Abraham
3385 5869 3484 5919 pu-
