4108 6340
683 420 782 477 655

680 548 802 589 trem
826 537 1047 585 nostrum
1061 522 1237 591 t‘Quia
1257 520 1399 577 enim
1428 518 1595 575 Judaei
1622 515 1724 571 hoc
1750 530 1841 571 sus
1863 513 2035 584 deque
2061 527 2243 568 versa-

681 630 829 691 bant,
859 620 998 694 quod
1030 616 1328 690 patriarcha
1359 626 1412 670 et
1439 613 1529 667 Dei
1556 612 1760 665 amicus
1784 608 2244 664 circumcisionem

681 719 826 788 prius
864 713 1194 783 accepisset,
1237 707 1350 762 vult
1388 703 1673 760 ostendere
1716 703 1887 772 ipsum
1926 714 2138 769 quoque
2181 714 2243 753 cx

685 812 787 867 fide
803 805 1149 876 justitlcatum
1175 815 1295 857 esse
1319 816 1331 851 :
1362 795 1503 867 quod
1538 810 1744 866 magna:
1768 794 2009 849 victoriae
2037 791 2246 847 exube-

678 902 848 957 rantia
879 908 1013 954 erat.
1042 894 1193 963 Quod
1220 892 1361 947 enim
1392 889 1583 958 aliquis
1618 889 1734 942 sine
1780 885 2032 956 operibus
2056 899 2120 938 ex
2149 883 2249 937 fide

674 992 1032 1061 jnstitlcetur,
1078 1000 1181 1041 non
1219 981 1464 1037 absimile
1510 994 1637 1035 vero
1685 985 1807 1032 est:
1835 975 1975 1045 quod
2029 990 2156 1029 vero
2194 976 2247 1028 in

678 1094 824 1139 recte
845 1082 997 1136 factis
1018 1076 1264 1142 eximius,
1290 1089 1395 1128 non
1428 1072 1574 1137 hinc,
1600 1069 1695 1125 sed
1719 1084 1784 1123 ex
1808 1067 1914 1122 'llde
1934 1066 2025 1119 fiat
2046 1064 2244 1135 justus,

678 1174 807 1229 illud
858 1170 1098 1226 mirabile
1135 1174 1251 1229 est,
1296 1173 1353 1220 et
1396 1162 1518 1218 fidei
1546 1160 1649 1214 vim
1691 1159 2040 1215 demonstrat.
2069 1156 2246 1225 Quare

675 1266 792 1320 aliis
821 1258 1190 1333 praetermissis
1214 1258 1461 1313 omnibus
1482 1294 1498 1316 ,
1530 1254 1581 1307 in
1613 1251 1756 1307 hunc
1785 1264 2088 1306 sermonem
2112 1265 2243 1304 coo-

676 1356 851 1417 vertit,
876 1364 1083 1424 patrem
1112 1366 1240 1404 vero
1268 1349 1413 1402 illum
1440 1344 1737 1401 secundum
1764 1356 1979 1398 carnem
2009 1342 2235 1404 vocavit,

675 1447 893 1514 ejiciens
937 1443 1058 1497 illos
1085 1456 1151 1494 ex
1181 1452 1432 1508 germana
1478 1436 1595 1505 ejus
1639 1435 1956 1504 cognatione
1978 1475 1991 1499 ,
2019 1442 2074 1487 et
2103 1433 2241 1486 viam

678 1551 869 1605 paratu;
902 1532 1145 1604 gentibus
1172 1529 1238 1583 ad
1270 1527 1714 1598 propinquitatem
1745 1540 1864 1579 cum
1910 1524 2001 1578 illo
2038 1522 2240 1577 habeti-

672 1628 815 1682 dam.
850 1624 1048 1681 Deinde
1071 1625 1145 1677 ait
1168 1639 1180 1675 :
1210 1622 1270 1676 Si
1294 1622 1427 1675 enim
1468 1619 1721 1673 Abraham
1747 1634 1811 1672 ea:
1836 1618 2067 1687 operibus
2082 1618 2239 1689 justi-

674 1720 860 1787 [ictmts
880 1725 953 1770 est
976 1756 991 1781 ,
1020 1713 1169 1767 habet
1206 1712 1419 1783 gloriam
1442 1751 1456 1775 ,
1488 1709 1577 1764 sed
1602 1725 1701 1763 non
1728 1710 1869 1777 apud
1898 1708 2078 1762 Deum.
2110 1708 2237 1762 Cum

671 1810 895 1863 dixisset
939 1805 1130 1875 igitur,
1158 1801 1299 1872 quod
1343 1801 1481 1856 Deus
1529 1800 1989 1854 circumcisiouem
2032 1814 2095 1853 ex
2137 1798 2240 1852 fide

668 1898 941 1969 justiflcet,
970 1904 1025 1949 et
1048 1894 1361 1964 praeputium
1388 1892 1515 1946 item
1542 1906 1636 1960 per
1666 1890 1824 1945 fidem
1843 1932 1857 1956 ,
1891 1902 1943 1944 et
1969 1904 2088 1944 cum
2113 1890 2236 1943 illud

668 1990 721 2044 in
751 1986 1038 2057 praemissis
1065 1983 1392 2039 sufﬁcienter
1436 1982 1745 2052 probasset;
1779 1997 1873 2051 per
1901 1982 2071 2049 ipsum
2102 1995 2236 2050 quo-

667 2096 771 2149 que
799 2078 1063 2133 Abraham
1109 2074 1301 2130 melius
1342 2072 1474 2131 illud
1503 2072 1869 2134 demonstrat,
1903 2086 2060 2140 quam
2109 2087 2235 2140 pro-

672 2172 918 2232 miserat,
947 2176 1001 2220 et
1025 2164 1309 2236 quamdam
1341 2160 1509 2218 efﬁcit
1553 2176 1779 2233 pugnam
1826 2163 1963 2216 inter
2000 2162 2158 2216 fidem
2184 2170 2238 2217 et

667 2278 827 2334 npera
849 2302 864 2326 ,
899 2269 1174 2329 totumque
1200 2266 1471 2313 certamen
1510 2257 1653 2310 circa
1682 2256 1852 2324 ipsum
1876 2255 2077 2323 justum
2108 2266 2237 2308 sta-

667 2344 800 2419 tuit;
832 2368 931 2409 nec
960 2352 1076 2406 sine
1102 2364 1283 2406 causa.
1318 2347 1442 2403 Ideo
1470 2348 1631 2402 etiam
1662 2361 1985 2417 magnopere
2010 2346 2238 2402 honorat

669 2450 854 2514 illum,
903 2444 1296 2517 progenitorem
1335 2456 1567 2507 vocans,
1606 2442 2086 2507 necessitatemque
2132 2440 2235 2495 Illis

668 2541 945 2609 imponens
972 2544 1031 2591 ut
1071 2538 1125 2589 in
1148 2533 1395 2588 omnibus
1424 2532 1522 2603 ipsi
1546 2532 1935 2600 obtemperent.
1965 2530 2043 2585 Ne
2071 2532 2198 2584 mihi
2216 2572 2231 2597 ,

666 2634 761 2695 ait,
782 2630 1023 2685 Judrcum
1042 2626 1266 2690 dixeris,
1291 2638 1425 2679 neve
1456 2622 1595 2677 hunc
1622 2622 1703 2677 vel
1737 2622 1887 2676 illum
1920 2622 1971 2675 in
1998 2622 2233 2676 medium

666 2724 895 2781 adducas
924 2738 937 2774 :
969 2735 1070 2791 ego
1091 2718 1234 2775 enim
1258 2716 1326 2771 ad
1354 2717 1523 2786 ipsum
1553 2714 1843 2785 fastigium,
1883 2723 1937 2767 et
1964 2713 2105 2767 unde
2135 2715 2236 2767 ini-

665 2817 796 2871 tium
822 2811 1025 2882 aecepit
1043 2810 1157 2879 ipsa
1183 2803 1813 2871 circumcisio,ascendo.
1839 2802 1899 2859 Si
1924 2804 2235 2858 euimAbra-

667 2911 783 2961 ham
824 2920 887 2960 ea:
912 2902 1146 2973 aporibas
1176 2899 1492 2970 justiﬁcatus
1520 2905 1626 2960 sat,
1677 2896 1882 2967 inquit,
1930 2895 2079 2950 habet
2118 2896 2235 2966 glo-

666 3001 815 3063 riam,
832 2996 919 3050 sed
945 3010 1045 3047 non
1063 2990 1203 3062 apud
1219 2988 1403 3044 Deum.
1423 2988 1721 3043 Obscurum
1739 2996 1824 3042 est
1841 2986 2042 3042 dictum
2068 2986 2195 3041 illud
2214 3003 2229 3052 ;

665 3092 889 3160 ideoque
919 3084 1278 3141 necessarium
1305 3091 1388 3137 est
1414 3082 1587 3150 ipsum
1608 3079 1807 3134 clarius
1827 3078 2075 3134 reddere.
2105 3078 2231 3133 Duae

663 3186 803 3240 enim
834 3190 957 3236 sunt
984 3178 1349 3249 gloriationes,
1381 3174 1483 3227 alia
1510 3172 1578 3227 ab
1597 3172 1850 3241 operibus
1869 3212 1884 3237 ,
1910 3170 2010 3224 alia
2043 3186 2071 3223 a
2104 3170 2231 3225 fide.

663 3277 792 3330 Cum
832 3274 961 3328 dicit
983 3286 1111 3340 ergo
1132 3310 1147 3335 ,
1180 3269 1241 3322 Si
1270 3283 1334 3320 ea:
1356 3265 1591 3337 operibus
1612 3264 1923 3333 iustiﬁcati“
1949 3274 2020 3318 est
2044 3304 2059 3328 ,
2088 3264 2235 3318 habet

664 3368 918 3440 gloriam,
968 3363 1085 3418 sive
1120 3358 1527 3431 glot'iationem,
1568 3356 1657 3409 sed
1700 3372 1802 3408 non
1851 3354 1991 3424 apud
2039 3354 2230 3419 Deum,

661 3456 891 3512 ostendit
916 3454 1062 3507 illum
1083 3450 1241 3506 etiam
1261 3463 1288 3502 a
1315 3448 1418 3502 fide
1442 3460 1596 3516 posse
1616 3446 1986 3516 gloriationem
2010 3445 2229 3514 habere,

661 3557 713 3603 et
739 3546 902 3599 inulto
930 3544 1207 3610 majorem.
1235 3539 1420 3606 Magna
1446 3537 1587 3591 enim
1623 3532 1770 3591 Pauli
1796 3537 1878 3590 vis
1909 3537 1960 3590 in
1990 3536 2092 3592 hoc
2120 3554 2234 3593 ma-

662 3638 803 3691 xime
840 3632 1167 3695 ostenditur,
1209 3628 1351 3700 quod
1396 3628 1447 3680 in
1491 3628 1815 3681 contrariam
1863 3636 2065 3696 partem
2118 3643 2230 3684 rem

660 3725 987 3796 propositam
1014 3721 1253 3785 verterit,
1287 3719 1356 3772 ita
1386 3726 1442 3772 ut
1470 3716 1610 3786 quod
1642 3718 1788 3772 salus
1818 3719 1903 3772 illa
1937 3734 2033 3787 per
2060 3735 2221 3790 opera

662 3819 851 3879 habet,
884 3823 941 3868 ut
966 3812 1226 3884 glorietur
1254 3818 1307 3865 et
1349 3808 1573 3865 fidenter
1599 3818 1753 3879 agat,
1790 3809 1839 3863 id
1882 3809 2036 3881 longe
2062 3812 2230 3883 magis

661 3910 819 3963 fidem
850 3906 1051 3959 habere
1072 3901 1339 3969 ostendat.
1370 3899 1502 3953 Nam
1529 3899 1619 3969 qui
1666 3900 1719 3953 in
1750 3901 2004 3969 operibus
2033 3903 2232 3972 gloria-

662 4012 785 4065 tur,
836 3998 1045 4052 labores
1091 4007 1217 4055 suos
1248 3990 1487 4061 proferre
1532 4000 1735 4061 potest;
1778 3994 1867 4061 qui
1908 4004 2086 4048 autem
2130 3995 2228 4049 sibi

659 4089 971 4162 gratulatur,
997 4085 1139 4155 quod
1169 4084 1276 4138 Deo
1296 4082 1500 4149 credat,
1531 4083 1697 4138 multo
1718 4083 1973 4152 majorem
1998 4086 2229 4155 glorian-

657 4184 711 4238 di
740 4196 922 4236 ansam
944 4176 1213 4243 ostendit,
1245 4184 1427 4245 utpote
1455 4177 1545 4245 qui
1574 4176 1859 4232 Dominum
1888 4178 2143 4247 glorificet
2173 4190 2228 4235 et

660 4271 987 4344 magnificet.
1018 4269 1149 4336 Qum
1174 4268 1315 4322 enim
1357 4282 1463 4321 non
1486 4268 1703 4323 dictavit
1732 4285 1911 4325 rerum
1936 4258 2225 4327 visibilium

661 4374 877 4429 natura,
909 4376 938 4415 a
970 4360 1071 4413 fide
1101 4359 1152 4412 in
1200 4359 1367 4411 Deum
1415 4358 1718 4426 accipiens,
1769 4361 2031 4415 sinceram
2067 4364 2225 4417 etiam

659 4474 784 4527 erga
813 4470 935 4510 eum
957 4451 1230 4507 caritatem
1261 4449 1521 4516 exhibuit,
1552 4458 1605 4505 et
1634 4450 1963 4518 splendidam
1987 4454 2100 4521 ejus
2129 4469 2228 4523 po-

660 4549 877 4604 tentiam
908 4543 1233 4614 praedicavit.
1269 4540 1401 4594 lllud
1432 4557 1560 4595 vero
1589 4544 1983 4612 generosissimi
2015 4555 2095 4599 est
2120 4547 2227 4599 ani-

660 4643 766 4705 mi,
816 4633 1197 4707 pliilosOphicxe
1237 4631 1551 4697 sementim,
1618 4635 1917 4703 mentisque
1962 4636 2219 4691 sublimis.

657 4732 789 4789 Nam
820 4746 922 4784 non
964 4727 1159 4789 furari,
1191 4740 1295 4779 non
1327 4725 1595 4791 occidere,
1628 4726 1922 4795 vulgarium
1949 4730 2220 4786 hominum

658 4825 775 4879 est;
816 4812 1035 4867 credere
1075 4824 1201 4864 vero
1248 4809 1389 4878 quod
1436 4809 1785 4879 impossibilia
1834 4815 1999 4881 possit
2052 4817 2219 4882 Deus,

660 4918 850 4975 magno
880 4900 1159 4954 admodum
1188 4901 1366 4952 animo
1393 4910 1540 4969 eget,
1573 4909 1627 4956 et
1650 4917 1772 4972 erga
1824 4904 1994 4973 ipsum
2022 4910 2223 4977 optime

659 4994 849 5052 allecto
875 5008 887 5043 :
915 4991 1111 5046 etenim
1150 5004 1417 5059 germanie
1458 4992 1698 5046 caritatis
1743 4993 1842 5049 hoc
1872 4996 2079 5065 signum
2122 5010 2221 5053 est.

664 5088 827 5140 Deum
869 5095 1015 5137 certe
1052 5082 1180 5149 colit
1225 5082 1315 5149 qui
1366 5093 1627 5151 prmcepta
1680 5084 1899 5153 implet;
1952 5091 2225 5161 multoque

660 5177 825 5247 magis
856 5174 941 5227 hic
962 5214 975 5235 ,
1006 5172 1091 5240 qui
1125 5185 1215 5239 per
1243 5172 1396 5225 fidem
1443 5172 1861 5241 philosophatur.
1893 5177 1983 5232 llle
2011 5182 2222 5249 quidem

660 5268 759 5338 ipsi
789 5263 1058 5325 obedix-it;
1093 5262 1177 5316 hic
1207 5276 1332 5315 vero
1360 5264 1769 5319 convenientem
1797 5266 1866 5322 de
1898 5269 1985 5323 illo
2012 5272 2221 5339 Opinio-

661 5374 780 5414 nem
824 5354 1060 5423 accepit,
1091 5360 1145 5407 et
1186 5353 1353 5422 magis
1380 5370 1534 5423 quam
1588 5372 1681 5425 per
1709 5373 1929 5426 operum
1960 5365 2226 5418 ostensio-

658 5464 780 5503 nem
809 5447 982 5517 ipsum
1024 5444 1340 5514 glorificavit
1382 5453 1437 5499 et
1478 5445 1771 5503 admiratus
1818 5459 1920 5505 est.
1975 5452 2066 5507 Illa
2096 5469 2225 5525 ergo

659 5538 898 5605 gloriatio
927 5545 1069 5590 recte
1109 5535 1379 5603 operantis
1409 5546 1523 5601 est;
1574 5538 1687 5593 haec
1714 5556 1843 5596 vero
1872 5544 2035 5598 Deum
2063 5546 2225 5614 glori-

661 5628 819 5690 fleat,
853 5635 1065 5693 totaque
1107 5626 1268 5692 ipsius
1307 5635 1409 5681 est.
1441 5626 1712 5685 Gloriatur
1738 5635 1913 5698 enim,
1945 5638 2082 5705 quod
2114 5654 2225 5693 ma-

657 5734 759 5787 gna
784 5716 851 5771 de
879 5717 971 5770 illo
999 5716 1299 5785 concipiat,
1327 5717 1465 5788 quod
1498 5722 1548 5775 in
1596 5723 1735 5778 illius
1762 5728 1980 5793 gloriam
2012 5732 2219 5786 transit.

660 5808 781 5871 ideo
805 5807 879 5863 ait
920 5807 1066 5862 illum
1098 5807 1290 5864 habere
1314 5811 1686 5881 gloriationem
1734 5819 1783 5873 in
1814 5820 1921 5878 Deo
1953 5841 1965 5877 :
1996 5839 2101 5882 non
2128 5824 2223 5882 hac

1409 405 1467 461 Β.
1507 401 1779 461 ωᾹΡιΝῐε
1813 395 2284 456 ειιιιγδοςτοιιῑ
2330 396 2639 455 ARCHIEP.
2662 398 3185 459 CONSTANTINOP.

3834 406 3935 463 ω

2348 527 2476 567 vero
2527 517 2733 578 solum,
2777 516 2870 571 sed
2917 527 2969 571 et
3008 518 3111 573 alia
3157 519 3225 572 de
3271 534 3453 574 causa.
3486 520 3759 578 Gloriatur
3792 525 3936 577 enim

2351 621 2561 660 rursum
2594 607 2761 661 tidelis-
2783 648 2796 675 ,
2826 626 2930 663 non
2960 611 3119 665 modo
3144 611 3283 681 quod
3319 613 3483 669 Deum
3510 616 3721 672 sincere
3748 627 3898 670 amet
3917 656 3931 682 ,

2350 697 2443 751 sed
2475 700 2612 767 quod
2645 716 2835 767 magno
2859 702 2981 772 ejus
3026 705 3225 760 honore
3247 715 3299 759 et
3324 722 3507 763 a'nore
3536 709 3765 765 fruatur.
3820 710 3935 765 Sic-

2352 798 2408 843 ut
2435 792 2574 844 euim
2605 791 2716 860 ipse
2746 794 2887 847 illum
2921 797 3150 863 amavit,
3196 812 3382 867 magna
3415 798 3482 854 de
3523 799 3616 854 illo
3665 802 3932 872 imagina-

2352 891 2436 936 tus
2465 882 2483 954 (
2506 882 2607 939 hoc
2626 885 2766 939 enim
2793 889 2992 942 amoris
3015 902 3384 959 argumentum
3413 892 3530 958 est)
3560 910 3572 945 :
3600 894 3680 949 sic
3709 905 3763 949 et
3791 898 3934 949 Dem

2352 971 2495 1027 illum
2518 979 2713 1028 amavit
2736 978 3001 1031 sexcentis
3030 981 3263 1048 peccatis
3289 985 3608 1046 obnoxium,
3637 1000 3740 1039 nec
3767 987 3933 1041 modo

2348 1078 2378 1117 a
2409 1064 2664 1134 supplicio
2690 1065 2957 1132 liberavit,
2983 1069 3078 1124 sed
3106 1072 3270 1125 etiam
3295 1072 3500 1141 justum
3524 1074 3721 1130 effecit.
3755 1076 3933 1130 liabet

2349 1154 2505 1223 igitur
2525 1156 2787 1226 gloriandi
2808 1174 3044 1223 causam,
3082 1171 3267 1231 utpote
3292 1166 3381 1232 qui
3412 1181 3601 1235 magna
3630 1167 3931 1222 dilectione

2345 1245 2591 1313 dignatus
2620 1248 2709 1301 sit.
2738 1248 2794 1302 3.
2850 1249 2988 1314 Quid
3023 1252 3156 1304 enim
3201 1252 3325 1305 dicit
3365 1254 3674 1325 Scriptura?
3700 1255 3931 1312 Credidit

2344 1334 2600 1389 Abraham
2629 1336 2755 1403 Deo,
2781 1349 2826 1393 et
2854 1350 3139 1411 reputation
3165 1352 3238 1397 est
3279 1344 3356 1397 illi
3379 1345 3448 1397 ad
3465 1346 3743 1415 justitiam.
3779 1349 3838 1403 ι.
3868 1348 3931 1402 Ei

2342 1436 2508 1479 autem
2531 1428 2619 1497 qui
2646 1438 2915 1497 operatur,
2949 1448 3134 1485 merces
3176 1450 3275 1487 non
3321 1435 3603 1504 imputatur
3643 1438 3930 1491 secundum

2341 1518 2587 1587 gratiam,
2635 1522 2723 1572 sed
2748 1522 3021 1574 secundum
3051 1526 3300 1577 meritum.
3344 1525 3484 1595 Ergo
3509 1568 3524 1589 ,
3555 1527 3790 1597 inquies,
3828 1530 3931 1582 hoc

2344 1610 2517 1677 majus
2542 1610 2663 1663 est?
2697 1612 3040 1682 Nequaquam
3073 1632 3085 1666 :
3115 1631 3235 1669 nam
3264 1626 3318 1670 et
3343 1618 3581 1671 credenti
3607 1618 3926 1688 imputatur;

2344 1716 2450 1755 non
2481 1703 2833 1771 imputaretur
2862 1716 3039 1761 autem
3059 1750 3072 1769 ,
3107 1708 3205 1762 nisi
3250 1710 3362 1779 ipse
3403 1710 3602 1779 aliquid
3631 1713 3927 1768 attulisset.

2410 1792 2463 1845 2.
2498 1792 2673 1861 Itaque
2704 1795 2789 1847 hic
2821 1795 2978 1849 etiam
3027 1796 3321 1853 debitorem
3368 1801 3525 1855 habet
3567 1802 3737 1857 Deum
3775 1846 3790 1867 ,
3822 1818 3927 1858 nec

2340 1884 2628 1950 vulgarium
2671 1901 2850 1939 rerum
2896 1886 3189 1943 debitorem
3210 1931 3225 1955 ,
3270 1890 3364 1945 sed
3396 1908 3707 1961 magnarum
3739 1904 3795 1948 et
3826 1912 3924 1948 sn-

2339 1974 2599 2028 blimium.
2630 1974 2917 2045 Postquam
2946 1979 3089 2033 enim
3119 1980 3353 2051 ostendit
3393 1982 3532 2035 illius
3562 1984 3726 2037 animi
3750 1985 3926 2038 subli-

2341 2067 2572 2122 mitatem
2590 2079 2643 2122 et
2663 2069 2995 2137 spiritualem
3020 2082 3273 2139 mentem,
3299 2090 3402 2127 non
3431 2076 3746 2144 simpliciter
3766 2078 3925 2141 dixit,

2337 2154 2605 2221 Credenti,
2627 2159 2741 2221 sed,
2766 2161 2816 2215 5.
2840 2162 3071 2215 Credenti
3098 2167 3150 2216 in
3176 2180 3287 2216 eum
3305 2166 3656 2235 quijustiﬁcat
3678 2169 3921 2235 impium.

2340 2244 2630 2315 hnputatur
2645 2246 2777 2304 ﬁdes
2805 2251 2966 2319 ipsius
2997 2253 3048 2305 in
3072 2252 3349 2322 justitiam.
3375 2254 3555 2325 Gegita
3576 2257 3721 2311 enim
3746 2274 3923 2328 quan-

2340 2344 2445 2389 tum
2489 2339 2588 2392 hoc
2619 2340 2706 2405 sit,
2738 2344 2955 2396 credere
2998 2354 3053 2398 et
3076 2347 3358 2400 certiorem
3387 2345 3521 2412 lieri,
3554 2349 3694 2417 quod
3750 2356 3925 2419 possit

2339 2425 2480 2481 Deus
2510 2443 2629 2481 eum
2653 2470 2669 2495 ,
2699 2433 2788 2501 qui
2824 2432 2874 2486 in
2908 2434 3175 2503 impietate
3232 2436 3461 2503 vixerit,
3491 2450 3711 2508 repente
3740 2455 3849 2495 non
3891 2460 3923 2494 a

2335 2520 2595 2589 supplicio
2627 2531 2828 2578 tantum
2869 2525 3115 2590 liberare.
3159 2529 3253 2583 sed
3291 2532 3451 2584 etiam
3478 2532 3682 2599 justum
3708 2534 3917 2595 facere.

2335 2619 2389 2665 et
2439 2612 2824 2691 immortalibus
2862 2618 2967 2673 illis
3010 2620 3216 2690 dignari
3264 2621 3576 2678 honoribus.
3617 2624 3694 2680 Ne
3728 2626 3919 2696 itaque

2338 2710 2490 2771 putes
2534 2704 2675 2760 hunc
2710 2706 2970 2762 minorem
3001 2726 3158 2777 esse,
3186 2714 3434 2782 quoniam
3478 2715 3548 2768 illi
3580 2732 3690 2771 non
3719 2733 3920 2773 sceno-

2336 2791 2461 2845 dum
2504 2796 2724 2863 gratiam
2770 2798 3079 2867 imputatur.
3128 2800 3239 2856 Hoc
3280 2806 3423 2857 enim
3468 2803 3642 2874 ipsum
3690 2810 3815 2863 facit
3864 2820 3922 2863 ut

2338 2881 2509 2937 fidelis
2538 2886 2606 2939 sit
2634 2886 2965 2955 splendidus,
2984 2891 3125 2961 quod
3146 2900 3290 2947 tanta
3315 2892 3520 2949 fruatur
3546 2894 3746 2966 gratia,
3769 2902 3919 2971 quod

2337 2981 2534 3030 tantam
2584 2979 2834 3034 exhibeat
2890 2981 3069 3038 fidem.
3119 2983 3189 3038 Et
3230 2986 3350 3041 vide
3392 2988 3652 3057 majorem
3699 3006 3921 3061 quoque

2334 3068 2762 3125 retributionem.
2820 3072 2901 3127 llli
2940 3074 3082 3128 enim
3131 3091 3341 3133 merces
3386 3078 3565 3145 datur,
3613 3079 3741 3137 huic
3788 3100 3922 3139 vero

2331 3157 2531 3227 justitia
2567 3178 2579 3213 :
2611 3162 2779 3217 multo
2808 3175 2985 3218 autem
3027 3167 3198 3236 major
3239 3178 3322 3224 est
3348 3171 3551 3239 justitia
3596 3175 3852 3231 mercede
3902 3195 3917 3230 :

2337 3250 2529 3305 multas
2557 3256 2751 3323 quippe
2788 3257 3157 3325 complectitur
3196 3261 3401 3329 justitia
3445 3265 3747 3322 mercedes.
3779 3270 3919 3324 Cum

2335 3356 2464 3411 ergo
2494 3358 2559 3397 ex
2585 3345 2894 3400 Abrahamo
2920 3348 3019 3402 hoc
3056 3353 3401 3420 ostendisset,
3436 3356 3685 3411 Davidem
3716 3358 3920 3415 deinde

2335 3431 2537 3488 inducit
2560 3434 2718 3491 dictis
2746 3437 3179 3507 adstipulantem.
3210 3445 3348 3511 Quid
3390 3462 3520 3518 ergo
3559 3449 3689 3505 dicit
3719 3451 3916 3515 David,

2334 3535 2388 3579 et
2416 3541 2573 3595 quem
2604 3528 2814 3584 beatum
2844 3532 3137 3600 prazdicat?
3181 3553 3376 3593 eumne
3421 3542 3511 3610 qui
3554 3542 3605 3596 iu
3655 3547 3917 3613 operibus

2334 3616 2612 3684 gloriatur,
2644 3636 2710 3675 an
2738 3637 2860 3677 eum
2890 3626 2978 3694 qui
3006 3628 3229 3696 gratiam
3258 3632 3484 3701 accepit,
3508 3648 3571 3687 ac
3596 3637 3687 3705 qui
3717 3641 3918 3693 remis-

2334 3708 2538 3763 sionem
2588 3721 2640 3765 et
2697 3712 2892 3768 donum
2937 3718 3155 3773 sortitus
3192 3721 3316 3774 est?
3352 3720 3742 3781 Beatitudinem
3792 3744 3915 3785 cum

2330 3800 2468 3869 dico,
2521 3804 2733 3859 culmen
2780 3807 3039 3862 bonorum
3082 3813 3320 3866 omnium
3372 3814 3513 3869 dico.
3565 3817 3717 3873 Sicut
3769 3825 3913 3877 enim

2335 3895 2583 3951 mercede
2610 3898 2780 3965 majOr
2802 3909 2885 3953 est
2905 3901 3133 3969 justitia,
3162 3905 3239 3958 sic
3264 3906 3467 3975 justitia
3497 3910 3665 3979 major
3680 3922 3764 3967 est
3792 3914 3917 3968 bea-

2336 3986 2523 4043 titudo.
2547 3987 2677 4044 Cum
2708 3982 3029 4049 es'tendisset
3052 4011 3179 4067 ergo
3197 3998 3460 4067 justitiam
3479 4004 3738 4073 majorem
3762 4022 3907 4075 esse,

2334 4093 2437 4131 non
2470 4080 2609 4148 quod
2634 4080 2900 4137 Abraham
2924 4084 3065 4139 illam
3096 4090 3361 4158 acceperit
3380 4100 3605 4159 tantum,
3628 4096 3724 4150 sed
3747 4099 3913 4152 etiam

2331 4185 2361 4224 a
2410 4172 2699 4241 ratiociniis
2743 4173 2933 4245 (Habet
2978 4178 3107 4231 enim
3148 4181 3521 4251 gloriationem,
3572 4184 3768 4255 inquit,
3820 4192 3910 4243 sed

2333 4280 2432 4317 non
2457 4267 2595 4333 apud
2624 4265 2827 4337 Deum)
2855 4285 2870 4334 ;
2915 4270 3019 4324 alio
3044 4272 3203 4326 etiam
3234 4274 3394 4329 modo
3426 4276 3566 4329 illam
3613 4276 3910 4334 honorabi-

2331 4354 2521 4411 liorem
2569 4356 2920 4427 demonstrat,
2971 4361 3221 4418 Davidem
3253 4365 3530 4422 adducens
3565 4369 3666 4439 ipsi
3715 4372 3913 4427 suffra-

2333 4457 2544 4517 gantem
2576 4467 2588 4503 :
2620 4449 2748 4504 Nam
2787 4450 2873 4506 hic
2897 4494 2912 4516 ,
2954 4453 3157 4523 inquit,
3207 4472 3329 4511 eum
3359 4461 3447 4529 qui
3488 4460 3559 4514 ita
3585 4463 3915 4528 justillcatus

2332 4549 2414 4593 est
2442 4539 2651 4595 beatum
2684 4543 2934 4610 prmdicat
2972 4545 3053 4600 his
3084 4548 3259 4603 verbis
3289 4567 3300 4602 :
3329 4550 3381 4605 7.
3410 4549 3554 4605 Beati
3582 4571 3798 4624 quorum
3828 4575 3911 4610 re-

2334 4632 2500 4685 missa:
2538 4643 2651 4686 sunt
2678 4635 2961 4704 iniquitates
2989 4637 3006 4710 (
3034 4637 3176 4693 Psal.
3205 4642 3289 4695 5t.
3325 4643 3347 4696 Ι
3375 4651 3416 4711 ).
3451 4648 3527 4699 Ac
3549 4647 3759 4702 videtur
3788 4666 3882 4719 qui
3901 4681 3914 4691 -

2328 4725 2451 4779 dem
2497 4741 2603 4780 non
2643 4742 2942 4798 congruens
2992 4733 3351 4787 testimonium
3398 4738 3637 4804 proferre
3679 4757 3694 4792 :
3736 4757 3914 4812 neque

2331 4818 2473 4872 enim
2500 4820 2652 4886 dixit,
2688 4820 2833 4875 Beati
2862 4838 3086 4892 quorum
3121 4825 3254 4880 ﬁdes
3280 4828 3330 4879 in
3370 4830 3630 4897 justitiam
3661 4846 3913 4903 reputat:

2331 4920 2414 4964 est
2443 4928 2454 4964 :
2492 4911 2541 4965 id
2572 4913 2713 4981 quod
2773 4915 2859 4968 ille
2911 4916 3142 4984 prudens
3172 4917 3339 4986 facit,
3386 4938 3489 4978 non
3521 4925 3772 4994 ignorans
3794 4972 3812 4994 ,
3858 4942 3916 4986 ut

2334 5000 2587 5069 majorem
2612 5003 2857 5057 ostendat
2879 5006 3222 5077 hyperbolen.
3248 5011 3301 5065 Si
3324 5013 3465 5068 enim
3481 5015 3669 5071 beatus
3693 5030 3773 5074 est
3799 5021 3910 5087 hic,

2334 5094 2422 5162 qui
2465 5097 2837 5150 remissionem
2881 5101 3089 5171 accepit
3117 5117 3211 5171 per
3228 5106 3493 5174 gratiam;
3543 5112 3711 5165 multo
3738 5116 3915 5186 magis

2334 5187 2422 5254 qui
2457 5187 2779 5255 justiticatus
2822 5199 2925 5255 est,
2958 5193 3047 5262 qui
3085 5192 3242 5249 fidem
3290 5198 3548 5254 exhibuit.
3587 5200 3686 5257 Ubi
3724 5216 3912 5263 autem

2336 5280 2655 5337 beatificatio
2683 5291 2766 5337 est
2789 5324 2803 5345 ,
2832 5283 3063 5341 dedecus
3088 5301 3245 5343 omne
3270 5291 3538 5347 sublatum
3567 5305 3680 5360 est,
3708 5306 3762 5353 et
3788 5316 3915 5355 ma-

2336 5386 2435 5439 gna
2466 5382 2547 5426 est
2574 5374 2739 5443 gloria
2772 5392 2785 5427 :
2819 5390 2938 5430 nam
2984 5378 3303 5435 beatiﬁcatio
3347 5395 3685 5453 augmentum
3730 5400 3820 5444 est
3862 5404 3916 5447 et

2334 5463 2596 5517 mercedis
2619 5474 2671 5518 et
2695 5465 2895 5534 gloriae.
2926 5467 3261 5540 Quapmpter
3290 5472 3339 5526 id
3365 5514 3381 5536 ,
3423 5475 3474 5527 in
3515 5492 3620 5544 quo
3651 5479 3738 5534 ille
3769 5497 3919 5549 pra:-

2333 5562 2457 5615 snit,
2492 5572 2594 5610 non
2625 5558 2829 5625 scripto
2855 5561 3108 5629 exprimit
3136 5578 3258 5617 cum
3302 5564 3431 5620 dicit
3461 5586 3472 5621 :
3510 5567 3573 5623 Ei
3615 5572 3749 5625 enim
3772 5615 3788 5638 ,
3823 5579 3917 5650 qui

2333 5658 2603 5715 aperatur,
2649 5666 2835 5705 merces
2879 5668 2979 5705 non
3022 5654 3298 5722 imputatur
3330 5660 3601 5713 secundum
3645 5664 3873 5733 gratiam
3897 5684 3921 5731 ,-

2339 5739 2466 5793 illud
2498 5756 2644 5806 vero,
2678 5742 2731 5796 in
2758 5758 2862 5813 quo
2908 5745 3078 5801 fidelis
3110 5751 3392 5817 prmcellit,
3421 5767 3488 5807 ex
3519 5756 3719 5826 scripto
3751 5761 3915 5815 testi-

2334 5836 2515 5889 monio
2540 5834 2727 5903 probat
2767 5837 2949 5894 dicens
2980 5857 2993 5893 :
3023 5839 3167 5895 Sicut
3196 5842 3324 5898 dixit
3348 5842 3515 5899 David
3541 5861 3561 5901 :
3586 5846 3749 5917 Beati,
3773 5865 3912 5921 quo,
