4108 6340
106 474 203 529 157

96 602 218 638 rum
248 583 471 639 remissae
494 588 609 633 stml
636 576 925 647 iniquitates
963 580 1005 626 et
1038 585 1254 639 quorum
1282 577 1411 622 tecta
1437 575 1555 618 sunt
1583 578 1699 632 pec-

95 684 241 729 cata.
280 672 419 741 Quid
448 670 591 725 enim
616 667 746 723 dicit
781 707 796 733 ,
831 662 1058 733 inquies,
1098 659 1241 730 quod
1273 674 1375 711 non
1408 654 1700 710 secundum

96 764 368 827 debitum,
388 759 483 816 sed
501 757 790 815 secundum
809 753 1035 825 gratiam
1050 750 1424 807 remissionem
1436 744 1703 815 accipias?

96 854 216 911 Sed
240 868 388 919 ecce,
413 851 498 906 hic
519 858 603 905 est
630 847 721 918 qui
744 845 1083 902 beatilicatur
1114 858 1127 896 :
1160 855 1267 895 non
1293 839 1513 894 beatum
1537 836 1702 891 dixis-

97 952 191 1000 set
228 953 407 997 autem
430 982 444 1005 ,
475 939 575 994 nisi
619 938 766 991 illum
814 934 1017 989 videret
1043 931 1213 1002 gloria
1244 929 1352 985 frui
1382 928 1566 983 multa.
1595 926 1705 982 Nec

95 1034 235 1089 dicit
261 1074 277 1100 ,
314 1030 582 1087 Remissio
608 1037 789 1084 autem
818 1027 933 1080 htec
962 1026 1013 1078 in
1044 1021 1557 1083 circumcisionem;
1603 1017 1699 1073 sed

104 1122 282 1195 quid?
322 1122 375 1177 9.
423 1118 694 1174 Beatitudo
722 1127 889 1171 autem
920 1116 1027 1169 [nec
1053 1112 1239 1186 (quod
1282 1112 1457 1181 majus
1497 1111 1617 1179 est)
1650 1112 1702 1163 in

95 1214 560 1279 circumcisionem,
582 1227 650 1265 an
677 1212 728 1264 in
742 1206 1093 1280 prwputium.’
1116 1206 1384 1274 Qtueritur
1404 1202 1547 1259 enim
1567 1202 1709 1257 deiu-

97 1322 261 1377 ceps,
292 1314 469 1359 utrum
501 1303 603 1358 hoc
642 1301 839 1355 bonum
882 1311 936 1353 et
966 1312 1220 1367 magnum
1250 1310 1369 1350 cum
1413 1292 1704 1349 circumci-

98 1397 264 1451 sione
290 1409 358 1449 an
388 1408 515 1449 cum
570 1391 833 1462 praeputio
860 1387 1139 1443 consistat.
1175 1385 1241 1439 Et
1271 1384 1394 1439 vide
1442 1382 1710 1453 hyperbo-

102 1488 194 1541 len
226 1503 241 1539 :
274 1483 513 1540 ostendit
542 1483 684 1537 enim
730 1478 858 1533 illud
890 1494 996 1533 non
1042 1477 1216 1532 soluat
1247 1489 1353 1530 non
1382 1489 1412 1528 a
1444 1471 1710 1544 praeputio

102 1576 420 1642 removeri,
480 1572 575 1630 sed
616 1572 848 1627 libenter
898 1584 1022 1625 cum
1088 1568 1183 1623 illo
1234 1567 1535 1623 consistere
1585 1573 1711 1620 ante

101 1668 603 1726 circumcisionem.
654 1660 1099 1733 Quandoquidem
1142 1659 1232 1729 qui
1287 1659 1503 1713 beatum
1545 1654 1710 1722 dicit,

108 1776 318 1830 nempe
346 1757 538 1825 David,
564 1754 913 1812 circumcisus
932 1761 1068 1818 erat,
1090 1760 1146 1808 et
1165 1749 1512 1806 circumcisus
1534 1748 1711 1803 disse-

104 1853 287 1917 rebat,
318 1849 441 1904 vide
478 1862 640 1918 quam
692 1844 960 1901 studuerit
989 1841 1186 1897 Paulus
1228 1840 1433 1895 dictum
1463 1837 1594 1893 illud
1638 1836 1707 1892 ad

106 1939 489 2014 praeputiatutn
520 1939 737 1993 ducere.
769 1935 903 1991 Cum
931 1934 1072 1990 enim
1097 1931 1322 2003 justitiae
1354 1928 1705 1986 beatificatio-

106 2012 236 2090 item
260 2033 545 2103 junxisset,
574 2028 1007 2098 ostendissetque
1039 2034 1329 2095 utrumque
1354 2012 1518 2078 unum
1546 2035 1707 2087 esse;

107 2127 313 2198 qurerit
352 2124 625 2195 quomodo
662 2120 985 2194 justilicatus
1027 2120 1097 2176 sit
1140 2116 1430 2174 Abraham.
1466 2116 1526 2173 Si
1570 2115 1714 2170 enim

108 2215 394 2271 beatitudo
439 2214 569 2283 justi
606 2222 711 2279 est,
744 2221 801 2266 et
839 2210 1108 2266 Abraham
1142 2208 1467 2279 justilicatus
1505 2215 1609 2273 est,
1638 2204 1719 2260 vi—

111 2306 347 2361 deamus
366 2302 646 2375 quomodo
667 2300 988 2371 justilicatus
1018 2300 1127 2365 sit,
1156 2314 1223 2353 an
1262 2313 1389 2354 cum
1432 2297 1719 2368 praeputia-

114 2407 223 2463 tus,
257 2412 332 2451 an
379 2410 500 2451 cum
543 2393 895 2450 circumcisus
938 2400 1104 2447 esset.
1159 2389 1297 2445 Cum
1348 2390 1718 2459 prmputiatus,

115 2488 318 2558 inquit.
349 2485 433 2542 lO.
468 2484 735 2553 Quomodo
764 2499 882 2554 ergo
910 2490 1201 2553 reputatum
1240 2490 1313 2536 est
1334 2480 1382 2535 ei
1402 2480 1427 2534 .’
1449 2479 1719 2534 circumci-

116 2595 248 2634 sorte
281 2594 351 2631 an
382 2576 688 2647 prwputiato
708 2575 734 2629 i
756 2572 879 2628 Non
904 2573 1228 2639 circumciso,
1256 2572 1347 2627 sed
1374 2571 1678 2641 prwputiato
1695 2584 1721 2638 _:

120 2669 343 2723 dicimus
393 2669 527 2722 enim
550 2707 567 2734 ,
594 2665 731 2738 quod
756 2667 1008 2734 imputata
1036 2674 1110 2720 est
1150 2663 1369 2727 Abralin:
1400 2662 1528 2732 ﬁdes
1551 2663 1607 2715 in
1627 2663 1721 2732 ju-

119 2762 340 2814 stitiam.
386 2758 643 2828 Superius
672 2772 735 2811 ex
770 2756 1049 2825 Scriptura
1092 2755 1346 2824 loquutus
1379 2754 1397 2824 (
1424 2754 1559 2819 Quid
1589 2754 1725 2808 enim

120 2852 191 2904 ait
216 2850 491 2920 Scriptura
510 2850 537 2903 1'
556 2847 717 2903 dicit:
742 2845 968 2903 Credidit
996 2846 1253 2901 Abraham
1282 2845 1415 2914 Deo,
1445 2857 1491 2901 et
1514 2856 1723 2916 reputa-

125 2955 233 2996 tum
263 2951 338 2996 est
362 2941 443 2995 illi
467 2942 519 2994 in
545 2939 877 3013 justitiam),
907 2938 995 2993 hic
1032 2939 1363 3009 loquentium
1390 2953 1605 3009 quoque
1631 2938 1723 3007 ju-

125 3034 327 3088 dicium
364 3032 610 3098 assumit,
657 3041 713 3086 et
761 3030 1000 3086 ostendit
1049 3030 1102 3084 in
1143 3029 1409 3100 prteputio
1459 3029 1727 3099 justitiam

127 3130 423 3185 exstitisse.
457 3126 659 3183 Deinde
691 3127 819 3182 hinc
859 3126 1219 3197 objectionem
1262 3126 1422 3179 aliam
1453 3125 1729 3196 insurgen-

133 3234 240 3278 tem
267 3224 431 3278 solvit
460 3240 473 3276 :
505 3222 562 3278 Si
590 3222 737 3277 enim
769 3220 1119 3291 prmputiatus
1152 3233 1277 3274 cum
1317 3227 1483 3283 esset,
1518 3217 1728 3288 inquit,

130 3314 454 3384 iustificatus
508 3319 630 3378 est,
677 3326 774 3366 cur
821 3309 1162 3367 circumcisio
1214 3309 1547 3379 introgressa
1610 3307 1733 3363 εειῖ

137 3408 222 3459 ll.
248 3405 469 3474 Signum
491 3403 703 3473 accepit,
728 3401 919 3471 inquit,
946 3411 992 3455 et
1018 3400 1585 3470 siguaculumjustitiw,
1616 3414 1729 3468 qua:

137 3508 213 3552 est
238 3514 332 3568 per
355 3497 531 3565 ﬁdem,
572 3509 686 3564 quae
713 3510 827 3547 cum
873 3493 1206 3563 praeputium
1233 3499 1379 3559 esset,
1424 3492 1586 3545 inerat
1614 3490 1735 3559 ipsi.

145 3587 389 3643 Vidistiu’
418 3595 474 3640 ut
503 3585 799 3640 ostenderit
822 3583 1038 3639 Judzeos
1083 3583 1236 3654 quasi
1275 3583 1328 3637 in
1376 3582 1735 3653 parasitorum

142 3678 332 3735 ordine
391 3692 533 3743 csse,
584 3675 665 3731 vel
717 3676 864 3745 ipsos
920 3674 1271 3745 prmputiatos
1321 3674 1451 3743 ipsis
1498 3672 1739 3743 adjectus

144 3769 354 3825 fuisse?
401 3768 456 3824 Si
499 3767 643 3822 enim
673 3767 761 3821 ille
808 3766 1154 3835 praeputiatus
1200 3764 1520 3833 justilicatus
1558 3772 1641 3818 est
1687 3772 1742 3819 et

144 3872 456 3929 coronatus,
480 3870 773 3931 posteaque
799 3858 1263 3914 circumcisionem
1288 3857 1513 3927 accepit,
1534 3866 1741 3926 postre-

148 3970 340 4027 moque
368 3952 543 4009 Judaei
576 3950 891 4021 introgressi
934 3959 1061 4005 sunt
1089 3966 1102 4002 :
1133 3963 1261 4020 ergo
1293 3949 1739 4019 praeputiatorum

152 4049 322 4117 primo
355 4055 505 4116 pater
532 4054 619 4100 est.
646 4042 915 4097 Abraham
939 4081 953 4105 ,
1001 4057 1211 4106 eorum,
1244 4042 1505 4110 inquam,
1527 4040 1616 4109 qui
1649 4054 1746 4107 per

154 4139 313 4193 tidem
342 4135 557 4207 cognati
583 4134 702 4205 ejus
728 4141 855 4189 sunt
880 4175 894 4198 ,
921 4139 978 4188 et
1006 4142 1131 4186 tunc
1160 4146 1347 4187 eorum
1372 4173 1387 4197 ,
1420 4131 1509 4201 qui
1539 4130 1594 4184 in
1640 4131 1747 4184 circ

156 4229 482 4285 cumcisione
511 4235 665 4282 erant
696 4243 709 4279 :
737 4224 931 4296 duplex
961 4224 1105 4280 enim
1131 4232 1213 4279 est
1238 4223 1565 4293 progenitor.
1598 4222 1747 4277 Vidi-

157 4320 278 4375 stin‘
307 4319 468 4375 lidem
508 4316 917 4387 splendentem?
957 4316 1137 4370 Donec
1181 4315 1327 4369 enim
1361 4314 1448 4367 illa
1494 4314 1745 4380 accessit,

162 4410 464 4481 patriarcha
508 4410 602 4465 ille
632 4424 736 4463 non
758 4406 1085 4478 justilicatus
1115 4416 1218 4462 est.
1248 4405 1495 4461 Vidistin‘
1529 4422 1745 4477 prmpu-

164 4506 289 4559 tium
312 4501 754 4574 impedimentum
785 4515 889 4555 non
918 4500 1152 4555 allerre?
1176 4499 1308 4555 Nam
1342 4501 1431 4554 ille
1463 4500 1749 4568 praeputia-

164 4606 245 4651 tus
270 4604 411 4662 erat,
438 4610 538 4651 nec
565 4594 845 4665 impedivit
870 4592 999 4647 illud
1028 4593 1314 4663 quominus
1341 4592 1748 4662 justilicaretur.

166 4689 291 4744 Fide
314 4703 447 4758 ergo
476 4680 742 4758 posterior
770 4694 855 4740 est
892 4684 1249 4740 circumcisio.

231 4780 285 4835 5.
318 4780 384 4833 Et
405 4777 532 4849 quid
559 4777 795 4843 miraris,
814 4776 857 4831 si
886 4776 992 4833 lide
1016 4777 1282 4846 pOStcrior
1304 4776 1371 4830 sit
1392 4776 1751 4843 circumcisio,

172 4868 383 4938 quando
410 4878 465 4923 et
494 4869 755 4938 prwputio
797 4867 1055 4937 quoque?
1099 4866 1207 4921 Nec
1252 4866 1519 4937 posterior
1550 4875 1753 4921 tantum

169 4970 246 5014 est
270 4959 395 5026 lide,
425 4960 520 5014 sed
542 4961 701 5013 etiam
734 4958 1023 5037 admodum
1053 4959 1276 5015 inferior
1299 5000 1313 5023 ,
1346 4969 1401 5014 et
1430 4968 1579 5014 tanto
1607 4959 1749 5015 inle-

171 5053 293 5119 rior,
314 5060 518 5122 quanto
546 5051 756 5119 signum
788 5066 846 5105 re
873 5052 1171 5121 signiﬁcata
1199 5051 1421 5106 inferius
1448 5061 1530 5106 est
1559 5070 1571 5107 :
1606 5053 1757 5107 verbi

170 5142 355 5209 gratia,
388 5150 589 5213 quanto
612 5142 817 5211 insigne
841 5142 1026 5196 militis
1056 5141 1279 5197 inferius
1306 5152 1386 5197 est
1412 5142 1599 5197 milite.
1626 5142 1757 5211 Cur,

174 5231 395 5301 inquies,
426 5233 701 5303 signaculo
727 5232 956 5303 egebat?
988 5232 1106 5288 Non
1129 5235 1241 5304 ipse
1266 5234 1477 5304 egebat.
1505 5234 1613 5289 Cur
1631 5251 1760 5305 ergo

176 5321 302 5377 illud
344 5323 601 5394 accepit?
630 5323 701 5380 Ut
725 5336 870 5379 esset
900 5336 1055 5395 pater
1099 5329 1398 5381 conununis
1425 5328 1760 5383 credentium

177 5428 267 5483 per
291 5418 631 5487 praeputium,
661 5426 925 5474 eteorum
948 5421 1035 5489 qui
1067 5420 1119 5474 in
1138 5421 1547 5476 circumcisione
1573 5432 1759 5490 erant;

179 5507 266 5563 sed
307 5525 411 5564 non
452 5513 767 5582 simpliciter
819 5528 1035 5582 eorum,
1078 5516 1168 5585 qui
1220 5517 1271 5569 in
1313 5518 1761 5586 circumcisione;

182 5603 297 5657 ideo
323 5604 613 5676 subiungit,
648 5606 769 5661 Non
796 5609 859 5662 iis
888 5618 1085 5662 tantum
1104 5652 1118 5676 ,
1151 5612 1236 5681 qui
1262 5628 1324 5665 ea:
1355 5612 1759 5668 circumcisione.

185 5692 239 5748 Si
265 5698 401 5751 enim
431 5700 867 5769 praeputiatoruut
896 5744 910 5769 ,
941 5718 1046 5757 non
1076 5707 1199 5774 quia
1233 5708 1582 5776 prmputiatus
1624 5717 1761 5774 erat,

188 5785 300 5842 ideo
328 5802 472 5858 pater
496 5800 603 5858 est,
635 5793 734 5845 etsi
759 5793 811 5846 in
847 5797 1104 5864 przt‘pulio
1123 5797 1446 5865 justilicatus
1470 5841 1484 5865 ,
1523 5800 1616 5851 sed
1642 5802 1761 5868 quia

192 5879 259 5933 illi
306 5881 457 5939 fidem
484 5885 605 5956 ejus
635 5894 759 5942 sunt
785 5886 1018 5941 aemulati
1056 5907 1068 5943 :
1104 5891 1271 5945 multo
1320 5890 1494 5946 minus
1525 5894 1754 5946 circnm-

507 5996 775 6056 PA'rnor.,
830 5998 937 6053 (ζει,
1002 6000 1123 6057 IX.

1200 456 1265 512 ΙΝ
1308 453 1524 510 Εριδτ.
1572 453 1662 508 ΑΟ
1704 449 1867 506 ΠΟΜ.
1911 448 2146 506 HOMIL.
2196 447 2328 504 \‘lll.

3306 443 3410 497 4ὺὸ

1810 561 2071 629 cisorum,
2122 562 2248 615 licet
2277 556 2628 614 circumcisus
2660 556 2763 622 sit,
2797 554 3109 625 progenitor
3138 555 3261 618 erit,
3304 557 3406 610 nisi

1811 652 1942 708 lides
1956 652 2266 708 accesserit.
2296 649 2776 705 Circumcisionem
2795 648 2938 702 enim
2960 647 3189 717 accepit,
3214 647 3408 718 inquit,

1810 752 1867 798 ut
1898 744 2112 814 utrique
2141 743 2291 798 illum
2321 741 2649 797 haberemus
2674 738 3102 809 progenitoretn,
3136 752 3236 793 nec
3263 755 3404 808 pra:-

1810 834 1995 903 putiati
2051 833 2404 889 circumcisus
2460 832 2755 902 expellant.
2815 830 2949 885 Vide
2996 833 3273 901 quomodo
3332 831 3409 886 illi

1810 929 1982 999 ipsum
2031 927 2429 999 progenitorem
2461 926 2618 997 primi
2647 923 2955 979 habuerint.
3005 926 3060 980 Si
3106 934 3288 980 autem
3319 941 3416 980 ve-

1810 1019 2049 1075 neranda
2071 1018 2417 1076 circumcisio
2441 1027 2546 1083 est,
2576 1016 2699 1087 quia
2715 1016 2978 1087 justitiam
3000 1016 3277 1087 praedicat,
3304 1031 3419 1070 non

1813 1126 2032 1181 parvam
2080 1110 2400 1181 praeputium
2429 1108 2841 1179 prterogativam
2874 1107 3080 1171 habet,
3114 1107 3259 1177 quod
3290 1116 3424 1162 ante

1813 1204 2281 1260 circumcisionem
2310 1202 2581 1273 acceperit
2610 1202 2793 1257 fidem.
2826 1201 2981 1256 Tune
3027 1202 3177 1256 illum
3212 1202 3419 1272 poteris

1817 1295 2213 1365 progenitoretu
2243 1293 2445 1349 habere
2473 1334 2488 1360 ,
2520 1308 2642 1349 cum
2676 1293 2726 1347 in
2754 1291 2877 1347 fidei
2910 1292 3149 1364 vestigiis
3178 1293 3419 1357 incedcs,

1816 1399 1990 1455 neque
2031 1385 2329 1441 contendes
2378 1384 2464 1440 vcl
2498 1381 2910 1440 tumultuaberis
2958 1384 3133 1456 legem
3168 1383 3417 1439 introdu-

1813 1489 1961 1530 cens.
1993 1475 2189 1543 Quam,
2242 1490 2449 1546 quaso,
2499 1474 2660 1530 lldem
2706 1474 2886 1532 dicis?
2917 1476 3005 1532 12.
3062 1475 3190 1543 Qua:
3246 1486 3320 1530 est
3366 1476 3422 1530 in

1817 1569 2086 1639 prwputio.
2118 1568 2327 1624 Rursus
2355 1567 2664 1624 Judacorum
2690 1566 2884 1624 fastum
2910 1569 3175 1639 reprimit,
3202 1568 3426 1639 justitia:

1823 1668 2033 1728 tempus
2063 1658 2116 1713 in
2146 1659 2463 1713 memoriam
2496 1673 2778 1714 revocans.
2800 1658 2866 1713 Et
2892 1658 3031 1715 bene
3052 1658 3209 1725 dixit,
3250 1656 3420 1713 Vesti-

1816 1749 1934 1819 giii,
1968 1757 2028 1803 ut
2062 1748 2287 1819 perinde
2334 1758 2495 1820 atque
2524 1749 2614 1804 ille
2652 1748 2847 1804 credas
2873 1748 2927 1804 in
2957 1750 3419 1806 resurrectionem

1816 1856 2101 1911 corporum
2140 1850 2499 1898 mortuorum.
2545 1842 2759 1899 Etenim
2815 1842 2908 1899 ille
2937 1843 3079 1898 circa
3126 1842 3268 1898 hanc
3306 1856 3421 1898 rem

1821 1933 1981 1988 tidem
2037 1934 2303 1990 exhibuit.
2360 1933 2547 2004 Itaque
2598 1934 2645 1989 si
2698 1935 3019 2004 praeputium
3051 1933 3225 2005 ejicis,
3276 1933 3428 1989 disco

1819 2024 1965 2079 clare
1998 2064 2012 2089 ,
2042 2023 2178 2078 nihil
2210 2024 2306 2080 tibi
2333 2040 2401 2081 ex
2425 2026 2841 2081 circumcisione
2872 2026 3117 2081 utilitatis
3140 2025 3426 2082 accedere.

1821 2116 1930 2170 Nisi
1962 2118 2105 2172 enim
2134 2116 2257 2172 fidei
2300 2117 2538 2190 vestigiis
2571 2118 2786 2173 insistas
2813 2160 2827 2184 ,
2862 2119 3073 2173 etiamsi
3102 2118 3299 2174 millies
3324 2119 3433 2173 cir-

1820 2210 2092 2265 cumcisus
2107 2224 2278 2276 esses,
2304 2226 2410 2265 non
2452 2224 2602 2267 esses
2630 2225 2699 2265 ex
2738 2209 2970 2266 Abrahae.
2993 2211 3117 2266 liliis
3141 2231 3153 2265 :
3182 2211 3430 2281 quando-

1821 2303 2038 2372 quidem
2069 2302 2192 2359 ideo
2223 2303 2313 2358 ille
2342 2304 2813 2360 circumcisionem
2837 2305 3083 2374 accepit,
3112 2320 3180 2360 ne
3206 2314 3259 2360 te
3290 2322 3432 2375 prte-

1824 2395 2060 2463 putiatus
2086 2393 2330 2463 ejiceret.
2361 2393 2440 2449 Ne
2485 2402 2539 2449 tu
2578 2403 2805 2464 'quoque
2853 2393 2905 2449 id
2955 2394 3023 2449 ab
3074 2394 3165 2450 illo
3194 2394 3431 2464 exigas:
3500 2423 3504 2426 ⁶

1826 2483 1878 2537 id
1923 2484 2071 2538 enim
2113 2484 2208 2538 tibi
2256 2484 2457 2539 auxilio
2494 2482 2616 2551 fuit,
2674 2499 2779 2537 non
2836 2484 2913 2539 illi
2956 2485 3082 2540 erit.
3131 2484 3237 2540 Sed
3279 2486 3433 2552 illud,

1825 2575 1998 2646 inquit
2026 2617 2038 2639 ,
2071 2576 2281 2646 signum
2305 2575 2529 2646 justitia:
2554 2585 2657 2632 cst.
2693 2576 2760 2631 Et
2790 2574 2894 2629 hoc
2924 2583 3142 2645 propter
3165 2584 3237 2639 te,
3265 2590 3431 2646 quatt-

1826 2667 2113 2738 doquidem
2147 2682 2291 2723 nunc
2323 2683 2499 2738 neque
2527 2666 2631 2722 hoc
2656 2677 2741 2723 est
2767 2684 2779 2721 :
2808 2675 2939 2722 tunc
2980 2667 3127 2723 enim
3157 2676 3212 2721 ιιι
3242 2681 3438 2738 corpo-

1828 2759 1939 2816 reis
1966 2760 2246 2830 indigebas
2276 2760 2481 2831 signis;
2516 2774 2662 2814 nunc
2688 2774 2793 2814 non
2822 2774 2960 2829 opus
2982 2758 3089 2815 illis
3111 2768 3215 2815 est.
3241 2758 3378 2813 Num
3406 2775 3438 2815 a

1828 2850 1969 2917 lide,
2017 2852 2264 2923 inquies,
2312 2860 2523 2923 poterat
2552 2851 2672 2920 ejus
2719 2851 2913 2905 animae
2963 2850 3133 2907 virtus
3177 2852 3441 2922 agnosci!

1831 2947 2049 3001 Poterat
2074 2946 2278 3016 utique,
2309 2946 2402 3000 sed
2434 2954 2489 2999 tu
2514 2945 2715 3015 egebas
2752 2943 2857 2999 hoc
2886 2943 3279 2999 additamento.
3303 2944 3440 3013 Quia

1830 3039 1973 3095 enim
2002 3039 2198 3092 anima:
2242 3037 2503 3092 virtutem
2536 3051 2644 3091 non
2671 3037 2958 3092 :rmulatus
2985 3051 3045 3091 es
3065 3078 3080 3102 ,
3114 3052 3214 3092 nec
3256 3037 3442 3091 videre

1835 3130 2075 3200 potuisti,
2098 3130 2221 3183 data
2252 3137 2333 3183 est
2370 3129 2468 3183 tibi
2496 3129 2770 3183 sensibilis
2808 3128 3174 3195 circumcisio,
3205 3139 3262 3183 ut
3297 3138 3446 3198 post-

1834 3236 1991 3291 quam
2017 3221 2068 3275 in
2104 3221 2208 3276 hac
2237 3236 2297 3275 re
2325 3234 2589 3290 corporea
2621 3220 2949 3275 exercitatus
2976 3235 3149 3287 esses,
3183 3221 3443 3291 paulatim

1836 3312 1902 3367 ad
1953 3312 2117 3367 animi
2170 3312 2571 3382 philosophiam
2621 3312 2924 3378 dueereris,
2973 3321 3134 3383 atque
3183 3314 3271 3368 illa
3320 3330 3446 3369 cum

1838 3402 2016 3457 studio
2044 3418 2239 3472 magno
2269 3412 2516 3472 excepta,
2548 3412 2607 3457 ut
2638 3404 2868 3458 maxima
2902 3403 3185 3475 dignitate,
3217 3404 3447 3462 docere-

1839 3496 1914 3549 ris
1966 3494 2161 3548 imitari
2202 3502 2258 3549 et
2284 3495 2529 3549 venerari
2562 3496 2987 3565 progenitorem.
3032 3495 3197 3565 quue
3239 3512 3345 3551 non
3393 3496 3448 3552 in

1839 3585 2256 3639 circumcisione
2288 3584 2449 3639 modo
2479 3585 2619 3639 Deus
2650 3585 2904 3651 instituit,
2933 3586 3031 3641 sed
3061 3587 3226 3641 etiam
3248 3587 3299 3640 in
3326 3588 3447 3643 aliis

1842 3682 2114 3745 omnibus,
2149 3690 2205 3733 ut
2229 3681 2282 3734 in
2313 3680 2620 3746 sacrificiis,
2651 3680 2702 3733 in
2730 3678 2973 3735 sabbatis
3000 3688 3053 3735 et
3083 3678 3255 3734 festis.
3286 3680 3443 3748 Quod

1843 3782 2020 3826 autem
2054 3782 2271 3843 pmpter
2302 3780 2353 3825 te
2392 3771 2861 3827 circumcisionem
2911 3773 3205 3841 acceperit,
3237 3772 3361 3828 audi
3392 3775 3446 3829 in

1845 3864 2194 3934 sequentibus
2225 3883 2237 3917 :
2265 3880 2384 3918 eum
2412 3863 2646 3919 dixisset
2688 3866 2833 3918 enim
2862 3865 3037 3935 ipsum
3067 3864 3343 3934 accepisse
3372 3867 3449 3919 si-

1846 3972 2007 4027 gnum
2036 3966 2090 4011 et
2110 3956 2462 4026 signaculum,
2483 3970 2699 4009 causam
2726 3956 2965 4024 apponit,
2991 3955 3179 4011 dicens
3206 3974 3225 4013 :
3260 3955 3328 4011 Ut
3346 3958 3456 4027 ipse

1849 4061 1976 4103 esset
2004 4061 2147 4119 pater
2167 4048 2588 4114 circumcisionis,
2615 4049 2679 4102 iis
2710 4048 2802 4116 qui
2833 4047 2979 4101 illam
3003 4048 3335 4116 spiritualem
3360 4064 3457 4104 as-

1850 4153 2097 4199 sumunt:
2146 4142 2190 4196 si
2231 4141 2375 4197 enim
2427 4142 2567 4195 hanc
2607 4140 2781 4196 solum
2842 4141 3115 4206 habueris,
3174 4140 3309 4196 nihil
3360 4143 3456 4198 tibi

1851 4235 1971 4305 plus
1999 4234 2237 4289 accedet.
2272 4232 2404 4287 Nam
2454 4243 2582 4288 tunc
2621 4233 2835 4303 signum
2873 4243 2957 4287 est
2981 4275 2995 4297 ,
3028 4248 3150 4289 cum
3193 4234 3307 4304 ipsa
3366 4250 3459 4289 res

1853 4326 2005 4395 cujus
2030 4334 2113 4381 est
2142 4326 2353 4395 signum
2381 4366 2396 4392 ,
2426 4322 2567 4395 apud
2597 4333 2649 4379 te
2675 4324 3005 4393 consliicitur
3033 4367 3047 4392 ,
3090 4323 3141 4379 id
3170 4334 3253 4379 est
3284 4324 3453 4389 fides;

1855 4416 1928 4471 ita
1957 4425 2014 4471 ut
2034 4416 2076 4471 si
2107 4416 2245 4472 hanc
2271 4431 2375 4470 non
2401 4415 2623 4481 habeas,
2657 4416 2867 4486 signum
2898 4430 3006 4471 non
3039 4417 3205 4486 possit
3233 4417 3462 4471 ulterius

1858 4511 2065 4580 signum
2091 4525 2231 4565 esse.
2259 4509 2423 4579 Cujus
2450 4510 2594 4563 enim
2620 4510 2723 4563 erit
2745 4508 3001 4579 signum?
3030 4509 3180 4578 cujus
3208 4510 3446 4579 signacu-

1860 4603 1995 4670 lum,
2018 4618 2141 4657 cum
2172 4618 2279 4657 non
2307 4603 2377 4656 sit
2404 4602 2499 4672 qui
2529 4600 2845 4671 obsignetur
2865 4602 2889 4655 ’ἶ
2908 4616 2972 4655 ac
3002 4600 3045 4655 si
3078 4600 3233 4677 nobis
3252 4617 3461 4657 marsu-

1858 4696 2004 4765 pium
2033 4694 2349 4749 ostenderes
2391 4694 2548 4764 signo
2579 4694 2842 4748 munitum
2867 4735 2881 4759 ,
2914 4693 2966 4746 in
2990 4708 3095 4763 quo
3126 4695 3257 4748 nihil
3290 4705 3457 4750 esset.

1860 4788 2043 4856 itaque
2075 4786 2301 4841 ridicula
2330 4785 2674 4841 circumcisio
2701 4794 2785 4840 est
2811 4826 2826 4851 ,
2857 4799 2980 4839 cum
3010 4786 3141 4841 fides
3182 4787 3321 4841 intus
3354 4804 3459 4842 non

1863 4882 2109 4937 habetur.
2142 4880 2198 4935 Si
2220 4880 2364 4934 enim
2392 4880 2465 4933 sit
2485 4879 2710 4949 justitite
2730 4878 2943 4949 signum
2975 4887 3031 4933 et
3053 4879 3317 4948 justitiam
3352 4894 3459 4933 non

1865 4976 2065 5031 habeas
2091 5018 2107 5040 ,
2138 4989 2312 5045 neque
2344 4973 2554 5043 signum
2586 4971 2777 5027 habes.
2823 4970 2948 5025 Ideo
2975 4986 3211 5042 namque
3251 4972 3464 5043 signum

1864 5067 2160 5136 accepisti,
2216 5074 2273 5119 ut
2342 5080 2455 5119 rem
2513 5077 2829 5133 quaereres,
2882 5062 3035 5132 cujus
3102 5063 3316 5132 signum
3370 5064 3470 5117 ha-

1865 5162 1961 5216 bes
2015 5177 2028 5213 :
2064 5160 2133 5213 ita
2162 5167 2219 5213 ut
2246 5157 2291 5214 si
2322 5158 2533 5227 signum
2585 5157 2702 5211 sine
2742 5170 2801 5210 re
2827 5156 3176 5226 exquireres,
3220 5172 3328 5210 non
3375 5158 3469 5212 illo

1866 5267 2001 5321 opus
2047 5250 2296 5305 haberes.
2346 5248 2699 5307 Circumcisio
2747 5261 2925 5303 autem
2968 5262 3075 5302 non
3124 5248 3285 5302 modo
3310 5249 3472 5317 justi-

1869 5345 1995 5399 tiam
2044 5343 2320 5413 prtedicat,
2370 5342 2463 5397 sed
2507 5342 2669 5396 etiam
2703 5340 2967 5410 justitiam
3018 5341 3187 5402 illam,
3240 5355 3361 5409 qute
3412 5342 3464 5394 in

1870 5434 2130 5505 prmputio
2158 5444 2260 5488 est.
2284 5432 2427 5487 Nihil
2458 5432 2603 5487 aliud
2633 5448 2761 5502 ergo
2788 5432 3129 5487 circumcrsio
3168 5431 3424 5502 prazdicat
3448 5472 3467 5497 ,

1870 5540 2027 5594 quam
2057 5524 2197 5594 quod
2232 5539 2337 5577 non
2377 5537 2513 5592 opus
2541 5522 2612 5577 sit
2649 5522 3084 5577 circumcisione.
3119 5522 3207 5577 M.
3243 5520 3303 5575 Si
3337 5523 3471 5576 enim

1871 5620 1928 5684 ii,
1959 5620 2044 5689 qui
2084 5635 2145 5673 cro
2177 5618 2303 5688 lege,
2334 5618 2541 5671 heredes
2587 5626 2727 5684 sunt,
2757 5618 3016 5671 exinanita
3046 5626 3120 5670 est
3160 5617 3318 5685 ﬁdes,
3344 5618 3473 5670 abo-

1874 5713 1964 5765 lita
2022 5722 2093 5764 est
2142 5711 2431 5779 promissio.
2478 5710 2728 5763 Ostendit
2763 5710 3118 5763 necessariam
3156 5724 3279 5763 esse
3313 5708 3475 5763 fidem

1872 5804 2282 5860 circumcisione
2310 5805 2662 5859 vetustiorem
2685 5846 2699 5871 ,
2730 5803 3007 5857 fortiorem
3033 5804 3149 5872 lege
3173 5843 3188 5867 ,
3217 5802 3359 5872 quod
3390 5803 3470 5857 le-

1870 5916 1988 5969 gt'ltl
2023 5899 2275 5953 stabiliat.
2308 5898 2361 5954 Si
2386 5898 2529 5953 enim
2564 5914 2751 5955 omnes
2785 5913 3097 5969 peccavere,
3131 5899 3472 5959 necessaria,

3079 5996 3157 6057 ‘29
