4108 6340
690 470 798 526 559

692 564 735 616 si
770 560 856 614 ille
884 552 1230 626 prmputiatns
1269 547 1588 619 justiﬁeatus
1633 551 1714 596 est
1737 581 1752 606 ,
1781 539 2040 594 vetustior
2069 545 2186 598 est;
2217 533 2261 586 si

693 669 786 719 pi‘l'
815 624 983 719 legem
1015 643 1249 714 cognitio
1277 639 1500 712 peccati,
1533 636 1649 689 sine
1674 634 1791 703 lege
1818 642 1994 685 autem
2037 624 2262 682 manife-

691 716 824 794 stata
851 716 951 802 est,
985 736 1200 800 fortior;
1237 733 1280 786 si
1316 730 1446 800 legis
1478 724 1784 781 testimonio
1812 722 2065 792 probatur
2094 725 2146 773 et
2183 716 2262 771 Ec.-

693 846 811 897 gem
844 828 1016 881 ﬁrmat
1043 867 1059 892 ,
1102 839 1205 878 non
1238 817 1536 876 adversaria
1565 857 1579 882 ,
1615 813 1708 868 sed
1739 812 1907 867 amica
1940 819 1993 864 et
2020 807 2164 863 socia
2209 803 2262 859 in

704 920 866 974 bello.
889 915 1135 973 Ostendit
1154 915 1340 967 iterum
1363 916 1412 964 et
1437 904 1652 961 aliunde
1676 918 1780 958 non
1801 914 1960 972 posse
1974 913 2067 967 per
2093 897 2263 966 legem

693 1011 1040 1066 hereditatem
1070 1006 1236 1075 accipi
1271 1021 1285 1057 :
1313 1013 1542 1071 cumque
1567 1002 1928 1067 comparasset
1968 993 2110 1047 illam
2142 1003 2262 1044 cum

691 1103 1116 1164 circumcisione,
1165 1111 1229 1150 ac
1282 1093 1560 1148 victoriam
1610 1093 1969 1158 reportasset,
2021 1080 2264 1136 eamdem

692 1208 875 1246 rursus
906 1190 1004 1259 legi
1028 1186 1266 1258 opponit,
1313 1184 1391 1239 sic
1439 1182 1682 1252 inquiens
1726 1195 1740 1232 :
1793 1176 1854 1232 Si
1884 1175 2035 1239 enim,
2076 1172 2162 1241 qui
2204 1187 2266 1224 ea:

693 1283 818 1356 iege,
863 1289 978 1334 sunt
1007 1277 1212 1330 heredes
1238 1315 1252 1339 ,
1283 1272 1544 1328 exinanita
1577 1280 1648 1325 est
1677 1269 1824 1338 ﬁdes.
1862 1263 1938 1320 Ne
1978 1263 2094 1332 quis
2122 1261 2264 1316 enim

690 1372 830 1426 dicat
858 1369 968 1424 ﬁeri
1001 1381 1180 1437 ροξςεο,
1227 1375 1285 1420 ut
1311 1365 1430 1434 quis
1463 1362 1618 1416 ﬁdem
1649 1359 1844 1414 habeat
1873 1365 1925 1411 et
1952 1357 2124 1425 legem
2151 1368 2266 1406 ser-

693 1475 810 1528 vet;
840 1461 1170 1517 demonstrat
1195 1455 1521 1528 impossibile
1549 1452 1676 1508 illud
1699 1465 1837 1506 esse.
1867 1447 1966 1516 Qui
1991 1447 2131 1502 enim
2161 1443 2262 1513 legi

693 1555 952 1617 adhmret,
983 1551 1133 1622 quasi
1161 1565 1223 1605 ea
1255 1548 1484 1604 salutem
1504 1544 1709 1608 afferat,
1743 1543 1786 1596 is
1813 1541 1919 1594 vim
1950 1537 2071 1592 ﬁdei
2100 1535 2270 1592 deho-

696 1651 888 1700 nestat.
920 1642 1043 1697 Ideo
1067 1642 1142 1694 ait
1173 1657 1186 1693 :
1222 1637 1500 1692 Exinanila
1526 1643 1598 1688 est
1640 1632 1805 1701 ﬁdes;
1832 1629 1885 1683 id
1912 1637 2017 1693 est,
2047 1642 2154 1681 non
2184 1633 2268 1678 est

697 1751 833 1808 opus
860 1735 1051 1799 salute,
1080 1747 1199 1802 qua:
1223 1744 1317 1799 per
1345 1726 1571 1798 gratiam
1593 1724 1898 1780 obtinetur:
1927 1734 2098 1791 neque
2126 1719 2265 1772 enim

695 1836 867 1898 potest
911 1826 995 1880 illa
1030 1825 1134 1878 vim
1182 1836 1329 1877 suam
1359 1817 1641 1875 ostendere
1670 1832 1684 1881 ;
1716 1825 1767 1871 et
1797 1814 1990 1869 abolita
2022 1821 2105 1866 est
2140 1825 2266 1880 pro-

693 1921 895 1975 missio.
939 1917 1143 1972 Etenim
1176 1913 1392 1969 Judasus
1418 1910 1643 1966 fortasse
1668 1908 1862 1963 dixerit
1913 1925 1925 1960 :
1963 1904 2098 1973 Quid
2132 1902 2263 1957 mihi

695 2026 830 2081 opus
855 2019 934 2064 est
963 2008 1064 2063 ﬁde
1086 2007 1110 2058 τ
1132 2005 1273 2074 Ergo
1298 2005 1342 2058 si
1375 2003 1477 2057 hoc
1505 2015 1690 2056 verum
1715 2007 1817 2064 est,
1846 2013 1966 2051 cum
2001 1995 2121 2060 ﬁde,
2151 2007 2270 2062 qua:

695 2102 760 2157 ad
790 2098 1193 2172 promissionem
1231 2101 1497 2163 spectant,
1529 2090 1740 2144 sublata
1768 2095 1912 2142 sunt.

761 2195 814 2248 4.
849 2192 981 2247 Vide
1007 2191 1141 2244 utin
1166 2186 1414 2243 omnibus
1444 2182 1691 2239 ostendat
1732 2180 1850 2234 illos
1894 2193 1921 2230 a
1967 2174 2268 2245 patriarcha

694 2286 760 2338 ab
787 2284 937 2339 initio
959 2279 1278 2352 impugnari.
1309 2275 1440 2332 Cum
1480 2273 1804 2330 ostendisset
1831 2269 1972 2324 enim
2011 2266 2270 2338 justitiam

696 2379 818 2435 ﬁdei
858 2383 1164 2432 consortem
1215 2385 1372 2434 esse;
1425 2369 1535 2438 jam
1585 2359 1819 2420 declarat
1865 2360 2269 2431 promissionem

695 2469 938 2524 similiter
967 2481 1027 2521 se
1059 2465 1275 2519 habere.
1322 2461 1400 2515 Ne
1427 2459 1627 2514 diceret
1660 2456 1800 2509 enim
1840 2453 2092 2515 Iudaeus;
2135 2448 2269 2516 Quid

694 2575 808 2614 mea
840 2559 1081 2621 interest,
1128 2553 1172 2608 si
1204 2551 1470 2607 Abraham
1518 2564 1582 2602 ex
1631 2546 1735 2600 ﬁde
1785 2543 2102 2614 justiﬁcatus
2147 2539 2270 2594 est?

692 2653 820 2708 dicit
847 2649 1060 2712 Paulus,
1095 2660 1163 2700 ne
1195 2643 1246 2698 id
1285 2642 1518 2713 quidem,
1542 2638 1682 2709 quod
1710 2635 1776 2690 ad
1806 2644 1855 2689 te
1886 2633 2116 2688 maxime
2148 2645 2270 2699 per-

695 2744 850 2804 tinet,
905 2753 1096 2806 nempe
1141 2733 1551 2806 promissionem
1594 2725 1925 2788 hereditatis,
1967 2733 2120 2792 posse
2157 2719 2273 2774 sine

695 2835 781 2886 illa
815 2831 880 2886 ad
911 2844 1047 2899 opus
1070 2827 1190 2881 duci
1222 2843 1234 2881 :
1266 2823 1406 2894 quod
1439 2822 1668 2876 maxime
1701 2818 1806 2872 illis
1835 2817 2080 2870 timorem
2113 2812 2268 2866 incu-

698 2925 776 2978 tit.
807 2921 974 2989 Quam
997 2961 1012 2987 ,
1046 2917 1275 2987 inquies,
1328 2909 1777 2983 promissionem?
1803 2907 1869 2962 Ut
1899 2904 2082 2959 mundi
2114 2902 2271 2956 heres

693 3017 782 3080 sit,
813 3023 868 3068 et
895 3013 946 3065 in
976 3011 1066 3065 illo
1092 3023 1279 3063 omnes
1311 3001 1714 3060 benedicantur.
1755 3000 1821 3055 Et
1849 2996 2116 3068 quomodo
2143 2995 2272 3048 abo-

694 3106 784 3160 lita
816 3105 884 3158 sit
916 3103 1002 3156 illa
1031 3099 1332 3171 promissio,
1359 3095 1488 3150 dicit
1517 3112 1529 3147 :
1562 3094 1648 3149 l5.
1698 3092 1831 3158 Quia
1868 3107 1958 3143 rea:
1985 3090 2114 3142 iram
2145 3102 2269 3158 ape-

692 3205 836 3250 ratur
863 3211 879 3248 .'
901 3196 1046 3263 cujus
1072 3192 1204 3245 enim
1224 3191 1305 3243 lea:
1321 3205 1419 3241 non
1445 3196 1538 3250 est,
1563 3184 1719 3252 hujus
1740 3199 1897 3251 neque
1917 3178 2268 3250 transgressio.

696 3289 752 3343 Si
781 3300 908 3340 vero
952 3285 1082 3337 iram
1134 3288 1402 3349 operatur,
1449 3285 1503 3330 et
1551 3271 1959 3343 transgressioni
2012 3268 2274 3324 obnoxios

695 3377 907 3440 reddit;
963 3373 1142 3437 etiam,
1196 3377 1252 3424 ut
1306 3369 1488 3437 liquet,
1534 3363 1894 3419 maledictioni
1942 3378 1954 3412 :
2001 3360 2088 3430 qui
2144 3373 2273 3412 vero

695 3463 1093 3526 maledictioni,
1137 3457 1406 3528 supplicio
1440 3467 1491 3511 et
1541 3449 1950 3524 transgressioni
2000 3455 2125 3504 sunt
2177 3447 2272 3500 ob-

696 3560 876 3623 noxii;
906 3556 959 3610 hi
1000 3569 1106 3608 non
1134 3552 1276 3622 digni
1305 3559 1430 3606 sunt
1471 3548 1561 3617 qui
1608 3545 1957 3600 hereditatem
1989 3541 2268 3610 accipiant,

694 3649 789 3704 sed
814 3649 900 3717 qui
934 3659 1116 3714 poenas
1139 3642 1265 3696 dent
1286 3649 1340 3694 et
1361 3639 1658 3708 ejiciantur.
1691 3634 1827 3701 Quid
1855 3633 1912 3687 ﬁt
1941 3631 2144 3703 igitur?
2170 3629 2274 3685 Ve-

696 3741 774 3795 nit
812 3737 943 3792 ﬁdes
975 3750 1067 3805 pcr
1093 3733 1320 3804 gratiam
1345 3737 1566 3783 attracta
1602 3727 1643 3793 ί,
1672 3727 1742 3779 ita
1790 3733 1847 3778 ut
1892 3721 2176 3794 promissio
2205 3719 2271 3773 ad

696 3844 828 3901 opus
849 3827 1162 3882 deducatur.
1193 3821 1295 3880 Ubi
1322 3820 1462 3876 enim
1489 3827 1571 3875 est
1598 3817 1788 3886 gratia,
1814 3815 1885 3871 ibi
1911 3825 1962 3870 et
1991 3812 2269 3878 remissio;

697 3921 787 3975 ubi
816 3917 1083 3980 remissio,
1113 3913 1185 3967 ibi
1215 3912 1417 3966 nullum
1449 3909 1766 3979 supplicium
1800 3925 1814 3963 :
1845 3906 2057 3962 sublato
2095 3912 2274 3959 autem

699 4007 981 4079 supplicio,
1011 4015 1064 4060 et
1091 4003 1293 4074 justitia
1320 4018 1349 4055 a
1383 4000 1487 4054 ﬁde
1512 3999 1797 4053 accedente
1817 4039 1833 4064 ,
1867 3998 1998 4052 nihil
2030 3995 2271 4066 impedit,

697 4099 984 4172 quominus
1024 4111 1120 4150 nos
1162 4093 1388 4149 heredes
1422 4093 1590 4146 simus
1630 4088 2003 4161 promissionis
2029 4129 2044 4154 ,
2098 4101 2216 4156 quae
2244 4099 2275 4139 a

701 4192 803 4245 ﬁde
831 4197 934 4244 est.
963 4186 1048 4241 l6.
1083 4185 1209 4238 Ideo
1239 4184 1391 4254 igitur
1419 4198 1481 4236 ea:
1508 4181 1630 4251 ﬁde,
1663 4180 1756 4246 ait,
1785 4188 1841 4232 ut
1859 4178 2132 4232 secundum
2153 4192 2275 4245 gra-

701 4285 842 4344 tiam,
874 4288 991 4332 etut
1017 4278 1164 4346 ﬁrma
1182 4276 1246 4328 sit
1276 4273 1540 4341 promissio
1566 4271 1661 4326 Dei
1685 4271 1919 4325 universo
1947 4269 2146 4335 semini,
2175 4285 2276 4321 non

700 4372 744 4424 ei
794 4369 926 4438 quod
965 4383 1027 4420 ea:
1052 4368 1159 4436 lege
1196 4374 1264 4417 est
1295 4373 1507 4428 tantum,
1549 4362 1637 4416 sed
1668 4363 1818 4416 etiam
1847 4361 1892 4414 ei
1928 4359 2064 4428 quod
2086 4375 2152 4413 ex
2177 4358 2278 4426 ﬁde

702 4459 936 4523 Abrahw,
951 4456 1035 4526 qui
1048 4463 1116 4507 est
1135 4463 1272 4523 pater
1284 4452 1503 4505 omnium
1531 4461 1774 4505 nostrum.
1795 4450 1979 4506 Viden‘
1991 4449 2130 4520 quod
2145 4448 2277 4504 ﬁdes

705 4567 809 4604 non
851 4548 1020 4602 solum
1057 4547 1226 4615 legem
1257 4542 1506 4609 stabiliat,
1557 4541 1651 4596 sed
1697 4542 1854 4596 etiam
1890 4540 2028 4610 quod
2062 4541 2279 4611 promis-

706 4646 910 4698 sionem
961 4638 1053 4693 Dei
1100 4653 1204 4691 non
1254 4636 1393 4689 sinat
1449 4635 1731 4698 excidere;
1785 4634 1866 4688 lex
1921 4647 2048 4688 vero
2094 4643 2276 4689 contra

707 4733 863 4786 ﬁdem
893 4731 1054 4784 etiam
1085 4728 1287 4782 irritam
1319 4725 1476 4780 faciat
1501 4724 1641 4781 ultra
1669 4733 1878 4795 tempus
1899 4724 2201 4788 observata,
2227 4732 2280 4778 et

711 4821 1118 4892 promissionem
1168 4816 1466 4887 impediat?

783 4912 927 4965 Fidei
957 4911 1240 4964 necessitas.
1268 4937 1338 4948 —
1368 4907 1462 4962 llis
1491 4905 1720 4962 ostendit
1741 4921 1845 4960 non
1878 4905 2038 4961 modo
2067 4919 2170 4959 non
2195 4920 2283 4960 su-

712 5016 1087 5073 pervacaneam
1114 5016 1231 5056 esse
1262 5000 1439 5064 ﬁdem,
1470 5000 1561 5054 sed
1590 5000 1656 5053 ita
1690 5000 2065 5063 necessariam,
2100 5008 2156 5052 ut
2177 5014 2281 5052 non

714 5096 879 5164 possit
908 5093 1020 5148 sine
1047 5092 1142 5146 illa:
1159 5091 1304 5146 salus
1333 5091 1576 5146 obtineri.
1606 5091 1715 5146 Lex
1753 5091 1893 5144 cnim
1918 5091 2047 5144 iram
2075 5092 2241 5161 gignit
2267 5131 2280 5156 ,

713 5188 832 5255 quia
862 5200 1049 5240 omnes
1088 5185 1228 5236 illam
1261 5184 1568 5252 transgressi
1605 5193 1729 5237 sunt
1762 5199 1774 5236 :
1815 5182 1946 5236 ﬁdes
1973 5193 2149 5238 autem
2181 5199 2283 5238 non

710 5279 833 5331 sinit
859 5279 988 5330 iram
1019 5276 1099 5330 vel
1129 5276 1276 5328 initio
1302 5276 1610 5329 consistere.
1636 5267 1798 5345 Cujus
1812 5276 1942 5329 enim
1972 5293 2070 5329 non
2091 5287 2162 5330 est
2184 5277 2281 5342 lea,

714 5367 914 5436 inquit,
964 5367 1113 5436 hujus
1159 5382 1313 5434 neque
1356 5366 1702 5435 transgressio.
1750 5365 1936 5420 Viden‘
1985 5381 2090 5436 quo
2133 5379 2285 5434 pacto

713 5473 815 5510 non
865 5457 1020 5511 modo
1067 5469 1338 5526 peccatum
1384 5456 1583 5523 deleat,
1637 5460 1728 5511 scd
1779 5475 1846 5514 ne
1897 5459 2024 5514 oriri
2073 5459 2284 5528 quidem

713 5549 868 5601 sinat.
898 5547 1019 5601 ideo
1046 5549 1134 5613 ait,
1167 5548 1455 5601 Secundum
1477 5549 1708 5618 gratiam.
1732 5549 1841 5615 Qua
1864 5550 1929 5605 de
1957 5551 2149 5604 causa?
2173 5550 2285 5605 Non

717 5649 772 5691 ut
823 5652 918 5691 nos
961 5638 1186 5706 pudeat,
1218 5639 1311 5694 sed
1359 5639 1426 5694 Ut
1467 5642 1615 5708 ﬁrma
1654 5642 1716 5693 sit
1756 5643 2018 5710 promissio
2060 5644 2287 5697 universo

711 5728 889 5780 semini
939 5728 1050 5781 Duo
1079 5729 1210 5782 bona
1240 5730 1323 5784 hic
1352 5733 1520 5800 ponit,
1551 5731 1692 5802 quod
1718 5733 1866 5788 ﬁrma
1894 5735 1998 5789 sint
2024 5749 2139 5804 qua:
2165 5734 2284 5789 data

780 5819 796 5850 ⁸
823 5826 942 5869 Unus
968 5819 1106 5884 legit,
1123 5822 1326 5885 gratiam
1349 5824 1612 5876 aura/iens.

1416 455 1472 510 S.
1513 447 1786 508 JOANNIS
1821 441 2290 502 CHRYSOSTOMI
2331 436 2642 494 ARCIIIEP.
2681 431 3212 490 CONSTANTINOP.
3880 426 3968 482 (sic

2371 555 2512 614 sunt,
2545 557 2598 602 et
2632 547 2772 618 quod
2803 546 2925 600 data
2968 548 3073 601 sint
3102 546 3345 599 universo
3379 542 3615 609 semini,
3659 556 3762 598 eos
3794 544 3884 611 qui
3913 557 3967 593 ex

2371 637 2613 708 gentibus
2636 646 2980 692 accesserunt
3006 636 3284 705 colligens,
3308 633 3637 703 indutosque
3677 630 3968 688 ostendens

2370 739 2517 783 extra
2554 729 2753 798 positos
2783 743 2935 792 esse,
2972 727 3015 782 si
3043 737 3228 782 contra
3261 726 3414 780 ﬁdem
3460 724 3832 779 contendant.
3872 723 3968 776 lloc

2372 835 2599 890 namque
2631 820 2833 874 ﬁrmius
2873 819 2963 872 illo
2988 827 3069 873 est
3099 835 3112 872 :
3148 834 3252 872 non
3304 817 3443 871 enim
3479 816 3612 870 ﬁdes
3647 816 3748 868 tibi
3779 814 3968 868 damno

2370 919 2485 972 cst;
2522 926 2588 964 ne
2625 909 2916 965 contendas
2941 925 2954 973 ;
2985 907 3077 962 sed
3108 919 3157 961 te
3186 923 3249 962 ex
3279 907 3394 975 lege
3429 906 3852 974 periclitantem.
3872 919 3964 957 ser-

2372 1011 2476 1054 vat.
2529 999 2726 1055 Deinde
2755 1000 2878 1071 quia
2925 998 3083 1064 dixit,
3135 996 3378 1052 Universo
3405 997 3606 1061 semini,
3638 995 3968 1051 determinat

2371 1093 2583 1148 cuinam
2623 1093 2832 1147 semini.
2865 1091 3013 1158 Quod
3043 1099 3115 1144 est
3138 1105 3200 1143 ea:
3225 1090 3360 1158 ﬁde,
3393 1089 3595 1159 inquit,
3638 1103 3670 1142 c
3731 1095 3971 1140 tnectcns

2373 1183 2743 1252 cognationem
2786 1195 2906 1236 cum
2952 1180 3228 1250 gentibus,
3256 1187 3311 1233 et
3339 1178 3635 1234 ostendens
3673 1193 3785 1232 non
3821 1191 3973 1246 posse

2371 1275 2675 1330 consentire
2705 1291 2824 1328 eum
2852 1273 3156 1330 Abrahamo
3193 1273 3310 1326 illos
3331 1312 3345 1336 ,
3376 1271 3466 1340 qui
3503 1287 3610 1324 non
3640 1269 3876 1326 credunt
3920 1277 3968 1318 ut

2373 1366 2478 1419 ille.
2509 1366 2643 1420 Ecce
2663 1365 2803 1419 aliud
2833 1364 3046 1419 tertium
3075 1362 3204 1418 ﬁdes
3230 1369 3444 1432 operata
3473 1369 3559 1416 est
3585 1379 3596 1410 τ
3626 1375 3756 1415 nam
3781 1373 3974 1428 cogna-

2375 1456 2570 1509 tionem
2605 1469 2724 1510 cum
2749 1455 2893 1525 justo
2917 1455 3302 1509 accuratiorem
3334 1452 3480 1518 fecit,
3518 1461 3572 1506 et
3611 1452 3856 1523 plurium
3885 1465 3972 1505 ne-

2373 1558 2555 1619 potum
2586 1548 2977 1618 progenitorem
3007 1548 3155 1601 illum
3181 1546 3473 1601 declaravit
3503 1563 3517 1599 :
3551 1545 3676 1600 ideo
3710 1560 3823 1598 non
3851 1543 3980 1597 sim-

2374 1644 2581 1712 pliciter
2608 1643 2766 1707 dixit,
2796 1640 3107 1707 Abrahami,
3137 1639 3232 1695 sed
3258 1638 3431 1694 Patris
3460 1648 3693 1692 nostrum
3717 1637 3971 1704 ﬁdelium.

2375 1732 2578 1787 Deinde
2607 1732 2911 1787 testimonio
2937 1729 3135 1786 dictum
3173 1729 3461 1800 obsignans
3483 1769 3499 1794 ,
3541 1728 3628 1781 l7.
3661 1726 3814 1780 Sicut
3846 1724 3972 1778 scri-

2376 1835 2514 1893 ptum
2543 1833 2616 1878 est
2633 1864 2648 1891 ε
2683 1825 2883 1893 inquit,
2925 1822 2978 1876 Μ
2984 1822 3203 1875 ullarum
3231 1822 3452 1892 gentimu
3479 1829 3672 1889 patrem
3708 1829 3757 1871 te
3781 1817 3976 1871 consti-

2377 1916 2448 1968 tui
2487 1913 2654 1985 (Gen.
2688 1915 2774 1968 l7.
2804 1911 2897 1986 4).
2929 1911 3117 1966 Viden'
3159 1911 3272 1966 hare
3295 1911 3405 1980 jam
3452 1911 3581 1964 olim
3625 1908 3978 1979 dispensata?

2374 2005 2510 2074 Quid
2539 2021 2686 2075 ergo,
2717 2005 2946 2075 inquies,
2989 2004 3032 2057 si
3060 2003 3128 2058 de
3156 2003 3453 2069 lsmaelitis,
3482 2002 3550 2058 de
3581 2001 3904 2056 Amalecitis
3928 2013 3981 2054 et

2374 2099 2441 2152 de
2486 2098 2742 2167 Agarenis
2777 2097 2893 2151 hzec
2923 2096 3100 2150 dicat?
3139 2095 3458 2165 Progressus
3512 2104 3666 2148 certe
3711 2092 3975 2154 ulterius,

2375 2188 2574 2243 clarius
2601 2186 2833 2243 ostendit
2859 2202 2962 2241 non
2989 2186 3057 2242 de
3085 2186 3187 2240 illis
3212 2184 3343 2250 dici;
3375 2185 3465 2240 sed
3497 2183 3714 2239 interim
3743 2183 3810 2237 ad
3835 2181 3977 2236 aliud

2379 2279 2619 2344 festinat,
2648 2295 2752 2348 quo
2785 2277 2911 2331 illud
2941 2292 3152 2347 quoque
3183 2276 3449 2341 ostendit,
3483 2277 3604 2330 talis
3629 2277 3979 2346 cognationis

2376 2369 2589 2423 modum
2617 2369 2896 2431 deﬁniens,
2930 2377 2983 2422 et
3012 2382 3202 2438 magno
3232 2382 3349 2422 cum
3376 2368 3602 2422 consilio
3635 2366 3684 2420 id
3717 2367 3978 2434 probans.

2353 2459 2510 2526 Quid
2533 2459 2675 2514 enim
2701 2459 2869 2513 dicit?
2900 2461 3027 2513 Ante
3057 2458 3255 2521 Deum,
3289 2460 3372 2512 cui
3395 2458 3656 2523 credidit;
3688 2459 3741 2512 id
3773 2470 3860 2513 est
3881 2502 3897 2523 ,
3929 2470 3980 2512 ut

2372 2549 2518 2603 Dens
2548 2564 2650 2603 non
2682 2557 2765 2604 est
2792 2550 2947 2604 unius
2975 2549 3141 2619 partis
3171 2548 3332 2614 Deus,
3373 2548 3469 2603 sed
3497 2549 3747 2603 omnium
3780 2559 3938 2618 pater
3966 2565 3978 2600 :

2376 2639 2452 2694 sic
2484 2649 2539 2694 et
2570 2640 2703 2709 ipse.
2733 2641 2809 2694 Ac
2838 2655 3069 2704 rursum,
3097 2648 3156 2694 ut
3183 2640 3322 2694 Deus
3347 2648 3500 2710 pater
3529 2648 3613 2694 est
3643 2654 3756 2694 non
3783 2655 3981 2694 secun-

2375 2731 2500 2784 dum
2533 2732 2827 2787 naturalem
2851 2733 3244 2802 cognationem,
3271 2730 3364 2785 sed
3397 2731 3696 2786 secundum
3729 2732 3857 2786 ﬁdei
3888 2748 3981 2786 nc-

2376 2822 2755 2877 cessitudinem
2786 2838 2799 2874 :
2829 2822 2904 2876 sic
2930 2831 2982 2875 et
3008 2821 3097 2876 ille
3126 2838 3138 2874 :
3166 2821 3469 2876 obedientia
3495 2822 3642 2876 enim
3673 2821 3808 2876 facit
3836 2824 3980 2877 illum

2376 2920 2580 2980 patrem
2621 2911 2853 2964 omnium
2887 2919 3146 2965 nostrum.
3180 2911 3310 2978 Quia
3342 2913 3484 2965 enim
3519 2913 3662 2965 illam
3692 2915 3981 2982 cognatio-

2376 3016 2495 3054 nem
2521 3002 2649 3055 nihil
2679 3016 2798 3056 esse
2830 3001 3105 3071 putabant,
3139 3003 3456 3056 crassiorem
3487 3003 3631 3057 illam
3656 3005 3979 3066 retinentes,

2375 3092 2608 3145 ostendit
2641 3091 2776 3144 hanc
2823 3105 2943 3145 esse
2986 3091 3151 3160 magis
3199 3091 3504 3160 propriam,
3554 3107 3873 3148 sermonem
3922 3097 3983 3147 ad

2378 3181 2544 3234 Deum
2575 3181 2863 3236 adducens.
2899 3182 3074 3249 Atque
3101 3197 3220 3234 cum
3252 3181 3334 3236 bis
3373 3182 3474 3236 hoc
3500 3183 3666 3238 etiam
3697 3184 3944 3239 declarat
3970 3229 3983 3246 ,

2379 3271 2520 3340 quod
2564 3272 2699 3325 hanc
2740 3270 2859 3325 ﬁdei
2901 3271 3304 3326 retributionem
3330 3274 3621 3341 acceperit.
3654 3274 3853 3344 Itaque
3885 3277 3985 3330 nisi

2379 3360 2483 3414 hoc
2521 3359 2786 3423 adfuerit,
2819 3358 3028 3414 etiamsi
3057 3370 3209 3428 pater
3247 3362 3317 3415 sit
3345 3362 3609 3426 omnium,
3649 3365 3745 3433 qui
3783 3374 3987 3420 terram

2379 3450 2650 3513 incolunt;
2681 3450 2831 3514 illud,
2868 3450 3015 3516 Ante,
3047 3451 3220 3504 locum
3251 3467 3354 3505 non
3379 3450 3566 3518 habet,
3585 3453 3684 3508 sed
3711 3457 3987 3510 succisum

2377 3550 2432 3595 et
2475 3542 2807 3595 imminutum
2833 3550 2915 3596 est
2949 3540 3042 3596 Dei
3083 3541 3283 3596 donum
3314 3559 3328 3594 :
3358 3541 3487 3596 illud
3517 3543 3692 3611 enim,
3738 3556 3890 3614 ante,
3921 3548 3990 3601 si-

2377 3635 2626 3705 gnificat,
2657 3634 2919 3689 similiter.
2947 3633 3046 3700 Qui
3073 3675 3087 3698 ,
3121 3648 3337 3704 quaeso,
3367 3633 3564 3688 mirum
3595 3634 3768 3691 fuerit
3795 3678 3810 3704 ,
3845 3640 3989 3709 quod

2379 3735 2530 3796 pater
2559 3727 2626 3780 sit
2655 3741 2862 3791 eorum,
2897 3727 2985 3794 qui
3015 3742 3080 3781 ex
3107 3727 3222 3795 ipso
3254 3727 3418 3781 sunt?
3439 3727 3542 3782 hoc
3563 3729 3714 3784 enim
3737 3732 3987 3802 singulo-

2380 3833 2496 3872 rum
2529 3816 2804 3871 hominum
2831 3825 2928 3870 est.
2960 3816 3112 3884 Quod
3146 3817 3491 3886 stupendum,
3527 3819 3659 3874 illud
3697 3832 3824 3887 est,
3857 3838 3994 3894 quos

2382 3924 2487 3962 nun
2529 3907 2713 3962 habuit
2752 3923 2817 3963 ex
2859 3916 3043 3962 natura
3067 3947 3082 3974 ,
3113 3907 3212 3964 hos
3238 3924 3308 3972 ex
3350 3910 3444 3964 Dei
3479 3910 3632 3967 dono
3664 3914 3825 3970 illum
3857 3919 3992 3972 acci-

2384 4015 2531 4069 perc.

2441 4091 2493 4146 5.
2513 4091 2690 4160 Itaque
2702 4091 2745 4145 si
2762 4091 2840 4146 vis
2853 4091 3073 4148 credere
3086 4093 3400 4148 honoratum
3418 4093 3584 4151 fuisse
3600 4099 3995 4167 patriarcham,

2381 4183 2539 4238 crede
2569 4184 2738 4252 ipsum
2766 4175 3153 4239 omnium'esse
3183 4193 3413 4254 patrem.
3436 4187 3574 4241 Cum
3603 4189 3754 4244 dixit
3792 4204 3987 4257 autem,

2380 4273 2510 4327 Ante
2536 4273 2712 4337 Deum,
2733 4275 2816 4327 cui
2844 4274 3076 4340 credidit,
3104 4289 3208 4329 non
3236 4275 3321 4330 hic
3344 4276 3609 4344 substitit,
3643 4281 3742 4336 sed
3768 4284 3985 4353 adjecit;

2388 4364 2488 4431 Qui
2511 4365 2722 4432 viuiﬁcat
2742 4376 2983 4429 mortuos,
3014 4373 3060 4418 et
3081 4375 3221 4418 vocat
3237 4382 3293 4420 ea
3309 4383 3422 4436 qua'
3439 4384 3545 4422 non
3563 4381 3710 4439 sunt,
3737 4383 3990 4444 tamquam

2386 4471 2443 4507 ea
2475 4470 2585 4523 qua:
2613 4463 2726 4508 sunt
2758 4471 2775 4508 :
2803 4469 2922 4509 cum
2947 4470 3136 4524 nempe
3161 4459 3271 4525 jam
3296 4456 3364 4512 de
3386 4463 3806 4521 resurrectione
3841 4481 3991 4535 agere

2386 4548 2636 4616 coepisset
2669 4565 2681 4599 :
2714 4545 2855 4616 quod
2883 4547 2931 4600 ei
2964 4547 3124 4602 etiam
3156 4548 3223 4602 ad
3254 4563 3492 4617 praesens
3519 4550 3838 4610 institutum
3873 4557 3991 4611 utile

2386 4647 2519 4694 crat.
2552 4638 2680 4693 Nam
2708 4640 2750 4692 si
2785 4646 2955 4707 potest
2980 4649 3220 4695 mortuos
3247 4641 3312 4695 ad
3338 4642 3499 4696 vitam
3523 4625 3793 4703 reirocare
3815 4691 3831 4715 ,
3865 4660 3917 4705 ct
3935 4665 3989 4704 ea

2386 4746 2503 4800 quae
2522 4746 2624 4785 non
2640 4739 2779 4794 sunt,
2800 4740 3063 4800 tamquam
3083 4747 3144 4786 ea
3162 4747 3282 4802 qua:
3303 4743 3447 4800 sunt,
3476 4736 3808 4805 producere,
3829 4751 3993 4811 potest

2386 4821 2545 4874 etiam
2576 4835 2668 4874 eos
2693 4861 2707 4885 ,
2739 4821 2828 4889 qui
2857 4835 2919 4873 ex
2952 4821 3041 4874 illo
3072 4821 3180 4874 nati
3211 4837 3317 4877 non
3345 4832 3504 4888 sunt,
3537 4826 3682 4882 ﬁlios
3715 4830 3886 4899 ipsius
3927 4833 3992 4885 fa-

2387 4929 2529 4968 cere.
2563 4913 2687 4967 ldeo
2720 4927 2821 4966 non
2853 4913 3005 4976 dixit,
3037 4913 3135 4979 Qui
3169 4915 3416 4984 producit
3439 4932 3501 4970 ea
3533 4934 3659 4987 quas
3695 4937 3808 4976 non
3843 4935 3990 4986 sunt,

2390 5014 2652 5073 tamquam
2685 5017 2744 5057 ea
2774 5017 2892 5071 qua:
2918 5011 3058 5068 sunt,
3095 5004 3186 5058 sed
3229 5004 3328 5069 Qui
3354 5017 3497 5060 vocat
3515 5026 3535 5073 ;
3564 5009 3840 5079 majorem
3873 5015 3993 5068 faci-

2389 5094 2589 5146 litatem
2618 5092 2941 5161 signiﬁcans.
2971 5093 3117 5148 Sicut
3138 5096 3278 5149 enim
3304 5097 3457 5152 nobis
3485 5097 3647 5156 facile
3677 5114 3765 5158 est
3787 5119 3853 5160 ea
3881 5122 3991 5178 quso

2391 5193 2514 5237 sunt
2542 5198 2754 5248 vocare,
2790 5184 2857 5236 ita
2887 5194 2935 5237 et
2969 5185 3016 5237 ei
3043 5184 3265 5250 facilius,
3299 5198 3353 5241 et
3381 5188 3539 5259 longe
3567 5189 3790 5250 facilius
3814 5208 3993 5267 est,_ca

2389 5289 2509 5344 qua:
2539 5289 2641 5327 non
2685 5283 2806 5326 sunt
2836 5273 3148 5343 producere.
3183 5276 3316 5331 Cum
3351 5277 3443 5332 Dei
3489 5279 3699 5336 donum
3749 5301 3994 5356 magnoin

2392 5375 2444 5418 ct
2483 5365 2748 5420 ineffabile
2786 5378 3170 5433 memorasset,
3203 5378 3258 5424 et
3298 5369 3367 5424 de
3397 5370 3515 5439 ejus
3547 5377 3796 5442 potentia
3829 5381 3995 5436 disse.-

2394 5457 2607 5520 rnisset,
2637 5455 2868 5510 ostendit
2898 5458 3124 5513 Abrahae
3152 5461 3310 5514 ﬁdem
3341 5461 3484 5516 dono
3511 5465 3738 5536 dignam
3767 5487 3916 5540 esse,
3940 5491 3995 5526 ne

2397 5557 2544 5616 putes
2574 5562 2696 5600 eum
2739 5546 3002 5603 immerito
3033 5550 3351 5605 honoratum
3381 5554 3568 5612 fuisse.
3613 5559 3684 5613 Et
3714 5573 3994 5636 postquam

2395 5637 2690 5690 auditorem
2716 5638 3057 5700 excitaverat,
3084 5650 3140 5693 ut
3163 5657 3230 5696 ne
3255 5643 3580 5713 turbaretur,
3615 5665 3759 5706 neve
3784 5654 3997 5711 Judmns

2398 5729 2510 5783 lucc
2537 5730 2792 5798 objiceret
2823 5749 2835 5786 :
2868 5731 2932 5784 Et
2961 5732 3047 5800 qui
3079 5732 3190 5787 ﬁeri
3234 5748 3411 5804 potest
3444 5749 3501 5793 ut
3537 5741 3572 5794 ii
3599 5782 3614 5806 ,
3643 5745 3740 5812 qui
3774 5745 3875 5803 ﬁlii
3904 5765 3997 5803 non

2404 5832 2546 5890 sunt,
2575 5820 2666 5876 lilii
2697 5821 3035 5878 efﬁciantur?
3061 5841 3363 5885 sermonem
3396 5835 3655 5890 transfert
3687 5837 3741 5891 in
3775 5845 3997 5909 patriar—
