4108 6340
135 417 253 475 439

144 519 263 590 γάρ
319 519 349 572 6
399 512 653 583 Ἰουδαῖος
703 519 832 584 ίσως
891 521 956 574 ἂν
1010 521 1153 572 είποι
1184 533 1194 546 ο
1227 518 1292 570 Τί
1326 517 1435 588 γάρ
1481 533 1570 588 μοι
1592 515 1752 585 χρεία

146 606 431 671 πίστεωςς
463 608 672 661 Οὐκοῦν
709 609 758 661 εί
791 607 950 662 τοῦτο
981 608 1199 677 ἀληθὲς,
1232 606 1370 677 μετά
1395 605 1493 674 τῆς
1522 604 1744 660 πίστεως

146 697 250 749 ναὶ
276 695 347 750 τά
385 697 483 767 τῆς
513 697 845 765 ἐπαγγελίας
873 697 1164 779 ἀνῄρηται.

221 854 265 909 δ’
278 894 294 910 .
320 857 462 928 Ὀρα
483 857 538 912 ἐν
555 857 722 909 πᾶσιν
743 855 928 920 αὐτοῖς
945 855 1150 911 ἀνωθεν
1167 854 1276 910 ἀπὸ
1292 855 1384 909 τοῦ
1405 872 1508 910 πατ
1520 855 1748 926 ριάρχου

150 947 493 1019 μαχόμενον.
535 944 726 1010 Δείξας
760 947 870 1018 γάρ
905 948 1116 1002 ἐκεῖθεν
1148 947 1247 1018 τὴν
1301 948 1649 1015 δικαιοσύνην
1681 947 1749 1017 τῇ

149 1038 342 1091 πίστει
377 1029 933 1112 συγκὲκληρωμένην,
962 1039 1201 1094 δείκνυσι
1251 1041 1347 1094 καὶ
1380 1038 1480 1110 τὴν
1506 1040 1752 1107 ἐπαγγε-

149 1129 278 1198 λίαν
316 1129 537 1199 ὁμοίως.
573 1129 690 1184 Ἵνα
731 1132 841 1202 γάρ
867 1133 942 1203 μὴ
999 1131 1135 1202 λέγῃ
1166 1133 1196 1185 6
1239 1131 1517 1195 Ἰουδαῖος·
1549 1131 1614 1186 Τί
1639 1133 1751 1205 γάρ

152 1236 247 1288 μοι
282 1219 458 1290 μέλει,
489 1221 536 1272 εί
569 1219 657 1274 διά
691 1221 928 1284 πίστεως
947 1218 1242 1291 ἐδικαιώθη
1285 1219 1574 1292 Ἀϐραάμ;
1601 1219 1749 1290 λέγει

147 1312 180 1364 6
215 1312 453 1378 Παῦλος,
481 1313 562 1367 ὅτι
588 1311 723 1366 Ούδέ
753 1311 813 1366 τὸ
844 1316 927 1366 σοὶ
951 1312 1283 1384 διαφέρον,ή
1317 1313 1618 1383 ἐπαγγελία
1650 1315 1749 1385 τῆς

151 1410 259 1480 κ’κη
270 1406 529 1478 ρονομίας
555 1406 778 1461 δύναται
799 1407 878 1471 εἰς
908 1404 1068 1476 ἔργον
1087 1402 1262 1457 ἐλθεῖν
1285 1403 1502 1475 ἐκείνης
1532 1405 1704 1477 χωρίς
1731 1421 1748 1438 ο

147 1500 180 1552 ὃ
201 1498 442 1571 μάλιστα
464 1499 665 1561 αὐτοὺς
683 1495 926 1567 ἐκφοϐεῖ.
946 1496 1112 1550 Ποίαν
1130 1496 1186 1549 δέ
1203 1496 1562 1566 ἐπαγγελίαν,
1582 1495 1746 1566 φησίς

151 1591 230 1645 Τὸ
265 1591 604 1664 κληρονόμον
635 1589 797 1645 αὑτὸν
830 1583 970 1643 εἶναι
998 1587 1091 1642 τοῦ
1126 1588 1356 1660 κόσμου,
1383 1587 1480 1642 καὶ
1505 1589 1563 1642 ἐν
1599 1585 1751 1658 αὐτῷ

153 1683 371 1746 πάντας
403 1679 824 1749 ἐνευλογείσθαι.
856 1679 966 1734 Καὶ
1000 1677 1118 1743 πῶς
1144 1678 1490 1752 κατήργηται
1513 1678 1547 1748 ή
1579 1678 1751 1745 ἐπαγ-

150 1773 314 1842 γελία
339 1772 503 1842 α’ύτη,
551 1771 718 1842 φησίν
746 1787 760 1801 °
797 1771 927 1827 Ὅτι
965 1774 996 1826 ὁ
1036 1773 1220 1842 νόμος
1245 1769 1437 1841 ὀργὴν
1469 1769 1750 1841 κατεργά-

148 1862 312 1923 ζεται
342 1880 356 1895 ο
391 1860 465 1920 οὗ
497 1867 606 1934 γὰρ
640 1866 754 1920 οὐκ
790 1865 923 1919 ἐστι
963 1865 1171 1932 νόμος,
1206 1863 1353 1919 οὐδὲ
1389 1863 1743 1933 παράϐασις.

153 1952 220 2005 El
250 1952 310 2006 δέ
335 1952 506 2024 ὀργὴν
531 1952 935 2024 κατεργάζεται
962 1954 1054 2006 καὶ
1075 1951 1387 2023 παραϐάσει
1416 1950 1751 2015 ὑπευθύνους

152 2042 324 2105 ποιεί,
365 2038 588 2111 εὔδηλον
615 2039 695 2094 ὅτι
731 2038 825 2093 καὶ
857 2039 1104 2109 κατάρᾳ·
1145 2040 1194 2093 οί
1218 2039 1274 2094 δέ
1297 2039 1514 2110 κατάρα
1543 2039 1638 2093 καὶ
1665 2056 1749 2094 τι-

153 2133 347 2202 μωρίᾳ
380 2131 476 2186 καὶ⁵
501 2131 810 2204 παρασάσει
832 2130 984 2196 ὄντες
1010 2131 1324 2199 ὑπεύθυνοι,
1356 2129 1502 2189 οὗτοι
1532 2132 1592 2186 οὐ
1615 2134 1749 2203 κλη-

153 2222 413 2290 ρονομεῖν
441 2220 601 2287 ἄξιοι,
647 2219 784 2274 ἀλλά
812 2221 906 2273 τοῦ
945 2219 1103 2291 δίκην
1134 2220 1335 2274 διδόναι
1364 2222 1459 2275 καὶ
1489 2221 1748 2276 ἐκϐάλλε-

153 2314 304 2369 σθαι.
334 2313 401 2367 Τί
422 2308 514 2367 οῦν
545 2312 784 2381 γίνεται;
826 2313 1088 2384 Ἔρχεται
1119 2314 1153 2386 ἡ
1185 2314 1370 2380 πίστις
1408 2315 1747 2389 ἐφελκομένη

151 2408 220 2479 τῇ
256 2405 441 2477 χάριτι
465 2417 514 2471 ε,
552 2403 692 2458 ὥστε
713 2403 813 2478 τὴν
833 2404 1170 2475 ἐπαγγελίαν
1198 2407 1278 2471 είς
1307 2407 1468 2480 ἔργον
1490 2410 1746 2479 ἐξελθεῖν,

155 2499 334 2552 Ὅπου
361 2497 471 2569 γὰρ
501 2495 684 2569 χάρις,
709 2497 1062 2569 συγχώρησις
1084 2515 1097 2528 ·
1120 2499 1255 2554 ὅπου
1285 2499 1342 2552 δέ
1374 2500 1747 2576 συγχώρησις,

153 2587 384 2660 οὐδεμία
419 2587 641 2650 κόλασις
674 2600 689 2616 ⁸
725 2585 1002 2651 κολάσεως
1043 2587 1103 2640 δὲ
1144 2588 1518 2661 ἀνῃρημένης,
1555 2594 1646 2646 καὶ
1674 2593 1750 2648 δι.

154 2683 457 2748 καιοσύνης
489 2678 890 2749 ἐπιγενομένης
933 2677 1043 2732 ἀπὸ
1084 2678 1183 2750 τῆς
1215 2681 1477 2746 πίστεως,
1511 2683 1665 2739 οὐδὲν
1690 2686 1751 2740 τὸ

153 2770 366 2824 κωλύον
394 2769 763 2841 κληρονόμους
812 2772 959 2842 ἡμᾶς
1002 2771 1256 2840 γενέσθαι
1286 2773 1385 2845 τῆς
1419 2777 1750 2846 ἐπαγγελίας

151 2861 253 2932 τῆς
286 2861 398 2914 ἀπὸ
421 2861 518 2933 τῆς
554 2863 809 2926 πίστεως.
861 2863 965 2920 Διὰ
1005 2864 1184 2920 τοῦτο
1219 2863 1334 2922 οὖν
1358 2868 1427 2923 ὲκ
1464 2871 1747 2940 πίστεως,

152 2952 346 3022 φησὶν,
382 2952 484 3005 ἵνα
520 2953 671 3008 κατὰ
724 2953 923 3024 χάριν,
971 2957 1060 3023 εὶς
1088 2955 1157 3010 τὸ
1180 2953 1332 3012 εἶναι
1352 2961 1611 3025 βεϐαίαν
1634 2964 1751 3034 τὴν

150 3044 524 3113 ἐπαγγελίαν
559 3045 664 3100 τοῦ
697 3048 847 3101 Θεοῦ
884 3048 1067 3103 παντί
1120 3046 1200 3119 τῷ
1221 3052 1540 3124 σπέρματι,
1569 3059 1640 3112 οὐ
1671 3058 1749 3125 τῷ

149 3133 222 3186 ἐκ
255 3133 366 3187 τοῦ
417 3136 606 3203 νόμου
636 3137 852 3205 μόνον,
886 3137 1050 3193 ἀλλὰ
1087 3143 1186 3194 καὶ
1233 3141 1312 3208 τῷ
1369 3146 1439 3200 ἐκ
1484 3150 1748 3218 πίστεως

165 3225 532 3296 Ἀϐραὰμβς·
564 3227 698 3282 ἐστι
724 3230 924 3300 πατὴρ
953 3232 1198 3288 πάντων
1220 3233 1410 3305 ἡμῶν.
1445 3238 1630 3312 Ὁρᾷς,
1665 3243 1747 3297 ὅτι

147 3318 212 3370 οῦ
254 3317 345 3370 τὸν
377 3318 541 3388 νόμον
585 3319 769 3390 ἵστησι
817 3323 978 3392 μόνον
1025 3325 1058 3394 ἡ
1109 3325 1314 3389 πίστις,
1363 3329 1620 3385 ἀλλὰκαὶ
1649 3333 1748 3404 τὴν

150 3409 490 3479 ἐπαγγελίαν
537 3410 632 3464 τοῦ
695 3411 833 3466 Θεοῦ
893 3415 996 3468 οὐκ
1038 3416 1234 3489 ἀφίησι
1276 3417 1558 3474 διαπεσεῖν
1583 3438 1597 3451 ·
1635 3426 1662 3477 ὁ
1689 3426 1746 3478 δὲ

150 3503 316 3570 νόμος
340 3503 648 3559 τούναντίον
671 3505 767 3558 καὶ
795 3505 894 3577 τὴν
923 3508 1107 3562 πίστιν
1139 3513 1412 3581 καταργεϊ
1449 3513 1603 3585 παρὰ
1628 3533 1746 3569 και-

149 3593 249 3664 ρὸν
280 3593 638 3666 τηρούμενος,
676 3597 772 3650 καὶ
793 3598 894 3668 τὴν
924 3601 1259 3669 ἐπαγγελίαν
1291 3603 1529 3671 κωλύει;

221 3798 324 3853 Διά
355 3797 562 3853 τούτων
582 3798 853 3856 δείκνυσιν
871 3802 935 3856 ού
969 3803 1130 3875 μόνον
1154 3806 1214 3860 οὐ
1240 3811 1504 3880 περιττὴν
1530 3812 1630 3885 τὴν
1651 3813 1742 3867 πί-

150 3910 289 3959 στιν,
311 3890 450 3946 ἀλλά
472 3893 563 3947 καὶ
585 3891 759 3957 οὓτως
777 3894 1104 3963 ἀναγκαίαν,
1126 3898 1203 3961 ώς
1221 3900 1358 3969 μηδὲ
1381 3897 1520 3956 εἶναι
1536 3922 1742 3976 ταύτης

149 3982 280 4036 ἄνευ
317 3980 573 4051 σωθῆναι.
593 3982 651 4036 '0
679 3984 780 4054 μὲν
806 3984 914 4057 γάρ
943 3986 1106 4056 νόμος
1142 3989 1315 4060 ὀργὴν
1345 3994 1508 4044 ποιεῖ’
1540 3994 1743 4059 πάντες

148 4071 260 4141 γάρ
284 4069 448 4124 αὐτὸν
471 4070 812 4142 παρέϐησαν·
835 4072 974 4145 αῦτη
1002 4074 1060 4129 δέ
1089 4075 1209 4131 οὐδὲ
1238 4079 1501 4151 συστῆναι
1529 4081 1629 4154 τὴν
1655 4084 1739 4156 ὀρ-

147 4159 254 4230 γὴν
270 4159 465 4231 ἀφίησι
483 4161 583 4232 τὴν
603 4162 798 4232 ἀρχήν·
821 4158 904 4219 οὗ
933 4163 1042 4234 γὰρ
1067 4167 1179 4221 οὐκ
1203 4167 1356 4234 ἐστι,
1376 4172 1531 4241 φησὶ,
1555 4175 1742 4245 νόμος

145 4249 293 4305 οὐδὲ
326 4249 684 4319 παράϐασις.
719 4247 874 4316 Εἶδες
903 4252 1023 4317 πῶς
1051 4251 1203 4327 [505]
1225 4256 1287 4308 ού
1313 4257 1475 4325 μόνον
1509 4261 1739 4332 γενομέ-

147 4359 247 4413 νην
275 4342 526 4412 ἀφανίζει
552 4342 651 4415 τὴν
685 4343 982 4416 ἁμαρτίαν,
1011 4345 1125 4399 ἀλλ’
1147 4347 1265 4401 ούδέ
1296 4350 1498 4421 φυῆναι
1524 4353 1692 4425 αὐτὴν
1710 4355 1738 4395 b

146 4436 341 4504 ἀφίησι
363 4451 377 4500 ;
403 4433 505 4488 Διά
534 4434 694 4488 τοῦτό
716 4451 875 4504 φησι’
903 4437 1065 4492 Κατὰ
1085 4437 1282 4508 χάριν.
1311 4442 1408 4504 Εἰς
1427 4441 1490 4496 τὸ
1515 4443 1567 4497 τί
1587 4461 1602 4510 ;
1624 4446 1738 4500 Ούκ

145 4527 226 4589 είς
259 4525 320 4578 τὸ
365 4526 856 4597 καταισχυνθῖψαι,
893 4528 1033 4596 ἀλλ’,
1067 4534 1171 4598 Εὶς
1199 4532 1266 4585 τὸ
1292 4529 1444 4588 εἶναι
1481 4536 1738 4600 βεϐαίαν

145 4616 262 4687 τὴν
285 4616 654 4686 ἐπαγγελίαν
694 4620 876 4673 παντί
907 4619 986 4687 τῷ
1010 4621 1326 4694 σπέρματι.
1376 4627 1480 4680 Δύο
1521 4628 1737 4701 τίθησιν

147 4709 381 4763 ἐνταῦθα
407 4709 474 4763 τά
503 4709 704 4779 ἀγαθὰ,
742 4712 824 4766 ὅτι
871 4714 966 4768 καὶ
1002 4713 1196 4784 βέϐαια
1225 4718 1292 4771 τά
1320 4718 1592 4790 διδόμενα,
1640 4724 1736 4777 καὶ

147 4804 308 4856 παντὶ
340 4801 419 4874 τῷ
466 4805 762 4874 σπέρματι,
797 4806 923 4871 τοὺς
959 4807 1019 4873 ἐξ
1053 4807 1224 4861 ἐθνῶν
1263 4812 1618 4881 συνεισάγων,
1644 4817 1736 4869 καὶ

144 4893 359 4955 δεικνὺς
398 4891 686 4959 Ἰουδαίους
717 4896 875 4962 ἐκτὸς
920 4897 1103 4964 ὄντας,
1141 4901 1207 4954 ἂν
1244 4903 1380 4972 πρὸς
1418 4905 1518 4975 τὴν
1557 4907 1735 4962 πίστιν

147 4985 587 5054 φιλονεικήσωσι.
623 4987 794 5041 Τοῦτο
836 4988 944 5060 γάρ
978 4989 1199 5059 βέϐαιον
1237 4995 1440 5063 μᾶλλον
1473 4997 1503 5068 ἢ
1536 4998 1731 5052 ἐκείνοι

145 5076 206 5129 οὗ
246 5074 353 5146 γάρ
387 5076 578 5146 ζημιοῖ
620 5077 654 5148 ἡ
711 5078 912 5143 πίστις,
965 5081 1039 5151 μὴ
1086 5083 1402 5152 φιλονείκει,
1452 5088 1585 5142 ἀλλὰ
1639 5092 1734 5144 καὶ

147 5166 524 5220 κινδυνεύοντά
556 5183 614 5220 σε
645 5168 708 5220 ἐκ
737 5166 830 5222 τοῦ
860 5169 1026 5240 νόμου
1052 5171 1332 5237 διασώζειι
1372 5172 1506 5231 Εἶτα
1546 5181 1730 5252 ἐπειδὴ

147 5252 288 5322 εἶπε,
319 5257 505 5312 Παντὶ
542 5258 622 5323 τῷ
649 5257 969 5328 σπέρματι,
1007 5261 1235 5333 διορίζει
1261 5266 1400 5337 ποίῳ
1430 5269 1726 5340 σπέρματι.

153 5347 238 5415 Τῷ
263 5350 330 5402 ἐκ
379 5350 492 5418 τῆς
522 5350 798 5418 πίστεως,
849 5354 1003 5423 φησὶ,
1038 5356 1326 5410 συνάπτων
1353 5360 1454 5430 τὴν
1493 5361 1631 5432 πρὸς
1662 5363 1732 5417 τὰ

147 5440 273 5510 ἔθνη
302 5440 641 5508 συγγένειαν,
668 5440 762 5494 καὶ
787 5441 1021 5508 δεικνὺς,
1059 5444 1139 5497 ὅτι
1162 5444 1284 5498 ούδέ
1317 5446 1572 5502 δύνανται
1599 5467 1731 5522 φρο-

145 5535 256 5586 νεῖν
287 5533 375 5585 ἐπὶ
401 5531 476 5602 τῷ
512 5532 676 5604 ’Λϐρα
691 5534 762 5604 ὀμ
788 5536 836 5587 οί
874 5533 947 5606 μὴ
980 5536 1329 5601 πιστεύοντες
1353 5539 1556 5610 ὁμοίως
1588 5544 1730 5596 ἐκεί-

149 5643 240 5695 νῳ.
278 5624 408 5678 Ἰδοὺ
433 5624 526 5677 καὶ
565 5625 745 5696 τρίτον
782 5628 813 5696 ἠ
851 5626 1032 5689 πίστις
1073 5626 1199 5680 ἄλλο
1252 5630 1578 5701 εἰργάσατο·
1631 5637 1729 5704 τὴν

149 5717 253 5788 γάρ
286 5717 604 5787 συγγένειαν
647 5716 744 5787 τὴν
781 5718 916 5786 πρὸς
949 5719 1039 5771 τὸν
1077 5720 1280 5773 δίκαιον
1328 5725 1727 5796 ἀκριϐεστέραν

188 5977 696 6052 ε’ίὲηιιςβφελκομένη
718 5981 802 6036 τὴν
823 5979 995 6046 χάρινη
1017 5980 1222 6032 ὺίὶοᾱρχ
1249 5998 1373 6033 unus
1399 5987 1503 6035 οὐδὲ
1531 5995 1725 6050 φανῆναι

152 6058 306 6097 ουτω.

1223 399 1286 455 ΙΝ
1328 395 1548 455 EI’IST.
1581 393 1670 448 Al)
1719 389 1886 446 ιιΟΜ.
1930 388 2162 446 ιιοιιιι.
2203 388 2337 445 VIII.

3346 376 3449 434 £60

1855 510 2106 578 ἐποίησε,
2173 509 2266 562 καὶ
2302 507 2565 562 πλειόνων
2595 506 2837 573 ἐκγόνων
2863 499 3112 571 ἀπέφηνε
3151 497 3416 570 πρόγονον
3439 513 3454 527 ο

1849 599 1929 654 διὸ
1953 601 2075 654 οῦδὲ
2105 600 2292 664 ἁπλῶς
2323 595 2500 664 εἶπεν,
2540 596 2815 668 Ἀϐραάμ,
2865 593 3024 658 ἀλλὰ,
3084 590 3197 646 Τοῦ
3228 588 3456 658 πατρὸς

1853 691 2163 760 ἡμῶντῶν
2195 690 2449 745 πιστῶν.
2484 686 2618 742 Εἶτα
2637 688 2735 742 καὶ
2762 688 2829 758 τῇ
2869 681 3148 757 μαρτυρίᾳ
3179 682 3456 750 ἐπισφρα-

1848 782 2020 850 γίζων
2063 783 2126 838 τὸ
2155 782 2468 855 είρημένον,
2506 778 2716 845 Καθὼς
2759 775 3108 848 τέτραπται,
3143 772 3331 844 φησὶν,
3365 767 3458 826 ὅτι

1853 874 2078 944 πατέρα
2131 873 2383 929 πολλῶν
2436 870 2630 928 ἐθνῶν
2680 868 2915 926 τέθεικά
2956 883 3046 924 σε.
3084 861 3240 930 Εἶδες
3281 863 3459 917 ταῦτα

1850 960 2060 1021 ἄνωθεν
2096 967 2568 1037 οίκονομούμενας
2602 963 2669 1017 Τί
2711 956 2826 1027 οὖν,
2868 959 3064 1034 φησὶν,
3099 960 3148 1013 εί
3185 956 3456 1029 περὶτῶν

1858 1057 2222 1134 Ἰσμαηλιτῶν
2261 1057 2436 1130 ἡτῶν
2471 1054 2856 1129 Ἀμαληκιτῶν
2904 1052 2938 1125 ἢ
2984 1052 3094 1106 τῶν
3133 1047 3458 1122 Ἀγαρηνῶν

1850 1151 2026 1206 ταῦτα
2057 1149 2209 1220 λέγει
2231 1149 2454 1222 νΤοῦτο
2491 1148 2593 1222 μὲν
2619 1143 2713 1203 οὖν
2747 1145 2955 1218 προῖὼν
2989 1145 3328 1216 σαφέστερον
3350 1140 3460 1194 δείο

1853 1260 2043 1297 κνυσιν
2067 1243 2127 1297 ού
2152 1241 2282 1314 περὶ
2311 1241 2540 1296 ἐκείνων
2569 1241 2692 1314 είρη
2702 1240 2883 1312 μένον·
2911 1237 3050 1302 τέως
3071 1236 3131 1292 δέ
3156 1237 3242 1306 ἐφ’
3265 1235 3458 1304 ἓτερον

1855 1336 2160 1408 ἐπείγεται,
2180 1336 2251 1391 δι’
2271 1328 2333 1390 οῦ
2357 1335 2456 1390 καὶ
2482 1333 2616 1390 αὐτὸ
2634 1334 2795 1388 τοῦτο
2822 1332 3116 1397 δείκνυσιν,
3139 1329 3460 1402 ὁριζόμενος

1851 1428 1953 1500 τῆς
1972 1429 2231 1502 τοιαύτης
2259 1427 2583 1498 συγγενείας
2609 1426 2701 1481 τὸν
2723 1426 2944 1498 τρόπον,
2970 1424 3067 1478 καὶ
3093 1422 3234 1494 μετὰ
3256 1419 3458 1489 πολλῆς

1852 1517 1985 1573 αὐτὸ
2020 1519 2120 1589 τῆς
2166 1517 2526 1589 μεγαλονοίας
2555 1515 3008 1582 κατασκευάζων.
3040 1514 3107 1568 Τί
3139 1513 3248 1585 γάρ
3283 1527 3456 1582 emat;

1852 1607 2182 1664 Κατέναντι
2216 1603 2289 1665 οὗ
2327 1607 2664 1663 ἐπίστευσε
2691 1606 2876 1663 Θεοῦο
2920 1605 2954 1659 6
2985 1604 3043 1659 δὲ
3073 1603 3246 1673 λέγει,
3280 1599 3459 1656 τοιοῦ⁹

1853 1701 1943 1756 τόν
1965 1702 2137 1756 ἐστιν·
2165 1699 2380 1772 Ὠσπερ
2410 1698 2438 1752 6
2465 1698 2600 1765 Θεὸς
2624 1699 2726 1753 οὐκ
2747 1697 2861 1753 ἐστι
2887 1696 3113 1769 μερικὸς
3141 1695 3294 1757 Θεὸς,
3321 1692 3459 1749 ἀλλὰ

1854 1792 2075 1846 πάντων
2105 1789 2312 1862 πατὴρ,
2346 1787 2493 1843 οὕτω
2523 1789 2619 1844 καὶ
2643 1786 2828 1852 αὐτός.
2862 1785 2974 1840 Καὶ
3010 1785 3200 1848 πάλιν,
3238 1783 3457 1851 Ὠσπερ

1851 1884 1880 1937 6
1901 1881 2034 1947 Θεὸς
2067 1882 2251 1953 πατήρ
2277 1883 2425 1935 ἐστιν
2459 1879 2520 1934 οὐ
2544 1879 2685 1934 acati
2715 1879 2815 1950 τὴν
2847 1875 3085 1948 φυσικὴν
3107 1872 3455 1943 συγγένειαν,

1852 1976 1992 2032 ἀλλά
2017 1976 2138 2032 κατ’
2168 1975 2444 2031 οίκείωσιν
2479 1973 2737 2038 πίστεως,
2765 1972 2909 2027 οὕτω
2935 1970 3031 2026 καὶ
3067 1968 3253 2032 αὐτός’
3288 1967 3322 2037 ἡ
3346 1966 3456 2037 γὰρ

1852 2068 2071 2139 ὑπακοὴ
2127 2070 2274 2122 ποιεῖ
2324 2067 2538 2139 πατέρα
2599 2065 2822 2119 πάντων
2855 2061 3038 2135 ἡμῶν.
3080 2059 3301 2129 Ἐπειδὴ
3345 2056 3456 2127 γὰρ

1851 2159 2005 2215 οὐδὲν
2057 2160 2313 2233 ἐνόμιζον
2376 2154 2518 2214 εἶναι
2572 2156 2780 2229 ταύτην
2827 2154 2924 2228 τὴν
2976 2151 3323 2224 συγγένειαν,
3356 2151 3456 2224 τὴν

1852 2251 2168 2324 παχυτέραν
2225 2249 2445 2322 ἐκείνην
2494 2248 2886 2320 κατασχόντες,
2938 2245 3184 2300 δείκνυσι
3247 2241 3455 2316 ταύτην

1852 2342 2218 2414 κυριωτέραν,
2250 2342 2344 2396 ἐπὶ
2377 2341 2469 2396 τὸν
2500 2340 2633 2396 Θεὸν
2663 2340 2755 2394 τὸν
2786 2338 2948 2408 λόγον
2977 2335 3296 2406 ἀναγαγών.
3344 2333 3457 2388 Καὶ

1855 2435 1995 2506 μετά
2023 2434 2230 2489 τούτων
2277 2433 2502 2488 κάκεῖνο
2533 2431 2813 2503 ἐμφαίνει,
2848 2429 2931 2484 ὅτι
2969 2429 3066 2485 καὶ
3092 2426 3329 2499 ἀμοιϐὴν
3355 2425 3454 2495 τῆς

1852 2529 2091 2593 πίστεως
2118 2526 2325 2600 ταύτην
2375 2526 2589 2582 ἔλασεν·
2640 2525 2786 2580 ὥστε
2842 2523 2911 2578 ἂν
2940 2522 3018 2596 μὴ
3061 2521 3222 2577 τοῦτο
3254 2517 3312 2595 ᾖ,
3349 2518 3454 2573 κάν

1852 2622 2072 2674 πάντων
2208 2619 2393 2693 πατὴρ
2421 2618 2532 2673 τῶν
2560 2617 2660 2690 τὴν
2691 2617 2796 2688 γῆν
2830 2616 3153 2683 οἰκούντων,
3191 2614 3272 2682 τὸ,
3299 2617 3447 2669 Κατ-

1849 2711 2077 2777 έναντι,
2129 2712 2233 2766 οὐκ
2289 2710 2404 2783 ἔχει
2454 2710 2665 2782 χώραν,
2728 2709 2845 2765 ἀλλ’
2902 2707 3361 2780 ἠκρωτηρίασται
3419 2706 3454 2776 ή

1849 2804 1945 2857 τοῦ
1993 2802 2131 2857 Θεοῦ
2183 2802 2393 2873 δωρεά’
2441 2803 2505 2857 τὸ
2557 2803 2670 2875 γάρ
2723 2803 3034 2868 κατέναντι,
3063 2800 3270 2872 ὁμοίως
3313 2800 3451 2854 ἐστί.

1852 2893 1962 2948 Ποῦ
1993 2893 2103 2964 γάρ
2132 2895 2470 2966 θαυμαστὸν⁹
2503 2894 2623 2949 είπέ
2666 2912 2778 2967 μοι,
2811 2894 2921 2949 τῶν
2960 2894 3022 2959 ἐξ
3047 2891 3214 2947 αὐτοῦ
3241 2893 3454 2963 πατέρα

1851 2983 2026 3053 εἷναις
2069 2986 2231 3044 τοῦτο
2284 2987 2397 3060 γάρ
2443 2988 2677 3053 ἕκαστος
2732 2989 2998 3060 κέκτηται
3063 2985 3179 3041 τῶν
3238 2985 3455 3057 ἀνθρώ-

1852 3096 1991 3132 πων.
2047 3078 2121 3132 Τὸ
2175 3080 2286 3152 γάρ
2350 3077 2658 3152 παράδοξον
2720 3081 2898 3134 ἐκεῖνό
2967 3081 3139 3146 ἐστιν,
3204 3077 3300 3142 οὒς
3353 3080 3455 3133 ούκ

1851 3165 1998 3241 εἶχεν
2025 3174 2089 3225 ἐκ
2117 3173 2354 3242 φύσεως,
2403 3172 2629 3237 τούτους
2663 3171 2773 3228 ἀπὸ
2808 3172 2911 3244 τῆς
2937 3171 3032 3226 τοῦ
3073 3170 3210 3226 Θεοῦ
3245 3172 3455 3244 δωρεᾶς

1850 3263 2060 3317 λαόεἶν.

1924 3458 1983 3504 ε’.
2028 3451 2192 3504 Ὥστε
2216 3454 2264 3506 εί
2283 3452 2466 3522 βούλει
2495 3455 2805 3520 πιστεῦσαι,
2839 3458 2920 3511 ὅτι
2944 3458 3181 3530 ἐτιμήθη
3203 3461 3231 3513 6
3256 3477 3455 3533 πατρι-

1847 3541 2044 3612 άρχης,
2075 3542 2391 3608 πίστευσον,
2428 3544 2510 3597 ὅτι
2535 3546 2758 3600 πάντων
2785 3548 2902 3602 ἐστὶ
2927 3549 3133 3621 πατήρ.
3162 3548 3348 3603 Εἰπὼν
3370 3551 3451 3614 δέ,

1847 3632 2178 3689 Κατέναντι
2229 3629 2302 3690 οὗ
2359 3635 2692 3694 ἐπίστευσε
2744 3640 2916 3704 Θεοῦ,
2947 3642 3048 3696 οῦκ
3105 3641 3239 3714 ἔστη
3287 3643 3450 3714 μέχρι

1845 3723 2063 3790 τούτου,
2096 3725 2232 3782 ἀλλὰ
2256 3731 2349 3782 καὶ
2383 3729 2660 3800 ἐπήγαγε·
2702 3733 2815 3788 Τοῦ
2845 3732 3283 3803 ζωοποιοῦντος
3307 3737 3451 3804 τοὺς

1844 3817 2123 3884 νεκροὺς,
2152 3819 2252 3872 καὶ
2279 3820 2620 3888 καλοῦντος
2643 3822 2718 3877 τὰ
2737 3823 2825 3893 μὴ
2852 3823 3001 3878 ὄντα
3031 3824 3111 3892 ὡς
3141 3825 3309 3882 ὄντα⁹
3343 3829 3447 3900 ἤδη

1843 3906 1936 3959 τὸν
1966 3908 2094 3980 περὶ
2122 3909 2223 3980 τῆς
2252 3910 2611 3978 ἀναστάσεως
2645 3915 3238 3988 προκαταὸαλλόμενος
3264 3919 3445 3990 λόγον.

1846 3999 1957 4053 Καὶ
1984 4001 2066 4063 είς
2092 4002 2153 4055 τὸ
2174 4002 2537 4075 προκείμενον
2569 4007 2626 4060 δὲ
2649 4007 2799 4078 αύτῷ
2825 4009 3097 4081 χρήσιμος
3126 4007 3212 4083 ἦν.
3248 4013 3311 4067 Εἰ
3336 4013 3447 4087 γὰρ

1841 4090 2071 4147 δυνατὸν
2103 4093 2254 4166 αὐτῷ
2285 4098 2515 4168 νεκροὺς
2549 4097 2909 4170 ζωοποιῆσαι,
2963 4102 3057 4155 καὶ
3089 4103 3157 4157 τὰ
3202 4104 3278 4175 μὴ
3315 4107 3446 4160 ὄντα

1840 4183 1920 4248 ώς
1952 4184 2084 4240 ὄντα
2139 4189 2513 4257 παραγαγεῖν,
2568 4188 2796 4246 δυνατὸν
2845 4192 2997 4264 αύτῷ
3049 4195 3144 4249 καὶ
3194 4199 3320 4261 τοὺς
3369 4201 3445 4270 μὴ

1839 4275 2136 4348 τεχθέντας
2163 4277 2319 4355 [504]
2354 4278 2415 4345 ἐξ
2446 4280 2613 4334 αὑτοῦ
2643 4283 2866 4355 ποιῆσαι
2902 4285 3101 4352 παῖδας
3130 4289 3319 4345 αὐτοῦ.
3344 4294 3444 4346 Διά

1839 4371 2000 4427 τοῦτο
2032 4373 2154 4427 οὐδὲ
2185 4369 2330 4441 εἷπε,
2378 4377 2492 4430 Καὶ⁹
2543 4379 2888 4449 παράγοντος
2952 4381 3020 4437 τά
3065 4382 3167 4439 ούκ
3199 4385 3329 4441 ὄντα
3365 4387 3442 4451 ώς

1837 4465 1990 4531 ὄντα,
2052 4465 2226 4531 ἀλλὰ,
2296 4467 2680 4536 Καλοῦντος,
2747 4470 2849 4542 τὴν
2902 4473 3126 4530 πλείονα
3187 4478 3443 4533 εὐκολίαν

1834 4555 2032 4627 δηλῶν.
2073 4555 2290 4628 Ὥσπερ
2331 4556 2440 4629 γάρ
2479 4558 2611 4630 ἡμῖν
2653 4558 2878 4614 εῦκολον
2909 4563 2979 4618 τά
3011 4564 3143 4621 ὅντα
3183 4568 3438 4632 καλέσαι,

1838 4645 2012 4711 οὕτως
2044 4646 2196 4718 αὐτῷ
2233 4649 2438 4720 ῥᾴδιον,
2495 4649 2591 4703 καὶ
2649 4651 2829 4722 πολλῷ
2864 4654 3015 4725 ῥᾷον,
3077 4655 3149 4710 τά
3194 4659 3269 4730 μὴ
3309 4661 3437 4714 ὄντα

1843 4733 2275 4803 ὑποστήσασθαι.
2321 4735 2510 4790 Είπὼν
2546 4735 2604 4790 δέ
2655 4739 2749 4792 τοῦ
2787 4740 2924 4795 Θεοῦ
2967 4742 3068 4814 τὴν
3094 4744 3306 4817 δωρεάν
3342 4768 3436 4821 με-

1837 4828 2010 4896 γάλην
2052 4826 2218 4882 οὖσαν
2264 4831 2360 4885 καὶ
2408 4832 2638 4901 ἄφατον,
2683 4836 2778 4889 καὶ
2824 4837 2952 4909 περὶ
2994 4840 3096 4911 τῆς
3149 4841 3435 4915 δυνάμεως

1837 4923 2002 4980 αὑτοῦ
2022 4923 2345 4994 διαλεχθεὶς,
2363 4926 2539 4981 δείκνι
2554 4945 2604 4982 σι
2622 4930 2825 4984 καὶτοῦ
2855 4932 3061 5005 Ἀϐραά
3070 4956 3108 5008 μ
3125 4939 3225 5008 τὴν
3249 4941 3434 4994 πίστιν

1836 5019 1991 5089 ἀξίαν
2015 5016 2181 5075 οὖσαν
2204 5023 2307 5092 τῆς
2335 5023 2562 5095 δωρεᾶς,
2592 5027 2679 5080 ἵνα
2721 5028 2797 5100 μὴ
2835 5020 3078 5105 νομίσῃς
3101 5035 3263 5090 αὐτὸν
3307 5041 3430 5111 εἰκῆ

1832 5116 2179 5188 τετιμῆσθαι.
2214 5119 2326 5172 Καὶ
2361 5119 2452 5174 τὸν
2476 5123 2754 5193 ἀκροατὴν
2788 5124 2845 5178 δέ
2883 5126 3218 5199 ἀναστήσας,
3243 5134 3328 5187 ἵνα
3355 5138 3430 5207 μὴ

1835 5211 2152 5284 θορυϐῆται,
2207 5215 2341 5286 μηδέ
2389 5218 2708 5292 ἀμφιϐάλλῃ
2752 5222 2780 5274 6
2824 5221 3076 5290 Ἰουδαῖος
3126 5228 3221 5283 καὶ
3269 5230 3425 5303 λέγῃ,

1835 5311 1942 5363 Καὶ
1996 5311 2115 5375 πῶς
2160 5311 2387 5367 δυνατὸν
2438 5316 2566 5379 τοὺς
2614 5317 2712 5370 ούκ
2747 5319 2907 5386 ὄντας
2938 5325 3134 5388 παῖδας
3169 5327 3427 5394 γενέσθαι

1835 5405 2058 5469 παῖδαςς
2102 5408 2332 5477 μετάγει
2361 5409 2452 5463 τὸν
2478 5411 2636 5481 λόγον
2682 5414 2774 5467 ἐπὶ
2805 5415 2897 5469 τὸν
2929 5420 3301 5493 πατριάρχην,
3330 5429 3425 5479 καί

1833 5518 2016 5573 φησιν·
2057 5503 2164 5570 ’⁸ος
2187 5507 2322 5573 παρ’
2349 5507 2569 5562 ἐλπίδα
2594 5511 2687 5563 ἐπ’
2711 5512 2916 5568 ἐλπίδι
2944 5515 3316 5575 ἐπίστευσεν
3337 5526 3426 5589 εἰς

1830 5600 1897 5652 τὸ
1924 5599 2200 5669 γενέσθαι
2223 5603 2414 5657 αὐτὸν
2435 5607 2661 5676 πατέρα
2688 5610 2938 5665 πολλῶν
2957 5613 3168 5679 ἐθνῶν,
3191 5621 3342 5673 κατὰ
3355 5619 3424 5673 τὸ

1830 5698 2148 5767 εἰρημένον
2174 5710 2195 5739 ο
2224 5717 2238 5732 ο
2272 5701 2472 5768 Οὕτως
2497 5703 2668 5758 ἔσται
2706 5707 2772 5759 τὸ
2803 5709 3040 5779 σπέρμα
3068 5730 3200 5770 σου.

1839 5993 2448 6080 ...⁶.ΜΊΞΞ¹;.,¹Ὲ¹³ζεξξ.,κπὶ
2471 6001 2810 6080 τδεῖιημένον-
2860 6010 3014 6059 Pw!"
3045 6021 3157 6074 pust
3199 6021 3419 6080 quaedam

1837 6057 1884 6103 in
1917 6056 2204 6108 Morelliana
2231 6061 2451 6111 cdillonc
2479 6056 2732 6116 utiuiaqex
2761 6056 2876 6122 mss:
2903 6056 3196 6129 εᾷτείιῖῐιιίἶτ.
