4118 6340
706 403 807 462 ιιῑι

777 522 901 585 Πῶς
931 518 1063 590 παρ’
1093 523 1280 577 ἐλπίδα
1332 524 1420 576 ἐπ’
1461 523 1635 577 ἐλπίδι
1673 491 2166 593 ἐπίστευσεςθίῐαᾷ
2200 522 2285 574 ιλ-

700 610 833 665 ἰτίδα
888 610 986 682 τὴν
1036 612 1403 683 ἀνθρωπίνην,
1465 611 1552 663 ἐπ’
1618 610 1793 663 ἐλπίδι
1854 614 1920 682 τῇ
1980 608 2079 662 τοῦ
2118 608 2277 662 Θεοῦ.

702 700 951 754 Δείκνυσι
987 696 1095 767 γὰρ
1120 700 1218 752 καὶ
1243 700 1303 753 16
1334 698 1619 770 μεγαλεῖον
1651 697 1755 751 τοῦ
1784 699 2132 768 πράγματος,
2180 696 2277 749 καὶ

695 788 799 841 οὐκ
826 789 1050 860 ἀφίησιν
1072 787 1437 857 ἀπιστηθῆναι
1467 786 1528 838 16
1549 785 1858 856 λεγόμενον*
1890 785 2033 854 ἀπερ
2059 783 2279 837 ἐναντία

701 875 951 947 ἀλλήλοις
984 877 1150 939 ἐστὶν,
1182 873 1355 943 ἀλλ’ἢ
1399 873 1583 935 πίστις
1613 872 1751 926 αὐτὰ
1796 873 2175 941 συνεκέρασεν.
2216 871 2279 923 Εἰ

700 964 758 1018 δέ
786 966 912 1036 περὶ
942 964 1165 1017 ἐκείνων
1196 963 1345 1028 ἔλεγε
1370 960 1481 1013 τῶν
1510 963 1575 1013 ἐκ
1605 960 1699 1014 τοῦ
1750 958 1985 1030 Ἰσραὴλ,
2024 958 2279 1029 περιττὸς

697 1042 855 1114 0610;
880 1053 907 1104 6
939 1051 1113 1119 λόγος·
1138 1051 1333 1102 ἐκεῖνοι
1355 1048 1464 1119 γὰρ
1487 1047 1549 1101 06
1574 1046 1713 1100 κατά
1740 1046 1940 1111 πίστιν,
1973 1044 2109 1099 ἀλλά
2134 1045 2279 1100 κατά

700 1137 862 1206 φύσιν
902 1137 1221 1207 ἐτέχθησαν.
1268 1135 1429 1189 Ἀλλά
1472 1135 1565 1187 καὶ
1609 1133 1699 1186 τὸν
1751 1132 1933 1186 ’ῐσαάκ
1984 1135 2066 1197 είς
2112 1132 2277 1203 μέσον

696 1226 853 1295 ἀγει-
910 1227 971 1279 οὐ
1001 1224 1113 1296 γάρ
1140 1224 1281 1296 ὑπὲρ
1324 1223 1547 1277 ἐκείνων
1597 1222 1884 1275 ἐπίστευσε
1934 1220 2043 1274 τῶν
2084 1220 2275 1284 ἐθνῶν,

696 1314 830 1368 ἀλλὰ
876 1314 971 1367 τοῦ
1019 1312 1127 1367 ἀπὸ
1172 1311 1273 1381 τῆς
1311 1309 1530 1381 στείρας
1580 1309 1837 1378 γυναικὸς
1890 1308 2171 1378 ἐσομένου.
2212 1308 2278 1363 Εἰ

692 1402 874 1456 τοίνυν
904 1400 1093 1473 μισθός
1120 1402 1237 1452 ἐστι
1254 1399 1316 1452 16
1342 1398 1553 1470 πατέρα
1580 1398 1791 1451 πολλῶν
1812 1397 1980 1451 ἐθνῶν
2001 1396 2274 1465 γενέσθαι,

696 1488 920 1541 ἐκείνων
968 1486 1075 1539 τῶν
1131 1484 1302 1538 ἐθνῶν
1354 1484 1493 1556 ὑπὲρ
1544 1478 1618 1539 ῶν
1663 1484 1951 1537 ἐπίστευσε
1979 1483 2142 1554 δῆλον
2172 1485 2275 1540 δτι.

698 1577 814 1629 ἰνα
841 1572 947 1646 γάρ
977 1572 1175 1645 μάθῃς,
1201 1570 1433 1642 ὅτιπερὶ
1460 1571 1662 1625 τούτων
1692 1571 1878 1641 φησὶν,
1903 1570 2138 1625 ἄκουσον
2165 1571 2279 1624 τῶν

692 1662 841 1732 ἐξῆς·
869 1660 975 1715 Καὶ
1004 1659 1089 1730 μὴ
1113 1658 1463 1726 ἀσθενήσας
1488 1656 1564 1727 τῇ
1588 1658 1810 1726 πίστει,
1837 1660 1910 1712 οὐ
1949 1660 2279 1727 κατενόησε

694 1753 761 1806 τὸ
786 1750 1003 1806 ἑαυτοῦ
1025 1748 1194 1819 σῶμα
1212 1746 1679 1817 νενεκρωμένον,
1701 1748 2136 1817 ἐκατονταέτης
2161 1763 2279 1804 που

692 1837 1003 1907 ὑπάρχων,
1065 1834 1163 1889 καί
1204 1836 1320 1903 τὴν
1358 1834 1657 1903 νέκρωσιν
1712 1834 1825 1904 τῆς
1878 1834 2111 1905 μήτρας
2167 1835 2279 1904 τῆς

696 1924 947 1994 Σάρρας.
989 1919 1139 1986 Εἶδες
1170 1922 1290 1985 πῶς
1343 1921 1526 1993 τίθησι
1569 1921 1664 1975 καὶ
1719 1923 1790 1977 τά
1830 1922 2150 1993 κωλύματα,
2183 1924 2279 1975 καὶ

694 2012 794 2083 τὴν
823 2011 1034 2082 ὑψηλὴν
1069 2009 1163 2062 τοῦ
1192 2008 1401 2063 δικαίου
1440 2007 1669 2079 γνώμην
1699 2008 1878 2063 πάντα
1918 2009 2279 2081 ὑπερϐαίνου-

695 2117 830 2165 σαν;
858 2100 1002 2166 Παρ⁹
1027 2097 1267 2161 ἐλπίδα,
1299 2096 1454 2167 φησί,
1486 2096 1548 2149 16
1577 2095 1931 2165 ἐπαγγελθέν.
1966 2097 2136 2151 Τοῦτο
2168 2097 2277 2151 κώ-

692 2187 837 2258 λυμα
872 2184 1104 2257 πρῶτον·
1137 2183 1256 2236 οὐδὲ
1290 2182 1398 2254 γὰρ
1426 2177 1573 2253 εἶχεν
1608 2182 1772 2246 αὐτὸς
1799 2183 1986 2255 ἓτερον
2022 2184 2280 2257 ’Δσραάμ

686 2272 836 2329 οῦτω
882 2272 1116 2326 λαϐόντα
1166 2271 1331 2324 παῖδα
1385 2270 1532 2323 ἰδεῖν.
1566 2270 1629 2322 Οἰ
1662 2269 1761 2341 μέν
1802 2270 1911 2342 γὰρ
1948 2271 2065 2341 μετ’
2094 2272 2277 2336 αὐτὸν,

694 2362 776 2423 εἰς
798 2359 958 2413 αὐτὸν
989 2358 1233 2411 ἔδλεποψ
1268 2358 1473 2419 ἐκεῖνος
1494 2357 1550 2409 δέ
1580 2358 1659 2419 εἰς
1692 2357 1904 2421 οὐδένα,
1939 2358 2055 2411 ἀλλ’
2079 2361 2158 2421 είς
2189 2360 2279 2413 τὸν

694 2446 827 2501 Θεὸν
862 2447 1040 2517 μόνον·
1076 2444 1157 2497 διδ
1202 2445 1319 2508 καὶ,
1348 2443 1489 2511 Παρ’
1515 2443 1759 2506 ἐλπίδα,
1804 2444 2011 2513 ἔλεγεν.
2061 2443 2193 2499 Εἶτα
2217 2448 2277 2501 τὸ

697 2534 855 2604 σῶμα
879 2530 1284 2603 νενεκρωμένον
1336 2528 1590 2599 δεύτερον
1615 2529 1793 2582 τοῦτο·
1818 2530 1915 2583 καὶ
1940 2533 1974 2602 ὴ
2009 2530 2194 2603 νέκρω
2218 2550 2278 2597 ἐς

691 2623 792 2692 τῆς
824 2621 1038 2692 μήτρας
1076 2618 1314 2691 Σάρῤας·
1344 2616 1502 2671 τοῦτο
1533 2618 1627 2669 καὶ
1653 2617 1838 2687 τρίτον
1875 2618 1971 2671 καὶ
1995 2618 2271 2689 τέταρτον.

694 2710 800 2775 El;
817 2708 884 2760 δὲ
907 2706 1022 2775 τὴν
1050 2705 1417 2774 ἐπαγγελίαν
1460 2703 1569 2757 τοῦ
1615 2702 1767 2757 Θεσῦ
1802 2704 1874 2757 οὐ
1903 2704 2170 2774 διεκρίθη
2201 2705 2279 2775 τῇ

693 2796 963 2861 ἀπιστίᾳ.
1002 2792 1137 2847 Οὐδὲ
1166 2791 1275 2865 γὰρ
1305 2789 1581 2855 ἀπόδειξιν
1625 2789 1847 2856 ἔδωκεν,
1878 2791 2004 2844 οὐτε
2052 2796 2277 2863 σημεῖον

696 2882 951 2951 ἐποίησεν
971 2881 1003 2932 6
1032 2878 1185 2944 Θεδς,
1211 2877 1349 2931 ἀλλά
1377 2877 1598 2947 ῥήματά
1626 2871 1695 2947 ἦν
1730 2875 1860 2945 ψιλά
1892 2877 2075 2946 μόνον,
2113 2880 2277 2946 ἐπαγ.

692 2968 991 3039 γελλόμενα
1023 2966 1166 3036 άπερ
1202 2965 1302 3034 οὐχ
1330 2964 1697 3034 ὑπισχνεῖτοὴ
1732 2962 1914 3031 φύσις.
1959 2964 2099 3017 Ἀλλ’
2126 2966 2277 3036 ὅμως

696 3059 779 3112 Οὐ
812 3056 1101 3123 διεκρίθη,
1134 3053 1317 3124 φησίν.
1347 3053 1461 3106 οὐκ
1484 3048 1658 3117 εἶπεν,
1692 3052 1775 3105 ὅτι
1806 3052 1919 3105 Οὐκ
1952 3054 2273 3124 ἠπίστησεν,

694 3144 833 3209 ἀλλ’,
863 3145 944 3197 οὐ
996 3140 1284 3209 διεκρίθη·
1316 3139 1618 3203 τουτέστιν,
1664 3138 1785 3192 οὐδέ
1810 3139 2131 3206 ἐνεδοίασεν,
2157 3142 2279 3194 οὐδὲ

696 3230 1001 3303 ἀμφέϐαλε,
1052 3227 1147 3282 καὶ
1205 3226 1475 3280 τοσούτων
1530 3227 1701 3281 όντων
1754 3226 1863 3280 τῶν
1915 3227 2273 3298 κωλυμάτων.

694 3319 830 3373 Ἀπὸ
857 3318 1061 3376 τούτων
1096 3315 1462 3388 μανθάνομεν,
1494 3317 1576 3369 ὅτι
1608 3316 1709 3369 κάν
1734 3315 1901 3387 μυρία
1932 3316 1961 3369 ό
1992 3316 2126 3381 Θεὸς
2150 3317 2278 3371 ἀδύ-

694 3425 830 3462 νατα
875 3403 1307 3475 ἐπαγγέλληται,
1346 3404 1421 3475 μὴ
1455 3404 1817 3475 καταδέξηται
1864 3405 1922 3458 δὲ
1957 3406 1986 3459 6
2037 3405 2275 3472 ἀκούων,

695 3497 756 3549 06
801 3495 900 3565 τῆς
938 3494 1048 3546 τῶν
1083 3492 1426 3562 πραγμάτων
1466 3490 1680 3559 φύσεώς
1714 3493 1861 3545 ἐστιν
1919 3494 1954 3562 η
2000 3492 2272 3558 ἀσθένεια,

696 3580 833 3633 ἀλλά
882 3579 981 3649 τῆς
1028 3576 1211 3640 ἀνοίας
1257 3576 1357 3646 τῆς
1411 3575 1505 3629 τοῦ
1543 3576 1615 3646 μὴ
1650 3578 1966 3648 δεχομένου.
2005 3578 2158 3633 Ἀλλ’
2182 3580 2277 3633 ἑν-

694 3664 1042 3735 εδυναμώθη
1096 3662 1172 3732 τῇ
1226 3662 1446 3717 πίστει.
1486 3663 1626 3733 Ὅρα
1679 3665 1893 3718 Παύλου
1937 3666 2273 3736 φιλοσοφίαν.

709 3754 929 3824 Ἐπειδὴ
1003 3753 1113 3824 γὰρ
1197 3752 1325 3823 περὶ
1388 3752 1498 3805 τῶν
1558 3752 1941 3825 ἐργαζομένων
2001 3756 2100 3809 καὶ
2167 3756 2277 3810 τῶν

696 3842 1060 3895 πιστευόντων
1105 3835 1174 3910 ἦν
1221 3841 1250 3892 6
1298 3840 1477 3908 λόγος,
1528 3840 1765 3893 δείκνυσι
1814 3842 1906 3895 16v
1954 3844 2278 3900 πιστεύοντα

696 3932 1061 4003 ἐργαζόμενον
1094 3928 1294 4001 μᾶλλον
1315 3930 1348 4000 ἢ
1374 3931 1602 3994 ἐκεῖνον,
1626 3930 1723 3983 καὶ
1758 3930 2003 3995 πλείονος
2024 3933 2277 4004 δεόμενον

696 4020 980 4089 δυνάμεως
1002 4016 1095 4071 καὶ
1126 4015 1326 4086 πολλῆς
1366 4016 1462 4084 τῆς
1499 4015 1702 4087 ἰσχύος,
1726 4017 1819 4069 καὶ
1845 4018 1905 4070 06
1928 4020 2019 4073 τὸν
2048 4022 2278 4091 τυχόντα

698 4107 1035 4177 ὑπομένοντα
1064 4104 1244 4157 πόνον.
1279 4104 1390 4156 Καὶ
1426 4103 1534 4174 γάρ
1578 4102 1911 4168 ἐξευτέλιζον
1953 4106 2051 4178 τὴν
2095 4109 2277 4165 πίστιν

689 4197 771 4260 ὡς
803 4196 903 4247 οὐκ
924 4194 1151 4264 ἔχουσαν
1175 4192 1355 4247 πόνον.
1389 4190 1537 4264 [505]
1566 4193 1709 4263 Πρὸς
1726 4192 1885 4246 τοῦτο
1915 4195 2092 4250 τοίνυν
2128 4198 2277 4251 ἰστά-

702 4298 860 4351 μενος
888 4281 1179 4344 δείκνυσιν,
1210 4282 1291 4331 ὅτι
1312 4278 1371 4331 06
1400 4280 1557 4348 μόνον
1575 4280 1604 4331 6
1626 4280 1980 4351 σωφροσύνην
1997 4285 2277 4353 κατορθῶν

698 4371 730 4440 ἦ
762 4369 889 4424 ἀλλο
913 4385 967 4421 τι
992 4368 1099 4421 τῶν
1120 4366 1347 4420 τοιούτω
1359 4386 1399 4430 ι,
1426 4365 1562 4420 ἀλλά
1594 4368 1688 4420 καὶ
1714 4368 1743 4417 6
1768 4370 1947 4422 πίστιν
1973 4372 2277 4426 ἐπιδεικνύ-

700 4474 880 4528 μενος,
902 4457 1186 4526 δυνάμεως
1211 4456 1379 4509 δεῖται
1412 4454 1676 4518 πλείονος.
1704 4456 1913 4527 Ὠσπερ
1935 4458 2041 4530 γάρ
2069 4461 2275 4527 ἐκεῖνος

696 4548 884 4619 χρείαν
916 4546 1027 4616 ἔχει
1063 4544 1266 4615 ἰσχύος,
1303 4545 1391 4597 ῖνα
1418 4546 1542 4607 τοὺς
1570 4544 1669 4613 τῆς
1698 4546 1997 4611 ἀκολασίας
2020 4549 2274 4622 διακρού-

699 4652 857 4705 σηται
882 4632 1193 4703 λογισμούς·
1222 4630 1364 4685 οὕτω
1396 4632 1489 4684 καὶ
1522 4624 1675 4695 οὗτος
1696 4634 1884 4703 χρείαν
1908 4634 2019 4705 ἔχει
2043 4637 2274 4710 δυνατῆς

696 4725 894 4795 ψυχῆς,
947 4723 1033 4775 ῖνα
1070 4721 1167 4785 τὰς
1208 4722 1305 4792 τῆς
1355 4720 1614 4784 ἀπιστίας
1665 4723 2005 4795 ἐξωθήσηται
2042 4728 2268 4793 ἐννοίας.

698 4812 818 4874 Πῶς
841 4806 933 4864 οὖν
964 4809 1175 4877 ἐγένετο
1210 4808 1454 4880 ίσχυρός;
1480 4810 1558 4879 Τῇ
1584 4809 1781 4878 πίστει,
1816 4814 2001 4883 φησὶν,
2036 4813 2098 4867 οὐ
2126 4815 2271 4885 λογι-

704 4901 854 4969 τμοῖς
880 4896 939 4949 16
968 4896 1198 4966 πρᾶγμα
1226 4896 1542 4964 ἐπιτρέψας·
1577 4897 1697 4949 ἐπεὶ
1725 4899 1790 4951 ἂν
1822 4900 2109 4954 κατέπεσε.
2149 4904 2273 4968 Πῶς

694 4988 750 5040 δὲ
806 4984 971 5057 αὐτὴν
1014 4983 1112 5053 τὴν
1158 4981 1338 5035 πίστιν
1372 4982 1737 5053 κατώρθωσες
1778 4986 1925 5053 Δοὺς
1964 4988 2154 5053 δόξαν
2192 4992 2272 5058 τῷ

696 5074 839 5142 Θεῷ,
868 5074 1020 5145 φησὶ,
1044 5073 1142 5126 καί
1165 5071 1669 5141 πληροφορηθεὶς,
1697 5073 1787 5127 ὅτι
1821 5074 1853 5128 δ
1884 5076 2269 5148 ἐπήγγελται,

692 5163 951 5225 δυνατός
978 5161 1106 5213 ἐστι
1138 5161 1237 5214 καί
1265 5160 1533 5228 ποιῆσαι.
1562 5161 1710 5230 ’Δρα
1735 5162 1794 5214 16
1822 5160 1897 5233 μὴ
1926 5168 2273 5237 περιεργάζε-

696 5252 840 5313 σθαι,
866 5248 1109 5314 δοξάζειν
1135 5250 1251 5301 ἐστὶ
1278 5250 1365 5301 τὸν
1388 5249 1544 5312 Θεὸν,
1562 5248 1754 5320 ὥσπερ
1781 5247 1874 5305 οὖν
1895 5253 1955 5305 τὸ
1976 5258 2272 5327 περιεργά-

695 5339 904 5403 ζεσθαι,
939 5335 1298 5408 πλημμελεῖν.
1324 5338 1387 5389 Εἰ
1418 5337 1475 5389 δὲ
1500 5338 1568 5390 τὰ
1605 5338 1755 5391 κάτω
1779 5342 2271 5413 περιεργαζόμενοι

695 5428 789 5480 καὶ
818 5425 1103 5494 ζητοῦντες
1145 5425 1205 5476 οὐ
1233 5424 1545 5494 δοξάζομεν,
1589 5426 1768 5497 πολλῷ
1816 5429 2015 5497 μᾶλλον
2041 5430 2139 5501 τὴν
2175 5432 2270 5487 τοῦ

692 5514 963 5567 Δεσπότου
1006 5516 1257 5582 γέννησιν
1287 5512 1885 5584 πολυπραγμονοῦντες,
1914 5518 1990 5580 ὡς
2020 5519 2269 5589 ὑϐρίζον-

692 5620 783 5666 τες
819 5600 886 5654 τά
932 5601 1132 5670 ἔσχατα
1181 5601 1503 5671 πεισόμεθα.
1562 5605 1623 5656 Εἰ
1675 5605 1780 5675 γάρ
1825 5605 1914 5657 τὸν
1957 5608 2125 5661 τύπον
2172 5611 2272 5679 τῆς

691 5690 1039 5750 ἀναστάσεως
1063 5688 1123 5741 06
1152 5689 1257 5757 χρὴ
1277 5687 1479 5760 ζητεῖν,
1504 5690 1681 5760 πολλῷ
1709 5692 1907 5762 μᾶλλον
1934 5696 2001 5747 τά
2025 5697 2272 5770 ἀπόρῤη·

690 5796 757 5831 τα
817 5779 998 5829 ἐκεῖνα
1069 5778 1162 5827 καὶ
1230 5779 1450 5847 φρικτά.
1507 5779 1736 5832 Καὶούκ
1789 5779 1908 5834 εἷπε
1971 5788 2270 5851 πιστεύσας

689 5863 891 5928 ἁπλῶς,
966 5862 1123 5927 ἀλλὰ,
1190 5867 1690 5933 Πληροφορηθείς.
1750 5869 2001 5923 Τοιοῦτον
2064 5874 2171 5945 γὰρ
2235 5880 2267 5945 ἡ

689 5949 893 6009 πίστις,
940 5950 1037 6016 τῆς
1084 5947 1192 5999 ἀπὸ
1226 5946 1496 6017 λογισμῶν
1544 5951 1888 6015 ἀποδείξεως,
1935 5958 2265 6027 σαφεστέρα,

692 6030 783 6081 καὶ
814 6028 1009 6097 μᾶλὶον
1041 6029 1238 6082 πείθει·
1271 6032 1329 6082 οὐ
1373 6031 1478 6101 γὰρ
1509 6031 1619 6084 ἔστι
1656 6032 1909 6105 λογισμὸν
1942 6038 2125 6108 ἕτερον
2163 6043 2261 6091 57;-

1404 404 1463 460 S.
1503 402 1786 461 JOANNlS
1822 400 2309 459 CHRYSOSTOMI
2348 400 2666 461 ARCIIIEP.
2707 402 3261 463 CONSTANTINOP'

3877 407 3983 461 ιεε

2392 523 2701 577 εισελθόντα
2734 526 3249 597 αὐτῇ⁶διασαλεῦσαι
3280 529 3487 582 λοιπόν.
3524 530 3583 583 '0
3619 529 3719 598 μὲν
3747 529 3860 600 γὰρ
3891 527 3981 580 λόα

2390 628 2504 679 γοις
2531 612 2851 683 πειθόμενος
2896 616 2991 669 καὶ
3032 617 3462 688 μεταπεισθῆναι
3484 616 3730 671 δύναται·
3769 620 3798 670 6
3824 617 3886 671 δέ
3916 620 3983 687 τῇ

2389 698 2571 751 πίστει
2620 698 3013 771 βεδαιούμενος
3068 704 3383 773 ἀπετείχισε
3430 704 3621 759 λοιπὸν
3669 705 3840 758 αὐτοῦ
3885 704 3986 770 τὴν

2382 786 2549 857 ἀκοὴν
2593 790 2708 851 τοῖς
2750 791 3174 861 λυμαινομένοις
3205 793 3376 864 αὐτὴν
3406 795 3606 863 λόγοις.
3651 792 3841 845 Εἰπὼν
3873 793 3985 843 τοί-

2381 892 2495 933 νυν,
2523 874 2606 926 ὅτι
2658 875 2767 927 ἀπὸ
2808 876 3047 940 πίστεως
3088 879 3404 952 ἐδικαιώθη,
3431 881 3728 944 δείκνυσιν,
3771 878 3859 930 ὅτι
3891 879 3985 929 καὶ

2380 960 2598 1026 ἐδόξασε
2656 961 2746 1014 τὸν
2775 961 2909 1015 Θεδν
2935 964 3044 1016 ἀπὸ
3081 966 3181 1036 τῆς
3216 965 3473 1030 πίστεωςο
3514 964 3696 1040 δοβίου
3738 962 3980 1035 μάλιστά

2379 1049 2526 1101 ἐστιν
2551 1048 2698 1104 ἴδιον.
2739 1050 3044 1116 Λαμψάτω
3073 1046 3184 1120 γάρ
3232 1049 3401 1117 ὑμῶν
3431 1050 3500 1104 τὸ
3542 1049 3675 1119 φῶς
3706 1052 3976 1121 ἐμπροσ-

2380 1138 2487 1189 θεν
2532 1134 2651 1188 τῶν
2693 1134 3024 1203 ἀνθρώπων
3041 1178 3057 1203 ,
3099 1136 3259 1197 ὅπως
3302 1135 3473 1190 ιδωσι
3518 1135 3593 1189 τὰ
3637 1136 3801 1189 καλὰ
3834 1139 3983 1205 ἔργα

2379 1223 2567 1292 ὑμῶν,
2595 1224 2695 1278 καί
2727 1224 3034 1287 δοξάσωσι
3083 1224 3193 1278 τὸν
3229 1222 3464 1293 Πατέρα
3514 1225 3685 1293 ὑμῶν
3740 1223 3857 1277 τὸν
3911 1222 3983 1275 ἐν

2380 1310 2505 1376 τοῖς
2531 1312 2831 1379 οὐρανοῖς,
2884 1312 3016 1365 Ἰδοὺ
3048 1310 3210 1364 τοῦτο
3262 1311 3365 1381 τῆς
3403 1311 3642 1373 πίστεως
3683 1310 3742 1363 δν
3777 1309 3975 1379 ἐφάνη.

2381 1398 2547 1452 Πάλιν
2572 1398 2628 1451 δέ
2662 1397 2854 1469 ῶσπερ
2888 1400 2955 1453 τὰ
2987 1399 3125 1469 ἔργα
3154 1397 3326 1450 δεῖται
3354 1397 3659 1467 δυνάμεως,
3702 1394 3851 1449 οὕτω
3883 1396 3979 1449 καὶ

2376 1487 2412 1557 ἡ
2472 1486 2677 1552 πίστις.
2745 1486 3014 1540 Ἐνταῦθα
3080 1484 3180 1555 μέν
3245 1482 3355 1555 γάρ
3426 1483 3688 1546 πολλάκις
3754 1484 3853 1537 καὶ
3918 1482 3980 1536 16

2384 1574 2542 1643 σῶμα
2607 1573 2894 1645 μερίζεται
2954 1574 3046 1627 τὸν
3096 1572 3320 1643 ἰδρῶταῖ
3370 1572 3492 1625 ἐκεῖ
3540 1568 3596 1621 δὲ
3654 1570 3759 1639 τῆς
3797 1570 3981 1639 ψυχῆς

2381 1662 2597 1733 γυμνῆς
2624 1665 2741 1717 ἐστι
2788 1664 2849 1717 τὸ
2879 1662 3233 1733 κατόρθωμα.
3272 1662 3438 1715 Ὠστε
3481 1658 3682 1730 μείζων
3722 1660 3753 1713 6
3791 1658 3977 1721 πόνος,

2381 1751 2509 1804 ὅταν
2558 1750 2692 1822 μηδέ
2732 1751 2824 1804 τὸν
2863 1750 3252 1821 διανεμόμενον
3279 1748 3417 1821 πρὸς
3452 1747 3622 1819 αὐτὴν
3651 1746 3750 1818 ἔχη
3794 1756 3815 1777 ⁸
3848 1747 3979 1809 τοὺς

2382 1840 2621 1909 ἀγῶνας.

2464 2032 2545 2087 ς’.
2585 2021 2734 2091 Εἰδες
2765 2025 2882 2091 πῶς
2918 2026 3114 2091 πάντα,
3141 2025 3286 2097 ἀπερ
3321 2019 3389 2095 ἦν
3411 2023 3612 2095 ἔργων,
3637 2019 3811 2085 ἔδειξε
3842 2018 3982 2089 μετά

2382 2114 2629 2177 πλείονος
2682 2114 3003 2186 περιουσίας
3053 2116 3119 2185 τῇ
3161 2112 3345 2165 πίστει
3399 2109 3693 2181 προσόντα,
3743 2101 3861 2160 οἷον
3920 2104 3983 2159 16

2383 2201 2694 2272 καυχᾶσθαι
2740 2201 2876 2272 πρὸς
2913 2202 3004 2255 τὸν
3032 2199 3186 2262 Θεὸν,
3226 2199 3286 2251 16
3314 2196 3599 2266 δυνάμεως
3630 2193 3845 2249 δεῖσθαι
3886 2193 3983 2245 καὶ

2384 2290 2572 2353 πόνου,
2603 2288 2666 2341 16
2698 2288 2945 2351 δοξάζειν
2972 2286 3135 2341 πάλιν
3153 2286 3246 2338 τὸν
3276 2284 3443 2349 Θεόν;
3479 2280 3666 2336 Εἰπὼν
3691 2281 3774 2347 δὲ,
3806 2280 3935 2333 ὀτι
3954 2279 3982 2330 ὃ

2378 2376 2736 2447 ἐπήγγελται,
2766 2376 2990 2439 δυνατός
3016 2378 3131 2427 ἐστι
3162 2373 3257 2426 καὶ
3280 2370 3531 2440 ποιῆσαι,
3571 2370 3723 2422 δοκεῖ
3760 2384 3855 2437 μοι
3887 2368 3984 2419 καὶ

2378 2464 2508 2535 περὶ
2531 2463 2639 2516 τῶν
2681 2462 2986 2533 μελλόντων
3026 2461 3472 2531 προαναφωνεῖν’
3503 2458 3563 2511 οὐ
3595 2456 3705 2527 γάρ
3731 2458 3803 2509 τά
3836 2473 3973 2527 παρ-

2377 2548 2507 2602 όντα
2558 2549 2929 2621 ἐπηγγείλατο
2980 2548 3163 2619 μόνον,
3222 2545 3359 2600 ἀλλά
3414 2544 3510 2597 καὶ
3562 2543 3631 2596 τά
3687 2541 3981 2613 μέλλοντα·

2378 2636 2554 2691 ταῦτα
2594 2638 2709 2709 ηάρ
2757 2636 2932 2700 τύπος
2976 2634 3224 2691 ἐκείνων.
3263 2635 3409 2705 ’Δρα
3437 2630 3699 2694 ἀσθενοῦς
3735 2631 3984 2695 διανοίας

2377 2724 2440 2778 16
2471 2726 2550 2796 μὴ
2578 2724 2881 2788 πιστεύειν,
2912 2724 3007 2777 καὶ
3039 2724 3244 2795 μικρᾶς
3277 2723 3373 2775 καὶ
3401 2718 3772 2790 ταλαιπώρου.
3812 2719 3983 2772 Ὥστε

2378 2813 2508 2867 ὅταν
2543 2816 2676 2883 ἡμῖν
2704 2812 2981 2881 ἐγκαλῶσι
3006 2812 3106 2882 τὴν
3138 2813 3323 2865 πίστιν
3352 2810 3515 2873 τινὲς,
3547 2808 3984 2877 ἀντεγκαλῶμεν

2378 2902 2540 2971 ἡμεῖς
2578 2900 2679 2971 τὴν
2718 2900 2981 2953 ἀπιστίαν
3014 2901 3220 2964 αὐτοῖς,
3250 2899 3327 2962 ώς
3355 2896 3729 2966 ταλαιπώροις
3759 2898 3859 2949 καὶ
3896 2915 3986 2965 μι-

2377 2986 2676 3059 κροψύχοις
2706 2987 2802 3040 καὶ
2836 2988 3089 3057 ἀνοήτοις
3114 2986 3209 3038 καὶ
3233 2983 3519 3037 ἀσθενέσιν
3546 2984 3640 3037 καὶ
3662 2984 3805 3036 όνων
3827 2982 3983 3035 οὐδὲν

2378 3074 2600 3144 ἄμεινον
2629 3073 3017 3144 διακειμένοις.
3047 3074 3260 3143 Ὠσπερ
3287 3071 3398 3142 γάρ
3422 3070 3485 3124 16
3516 3069 3797 3123 πιστεύειν
3843 3068 3984 3138 ὑψη-

2378 3166 2478 3236 λῆς
2536 3167 2629 3222 καὶ
2688 3164 3063 3236 μεγαλοφυοῦς
3117 3166 3332 3236 ψυχῆς·
3394 3162 3538 3217 οὕτω
3605 3161 3667 3215 16
3719 3162 3984 3215 ἀπιστεῖν

2379 3254 2733 3324 ἀλογωτάτης
2766 3254 2861 3307 καὶ
2898 3251 3152 3315 εὐτελοῦς
3183 3254 3278 3305 καὶ
3312 3251 3449 3322 πρὸς
3476 3250 3575 3320 τὴν
3616 3249 3727 3303 τῶν
3760 3248 3983 3321 κτηνῶν

2377 3344 2564 3399 ἄνοιαν
2624 3340 3125 3413 κατενηνεγμένης.
3187 3341 3388 3408 Διόπερ
3436 3338 3681 3402 ἐκείνους
3718 3338 3982 3407 ἀφέντες,

2378 3430 2469 3483 16v
2493 3429 2838 3500 πατριάρχην
2860 3428 3217 3499 ζηλώσωμεν,
3251 3431 3346 3482 καὶ
3371 3426 3689 3496 δοξάσωμεν
3708 3425 3804 3478 16v
3822 3425 3983 3488 Θεδν,

2380 3516 2633 3588 καθάπερ
2693 3518 2899 3580 ἐκεῖνος
2943 3515 3143 3569 ἔδωκεν
3187 3514 3337 3585 αὐτῷ
3388 3515 3565 3581 δόξαν.
3608 3512 3674 3565 Τί
3705 3512 3764 3565 δέ
3803 3514 3983 3577 ἐστιν,

2382 3604 2622 3665 Ἔδωκεν
2651 3602 2799 3674 αὐτῷ
2827 3603 3023 3669 δόξαν;
3068 3601 3384 3672 Ἕνενόησεν
3398 3598 3549 3673 [506]
3567 3597 3737 3651 αὐτοῦ
3766 3598 3874 3669 τὴν
3904 3598 3982 3650 δι-

2378 3690 2693 3760 καιοσύνην,
2733 3690 2833 3759 τὴν
2866 3690 3094 3759 ἄπειρον
3119 3688 3373 3759 δύναμιψ
3411 3689 3503 3741 καὶ
3534 3686 3631 3756 τὴν
3666 3689 3984 3757 προσήκου-

2382 3795 2477 3831 σαν
2518 3780 2646 3847 περὶ
2677 3776 2843 3829 αὐτοῦ
2866 3774 3076 3829 ἔννοιαν
3111 3774 3315 3839 λαϐὼν,
3342 3774 3515 3838 οὕτως
3542 3776 3980 3846 ἐπληροφορὴθη

2380 3866 2510 3937 περὶ
2543 3864 2651 3917 τῶν
2680 3863 3044 3933 ὑποσχέσεων.
3097 3862 3423 3931 Δοξάσωμεν
3456 3861 3638 3914 τοίνυν
3678 3862 3850 3915 αὐτὸν
3886 3864 3981 3915 καὶ

2380 3953 2541 4022 ἡμεῖς
2576 3951 2669 4004 καὶ
2695 3949 2781 4003 διά
2808 3949 3045 4013 πίστεως
3077 3951 3173 4003 καὶ
3195 3948 3281 4001 διὰ
3308 3949 3508 4019 ἔργων,
3534 3948 3623 4002 ῖνα
3654 3949 3751 4001 καὶ⁸
3782 3949 3981 4018 μισθὸν

2382 4038 2634 4109 λάϐωμεν
2667 4038 2729 4092 16
2758 4037 2889 4109 παρ’
2915 4037 3080 4091 αὐτοῦ
3115 4036 3461 4107 δοξασθῆναιο
3481 4036 3621 4099 Τοὺς
3646 4035 3981 4101 δοξάζοντας

2379 4128 2484 4199 γάρ
2517 4144 2583 4197 με
2619 4126 2853 4191 δοξάσω,
2908 4125 3062 4195 φησί.
3093 4125 3290 4177 Καίτοι
3326 4126 3375 4177 εί
3424 4124 3520 4177 καὶ⁵
3566 4123 3757 4193 μηδεὶς
3795 4124 3981 4177 ἔκειτο

2382 4215 2595 4285 μισθὸς,
2618 4214 2750 4267 αὐτὸ
2784 4212 2943 4265 τοῦτο
2972 4212 3099 4277 δόξα
3130 4206 3199 4281 ἦν
3231 4210 3293 4263 τὸ
3316 4210 3725 4281 καταξιωθῆναι
3748 4211 3975 4278 δοξάσαι

2377 4304 2531 4360 Θεόν.
2559 4304 2623 4356 Et
2654 4304 2761 4372 γὰρ
2788 4304 2867 4365 εἰς
2908 4301 3161 4371 βασιλέας
3189 4300 3465 4371 εὐφημίας
3490 4298 3741 4367 λέγοντες
3762 4300 3978 4372 ἀνθρω-

2379 4409 2493 4459 ποι,
2513 4391 2664 4463 αὐτῷ
2700 4391 2875 4462 τούτῳ
2924 4389 3361 4454 καλλωπίζονται
3399 4390 3566 4460 μόνῳ,
3604 4388 3707 4443 κᾶν
3744 4385 3977 4463 μηδένῇ

2378 4479 2777 4552 καρπώσασθαι
2808 4480 3014 4549 ἕτερον’
3048 4478 3302 4548 ἐννόησον
3343 4478 3517 4549 πόσης
3560 4478 3625 4530 ἀν
3670 4479 3760 4548 εῖη
3813 4480 3978 4549 δόξης

2375 4569 2436 4621 16
2476 4569 2541 4621 δι’
2568 4569 2713 4639 ἡμᾶς
2753 4568 2845 4620 τὸν
2883 4567 3161 4637 Δεσπότην
3194 4566 3516 4633 δοξάζεσθαι
3545 4565 3637 4618 τὸν
3672 4567 3973 4639 ἡμέτερον,

2375 4656 2564 4726 ῶσπερ
2616 4650 2708 4709 οῦν
2764 4656 2858 4709 καὶ
2907 4655 3184 4717 κολάσεως
3227 4654 3289 4708 16
3318 4654 3495 4706 ποιεῖν
3529 4652 3691 4705 αὐτὸν
3728 4652 3977 4725 βλασφη-

2377 4745 2594 4816 μεῖσθαι
2622 4745 2688 4797 δι’
2712 4746 2882 4815 ἡμᾶς·
2914 4746 3093 4798 καίτοι
3122 4742 3219 4797 καῖ⁸
3260 4740 3424 4795 τοῦτο
3466 4740 3601 4795 αὐτὸ
3646 4741 3709 4793 16
3746 4740 3974 4807 δοξάζε-

2375 4833 2519 4899 σθαι,
2555 4832 2621 4885 δι’
2654 4834 2804 4903 ἡμᾶς
2838 4831 3087 4901 βούλεται
3124 4830 3389 4899 γίνεσθαι⁶
3425 4830 3588 4895 αὐτὸς
3617 4830 3727 4900 γάρ
3763 4831 3831 4884 06
3864 4832 3972 4885 δεῖ·

2372 4940 2462 4976 ται
2492 4921 2587 4975 τοῦ
2618 4921 2966 4991 πράγματος.
3004 4919 3178 4971 Πόσον
3216 4917 3321 4989 γὰρ
3354 4918 3455 4972 οίει
3505 4919 3566 4971 16
3607 4919 3774 4989 μέσον
3828 4915 3971 4973 εἶναι

2372 5010 2506 5064 Θεοῦ
2534 5010 2626 5062 καὶ
2655 5007 2997 5077 ἀνθρώπων;
3027 5003 3135 5077 ἆρα
3162 5007 3284 5060 όσον
3304 5006 3605 5078 ἀνθρώπων
3639 5008 3733 5060 καὶ
3751 5010 3971 5080 σκωλη-

2373 5117 2482 5153 κων
2500 5116 2513 5163 ;
2531 5100 2560 5149 ‘.
2594 5098 2668 5151 λλ“
2689 5096 2843 5149 οὐδὲν
2869 5095 3081 5148 οὐδέπω
3111 5096 3333 5165 εἴρηκα,
3359 5096 3455 5147 καὶ
3482 5094 3738 5148 τοσοῦτον
3764 5097 3830 5149 16
3868 5099 3967 5168 μέ-

2374 5204 2465 5240 σον
2494 5186 2626 5249 θείςο
2671 5184 2792 5237 οὐδὲ
2827 5182 2937 5252 γὰρ
2967 5185 3139 5237 εἰπεῖν
3168 5183 3393 5237 δυνατὸν
3416 5183 3558 5237 ὅσον.
3588 5179 3716 5255 'Ap'
3755 5181 3855 5239 οῦν
3880 5187 3971 5239 θε-

2372 5275 2556 5344 λήσεις
2608 5276 2671 5328 σὺ
2717 5272 2867 5344 παρά
2916 5271 3183 5343 σκώληξιν
3214 5272 3372 5338 δόξαν
3407 5271 3551 5342 ἔχειν
3580 5272 3829 5344 μεγάλην
3872 5278 3970 5329 καὶ

2372 5362 2663 5435 λαμπράν;
2692 5360 2975 5432 Οὐδαμῶς.
3019 5362 3081 5414 Εἰ
3119 5360 3299 5415 τοίνυν
3326 5361 3355 5411 6
3392 5360 3553 5431 δόξης
3586 5361 3728 5433 ἐρῶν
3757 5364 3825 5417 σὺ
3862 5366 3969 5416 οὐκ

2375 5452 2438 5506 ἂν
2474 5452 2728 5521 θελήσαις
2760 5447 2932 5501 τοῦτο·
2964 5451 2991 5501 6
3010 5448 3102 5501 τοῦ
3139 5448 3344 5511 πάθους
3376 5449 3794 5519 ἀπηλλαγμένος
3834 5452 3967 5503 τού-

2374 5556 2487 5604 του,
2522 5540 2613 5593 καὶ
2655 5535 2913 5591 τοσοῦτον
2942 5536 3215 5607 ἀνώτερος
3246 5535 3347 5601 ῶν,
3388 5537 3507 5602 πῶς
3531 5538 3595 5591 ἂν
3630 5537 3830 5608 ἐδεήθη
3862 5540 3970 5608 τῆς

2377 5629 2525 5699 παρὰ
2551 5630 2643 5682 σοῦ
2674 5630 2865 5697 δόξης;
2909 5630 3045 5682 Ἀλλ’
3080 5630 3231 5699 ὅμως
3264 5630 3357 5683 καὶ
3391 5628 3466 5699 μὴ
3494 5628 3768 5699 δεόμενος,
3793 5632 3972 5698 φησὶν

2435 5990 2457 6062 ξ
2485 5989 2774 6063 Γηψιιηιις,
2811 5995 2921 6053 πρὸς
2946 5992 3089 6048 αὐτὴν
3108 5991 3217 6054 ἔχῃ,
3241 5990 3372 6052 quod
3396 5988 3611 6051 coniecit
3643 5986 3793 6038 Savil.
3824 5987 3967 6041 Edim

2372 6052 2485 6112 πρὸς
2511 6054 2651 6099 αὐτὸν
2676 6057 2812 6115 ἒχειν.
