4118 6340
162 391 241 450 ιρι

158 509 307 569 citam,
334 509 384 556 et
407 498 511 552 ait:
539 496 629 553 l8.
654 491 754 559 Qui
780 497 955 543 contra
981 500 1120 557 spem
1146 483 1198 537 in
1224 498 1364 552 spem
1391 476 1625 542 credidit,
1646 478 1701 528 ut

160 598 278 663 [iam
302 600 431 663 pater
456 588 731 643 utultarum
758 581 1011 653 gentium,
1040 574 1320 632 secundum
1357 571 1493 642 quod
1518 570 1705 623 dictum

156 697 217 742 at
238 687 280 742 ei
303 701 323 740 :
348 684 431 740 Sic
456 682 547 736 erit
580 694 749 734 semen
776 685 937 727 tuum.

213 776 441 831 Abraham
466 768 716 841 quomodo
742 774 918 821 contra
944 778 1083 833 spem
1116 761 1168 813 in
1200 773 1342 828 spem
1369 752 1600 809 credidit.
1637 779 1710 790 —

156 867 399 937 Quomodo
442 871 627 919 contra
679 871 830 928 spem
878 855 931 908 in
976 866 1127 922 spem
1178 844 1460 905 credidit?
1509 845 1707 937 Contra

154 933 280 1031 spem
331 960 632 1020 humanam,
691 951 744 1004 in
793 962 944 1019 spem
995 943 1113 999 Dei.
1158 939 1405 997 Ostendit
1446 937 1588 1031 enim
1631 933 1710 988 rei

157 1026 559 1121 magnitudinem,
591 1056 693 1097 nec
728 1039 855 1095 sinit
890 1037 1033 1092 dicto
1062 1033 1220 1088 ﬁdem
1247 1026 1550 1121 abrogari:
1590 1031 1711 1094 quas

156 1115 272 1197 inter
293 1155 346 1195 se
370 1136 635 1194 contraria
673 1141 797 1189 sunt
823 1129 930 1185 ﬁde
966 1128 1076 1198 ipsa
1107 1129 1459 1193 temperante.
1492 1115 1548 1171 Si
1586 1128 1713 1169 vero

157 1237 210 1289 de
251 1234 327 1297 iis,
368 1231 455 1302 qui
499 1245 569 1285 ex
599 1226 822 1283 lsmacle
862 1223 967 1277 orti
1003 1227 1181 1283 erant,
1224 1215 1473 1284 loquutus
1504 1208 1710 1271 fuisset,

154 1322 419 1395 superﬂuus
457 1320 549 1375 hic
574 1330 753 1373 sermo
779 1321 923 1369 esset
956 1327 970 1363 :
1004 1308 1081 1363 illi
1113 1316 1346 1373 namque
1376 1314 1481 1355 non
1517 1312 1713 1395 secuti-

155 1386 263 1471 dum
303 1413 475 1479 ﬁdem,
515 1410 616 1465 sed
662 1404 957 1463 secundum
997 1407 1245 1455 naturam
1290 1394 1394 1451 orti
1434 1398 1579 1446 sunt.
1609 1386 1715 1443 Sed

154 1510 293 1561 etiam
320 1478 468 1561 Isaae
489 1504 547 1558 in
569 1500 822 1556 medium
850 1493 1072 1551 adducit
1098 1509 1114 1547 :
1146 1505 1253 1546 non
1284 1486 1427 1544 enim
1471 1496 1570 1554 pro
1613 1478 1719 1534 illis

154 1597 371 1668 gentibus
395 1594 647 1664 credidit,
673 1590 768 1646 sed
796 1603 893 1661 pro
930 1601 1017 1652 eo,
1057 1584 1146 1655 qui
1190 1597 1259 1638 ex
1299 1577 1466 1635 sterili
1496 1573 1720 1668 muliere

155 1666 429 1743 nasciturus
456 1691 597 1740 erat.
627 1683 683 1738 Si
713 1694 843 1751 ergo
874 1691 1083 1733 merces
1108 1682 1230 1738 est,
1260 1668 1400 1742 quod
1432 1666 1719 1722 multarum

154 1782 366 1851 gentium
394 1786 551 1849 pater
577 1775 709 1841 ﬁat,
750 1773 819 1828 de
849 1772 955 1826 illis
989 1766 1237 1840 gentibus
1281 1760 1595 1851 intelligitur
1625 1769 1722 1851 pro

153 1849 324 1943 quibus
348 1869 595 1927 credidit.
629 1867 697 1923 Ut
722 1866 867 1921 enim
895 1862 1074 1918 discas
1097 1859 1271 1929 ipsum
1301 1852 1370 1909 de
1397 1853 1504 1908 illis
1532 1849 1676 1919 loqui
1703 1885 1720 1913 ,

154 1965 259 2018 audi
298 1979 355 2018 ea
384 1977 501 2033 quae
532 1966 833 2029 sequuntur
873 1974 888 2010 :
931 1953 1018 2011 l9.
1065 1950 1132 2005 Et
1178 1965 1279 2003 non
1319 1946 1724 2045 inﬁrmatusest

153 2057 259 2122 ﬁde,
285 2072 370 2109 nec
392 2051 728 2109 consideravit
755 2063 941 2118 corpus
960 2061 1110 2100 suum
1133 2050 1413 2096 emortuum
1432 2076 1449 2103 ,
1477 2050 1595 2089 cum
1612 2048 1727 2103 1am

156 2152 244 2218 fere
266 2156 457 2200 centum
484 2152 616 2198 esset
647 2155 917 2204 annorum,
943 2145 990 2190 et
1018 2143 1299 2189 emortuam
1327 2128 1527 2184 uuluam
1554 2123 1724 2218 Sarus.

161 2216 322 2293 l’ideu‘
347 2246 402 2291 ut
423 2233 807 2305 impedimenta
836 2236 1030 2300 ponat,
1060 2233 1115 2280 et
1141 2225 1307 2278 altum
1330 2218 1461 2290 justi
1490 2216 1727 2271 animum

155 2328 313 2381 omnia
340 2320 729 2395 superantem?
755 2319 953 2373 Praeter
983 2330 1154 2386 spent,
1188 2311 1395 2381 inquit,
1437 2306 1577 2378 quod
1608 2317 1731 2373 pro-

158 2421 357 2473 missum
402 2425 539 2471 erat.
595 2412 708 2467 lloc
755 2412 983 2480 primunt
1032 2404 1518 2475 impedimentum:
1558 2410 1732 2465 neque

155 2510 280 2563 enim
310 2506 491 2561 habuit
536 2503 631 2559 ille
658 2502 886 2557 alterum
917 2497 1279 2553 Abraltamum
1302 2533 1316 2556 ,
1342 2505 1501 2562 quem
1528 2488 1731 2543 videret

159 2600 219 2652 ita
254 2598 556 2668 suscepisse
595 2594 786 2649 ﬁlium.
828 2590 961 2647 Nam
988 2589 1078 2659 qui
1107 2597 1227 2658 post
1258 2586 1409 2640 illum
1448 2582 1625 2645 luere,
1666 2576 1733 2632 ad

160 2690 289 2742 illum
313 2701 638 2758 respexere;
669 2685 754 2740 ille
776 2691 957 2739 autem
986 2681 1053 2735 ad
1084 2678 1311 2742 nullum,
1342 2674 1436 2730 sed
1466 2671 1535 2727 ad
1564 2672 1733 2726 Deum

160 2782 311 2836 solum
340 2798 355 2834 :
383 2781 637 2851 ideoque,
657 2777 854 2832 Prister
899 2790 1063 2846 spem,
1087 2771 1241 2827 dixit.
1288 2766 1493 2824 Deinde
1539 2776 1737 2833 corpus

160 2880 475 2936 emortuum;
527 2870 635 2923 hoc
679 2865 974 2922 secundum
1021 2869 1143 2928 est;
1189 2871 1245 2916 et
1288 2867 1531 2915 emortua
1581 2854 1737 2909 vulva

162 2963 330 3028 Sam;
360 2962 462 3016 hoc
489 2960 707 3016 tertium
735 2966 791 3013 et
830 2963 1101 3027 quartum.
1130 2951 1223 3006 20.
1254 2950 1322 3004 In
1349 2947 1741 3017 repromissione

161 3066 311 3107 autem
354 3052 448 3106 Dei
488 3048 597 3107 non
642 3050 887 3104 [imitaris
928 3045 1222 3117 difﬁdentia.
1252 3042 1436 3114 Neque
1465 3039 1608 3095 enim
1648 3037 1742 3093 de-

165 3147 590 3201 monstrationem
635 3141 806 3211 dedit,
846 3156 1019 3213 aeque
1046 3141 1256 3209 signum
1292 3136 1420 3192 fecit
1456 3136 1617 3202 Dens,
1645 3132 1742 3189 sed

166 3238 306 3293 verba
343 3245 497 3293 erant
534 3234 800 3305 simplicia
832 3234 1007 3289 solum
1029 3271 1046 3297 ,
1088 3227 1451 3300 promittentia
1496 3240 1592 3293 ea,
1623 3240 1743 3305 qua:

166 3338 335 3382 natura
361 3344 464 3383 non
492 3326 873 3399 pollicebatur.
903 3320 1317 3385 Attamen.Non
1354 3319 1627 3385 Iuesitaoit,
1660 3318 1743 3370 in-

164 3420 283 3488 quit.
314 3418 427 3474 Non
458 3417 639 3483 dixit,
667 3417 785 3472 Non
806 3413 1151 3480 discredidil;
1169 3414 1284 3479 sed,
1306 3410 1426 3465 Non
1455 3408 1745 3473 hasilavit;

166 3509 209 3563 id
233 3520 329 3575 est,
352 3526 459 3565 non
481 3508 769 3573 dubitavit,
796 3506 1007 3562 etiamst
1028 3514 1107 3559 tot
1133 3502 1512 3573 impedimenta
1540 3507 1741 3555 essent.

168 3601 287 3656 llinc
307 3602 567 3657 discimus
595 3599 763 3669 quod,
787 3597 995 3653 etiamsi
1020 3596 1162 3650 Deus
1191 3596 1468 3649 innumera
1502 3590 1748 3662 impossi-

165 3692 275 3746 bilia
302 3693 605 3763 promittat,
636 3706 737 3746 nec
762 3690 853 3761 qui
883 3688 1030 3743 audit
1059 3687 1307 3741 admittat
1329 3686 1438 3751 illa,
1464 3684 1748 3738 inﬁrmitas

166 3784 241 3837 illa
271 3799 372 3839 non
402 3800 467 3840 ex
499 3800 683 3838 rerum
715 3790 926 3848 natura,
954 3779 1047 3836 sed
1075 3794 1106 3833 a
1135 3794 1239 3833 non
1264 3775 1596 3831 admittentis
1617 3776 1751 3830 stul-

165 3877 264 3929 titia
293 3877 686 3946 proﬁciscatur.
715 3873 821 3929 Sed
849 3877 1165 3944 confortatus
1188 3880 1259 3926 est
1286 3870 1408 3940 ﬁde.
1439 3868 1573 3923 Vide
1598 3868 1749 3923 Pauli

167 3965 569 4037 philosophiam.
598 3966 736 4032 Quia
766 3966 910 4019 enim
936 3965 1005 4019 de
1045 3963 1398 4033 operantibus
1435 3971 1489 4016 ct
1516 3960 1747 4015 creden-

166 4060 292 4115 tibus
332 4076 517 4116 sermo
559 4068 697 4125 erat,
738 4058 976 4113 ostendit
1012 4072 1157 4119 eum,
1200 4056 1289 4125 qui
1338 4055 1531 4127 credit,
1583 4054 1752 4124 magis

164 4152 360 4221 operari
403 4167 573 4223 quam
619 4150 787 4218 illum,
834 4157 889 4205 et
929 4148 1118 4219 majori
1154 4147 1347 4201 virtute
1375 4160 1512 4216 opus
1553 4143 1754 4199 habere

164 4246 425 4317 multaque
474 4245 814 4309 fortitudine,
866 4258 967 4299 nec
1011 4257 1235 4313 parvum
1278 4240 1460 4296 subire
1490 4240 1750 4295 laborem.

166 4335 363 4391 Etenim
396 4339 474 4393 illi
506 4337 672 4392 ﬁdem
698 4334 1115 4405 vilipendebant,
1147 4345 1202 4388 ut
1225 4348 1345 4403 qua:
1374 4332 1611 4387 laborem
1646 4346 1752 4385 non

163 4430 466 4487 sustineret.
511 4429 789 4487 Adversus
820 4427 953 4482 illud
984 4436 1132 4482 stans
1170 4440 1299 4495 ergo
1328 4423 1561 4481 ostendit
1590 4438 1711 4478 eum
1736 4464 1751 4489 ,

163 4518 243 4586 qui
274 4520 688 4590 temperantiam
716 4530 896 4573 servat
915 4525 1008 4571 aut
1028 4516 1225 4586 aliquid
1253 4515 1448 4579 simile,
1474 4514 1565 4570 sed
1592 4515 1755 4569 etiam

169 4624 305 4675 eum,
337 4612 429 4681 qui
460 4610 627 4665 ﬁdem
655 4610 893 4674 exhibet,
925 4609 1114 4679 majori
1146 4610 1340 4663 virtute
1369 4622 1504 4677 opus
1533 4606 1753 4665 habere.

164 4699 304 4756 Sicut
341 4703 488 4757 enim
534 4702 626 4756 ille
677 4700 988 4755 fortitudine
1027 4715 1162 4769 opus
1198 4700 1378 4766 habet,
1421 4707 1479 4753 ut
1524 4698 1757 4753 lasciviae

160 4792 507 4862 cogitationes
535 4792 769 4861 depellat
798 4811 811 4845 :
846 4793 916 4846 ita
936 4801 990 4847 et
1012 4792 1098 4846 hic
1125 4790 1247 4846 forti
1274 4792 1475 4854 animo,
1501 4798 1559 4845 ut
1583 4791 1755 4845 incre-

161 4883 392 4940 dulitatis
422 4884 782 4953 cegitationcs
812 4884 1074 4939 eliminet.
1106 4883 1389 4950 Quomodo
1419 4883 1579 4951 igitur
1604 4880 1757 4935 tortis

160 4973 373 5031 effectus
397 4976 525 5031 est?
555 4974 716 5040 Fide,
754 4976 944 5045 inquit;
974 4990 1147 5044 neque
1175 4974 1467 5029 ratiociniis
1496 4990 1607 5029 rem
1634 4989 1756 5042 pcr-

162 5068 332 5135 misit;
361 5084 490 5124 nam
516 5068 591 5122 ita
622 5068 963 5123 concidisset.
994 5068 1275 5136 Quomodo
1301 5075 1477 5121 autem
1501 5066 1758 5123 credidit?

164 5155 297 5212 Dans
325 5159 554 5229 gloriam
580 5156 711 5222 Deo,
746 5158 932 5229 inquit,
967 5156 1059 5213 21.
1094 5158 1385 5228 plenissime
1410 5159 1571 5213 sciens
1594 5201 1609 5225 ,
1641 5159 1760 5229 quia

162 5264 483 5320 quwcumque
529 5250 781 5319 promisit,
825 5260 1001 5319 potens
1045 5260 1118 5305 est
1166 5257 1212 5303 et
1252 5251 1436 5318 facere.
1482 5250 1622 5321 Ergo
1652 5267 1757 5306 non

166 5340 372 5394 curiose
396 5341 656 5402 scrutari,
684 5348 767 5393 est
796 5340 961 5393 Deum
984 5341 1287 5411 glorilicare
1310 5358 1325 5407 ;
1358 5350 1414 5394 ut
1440 5344 1651 5397 curiose
1679 5343 1761 5397 in-

163 5429 397 5497 quirere,
428 5441 514 5485 est
547 5431 723 5485 scelus
751 5441 1081 5501 perpetrare.
1114 5432 1170 5487 Si
1202 5447 1328 5487 vero
1356 5448 1478 5487 cum
1507 5432 1759 5489 inferiora

163 5521 510 5593 disquirimus
541 5530 597 5577 et
634 5532 973 5591 scrutamur,
1008 5524 1175 5580 Deum
1212 5540 1319 5579 non
1358 5525 1758 5595 gloriﬁcamus;

164 5616 322 5670 multo
347 5614 523 5685 magis
546 5628 666 5669 cum
685 5615 893 5671 Domini
910 5618 1309 5686 generationem
1330 5619 1541 5674 curiose
1557 5628 1763 5674 scruta-

167 5719 305 5779 mur,
338 5714 397 5761 ut
435 5706 532 5777 qui
559 5707 939 5764 contumeliam
966 5707 1290 5774 inferamus,
1323 5719 1561 5765 extrema
1595 5710 1759 5781 patie-

165 5809 295 5852 ntur.
335 5794 393 5853 Si
437 5797 585 5853 enim
628 5798 1040 5855 resurrectionis
1080 5799 1307 5857 turmam
1337 5804 1621 5873 exquirere
1652 5820 1757 5862 non

1217 364 1285 422 ΙΝ
1322 358 1538 421 EPIST.
1581 356 1673 413 AD
1712 353 1874 415 ROM.
1919 352 2155 412 ιιοιιιι.
2194 350 2331 407 VIII.

3308 339 3418 396 £61

1812 470 2280 541 oportet..multo
2320 469 2497 525 Inittus
2527 482 2721 525 arcana
2764 466 2853 522 illa
2889 476 2944 523 et
2973 465 3264 523 horrenda.
3306 466 3420 522 Nec

1811 561 1964 627 dixit,
1981 563 2239 624 Credcns,
2252 561 2601 631 simpliciter;
2627 560 2721 615 sed
2742 558 3052 615 Plenissime
3068 560 3249 614 sciens.
3282 558 3418 613 Nam

1815 650 2123 722 hujusmodi
2165 651 2302 708 ﬁdes
2337 660 2425 707 est
2461 652 2659 707 clarior
2695 666 2857 721 quam
2898 651 3289 707 demonstratio
3321 666 3420 722 per

1812 743 2173 814 syllogismos,
2203 744 2483 815 magisque
2511 743 2833 814 persuadet;
2863 758 3037 813 neque
3068 753 3244 815 potest
3273 745 3421 800 aliud

1814 834 2080 890 accedens
2119 835 2458 890 ratiocinium
2508 836 2657 891 illam
2701 835 3045 893 submovere.
3092 837 3308 893 Etenim
3351 839 3420 904 is,

1815 925 1908 995 qui
1948 925 2125 981 verbis
2152 926 2544 997 persuadetur,
2590 938 2769 997 potest
2810 930 3133 985 sententiam
3180 940 3423 995 mutare;

1816 1017 1906 1086 qui
1933 1031 2061 1073 vero
2088 1016 2193 1075 ﬁde
2218 1018 2461 1075 ﬁrmatus
2487 1028 2587 1086 est,
2612 1020 2857 1077 auditum
2883 1038 3041 1078 suum
3070 1024 3300 1078 munivit
3327 1025 3425 1079 ad-

1817 1124 2007 1164 versus
2050 1109 2139 1164 illa
2196 1111 2445 1180 pestifera
2498 1113 2798 1169 ratiocinia.
2844 1112 2977 1169 Cum
3020 1115 3245 1170 dixisset
3294 1131 3426 1187 ergo
3494 1130 3496 1133 ·

1820 1200 1972 1255 illum
2009 1217 2082 1257 ex
2122 1203 2229 1259 lide
2256 1204 2608 1275 justiﬁcatum
2650 1205 2849 1275 fuisse,
2884 1207 3124 1264 ostendit
3150 1207 3301 1262 illum
3332 1222 3428 1279 per

1823 1290 1981 1348 ﬁdem
2008 1291 2177 1363 gloria
2216 1293 2461 1351 all’ecisse
2499 1295 2667 1352 Deum
2698 1314 2713 1351 :
2742 1298 2885 1368 quod
2916 1312 3012 1367 per
3036 1298 3234 1353 bonam
3263 1298 3427 1353 vitam

1824 1386 2056 1440 maxime
2082 1385 2198 1441 ﬁeri
2224 1388 2361 1441 solet
2384 1404 2399 1441 :
2428 1402 2573 1453 nam,
2600 1387 2790 1444 Luceat
2813 1388 2906 1443 lux
2934 1398 3097 1443 uestra
3123 1406 3300 1443 coram
3326 1391 3425 1444 Ito-

1825 1477 2062 1544 minibus,
2117 1488 2171 1531 ut
2220 1480 2423 1534 rideant
2468 1498 2625 1551 opera
2663 1491 2830 1541 vestra
2867 1482 3034 1551 bona,
3066 1494 3113 1537 et
3140 1485 3433 1555 glorificent

1830 1568 2040 1623 Patrem
2063 1581 2283 1625 vestrum
2302 1614 2317 1639 ,
2344 1574 2433 1643 qui
2463 1574 2516 1627 in
2545 1573 2685 1629 cretis
2710 1584 2785 1628 est
2812 1574 3029 1647 (Matth.
3058 1577 3113 1632 5.
3148 1577 3261 1649 l6).
3294 1578 3434 1634 Ecce

1828 1659 1930 1715 hoc
1958 1660 2024 1715 ad
2056 1660 2214 1717 ﬁdem
2245 1664 2512 1732 pertinere
2539 1664 2709 1719 visum
2736 1673 2840 1721 est.
2872 1665 3076 1722 Rursus
3101 1667 3242 1723 sicut
3269 1683 3433 1738 opera

1831 1754 2027 1809 virtute
2059 1764 2112 1810 et
2138 1754 2336 1810 robore
2364 1770 2499 1826 opus
2527 1756 2757 1825 habent,
2792 1757 2863 1813 ita
2891 1767 2945 1813 et
2977 1758 3129 1813 ﬁdes.
3164 1759 3261 1815 llic
3288 1761 3436 1815 enim

1831 1844 2149 1915 plerumque
2177 1860 2373 1915 corpus
2392 1846 2555 1901 etiam
2582 1846 2635 1901 in
2660 1857 2866 1918 partem
2891 1848 3107 1905 sudoris
3128 1850 3302 1916 venit;
3329 1850 3438 1906 illic

1830 1948 1960 1989 vero
1988 1936 2182 1989 anima:
2209 1935 2381 1990 solius
2406 1946 2488 1991 est
2515 1951 2672 2007 opus.
2715 1938 2792 1994 lta
2836 1947 2895 1994 ut
2931 1938 3104 2009 major
3141 1939 3213 1995 sit
3242 1940 3398 1997 labor
3420 1982 3438 2009 ,

1832 2044 2058 2099 corpore
2084 2045 2189 2085 non
2220 2031 2380 2085 simul
2412 2042 2700 2103 pugnante.

1906 2122 1959 2176 6.
2011 2120 2163 2175 Fidei
2205 2122 2279 2176 vis
2321 2138 2530 2193 magna.
2560 2152 2631 2163 -
2663 2122 2850 2179 Viden‘
2895 2134 2953 2181 ut
2982 2126 3163 2181 omnia
3183 2167 3200 2193 ,
3232 2141 3354 2199 quae
3382 2126 3439 2182 in

1836 2213 2087 2282 operibus
2117 2222 2364 2280 exstant,
2396 2230 2518 2269 cum
2546 2216 2739 2285 majori
2770 2217 2924 2287 capia
2972 2218 3024 2272 in
3058 2217 3163 2273 ﬁde
3192 2234 3315 2275 esse
3340 2218 3441 2275 de-

1836 2314 2135 2371 monstret;
2163 2306 2396 2378 exempli
2426 2321 2609 2376 causa,
2638 2308 2854 2378 gloriari
2882 2310 3024 2380 apud
3047 2309 3217 2366 Deum
3238 2352 3253 2376 ,
3286 2309 3443 2366 forti-

1840 2402 2027 2457 tudine
2067 2410 2124 2456 et
2165 2401 2353 2456 labore
2396 2416 2533 2471 opus
2562 2400 2784 2469 habere,
2817 2402 2984 2458 Deum
3024 2418 3212 2459 rursus
3240 2402 3447 2475 gloriﬁ-

1839 2508 1963 2548 care
1982 2493 2007 2547 ?
2025 2492 2160 2548 Cum
2182 2494 2320 2549 dixit
2338 2502 2540 2561 autem,
2567 2509 2726 2564 posse
2750 2495 2919 2551 Deum
2948 2495 3093 2567 quod
3122 2499 3448 2567 promiserat

1843 2583 2255 2650 faiere,videtur
2272 2586 2405 2640 mihi
2419 2587 2591 2641 futura
2611 2589 2971 2656 pramuntiare
2989 2604 3003 2638 :
3024 2603 3130 2644 non
3145 2592 3288 2644 enim
3303 2606 3417 2662 pra:
3428 2619 3447 2631 ο

1842 2678 2012 2732 sentio
2030 2677 2227 2745 solum,
2257 2677 2354 2734 sed
2368 2688 2422 2734 et
2442 2678 2615 2734 futura
2636 2681 2882 2750 promisit
2902 2700 2914 2733 :
2937 2680 3053 2737 lucc
3067 2684 3211 2737 enim
3230 2682 3447 2738 illorum

1846 2780 2004 2839 typus
2031 2779 2206 2824 erant.
2237 2768 2355 2825 Non
2385 2770 2610 2826 credere
2648 2786 2777 2842 ergo
2806 2772 3007 2828 mentis
3058 2784 3142 2829 est
3195 2773 3448 2840 inﬁrmae,

1844 2864 2049 2932 exiguae
2084 2870 2140 2916 et
2174 2862 2407 2917 miserm.
2442 2861 2625 2931 Itaque
2651 2863 2697 2918 si
2740 2863 2896 2919 nobis
2924 2863 3139 2936 quidam
3185 2864 3343 2921 ﬁdem
3376 2868 3452 2920 vi-

1848 2955 1922 3009 tio
1946 2964 2180 3021 vertant,
2204 2954 2310 3010 illis
2329 2962 2517 3009 contra
2542 2955 2673 3011 vitio
2695 2964 2969 3011 vertamus
2994 2956 3454 3025 incredulitatem,

1850 3054 1907 3100 ut
1938 3045 2168 3112 miseris,
2202 3045 2657 3115 pusillanimibus,
2684 3047 2863 3102 stultis
2890 3056 2945 3103 et
2974 3047 3232 3115 inﬁrmis,
3265 3057 3322 3104 et
3344 3052 3447 3104 asi-

1851 3139 1934 3192 nis
1961 3137 2132 3192 nihilo
2162 3137 2356 3193 melius
2387 3136 2731 3194 habentibus.
2764 3136 2915 3194 Sicut
2943 3140 3087 3194 enim
3118 3140 3345 3196 credere
3370 3150 3457 3201 est
3511 3137 3516 3145 ’

1850 3228 2097 3286 sublimis
2129 3239 2186 3284 et
2214 3230 2393 3301 magni
2422 3230 2587 3284 animi
2618 3248 2630 3282 :
2661 3230 2739 3284 sic
2768 3246 2875 3285 non
2906 3231 3132 3287 credere
3170 3232 3459 3288 irrationa-

1852 3320 1975 3375 bilis
2003 3328 2059 3375 et
2086 3319 2329 3375 vilissimi
2355 3328 2411 3375 et
2439 3320 2505 3373 ad
2527 3319 2897 3389 jumentorum
2924 3322 3212 3377 amentiam
3238 3322 3457 3393 dcjecti.

1852 3411 2108 3483 Ideoque,
2138 3412 2317 3467 missis
2342 3412 2467 3479 illis,
2502 3412 2859 3483 patriarcham
2891 3414 3184 3481 imitemur,
3216 3426 3271 3470 et
3295 3416 3460 3487 glori-

1854 3504 2078 3558 ﬁcemus
2105 3503 2273 3559 Deum
2296 3544 2313 3570 ,
2355 3513 2412 3557 ut
2442 3504 2557 3574 ipse
2588 3504 2699 3559 Deo
2727 3504 2956 3575 gloriam
2987 3506 3153 3560 dedit.
3183 3506 3324 3573 Quid
3355 3507 3459 3564 sibi

1857 3597 1971 3651 vult
2004 3596 2133 3652 illud
2154 3639 2170 3665 ,
2206 3596 2361 3653 Dedit
2388 3597 2460 3652 illi
2488 3598 2756 3668 gloriam?
2789 3598 2934 3654 Illius
2952 3599 3217 3669 justitiam
3257 3601 3463 3672 cogita-

1855 3687 1952 3752 vit,
1984 3688 2301 3743 immensam
2333 3688 2661 3757 potentiam;
2706 3698 2759 3743 et
2801 3690 3211 3746 convenientem
3257 3691 3329 3747 de
3370 3692 3465 3747 illo

1856 3782 2177 3835 sententiam
2221 3778 2324 3834 sibi
2364 3780 2693 3850 assumpsit,
2727 3780 2807 3836 sic
2835 3782 3036 3836 certior
3067 3781 3239 3837 lactus
3282 3791 3366 3838 est
3393 3783 3465 3839 de

1857 3870 2159 3939 promissis.
2195 3869 2262 3924 Et
2288 3883 2385 3925 nos
2422 3869 2583 3940 igitur
2610 3870 2762 3925 illum
2797 3873 3161 3942 gloriﬁcemus
3189 3884 3244 3929 et
3272 3889 3369 3944 per
3397 3874 3465 3923 ﬁ-

1857 3961 1980 4017 dem
2008 3971 2063 4017 et
2087 3977 2183 4032 per
2207 3976 2401 4032 opera,
2440 3972 2499 4017 ut
2532 3974 2586 4018 et
2620 3963 2672 4018 in
2705 3965 3011 4021 mercedem
3042 3966 3110 4020 ab
3140 3967 3233 4022 illo
3261 3966 3469 4037 gloriﬁ-

1858 4070 2047 4110 cemur
2079 4072 2093 4108 :
2123 4070 2247 4109 nam
2274 4055 2369 4119 ait,
2402 4055 2506 4110 Eos
2536 4056 2626 4125 qui
2655 4071 2742 4112 me
2768 4057 3093 4127 gloriﬁcant,
3126 4059 3462 4128 gloriﬁcabo.

1858 4145 2193 4215 Quamquam
2237 4147 2341 4201 etsi
2384 4146 2531 4201 nulla
2572 4148 2846 4217 proposita
2888 4158 3033 4204 esset
3070 4164 3279 4206 merces
3304 4192 3320 4217 ,
3365 4150 3468 4207 hoc

1862 4238 2076 4309 ipsum,
2127 4254 2237 4309 quo
2282 4239 2631 4310 dignarcmur
2684 4241 2851 4297 Deum
2897 4241 3240 4313 gloriﬁcare,
3293 4244 3465 4315 gloria

1860 4340 2027 4387 esset.
2075 4332 2207 4387 Nam
2253 4333 2297 4389 si
2341 4333 2376 4388 ii
2410 4333 2694 4401 homines,
2742 4340 2829 4405 qui
2863 4349 3019 4407 reges
3044 4336 3295 4392 laudibus
3319 4338 3468 4393 cele-

1862 4424 2039 4491 brant,
2074 4424 2178 4481 hoc
2206 4425 2324 4496 ipso
2352 4434 2613 4481 ornantur
2639 4436 2694 4482 et
2726 4427 2847 4496 ipsi,
2879 4428 2980 4482 etsi
3012 4427 3144 4482 nihil
3171 4427 3313 4483 aliud
3344 4444 3471 4483 ear-

1864 4530 1992 4585 pere
2019 4516 2229 4571 valeant
2255 4534 2267 4570 :
2297 4518 2471 4587 Cogita
2503 4528 2698 4587 quanta
2723 4519 2892 4588 gloria
2920 4518 3102 4586 fuerit,
3133 4519 3179 4573 si
3209 4519 3478 4575 Dominus

1863 4616 2048 4665 noster
2086 4618 2305 4679 propter
2342 4624 2440 4664 nos
2482 4610 2847 4680 gloriﬁcetur;
2887 4620 2943 4665 et
2979 4620 3167 4665 contra
3208 4623 3470 4681 quantum

1864 4700 2185 4770 supplicium
2216 4714 2540 4764 mereamur,
2573 4701 2617 4755 si
2647 4714 2867 4771 propter
2888 4716 2988 4757 nos
3010 4702 3098 4757 ille
3124 4701 3470 4773 blaspheme-

1867 4799 1956 4844 tur
1984 4808 1996 4843 :
2028 4806 2354 4860 quamquam
2382 4792 2470 4846 ille
2498 4791 2551 4846 in
2574 4793 2741 4846 nostri
2768 4793 2991 4861 gratiam
3016 4792 3126 4846 vult
3146 4792 3431 4862 gloriﬁcari
3457 4811 3470 4848 :

1866 4881 1955 4935 ille
1999 4882 2197 4951 quippe
2245 4883 2635 4953 gloriﬁcatione
2682 4898 2787 4939 non
2826 4892 2967 4955 eget.
3014 4884 3285 4952 Quantum
3326 4884 3479 4940 enim

1867 4986 1989 5027 esse
2031 4982 2186 5040 putas
2230 4974 2397 5027 Deum
2444 4975 2585 5030 inter
2628 4984 2683 5029 et
2729 4974 2977 5030 homines
3020 4975 3361 5031 discrimen?
3403 4990 3485 5030 an

1867 5074 2129 5133 quantum
2157 5064 2299 5121 inter
2328 5064 2575 5121 homines
2602 5074 2658 5121 et
2684 5066 2933 5121 vermes?
2964 5066 3161 5122 Verum
3182 5067 3315 5123 nihil
3337 5068 3473 5134 dixi,

1871 5167 2074 5211 tantum
2116 5157 2345 5215 aﬁ‘erens
2387 5161 2718 5216 discrimen?
2764 5176 2941 5230 neque
2981 5162 3123 5217 enim
3164 5162 3272 5217 dici
3301 5171 3487 5232 potest-

1868 5258 2147 5319 quantum.
2192 5252 2274 5306 An
2314 5251 2482 5308 velles
2514 5262 2566 5307 tu
2596 5269 2626 5307 a
2660 5252 2931 5307 vermibus
2966 5253 3193 5323 gloriam
3230 5253 3479 5324 accipere

1870 5343 2155 5413 magnam?
2182 5343 2417 5400 Minime.
2450 5345 2505 5400 Si
2531 5360 2659 5414 ergo
2691 5354 2768 5412 tu,
2796 5346 2886 5415 qui
2913 5347 3136 5415 gloriam
3166 5360 3337 5413 amas,
3368 5362 3485 5401 non

1871 5434 1975 5490 hoc
1996 5436 2163 5492 velles
2187 5454 2202 5501 ;
2231 5436 2325 5507 qui
2351 5438 2419 5491 ab
2449 5436 2553 5493 hoc
2581 5438 2772 5494 all‘ectu
2804 5439 2939 5495 liber
2962 5449 3045 5495 est
3070 5482 3085 5506 ,
3111 5450 3165 5494 et
3189 5440 3292 5495 hoc
3322 5441 3481 5511 longe

1871 5528 2135 5597 superior,
2169 5528 2440 5600 quomodo
2465 5540 2550 5585 tua
2574 5540 2729 5602 egeat
2754 5532 2957 5601 gloria?
2981 5534 3232 5589 Attamen
3262 5534 3365 5588 etsi
3393 5534 3479 5588 illa

1872 5636 1979 5674 non
2008 5630 2191 5691 egeat,
2222 5637 2282 5677 se
2308 5621 2439 5677 dicit
2467 5623 2611 5679 illam
2649 5634 2868 5694 propter
2911 5634 2962 5679 te
2990 5640 3210 5694 cupere.
3244 5627 3301 5681 Si
3332 5626 3477 5681 enim

1872 5726 2061 5767 servas
2089 5723 2307 5784 preptcr
2336 5723 2387 5769 te
2416 5714 2529 5769 ﬁeri
2558 5715 2811 5786 dignatus
2840 5727 2951 5783 est,
2988 5718 3115 5787 quid
3145 5718 3363 5773 miraris
3385 5762 3398 5783 ,
3434 5720 3479 5772 si

1876 5806 2065 5866 eadem
2096 5806 2163 5863 dc
2188 5822 2349 5863 causa
2370 5808 2473 5865 alia
2502 5809 2765 5880 suscipit?
2785 5808 2927 5866 Nihil
2950 5810 3095 5866 enim
3120 5809 3395 5881 indignum
3422 5825 3479 5865 se
