4118 6340
698 407 802 464 463

700 528 876 585 putat,
907 511 1046 585 quod
1079 510 1143 567 ad
1180 515 1414 563 nostram
1448 504 1669 559 salutem
1693 496 1974 552 conducat.
2002 493 2125 585 litec
2154 504 2271 544 cum

700 584 949 673 sciamus,
992 618 1151 658 omne
1179 608 1473 671 peccatum,
1506 610 1600 665 per
1623 589 1765 662 quod
1804 589 1893 645 ille
1938 584 2275 654 blasphema-

703 715 804 765 tur,
831 700 1113 768 fugiamus.
1147 695 1276 749 Nam
1303 692 1397 757 ait,
1432 688 1497 744 Ut
1522 704 1550 739 α
1579 684 1708 756 facie
1732 680 1990 752 serpentis,
2076 683 2276 768 peccato

700 798 817 861 fuge
846 766 1037 858 (ἑεειε.
1067 787 1159 841 21.
1190 785 1271 853 2).
1302 783 1356 838 sa
1386 780 1450 835 ad
1476 777 1603 832 illud
1630 773 1870 835 accedas,
1898 766 2165 861 mordebit
2188 774 2273 818 lc:

700 858 871 952 neque
903 886 1045 936 enim
1076 878 1203 933 illud
1232 875 1295 931 ad
1332 887 1428 928 nos
1463 869 1631 934 venit,
1661 866 1753 921 sed
1788 878 1884 920 nos
1921 858 2278 952 illud—sponte

698 946 927 1027 adimus.
960 969 1098 1024 Deus
1134 967 1325 1036 quippe
1361 962 1410 1015 id
1453 961 1523 1014 ita
1560 955 1821 1028 providit,
1851 960 1908 1007 ut
1937 964 2005 1005 ne
2034 946 2282 1013 diabolus

701 1080 796 1131 per
821 1077 972 1118 suam
1005 1056 1337 1131 tyrannidem
1365 1058 1580 1121 superet
1604 1067 1617 1115 ;
1650 1048 1781 1102 alias
1802 1045 1941 1098 enim
1972 1052 2128 1095 nemo
2151 1051 2276 1131 con-

705 1127 781 1210 ira
811 1154 950 1209 illius
979 1127 1140 1207 robur
1180 1154 1363 1203 staret.
1396 1144 1519 1198 Ideo
1548 1140 1694 1195 illum
1726 1133 1949 1192 semovit
1973 1174 1987 1200 ,
2019 1128 2167 1200 quasi
2198 1127 2277 1180 Ia-

703 1256 907 1298 tronem
950 1239 1233 1312 quemdam
1276 1246 1329 1291 et
1369 1244 1695 1305 tyrannum;
1735 1242 1799 1282 ac
1839 1224 1940 1279 nisi
1978 1218 2277 1312 quempiam

706 1333 939 1387 inveniat
960 1306 1160 1384 nudum
1192 1338 1244 1383 et
1272 1326 1442 1381 solum
1475 1324 1527 1377 in
1557 1318 1785 1375 latibulis
1820 1316 1949 1380 suis,
1993 1325 2096 1367 non
2124 1306 2279 1361 audet

705 1426 910 1477 irruere
935 1438 949 1473 :
975 1420 1079 1475 nisi
1106 1435 1204 1474 nos
1230 1434 1324 1487 per
1350 1416 1618 1471 desertum
1647 1412 1745 1465 iter
1770 1406 2022 1462 facientes
2051 1399 2279 1463 viderit,

704 1526 810 1567 non
833 1511 993 1565 audet
1016 1509 1303 1571 accedere;
1335 1506 1577 1560 desertus
1602 1509 1775 1555 autem
1804 1496 1889 1551 ille
1914 1491 2110 1548 diaboli
2134 1491 2281 1545 locus

705 1604 835 1657 nihil
860 1600 1003 1657 aliud
1042 1608 1147 1667 est,
1183 1612 1339 1669 quam
1369 1602 1665 1665 peccatum.
1697 1589 1842 1659 Opus
1867 1600 1995 1655 ergo
2024 1582 2282 1639 habemus

704 1704 855 1749 scuto
882 1694 1024 1757 ﬁdei,
1061 1693 1209 1763 galea
1250 1688 1435 1743 salutis
1456 1726 1470 1752 ,
1500 1683 1676 1755 gladio
1703 1679 1923 1750 spiritus
1948 1694 1964 1744 ;
1989 1691 2095 1730 non
2125 1672 2282 1728 modo

706 1804 773 1841 ne
804 1785 998 1840 malum
1027 1782 1321 1853 patiamur,
1364 1776 1459 1833 sed
1487 1775 1647 1831 etiam
1675 1782 1766 1836 ut,
1806 1771 1851 1824 si
1891 1766 2094 1823 insilire
2122 1763 2280 1827 velit,

706 1877 821 1947 ejus
848 1883 1005 1945 caput
1029 1870 1424 1928 abscindamus.
1453 1861 1850 1935 Frequentibus
1872 1870 2091 1947 egemus
2115 1854 2287 1947 preci-

706 1944 838 2030 bus,
884 1944 943 2020 ut
984 1963 1083 2019 sub
1132 1960 1352 2032 pedibus
1392 1955 1588 2011 nostris
1626 1958 1949 2008 conteratur.
2003 1944 2286 2015 impudens

707 2060 848 2113 enim
868 2064 952 2112 est
974 2064 1028 2110 et
1048 2051 1425 2113 exsecrandus,
1450 2048 1551 2103 etsi
1574 2046 1641 2099 ab
1670 2042 1907 2098 inferiori
1929 2040 2044 2094 loco
2067 2044 2283 2108 pugnet;

707 2157 939 2201 attamen
972 2145 1050 2199 sic
1077 2145 1237 2197 etiam
1267 2138 1448 2194 vincit.
1481 2136 1537 2190 in
1580 2148 1736 2190 causa
1775 2140 1954 2187 autem
1993 2136 2076 2185 est
2098 2170 2114 2195 ,
2146 2124 2286 2197 quod

707 2252 804 2291 nos
834 2250 938 2290 non
963 2233 1269 2288 studeamus
1297 2230 1463 2302 plagis
1487 2228 1629 2282 illius
1658 2239 1780 2280 esse
1807 2223 2111 2291 superiores
2142 2238 2154 2273 :
2191 2234 2283 2273 nc-

707 2343 810 2398 que
833 2327 973 2381 enim
998 2332 1169 2394 potest
1195 2320 1482 2377 admodum
1511 2316 1708 2384 efferri,
1736 2314 1830 2371 sed
1857 2312 2106 2369 deorsum
2129 2311 2285 2381 repit.

712 2418 987 2488 liujusque
1009 2414 1176 2485 ﬁgura
1197 2422 1279 2469 est
1295 2425 1539 2481 serpens.
1562 2409 1617 2467 Si
1640 2416 1818 2463 autem
1836 2405 1983 2461 illum
2000 2404 2077 2458 sic
2095 2417 2123 2455 a
2141 2401 2287 2472 prin-

710 2508 849 2577 cipio
876 2506 1173 2570 constituit,
1203 2502 1367 2558 multo
1393 2501 1560 2571 magis
1588 2512 1749 2553 nunc.
1791 2496 1844 2552 Si
1872 2495 2086 2566 ignoras
2112 2500 2287 2546 autem

709 2600 835 2667 quid
864 2598 931 2653 sit
960 2612 1024 2651 ex
1056 2596 1304 2650 inferiore
1328 2595 1446 2647 loco
1476 2602 1712 2660 pugnare
1734 2628 1751 2653 ,
1792 2600 1892 2657 ego
1936 2584 2030 2639 tibi
2070 2583 2290 2652 hujusce

711 2689 834 2745 helli
856 2688 1072 2743 modum
1098 2685 1367 2755 explicare
1394 2682 1647 2738 conabor.
1678 2678 1815 2746 Quid
1843 2691 1971 2747 ergo
1996 2685 2097 2741 est,
2124 2690 2190 2729 ex
2214 2674 2291 2727 in-

710 2782 902 2836 feriore
930 2782 1047 2834 loco
1074 2778 1349 2849 pugnare?
1375 2777 1417 2829 A
1445 2775 1603 2830 rebus
1629 2771 1968 2827 inferioribus
1993 2768 2287 2831 decertare,

712 2888 740 2924 a
772 2872 1067 2939 voluptate,
1102 2884 1131 2922 a
1162 2868 1383 2931 divitiis,
1408 2881 1438 2919 a
1464 2863 1814 2920 smcularihus
1842 2860 2109 2916 omnibus.
2143 2856 2288 2921 Ideo,

713 2963 755 3015 si
784 2977 883 3031 que
907 2961 1082 3029 npiam
1122 2958 1312 3013 viderit
1344 2956 1409 3011 ad
1444 2956 1631 3010 caelum
1660 2953 1946 3016 volantem,
1978 2950 2149 3020 primo
2170 2948 2289 3018 qui-

711 3052 833 3106 dem
880 3054 931 3104 it
967 3050 1114 3105 illum
1144 3049 1345 3103 insilire
1370 3061 1475 3102 non
1506 3047 1738 3116 poterit;
1781 3042 2015 3099 secundo
2039 3080 2055 3107 ,
2084 3038 2290 3095 etiamsi

714 3143 765 3197 id
808 3154 890 3198 ten
928 3151 1002 3211 at,
1038 3142 1145 3197 cito
1180 3140 1367 3206 cadet;
1407 3153 1580 3209 neque
1615 3138 1758 3193 enim
1802 3134 1964 3205 pedes
1996 3132 2194 3198 habet,
2224 3144 2294 3184 ne

716 3236 1009 3299 formides;
1040 3248 1143 3287 non
1176 3233 1335 3288 habet
1365 3232 1498 3297 alas,
1528 3245 1596 3285 ne
1624 3229 1810 3283 timeas
1852 3244 1865 3280 :
1908 3239 2067 3295 supra
2096 3232 2291 3278 terram

718 3328 853 3395 repit
878 3333 933 3381 et
960 3340 1117 3393 supra
1149 3339 1233 3378 res
1260 3333 1517 3377 terrenas.
1545 3320 1686 3375 Nihil
1727 3333 1854 3389 ergo
1886 3317 1977 3372 tibi
2006 3330 2124 3370 cum
2154 3322 2291 3368 terra

715 3418 783 3470 sit
808 3430 1091 3471 commune
1112 3456 1125 3483 ,
1155 3429 1252 3469 nec
1294 3414 1473 3468 labore
1512 3410 1790 3481 indigebis.
1818 3409 2000 3478 Neque
2024 3405 2164 3463 enim
2200 3402 2293 3458 ad-

717 3522 920 3561 versam
949 3520 1173 3575 pugnam
1202 3503 1367 3569 novit,
1395 3503 1487 3557 sed
1518 3512 1781 3571 tamquam
1810 3511 2031 3569 serpens
2052 3496 2103 3551 in
2126 3493 2293 3564 spinis

714 3597 1033 3661 occultatur,
1064 3596 1115 3649 in
1145 3594 1448 3649 divitiarum
1490 3592 1694 3646 fallacia
1721 3589 2032 3659 frequenter
2055 3587 2289 3641 latitans.

716 3691 769 3746 Si
797 3691 975 3760 spinas
997 3688 1285 3754 excideris,
1319 3686 1698 3742 formidolosus
1727 3683 1883 3741 facile
1911 3682 2107 3753 fugiet;
2140 3679 2184 3734 si
2214 3680 2293 3733 in-

719 3790 933 3836 cantare
984 3781 1034 3833 in
1084 3779 1228 3833 illum
1272 3778 1410 3832 scias
1457 3777 1662 3831 divinas
1704 3775 1824 3829 illas
1869 3772 2290 3835 incantationes,

720 3873 897 3926 statim
930 3871 1317 3926 vulnerabitur.
1347 3869 1485 3923 Sunt
1508 3869 1651 3923 enim
1678 3866 1853 3932 nobis,
1885 3872 2029 3930 sunt,
2056 3863 2291 3932 inquam,

718 3963 1106 4019 incantationes
1140 3961 1468 4031 spirituales,
1510 3973 1702 4013 nomen
1743 3956 1950 4011 Domini
1976 3952 2143 4009 nostri
2168 3952 2293 4007 Jesu

716 4055 937 4119 Christi,
976 4053 1151 4107 crucis
1195 4052 1448 4122 potentia.
1498 4049 1622 4104 [hcc
1670 4050 1959 4102 incantatio
1995 4061 2101 4100 non
2133 4042 2293 4099 modo

715 4145 1004 4198 draconem
1044 4159 1073 4197 a
1113 4143 1334 4197 latibulo
1362 4142 1510 4210 ejicit
1538 4141 1671 4196 etin
1705 4140 1878 4211 ignem
1910 4137 2129 4208 conjicit
2150 4179 2164 4203 ,
2198 4136 2290 4192 sed

717 4235 875 4289 etiam
901 4235 1204 4289 vulneribus
1225 4232 1488 4288 medetur.

740 4346 746 4355 ί
796 4327 847 4379 7.
880 4324 1031 4392 Quod
1061 4324 1106 4379 si
1136 4324 1288 4379 multi
1332 4324 1432 4378 hoc
1459 4323 1694 4378 dicentes
1728 4322 1896 4375 sanati
1925 4335 2030 4375 non
2062 4328 2209 4382 sunt,
2241 4316 2291 4371 id

720 4431 787 4469 cx
832 4416 1045 4469 illorum
1097 4414 1306 4470 modica
1348 4412 1485 4476 ﬁde,
1548 4427 1654 4466 non
1699 4426 1765 4465 ex
1818 4410 1944 4465 dicti
1992 4408 2295 4463 infirmitate

719 4505 985 4575 provenit.
1017 4504 1147 4558 Nam
1194 4504 1367 4573 ipsum
1407 4502 1585 4557 Jesum
1618 4501 1767 4557 multi
1797 4500 2066 4571 pellebant
2091 4508 2144 4554 et
2172 4512 2293 4567 pre-

719 4597 955 4662 mebant,
980 4610 1081 4650 nec
1104 4594 1372 4664 quidpiam
1403 4593 1777 4647 lucrabantur:
1807 4600 1859 4645 at
1880 4606 1995 4661 quae
2026 4588 2296 4659 sanguinis

718 4689 863 4742 ﬂuxu
888 4688 1181 4753 laborabat,
1200 4702 1297 4741 nec
1320 4695 1458 4741 tacto
1476 4684 1691 4755 quidem
1714 4697 1958 4753 corpore,
1976 4681 2069 4739 sed
2092 4690 2295 4736 tantum

722 4780 950 4846 fimbria,
978 4778 1259 4834 diuturnos
1296 4778 1570 4847 sanguinis
1608 4776 1780 4830 fontes
1813 4774 2053 4829 cohibuit
2081 4773 2291 4844 (Matth.

721 4870 775 4924 9.
818 4870 933 4941 22).
979 4870 1093 4924 lloc
1146 4885 1336 4924 nomen
1378 4879 1433 4923 et
1484 4869 1815 4923 daemonibus
1858 4876 1913 4922 et
1960 4867 2297 4938 passionihus

720 4970 775 5017 et
803 4962 1003 5015 morbis
1032 4969 1113 5015 est
1140 4960 1395 5015 terribile.
1438 4960 1550 5014 lloc
1578 4961 1736 5027 igitur
1778 4961 1990 5015 nomine
2018 4975 2292 5025 ornentur,

722 5054 825 5107 hoc
858 5067 957 5107 nos
998 5053 1318 5107 muniamus.
1351 5052 1441 5107 Sic
1471 5052 1669 5107 Paulus
1696 5068 1915 5121 magnus
1945 5052 2165 5108 effectus
2189 5063 2292 5119 est,

721 5147 818 5201 etsi
846 5147 1033 5200 eadem
1061 5161 1162 5215 qua
1196 5160 1293 5200 nos
1320 5155 1502 5199 natura
1536 5156 1823 5209 constans;
1858 5145 1950 5199 scd
1982 5146 2113 5199 ﬁdes
2145 5146 2293 5199 illum

721 5236 882 5289 alium
910 5252 975 5290 ex
1003 5237 1109 5291 alio
1151 5236 1294 5300 fecit,
1326 5244 1379 5291 et
1408 5245 1549 5289 tanta
1576 5246 1689 5290 erat
1721 5244 2004 5305 potestate,
2036 5245 2092 5290 ut
2133 5237 2292 5290 vesti-

722 5337 898 5380 menta
929 5327 1089 5382 etiam
1130 5327 1245 5396 ejus
1292 5341 1534 5396 magnam
1579 5326 1835 5381 haberent
1880 5328 2149 5381 virtutem.
2183 5327 2292 5394 Qua

628 5476 631 5477 ν
721 5419 880 5487 igitur
921 5420 1264 5474 excusatione
1310 5419 1451 5490 digni
1507 5420 1780 5486 fuerimus,
1828 5421 1871 5473 si
1913 5436 2030 5474 cum
2082 5421 2291 5475 illorum

721 5511 907 5564 umbra
933 5521 984 5565 et
1012 5513 1324 5567 vestimenta
1351 5522 1573 5566 mortem
1597 5511 1943 5582 depellerent,
1972 5528 2070 5568 nec
2095 5514 2284 5568 oratio-

722 5619 815 5658 nes
836 5602 1051 5673 quidem
1082 5615 1276 5659 nosme
1305 5605 1581 5675 passiones
1610 5606 1945 5675 reprimant?
1975 5605 2109 5672 Quid
2137 5606 2295 5677 igitur

718 5695 770 5747 iu
798 5710 956 5748 causa
985 5694 1103 5749 est?
1148 5696 1330 5765 Magna
1357 5696 1523 5749 animi
1562 5695 1883 5763 differentia,
1928 5695 2054 5751 licet
2081 5714 2198 5767 qua:
2227 5698 2294 5751 ad

718 5794 959 5842 naturam
994 5798 1252 5859 spcctant,
1298 5788 1517 5861 ccqualia
1551 5797 1601 5844 et
1628 5790 1929 5846 communia
1970 5791 2075 5847 sint
2110 5810 2119 5847 :
2168 5806 2290 5847 nam

1398 392 1457 447 s.
1496 387 1771 447 JOANNIS
1808 376 2276 439 cttnvsosrout
2318 373 2632 431 ARCIIIEP.
2676 374 3209 430 CONSTANIINOP.

3865 376 3965 429 4ϋῖ

2384 487 2570 543 eodem
2604 487 2693 542 ille
2720 502 2828 557 quo
2870 502 2966 542 nos
2997 489 3155 542 modo
3201 496 3354 543 natus
3397 498 3450 543 et
3478 486 3736 543 educatus
3779 500 3883 556 est,
3913 502 3967 543 ct

2382 579 2433 632 in
2481 590 2620 633 terra
2671 578 2930 633 habitavit
2975 596 3264 650 acremque
3297 580 3619 649 rcSpiravit:
3668 583 3764 637 sed
3792 584 3846 638 in
3876 584 3968 638 illo

2382 669 2480 723 alia
2506 670 2657 738 longe
2679 671 2897 724 meliora
2922 680 2974 724 ct
3004 673 3373 741 lirmstatttiora
3394 682 3725 742 erantquam
3758 686 3963 739 nostra,

2382 764 2546 828 zelus,
2582 762 2746 829 fides,
2774 763 2991 819 caritas.
3028 762 3305 819 Imitemur
3347 780 3477 836 ergo
3524 766 3671 821 illum
3704 784 3718 819 :
3753 766 3802 820 id
3839 783 3966 837 aga-

2384 868 2520 920 mus,
2557 863 2607 907 ut
2643 868 2737 923 per
2764 868 2861 907 nos
2886 854 3133 924 loquatur
3158 854 3403 910 Christus
3430 875 3441 909 :
3469 856 3518 911 id
3554 858 3645 912 ille
3674 858 3911 912 maxime
3938 874 3972 912 τί

2382 944 2536 998 nobis
2559 942 2850 1009 desiderat,
2881 952 3042 1013 atque
3090 945 3209 1000 ideo
3256 946 3356 1001 hoc
3380 963 3639 1018 organum
3668 950 3968 1017 apparavit,

2385 1049 2483 1089 nec
2509 1034 2618 1089 vult
2645 1043 2702 1089 ut
2728 1035 2915 1090 inutile
2942 1044 3174 1101 maneat,
3204 1036 3300 1090 sed
3345 1053 3561 1108 semper
3587 1041 3835 1093 manibus
3868 1047 3944 1092 tra

2381 1136 2529 1180 ctare
2589 1125 2754 1195 cupit.
2800 1126 2909 1180 Cur
2953 1141 3052 1196 ego
3115 1142 3217 1180 non
3272 1142 3500 1198 apparas
3552 1130 3681 1184 illud
3743 1131 3811 1183 ad
3858 1145 3971 1182 tua-

2384 1233 2509 1273 num
2538 1218 2781 1282 artiﬁcis,
2815 1218 2910 1273 sed
2950 1219 3109 1274 etiam
3142 1218 3370 1274 chordas
3396 1220 3657 1286 demittis,
3702 1232 3761 1277 et
3815 1224 3967 1276 volu-

2384 1317 2529 1378 ptate
2570 1310 2846 1365 molliores
2870 1310 3057 1376 efficis,
3093 1321 3253 1382 atque
3295 1312 3535 1367 inutilem
3567 1315 3667 1383 ipsi
3699 1331 3857 1384 paras
3887 1325 3971 1367 to-

2384 1410 2491 1456 tam
2523 1403 2805 1471 citharam,
2836 1419 2955 1458 cum
3003 1413 3278 1474 oporteret
3322 1404 3465 1459 illam
3513 1407 3778 1477 stringere
3819 1418 3875 1462 et
3905 1409 3973 1459 ad

2383 1502 2573 1548 cantus
2600 1494 2841 1561 tendere,
2862 1510 2925 1550 ac
2954 1496 3219 1565 spirituali
3245 1496 3354 1552 sale
3377 1497 3719 1567 constipare?
3742 1498 3797 1554 Si
3824 1499 3972 1552 enim

2388 1582 2488 1639 hac
2544 1585 2753 1639 ratione
2782 1594 3018 1653 aptatam
3045 1586 3291 1643 Christus
3341 1587 3552 1654 viderit,
3586 1603 3681 1658 per
3729 1598 3973 1643 nostram

2386 1676 2618 1731 ani'nam
2651 1676 2901 1745 pulsabit.
2933 1677 3049 1744 Quo
3087 1677 3247 1743 facto,
3276 1680 3494 1751 angelos
3531 1680 3737 1735 videbis
3766 1681 3977 1735 saltata-

2389 1776 2488 1833 tes,
2518 1777 2573 1824 et
2611 1770 2962 1840 archangelos
2990 1780 3041 1826 et
3072 1771 3385 1827 Cherubim.
3419 1773 3568 1843 Digiti
3618 1789 3745 1844 ergo
3801 1775 3976 1827 incul-

2387 1860 2525 1929 patis
2578 1860 2826 1915 manibus
2874 1860 3213 1917 efficiamur:
3263 1878 3513 1933 rogemus
3554 1879 3699 1930 eum,
3732 1864 3785 1918 in
3812 1865 3981 1919 corde

2390 1959 2573 2005 nostro
2601 1951 2773 2020 pulset
2807 1969 2820 2004 :
2854 1952 2961 2006 imo
2989 1968 3163 2023 neque
3192 1963 3380 2024 rogatu
3425 1970 3561 2025 opus
3607 1955 3789 2022 habet,
3834 1966 3981 2010 tactu

2389 2042 2562 2095 solum
2587 2042 2807 2112 dignum
2844 2042 3042 2098 efficite
3090 2044 3238 2111 illttd,
3272 2055 3327 2099 ct
3374 2046 3487 2116 ipse
3516 2047 3662 2115 prior
3704 2046 3773 2101 ad
3804 2057 3857 2101 te
3885 2062 3981 2101 ac-

2389 2141 2586 2188 curret.
2644 2132 2779 2187 Nam
2828 2135 2871 2188 si
2928 2136 3449 2204 procrastinantihus
3500 2139 3736 2193 occurrit
3787 2138 3980 2209 (Pauli

2391 2224 2533 2279 enim
2567 2224 2798 2279 nondum
2846 2226 2964 2281 talis
3008 2226 3181 2283 effecti
3221 2230 3524 2284 encomium
3575 2230 3809 2301 texuit),
3856 2245 3982 2284 cum

2390 2327 2636 2383 paratum
2668 2317 2875 2383 viderit,
2905 2318 3033 2389 quid
3082 2335 3190 2375 non
3237 2320 3433 2376 faciet?
3462 2321 3614 2390 Quod
3659 2323 3704 2377 si
3734 2323 3985 2378 Christus

2390 2405 2725 2476 insonuerit,
2784 2410 3018 2480 Spiritus
3061 2414 3282 2468 omnino
3330 2414 3621 2481 adveniet,
3670 2416 3985 2485 erimusque

2392 2500 2525 2553 ca'lo
2556 2502 2976 2569 prmstantiores,
3010 2520 3118 2559 non
3171 2506 3339 2561 solem
3384 2516 3437 2560 et
3484 2507 3665 2561 lunam
3717 2508 3986 2563 habentes

2397 2593 2606 2661 corpori
2635 2592 2953 2663 impressos,
2980 2594 3076 2651 sed
3102 2596 3253 2663 solis,
3286 2597 3425 2651 luna}
3452 2608 3506 2652 et
3534 2598 3850 2669 angelorum
3881 2598 3988 2653 Do-

2396 2681 2600 2738 minum
2632 2684 3022 2741 inhabitantem
3054 2696 3108 2743 et
3130 2687 3493 2742 ambulantem
3517 2689 3572 2742 in
3602 2689 3781 2744 nobis.

2467 2774 2665 2831 Caritas
2712 2779 2871 2849 signis
2900 2780 3128 2835 omnibus
3183 2781 3519 2851 prtem-cndu.
3547 2810 3620 2823 —
3649 2780 3777 2837 Haec
3803 2790 3986 2837 autem

2394 2865 2535 2933 dico,
2566 2882 2673 2922 non
2707 2878 2764 2922 ut
2813 2880 3055 2925 mortuos
3095 2872 3448 2937 suscitemus,
3478 2887 3583 2927 non
3634 2883 3691 2927 ut
3741 2873 3989 2943 leprosos

2395 2957 2747 3025 mundcmus;
2781 2960 2875 3015 sed
2906 2970 2961 3015 ut
2990 2962 3197 3033 signum
3242 2962 3325 3019 his
3348 2965 3599 3020 omnibus
3627 2966 3802 3035 majus
3826 2966 3986 3021 exhi-

2397 3044 2637 3116 beamus,
2668 3050 2946 3105 caritatem
2992 3070 3007 3106 :
3059 3052 3381 3125 ubicumque
3422 3055 3567 3110 enim
3624 3055 3727 3112 hoc
3784 3058 3987 3111 bonum

2398 3135 2577 3204 fuerit,
2628 3141 2807 3194 statim
2856 3142 3025 3197 Filius
3075 3142 3231 3199 adest
3275 3160 3396 3200 cum
3446 3145 3625 3211 Patre,
3655 3156 3708 3201 et
3753 3147 3989 3217 Spiritus

2397 3232 2569 3296 gratia
2608 3229 2842 3285 advenit.
2873 3231 3005 3287 Nam
3035 3234 3109 3287 ait
3135 3253 3149 3287 :
3182 3234 3280 3290 Ubi
3309 3236 3410 3289 duo
3450 3237 3527 3290 vel
3566 3249 3665 3291 tres
3694 3241 3991 3309 congregati

2398 3318 2585 3387 fuerint
2612 3321 2663 3375 in
2687 3324 2886 3377 nomine
2912 3340 3040 3390 meo,
3064 3325 3133 3378 ibi
3158 3342 3269 3379 sum
3294 3328 3346 3380 in
3376 3326 3541 3383 media
3564 3344 3735 3383 eorum
3764 3330 3987 3398 (Matth.

2398 3410 2483 3465 18.
2506 3410 2619 3481 20).
2640 3412 2790 3479 Quod
2815 3415 2990 3484 magni
3012 3415 3233 3472 affectus
3247 3426 3329 3472 est
3350 3418 3634 3473 admodum
3664 3422 3987 3483 amantium,

2399 3515 2521 3555 cum
2576 3502 2741 3557 amati
2790 3504 3037 3573 utrinque
3064 3506 3275 3561 adsunt.
3335 3507 3531 3578 Ecquis
3586 3510 3655 3564 ita
3688 3511 3855 3564 miser
3882 3522 3987 3577 est,

2399 3592 2628 3662 inquies,
2654 3594 2743 3662 qui
2777 3596 2909 3650 nolit
2934 3595 3206 3653 Christum
3235 3598 3469 3654 medium
3500 3599 3739 3655 habere?
3767 3600 3879 3655 Nos
3899 3605 3988 3671 qui

2396 3693 2583 3740 mutuo
2614 3686 2869 3740 rixamur.
2901 3688 2967 3743 Et
2994 3689 3220 3745 fortasse
3250 3682 3335 3745 me
3361 3690 3625 3761 quispiam
3654 3692 3905 3746 irridebit
3929 3708 3991 3747 ac

2396 3776 2580 3832 dicet:
2632 3777 2767 3844 Quid
2824 3779 2942 3833 ais?
2986 3790 3101 3835 nos'
3139 3795 3326 3835 omnes
3378 3781 3530 3837 vides
3576 3782 3715 3838 intra
3764 3784 3987 3839 eosdem

2400 3867 2649 3935 parietes,
2683 3868 2734 3922 in
2766 3883 2872 3921 uno
2898 3870 3199 3939 eodemque
3241 3871 3485 3926 ecclesia:
3513 3882 3687 3942 septo,
3716 3875 3768 3928 in
3796 3875 3988 3929 eodem

2398 3957 2527 4011 ovili
2556 3958 2977 4015 concordissime
3006 3969 3303 4029 versantes,
3339 3963 3608 4017 nemiuem
3634 3975 3987 4035 pugnantem,

2397 4050 2499 4105 sub
2520 4050 2708 4107 eodem
2740 4062 2978 4122 pastore,
3009 4054 3168 4109 simul
3196 4056 3510 4121 clamantes,
3540 4056 3698 4110 simul
3724 4056 3870 4112 dicta
3898 4073 3989 4111 au-

2396 4142 2629 4210 dientes,
2665 4144 2825 4198 simul
2866 4145 3137 4201 orationes
3164 4147 3500 4213 emittentes;
3533 4156 3587 4202 et
3614 4162 3855 4217 pugnam
3901 4165 3989 4204 se-

2399 4235 2768 4307 ditionemque
2804 4240 3114 4293 memoras?
3147 4238 3380 4308 Pugnam
3412 4253 3676 4306 memoro,
3711 4255 3815 4296 nec
3845 4241 3989 4295 insa-

2401 4328 2511 4382 nio.
2540 4328 2708 4383 \‘ideo
2736 4328 2880 4383 enim
2910 4329 3019 4395 illa,
3045 4344 3164 4400 quas
3204 4329 3383 4397 video,
3416 4331 3638 4399 scioque
3666 4344 3768 4386 nos
3808 4332 3865 4385 in
3894 4346 3988 4387 eo-

2400 4418 2520 4473 dem
2549 4429 2703 4489 septo
2731 4434 2853 4475 esse
2897 4434 3112 4491 unaque
3158 4428 3427 4491 pastorem
3454 4439 3465 4475 :
3502 4421 3730 4491 ideoque
3757 4422 3992 4477 maxime

2400 4508 2574 4578 lugeo,
2611 4510 2734 4578 quia
2766 4525 2887 4565 cum
2918 4520 2995 4565 tot
3024 4526 3112 4566 res
3137 4526 3234 4567 nos
3260 4526 3363 4566 una
3391 4522 3738 4584 congregent,
3770 4513 3991 4568 seditio-

2402 4617 2523 4658 nem
2568 4604 2884 4658 excitamus.
2940 4604 3173 4675 Ecquam
3226 4604 3564 4671 seditionem,
3619 4606 3855 4676 inquies,
3907 4608 3991 4661 hic

2400 4694 2587 4750 vides?
2642 4694 2737 4751 Hic
2789 4696 3005 4766 quidem
3058 4697 3301 4761 nullam;
3353 4697 3447 4753 sed
3501 4699 3761 4753 concione
3814 4698 3987 4753 soluta

2401 4786 2539 4841 alius
2568 4786 2728 4842 alium
2760 4798 2998 4855 accusat,
3029 4788 3165 4843 alius
3187 4798 3375 4858 aperte
3399 4790 3777 4845 contumeliam
3804 4790 3989 4857 infert,

2400 4877 2535 4934 alius
2559 4879 2779 4946 invidet,
2809 4880 2947 4935 alius
2978 4881 3059 4935 vel
3087 4894 3281 4934 avarus
3311 4890 3367 4935 et
3396 4896 3581 4951 rapax,
3606 4887 3689 4937 vel
3723 4884 3989 4941 violentus

2402 4980 2503 5035 est,
2526 4971 2663 5027 alius
2704 4974 2842 5041 turpi
2874 4987 3060 5027 amore
3104 4982 3336 5038 tenetur,
3378 4973 3516 5028 alius
3543 4984 3832 5030 sexcentos
3861 4992 3989 5030 con-

2402 5062 2508 5117 suit
2534 5064 2708 5119 dolos.
2747 5064 2812 5118 Et
2853 5066 2897 5119 si
2930 5073 3153 5135 possent
3182 5066 3374 5121 anima:
3404 5076 3602 5123 nostra!
3630 5067 3836 5137 delegi,
3865 5079 3989 5125 tunc

2404 5153 2517 5209 lucc
2562 5156 2741 5210 omnia
2781 5167 3030 5211 accurate
3075 5158 3328 5226 nossetis,
3356 5173 3418 5214 ac
3457 5174 3545 5214 me
3592 5175 3699 5215 non
3749 5161 3989 5223 insanire

2405 5245 2677 5299 videretis.

2472 5335 2524 5389 8.
2583 5337 2775 5392 Annon
2826 5337 3018 5393 videtis
3062 5340 3111 5393 in
3144 5339 3491 5406 exercitibus,
3528 5342 3671 5410 pacis
3724 5352 3986 5413 tempore,

2404 5427 2597 5482 milites
2625 5443 2770 5483 arma
2798 5440 3076 5496 ponentes,
3108 5430 3173 5485 iis
3203 5431 3432 5485 nudatos
3459 5441 3513 5485 et
3560 5430 3794 5487 inermes
3824 5445 3877 5490 et
3923 5437 3987 5489 ad

2403 5516 2632 5573 hostium
2680 5528 2854 5574 castra
2913 5521 3343 5576 trausmeantcs?
3399 5523 3467 5575 At
3516 5522 3603 5575 ubi
3652 5525 3821 5578 armis
3870 5542 3989 5581 sese

2403 5613 2668 5675 muniunt,
2702 5621 2755 5665 ct
2785 5611 3041 5667 custodite
3068 5622 3194 5668 sunt
3222 5624 3275 5668 et
3305 5614 3552 5685 speculae.
3586 5615 3861 5671 insomnes
3887 5635 3987 5672 no-

2403 5703 2758 5767 ctes,a5sidui
2814 5704 2983 5773 ignes,
3020 5704 3133 5760 lucc
3185 5721 3292 5759 non
3348 5720 3531 5775 pacem
3582 5706 3848 5773 indicant,
3896 5711 3988 5764 scd

2404 5795 2620 5850 bellum.
2654 5795 2887 5864 ldipsum
2920 5796 3057 5866 apud
3091 5813 3188 5852 nos
3218 5798 3399 5853 videre
3448 5808 3528 5853 est
3558 5815 3569 5852 :
3604 5813 3703 5854 nos
3735 5800 3882 5856 cnim
3916 5803 3967 5857 in
