4108 6340
114 359 237 412 ἐῦῦ

113 473 314 542 αὐτῆς
344 469 590 540 ἐφίεσθαι
609 467 697 520 διὰ
729 464 809 518 σέ.
838 463 900 516 EE
921 459 1029 531 γὰρ
1060 456 1312 528 γενέσθαι
1341 451 1528 542 δοῦλος
1557 449 1820 542 ὑπέμεινε

115 561 226 613 διὰ
266 535 350 620 σὲ,
385 535 436 609 τί
471 555 792 625 θαυμάζεις,
829 553 877 605 εί
915 549 1011 603 καὶ⁵
1049 546 1157 600 τῶν
1188 544 1365 599 ἄλλων
1400 539 1690 625 ἀντέχεται
1709 535 1822 625 *τῆς

115 617 550 716 αὐτῆςνένεκεν
580 617 942 700 ’ὑποθέσεως
976 634 1140 689 Οὐδὲν
1188 631 1297 702 γὰρ
1339 631 1551 701 ἡγεῖται
1597 617 1817 716 ἀνάξιον

119 713 359 794 ἑαυτοῦ,
380 733 515 801 ὅπερ
543 729 608 783 ἂν
640 727 773 800 πρὸς
798 725 896 797 τὴν
927 720 1199 792 σωτηρίαν
1221 718 1364 790 φέρῃ
1392 715 1490 787 τὴν
1520 713 1816 801 ἡμετέραὶθ.

121 791 454 874 Ταῦτα-οὖν
484 791 707 881 ἐίδότες,
743 791 1034 884 φεύγωμεν
1085 806 1360 879 ἁμαρτίαν
1402 805 1604 866 πᾶσαν,
1653 800 1720 853 δι’
1753 791 1821 866 ἦς

122 908 307 971 αὐτὸς
353 905 776 977 βλασφημεῖται.
835 899 932 965 Ὠς
958 897 1068 968 γὰρ
1096 895 1212 950 ἀπὸ
1251 889 1575 962 προσώπου
1608 885 1821 977 ϐφεως,

125 994 304 1063 φησὶ,
336 972 520 1062 φεῦγε
554 972 675 1044 ἀπὸ
704 987 1016 1058 ἁμαρτίας.
1057 983 1187 1037 Ἐὰν
1221 977 1527 1050 προσέλθῃς
1554 973 1693 1063 πρὸς
1727 972 1825 1025 αύ-

124 1062 263 1151 τὴν,
315 1078 531 1151 δήξεται
591 1093 672 1130 σε·
725 1075 848 1129 οὐδὲ
881 1074 989 1145 γὰρ
1035 1071 1173 1142 αὑτὴ
1225 1067 1361 1139 πρὸς
1406 1067 1553 1137 ἡμᾶς
1584 1062 1824 1151 ἔρχεται)

131 1148 264 1222 ἀλλ’
287 1148 448 1239 ἡμεῖς
486 1165 618 1236 πρὸς
654 1163 823 1233 αὐτὴν
855 1157 1282 1230 αὐτομολοῦμεν.
1328 1155 1387 1208 '0
1427 1152 1535 1222 γὰρ
1565 1150 1698 1213 Θεὸς
1732 1148 1826 1239 καὶ

128 1254 309 1307 τοῦτο
357 1253 760 1307 κατεσκεύασεν
799 1248 940 1300 ὥστε
989 1246 1064 1317 μὴ
1111 1243 1388 1316 τυραννίδι
1449 1237 1828 1310 περιγίνεσθαι

129 1341 236 1393 τὸν
266 1341 532 1394 διάϐολον·
563 1335 596 1409 ἦ
619 1337 729 1408 γὰρ
760 1335 824 1389 ἂν
845 1335 1017 1397 οὐδεὶς
1042 1333 1172 1400 ἐστη
1199 1331 1336 1403 πρὸς
1371 1330 1470 1400 τὴν
1496 1327 1650 1397 ἰσχὺν
1683 1324 1828 1376 ἐκεί-

127 1445 262 1482 νου.
297 1429 397 1482 Διά
424 1427 584 1479 τοῦτο
613 1424 776 1480 αὑτὸν
802 1421 1084 1492 ἀπῴκισεν
1123 1418 1312 1488 ὥσπερ
1347 1415 1553 1488 λῃστήν
1575 1428 1696 1466 τινα
1735 1411 1832 1464 καὶ

133 1513 433 1585 τύραννον·
470 1512 574 1566 κᾶν
608 1512 682 1582 μή
705 1527 827 1564 τινα
859 1507 998 1579 λάϐῃ
1033 1505 1238 1576 γυμνὸν
1267 1504 1359 1556 κοιλ⁵
1379 1503 1585 1573 ἔρημον
1615 1500 1694 1561 εἰς
1733 1496 1833 1560 τὰς

135 1602 322 1656 αὑτοῦ
362 1602 708 1669 καταδύσεις,
744 1599 805 1652 06
848 1595 1023 1666 τολμᾷ
1057 1592 1327 1648 ἐπελθεῖν·
1362 1589 1428 1643 ἂν
1456 1589 1530 1660 μὴ
1569 1587 1667 1657 τὴν
1703 1586 1834 1658 ἔρηο·

143 1707 256 1759 μον
286 1689 572 1750 ὁδεύοντας
610 1687 758 1757 ἡμᾶς
792 1685 897 1758 ἴδῃ,
940 1684 1000 1736 06
1031 1681 1223 1753 θαρρεῖ
1253 1675 1596 1750 προσελθεῖν·
1629 1675 1834 1745 ἔρημος

135 1779 202 1831 δὲ
259 1778 356 1832 καὶ
396 1774 645 1830 διαϐόλου
689 1773 853 1836 τόπος
882 1771 1034 1824 οὐδὲν
1060 1768 1247 1838 ἕτερον
1283 1766 1316 1837 ἢ
1358 1767 1392 1836 ὴ
1436 1763 1702 1835 ἁμαρτία.
1745 1761 1837 1812 Δεῖ

139 1863 338 1917 τοίνυν
367 1865 499 1934 ἡμῖν
525 1861 618 1915 τοῦ
647 1858 843 1932 θυρεοῦ
866 1859 963 1926 τῆς
997 1856 1252 1941 πίστεως,
1281 1853 1379 1941 τῆς
1403 1846 1836 1941 περικεφαλαίας

141 1951 248 2006 τοῦ
284 1950 578 2021 σωτηρίου,
627 1948 728 2017 τῆς
777 1934 1074 2016 μαχαίρας
1112 1940 1207 1995 τοῦ
1239 1938 1550 2009 πνεύματος
1571 1953 1585 1966 ·
1619 1935 1716 2006 οὐχ
1749 1934 1837 1987 ἵνα

147 2040 230 2109 μὴ
261 2038 524 2108 πάθωμεν
560 2037 722 2108 μόνον
758 2031 966 2095 κακῶς,
995 2030 1110 2084 ἀλλ’
1135 2029 1242 2093 ἵνα,
1271 2027 1376 2080 κᾶν
1398 2024 1732 2094 ἐπιπηδῆσαι
1751 2021 1808 2074 θε
1826 2051 1838 2061 -

144 2130 323 2200 λήσῃ,
357 2129 455 2198 τὴν
493 2125 737 2196 κεφαλὴν
779 2121 1144 2192 ἀποτέμωμεν
1181 2118 1389 2172 ἐκείνου
1412 2133 1424 2145 ·
1469 2115 1549 2168 δεῖ
1596 2111 1838 2181 συνεχῶν

145 2217 292 2287 ἡμῖν
313 2214 510 2285 εύχῶν,
543 2213 630 2266 ἶνα
677 2209 935 2282 συντριϐῇ
985 2207 1092 2261 ὑπὸ
1122 2207 1249 2270 τοὺς
1289 2204 1455 2266 πόδας
1492 2201 1671 2271 ἡμῶν.
1720 2201 1840 2251 ’Λν-

150 2302 448 2373 αίσχυντος
473 2301 581 2370 γάρ
616 2301 732 2353 ἐστι
766 2297 861 2351 καὶ
885 2296 1100 2366 μιαρὸς,
1129 2296 1223 2347 καὶ
1260 2290 1436 2346 ταῦτα
1458 2288 1701 2342 κάτωθεν
1736 2304 1842 2357 μα-

152 2390 412 2461 χόμενος·
447 2387 561 2441 ἀλλ’
591 2387 740 2457 ὅμως
769 2385 862 2438 καὶ
900 2383 1044 2436 οὓτω
1069 2383 1213 2451 νικᾷ.
1247 2381 1321 2432 T0
1349 2378 1405 2432 δὲ
1441 2377 1636 2461 αἴτιον,
1664 2376 1747 2428 ὃτι
1779 2376 1839 2426 o6

157 2459 540 2544 σπουδάζομεν
591 2474 752 2544 ἡμεῖς
816 2470 1138 2541 ὑψηλότεροι
1179 2466 1289 2520 τῶν
1336 2465 1545 2518 ἐκείνου
1573 2459 1842 2533 ’γενέσθαι

157 2562 412 2633 πληγῶν·
436 2561 556 2614 ούδὲ
599 2559 708 2630 γὰρ
740 2553 852 2620 οἷός
879 2557 937 2610 τέ
978 2559 1124 2609 ἐστιν
1158 2553 1463 2624 ἐπαρθῆναι
1501 2552 1666 2622 μέγα,
1704 2549 1843 2603 ἀλλὰ

155 2651 317 2704 κάτω
343 2650 588 2719 σύρεται.
631 2648 740 2699 Καὶ
761 2645 954 2699 τούτου
984 2643 1154 2706 τύπος
1189 2643 1217 2694 0
1240 2643 1385 2711 δφις.
1414 2640 1476 2693 Εἰ
1498 2640 1554 2692 δὲ
1586 2639 1645 2703 ἐξ
1666 2636 1844 2708 ἀρχῆς

158 2737 338 2801 οὓτως
377 2737 540 2791 αὐτὸν
583 2735 772 2800 ἔταξεν
822 2734 852 2785 ὁ
884 2731 1040 2796 Θεὸς,
1084 2729 1263 2800 πολλῷ
1295 2721 1496 2800 μᾶλλον
1527 2725 1642 2781 νῦν.
1694 2728 1756 2779 Et
1786 2726 1845 2778 δέ

161 2827 381 2892 ἀγνοεῖς
404 2824 456 2876 τί
494 2825 624 2876 ποτέ
652 2823 767 2874 ἐστι
809 2822 868 2873 10
889 2817 1136 2872 κάτωθεν
1172 2815 1463 2887 μάχεσθαι,
1494 2813 1604 2882 ἐγώ
1639 2832 1720 2867 σοι
1751 2815 1846 2867 καὶ

163 2909 507 2982 ἑρμηνεῦσαι
530 2909 620 2962 τοῦ
651 2909 890 2978 πολέμου
913 2905 1106 2959 τούτου
1141 2905 1230 2957 τὸν
1259 2904 1459 2974 τρόπον
1488 2901 1844 2970 πειράσομαι.

161 2999 231 3051 Τί
273 2999 395 3051 ποτ’
435 2993 530 3050 οῦν
573 2999 688 3049 ἐστι
734 2996 788 3048 τὸ
821 2992 1066 3048 κάτωθεν
1113 2991 1425 3062 μάχεσθαι;
1467 2989 1539 3042 T0
1578 2988 1686 3041 ἀπὸ
1734 2986 1846 3040 τῶν

165 3089 323 3140 κάτω
355 3085 649 3139 πυκτεύειν
679 3082 1044 3154 πραγμάτων,
1085 3081 1193 3134 ἀπὸ
1221 3081 1319 3147 τῆς
1359 3080 1573 3148 ἡδονῆς,
1605 3077 1714 3131 ἀπὸ
1751 3078 1846 3130 τοῦ

166 3173 558 3236 πλούτου,άπὸ
588 3171 695 3224 τῶν
719 3169 991 3241 βιωτικῶν
1022 3167 1297 3221 ἁπάντων.
1329 3166 1426 3219 Διά
1451 3165 1626 3228 τοῦτο,
1663 3166 1729 3220 ἂν
1762 3167 1848 3239 ίδῃ

165 3259 288 3313 τινὰ
329 3257 479 3331 [5071
520 3257 658 3330 πρὸς
699 3257 791 3310 τὸν
843 3255 1071 3327 οὐρανὸν
1135 3254 1450 3322 πετόμενον,
1492 3253 1708 3323 πρῶτον
1748 3254 1848 3324 μὲν

167 3347 288 3400 οὐδὲ
327 3345 661 3416 ἐπιπηδῆσαι
697 3357 730 3386 νι
772 3345 910 3416 πρὸς
939 3343 1103 3395 αὑτὸν
1140 3342 1460 3412 δυνήσεται·
1489 3341 1741 3411 δεύτερον
1767 3340 1847 3408 δὲ,

171 3437 272 3488 κᾶν
303 3433 648 3505 ἐπιχειρήσῃ,
704 3431 915 3501 ταχέως
954 3431 1222 3482 πεσεῖται·
1270 3430 1328 3481 06
1364 3428 1472 3497 γὰρ
1512 3427 1623 3497 ἔχει
1659 3427 1848 3494 πόδας,

167 3521 250 3592 μὴ
305 3521 568 3591 φοϐηθῇς·
604 3519 705 3574 οὐκ
751 3519 864 3589 ἔχει
897 3518 1093 3589 πτερὰ,
1138 3516 1211 3586 μὴ
1244 3515 1448 3588 δείσῃς·
1491 3516 1584 3568 ἐπὶ
1609 3516 1708 3586 τῆς
1745 3514 1851 3584 γῆς

175 3609 423 3679 σύρεται,
457 3608 555 3662 καὶ
588 3611 702 3670 τοῖς
741 3608 800 3659 ἐν
842 3609 909 3676 τῇ
950 3607 1021 3675 γῇ
1073 3604 1384 3674 πράγμασι.
1419 3603 1605 3673 Μηδὲν
1638 3600 1732 3657 οὖν
1769 3620 1851 3656 σοι

176 3695 314 3765 πρὸς
345 3695 471 3766 ’τὴν
528 3695 631 3764 γῆν
664 3693 806 3746 ἔστω
833 3691 1035 3756 κοινὸν,
1065 3691 1160 3744 καὶ
1211 3689 1332 3743 οὐδὲ
1365 3690 1527 3742 πόνου
1582 3690 1762 3761 δεήσει
1796 3689 1847 3743 ³³.

174 3783 310 3835 Ούδὲ
348 3783 454 3851 γάρ
492 3777 601 3834 οἶδε
634 3779 733 3851 τὴν
774 3778 834 3844 ἐξ
859 3778 1106 3841 ἐναντίας
1131 3777 1332 3846 μάχην,
1367 3776 1479 3830 ἀλλ’
1507 3777 1695 3847 ῶσπερ
1728 3775 1852 3846 ὄφις

174 3873 290 3933 ταῖς
351 3869 612 3932 ἀκάνθαις
676 3866 1048 3938 ἐγκρύπτεται
1105 3867 1172 3933 τῇ
1223 3864 1409 3936 ἀπάτῃ
1463 3864 1558 3917 τοῦ
1619 3864 1851 3916 πλούτου

179 3956 425 4024 συνεχῶς
464 3953 817 4024 ὲμφωλεύων.
857 3951 978 4005 Κᾶν
1009 3951 1248 4023 ἐκτέμῃς
1285 3951 1384 4014 τὰς
1423 3951 1688 4015 ἀκάνθας,
1721 3952 1852 4021 φεύ-

178 4042 330 4106 ξεται
365 4041 561 4110 ῥαδίως
588 4039 760 4102 δειλὸς
797 4039 1108 4107 γενόμενος,
1137 4039 1240 4091 κᾶν
1268 4039 1486 4109 ἐπᾴδειν
1520 4039 1666 4109 εἰδῇς
1705 4040 1854 4111 αὐτῷ

179 4129 274 4190 τὰς
307 4128 456 4190 θείας
489 4126 719 4196 ἐπῳδὰς,
764 4127 1104 4197 τρωθῆσεται
1143 4125 1366 4189 εὐθέως.
1407 4126 1529 4179 Εἰσὶ
1561 4127 1670 4196 γάρ
1699 4128 1850 4197 ἡμῖν,

179 4216 314 4268 εἰσὶν
344 4213 546 4283 ἐπῳδαὶ
589 4214 980 4283 πνευματικαὶ,
1010 4214 1070 4266 τὸ
1096 4214 1266 4284 ὄνομα
1309 4212 1404 4265 τοῦ
1456 4213 1662 4284 Κυρίου
1696 4215 1855 4285 ἡμῶν

191 4299 364 4371 Ἰησοῦ
419 4301 677 4372 Χριστοῦ,
715 4301 810 4355 καὶ
863 4303 896 4370 ἡ
954 4301 1050 4353 τοῦ
1087 4301 1319 4370 σταυροῦ
1352 4301 1781 4373 δύναμις.,Αῦτη
1821 4306 1854 4374 ἡ

182 4389 359 4459 ἐπῳδὴ
394 4388 515 4458 οὐχὶ
565 4388 673 4441 τὼν
717 4387 983 4458 χηραμῶν
1027 4386 1213 4456 ἐξάγει
1276 4389 1456 4459 μόνον,
1502 4391 1596 4442 καὶ
1635 4392 1715 4453 είς
1744 4390 1855 4460 πῦρ

181 4477 439 4546 ἐμϐάλλει
469 4476 564 4531 τὸν
597 4475 887 4546 δράκοντα,
914 4476 1050 4528 ἁλλά
1085 4476 1177 4529 καὶ
1210 4480 1499 4546 τραύματα
1530 4479 1695 4533 ἰᾶται.

249 4563 326 4618 Εί-
345 4565 402 4616 δὲ
431 4565 526 4616 καὶ
563 4563 747 4616 πολλοὶ
773 4564 1020 4632 λέγοντες
1048 4564 1147 4615 οὐκ
1177 4563 1426 4635 ίάθησαν,
1459 4565 1612 4634 παρὰ
1634 4565 1734 4636 τὴν
1760 4566 1855 4619 αὑ-

183 4651 287 4705 τῶν
316 4653 710 4720 ὀλιγοπιστίαν,
737 4653 796 4705 ού
820 4652 972 4724 παρά
994 4653 1093 4723 τὴν
1115 4653 1399 4706 ἀσθένειαν
1421 4654 1514 4707 τοῦ
1550 4654 1854 4724 λεχθέντος·

186 4739 300 4792 ἐπεὶ
355 4741 450 4792 καὶ
506 4742 598 4792 τὸν
652 4739 859 4810 Ἰησοῦν
909 4742 959 4793 οί
1005 4739 1112 4811 μὲν
1159 4740 1334 4793 ὤθουν
1375 4742 1469 4794 καὶ
1500 4742 1730 4806 έθλιϐον,
1762 4744 1857 4795 καὶ

183 4826 330 4879 οὐδὲν
366 4827 714 4898 ἐκέρδαινον·
747 4829 780 4897 ἡ
812 4827 870 4879 δέ
916 4829 1290 4898 αἱμορροοῦσα
1315 4830 1437 4882 οὐδὲ
1467 4830 1561 4883 τοῦ
1607 4830 1855 4900 σώματος

190 4913 459 4984 ἁψαμένη,
504 4914 617 4967 ἀλλ’
646 4914 811 4966 αὐτοῦ
865 4914 958 4968 τοῦ
1011 4915 1321 4986 κρασπέδου
1375 4917 1557 4987 μόνον,
1605 4919 1855 4989 χρονίους

189 4998 407 5069 ἔστησεν
450 5001 699 5070 αἱμάτων
736 5002 939 5071 πηγάς.
976 5002 1145 5054 Τοῦτο
1189 5002 1250 5054 10
1282 5002 1455 5072 ὄνομα
1502 5004 1596 5056 καὶ
1636 5005 1856 5075 δαίμοσι

190 5086 409 5157 φοϐερὸν
434 5088 532 5146 ,καὶ
571 5085 771 5138 πάθεσι
793 5088 885 5139 καὶ
914 5088 1203 5157 νοσήμασι.
1230 5089 1416 5160 Τούτῳ
1440 5089 1617 5144 τοίνυν
1650 5090 1858 5145 καλλω-

192 5173 490 5244 πιζώμεθα,
514 5176 689 5244 τούτῳ
710 5176 1033 5245 τειχίζωμεν
1063 5178 1308 5241 ἑαυτούς.
1343 5179 1500 5232 Οὕτω
1530 5181 1625 5233 καὶ
1652 5184 1679 5233 ὁ
1711 5181 1857 5234 Παῦ-

192 5257 274 5321 λος
327 5262 540 5328 ἐγένετο
598 5263 794 5332 μέγας,
846 5263 1021 5316 καίτοι
1075 5265 1178 5333 τῆς
1229 5266 1400 5335 αὐτῆς
1453 5267 1666 5335 φύσεως
1726 5271 1858 5339 ἡμῖν

196 5349 432 5412 κάκεῖνος
475 5346 563 5419 ἦν,
594 5351 782 5421 ἀλλθίὴ
816 5353 997 5416 πίστις
1046 5354 1112 5405 αύ
1127 5357 1208 5407 τὸν
1234 5355 1391 5407 ἄλλον
1425 5356 1539 5408 ἀντ’
1565 5356 1727 5410 ἄλλου
1762 5375 1857 5410 πε-

195 5435 398 5504 ποίηκε,
427 5438 520 5490 καὶ
549 5438 783 5510 τοσαύτη
810 5435 877 5510 ἦν
911 5441 944 5509 ἡ
986 5442 1293 5510 περιουσία,
1332 5443 1406 5506 ὡς
1446 5444 1536 5496 καὶ
1562 5446 1630 5498 τὰ
1665 5446 1856 5514 ἱμάτια

196 5517 346 5572 αὑτοῦ
381 5521 583 5592 πολλὴν
617 5522 761 5590 ἔχειν
801 5523 975 5594 ίσχύν.
1009 5525 1177 5587 Ποίας
1205 5522 1295 5578 οὖν
1331 5527 1396 5579 ἂν
1425 5528 1617 5596 εἴημεν
1657 5529 1854 5582 ἀπολο-

197 5603 308 5666 γίας
343 5609 501 5672 ἄξιοι,
536 5610 592 5662 εί
615 5626 678 5678 γε
699 5610 920 5662 ἐκείνων
950 5612 1049 5681 μὲν
1077 5613 1170 5665 καὶ
1195 5614 1250 5666 αί
1275 5616 1420 5667 σκιαὶ
1452 5617 1543 5668 καὶ
1565 5616 1632 5668 τὰ
1665 5617 1856 5686 ἱμάτια

199 5687 411 5748 θάνατον
438 5697 690 5765 ἡλαυνον,
721 5696 877 5767 ὴμῶν
902 5698 957 5750 δέ
984 5700 1103 5753 οὐδὲ
1128 5702 1184 5753 αἱ
1218 5701 1373 5771 εὐχαὶ
1394 5703 1462 5756 τὰ
1489 5704 1636 5775 πάθη
1682 5721 1852 5757 κατα-

202 5779 492 5849 στέλλουσις
538 5785 603 5836 Τί
627 5780 719 5838 οὖν
750 5785 810 5838 10
839 5787 1041 5853 αίτιον;
1078 5789 1252 5860 Πολλὴ
1278 5790 1375 5860 τῆς
1403 5789 1629 5860 γνώμης
1675 5793 1707 5861 ἡ
1743 5792 1857 5844 δια·

257 5884 493 5964 ξὶιοςει..
540 5889 664 5964 ούδέ
695 5891 924 5964 πηδῆσαι.
996 5889 1023 5931 Β
1049 5893 1330 5956 Mgebulur
1376 5897 1577 5956 δεήσεις,
1612 5897 1743 5958 quod
1791 5910 1854 5946 cx

208 5954 394 5999 named
444 5952 766 6000 t'Ul’IEXJmUS.
813 5952 946 6001 Eum

1291 335 1359 391 IN
1401 330 1618 390 EPIST.
1656 329 1746 382 AD
1786 325 1952 378 K031.
1997 319 2228 376 llOMlL.
2274 320 2409 375 VIII.

3511 307 3614 360 ω

1926 438 2089 508 φορά·
2121 438 2196 501 ὡς
2232 437 2301 490 τά
2343 453 2407 504 γε
2453 436 2551 501 τῆς
2591 433 2806 502 φύσεως
2860 430 2948 482 ῖσα
3006 428 3098 481 καὶ
3137 425 3324 508 κοινά·
3377 426 3468 477 καὶ
3507 424 3616 492 γὰρ

1928 499 2129 594 δμοίως
2178 499 2317 596 ημῖν
2356 499 2462 577 καὶ
2506 499 2705 591 ἐτέχθη
2765 519 2859 572 καὶ
2914 518 3149 589 ἐτράφη,
3194 499 3288 568 καὶ
3354 512 3454 582 τὴν
3513 513 3617 580 γῆν

1932 613 2138 684 ῷκησε,
2175 616 2269 667 καὶ
2291 614 2431 684 άέρα
2460 611 2812 664 ἀνέπνευσεν·
2841 605 2979 661 ἀλλά
2997 605 3065 658 τά
3095 604 3227 656 ἄλλα
3250 602 3383 656 πολὺ
3418 601 3619 672 μείζων

1933 701 2091 770 ἡμῶν
2123 697 2191 770 ἦν
2233 704 2324 754 καὶ
2351 699 2599 770 βελτίων,
2632 697 2724 750 10v
2754 694 2938 766 ζῆλον,
2971 693 3073 763 τὴν
3115 693 3321 756 πίστιν,
3357 691 3457 760 τὴν
3485 691 3622 757 ἀγά-

1933 805 2063 858 πην.
2106 786 2495 860 Μιμησὼμεθα
2549 786 2732 838 τοίνυν
2777 783 2963 846 αὑτὸν,
2997 781 3180 851 δῶμεν
3216 780 3312 832 καὶ
3357 778 3421 831 δι’
3470 778 3623 853 ἡμῶν

1934 875 2269 943 φθέγξασθαι
2315 874 2394 945 τῷ
2436 871 2692 944 Χριστῷ·
2739 870 2998 940 ἐπιθυμεῖ
3047 867 3248 938 μᾶλλον
3281 865 3439 919 τοῦτο
3467 864 3624 935 ἡμῶν

1936 951 2117 1026 ἆύτὺς,
2143 963 2241 1016 καὶ
2256 962 2346 1015 διὰ
2371 961 2530 1015 τοῦτο
2563 961 2626 1014 10
2653 959 2883 1032 ὄργανον
2919 956 3294 1011 κατεσκεύασε
3321 954 3498 1018 τοῦτο,
3533 955 3626 1006 καὶ

1935 1051 1996 1102 ού
2022 1049 2167 1103 θέλει
2193 1049 2374 1117 μένειν
2411 1051 2684 1120 ἄχρηστον
2718 1046 2852 1100 αὐτὸ
2881 1046 2973 1098 καὶ
3001 1043 3194 1115 ἀργὸν,
3226 1043 3337 1098 ἀλλ’
3366 1043 3452 1096 ἀεὶ
3487 1042 3628 1111 μετὰ,

1938 1137 2124 1206 χεῖρας
2154 1135 2457 1207 ἔχειναύτὺ
2479 1133 2751 1204 βούλεται.
2782 1132 2847 1185 Τί
2870 1132 3050 1185 τοίνυν
3088 1131 3150 1183 06
3185 1127 3626 1202 παρασκευάζεις

1938 1224 2158 1295 ἕτοιμον
2206 1221 2340 1277 αὐτὸ
2386 1225 2451 1292 τῇ
2502 1221 2596 1275 τοῦ
2630 1221 2878 1290 τεχνίτου
2934 1220 3099 1290 χειρὶ,
3144 1217 3281 1272 άλλά
3325 1216 3496 1287 χαλᾷς
3529 1214 3629 1278 τὰς

1939 1310 2158 1383 νευρὰς,
2209 1311 2305 1364 καὶ
2350 1307 2752 1379 μαλακωτέρας
2786 1309 2960 1370 ποιεῖς
2994 1309 3058 1378 τῇ
3095 1307 3298 1377 τρυφῇ,
3334 1305 3430 1357 καὶ
3458 1303 3633 1372 ἄχρη-

1942 1416 2071 1452 στον
2102 1399 2233 1469 ὃλην
2268 1396 2704 1460 κατασκευάζεις
2729 1395 2880 1465 αύτῷ
2913 1395 3014 1466 τὴν
3058 1394 3315 1464 κιθάραν,
3348 1393 3469 1445 δέον
3511 1393 3633 1443 ἐπι-

1944 1486 2197 1556 σφίγγειν
2227 1486 2322 1540 καὶ
2347 1485 2573 1557 νευροῦν
2605 1484 2674 1537 τὰ
2709 1483 2870 1554 μέλη,
2899 1483 2993 1535 καὶ
3016 1481 3338 1550 ἐπιστύφειν
3363 1478 3442 1550 τῷ
3473 1479 3630 1532 ἅλατι

1943 1575 2021 1646 τῷ
2049 1575 2407 1646 πνευματικῷ
2430 1591 2445 1640 ;
2469 1574 2567 1629 Ἂν
2589 1574 2698 1646 γὰρ
2728 1573 2902 1637 οὓτως
2929 1571 3290 1643 ἡρμοσμένην
3319 1566 3488 1640 αὐτὴν
3523 1567 3631 1639 ἴδη,

1944 1665 2140 1734 ἡχήσει
2161 1668 2255 1717 καὶ
2285 1663 2375 1716 διά
2393 1662 2492 1734 τῆς
2517 1663 2795 1734 ἡμετέρας
2822 1660 3006 1731 ψυχῆς
3031 1660 3061 1711 ὀ
3091 1658 3344 1730 Χριστός.
3374 1656 3633 1709 Τοιούτου

1946 1751 2002 1803 δὲ
2025 1751 2344 1821 γενομένου,
2382 1751 2478 1803 καὶ
2520 1748 2790 1817 ἀγγέλους
2819 1748 2943 1817 ὄψει
2985 1746 3328 1817 σκιρτῶντα-ς
3367 1744 3463 1797 καὶ
3501 1744 3636 1814 ἁρχ-

1947 1838 2213 1907 αγγέλους
2251 1841 2344 1892 καὶ
2375 1841 2445 1892 τὰ
2477 1839 2780 1910 Χερουϐίμ.
2816 1835 3109 1907 Γενώμεθα
3141 1835 3320 1888 τοίνυν
3357 1835 3498 1899 ἄξιοι
3527 1835 3636 1885 τῶν

1949 1929 2148 1999 χειρῶν
2169 1928 2277 1981 τῶν
2303 1927 2573 1999 ἀμώμων·
2608 1926 3084 1999 παρακαλέσωμεν
3120 1924 3283 1979 αὑτὸν
3315 1925 3411 1976 καὶ
3436 1923 3516 1986 είς
3542 1923 3638 1992 τὴν

1949 2017 2225 2087 ἡμετέραν
2255 2016 2490 2084 κροῦσαι
2517 2015 2769 2087 καρδίαν·
2796 2014 2997 2086 μᾶλλον
3018 2013 3074 2067 δὲ
3094 2013 3216 2066 ούδέ
3241 2010 3640 2083 παρακλήσεως

1949 2105 2139 2158 δεῖται·
2176 2105 2340 2175 μόνον
2365 2105 2522 2170 ἀξίαν
2537 2104 2721 2174 ἀὐτὴν
2748 2101 3165 2157 κατασκεύασον
3188 2101 3288 2171 τῆς
3315 2101 3462 2170 ἁφῆς
3493 2098 3641 2151 ἐκείο

1951 2210 2072 2263 νης,
2103 2198 2200 2246 καὶ
2231 2193 2393 2257 αὐτὸς
2418 2190 2804 2262 ἐπιδραμεῖταί
2829 2207 2912 2242 σοι
2945 2190 3231 2261 πρότερος.
3262 2190 3321 2241 El
3349 2189 3458 2258 γὰρ
3500 2187 3640 2255 ὑπὲρ

1951 2281 2058 2332 τῶν
2089 2280 2393 2351 μελλόντων
2435 2279 2714 2350 ἐπιτρέχει
2761 2277 2936 2348 (οῦπω
2968 2277 3078 2348 γὰρ
3113 2277 3190 2348 τῷ
3225 2277 3422 2347 Παύλῳ
3462 2277 3644 2329 τοιού-

1951 2385 2029 2438 τῳ
2062 2368 2418 2440 γεγενημένῳ
2444 2368 2506 2420 10
2545 2365 2823 2436 ἐγκώμιον
2855 2366 3106 2436 ῦφανεν),
3131 2367 3260 2420 ὃταν
3299 2367 3643 2436 ἀπηρτισμέ-

1952 2473 2042 2509 νον
2077 2457 2182 2528 ίδῃ.
2215 2458 2266 2509 τί
2306 2459 2407 2510 οὐκ
2440 2457 2766 2527 ἐργάσεται;
2809 2455 2905 2508 Ἂν
2947 2455 3004 2509 δέ
3040 2455 3276 2524 Χριστὸς
3310 2455 3515 2528 ἠχήσῃ,
3550 2457 3643 2506 καὶ

1953 2545 2013 2597 10
2041 2545 2264 2616 Πνεῦμα
2310 2545 2673 2614 ἐπιπτήσεται
2716 2543 2958 2606 πάντως,
3003 2542 3097 2595 καὶ
3146 2543 3384 2612 ἐσόμεθα
3430 2542 3525 2594 τοῦ
3561 2544 3645 2595 06-

1959 2633 2121 2705 ρανοῦ
2158 2632 2425 2702 βελτίους,
2456 2632 2555 2701 οὐχ
2583 2631 2736 2700 ἥλιον
2768 2629 2984 2700 ἔχοντες
3019 2629 3402 2698 ἐνεστιγμένον
3432 2628 3510 2698 τῷ
3537 2629 3644 2682 σώ-

1959 2739 2088 2791 ματι
2136 2718 2290 2792 [508]
2350 2721 2445 2773 καὶ
2482 2718 2733 2790 σελήνην,
2772 2717 2909 2773 ἀλλὰ
2958 2717 3049 2770 τὸν
3085 2717 3237 2789 ἡλίου
3287 2717 3383 2771 καὶ
3415 2717 3645 2787 σελήνης

1957 2812 2050 2863 καὶ
2083 2809 2332 2877 ἀγγέλων
2360 2809 2639 2877 Δεσπότην
2671 2806 2987 2862 ἐνοικοῦντα
3034 2807 3131 2860 καὶ
3165 2805 3646 2876 ἐμπεριπατοῦντα

1957 2902 2110 2970 ἡμῖνο

2027 3061 2216 3112 Ταῦτα
2253 3059 2312 3111 δὲ
2351 3059 2517 3126 λέγω,
2552 3058 2652 3128 οὐχ
2690 3058 2776 3110 ἵνα
2818 3056 3047 3127 νεκροὺς
3076 3057 3495 3125 ἀναστήσωμεν,
3527 3057 3649 3110 οὐδὲ

1958 3149 2193 3218 λεπροὺς
2255 3147 2342 3200 ἵνα
2376 3146 2730 3216 καθάρωμεν,
2768 3144 3003 3198 ἀλλ’ἵνα
3057 3144 3118 3196 τὸ
3169 3144 3389 3197 πάντων
3441 3145 3651 3197 τούτων

1961 3238 2184 3306 σημεῖον
2214 3235 2400 3306 μεῖζον
2428 3232 2848 3304 ἐπιδειξώμεθα,
2875 3234 2972 3303 τὴν
2995 3233 3424 3303 ἀγάπην.“οπου
3447 3233 3557 3306 γὰρ
3586 3236 3652 3289 ἂν

1958 3323 1991 3398 ᾖ
2017 3327 2180 3380 τοῦτο
2204 3326 2265 3378 10
2293 3324 2478 3388 καλὸν,
2513 3322 2712 3385 εὐθέως
2744 3322 2837 3374 καὶ
2863 3325 2889 3374 ὁ
2917 3322 3042 3384 Υἱὸς
3069 3321 3358 3391 ἐφίσταται
3395 3323 3535 3393 μετὰ
3555 3323 3652 3377 106

1961 3413 2197 3483 Πατρὸς,
2231 3412 2325 3465 καὶ
2358 3414 2392 3484 ἡ
2430 3411 2525 3464 τοῦ
2557 3409 2876 3479 Πνεύματος
2902 3409 3162 3479 ἐπιφοιτᾷ
3203 3410 3385 3479 χάρις.
3416 3406 3502 3466 Οὗ
3543 3411 3654 3483 γὰρ

1959 3501 2070 3554 ἐὰν
2095 3496 2229 3565 ὦσι,
2263 3499 2420 3568 φησι,
2453 3497 2565 3551 δύο
2600 3499 2638 3565 ἢ
2671 3496 2825 3564 τρεῖς
2858 3495 3230 3563 συνηγμένοι
3272 3499 3361 3562 είς
3405 3497 3472 3549 τὸ
3507 3497 3655 3566 ἐμὸν

1963 3587 2172 3655 ὄνομα,
2197 3583 2329 3637 ἐκεῖ
2345 3586 2462 3652 ειμι
2503 3584 2573 3637 ἐν
2595 3583 2770 3653 μέσῳ
2790 3582 3011 3636 αὐτῶν.
3045 3584 3110 3635 Ὃ
3134 3583 3338 3654 πολλῆς
3360 3583 3655 3649 διαθέσεως

1963 3676 2081 3726 ἐστι
2112 3675 2205 3726 καὶ
2238 3673 2347 3726 τῶν
2378 3671 2583 3742 σφόδρα
2619 3669 2940 3739 φιλούντων,
2971 3670 3096 3733 τοὺς
3128 3671 3490 3741 φιλουμένους
3521 3674 3654 3726 ἐκα-

1961 3761 2200 3831 τέρωθεν
2255 3760 2419 3830 ἔχειν.
2471 3759 2583 3814 Καὶ
2632 3759 2716 3821 τίς
2763 3757 2936 3819 οὕτως
2986 3757 3202 3822 ἄθλιος,
3246 3755 3436 3829 φήσὶν,
3467 3761 3542 3823 ὡς
3577 3763 3654 3831 μὴ

1967 3849 2252 3919 βούλεσθαι
2270 3852 2362 3902 τὸν
2391 3848 2627 3920 Χριστὸν
2649 3848 2792 3917 ἔχειν
2819 3848 3015 3918 μέσον;
3046 3847 3238 3916 Ἡμεῖς
3252 3850 3301 3900 οἱ
3333 3847 3470 3926 πρζδς
3487 3850 3653 3920 ἀλλή-

1963 3938 2085 4001 λους
2119 3936 2521 4000 στασιάζοντες.
2554 3936 2667 3988 Καλν
2694 3936 2835 4003 τάχα
2860 3951 2962 4004 μου
2993 3935 3430 4002 καταγελάσεταί
3451 3954 3536 4001 τις
3559 3941 3654 3992 καὶ

1965 4026 2101 4096 ἐρεῖ,
2136 4023 2200 4077 Τί
2226 4023 2440 4091 λέγεις;
2477 4024 2608 4094 ὁρᾷς
2640 4021 2849 4084 πάντας
2885 4023 3033 4092 ἡμᾶς
3059 4021 3165 4074 ὑπὸ
3191 4025 3302 4085 τοῖς
3334 4025 3520 4087 αὐτοῖς
3543 4026 3656 4077 τεί-

1967 4129 2116 4183 χεσιν
2162 4112 2344 4175 όντας,
2382 4110 2488 4163 ὑπὸ
2529 4109 2620 4162 τὸν
2653 4109 2816 4162 αὐτὸν
2849 4110 2950 4179 τῆς
2996 4109 3296 4179 ἐκκλησίας
3326 4112 3512 4182 σηκὸν,
3550 4115 3654 4166 ὑπὸ

1964 4203 2064 4269 τὴν
2101 4199 2272 4270 αὐτὴν
2318 4198 2562 4270 μάνδραν
2589 4196 2710 4266 μεθ’
2739 4197 2992 4267 ὁμονοίας
3027 4198 3291 4264 ἑστῶτας,
3329 4200 3521 4253 οὐδένα
3559 4219 3656 4271 μα-

1966 4290 2214 4359 χόμενον,
2256 4286 2361 4340 ὑπὸ
2410 4286 2488 4355 τῷ
2534 4285 2682 4356 αὐτῷ
2717 4285 2937 4356 ποιμένι
2981 4289 3133 4357 κοινῇ
3187 4286 3448 4356 βοῶντας,
3501 4294 3653 4362 κοινῇ

1965 4377 2075 4430 τῶν
2095 4376 2408 4444 λεγομένων
2433 4373 2840 4444 ἀκροωμένους,
2880 4376 3032 4444 κοινῇ
3071 4377 3172 4437 τὰς
3204 4374 3369 4445 εύχάς
3405 4377 3657 4447 ἀναπέμ-

1968 4477 2189 4525 ποντας,
2251 4458 2348 4511 καὶ
2409 4458 2590 4527 μάχης
2649 4456 2931 4526 μέμνησαι
2981 4457 3074 4509 καὶ
3125 4458 3402 4521 στάσεως;
3457 4461 3655 4530 Μάχης

1971 4548 2276 4617 μέμνημαι,
2318 4545 2410 4599 καὶ
2455 4545 2517 4596 ού
2552 4543 2814 4614 μαίνομαι
2866 4543 2989 4596 οὐδὲ
3040 4544 3326 4614 ἐξέστηκα.
3373 4547 3518 4618 ὐρῶ
3560 4551 3657 4618 μὲν

1969 4635 2077 4705 γὰρ
2105 4632 2140 4686 ἃ
2168 4633 2300 4702 δρῶ,
2329 4632 2424 4685 καὶ
2459 4626 2577 4684 οἶδα
2612 4631 2694 4683 ὄτι
2723 4630 2828 4683 61:0
2864 4632 2955 4683 10v
2986 4633 3154 4702 σηκὸν
3175 4632 3267 4686 τὸν
3299 4635 3460 4687 αὐτόν
3491 4637 3657 4706 ἐσμεν

1969 4723 2063 4774 καὶ
2089 4721 2180 4774 τὸν
2205 4720 2459 4789 ποιμένα.
2488 4718 2590 4771 Διά
2608 4717 2768 4771 τοῦτο
2793 4718 2851 4771 δέ
2881 4718 3118 4788 μάλιστα
3137 4718 3340 4788 θρηνῶ,
3363 4722 3443 4775 ὅτι
3467 4724 3658 4776 τοσού-

1968 4828 2074 4864 των
2116 4809 2267 4881 ἡμᾶς
2327 4807 2669 4876 συναγόντων
2728 4807 3094 4877 πραγμάτων,
3131 4807 3520 4878 στασιάζομεν.
3550 4814 3657 4866 Καὶ

1970 4897 2128 4951 ποίαν
2151 4897 2363 4960 στάσιν,
2401 4895 2585 4964 φησὶν,
2610 4889 2750 4958 εἶδες
2785 4894 3020 4947 ἐνταῦθα
3044 4911 3058 4959 ;
3097 4894 3362 4949 Ἐνταῦθα
3389 4899 3488 4966 μὲν
3509 4900 3656 4952 οὐδε-

1971 4987 2120 5056 μίαν·
2153 4984 2373 5039 ἐπειδὰν
2399 4983 2457 5036 δέ
2488 4981 2850 5052 διαλυθῶμεν,
2885 4985 2912 5036 ὀ
2942 4983 3093 5035 δεῖνα
3126 4983 3218 5034 τὸν
3246 4983 3394 5037 δεῖνα
3420 5003 3657 5057 κατηγοο

1973 5072 2075 5140 ρεῖ,
2101 5069 2287 5140 ἕτερος
2305 5065 2518 5135 ὑϐρίζει
2543 5063 2818 5135 φανερῶς,
2834 5064 2996 5140 ἀλλος
3016 5065 3322 5134 βασκαίνει,
3343 5067 3656 5120 πλεονεκτεῖ

1969 5138 2062 5208 καὶ
2090 5138 2348 5226 ἁρπάζει.
2378 5152 2473 5205 καὶ
2495 5150 2742 5220 βιάζεται
2770 5138 2982 5227 ἐτέρος’
3012 5146 3172 5210 ἄλλος
3202 5149 3303 5219 ἐρᾷ
3325 5151 3529 5215 κακῶς,
3564 5153 3657 5206 ά).-

1968 5245 2057 5305 λος
2084 5242 2311 5313 μυρίους
2341 5239 2536 5311 ῥάπτει
2570 5238 2776 5300 δόλους.
2818 5237 2927 5289 Καὶ
2969 5239 3017 5290 εί
3039 5236 3137 5299 τὰς
3169 5236 3347 5306 ψυχὰς
3373 5240 3531 5307 ἡμῶν
3560 5242 3654 5292 ὲκ-

1969 5338 2207 5407 καλύψαι
2245 5337 2390 5405 ἐνῆν,
2415 5338 2534 5388 τότε
2565 5336 2630 5387 ἂν
2656 5335 2824 5385 είδετε
2855 5332 3029 5385 ταῦτα
3055 5332 3234 5385 πάντα
3266 5333 3532 5402 ἀκριϐῶς,
3565 5339 3657 5389 καὶ

1970 5422 2173 5493 ἔγνωτε
2196 5425 2277 5475 ὅτι
2307 5422 2368 5473 o6
2403 5418 2691 5490 μαίνομαι,

2035 5612 2107 5676 η’.
2138 5605 2250 5674 Οὐχ
2280 5603 2440 5674 ὁρᾶτε
2483 5602 2540 5654 ἐν
2579 5601 2695 5661 τοῖς
2735 5596 3144 5665 στρατοπέδοις,
3181 5596 3261 5648 ὅτι
3299 5593 3524 5668 εἰρήνης
3559 5595 3657 5666 μὲν

1966 5690 2152 5760 οὔσης,
2184 5688 2252 5740 τὰ
2285 5686 2422 5740 ὅπλα
2452 5682 2801 5753 ἀποθέμενοι,
2826 5682 3026 5751 γυμνοὶ
3059 5681 3152 5733 καὶ
3186 5680 3460 5747 ἄφρακτοι
3492 5680 3571 5741 είς
3599 5681 3656 5730 τὸ

1967 5773 2076 5826 τῶν
2136 5770 2411 5841 πολεμίων
2471 5765 2835 5837 στρατόπεδον
2897 5762 3304 5826 διαϐαίνουσιν;
3363 5763 3534 5813 Ὅταν
3601 5761 3653 5813 δὲ

1966 5858 2314 5926 φράττωνται
2363 5852 2571 5914 ὅπλοις,
2608 5850 2702 5902 καὶ
2757 5848 2997 5916 φυλακαὶ
3047 5848 3142 5899 καλ,
3170 5844 3515 5916 προφυλακαὶ
3558 5846 3650 5894 καὶ

1965 5945 2237 6013 ἄγρυπνοι
2283 5937 2496 6004 νύκτες,
2547 5936 2640 5988 καὶ
2699 5933 2845 6002 πυρὰ
2892 5931 3104 5985 καίεται.
3155 5931 3429 6002 διηνεκὴς,
3467 5928 3650 5981 ούκὲει
