  <div class='ocr_page' id='page_1' title='image "/cluster/home/n/w/nwhite01/storage/ocr_20150623/60/pst.000005712601/467.png"; bbox 0 0 4108 6340; ppageno 0'>
   <div class='ocr_carea' id='block_1_1' title="bbox 532 336 633 391">
    <p class='ocr_par' dir='ltr' id='par_1_1' title="bbox 532 336 633 391">
     <span class='ocr_line' id='line_1_1' title="bbox 532 336 633 391; baseline 0.03 -3"><span class='ocrx_word' id='word_1_1' title='bbox 532 336 633 391; x_wconf 71' lang='lat'><em>665</em></span> 
     </span>
    </p>
   </div>
   <div class='ocr_carea' id='block_1_2' title="bbox 1298 324 3137 391">
    <p class='ocr_par' dir='ltr' id='par_1_2' title="bbox 1298 324 3137 391">
     <span class='ocr_line' id='line_1_2' title="bbox 1298 324 3137 391; baseline -0.003 -2"><span class='ocrx_word' id='word_1_2' title='bbox 1298 333 1356 389; x_wconf 89' lang='lat' dir='ltr'>S.</span> <span class='ocrx_word' id='word_1_3' title='bbox 1393 330 1673 391; x_wconf 71' lang='lat' dir='ltr'>JOANNIS</span> <span class='ocrx_word' id='word_1_4' title='bbox 1709 324 2191 385; x_wconf 68' lang='grc' dir='ltr'>ςιιιιγδοδτοδιι</span> <span class='ocrx_word' id='word_1_5' title='bbox 2231 325 2547 383; x_wconf 79' lang='lat' dir='ltr'>ARCHIEP.</span> <span class='ocrx_word' id='word_1_6' title='bbox 2591 325 3137 384; x_wconf 48' lang='lat' dir='ltr'>CONSTARTINOP.</span> 
     </span>
    </p>
   </div>
   <div class='ocr_carea' id='block_1_3' title="bbox 3824 328 3922 383">
    <p class='ocr_par' dir='ltr' id='par_1_3' title="bbox 3824 328 3922 383">
     <span class='ocr_line' id='line_1_3' title="bbox 3824 328 3922 383; baseline -0.02 -1"><span class='ocrx_word' id='word_1_7' title='bbox 3824 328 3922 383; x_wconf 65' lang='lat'>666</span> 
     </span>
    </p>
   </div>
   <div class='ocr_carea' id='block_1_4' title="bbox 532 437 3927 520">
    <p class='ocr_par' dir='ltr' id='par_1_4' title="bbox 532 437 3927 520">
     <span class='ocr_line' id='line_1_4' title="bbox 532 437 3927 520; baseline -0.002 -19"><span class='ocrx_word' id='word_1_8' title='bbox 532 450 720 520; x_wconf 74' lang='grc' dir='ltr'>είρήνη</span> <span class='ocrx_word' id='word_1_9' title='bbox 763 448 822 501; x_wconf 83' lang='lat'><em>16</em></span> <span class='ocrx_word' id='word_1_10' title='bbox 858 446 1114 512; x_wconf 86' lang='grc' dir='ltr'>τοιοῦτον,</span> <span class='ocrx_word' id='word_1_11' title='bbox 1149 445 1282 500; x_wconf 88' lang='grc' dir='ltr'>άλλά</span> <span class='ocrx_word' id='word_1_12' title='bbox 1310 447 1559 515; x_wconf 85' lang='grc' dir='ltr'>πόλεμος.</span> <span class='ocrx_word' id='word_1_13' title='bbox 1584 443 1758 496; x_wconf 90' lang='grc' dir='ltr'>Τοῦτο</span> <span class='ocrx_word' id='word_1_14' title='bbox 1791 443 1884 495; x_wconf 74' lang='grc' dir='ltr'>καὶ</span> <span class='ocrx_word' id='word_1_15' title='bbox 1911 442 1994 508; x_wconf 88' lang='grc' dir='ltr'>ἐφ’</span> <span class='ocrx_word' id='word_1_16' title='bbox 2019 437 2177 509; x_wconf 78' lang='grc' dir='ltr'>ἡμῶν</span> <span class='ocrx_word' id='word_1_17' title='bbox 2273 441 2432 504; x_wconf 81' lang='grc' dir='ltr'>αὐτὸς</span> <span class='ocrx_word' id='word_1_18' title='bbox 2508 442 2860 512; x_wconf 85' lang='grc' dir='ltr'>ἐσταυροῦτο,</span> <span class='ocrx_word' id='word_1_19' title='bbox 2913 442 3028 495; x_wconf 85' lang='grc' dir='ltr'>ἀλλ’</span> <span class='ocrx_word' id='word_1_20' title='bbox 3079 440 3266 510; x_wconf 77' lang='grc' dir='ltr'>ἐπειδὴ</span> <span class='ocrx_word' id='word_1_21' title='bbox 3348 442 3551 503; x_wconf 84' lang='grc' dir='ltr'>ἐκεῖνος</span> <span class='ocrx_word' id='word_1_22' title='bbox 3622 440 3927 510; x_wconf 73' lang='grc' dir='ltr'>προεδίδου.</span> 
     </span>
    </p>
   </div>
   <div class='ocr_carea' id='block_1_5' title="bbox 532 526 2171 605">
    <p class='ocr_par' dir='ltr' id='par_1_5' title="bbox 532 526 2171 605">
     <span class='ocr_line' id='line_1_5' title="bbox 532 526 2171 605; baseline -0.006 -16"><span class='ocrx_word' id='word_1_23' title='bbox 532 537 678 589; x_wconf 73' lang='grc' dir='ltr'>ἐστιν</span> <span class='ocrx_word' id='word_1_24' title='bbox 704 535 847 588; x_wconf 83' lang='grc' dir='ltr'>ἰδεῖν⁶</span> <span class='ocrx_word' id='word_1_25' title='bbox 871 535 963 588; x_wconf 71' lang='grc' dir='ltr'>καὶ</span> <span class='ocrx_word' id='word_1_26' title='bbox 985 534 1091 605; x_wconf 89' lang='grc' dir='ltr'>γάρ</span> <span class='ocrx_word' id='word_1_27' title='bbox 1126 533 1385 604; x_wconf 78' lang='grc' dir='ltr'>ἀλλήλους</span> <span class='ocrx_word' id='word_1_28' title='bbox 1419 531 1791 601; x_wconf 77' lang='grc' dir='ltr'>φυλαττόμεθα</span> <span class='ocrx_word' id='word_1_29' title='bbox 1816 532 1909 583; x_wconf 74' lang='grc' dir='ltr'>καὶ</span> <span class='ocrx_word' id='word_1_30' title='bbox 1936 526 2171 581; x_wconf 83' lang='grc' dir='ltr'>δεδοίκα-</span> 
     </span>
    </p>
   </div>
   <div class='ocr_carea' id='block_1_6' title="bbox 531 614 2167 692">
    <p class='ocr_par' dir='ltr' id='par_1_6' title="bbox 531 614 2167 692">
     <span class='ocr_line' id='line_1_6' title="bbox 531 614 2167 692; baseline -0.006 -18"><span class='ocrx_word' id='word_1_31' title='bbox 531 639 633 692; x_wconf 89' lang='grc' dir='ltr'>μεν</span> <span class='ocrx_word' id='word_1_32' title='bbox 663 622 755 675; x_wconf 81' lang='grc' dir='ltr'>καὶ</span> <span class='ocrx_word' id='word_1_33' title='bbox 787 620 919 689; x_wconf 78' lang='grc' dir='ltr'>πρὸς</span> <span class='ocrx_word' id='word_1_34' title='bbox 964 620 1025 673; x_wconf 89' lang='lat'><em>16</em></span> <span class='ocrx_word' id='word_1_35' title='bbox 1061 616 1155 683; x_wconf 82' lang='grc' dir='ltr'>οῦς</span> <span class='ocrx_word' id='word_1_36' title='bbox 1186 620 1411 681; x_wconf 80' lang='grc' dir='ltr'>ικαστος</span> <span class='ocrx_word' id='word_1_37' title='bbox 1435 618 1510 686; x_wconf 85' lang='grc' dir='ltr'>τῷ</span> <span class='ocrx_word' id='word_1_38' title='bbox 1531 616 1757 687; x_wconf 85' lang='grc' dir='ltr'>πλησίον</span> <span class='ocrx_word' id='word_1_39' title='bbox 1790 614 2167 683; x_wconf 82' lang='grc' dir='ltr'>διαλεγόμεθα,</span> 
     </span>
    </p>
   </div>
   <div class='ocr_carea' id='block_1_7' title="bbox 531 700 2171 777">
    <p class='ocr_par' dir='ltr' id='par_1_7' title="bbox 531 700 2171 777">
     <span class='ocr_line' id='line_1_7' title="bbox 531 700 2171 777; baseline -0.004 -17"><span class='ocrx_word' id='word_1_40' title='bbox 531 707 632 760; x_wconf 77' lang='grc' dir='ltr'>κᾶν</span> <span class='ocrx_word' id='word_1_41' title='bbox 656 705 1093 777; x_wconf 83' lang='grc' dir='ltr'>παραγενόμενον</span> <span class='ocrx_word' id='word_1_42' title='bbox 1119 705 1301 775; x_wconf 71' lang='grc' dir='ltr'>ἕτερον</span> <span class='ocrx_word' id='word_1_43' title='bbox 1335 704 1550 774; x_wconf 86' lang='grc' dir='ltr'>ίδωμεν,</span> <span class='ocrx_word' id='word_1_44' title='bbox 1584 702 1825 772; x_wconf 83' lang='grc' dir='ltr'>σιγῶμεν</span> <span class='ocrx_word' id='word_1_45' title='bbox 1855 701 1949 753; x_wconf 65' lang='grc' dir='ltr'>κα)⁸</span> <span class='ocrx_word' id='word_1_46' title='bbox 1987 701 2051 753; x_wconf 81' lang='grc' dir='ltr'>ἐκ</span> <span class='ocrx_word' id='word_1_47' title='bbox 2075 700 2171 753; x_wconf 86' lang='grc' dir='ltr'>τοῦ</span> 
     </span>
    </p>
   </div>
   <div class='ocr_carea' id='block_1_8' title="bbox 529 782 2167 859">
    <p class='ocr_par' dir='ltr' id='par_1_8' title="bbox 529 782 2167 859">
     <span class='ocr_line' id='line_1_8' title="bbox 529 782 2167 859; baseline -0.006 -15"><span class='ocrx_word' id='word_1_48' title='bbox 529 791 692 859; x_wconf 77' lang='grc' dir='ltr'>μέσου</span> <span class='ocrx_word' id='word_1_49' title='bbox 714 788 1070 859; x_wconf 85' lang='grc' dir='ltr'>συστέλλομεν</span> <span class='ocrx_word' id='word_1_50' title='bbox 1107 789 1333 842; x_wconf 75' lang='grc' dir='ltr'>ἅπαντα·</span> <span class='ocrx_word' id='word_1_51' title='bbox 1359 789 1495 856; x_wconf 84' lang='grc' dir='ltr'>ὅπερ</span> <span class='ocrx_word' id='word_1_52' title='bbox 1526 788 1625 841; x_wconf 86' lang='grc' dir='ltr'>οὐκ</span> <span class='ocrx_word' id='word_1_53' title='bbox 1653 786 1763 838; x_wconf 79' lang='grc' dir='ltr'>ἐστι</span> <span class='ocrx_word' id='word_1_54' title='bbox 1802 782 2167 855; x_wconf 84' lang='grc' dir='ltr'>θαρρούντων,</span> 
     </span>
    </p>
   </div>
   <div class='ocr_carea' id='block_1_9' title="bbox 526 870 2169 945">
    <p class='ocr_par' dir='ltr' id='par_1_9' title="bbox 526 870 2169 945">
     <span class='ocr_line' id='line_1_9' title="bbox 526 870 2169 945; baseline -0.004 -16"><span class='ocrx_word' id='word_1_55' title='bbox 526 877 659 929; x_wconf 87' lang='grc' dir='ltr'>άλλά</span> <span class='ocrx_word' id='word_1_56' title='bbox 691 876 895 945; x_wconf 85' lang='grc' dir='ltr'>σφόδρα</span> <span class='ocrx_word' id='word_1_57' title='bbox 924 875 1350 945; x_wconf 80' lang='grc' dir='ltr'>φυλαττομένων.</span> <span class='ocrx_word' id='word_1_58' title='bbox 1386 874 1543 927; x_wconf 82' lang='grc' dir='ltr'>Ἀλλά</span> <span class='ocrx_word' id='word_1_59' title='bbox 1571 872 1738 926; x_wconf 88' lang='grc' dir='ltr'>ταῦτα</span> <span class='ocrx_word' id='word_1_60' title='bbox 1766 870 2043 941; x_wconf 78' lang='grc' dir='ltr'>ποιοῦμεν,</span> <span class='ocrx_word' id='word_1_61' title='bbox 2066 888 2169 941; x_wconf 84' lang='grc' dir='ltr'>φη-</span> 
     </span>
    </p>
   </div>
   <div class='ocr_carea' id='block_1_10' title="bbox 525 958 2166 1033">
    <p class='ocr_par' dir='ltr' id='par_1_10' title="bbox 525 958 2166 1033">
     <span class='ocr_line' id='line_1_10' title="bbox 525 958 2166 1033; baseline -0.004 -18"><span class='ocrx_word' id='word_1_62' title='bbox 525 963 627 1027; x_wconf 71' lang='grc' dir='ltr'>σὶν,</span> <span class='ocrx_word' id='word_1_63' title='bbox 661 963 761 1033; x_wconf 79' lang='grc' dir='ltr'>οὐχ</span> <span class='ocrx_word' id='word_1_64' title='bbox 799 962 939 1016; x_wconf 83' lang='grc' dir='ltr'>ὥστε</span> <span class='ocrx_word' id='word_1_65' title='bbox 983 961 1253 1031; x_wconf 89' lang='grc' dir='ltr'>ἀδικῆσαι,</span> <span class='ocrx_word' id='word_1_66' title='bbox 1281 960 1393 1013; x_wconf 84' lang='grc' dir='ltr'>ἀλλ’</span> <span class='ocrx_word' id='word_1_67' title='bbox 1416 960 1554 1014; x_wconf 84' lang='grc' dir='ltr'>ὥστε</span> <span class='ocrx_word' id='word_1_68' title='bbox 1584 960 1659 1031; x_wconf 82' lang='grc' dir='ltr'>μή</span> <span class='ocrx_word' id='word_1_69' title='bbox 1694 958 2035 1029; x_wconf 80' lang='grc' dir='ltr'>ἀδικηθῆναι.</span> <span class='ocrx_word' id='word_1_70' title='bbox 2069 958 2166 1010; x_wconf 87' lang='grc' dir='ltr'>Διά</span> 
     </span>
    </p>
   </div>
   <div class='ocr_carea' id='block_1_11' title="bbox 523 1044 2167 1117">
    <p class='ocr_par' dir='ltr' id='par_1_11' title="bbox 523 1044 2167 1117">
     <span class='ocr_line' id='line_1_11' title="bbox 523 1044 2167 1117; baseline -0.002 -15"><span class='ocrx_word' id='word_1_71' title='bbox 523 1048 678 1103; x_wconf 88' lang='grc' dir='ltr'>τοῦτο</span> <span class='ocrx_word' id='word_1_72' title='bbox 722 1048 920 1112; x_wconf 83' lang='grc' dir='ltr'>πενθῶ,</span> <span class='ocrx_word' id='word_1_73' title='bbox 962 1050 1042 1101; x_wconf 80' lang='grc' dir='ltr'>ὅτι</span> <span class='ocrx_word' id='word_1_74' title='bbox 1099 1047 1301 1117; x_wconf 63' lang='grc' dir='ltr'>μεταέ.)</span> <span class='ocrx_word' id='word_1_75' title='bbox 1355 1047 1557 1112; x_wconf 87' lang='grc' dir='ltr'>ζῶντες</span> <span class='ocrx_word' id='word_1_76' title='bbox 1602 1047 1862 1116; x_wconf 87' lang='grc' dir='ltr'>ἀδελφῶν,</span> <span class='ocrx_word' id='word_1_77' title='bbox 1919 1044 2167 1115; x_wconf 82' lang='grc' dir='ltr'>φυλακῆς</span> 
     </span>
    </p>
   </div>
   <div class='ocr_carea' id='block_1_12' title="bbox 521 1129 2166 1206">
    <p class='ocr_par' dir='ltr' id='par_1_12' title="bbox 521 1129 2166 1206">
     <span class='ocr_line' id='line_1_12' title="bbox 521 1129 2166 1206; baseline -0.005 -18"><span class='ocrx_word' id='word_1_78' title='bbox 521 1134 750 1206; x_wconf 86' lang='grc' dir='ltr'>δεόμεθα</span> <span class='ocrx_word' id='word_1_79' title='bbox 797 1133 930 1204; x_wconf 81' lang='grc' dir='ltr'>πρὸς</span> <span class='ocrx_word' id='word_1_80' title='bbox 970 1133 1032 1187; x_wconf 84' lang='lat'>16</span> <span class='ocrx_word' id='word_1_81' title='bbox 1083 1132 1159 1204; x_wconf 82' lang='grc' dir='ltr'>μὴ</span> <span class='ocrx_word' id='word_1_82' title='bbox 1209 1134 1545 1205; x_wconf 86' lang='grc' dir='ltr'>ἀδικηθῆναι.</span> <span class='ocrx_word' id='word_1_83' title='bbox 1595 1133 1689 1187; x_wconf 73' lang='grc' dir='ltr'>καὶ</span> <span class='ocrx_word' id='word_1_84' title='bbox 1747 1131 1893 1202; x_wconf 88' lang='grc' dir='ltr'>πυρά</span> <span class='ocrx_word' id='word_1_85' title='bbox 1923 1129 2166 1199; x_wconf 82' lang='grc' dir='ltr'>καίομεν</span> 
     </span>
    </p>
   </div>
   <div class='ocr_carea' id='block_1_13' title="bbox 520 1217 2163 1292">
    <p class='ocr_par' dir='ltr' id='par_1_13' title="bbox 520 1217 2163 1292">
     <span class='ocr_line' id='line_1_13' title="bbox 520 1217 2163 1292; baseline -0.001 -19"><span class='ocrx_word' id='word_1_86' title='bbox 520 1221 771 1286; x_wconf 87' lang='grc' dir='ltr'>τοσαῦτα,</span> <span class='ocrx_word' id='word_1_87' title='bbox 801 1220 894 1273; x_wconf 76' lang='grc' dir='ltr'>καὶ</span> <span class='ocrx_word' id='word_1_88' title='bbox 926 1220 1169 1288; x_wconf 84' lang='grc' dir='ltr'>φυλακάς</span> <span class='ocrx_word' id='word_1_89' title='bbox 1205 1222 1297 1274; x_wconf 81' lang='grc' dir='ltr'>καὶ</span> <span class='ocrx_word' id='word_1_90' title='bbox 1346 1219 1695 1292; x_wconf 78' lang='grc' dir='ltr'>προφυλακὰς</span> <span class='ocrx_word' id='word_1_91' title='bbox 1722 1219 1958 1288; x_wconf 86' lang='grc' dir='ltr'>τίθεμεν.</span> <span class='ocrx_word' id='word_1_92' title='bbox 1994 1218 2067 1271; x_wconf 87' lang='lat' dir='ltr'><em>T6</em></span> <span class='ocrx_word' id='word_1_93' title='bbox 2107 1217 2163 1271; x_wconf 78' lang='grc' dir='ltr'>δέ</span> 
     </span>
    </p>
   </div>
   <div class='ocr_carea' id='block_1_14' title="bbox 518 1299 2164 1373">
    <p class='ocr_par' dir='ltr' id='par_1_14' title="bbox 518 1299 2164 1373">
     <span class='ocr_line' id='line_1_14' title="bbox 518 1299 2164 1373; baseline -0.001 -18"><span class='ocrx_word' id='word_1_94' title='bbox 518 1305 706 1368; x_wconf 82' lang='grc' dir='ltr'>αῖτιον,</span> <span class='ocrx_word' id='word_1_95' title='bbox 742 1304 875 1357; x_wconf 83' lang='grc' dir='ltr'>πολὺ</span> <span class='ocrx_word' id='word_1_96' title='bbox 914 1305 976 1356; x_wconf 86' lang='lat'><em>16</em></span> <span class='ocrx_word' id='word_1_97' title='bbox 1008 1302 1221 1373; x_wconf 79' lang='grc' dir='ltr'>ψεῦδος,</span> <span class='ocrx_word' id='word_1_98' title='bbox 1255 1302 1418 1366; x_wconf 80' lang='grc' dir='ltr'>πολὺς</span> <span class='ocrx_word' id='word_1_99' title='bbox 1440 1304 1469 1356; x_wconf 99' lang='lat'>6</span> <span class='ocrx_word' id='word_1_100' title='bbox 1501 1303 1669 1365; x_wconf 80' lang='grc' dir='ltr'>δόλος,</span> <span class='ocrx_word' id='word_1_101' title='bbox 1699 1301 1865 1371; x_wconf 80' lang='grc' dir='ltr'>πολλή</span> <span class='ocrx_word' id='word_1_102' title='bbox 1905 1300 2004 1370; x_wconf 85' lang='grc' dir='ltr'>τῆς</span> <span class='ocrx_word' id='word_1_103' title='bbox 2030 1299 2164 1369; x_wconf 89' lang='grc' dir='ltr'>ἀγά-</span> 
     </span>
    </p>
   </div>
   <div class='ocr_carea' id='block_1_15' title="bbox 518 1384 2164 1461">
    <p class='ocr_par' dir='ltr' id='par_1_15' title="bbox 518 1384 2164 1461">
     <span class='ocr_line' id='line_1_15' title="bbox 518 1384 2164 1461; baseline -0.003 -17"><span class='ocrx_word' id='word_1_104' title='bbox 518 1407 625 1461; x_wconf 86' lang='grc' dir='ltr'>πης</span> <span class='ocrx_word' id='word_1_105' title='bbox 650 1392 684 1460; x_wconf 86' lang='grc' dir='ltr'>ή</span> <span class='ocrx_word' id='word_1_106' title='bbox 718 1390 1016 1461; x_wconf 86' lang='grc' dir='ltr'>ἀναίρεσις,</span> <span class='ocrx_word' id='word_1_107' title='bbox 1056 1390 1151 1443; x_wconf 75' lang='grc' dir='ltr'>καὶ</span> <span class='ocrx_word' id='word_1_108' title='bbox 1187 1388 1417 1459; x_wconf 86' lang='grc' dir='ltr'>πόλεμος</span> <span class='ocrx_word' id='word_1_109' title='bbox 1449 1387 1853 1450; x_wconf 69' lang='grc' dir='ltr'>ἄσπονδος-Διά</span> <span class='ocrx_word' id='word_1_110' title='bbox 1886 1403 1967 1439; x_wconf 89' lang='grc' dir='ltr'>τοι</span> <span class='ocrx_word' id='word_1_111' title='bbox 2005 1384 2164 1439; x_wconf 89' lang='grc' dir='ltr'>τοῦτο</span> 
     </span>
    </p>
   </div>
   <div class='ocr_carea' id='block_1_16' title="bbox 516 1473 2161 1549">
    <p class='ocr_par' dir='ltr' id='par_1_16' title="bbox 516 1473 2161 1549">
     <span class='ocr_line' id='line_1_16' title="bbox 516 1473 2161 1549; baseline -0.002 -18"><span class='ocrx_word' id='word_1_112' title='bbox 516 1477 742 1540; x_wconf 83' lang='grc' dir='ltr'>πολλοὺς</span> <span class='ocrx_word' id='word_1_113' title='bbox 767 1476 915 1549; x_wconf 79' lang='grc' dir='ltr'>εὖροι</span> <span class='ocrx_word' id='word_1_114' title='bbox 935 1495 1015 1539; x_wconf 87' lang='grc' dir='ltr'>τις</span> <span class='ocrx_word' id='word_1_115' title='bbox 1043 1477 1109 1530; x_wconf 73' lang='grc' dir='ltr'>ἂν</span> <span class='ocrx_word' id='word_1_116' title='bbox 1133 1476 1356 1546; x_wconf 84' lang='grc' dir='ltr'>Ἕλλησι</span> <span class='ocrx_word' id='word_1_117' title='bbox 1382 1474 1713 1545; x_wconf 68' lang='grc' dir='ltr'>θαρροῦντας</span> <span class='ocrx_word' id='word_1_118' title='bbox 1741 1473 1938 1544; x_wconf 74' lang='grc' dir='ltr'>μᾶλλον</span> <span class='ocrx_word' id='word_1_119' title='bbox 1961 1473 1993 1544; x_wconf 81' lang='grc' dir='ltr'>ἢ</span> <span class='ocrx_word' id='word_1_120' title='bbox 2027 1474 2069 1525; x_wconf 87' lang='grc' dir='ltr'><strong>Χ</strong></span> <span class='ocrx_word' id='word_1_121' title='bbox 2079 1490 2161 1545; x_wconf 88' lang='grc' dir='ltr'>ρι-</span> 
     </span>
    </p>
   </div>
   <div class='ocr_carea' id='block_1_17' title="bbox 517 1561 2161 1634">
    <p class='ocr_par' dir='ltr' id='par_1_17' title="bbox 517 1561 2161 1634">
     <span class='ocr_line' id='line_1_17' title="bbox 517 1561 2161 1634; baseline -0.001 -17"><span class='ocrx_word' id='word_1_122' title='bbox 517 1567 768 1628; x_wconf 89' lang='grc' dir='ltr'>στιανοῖς·</span> <span class='ocrx_word' id='word_1_123' title='bbox 792 1564 963 1618; x_wconf 89' lang='grc' dir='ltr'>καίτοι</span> <span class='ocrx_word' id='word_1_124' title='bbox 993 1564 1163 1634; x_wconf 83' lang='grc' dir='ltr'>πόσης</span> <span class='ocrx_word' id='word_1_125' title='bbox 1187 1563 1252 1617; x_wconf 82' lang='grc' dir='ltr'>ἂν</span> <span class='ocrx_word' id='word_1_126' title='bbox 1289 1564 1371 1633; x_wconf 85' lang='grc' dir='ltr'>εῖη</span> <span class='ocrx_word' id='word_1_127' title='bbox 1401 1562 1658 1634; x_wconf 75' lang='grc' dir='ltr'>αἰσχύνης</span> <span class='ocrx_word' id='word_1_128' title='bbox 1690 1562 1814 1626; x_wconf 79' lang='grc' dir='ltr'>ἄξια</span> <span class='ocrx_word' id='word_1_129' title='bbox 1842 1561 2041 1627; x_wconf 87' lang='grc' dir='ltr'>ταῦτα;</span> <span class='ocrx_word' id='word_1_130' title='bbox 2067 1562 2161 1615; x_wconf 62' lang='lat'><em>116-</em></span> 
     </span>
    </p>
   </div>
   <div class='ocr_carea' id='block_1_18' title="bbox 516 1648 2160 1721">
    <p class='ocr_par' dir='ltr' id='par_1_18' title="bbox 516 1648 2160 1721">
     <span class='ocr_line' id='line_1_18' title="bbox 516 1648 2160 1721; baseline 0 -18"><span class='ocrx_word' id='word_1_131' title='bbox 516 1666 622 1703; x_wconf 88' lang='grc' dir='ltr'>σων</span> <span class='ocrx_word' id='word_1_132' title='bbox 640 1650 905 1721; x_wconf 82' lang='grc' dir='ltr'>δακρύων,</span> <span class='ocrx_word' id='word_1_133' title='bbox 930 1649 1108 1703; x_wconf 80' lang='grc' dir='ltr'>πόσων</span> <span class='ocrx_word' id='word_1_134' title='bbox 1130 1650 1408 1719; x_wconf 81' lang='grc' dir='ltr'>οἰμωγῶν;</span> <span class='ocrx_word' id='word_1_135' title='bbox 1435 1650 1541 1703; x_wconf 74' lang='grc' dir='ltr'>Καὶ</span> <span class='ocrx_word' id='word_1_136' title='bbox 1564 1648 1617 1702; x_wconf 90' lang='grc' dir='ltr'>τί</span> <span class='ocrx_word' id='word_1_137' title='bbox 1638 1649 1811 1712; x_wconf 85' lang='grc' dir='ltr'>πάθω,</span> <span class='ocrx_word' id='word_1_138' title='bbox 1839 1649 2003 1719; x_wconf 85' lang='grc' dir='ltr'>φησί;</span> <span class='ocrx_word' id='word_1_139' title='bbox 2034 1650 2160 1703; x_wconf 84' lang='grc' dir='ltr'>δύσ-</span> 
     </span>
    </p>
   </div>
   <div class='ocr_carea' id='block_1_19' title="bbox 513 1739 2158 1811">
    <p class='ocr_par' dir='ltr' id='par_1_19' title="bbox 513 1739 2158 1811">
     <span class='ocr_line' id='line_1_19' title="bbox 513 1739 2158 1811; baseline -0.001 -18"><span class='ocrx_word' id='word_1_140' title='bbox 513 1742 708 1811; x_wconf 88' lang='grc' dir='ltr'>τροπός</span> <span class='ocrx_word' id='word_1_141' title='bbox 740 1742 884 1793; x_wconf 82' lang='grc' dir='ltr'>ἐστιν</span> <span class='ocrx_word' id='word_1_142' title='bbox 916 1742 945 1794; x_wconf 89' lang='lat'>6</span> <span class='ocrx_word' id='word_1_143' title='bbox 972 1741 1120 1794; x_wconf 86' lang='grc' dir='ltr'>δεῖνα</span> <span class='ocrx_word' id='word_1_144' title='bbox 1145 1742 1239 1793; x_wconf 68' lang='grc' dir='ltr'>κα)⁸</span> <span class='ocrx_word' id='word_1_145' title='bbox 1264 1739 1551 1811; x_wconf 85' lang='grc' dir='ltr'>μοχθηρός.</span> <span class='ocrx_word' id='word_1_146' title='bbox 1585 1741 1693 1794; x_wconf 74' lang='grc' dir='ltr'>Καὶ</span> <span class='ocrx_word' id='word_1_147' title='bbox 1722 1740 1824 1792; x_wconf 89' lang='grc' dir='ltr'>ποῦ</span> <span class='ocrx_word' id='word_1_148' title='bbox 1868 1739 1935 1793; x_wconf 88' lang='grc' dir='ltr'>τά</span> <span class='ocrx_word' id='word_1_149' title='bbox 1955 1739 2053 1809; x_wconf 84' lang='grc' dir='ltr'>τῆς</span> <span class='ocrx_word' id='word_1_150' title='bbox 2074 1758 2158 1810; x_wconf 86' lang='grc' dir='ltr'>φι-</span> 
     </span>
    </p>
   </div>
   <div class='ocr_carea' id='block_1_20' title="bbox 512 1826 2157 1899">
    <p class='ocr_par' dir='ltr' id='par_1_20' title="bbox 512 1826 2157 1899">
     <span class='ocr_line' id='line_1_20' title="bbox 512 1826 2157 1899; baseline 0.001 -18"><span class='ocrx_word' id='word_1_151' title='bbox 512 1828 765 1897; x_wconf 82' lang='grc' dir='ltr'>λοσοφίας</span> <span class='ocrx_word' id='word_1_152' title='bbox 796 1828 895 1896; x_wconf 88' lang='grc' dir='ltr'>τῆς</span> <span class='ocrx_word' id='word_1_153' title='bbox 926 1828 1055 1897; x_wconf 86' lang='grc' dir='ltr'>σῆς;</span> <span class='ocrx_word' id='word_1_154' title='bbox 1084 1827 1190 1880; x_wconf 89' lang='grc' dir='ltr'>ποῦ</span> <span class='ocrx_word' id='word_1_155' title='bbox 1216 1827 1271 1880; x_wconf 85' lang='grc' dir='ltr'>δέ</span> <span class='ocrx_word' id='word_1_156' title='bbox 1295 1828 1344 1880; x_wconf 83' lang='grc' dir='ltr'>οἱ</span> <span class='ocrx_word' id='word_1_157' title='bbox 1368 1827 1520 1897; x_wconf 80' lang='grc' dir='ltr'>νόμοι</span> <span class='ocrx_word' id='word_1_158' title='bbox 1554 1829 1601 1879; x_wconf 85' lang='grc' dir='ltr'>οί</span> <span class='ocrx_word' id='word_1_159' title='bbox 1640 1828 1983 1881; x_wconf 72' lang='grc' dir='ltr'>ἀποστολικοὶ</span> 
     </span>
    </p>
   </div>
   <div class='ocr_carea' id='block_1_21' title="bbox 510 1910 2159 1983">
    <p class='ocr_par' dir='ltr' id='par_1_21' title="bbox 510 1910 2159 1983">
     <span class='ocr_line' id='line_1_21' title="bbox 510 1910 2159 1983; baseline 0 -18"><span class='ocrx_word' id='word_1_160' title='bbox 510 1915 560 1965; x_wconf 86' lang='grc' dir='ltr'>οί</span> <span class='ocrx_word' id='word_1_161' title='bbox 588 1913 893 1975; x_wconf 82' lang='grc' dir='ltr'>κελεύοντες</span> <span class='ocrx_word' id='word_1_162' title='bbox 922 1912 1165 1983; x_wconf 87' lang='grc' dir='ltr'>ἀλλήλων</span> <span class='ocrx_word' id='word_1_163' title='bbox 1188 1910 1255 1964; x_wconf 89' lang='grc' dir='ltr'>τά</span> <span class='ocrx_word' id='word_1_164' title='bbox 1278 1911 1416 1982; x_wconf 82' lang='grc' dir='ltr'>βάρη</span> <span class='ocrx_word' id='word_1_165' title='bbox 1439 1912 1728 1980; x_wconf 75' lang='grc' dir='ltr'>βαστάζειν</span> <span class='ocrx_word' id='word_1_166' title='bbox 1751 1931 1765 1979; x_wconf 89' lang='grc'>;</span> <span class='ocrx_word' id='word_1_167' title='bbox 1794 1914 1853 1964; x_wconf 69' lang='lat' dir='ltr'>Et</span> <span class='ocrx_word' id='word_1_168' title='bbox 1875 1913 1982 1983; x_wconf 85' lang='grc' dir='ltr'>γάρ</span> <span class='ocrx_word' id='word_1_169' title='bbox 2010 1913 2159 1966; x_wconf 89' lang='grc' dir='ltr'>ἀδελ-</span> 
     </span>
    </p>
   </div>
   <div class='ocr_carea' id='block_1_22' title="bbox 517 1996 2158 2070">
    <p class='ocr_par' dir='ltr' id='par_1_22' title="bbox 517 1996 2158 2070">
     <span class='ocr_line' id='line_1_22' title="bbox 517 1996 2158 2070; baseline -0.001 -16"><span class='ocrx_word' id='word_1_170' title='bbox 517 1998 598 2069; x_wconf 69' lang='grc' dir='ltr'>φῷ</span> <span class='ocrx_word' id='word_1_171' title='bbox 631 1998 933 2070; x_wconf 87' lang='grc' dir='ltr'>χρήσασθαι</span> <span class='ocrx_word' id='word_1_172' title='bbox 965 1999 1063 2051; x_wconf 80' lang='grc' dir='ltr'>οὐκ</span> <span class='ocrx_word' id='word_1_173' title='bbox 1095 1996 1258 2062; x_wconf 80' lang='grc' dir='ltr'>οἶδας,</span> <span class='ocrx_word' id='word_1_174' title='bbox 1286 1998 1413 2050; x_wconf 88' lang='grc' dir='ltr'>πότε</span> <span class='ocrx_word' id='word_1_175' title='bbox 1441 1998 1642 2068; x_wconf 83' lang='grc' dir='ltr'>δυνήσῃ</span> <span class='ocrx_word' id='word_1_176' title='bbox 1665 1998 1968 2069; x_wconf 86' lang='grc' dir='ltr'>χρήσασθαι</span> <span class='ocrx_word' id='word_1_177' title='bbox 2010 1999 2158 2053; x_wconf 84' lang='grc' dir='ltr'>ἀλλο-</span> 
     </span>
    </p>
   </div>
   <div class='ocr_carea' id='block_1_23' title="bbox 509 2083 2159 2156">
    <p class='ocr_par' dir='ltr' id='par_1_23' title="bbox 509 2083 2159 2156">
     <span class='ocr_line' id='line_1_23' title="bbox 509 2083 2159 2156; baseline 0 -17"><span class='ocrx_word' id='word_1_178' title='bbox 509 2086 641 2156; x_wconf 86' lang='grc' dir='ltr'>τρίῳ</span> <span class='ocrx_word' id='word_1_179' title='bbox 672 2087 878 2149; x_wconf 51' lang='grc' dir='ltr'>καλῶς</span> <span class='ocrx_word' id='word_1_180' title='bbox 921 2086 969 2137; x_wconf 89' lang='grc' dir='ltr'>εί</span> <span class='ocrx_word' id='word_1_181' title='bbox 1000 2084 1060 2137; x_wconf 88' lang='lat'>16</span> <span class='ocrx_word' id='word_1_182' title='bbox 1095 2085 1251 2156; x_wconf 87' lang='grc' dir='ltr'>μέλος</span> <span class='ocrx_word' id='word_1_183' title='bbox 1277 2083 1337 2136; x_wconf 90' lang='lat'>16</span> <span class='ocrx_word' id='word_1_184' title='bbox 1368 2083 1456 2136; x_wconf 79' lang='grc' dir='ltr'>σὸν</span> <span class='ocrx_word' id='word_1_185' title='bbox 1481 2084 1579 2137; x_wconf 88' lang='grc' dir='ltr'>ούκ</span> <span class='ocrx_word' id='word_1_186' title='bbox 1600 2086 1885 2138; x_wconf 82' lang='grc' dir='ltr'>ἐπίστασαι</span> <span class='ocrx_word' id='word_1_187' title='bbox 1910 2102 2159 2155; x_wconf 89' lang='grc' dir='ltr'>μεταχει-</span> 
     </span>
    </p>
   </div>
   <div class='ocr_carea' id='block_1_24' title="bbox 512 2169 2157 2243">
    <p class='ocr_par' dir='ltr' id='par_1_24' title="bbox 512 2169 2157 2243">
     <span class='ocr_line' id='line_1_24' title="bbox 512 2169 2157 2243; baseline 0 -20"><span class='ocrx_word' id='word_1_188' title='bbox 512 2170 782 2241; x_wconf 79' lang='grc' dir='ltr'>ρίσασθαι,</span> <span class='ocrx_word' id='word_1_189' title='bbox 826 2170 953 2223; x_wconf 84' lang='grc' dir='ltr'>πότε</span> <span class='ocrx_word' id='word_1_190' title='bbox 1000 2170 1091 2223; x_wconf 77' lang='grc' dir='ltr'>τὸν</span> <span class='ocrx_word' id='word_1_191' title='bbox 1140 2169 1336 2232; x_wconf 79' lang='grc' dir='ltr'>ἔξωθεν</span> <span class='ocrx_word' id='word_1_192' title='bbox 1379 2170 1781 2225; x_wconf 78' lang='grc' dir='ltr'>ἐπισπάσασθαι</span> <span class='ocrx_word' id='word_1_193' title='bbox 1818 2171 2017 2243; x_wconf 83' lang='grc' dir='ltr'>δυνήσῃ</span> <span class='ocrx_word' id='word_1_194' title='bbox 2065 2174 2157 2227; x_wconf 69' lang='grc' dir='ltr'>καὶ</span> 
     </span>
    </p>
   </div>
   <div class='ocr_carea' id='block_1_25' title="bbox 510 2256 2157 2329">
    <p class='ocr_par' dir='ltr' id='par_1_25' title="bbox 510 2256 2157 2329">
     <span class='ocr_line' id='line_1_25' title="bbox 510 2256 2157 2329; baseline 0.002 -19"><span class='ocrx_word' id='word_1_195' title='bbox 510 2257 738 2327; x_wconf 69' lang='grc' dir='ltr'>συνάψαι</span> <span class='ocrx_word' id='word_1_196' title='bbox 770 2257 980 2328; x_wconf 81' lang='grc' dir='ltr'>ἐαυτῷ;</span> <span class='ocrx_word' id='word_1_197' title='bbox 1023 2257 1184 2310; x_wconf 78' lang='grc' dir='ltr'>’Δλλά</span> <span class='ocrx_word' id='word_1_198' title='bbox 1215 2257 1266 2311; x_wconf 89' lang='grc' dir='ltr'>τί</span> <span class='ocrx_word' id='word_1_199' title='bbox 1296 2256 1491 2323; x_wconf 87' lang='grc' dir='ltr'>πάθω;</span> <span class='ocrx_word' id='word_1_200' title='bbox 1522 2258 1731 2329; x_wconf 82' lang='grc' dir='ltr'>Σφόδρα</span> <span class='ocrx_word' id='word_1_201' title='bbox 1760 2259 2029 2329; x_wconf 83' lang='grc' dir='ltr'>δυσχερῶς</span> <span class='ocrx_word' id='word_1_202' title='bbox 2050 2260 2157 2329; x_wconf 77' lang='grc' dir='ltr'>ἔχω</span> 
     </span>
    </p>
   </div>
   <div class='ocr_carea' id='block_1_26' title="bbox 517 2342 2156 2415">
    <p class='ocr_par' dir='ltr' id='par_1_26' title="bbox 517 2342 2156 2415">
     <span class='ocr_line' id='line_1_26' title="bbox 517 2342 2156 2415; baseline 0.001 -19"><span class='ocrx_word' id='word_1_203' title='bbox 517 2344 642 2414; x_wconf 73' lang='grc' dir='ltr'>πρὸς</span> <span class='ocrx_word' id='word_1_204' title='bbox 672 2342 921 2413; x_wconf 84' lang='grc' dir='ltr'>δακρύων</span> <span class='ocrx_word' id='word_1_205' title='bbox 943 2343 1222 2415; x_wconf 72' lang='grc' dir='ltr'>ἐπιρροήν,</span> <span class='ocrx_word' id='word_1_206' title='bbox 1252 2344 1372 2396; x_wconf 76' lang='grc' dir='ltr'>ἐπεὶ</span> <span class='ocrx_word' id='word_1_207' title='bbox 1402 2344 1583 2412; x_wconf 79' lang='grc' dir='ltr'>πηγὰς</span> <span class='ocrx_word' id='word_1_208' title='bbox 1612 2344 1677 2396; x_wconf 76' lang='grc' dir='ltr'>ἂν</span> <span class='ocrx_word' id='word_1_209' title='bbox 1702 2346 1886 2415; x_wconf 86' lang='grc' dir='ltr'>ἀφῆκα</span> <span class='ocrx_word' id='word_1_210' title='bbox 1916 2344 2156 2413; x_wconf 78' lang='grc' dir='ltr'>δαψιλεῖς</span> 
     </span>
    </p>
   </div>
   <div class='ocr_carea' id='block_1_27' title="bbox 515 2430 2155 2501">
    <p class='ocr_par' dir='ltr' id='par_1_27' title="bbox 515 2430 2155 2501">
     <span class='ocr_line' id='line_1_27' title="bbox 515 2430 2155 2501; baseline 0 -17"><span class='ocrx_word' id='word_1_211' title='bbox 515 2430 616 2484; x_wconf 78' lang='grc' dir='ltr'>ἀπὸ</span> <span class='ocrx_word' id='word_1_212' title='bbox 660 2430 769 2482; x_wconf 92' lang='grc' dir='ltr'>τῶν</span> <span class='ocrx_word' id='word_1_213' title='bbox 816 2430 1126 2499; x_wconf 64' lang='grc' dir='ltr'>ὀφθαλμῶν,</span> <span class='ocrx_word' id='word_1_214' title='bbox 1163 2430 1303 2483; x_wconf 84' lang='grc' dir='ltr'>κατὰ</span> <span class='ocrx_word' id='word_1_215' title='bbox 1335 2430 1427 2483; x_wconf 86' lang='grc' dir='ltr'>τὸν</span> <span class='ocrx_word' id='word_1_216' title='bbox 1469 2432 1749 2501; x_wconf 83' lang='grc' dir='ltr'>προφήτην</span> <span class='ocrx_word' id='word_1_217' title='bbox 1782 2434 2010 2495; x_wconf 81' lang='grc' dir='ltr'>ἐκεῖνον,</span> <span class='ocrx_word' id='word_1_218' title='bbox 2053 2450 2155 2501; x_wconf 92' lang='grc' dir='ltr'>μυ-</span> 
     </span>
    </p>
   </div>
   <div class='ocr_carea' id='block_1_28' title="bbox 509 2518 2155 2589">
    <p class='ocr_par' dir='ltr' id='par_1_28' title="bbox 509 2518 2155 2589">
     <span class='ocr_line' id='line_1_28' title="bbox 509 2518 2155 2589; baseline 0.002 -18"><span class='ocrx_word' id='word_1_219' title='bbox 509 2520 657 2589; x_wconf 88' lang='grc' dir='ltr'>ρίους</span> <span class='ocrx_word' id='word_1_220' title='bbox 690 2519 958 2589; x_wconf 79' lang='grc' dir='ltr'>πολέμους</span> <span class='ocrx_word' id='word_1_221' title='bbox 986 2519 1077 2571; x_wconf 76' lang='grc' dir='ltr'>ἐπὶ</span> <span class='ocrx_word' id='word_1_222' title='bbox 1107 2518 1200 2570; x_wconf 90' lang='grc' dir='ltr'>τοῦ</span> <span class='ocrx_word' id='word_1_223' title='bbox 1234 2518 1418 2571; x_wconf 79' lang='grc' dir='ltr'>πεδίου</span> <span class='ocrx_word' id='word_1_224' title='bbox 1452 2518 1639 2572; x_wconf 84' lang='grc' dir='ltr'>τούτου</span> <span class='ocrx_word' id='word_1_225' title='bbox 1679 2520 1888 2589; x_wconf 80' lang='grc' dir='ltr'>βλέπων</span> <span class='ocrx_word' id='word_1_226' title='bbox 1931 2522 2155 2575; x_wconf 75' lang='grc' dir='ltr'>ἐκείνων</span> 
     </span>
    </p>
   </div>
   <div class='ocr_carea' id='block_1_29' title="bbox 506 2604 2153 2676">
    <p class='ocr_par' dir='ltr' id='par_1_29' title="bbox 506 2604 2153 2676">
     <span class='ocr_line' id='line_1_29' title="bbox 506 2604 2153 2676; baseline 0.002 -18"><span class='ocrx_word' id='word_1_227' title='bbox 506 2606 934 2675; x_wconf 75' lang='grc' dir='ltr'>χαλεπωτέρους.</span> <span class='ocrx_word' id='word_1_228' title='bbox 982 2604 1038 2657; x_wconf 86' lang='lat'>&#39;0</span> <span class='ocrx_word' id='word_1_229' title='bbox 1074 2604 1171 2673; x_wconf 82' lang='grc' dir='ltr'>μὲν</span> <span class='ocrx_word' id='word_1_230' title='bbox 1211 2604 1319 2674; x_wconf 77' lang='grc' dir='ltr'>γάρ</span> <span class='ocrx_word' id='word_1_231' title='bbox 1365 2606 1674 2675; x_wconf 89' lang='grc' dir='ltr'>βαρϐάρους</span> <span class='ocrx_word' id='word_1_232' title='bbox 1715 2608 1964 2670; x_wconf 75' lang='grc' dir='ltr'>ἐπιόντας</span> <span class='ocrx_word' id='word_1_233' title='bbox 1989 2608 2153 2676; x_wconf 82' lang='grc' dir='ltr'>ὁρῶν,</span> 
     </span>
    </p>
   </div>
   <div class='ocr_carea' id='block_1_30' title="bbox 504 2690 2157 2766">
    <p class='ocr_par' dir='ltr' id='par_1_30' title="bbox 504 2690 2157 2766">
     <span class='ocr_line' id='line_1_30' title="bbox 504 2690 2157 2766; baseline 0.002 -23"><span class='ocrx_word' id='word_1_234' title='bbox 504 2692 678 2758; x_wconf 76' lang='grc' dir='ltr'>ἑλεγε,</span> <span class='ocrx_word' id='word_1_235' title='bbox 724 2691 841 2758; x_wconf 78' lang='grc' dir='ltr'>Τὴν</span> <span class='ocrx_word' id='word_1_236' title='bbox 877 2691 1114 2744; x_wconf 76' lang='grc' dir='ltr'>κοιλίαν</span> <span class='ocrx_word' id='word_1_237' title='bbox 1140 2707 1257 2758; x_wconf 84' lang='grc' dir='ltr'>μου</span> <span class='ocrx_word' id='word_1_238' title='bbox 1280 2690 1461 2759; x_wconf 74' lang='grc' dir='ltr'>ἀλγῶ·</span> <span class='ocrx_word' id='word_1_239' title='bbox 1497 2691 1606 2759; x_wconf 87' lang='grc' dir='ltr'>ἐγὼ</span> <span class='ocrx_word' id='word_1_240' title='bbox 1624 2693 1678 2746; x_wconf 88' lang='grc' dir='ltr'>δέ</span> <span class='ocrx_word' id='word_1_241' title='bbox 1706 2693 1794 2762; x_wconf 76' lang='grc' dir='ltr'>ὑφ’</span> <span class='ocrx_word' id='word_1_242' title='bbox 1817 2694 1897 2747; x_wconf 73' lang='grc' dir='ltr'>ἐνὶ</span> <span class='ocrx_word' id='word_1_243' title='bbox 1924 2712 2157 2766; x_wconf 76' lang='grc' dir='ltr'>στρατησ-</span> 
     </span>
    </p>
   </div>
   <div class='ocr_carea' id='block_1_31' title="bbox 504 2774 2156 2848">
    <p class='ocr_par' dir='ltr' id='par_1_31' title="bbox 504 2774 2156 2848">
     <span class='ocr_line' id='line_1_31' title="bbox 504 2774 2156 2848; baseline 0.003 -18"><span class='ocrx_word' id='word_1_244' title='bbox 504 2778 585 2847; x_wconf 82' lang='grc' dir='ltr'>γῷ</span> <span class='ocrx_word' id='word_1_245' title='bbox 616 2777 1124 2848; x_wconf 82' lang='grc' dir='ltr'>παριταττομένους</span> <span class='ocrx_word' id='word_1_246' title='bbox 1150 2776 1380 2846; x_wconf 81' lang='grc' dir='ltr'>βλέπων,</span> <span class='ocrx_word' id='word_1_247' title='bbox 1419 2774 1536 2831; x_wconf 76' lang='grc' dir='ltr'>εἶτα</span> <span class='ocrx_word' id='word_1_248' title='bbox 1580 2780 1700 2832; x_wconf 82' lang='grc' dir='ltr'>κατ’</span> <span class='ocrx_word' id='word_1_249' title='bbox 1728 2780 1971 2848; x_wconf 89' lang='grc' dir='ltr'>ἀλλήλων</span> <span class='ocrx_word' id='word_1_250' title='bbox 2009 2783 2156 2834; x_wconf 86' lang='grc' dir='ltr'>ίστα-</span> 
     </span>
    </p>
   </div>
   <div class='ocr_carea' id='block_1_32' title="bbox 508 2862 2154 2939">
    <p class='ocr_par' dir='ltr' id='par_1_32' title="bbox 508 2862 2154 2939">
     <span class='ocr_line' id='line_1_32' title="bbox 508 2862 2154 2939; baseline 0.003 -23"><span class='ocrx_word' id='word_1_251' title='bbox 508 2864 700 2933; x_wconf 82' lang='grc' dir='ltr'>μένους</span> <span class='ocrx_word' id='word_1_252' title='bbox 744 2862 835 2916; x_wconf 78' lang='grc' dir='ltr'>καὶ</span> <span class='ocrx_word' id='word_1_253' title='bbox 879 2863 1169 2925; x_wconf 84' lang='grc' dir='ltr'>δάκνοντας</span> <span class='ocrx_word' id='word_1_254' title='bbox 1215 2862 1307 2915; x_wconf 75' lang='grc' dir='ltr'>καὶ</span> <span class='ocrx_word' id='word_1_255' title='bbox 1355 2864 1763 2935; x_wconf 88' lang='grc' dir='ltr'>σπαράττοντας</span> <span class='ocrx_word' id='word_1_256' title='bbox 1802 2866 1869 2919; x_wconf 84' lang='grc' dir='ltr'>τά</span> <span class='ocrx_word' id='word_1_257' title='bbox 1912 2867 2154 2939; x_wconf 82' lang='grc' dir='ltr'>ἀλλήλων</span> 
     </span>
    </p>
   </div>
   <div class='ocr_carea' id='block_1_33' title="bbox 506 2949 2153 3021">
    <p class='ocr_par' dir='ltr' id='par_1_33' title="bbox 506 2949 2153 3021">
     <span class='ocr_line' id='line_1_33' title="bbox 506 2949 2153 3021; baseline 0.004 -19"><span class='ocrx_word' id='word_1_258' title='bbox 506 2949 663 3019; x_wconf 84' lang='grc' dir='ltr'>μέλη,</span> <span class='ocrx_word' id='word_1_259' title='bbox 704 2950 827 3013; x_wconf 77' lang='grc' dir='ltr'>τοὺς</span> <span class='ocrx_word' id='word_1_260' title='bbox 878 2950 976 3020; x_wconf 88' lang='grc' dir='ltr'>μέν</span> <span class='ocrx_word' id='word_1_261' title='bbox 1014 2950 1100 3003; x_wconf 78' lang='grc' dir='ltr'>διὰ</span> <span class='ocrx_word' id='word_1_262' title='bbox 1138 2950 1409 3021; x_wconf 86' lang='grc' dir='ltr'>χρήματα,</span> <span class='ocrx_word' id='word_1_263' title='bbox 1447 2953 1571 3015; x_wconf 81' lang='grc' dir='ltr'>τοὺς</span> <span class='ocrx_word' id='word_1_264' title='bbox 1612 2951 1667 3004; x_wconf 83' lang='grc' dir='ltr'>δέ</span> <span class='ocrx_word' id='word_1_265' title='bbox 1699 2953 1785 3007; x_wconf 85' lang='grc' dir='ltr'>διὰ</span> <span class='ocrx_word' id='word_1_266' title='bbox 1821 2954 1999 3019; x_wconf 81' lang='grc' dir='ltr'>δόξαν,</span> <span class='ocrx_word' id='word_1_267' title='bbox 2027 2959 2153 3020; x_wconf 87' lang='grc' dir='ltr'>τοὺς</span> 
     </span>
    </p>
   </div>
   <div class='ocr_carea' id='block_1_34' title="bbox 501 3036 2149 3110">
    <p class='ocr_par' dir='ltr' id='par_1_34' title="bbox 501 3036 2149 3110">
     <span class='ocr_line' id='line_1_34' title="bbox 501 3036 2149 3110; baseline 0.005 -22"><span class='ocrx_word' id='word_1_268' title='bbox 501 3036 557 3088; x_wconf 79' lang='grc' dir='ltr'>δὲ</span> <span class='ocrx_word' id='word_1_269' title='bbox 590 3036 774 3099; x_wconf 88' lang='grc' dir='ltr'>ἀπλῶς</span> <span class='ocrx_word' id='word_1_270' title='bbox 799 3038 892 3089; x_wconf 83' lang='grc' dir='ltr'>καὶ</span> <span class='ocrx_word' id='word_1_271' title='bbox 917 3038 1035 3107; x_wconf 83' lang='grc' dir='ltr'>εἰκῆ</span> <span class='ocrx_word' id='word_1_272' title='bbox 1068 3037 1483 3104; x_wconf 83' lang='grc' dir='ltr'>καταγελῶντας</span> <span class='ocrx_word' id='word_1_273' title='bbox 1509 3039 1605 3091; x_wconf 80' lang='grc' dir='ltr'>καὶ</span> <span class='ocrx_word' id='word_1_274' title='bbox 1632 3039 2149 3110; x_wconf 77' lang='grc' dir='ltr'>καταχλευάζοντας,</span> 
     </span>
    </p>
   </div>
   <div class='ocr_carea' id='block_1_35' title="bbox 501 3123 2152 3196">
    <p class='ocr_par' dir='ltr' id='par_1_35' title="bbox 501 3123 2152 3196">
     <span class='ocr_line' id='line_1_35' title="bbox 501 3123 2152 3196; baseline 0.004 -20"><span class='ocrx_word' id='word_1_275' title='bbox 501 3125 593 3176; x_wconf 75' lang='grc' dir='ltr'>καὶ</span> <span class='ocrx_word' id='word_1_276' title='bbox 626 3124 793 3194; x_wconf 89' lang='grc' dir='ltr'>μυρία</span> <span class='ocrx_word' id='word_1_277' title='bbox 823 3124 1111 3193; x_wconf 89' lang='grc' dir='ltr'>τραύματα</span> <span class='ocrx_word' id='word_1_278' title='bbox 1149 3123 1397 3193; x_wconf 87' lang='grc' dir='ltr'>ἀλλήλοις</span> <span class='ocrx_word' id='word_1_279' title='bbox 1436 3124 1759 3192; x_wconf 76' lang='grc' dir='ltr'>ἐπάγοντας,</span> <span class='ocrx_word' id='word_1_280' title='bbox 1800 3128 1892 3179; x_wconf 85' lang='grc' dir='ltr'>καί</span> <span class='ocrx_word' id='word_1_281' title='bbox 1929 3132 2152 3196; x_wconf 82' lang='grc' dir='ltr'>νεκροὺς</span> 
     </span>
    </p>
   </div>
   <div class='ocr_carea' id='block_1_36' title="bbox 500 3208 2153 3283">
    <p class='ocr_par' dir='ltr' id='par_1_36' title="bbox 500 3208 2153 3283">
     <span class='ocr_line' id='line_1_36' title="bbox 500 3208 2153 3283; baseline 0.005 -22"><span class='ocrx_word' id='word_1_282' title='bbox 500 3209 609 3263; x_wconf 86' lang='grc' dir='ltr'>τῶν</span> <span class='ocrx_word' id='word_1_283' title='bbox 641 3212 697 3263; x_wconf 86' lang='grc' dir='ltr'>ἐν</span> <span class='ocrx_word' id='word_1_284' title='bbox 725 3208 943 3279; x_wconf 84' lang='grc' dir='ltr'>πολέμῳ</span> <span class='ocrx_word' id='word_1_285' title='bbox 966 3209 1396 3280; x_wconf 81' lang='grc' dir='ltr'>χαλεπωτέρους,</span> <span class='ocrx_word' id='word_1_286' title='bbox 1431 3210 1604 3263; x_wconf 77' lang='grc' dir='ltr'>καὶτὸ</span> <span class='ocrx_word' id='word_1_287' title='bbox 1633 3211 1740 3265; x_wconf 87' lang='grc' dir='ltr'>τῶν</span> <span class='ocrx_word' id='word_1_288' title='bbox 1766 3214 2006 3283; x_wconf 82' lang='grc' dir='ltr'>ἀδελφῶν</span> <span class='ocrx_word' id='word_1_289' title='bbox 2038 3217 2153 3269; x_wconf 84' lang='grc' dir='ltr'>δνο-</span> 
     </span>
    </p>
   </div>
   <div class='ocr_carea' id='block_1_37' title="bbox 506 3295 2151 3373">
    <p class='ocr_par' dir='ltr' id='par_1_37' title="bbox 506 3295 2151 3373">
     <span class='ocr_line' id='line_1_37' title="bbox 506 3295 2151 3373; baseline 0.004 -24"><span class='ocrx_word' id='word_1_290' title='bbox 506 3313 582 3365; x_wconf 86' lang='grc' dir='ltr'>μα</span> <span class='ocrx_word' id='word_1_291' title='bbox 626 3295 777 3363; x_wconf 70' lang='grc' dir='ltr'>ψιλὸν</span> <span class='ocrx_word' id='word_1_292' title='bbox 831 3295 988 3365; x_wconf 91' lang='grc' dir='ltr'>μόνον</span> <span class='ocrx_word' id='word_1_293' title='bbox 1020 3295 1200 3348; x_wconf 83' lang='grc' dir='ltr'>λοιπὸν</span> <span class='ocrx_word' id='word_1_294' title='bbox 1248 3296 1327 3360; x_wconf 82' lang='grc' dir='ltr'>ὃν,</span> <span class='ocrx_word' id='word_1_295' title='bbox 1374 3298 1493 3349; x_wconf 85' lang='grc' dir='ltr'>ούδέ</span> <span class='ocrx_word' id='word_1_296' title='bbox 1550 3297 1657 3368; x_wconf 83' lang='grc' dir='ltr'>ἐχω</span> <span class='ocrx_word' id='word_1_297' title='bbox 1702 3300 1823 3353; x_wconf 86' lang='grc' dir='ltr'>τινὰ</span> <span class='ocrx_word' id='word_1_298' title='bbox 1873 3302 2019 3365; x_wconf 81' lang='grc' dir='ltr'>ἀξιον</span> <span class='ocrx_word' id='word_1_299' title='bbox 2052 3303 2151 3373; x_wconf 88' lang='grc' dir='ltr'>τῆς</span> 
     </span>
    </p>
   </div>
   <div class='ocr_carea' id='block_1_38' title="bbox 500 3381 2150 3465">
    <p class='ocr_par' dir='ltr' id='par_1_38' title="bbox 500 3381 2150 3465">
     <span class='ocr_line' id='line_1_38' title="bbox 500 3381 2150 3465; baseline 0.005 -30"><span class='ocrx_word' id='word_1_300' title='bbox 500 3382 804 3451; x_wconf 82' lang='grc' dir='ltr'>τραγῳδίας</span> <span class='ocrx_word' id='word_1_301' title='bbox 826 3381 1028 3452; x_wconf 87' lang='grc' dir='ltr'>ταύτης</span> <span class='ocrx_word' id='word_1_302' title='bbox 1062 3382 1345 3451; x_wconf 79' lang='grc' dir='ltr'>ἐπινοῆσαι</span> <span class='ocrx_word' id='word_1_303' title='bbox 1382 3383 1593 3465; x_wconf 78' lang='grc' dir='ltr'>θρῆνον.</span> <span class='ocrx_word' id='word_1_304' title='bbox 1623 3386 1913 3457; x_wconf 81' lang='grc' dir='ltr'>Λίδέσθητε</span> <span class='ocrx_word' id='word_1_305' title='bbox 1952 3390 2150 3457; x_wconf 85' lang='grc' dir='ltr'>τοίνυν,</span> 
     </span>
    </p>
   </div>
   <div class='ocr_carea' id='block_1_39' title="bbox 501 3467 2147 3546">
    <p class='ocr_par' dir='ltr' id='par_1_39' title="bbox 501 3467 2147 3546">
     <span class='ocr_line' id='line_1_39' title="bbox 501 3467 2147 3546; baseline 0.005 -25"><span class='ocrx_word' id='word_1_306' title='bbox 501 3468 785 3539; x_wconf 74' lang='grc' dir='ltr'>αἰδέσθητε</span> <span class='ocrx_word' id='word_1_307' title='bbox 818 3468 914 3539; x_wconf 83' lang='grc' dir='ltr'>τὴν</span> <span class='ocrx_word' id='word_1_308' title='bbox 938 3468 1214 3539; x_wconf 84' lang='grc' dir='ltr'>τράπεζαν</span> <span class='ocrx_word' id='word_1_309' title='bbox 1237 3470 1462 3541; x_wconf 87' lang='grc' dir='ltr'>ταύτην,</span> <span class='ocrx_word' id='word_1_310' title='bbox 1498 3467 1565 3543; x_wconf 83' lang='grc' dir='ltr'>ἦς</span> <span class='ocrx_word' id='word_1_311' title='bbox 1592 3474 1951 3546; x_wconf 80' lang='grc' dir='ltr'>κοινωνοῦμεν</span> <span class='ocrx_word' id='word_1_312' title='bbox 1974 3477 2147 3531; x_wconf 79' lang='grc' dir='ltr'>ἀπαν-</span> 
     </span>
    </p>
   </div>
   <div class='ocr_carea' id='block_1_40' title="bbox 498 3554 2147 3632">
    <p class='ocr_par' dir='ltr' id='par_1_40' title="bbox 498 3554 2147 3632">
     <span class='ocr_line' id='line_1_40' title="bbox 498 3554 2147 3632; baseline 0.008 -26"><span class='ocrx_word' id='word_1_313' title='bbox 498 3572 610 3618; x_wconf 86' lang='grc' dir='ltr'>τες,</span> <span class='ocrx_word' id='word_1_314' title='bbox 643 3555 733 3607; x_wconf 81' lang='grc' dir='ltr'>τὸν</span> <span class='ocrx_word' id='word_1_315' title='bbox 771 3554 836 3607; x_wconf 88' lang='grc' dir='ltr'>δι’</span> <span class='ocrx_word' id='word_1_316' title='bbox 872 3556 1015 3624; x_wconf 77' lang='grc' dir='ltr'>ἡμᾶς</span> <span class='ocrx_word' id='word_1_317' title='bbox 1070 3556 1345 3624; x_wconf 83' lang='grc' dir='ltr'>σφαγέντα</span> <span class='ocrx_word' id='word_1_318' title='bbox 1395 3558 1648 3629; x_wconf 84' lang='grc' dir='ltr'>Χριστὸν,</span> <span class='ocrx_word' id='word_1_319' title='bbox 1682 3560 1744 3613; x_wconf 85' lang='lat'>16</span> <span class='ocrx_word' id='word_1_320' title='bbox 1782 3562 1928 3632; x_wconf 84' lang='grc' dir='ltr'>θῦμα</span> <span class='ocrx_word' id='word_1_321' title='bbox 1970 3564 2029 3617; x_wconf 89' lang='lat'>16</span> <span class='ocrx_word' id='word_1_322' title='bbox 2062 3567 2147 3619; x_wconf 79' lang='grc' dir='ltr'>ἐπ’</span> 
     </span>
    </p>
   </div>
   <div class='ocr_carea' id='block_1_41' title="bbox 498 3641 2147 3713">
    <p class='ocr_par' dir='ltr' id='par_1_41' title="bbox 498 3641 2147 3713">
     <span class='ocr_line' id='line_1_41' title="bbox 498 3641 2147 3713; baseline 0.007 -20"><span class='ocrx_word' id='word_1_323' title='bbox 498 3642 668 3711; x_wconf 84' lang='grc' dir='ltr'>αὐτῆς</span> <span class='ocrx_word' id='word_1_324' title='bbox 703 3641 968 3712; x_wconf 86' lang='grc' dir='ltr'>κείμενον.</span> <span class='ocrx_word' id='word_1_325' title='bbox 995 3643 1203 3713; x_wconf 76' lang='grc' dir='ltr'>Δῃσταὶ</span> <span class='ocrx_word' id='word_1_326' title='bbox 1240 3644 1619 3709; x_wconf 85' lang='grc' dir='ltr'>κοινωνοῦντες</span> <span class='ocrx_word' id='word_1_327' title='bbox 1641 3647 1805 3711; x_wconf 87' lang='grc' dir='ltr'>ἀλῶν,</span> <span class='ocrx_word' id='word_1_328' title='bbox 1826 3650 2007 3703; x_wconf 81' lang='grc' dir='ltr'>οὐκέτι</span> <span class='ocrx_word' id='word_1_329' title='bbox 2042 3653 2147 3704; x_wconf 78' lang='grc' dir='ltr'>είσὶ</span> 
     </span>
    </p>
   </div>
   <div class='ocr_carea' id='block_1_42' title="bbox 497 3725 2147 3803">
    <p class='ocr_par' dir='ltr' id='par_1_42' title="bbox 497 3725 2147 3803">
     <span class='ocr_line' id='line_1_42' title="bbox 497 3725 2147 3803; baseline 0.009 -26"><span class='ocrx_word' id='word_1_330' title='bbox 497 3728 690 3797; x_wconf 74' lang='grc' dir='ltr'>λῃσταὶ</span> <span class='ocrx_word' id='word_1_331' title='bbox 723 3728 857 3797; x_wconf 70' lang='grc' dir='ltr'>πρὸς</span> <span class='ocrx_word' id='word_1_332' title='bbox 884 3725 977 3789; x_wconf 86' lang='grc' dir='ltr'>οὒς</span> <span class='ocrx_word' id='word_1_333' title='bbox 1006 3727 1072 3781; x_wconf 83' lang='grc' dir='ltr'>ἀν</span> <span class='ocrx_word' id='word_1_334' title='bbox 1105 3730 1523 3799; x_wconf 87' lang='grc' dir='ltr'>κοινωνήσωσιν,</span> <span class='ocrx_word' id='word_1_335' title='bbox 1561 3731 1693 3787; x_wconf 73' lang='grc' dir='ltr'>ἀλλὰ</span> <span class='ocrx_word' id='word_1_336' title='bbox 1717 3736 2147 3803; x_wconf 82' lang='grc' dir='ltr'>μεταϐάλλειτὺν</span> 
     </span>
    </p>
   </div>
   <div class='ocr_carea' id='block_1_43' title="bbox 498 3812 2148 3895">
    <p class='ocr_par' dir='ltr' id='par_1_43' title="bbox 498 3812 2148 3895">
     <span class='ocr_line' id='line_1_43' title="bbox 498 3812 2148 3895; baseline 0.01 -32"><span class='ocrx_word' id='word_1_337' title='bbox 498 3813 696 3882; x_wconf 78' lang='grc' dir='ltr'>τρόπον</span> <span class='ocrx_word' id='word_1_338' title='bbox 743 3815 776 3883; x_wconf 79' lang='grc' dir='ltr'>ἡ</span> <span class='ocrx_word' id='word_1_339' title='bbox 818 3812 1085 3882; x_wconf 86' lang='grc' dir='ltr'>τράπεζα,</span> <span class='ocrx_word' id='word_1_340' title='bbox 1116 3815 1210 3867; x_wconf 73' lang='grc' dir='ltr'>καὶ</span> <span class='ocrx_word' id='word_1_341' title='bbox 1250 3816 1375 3878; x_wconf 75' lang='grc' dir='ltr'>τοὺς</span> <span class='ocrx_word' id='word_1_342' title='bbox 1409 3817 1518 3871; x_wconf 89' lang='grc' dir='ltr'>τῶν</span> <span class='ocrx_word' id='word_1_343' title='bbox 1550 3818 1754 3888; x_wconf 89' lang='grc' dir='ltr'>θηρίων</span> <span class='ocrx_word' id='word_1_344' title='bbox 1783 3823 2148 3895; x_wconf 81' lang='grc' dir='ltr'>ἀγριωτέρους</span> 
     </span>
    </p>
   </div>
   <div class='ocr_carea' id='block_1_44' title="bbox 499 3899 2149 3981">
    <p class='ocr_par' dir='ltr' id='par_1_44' title="bbox 499 3899 2149 3981">
     <span class='ocr_line' id='line_1_44' title="bbox 499 3899 2149 3981; baseline 0.009 -31"><span class='ocrx_word' id='word_1_345' title='bbox 499 3899 786 3969; x_wconf 86' lang='grc' dir='ltr'>προϐάτων</span> <span class='ocrx_word' id='word_1_346' title='bbox 812 3900 1191 3971; x_wconf 79' lang='grc' dir='ltr'>ἡμερωτέρους</span> <span class='ocrx_word' id='word_1_347' title='bbox 1218 3904 1378 3954; x_wconf 84' lang='grc' dir='ltr'>ποιεῖ·</span> <span class='ocrx_word' id='word_1_348' title='bbox 1410 3904 1568 3972; x_wconf 83' lang='grc' dir='ltr'>ἡμεῖς</span> <span class='ocrx_word' id='word_1_349' title='bbox 1590 3905 1643 3958; x_wconf 85' lang='grc' dir='ltr'>δὲ</span> <span class='ocrx_word' id='word_1_350' title='bbox 1676 3910 1928 3979; x_wconf 86' lang='grc' dir='ltr'>τοιαύτης</span> <span class='ocrx_word' id='word_1_351' title='bbox 1953 3913 2149 3981; x_wconf 83' lang='grc' dir='ltr'>τραπέ-</span> 
     </span>
    </p>
   </div>
   <div class='ocr_carea' id='block_1_45' title="bbox 498 3986 2145 4067">
    <p class='ocr_par' dir='ltr' id='par_1_45' title="bbox 498 3986 2145 4067">
     <span class='ocr_line' id='line_1_45' title="bbox 498 3986 2145 4067; baseline 0.011 -31"><span class='ocrx_word' id='word_1_352' title='bbox 498 3986 597 4056; x_wconf 87' lang='grc' dir='ltr'>ζης</span> <span class='ocrx_word' id='word_1_353' title='bbox 636 3986 971 4056; x_wconf 83' lang='grc' dir='ltr'>μετέχοντες,</span> <span class='ocrx_word' id='word_1_354' title='bbox 997 3988 1251 4059; x_wconf 87' lang='grc' dir='ltr'>τοιαύτης</span> <span class='ocrx_word' id='word_1_355' title='bbox 1278 3991 1652 4056; x_wconf 79' lang='grc' dir='ltr'>κοινωνοῦντες</span> <span class='ocrx_word' id='word_1_356' title='bbox 1680 3998 1901 4067; x_wconf 83' lang='grc' dir='ltr'>τροφῆς,</span> <span class='ocrx_word' id='word_1_357' title='bbox 1934 4000 2145 4064; x_wconf 87' lang='grc' dir='ltr'>ὁπλιζό-</span> 
     </span>
    </p>
   </div>
   <div class='ocr_carea' id='block_1_46' title="bbox 500 4071 2144 4152">
    <p class='ocr_par' dir='ltr' id='par_1_46' title="bbox 500 4071 2144 4152">
     <span class='ocr_line' id='line_1_46' title="bbox 500 4071 2144 4152; baseline 0.009 -28"><span class='ocrx_word' id='word_1_358' title='bbox 500 4071 637 4142; x_wconf 88' lang='grc' dir='ltr'>μεθα</span> <span class='ocrx_word' id='word_1_359' title='bbox 663 4074 781 4126; x_wconf 86' lang='grc' dir='ltr'>κατ’</span> <span class='ocrx_word' id='word_1_360' title='bbox 810 4072 1073 4141; x_wconf 81' lang='grc' dir='ltr'>ἀλλήλων,</span> <span class='ocrx_word' id='word_1_361' title='bbox 1103 4075 1220 4127; x_wconf 88' lang='grc' dir='ltr'>δέον</span> <span class='ocrx_word' id='word_1_362' title='bbox 1261 4076 1402 4129; x_wconf 73' lang='grc' dir='ltr'>κατὰ</span> <span class='ocrx_word' id='word_1_363' title='bbox 1452 4076 1546 4129; x_wconf 85' lang='grc' dir='ltr'>τοῦ</span> <span class='ocrx_word' id='word_1_364' title='bbox 1602 4080 1768 4135; x_wconf 80' lang='grc' dir='ltr'>πᾶσιν</span> <span class='ocrx_word' id='word_1_365' title='bbox 1815 4084 1942 4152; x_wconf 76' lang='grc' dir='ltr'>ἡμῖν</span> <span class='ocrx_word' id='word_1_366' title='bbox 1987 4088 2144 4138; x_wconf 89' lang='grc' dir='ltr'>πολε-</span> 
     </span>
    </p>
   </div>
   <div class='ocr_carea' id='block_1_47' title="bbox 501 4154 2142 4240">
    <p class='ocr_par' dir='ltr' id='par_1_47' title="bbox 501 4154 2142 4240">
     <span class='ocr_line' id='line_1_47' title="bbox 501 4154 2142 4240; baseline 0.011 -34"><span class='ocrx_word' id='word_1_367' title='bbox 501 4154 722 4225; x_wconf 88' lang='grc' dir='ltr'>μοῦντος</span> <span class='ocrx_word' id='word_1_368' title='bbox 757 4156 997 4210; x_wconf 90' lang='grc' dir='ltr'>διαϐόλου</span> <span class='ocrx_word' id='word_1_369' title='bbox 1035 4158 1191 4212; x_wconf 83' lang='grc' dir='ltr'>τοῦτο</span> <span class='ocrx_word' id='word_1_370' title='bbox 1220 4163 1410 4214; x_wconf 84' lang='grc' dir='ltr'>ποιεῖν.</span> <span class='ocrx_word' id='word_1_371' title='bbox 1434 4164 1531 4216; x_wconf 87' lang='grc' dir='ltr'>Διά</span> <span class='ocrx_word' id='word_1_372' title='bbox 1560 4180 1638 4216; x_wconf 90' lang='grc' dir='ltr'>τοι</span> <span class='ocrx_word' id='word_1_373' title='bbox 1668 4165 1825 4219; x_wconf 88' lang='grc' dir='ltr'>τοῦτο</span> <span class='ocrx_word' id='word_1_374' title='bbox 1851 4169 2008 4237; x_wconf 78' lang='grc' dir='ltr'>ἡμεῖς</span> <span class='ocrx_word' id='word_1_375' title='bbox 2044 4172 2142 4240; x_wconf 85' lang='grc' dir='ltr'>μὲν</span> 
     </span>
    </p>
   </div>
   <div class='ocr_carea' id='block_1_48' title="bbox 498 4240 2140 4325">
    <p class='ocr_par' dir='ltr' id='par_1_48' title="bbox 498 4240 2140 4325">
     <span class='ocr_line' id='line_1_48' title="bbox 498 4240 2140 4325; baseline 0.009 -31"><span class='ocrx_word' id='word_1_376' title='bbox 498 4240 891 4312; x_wconf 86' lang='grc' dir='ltr'>ἀσθενέστεροι,</span> <span class='ocrx_word' id='word_1_377' title='bbox 918 4245 1118 4307; x_wconf 84' lang='grc' dir='ltr'>ἐκεῖνος</span> <span class='ocrx_word' id='word_1_378' title='bbox 1159 4244 1213 4297; x_wconf 82' lang='grc' dir='ltr'>δὲ</span> <span class='ocrx_word' id='word_1_379' title='bbox 1260 4248 1601 4318; x_wconf 85' lang='grc' dir='ltr'>ἰσχυρότερος</span> <span class='ocrx_word' id='word_1_380' title='bbox 1643 4251 1761 4303; x_wconf 82' lang='grc' dir='ltr'>καθ’</span> <span class='ocrx_word' id='word_1_381' title='bbox 1797 4253 2032 4325; x_wconf 79' lang='grc' dir='ltr'>ἑκάστην</span> <span class='ocrx_word' id='word_1_382' title='bbox 2060 4258 2140 4323; x_wconf 85' lang='grc' dir='ltr'>γί-</span> 
     </span>
    </p>
   </div>
   <div class='ocr_carea' id='block_1_49' title="bbox 496 4326 2141 4412">
    <p class='ocr_par' dir='ltr' id='par_1_49' title="bbox 496 4326 2141 4412">
     <span class='ocr_line' id='line_1_49' title="bbox 496 4326 2141 4412; baseline 0.01 -32"><span class='ocrx_word' id='word_1_383' title='bbox 496 4343 644 4380; x_wconf 78' lang='grc' dir='ltr'>νεται</span> <span class='ocrx_word' id='word_1_384' title='bbox 684 4326 779 4397; x_wconf 82' lang='grc' dir='ltr'>τὴν</span> <span class='ocrx_word' id='word_1_385' title='bbox 813 4328 1044 4398; x_wconf 87' lang='grc' dir='ltr'>ήμέραν.</span> <span class='ocrx_word' id='word_1_386' title='bbox 1098 4332 1170 4382; x_wconf 88' lang='grc' dir='ltr'>Οὐ</span> <span class='ocrx_word' id='word_1_387' title='bbox 1203 4330 1311 4400; x_wconf 85' lang='grc' dir='ltr'>γάρ</span> <span class='ocrx_word' id='word_1_388' title='bbox 1362 4335 1476 4401; x_wconf 84' lang='grc' dir='ltr'>μετ’</span> <span class='ocrx_word' id='word_1_389' title='bbox 1504 4334 1747 4405; x_wconf 80' lang='grc' dir='ltr'>ἀλλήλων</span> <span class='ocrx_word' id='word_1_390' title='bbox 1792 4343 2141 4412; x_wconf 88' lang='grc' dir='ltr'>φραττόμεθα</span> 
     </span>
    </p>
   </div>
   <div class='ocr_carea' id='block_1_50' title="bbox 495 4413 2138 4496">
    <p class='ocr_par' dir='ltr' id='par_1_50' title="bbox 495 4413 2138 4496">
     <span class='ocr_line' id='line_1_50' title="bbox 495 4413 2138 4496; baseline 0.01 -31"><span class='ocrx_word' id='word_1_391' title='bbox 495 4415 617 4466; x_wconf 86' lang='grc' dir='ltr'>κατ’</span> <span class='ocrx_word' id='word_1_392' title='bbox 648 4414 879 4477; x_wconf 87' lang='grc' dir='ltr'>ἐκείνου,</span> <span class='ocrx_word' id='word_1_393' title='bbox 908 4413 1045 4467; x_wconf 88' lang='grc' dir='ltr'>ἀλλά</span> <span class='ocrx_word' id='word_1_394' title='bbox 1070 4418 1187 4484; x_wconf 87' lang='grc' dir='ltr'>μετ’</span> <span class='ocrx_word' id='word_1_395' title='bbox 1211 4417 1417 4469; x_wconf 81' lang='grc' dir='ltr'>ἐκείνου</span> <span class='ocrx_word' id='word_1_396' title='bbox 1443 4422 1561 4471; x_wconf 88' lang='grc' dir='ltr'>κατ’</span> <span class='ocrx_word' id='word_1_397' title='bbox 1589 4421 1827 4493; x_wconf 83' lang='grc' dir='ltr'>ἀλλήλων</span> <span class='ocrx_word' id='word_1_398' title='bbox 1854 4427 2138 4496; x_wconf 88' lang='grc' dir='ltr'>ίστάμεθα,</span> 
     </span>
    </p>
   </div>
   <div class='ocr_carea' id='block_1_51' title="bbox 495 4499 2141 4583">
    <p class='ocr_par' dir='ltr' id='par_1_51' title="bbox 495 4499 2141 4583">
     <span class='ocr_line' id='line_1_51' title="bbox 495 4499 2141 4583; baseline 0.008 -30"><span class='ocrx_word' id='word_1_399' title='bbox 495 4500 588 4553; x_wconf 75' lang='grc' dir='ltr'>καὶ</span> <span class='ocrx_word' id='word_1_400' title='bbox 617 4499 762 4568; x_wconf 76' lang='grc' dir='ltr'>αὐτῷ</span> <span class='ocrx_word' id='word_1_401' title='bbox 790 4500 1073 4570; x_wconf 82' lang='grc' dir='ltr'>στρατηγῷ</span> <span class='ocrx_word' id='word_1_402' title='bbox 1107 4500 1242 4571; x_wconf 82' lang='grc' dir='ltr'>πρὸς</span> <span class='ocrx_word' id='word_1_403' title='bbox 1272 4502 1371 4564; x_wconf 83' lang='grc' dir='ltr'>τὰς</span> <span class='ocrx_word' id='word_1_404' title='bbox 1399 4504 1654 4567; x_wconf 87' lang='grc' dir='ltr'>τοιαύτας</span> <span class='ocrx_word' id='word_1_405' title='bbox 1683 4507 1941 4579; x_wconf 85' lang='grc' dir='ltr'>χρώμεθα</span> <span class='ocrx_word' id='word_1_406' title='bbox 1967 4529 2141 4583; x_wconf 84' lang='grc' dir='ltr'>παρα-</span> 
     </span>
    </p>
   </div>
   <div class='ocr_carea' id='block_1_52' title="bbox 494 4586 2140 4668">
    <p class='ocr_par' dir='ltr' id='par_1_52' title="bbox 494 4586 2140 4668">
     <span class='ocr_line' id='line_1_52' title="bbox 494 4586 2140 4668; baseline 0.01 -31"><span class='ocrx_word' id='word_1_407' title='bbox 494 4587 691 4651; x_wconf 80' lang='grc' dir='ltr'>τάξεις,</span> <span class='ocrx_word' id='word_1_408' title='bbox 715 4586 830 4639; x_wconf 83' lang='grc' dir='ltr'>δέον</span> <span class='ocrx_word' id='word_1_409' title='bbox 853 4586 1001 4656; x_wconf 81' lang='grc' dir='ltr'>αὐτῷ</span> <span class='ocrx_word' id='word_1_410' title='bbox 1027 4588 1172 4658; x_wconf 87' lang='grc' dir='ltr'>μόνῳ</span> <span class='ocrx_word' id='word_1_411' title='bbox 1197 4590 1470 4660; x_wconf 85' lang='grc' dir='ltr'>πολεμεῖν.</span> <span class='ocrx_word' id='word_1_412' title='bbox 1497 4594 1631 4647; x_wconf 80' lang='grc' dir='ltr'>Νυνὶ</span> <span class='ocrx_word' id='word_1_413' title='bbox 1652 4594 1707 4647; x_wconf 85' lang='grc' dir='ltr'>δὲ</span> <span class='ocrx_word' id='word_1_414' title='bbox 1740 4597 1945 4651; x_wconf 87' lang='grc' dir='ltr'>ἐκεῖνον</span> <span class='ocrx_word' id='word_1_415' title='bbox 1980 4601 2140 4668; x_wconf 86' lang='grc' dir='ltr'>ἀφέν-</span> 
     </span>
    </p>
   </div>
   <div class='ocr_carea' id='block_1_53' title="bbox 494 4673 2141 4759">
    <p class='ocr_par' dir='ltr' id='par_1_53' title="bbox 494 4673 2141 4759">
     <span class='ocr_line' id='line_1_53' title="bbox 494 4673 2141 4759; baseline 0.009 -36"><span class='ocrx_word' id='word_1_416' title='bbox 494 4690 603 4735; x_wconf 85' lang='grc' dir='ltr'>τες,</span> <span class='ocrx_word' id='word_1_417' title='bbox 625 4673 764 4726; x_wconf 84' lang='grc' dir='ltr'>κατά</span> <span class='ocrx_word' id='word_1_418' title='bbox 784 4673 889 4726; x_wconf 90' lang='grc' dir='ltr'>τῶν</span> <span class='ocrx_word' id='word_1_419' title='bbox 911 4674 1150 4741; x_wconf 84' lang='grc' dir='ltr'>ἀδελφῶν</span> <span class='ocrx_word' id='word_1_420' title='bbox 1174 4675 1240 4727; x_wconf 89' lang='grc' dir='ltr'>τά</span> <span class='ocrx_word' id='word_1_421' title='bbox 1270 4677 1396 4739; x_wconf 79' lang='grc' dir='ltr'>τόξα</span> <span class='ocrx_word' id='word_1_422' title='bbox 1420 4678 1684 4749; x_wconf 87' lang='grc' dir='ltr'>τείνομεν,</span> <span class='ocrx_word' id='word_1_423' title='bbox 1715 4683 1848 4734; x_wconf 88' lang='grc' dir='ltr'>Ποῖα</span> <span class='ocrx_word' id='word_1_424' title='bbox 1874 4685 2017 4751; x_wconf 80' lang='grc' dir='ltr'>τόξα,</span> <span class='ocrx_word' id='word_1_425' title='bbox 2047 4705 2141 4759; x_wconf 80' lang='grc' dir='ltr'>φη-</span> 
     </span>
    </p>
   </div>
   <div class='ocr_carea' id='block_1_54' title="bbox 496 4758 2141 4842">
    <p class='ocr_par' dir='ltr' id='par_1_54' title="bbox 496 4758 2141 4842">
     <span class='ocr_line' id='line_1_54' title="bbox 496 4758 2141 4842; baseline 0.013 -34"><span class='ocrx_word' id='word_1_426' title='bbox 496 4758 548 4809; x_wconf 90' lang='grc' dir='ltr'>σί</span> <span class='ocrx_word' id='word_1_427' title='bbox 569 4776 584 4819; x_wconf 89' lang='lat'><strong>;</strong></span> <span class='ocrx_word' id='word_1_428' title='bbox 609 4758 689 4810; x_wconf 90' lang='grc' dir='ltr'>Τά</span> <span class='ocrx_word' id='word_1_429' title='bbox 716 4759 821 4810; x_wconf 79' lang='grc' dir='ltr'>ἀπὸ</span> <span class='ocrx_word' id='word_1_430' title='bbox 850 4758 1090 4829; x_wconf 85' lang='grc' dir='ltr'>γλώττης</span> <span class='ocrx_word' id='word_1_431' title='bbox 1131 4761 1224 4814; x_wconf 78' lang='grc' dir='ltr'>καὶ</span> <span class='ocrx_word' id='word_1_432' title='bbox 1278 4765 1557 4832; x_wconf 90' lang='grc' dir='ltr'>στόματος.</span> <span class='ocrx_word' id='word_1_433' title='bbox 1606 4768 1736 4820; x_wconf 80' lang='grc' dir='ltr'>Οὐδὲ</span> <span class='ocrx_word' id='word_1_434' title='bbox 1776 4772 1884 4842; x_wconf 81' lang='grc' dir='ltr'>γάρ</span> <span class='ocrx_word' id='word_1_435' title='bbox 1919 4758 2141 4828; x_wconf 84' lang='grc' dir='ltr'>ἀκόντια</span> 
     </span>
    </p>
   </div>
   <div class='ocr_carea' id='block_1_55' title="bbox 494 4843 2139 4929">
    <p class='ocr_par' dir='ltr' id='par_1_55' title="bbox 494 4843 2139 4929">
     <span class='ocr_line' id='line_1_55' title="bbox 494 4843 2139 4929; baseline 0.013 -35"><span class='ocrx_word' id='word_1_436' title='bbox 494 4846 587 4895; x_wconf 73' lang='grc' dir='ltr'>καὶ</span> <span class='ocrx_word' id='word_1_437' title='bbox 620 4843 743 4914; x_wconf 86' lang='grc' dir='ltr'>βέλη</span> <span class='ocrx_word' id='word_1_438' title='bbox 802 4845 977 4913; x_wconf 88' lang='grc' dir='ltr'>μόνον,</span> <span class='ocrx_word' id='word_1_439' title='bbox 1026 4846 1161 4899; x_wconf 85' lang='grc' dir='ltr'>ἀλλά</span> <span class='ocrx_word' id='word_1_440' title='bbox 1216 4849 1308 4899; x_wconf 73' lang='grc' dir='ltr'>καὶ</span> <span class='ocrx_word' id='word_1_441' title='bbox 1367 4853 1583 4920; x_wconf 85' lang='grc' dir='ltr'>ρήματα</span> <span class='ocrx_word' id='word_1_442' title='bbox 1641 4855 1771 4909; x_wconf 80' lang='grc' dir='ltr'>πολὺ</span> <span class='ocrx_word' id='word_1_443' title='bbox 1818 4858 1923 4913; x_wconf 87' lang='grc' dir='ltr'>τῶν</span> <span class='ocrx_word' id='word_1_444' title='bbox 1970 4860 2139 4929; x_wconf 82' lang='grc' dir='ltr'>βελῶν</span> 
     </span>
    </p>
   </div>
   <div class='ocr_carea' id='block_1_56' title="bbox 494 4930 2139 5020">
    <p class='ocr_par' dir='ltr' id='par_1_56' title="bbox 494 4930 2139 5020">
     <span class='ocr_line' id='line_1_56' title="bbox 494 4930 2139 5020; baseline 0.015 -40"><span class='ocrx_word' id='word_1_445' title='bbox 494 4930 790 5001; x_wconf 83' lang='grc' dir='ltr'>πικρότερα</span> <span class='ocrx_word' id='word_1_446' title='bbox 819 4932 1105 5001; x_wconf 79' lang='grc' dir='ltr'>ἐργάζεται</span> <span class='ocrx_word' id='word_1_447' title='bbox 1143 4935 1449 5005; x_wconf 85' lang='grc' dir='ltr'>τραύματα.</span> <span class='ocrx_word' id='word_1_448' title='bbox 1494 4940 1602 4992; x_wconf 79' lang='grc' dir='ltr'>Καὶ</span> <span class='ocrx_word' id='word_1_449' title='bbox 1646 4942 1761 5006; x_wconf 87' lang='grc' dir='ltr'>πῶς</span> <span class='ocrx_word' id='word_1_450' title='bbox 1802 4945 2139 5020; x_wconf 87' lang='grc' dir='ltr'>δυνησόμεθα</span> 
     </span>
    </p>
   </div>
   <div class='ocr_carea' id='block_1_57' title="bbox 490 5016 2138 5106">
    <p class='ocr_par' dir='ltr' id='par_1_57' title="bbox 490 5016 2138 5106">
     <span class='ocr_line' id='line_1_57' title="bbox 490 5016 2138 5106; baseline 0.013 -37"><span class='ocrx_word' id='word_1_451' title='bbox 490 5016 673 5070; x_wconf 90' lang='grc' dir='ltr'>τοῦτον</span> <span class='ocrx_word' id='word_1_452' title='bbox 698 5019 994 5072; x_wconf 87' lang='grc' dir='ltr'>καταλῦσαι</span> <span class='ocrx_word' id='word_1_453' title='bbox 1016 5021 1103 5072; x_wconf 85' lang='grc' dir='ltr'>τὸν</span> <span class='ocrx_word' id='word_1_454' title='bbox 1130 5022 1381 5093; x_wconf 86' lang='grc' dir='ltr'>πόλεμον,</span> <span class='ocrx_word' id='word_1_455' title='bbox 1415 5026 1607 5095; x_wconf 85' lang='grc' dir='ltr'>φησίν;</span> <span class='ocrx_word' id='word_1_456' title='bbox 1636 5030 1732 5081; x_wconf 79' lang='grc' dir='ltr'>Ἂν</span> <span class='ocrx_word' id='word_1_457' title='bbox 1757 5016 2030 5106; x_wconf 75' lang='grc' dir='ltr'>ἐννοήσῃς,</span> <span class='ocrx_word' id='word_1_458' title='bbox 2058 5038 2138 5091; x_wconf 84' lang='grc' dir='ltr'>ὅτι</span> 
     </span>
    </p>
   </div>
   <div class='ocr_carea' id='block_1_58' title="bbox 490 5102 2137 5188">
    <p class='ocr_par' dir='ltr' id='par_1_58' title="bbox 490 5102 2137 5188">
     <span class='ocr_line' id='line_1_58' title="bbox 490 5102 2137 5188; baseline 0.012 -34"><span class='ocrx_word' id='word_1_459' title='bbox 490 5102 580 5155; x_wconf 79' lang='grc' dir='ltr'>τὸν</span> <span class='ocrx_word' id='word_1_460' title='bbox 617 5102 841 5171; x_wconf 85' lang='grc' dir='ltr'>ἀδελφὺν</span> <span class='ocrx_word' id='word_1_461' title='bbox 873 5104 1043 5172; x_wconf 84' lang='grc' dir='ltr'>λέγων</span> <span class='ocrx_word' id='word_1_462' title='bbox 1074 5108 1277 5171; x_wconf 86' lang='grc' dir='ltr'>κακῶς,</span> <span class='ocrx_word' id='word_1_463' title='bbox 1308 5107 1567 5181; x_wconf 90' lang='grc' dir='ltr'>βόρϐορον</span> <span class='ocrx_word' id='word_1_464' title='bbox 1610 5113 1715 5165; x_wconf 82' lang='grc' dir='ltr'>ἀπὸ</span> <span class='ocrx_word' id='word_1_465' title='bbox 1748 5115 1839 5167; x_wconf 88' lang='grc' dir='ltr'>τοῦ</span> <span class='ocrx_word' id='word_1_466' title='bbox 1877 5102 2137 5188; x_wconf 79' lang='grc' dir='ltr'>στόματός</span> 
     </span>
    </p>
   </div>
   <div class='ocr_carea' id='block_1_59' title="bbox 493 5190 2137 5276">
    <p class='ocr_par' dir='ltr' id='par_1_59' title="bbox 493 5190 2137 5276">
     <span class='ocr_line' id='line_1_59' title="bbox 493 5190 2137 5276; baseline 0.015 -38"><span class='ocrx_word' id='word_1_467' title='bbox 493 5204 583 5239; x_wconf 91' lang='grc' dir='ltr'>σου</span> <span class='ocrx_word' id='word_1_468' title='bbox 633 5190 901 5258; x_wconf 89' lang='grc' dir='ltr'>προχέεις,</span> <span class='ocrx_word' id='word_1_469' title='bbox 947 5191 1012 5245; x_wconf 86' lang='grc' dir='ltr'>ἂν</span> <span class='ocrx_word' id='word_1_470' title='bbox 1048 5194 1321 5266; x_wconf 75' lang='grc' dir='ltr'>ἐννοήσῃς,</span> <span class='ocrx_word' id='word_1_471' title='bbox 1343 5196 1431 5249; x_wconf 77' lang='grc' dir='ltr'>ὔτι</span> <span class='ocrx_word' id='word_1_472' title='bbox 1484 5198 1545 5250; x_wconf 86' lang='grc' dir='ltr'>τὸ</span> <span class='ocrx_word' id='word_1_473' title='bbox 1592 5201 1749 5269; x_wconf 85' lang='grc' dir='ltr'>μέλος</span> <span class='ocrx_word' id='word_1_474' title='bbox 1778 5202 1871 5255; x_wconf 90' lang='grc' dir='ltr'>τοῦ</span> <span class='ocrx_word' id='word_1_475' title='bbox 1902 5206 2137 5276; x_wconf 79' lang='grc' dir='ltr'>Χριστοῦ</span> 
     </span>
    </p>
   </div>
   <div class='ocr_carea' id='block_1_60' title="bbox 489 5273 2138 5353">
    <p class='ocr_par' dir='ltr' id='par_1_60' title="bbox 489 5273 2138 5353">
     <span class='ocr_line' id='line_1_60' title="bbox 489 5273 2138 5353; baseline 0.015 -30"><span class='ocrx_word' id='word_1_476' title='bbox 489 5273 807 5339; x_wconf 80' lang='grc' dir='ltr'>διαϐάλλεις,</span> <span class='ocrx_word' id='word_1_477' title='bbox 837 5277 917 5329; x_wconf 88' lang='grc' dir='ltr'>δτι</span> <span class='ocrx_word' id='word_1_478' title='bbox 950 5278 1047 5340; x_wconf 89' lang='grc' dir='ltr'>τάς</span> <span class='ocrx_word' id='word_1_479' title='bbox 1076 5279 1283 5349; x_wconf 86' lang='grc' dir='ltr'>σάρκας</span> <span class='ocrx_word' id='word_1_480' title='bbox 1334 5284 1637 5349; x_wconf 86' lang='grc' dir='ltr'>κατεσθίεις</span> <span class='ocrx_word' id='word_1_481' title='bbox 1668 5288 1765 5351; x_wconf 89' lang='grc' dir='ltr'>τάς</span> <span class='ocrx_word' id='word_1_482' title='bbox 1812 5290 1929 5353; x_wconf 87' lang='grc' dir='ltr'>σάς,</span> <span class='ocrx_word' id='word_1_483' title='bbox 1957 5273 2038 5346; x_wconf 74' lang='grc' dir='ltr'>δτι</span> <span class='ocrx_word' id='word_1_484' title='bbox 2079 5295 2138 5348; x_wconf 84' lang='lat'><em>16</em></span> 
     </span>
    </p>
   </div>
   <div class='ocr_carea' id='block_1_61' title="bbox 490 5359 2137 5445">
    <p class='ocr_par' dir='ltr' id='par_1_61' title="bbox 490 5359 2137 5445">
     <span class='ocr_line' id='line_1_61' title="bbox 490 5359 2137 5445; baseline 0.016 -36"><span class='ocrx_word' id='word_1_485' title='bbox 490 5359 827 5432; x_wconf 79' lang='grc' dir='ltr'>δικαστήριόν</span> <span class='ocrx_word' id='word_1_486' title='bbox 856 5379 936 5415; x_wconf 89' lang='grc' dir='ltr'>σοι</span> <span class='ocrx_word' id='word_1_487' title='bbox 970 5366 1286 5436; x_wconf 84' lang='grc' dir='ltr'>πικρότερον</span> <span class='ocrx_word' id='word_1_488' title='bbox 1320 5373 1489 5433; x_wconf 86' lang='grc' dir='ltr'>ποιεῖς</span> <span class='ocrx_word' id='word_1_489' title='bbox 1515 5372 1574 5424; x_wconf 90' lang='lat'><em>16</em></span> <span class='ocrx_word' id='word_1_490' title='bbox 1598 5374 1821 5445; x_wconf 84' lang='grc' dir='ltr'>φοϐερὸν</span> <span class='ocrx_word' id='word_1_491' title='bbox 1848 5380 2023 5433; x_wconf 83' lang='grc' dir='ltr'>ἐκεῖνο</span> <span class='ocrx_word' id='word_1_492' title='bbox 2046 5386 2137 5436; x_wconf 79' lang='grc' dir='ltr'>καὶ</span> 
     </span>
    </p>
   </div>
   <div class='ocr_carea' id='block_1_62' title="bbox 488 5442 2136 5522">
    <p class='ocr_par' dir='ltr' id='par_1_62' title="bbox 488 5442 2136 5522">
     <span class='ocr_line' id='line_1_62' title="bbox 488 5442 2136 5522; baseline 0.015 -29"><span class='ocrx_word' id='word_1_493' title='bbox 488 5442 800 5507; x_wconf 78' lang='grc' dir='ltr'>ἀδέκαστον,</span> <span class='ocrx_word' id='word_1_494' title='bbox 830 5446 993 5499; x_wconf 85' lang='grc' dir='ltr'>ὅτιτὸ</span> <span class='ocrx_word' id='word_1_495' title='bbox 1026 5446 1174 5516; x_wconf 81' lang='grc' dir='ltr'>βέλος</span> <span class='ocrx_word' id='word_1_496' title='bbox 1207 5451 1265 5500; x_wconf 87' lang='grc' dir='ltr'>ού</span> <span class='ocrx_word' id='word_1_497' title='bbox 1298 5451 1386 5502; x_wconf 81' lang='grc' dir='ltr'>τὸν</span> <span class='ocrx_word' id='word_1_498' title='bbox 1416 5452 1714 5522; x_wconf 84' lang='grc' dir='ltr'>πληγέντα,</span> <span class='ocrx_word' id='word_1_499' title='bbox 1734 5442 1889 5513; x_wconf 22' lang='grc' dir='ltr'>τάλλά</span> <span class='ocrx_word' id='word_1_500' title='bbox 1937 5463 1995 5515; x_wconf 87' lang='grc' dir='ltr'>σὲ</span> <span class='ocrx_word' id='word_1_501' title='bbox 2048 5467 2136 5519; x_wconf 69' lang='grc' dir='ltr'>τὸν</span> 
     </span>
    </p>
   </div>
   <div class='ocr_carea' id='block_1_63' title="bbox 489 5528 2135 5623">
    <p class='ocr_par' dir='ltr' id='par_1_63' title="bbox 489 5528 2135 5623">
     <span class='ocr_line' id='line_1_63' title="bbox 489 5528 2135 5623; baseline 0.015 -44"><span class='ocrx_word' id='word_1_502' title='bbox 489 5528 813 5592; x_wconf 79' lang='grc' dir='ltr'>τοξεύσαντα</span> <span class='ocrx_word' id='word_1_503' title='bbox 844 5532 1072 5603; x_wconf 86' lang='grc' dir='ltr'>ἀναιρεῖ.</span> <span class='ocrx_word' id='word_1_504' title='bbox 1114 5535 1249 5587; x_wconf 84' lang='grc' dir='ltr'>Ἀλλ’</span> <span class='ocrx_word' id='word_1_505' title='bbox 1276 5537 1501 5609; x_wconf 77' lang='grc' dir='ltr'>ἠδίκησέ</span> <span class='ocrx_word' id='word_1_506' title='bbox 1532 5558 1582 5593; x_wconf 90' lang='grc' dir='ltr'>τι</span> <span class='ocrx_word' id='word_1_507' title='bbox 1616 5544 1710 5597; x_wconf 77' lang='grc' dir='ltr'>καὶ</span> <span class='ocrx_word' id='word_1_508' title='bbox 1746 5549 1927 5612; x_wconf 86' lang='grc' dir='ltr'>κακῶς</span> <span class='ocrx_word' id='word_1_509' title='bbox 1951 5553 2135 5623; x_wconf 78' lang='grc' dir='ltr'>ἐποίη-</span> 
     </span>
    </p>
   </div>
   <div class='ocr_carea' id='block_1_64' title="bbox 491 5616 2133 5711">
    <p class='ocr_par' dir='ltr' id='par_1_64' title="bbox 491 5616 2133 5711">
     <span class='ocr_line' id='line_1_64' title="bbox 491 5616 2133 5711; baseline 0.016 -45"><span class='ocrx_word' id='word_1_510' title='bbox 491 5632 583 5679; x_wconf 90' lang='grc' dir='ltr'>σε;</span> <span class='ocrx_word' id='word_1_511' title='bbox 618 5616 892 5683; x_wconf 82' lang='grc' dir='ltr'>Στέναξον,</span> <span class='ocrx_word' id='word_1_512' title='bbox 923 5620 996 5689; x_wconf 82' lang='grc' dir='ltr'>μὴ</span> <span class='ocrx_word' id='word_1_513' title='bbox 1037 5622 1219 5685; x_wconf 90' lang='grc' dir='ltr'>κακῶς</span> <span class='ocrx_word' id='word_1_514' title='bbox 1258 5626 1445 5695; x_wconf 85' lang='grc' dir='ltr'>εἴπῃς·</span> <span class='ocrx_word' id='word_1_515' title='bbox 1482 5627 1771 5699; x_wconf 89' lang='grc' dir='ltr'>δάκρυσον,</span> <span class='ocrx_word' id='word_1_516' title='bbox 1805 5635 1877 5704; x_wconf 86' lang='grc' dir='ltr'>μὴ</span> <span class='ocrx_word' id='word_1_517' title='bbox 1922 5638 2009 5691; x_wconf 81' lang='grc' dir='ltr'>διά</span> <span class='ocrx_word' id='word_1_518' title='bbox 2034 5616 2133 5711; x_wconf 61' lang='grc' dir='ltr'>τήν</span> 
     </span>
    </p>
   </div>
   <div class='ocr_carea' id='block_1_65' title="bbox 494 5702 2134 5792">
    <p class='ocr_par' dir='ltr' id='par_1_65' title="bbox 494 5702 2134 5792">
     <span class='ocr_line' id='line_1_65' title="bbox 494 5702 2134 5792; baseline 0.02 -42"><span class='ocrx_word' id='word_1_519' title='bbox 494 5702 587 5769; x_wconf 70' lang='grc' dir='ltr'>σὴν</span> <span class='ocrx_word' id='word_1_520' title='bbox 623 5705 852 5769; x_wconf 80' lang='grc' dir='ltr'>ἀδικίαν,</span> <span class='ocrx_word' id='word_1_521' title='bbox 879 5706 1013 5760; x_wconf 78' lang='grc' dir='ltr'>ἀλλὰ</span> <span class='ocrx_word' id='word_1_522' title='bbox 1040 5708 1127 5761; x_wconf 83' lang='grc' dir='ltr'>διά</span> <span class='ocrx_word' id='word_1_523' title='bbox 1156 5710 1251 5781; x_wconf 77' lang='grc' dir='ltr'>τήν</span> <span class='ocrx_word' id='word_1_524' title='bbox 1279 5712 1550 5767; x_wconf 88' lang='grc' dir='ltr'>ἀπώλειαν</span> <span class='ocrx_word' id='word_1_525' title='bbox 1574 5716 1671 5787; x_wconf 84' lang='grc' dir='ltr'>τὴν</span> <span class='ocrx_word' id='word_1_526' title='bbox 1694 5702 1925 5787; x_wconf 80' lang='grc' dir='ltr'>ἐκείνου,</span> <span class='ocrx_word' id='word_1_527' title='bbox 1953 5702 2134 5792; x_wconf 68' lang='grc' dir='ltr'>καθώς</span> 
     </span>
    </p>
   </div>
   <div class='ocr_carea' id='block_1_66' title="bbox 493 5788 2131 5889">
    <p class='ocr_par' dir='ltr' id='par_1_66' title="bbox 493 5788 2131 5889">
     <span class='ocr_line' id='line_1_66' title="bbox 493 5788 2131 5889; baseline 0.02 -50"><span class='ocrx_word' id='word_1_528' title='bbox 493 5788 579 5839; x_wconf 68' lang='grc' dir='ltr'>καὶ</span> <span class='ocrx_word' id='word_1_529' title='bbox 611 5789 636 5841; x_wconf 80' lang='grc' dir='ltr'>ὁ</span> <span class='ocrx_word' id='word_1_530' title='bbox 674 5790 760 5853; x_wconf 76' lang='grc' dir='ltr'>σδς</span> <span class='ocrx_word' id='word_1_531' title='bbox 790 5794 1057 5865; x_wconf 76' lang='grc' dir='ltr'>Δεσπότης</span> <span class='ocrx_word' id='word_1_532' title='bbox 1089 5797 1175 5849; x_wconf 81' lang='grc' dir='ltr'>τὸν</span> <span class='ocrx_word' id='word_1_533' title='bbox 1224 5798 1417 5854; x_wconf 81' lang='grc' dir='ltr'>Ἰούδαν</span> <span class='ocrx_word' id='word_1_534' title='bbox 1463 5801 1774 5876; x_wconf 76' lang='grc' dir='ltr'>ἐδάκρυσεν,</span> <span class='ocrx_word' id='word_1_535' title='bbox 1809 5810 1905 5863; x_wconf 84' lang='grc' dir='ltr'>ούκ</span> <span class='ocrx_word' id='word_1_536' title='bbox 1944 5815 2131 5889; x_wconf 75' lang='grc' dir='ltr'>ἐπειδὴ</span> 
     </span>
    </p>
   </div>
   <div class='ocr_carea' id='block_1_67' title="bbox 2275 525 3903 598">
    <p class='ocr_par' dir='ltr' id='par_1_67' title="bbox 2275 525 3903 598">
     <span class='ocr_line' id='line_1_67' title="bbox 2275 525 3903 598; baseline 0 -19"><span class='ocrx_word' id='word_1_537' title='bbox 2275 525 2502 596; x_wconf 73' lang='grc' dir='ltr'>’Υϐρισέ</span> <span class='ocrx_word' id='word_1_538' title='bbox 2560 544 2619 580; x_wconf 86' lang='grc' dir='ltr'>σε</span> <span class='ocrx_word' id='word_1_539' title='bbox 2666 529 2760 581; x_wconf 78' lang='grc' dir='ltr'>καὶ</span> <span class='ocrx_word' id='word_1_540' title='bbox 2814 528 3147 597; x_wconf 80' lang='grc' dir='ltr'>ἐλοιδόρησες</span> <span class='ocrx_word' id='word_1_541' title='bbox 3204 527 3588 598; x_wconf 87' lang='grc' dir='ltr'>Παρακάλεσον</span> <span class='ocrx_word' id='word_1_542' title='bbox 3631 527 3720 579; x_wconf 83' lang='lat' dir='ltr'><em>16v</em></span> <span class='ocrx_word' id='word_1_543' title='bbox 3771 526 3903 579; x_wconf 67' lang='grc' dir='ltr'>Θεὸν</span> 
     </span>
    </p>
   </div>
   <div class='ocr_carea' id='block_1_68' title="bbox 2271 612 3925 687">
    <p class='ocr_par' dir='ltr' id='par_1_68' title="bbox 2271 612 3925 687">
     <span class='ocr_line' id='line_1_68' title="bbox 2271 612 3925 687; baseline 0.001 -22"><span class='ocrx_word' id='word_1_544' title='bbox 2271 612 2409 666; x_wconf 81' lang='grc' dir='ltr'>ὥστε</span> <span class='ocrx_word' id='word_1_545' title='bbox 2451 614 2607 667; x_wconf 76' lang='grc' dir='ltr'>ἵλεων</span> <span class='ocrx_word' id='word_1_546' title='bbox 2638 617 2787 687; x_wconf 86' lang='grc' dir='ltr'>αὐτῷ</span> <span class='ocrx_word' id='word_1_547' title='bbox 2835 618 3083 685; x_wconf 87' lang='grc' dir='ltr'>γενέσθαι</span> <span class='ocrx_word' id='word_1_548' title='bbox 3112 616 3338 686; x_wconf 85' lang='grc' dir='ltr'>ταχέως.</span> <span class='ocrx_word' id='word_1_549' title='bbox 3377 614 3625 683; x_wconf 79' lang='grc' dir='ltr'>Ἀδελφός</span> <span class='ocrx_word' id='word_1_550' title='bbox 3662 615 3779 667; x_wconf 88' lang='grc' dir='ltr'>ἐστι</span> <span class='ocrx_word' id='word_1_551' title='bbox 3810 613 3925 680; x_wconf 65' lang='grc' dir='ltr'>σὸς,</span> 
     </span>
    </p>
   </div>
   <div class='ocr_carea' id='block_1_69' title="bbox 2269 700 3930 774">
    <p class='ocr_par' dir='ltr' id='par_1_69' title="bbox 2269 700 3930 774">
     <span class='ocr_line' id='line_1_69' title="bbox 2269 700 3930 774; baseline 0.001 -22"><span class='ocrx_word' id='word_1_552' title='bbox 2269 700 2365 763; x_wconf 85' lang='grc' dir='ltr'>τὰς</span> <span class='ocrx_word' id='word_1_553' title='bbox 2421 701 2590 765; x_wconf 79' lang='grc' dir='ltr'>αὑτάς</span> <span class='ocrx_word' id='word_1_554' title='bbox 2633 719 2713 756; x_wconf 90' lang='grc' dir='ltr'>σοι</span> <span class='ocrx_word' id='word_1_555' title='bbox 2765 704 2950 757; x_wconf 74' lang='grc' dir='ltr'>ἔλυσεν</span> <span class='ocrx_word' id='word_1_556' title='bbox 2973 704 3186 768; x_wconf 84' lang='grc' dir='ltr'>ὠδῖνας·</span> <span class='ocrx_word' id='word_1_557' title='bbox 3216 704 3374 774; x_wconf 81' lang='grc' dir='ltr'>μέλος</span> <span class='ocrx_word' id='word_1_558' title='bbox 3399 702 3515 755; x_wconf 80' lang='grc' dir='ltr'>ἐστὶ</span> <span class='ocrx_word' id='word_1_559' title='bbox 3555 702 3669 766; x_wconf 78' lang='grc' dir='ltr'>σὺν,</span> <span class='ocrx_word' id='word_1_560' title='bbox 3705 702 3800 754; x_wconf 64' lang='grc' dir='ltr'>ἐτιθι</span> <span class='ocrx_word' id='word_1_561' title='bbox 3827 702 3930 772; x_wconf 80' lang='grc' dir='ltr'>τὴν</span> 
     </span>
    </p>
   </div>
   <div class='ocr_carea' id='block_1_70' title="bbox 2269 786 3925 861">
    <p class='ocr_par' dir='ltr' id='par_1_70' title="bbox 2269 786 3925 861">
     <span class='ocr_line' id='line_1_70' title="bbox 2269 786 3925 861; baseline 0 -19"><span class='ocrx_word' id='word_1_562' title='bbox 2269 786 2437 859; x_wconf 81' lang='grc' dir='ltr'>αὐτὴν</span> <span class='ocrx_word' id='word_1_563' title='bbox 2511 789 2712 860; x_wconf 80' lang='grc' dir='ltr'>ἐκλήθη</span> <span class='ocrx_word' id='word_1_564' title='bbox 2783 792 3078 861; x_wconf 87' lang='grc' dir='ltr'>τράπεζαν.</span> <span class='ocrx_word' id='word_1_565' title='bbox 3159 791 3319 844; x_wconf 85' lang='grc' dir='ltr'>Ἀλλά</span> <span class='ocrx_word' id='word_1_566' title='bbox 3377 791 3533 843; x_wconf 89' lang='grc' dir='ltr'>πλέον</span> <span class='ocrx_word' id='word_1_567' title='bbox 3596 788 3925 859; x_wconf 79' lang='grc' dir='ltr'>ἐπεμϐαίνει</span> 
     </span>
    </p>
   </div>
   <div class='ocr_carea' id='block_1_71' title="bbox 2270 875 3925 947">
    <p class='ocr_par' dir='ltr' id='par_1_71' title="bbox 2270 875 3925 947">
     <span class='ocr_line' id='line_1_71' title="bbox 2270 875 3925 947; baseline 0 -20"><span class='ocrx_word' id='word_1_568' title='bbox 2270 891 2383 944; x_wconf 88' lang='grc' dir='ltr'>μοι,</span> <span class='ocrx_word' id='word_1_569' title='bbox 2443 875 2625 947; x_wconf 89' lang='grc' dir='ltr'>φησίν.</span> <span class='ocrx_word' id='word_1_570' title='bbox 2691 876 2896 931; x_wconf 79' lang='grc' dir='ltr'>οὐκοῦν</span> <span class='ocrx_word' id='word_1_571' title='bbox 2952 878 3150 947; x_wconf 82' lang='grc' dir='ltr'>μείζων</span> <span class='ocrx_word' id='word_1_572' title='bbox 3212 879 3304 930; x_wconf 73' lang='grc' dir='ltr'>καὶ</span> <span class='ocrx_word' id='word_1_573' title='bbox 3367 876 3563 930; x_wconf 87' lang='grc' dir='ltr'>πλείων</span> <span class='ocrx_word' id='word_1_574' title='bbox 3620 877 3650 927; x_wconf 90' lang='lat'>6</span> <span class='ocrx_word' id='word_1_575' title='bbox 3710 876 3925 944; x_wconf 85' lang='grc' dir='ltr'>μισθός.</span> 
     </span>
    </p>
   </div>
   <div class='ocr_carea' id='block_1_72' title="bbox 2268 960 3924 1035">
    <p class='ocr_par' dir='ltr' id='par_1_72' title="bbox 2268 960 3924 1035">
     <span class='ocr_line' id='line_1_72' title="bbox 2268 960 3924 1035; baseline 0.002 -22"><span class='ocrx_word' id='word_1_576' title='bbox 2268 960 2450 1033; x_wconf 82' lang='grc' dir='ltr'>Ταύτῃ</span> <span class='ocrx_word' id='word_1_577' title='bbox 2487 964 2719 1031; x_wconf 82' lang='grc' dir='ltr'>μάλιστα</span> <span class='ocrx_word' id='word_1_578' title='bbox 2755 964 2848 1017; x_wconf 81' lang='lat' dir='ltr'>16v</span> <span class='ocrx_word' id='word_1_579' title='bbox 2885 964 3053 1034; x_wconf 74' lang='grc' dir='ltr'>θυμὸν</span> <span class='ocrx_word' id='word_1_580' title='bbox 3080 966 3297 1033; x_wconf 88' lang='grc' dir='ltr'>ἀφεῖναι</span> <span class='ocrx_word' id='word_1_581' title='bbox 3330 966 3555 1029; x_wconf 83' lang='grc' dir='ltr'>δίκαιον,</span> <span class='ocrx_word' id='word_1_582' title='bbox 3585 964 3775 1035; x_wconf 81' lang='grc' dir='ltr'>ἐπειδὴ</span> <span class='ocrx_word' id='word_1_583' title='bbox 3806 982 3924 1018; x_wconf 84' lang='grc' dir='ltr'>και-</span> 
     </span>
    </p>
   </div>
   <div class='ocr_carea' id='block_1_73' title="bbox 2270 1047 3926 1123">
    <p class='ocr_par' dir='ltr' id='par_1_73' title="bbox 2270 1047 3926 1123">
     <span class='ocr_line' id='line_1_73' title="bbox 2270 1047 3926 1123; baseline 0.004 -24"><span class='ocrx_word' id='word_1_584' title='bbox 2270 1047 2388 1117; x_wconf 86' lang='grc' dir='ltr'>ρίαν</span> <span class='ocrx_word' id='word_1_585' title='bbox 2415 1050 2627 1113; x_wconf 73' lang='grc' dir='ltr'>ἐδέξατο</span> <span class='ocrx_word' id='word_1_586' title='bbox 2652 1050 2748 1120; x_wconf 77' lang='grc' dir='ltr'>τὴν</span> <span class='ocrx_word' id='word_1_587' title='bbox 2786 1050 3018 1122; x_wconf 79' lang='grc' dir='ltr'>πληγὴν,</span> <span class='ocrx_word' id='word_1_588' title='bbox 3059 1052 3244 1123; x_wconf 82' lang='grc' dir='ltr'>ἐπειδὴ</span> <span class='ocrx_word' id='word_1_589' title='bbox 3286 1051 3523 1123; x_wconf 79' lang='grc' dir='ltr'>ἔτρωσεν</span> <span class='ocrx_word' id='word_1_590' title='bbox 3552 1052 3713 1106; x_wconf 79' lang='grc' dir='ltr'>αὐτὸν</span> <span class='ocrx_word' id='word_1_591' title='bbox 3752 1053 3784 1105; x_wconf 90' lang='lat'>6</span> <span class='ocrx_word' id='word_1_592' title='bbox 3818 1052 3926 1105; x_wconf 83' lang='grc' dir='ltr'>διά-</span> 
     </span>
    </p>
   </div>
   <div class='ocr_carea' id='block_1_74' title="bbox 2266 1134 2442 1200">
    <p class='ocr_par' dir='ltr' id='par_1_74' title="bbox 2266 1134 2442 1200">
     <span class='ocr_line' id='line_1_74' title="bbox 2266 1134 2442 1200; baseline 0.017 -13"><span class='ocrx_word' id='word_1_593' title='bbox 2266 1134 2442 1200; x_wconf 88' lang='grc' dir='ltr'>ϐολος.</span> 
     </span>
    </p>
   </div>
   <div class='ocr_carea' id='block_1_75' title="bbox 2339 1290 3922 1375">
    <p class='ocr_par' dir='ltr' id='par_1_75' title="bbox 2339 1290 3922 1375">
     <span class='ocr_line' id='line_1_75' title="bbox 2339 1290 3922 1375; baseline -0.001 -23"><span class='ocrx_word' id='word_1_594' title='bbox 2339 1290 2488 1365; x_wconf 78' lang='grc'>[510]</span> <span class='ocrx_word' id='word_1_595' title='bbox 2510 1292 2573 1347; x_wconf 85' lang='grc' dir='ltr'>θ’.</span> <span class='ocrx_word' id='word_1_596' title='bbox 2591 1295 2681 1366; x_wconf 81' lang='grc' dir='ltr'>Μή</span> <span class='ocrx_word' id='word_1_597' title='bbox 2702 1296 2880 1351; x_wconf 90' lang='grc' dir='ltr'>τοίνυν</span> <span class='ocrx_word' id='word_1_598' title='bbox 2897 1297 3197 1370; x_wconf 78' lang='grc' dir='ltr'>ἐπιπλήξῃς</span> <span class='ocrx_word' id='word_1_599' title='bbox 3217 1300 3309 1353; x_wconf 82' lang='grc' dir='ltr'>καὶ</span> <span class='ocrx_word' id='word_1_600' title='bbox 3339 1300 3425 1363; x_wconf 72' lang='grc' dir='ltr'>σὺ,</span> <span class='ocrx_word' id='word_1_601' title='bbox 3446 1300 3579 1371; x_wconf 83' lang='grc' dir='ltr'>μηδὲ</span> <span class='ocrx_word' id='word_1_602' title='bbox 3606 1301 3922 1375; x_wconf 74' lang='grc' dir='ltr'>καταϐάλῃς</span> 
     </span>
    </p>
   </div>
   <div class='ocr_carea' id='block_1_76' title="bbox 2264 1381 3923 1457">
    <p class='ocr_par' dir='ltr' id='par_1_76' title="bbox 2264 1381 3923 1457">
     <span class='ocr_line' id='line_1_76' title="bbox 2264 1381 3923 1457; baseline 0.007 -26"><span class='ocrx_word' id='word_1_603' title='bbox 2264 1395 2460 1433; x_wconf 89' lang='grc' dir='ltr'>σαυτον</span> <span class='ocrx_word' id='word_1_604' title='bbox 2490 1383 2606 1450; x_wconf 89' lang='grc' dir='ltr'>μετ’</span> <span class='ocrx_word' id='word_1_605' title='bbox 2635 1381 2842 1436; x_wconf 88' lang='grc' dir='ltr'>ἐκείνου</span> <span class='ocrx_word' id='word_1_606' title='bbox 2861 1399 2874 1413; x_wconf 87' lang='grc'>·</span> <span class='ocrx_word' id='word_1_607' title='bbox 2910 1383 3012 1448; x_wconf 76' lang='grc' dir='ltr'>ἕως</span> <span class='ocrx_word' id='word_1_608' title='bbox 3042 1385 3140 1454; x_wconf 79' lang='grc' dir='ltr'>μὲν</span> <span class='ocrx_word' id='word_1_609' title='bbox 3175 1385 3281 1456; x_wconf 87' lang='grc' dir='ltr'>γὰρ</span> <span class='ocrx_word' id='word_1_610' title='bbox 3312 1385 3377 1441; x_wconf 82' lang='grc' dir='ltr'>ἂν</span> <span class='ocrx_word' id='word_1_611' title='bbox 3402 1386 3660 1457; x_wconf 75' lang='grc' dir='ltr'>ἕστηκας,</span> <span class='ocrx_word' id='word_1_612' title='bbox 3692 1388 3923 1442; x_wconf 84' lang='grc' dir='ltr'>δύνασαι</span> 
     </span>
    </p>
   </div>
   <div class='ocr_carea' id='block_1_77' title="bbox 2262 1467 3923 1547">
    <p class='ocr_par' dir='ltr' id='par_1_77' title="bbox 2262 1467 3923 1547">
     <span class='ocr_line' id='line_1_77' title="bbox 2262 1467 3923 1547; baseline 0.007 -28"><span class='ocrx_word' id='word_1_613' title='bbox 2262 1467 2510 1525; x_wconf 82' lang='grc' dir='ltr'>κάκεῖνον</span> <span class='ocrx_word' id='word_1_614' title='bbox 2539 1467 2835 1523; x_wconf 86' lang='grc' dir='ltr'>διασῶσαι·</span> <span class='ocrx_word' id='word_1_615' title='bbox 2886 1469 2952 1523; x_wconf 82' lang='grc' dir='ltr'>ἂν</span> <span class='ocrx_word' id='word_1_616' title='bbox 3000 1470 3057 1523; x_wconf 89' lang='grc' dir='ltr'>δέ</span> <span class='ocrx_word' id='word_1_617' title='bbox 3101 1474 3295 1526; x_wconf 77' lang='grc' dir='ltr'>σαυτὸν</span> <span class='ocrx_word' id='word_1_618' title='bbox 3333 1474 3683 1547; x_wconf 79' lang='grc' dir='ltr'>καταρρήξῃς</span> <span class='ocrx_word' id='word_1_619' title='bbox 3713 1475 3804 1529; x_wconf 89' lang='grc' dir='ltr'>διά</span> <span class='ocrx_word' id='word_1_620' title='bbox 3828 1477 3923 1529; x_wconf 85' lang='grc' dir='ltr'>τοῦ</span> 
     </span>
    </p>
   </div>
   <div class='ocr_carea' id='block_1_78' title="bbox 2261 1554 3923 1634">
    <p class='ocr_par' dir='ltr' id='par_1_78' title="bbox 2261 1554 3923 1634">
     <span class='ocr_line' id='line_1_78' title="bbox 2261 1554 3923 1634; baseline 0.005 -26"><span class='ocrx_word' id='word_1_621' title='bbox 2261 1554 2598 1626; x_wconf 78' lang='grc' dir='ltr'>ἀνθυϐρίσαι,</span> <span class='ocrx_word' id='word_1_622' title='bbox 2628 1556 2711 1619; x_wconf 89' lang='grc' dir='ltr'>τίς</span> <span class='ocrx_word' id='word_1_623' title='bbox 2739 1558 2882 1627; x_wconf 83' lang='grc' dir='ltr'>ὑμᾶς</span> <span class='ocrx_word' id='word_1_624' title='bbox 2913 1560 3209 1630; x_wconf 81' lang='grc' dir='ltr'>ἀναστήσει</span> <span class='ocrx_word' id='word_1_625' title='bbox 3238 1560 3458 1627; x_wconf 52' lang='lat' dir='ltr'>Ion-.1”;</span> <span class='ocrx_word' id='word_1_626' title='bbox 3488 1564 3692 1625; x_wconf 69' lang='grc' dir='ltr'>ἐκεῖνος</span> <span class='ocrx_word' id='word_1_627' title='bbox 3719 1564 3748 1615; x_wconf 91' lang='lat'>6</span> <span class='ocrx_word' id='word_1_628' title='bbox 3784 1580 3923 1634; x_wconf 70' lang='lat' dir='ltr'><strong>19w-</strong></span> 
     </span>
    </p>
   </div>
   <div class='ocr_carea' id='block_1_79' title="bbox 2261 1641 3923 1718">
    <p class='ocr_par' dir='ltr' id='par_1_79' title="bbox 2261 1641 3923 1718">
     <span class='ocr_line' id='line_1_79' title="bbox 2261 1641 3923 1718; baseline 0.008 -25"><span class='ocrx_word' id='word_1_629' title='bbox 2261 1641 2411 1706; x_wconf 85' lang='grc' dir='ltr'>θείς;</span> <span class='ocrx_word' id='word_1_630' title='bbox 2457 1642 2597 1695; x_wconf 79' lang='grc' dir='ltr'>Ἀλλ’</span> <span class='ocrx_word' id='word_1_631' title='bbox 2629 1644 2689 1695; x_wconf 88' lang='grc' dir='ltr'>ού</span> <span class='ocrx_word' id='word_1_632' title='bbox 2739 1644 3025 1714; x_wconf 85' lang='grc' dir='ltr'>δυνήσεται</span> <span class='ocrx_word' id='word_1_633' title='bbox 3071 1647 3515 1718; x_wconf 75' lang='grc' dir='ltr'>κείμενος.’Δλλά</span> <span class='ocrx_word' id='word_1_634' title='bbox 3563 1651 3625 1703; x_wconf 79' lang='grc' dir='ltr'>σὺ</span> <span class='ocrx_word' id='word_1_635' title='bbox 3659 1653 3688 1704; x_wconf 84' lang='lat'>6</span> <span class='ocrx_word' id='word_1_636' title='bbox 3737 1655 3923 1712; x_wconf 83' lang='grc' dir='ltr'>πεσὼν</span> 
     </span>
    </p>
   </div>
   <div class='ocr_carea' id='block_1_80' title="bbox 2262 1730 3923 1814">
    <p class='ocr_par' dir='ltr' id='par_1_80' title="bbox 2262 1730 3923 1814">
     <span class='ocr_line' id='line_1_80' title="bbox 2262 1730 3923 1814; baseline 0.011 -34"><span class='ocrx_word' id='word_1_637' title='bbox 2262 1730 2379 1799; x_wconf 86' lang='grc' dir='ltr'>μετ’</span> <span class='ocrx_word' id='word_1_638' title='bbox 2410 1730 2647 1796; x_wconf 87' lang='grc' dir='ltr'>ἐκείνου;</span> <span class='ocrx_word' id='word_1_639' title='bbox 2683 1731 2791 1785; x_wconf 75' lang='grc' dir='ltr'>Καὶ</span> <span class='ocrx_word' id='word_1_640' title='bbox 2819 1733 2955 1796; x_wconf 88' lang='grc' dir='ltr'>πῶς,</span> <span class='ocrx_word' id='word_1_641' title='bbox 2979 1735 3077 1788; x_wconf 82' lang='grc' dir='ltr'>ούκ</span> <span class='ocrx_word' id='word_1_642' title='bbox 3109 1736 3345 1805; x_wconf 85' lang='grc' dir='ltr'>ἀρκέσας</span> <span class='ocrx_word' id='word_1_643' title='bbox 3373 1740 3580 1811; x_wconf 83' lang='grc' dir='ltr'>σεαυτῷ</span> <span class='ocrx_word' id='word_1_644' title='bbox 3607 1746 3767 1814; x_wconf 89' lang='grc' dir='ltr'>χεῖρα</span> <span class='ocrx_word' id='word_1_645' title='bbox 3798 1745 3923 1800; x_wconf 86' lang='grc' dir='ltr'>δοῦ-</span> 
     </span>
    </p>
   </div>
   <div class='ocr_carea' id='block_1_81' title="bbox 2258 1818 3923 1910">
    <p class='ocr_par' dir='ltr' id='par_1_81' title="bbox 2258 1818 3923 1910">
     <span class='ocr_line' id='line_1_81' title="bbox 2258 1818 3923 1910; baseline 0.013 -39"><span class='ocrx_word' id='word_1_646' title='bbox 2258 1835 2366 1885; x_wconf 91' lang='grc' dir='ltr'>ναι,</span> <span class='ocrx_word' id='word_1_647' title='bbox 2410 1818 2645 1890; x_wconf 72' lang='grc' dir='ltr'>ἰσχύσεις</span> <span class='ocrx_word' id='word_1_648' title='bbox 2693 1824 2895 1894; x_wconf 86' lang='grc' dir='ltr'>ἐτέρῳ;</span> <span class='ocrx_word' id='word_1_649' title='bbox 2928 1826 3092 1896; x_wconf 91' lang='grc' dir='ltr'>Στῆθι</span> <span class='ocrx_word' id='word_1_650' title='bbox 3140 1830 3319 1887; x_wconf 85' lang='grc' dir='ltr'>τοίνυν</span> <span class='ocrx_word' id='word_1_651' title='bbox 3370 1834 3646 1901; x_wconf 85' lang='grc' dir='ltr'>γενναίως,</span> <span class='ocrx_word' id='word_1_652' title='bbox 3682 1838 3779 1889; x_wconf 81' lang='grc' dir='ltr'>καὶ</span> <span class='ocrx_word' id='word_1_653' title='bbox 3821 1840 3923 1910; x_wconf 75' lang='grc' dir='ltr'>τὴν</span> 
     </span>
    </p>
   </div>
   <div class='ocr_carea' id='block_1_82' title="bbox 2255 1906 3921 1986">
    <p class='ocr_par' dir='ltr' id='par_1_82' title="bbox 2255 1906 3921 1986">
     <span class='ocr_line' id='line_1_82' title="bbox 2255 1906 3921 1986; baseline 0.011 -26"><span class='ocrx_word' id='word_1_654' title='bbox 2255 1906 2456 1960; x_wconf 80' lang='grc' dir='ltr'>ἀσπίδα</span> <span class='ocrx_word' id='word_1_655' title='bbox 2492 1908 2943 1979; x_wconf 87' lang='grc' dir='ltr'>προϐαλλόμενος.</span> <span class='ocrx_word' id='word_1_656' title='bbox 2990 1914 3083 1966; x_wconf 74' lang='grc' dir='ltr'>καὶ</span> <span class='ocrx_word' id='word_1_657' title='bbox 3134 1916 3324 1986; x_wconf 80' lang='grc' dir='ltr'>νεκρὸν</span> <span class='ocrx_word' id='word_1_658' title='bbox 3359 1918 3485 1971; x_wconf 77' lang='grc' dir='ltr'>ὅντα</span> <span class='ocrx_word' id='word_1_659' title='bbox 3537 1920 3761 1976; x_wconf 75' lang='grc' dir='ltr'>ἕλκυσον</span> <span class='ocrx_word' id='word_1_660' title='bbox 3812 1906 3921 1980; x_wconf 74' lang='grc' dir='ltr'>ἀπὸ</span> 
     </span>
    </p>
   </div>
   <div class='ocr_carea' id='block_1_83' title="bbox 2254 1993 3921 2084">
    <p class='ocr_par' dir='ltr' id='par_1_83' title="bbox 2254 1993 3921 2084">
     <span class='ocr_line' id='line_1_83' title="bbox 2254 1993 3921 2084; baseline 0.009 -38"><span class='ocrx_word' id='word_1_661' title='bbox 2254 1993 2354 2064; x_wconf 89' lang='grc' dir='ltr'>τῆς</span> <span class='ocrx_word' id='word_1_662' title='bbox 2383 1996 2558 2065; x_wconf 86' lang='grc' dir='ltr'>μάχης</span> <span class='ocrx_word' id='word_1_663' title='bbox 2581 1998 2669 2050; x_wconf 80' lang='lat' dir='ltr'>16v</span> <span class='ocrx_word' id='word_1_664' title='bbox 2697 1998 2788 2052; x_wconf 83' lang='grc' dir='ltr'>σὺν</span> <span class='ocrx_word' id='word_1_665' title='bbox 2816 2000 3041 2068; x_wconf 84' lang='grc' dir='ltr'>ἀδελφὺν</span> <span class='ocrx_word' id='word_1_666' title='bbox 3068 2002 3155 2056; x_wconf 77' lang='grc' dir='ltr'>διὰ</span> <span class='ocrx_word' id='word_1_667' title='bbox 3176 2005 3273 2074; x_wconf 90' lang='grc' dir='ltr'>τῆς</span> <span class='ocrx_word' id='word_1_668' title='bbox 3296 2006 3921 2084; x_wconf 76' lang='grc' dir='ltr'>μακροθυμίας.Ἔτρω-</span> 
     </span>
    </p>
   </div>
   <div class='ocr_carea' id='block_1_84' title="bbox 2258 2084 3922 2164">
    <p class='ocr_par' dir='ltr' id='par_1_84' title="bbox 2258 2084 3922 2164">
     <span class='ocr_line' id='line_1_84' title="bbox 2258 2084 3922 2164; baseline 0.013 -31"><span class='ocrx_word' id='word_1_669' title='bbox 2258 2098 2349 2136; x_wconf 87' lang='grc' dir='ltr'>σεν</span> <span class='ocrx_word' id='word_1_670' title='bbox 2392 2084 2551 2135; x_wconf 73' lang='grc' dir='ltr'>αὑτὸν</span> <span class='ocrx_word' id='word_1_671' title='bbox 2599 2086 2627 2136; x_wconf 88' lang='lat'>6</span> <span class='ocrx_word' id='word_1_672' title='bbox 2677 2084 2880 2157; x_wconf 85' lang='grc' dir='ltr'>θυμός;</span> <span class='ocrx_word' id='word_1_673' title='bbox 2933 2088 3021 2158; x_wconf 77' lang='grc' dir='ltr'>Μὴ</span> <span class='ocrx_word' id='word_1_674' title='bbox 3056 2088 3271 2164; x_wconf 84' lang='grc' dir='ltr'>τρώσῃς</span> <span class='ocrx_word' id='word_1_675' title='bbox 3309 2093 3401 2145; x_wconf 78' lang='grc' dir='ltr'>καὶ</span> <span class='ocrx_word' id='word_1_676' title='bbox 3451 2094 3535 2156; x_wconf 81' lang='grc' dir='ltr'>σὺ,</span> <span class='ocrx_word' id='word_1_677' title='bbox 3563 2095 3701 2150; x_wconf 87' lang='grc' dir='ltr'>ἀλλά</span> <span class='ocrx_word' id='word_1_678' title='bbox 3736 2101 3831 2152; x_wconf 71' lang='grc' dir='ltr'>καὶ</span> <span class='ocrx_word' id='word_1_679' title='bbox 3858 2102 3922 2154; x_wconf 88' lang='lat'><em>16</em></span> 
     </span>
    </p>
   </div>
   <div class='ocr_carea' id='block_1_85' title="bbox 2258 2170 3921 2257">
    <p class='ocr_par' dir='ltr' id='par_1_85' title="bbox 2258 2170 3921 2257">
     <span class='ocr_line' id='line_1_85' title="bbox 2258 2170 3921 2257; baseline 0.014 -38"><span class='ocrx_word' id='word_1_680' title='bbox 2258 2170 2516 2241; x_wconf 87' lang='grc' dir='ltr'>πρότερον</span> <span class='ocrx_word' id='word_1_681' title='bbox 2549 2171 2741 2226; x_wconf 78' lang='grc' dir='ltr'>ἔκϐαλε</span> <span class='ocrx_word' id='word_1_682' title='bbox 2767 2174 3043 2242; x_wconf 78' lang='grc' dir='ltr'>βέλος.“Αν</span> <span class='ocrx_word' id='word_1_683' title='bbox 3089 2178 3193 2249; x_wconf 85' lang='grc' dir='ltr'>γάρ</span> <span class='ocrx_word' id='word_1_684' title='bbox 3230 2179 3401 2245; x_wconf 82' lang='grc' dir='ltr'>οὕτως</span> <span class='ocrx_word' id='word_1_685' title='bbox 3442 2183 3689 2253; x_wconf 87' lang='grc' dir='ltr'>ἀλλήλοις</span> <span class='ocrx_word' id='word_1_686' title='bbox 3719 2189 3921 2257; x_wconf 76' lang='grc' dir='ltr'>ὁμιλῶ-</span> 
     </span>
    </p>
   </div>
   <div class='ocr_carea' id='block_1_86' title="bbox 2258 2258 3919 2345">
    <p class='ocr_par' dir='ltr' id='par_1_86' title="bbox 2258 2258 3919 2345">
     <span class='ocr_line' id='line_1_86' title="bbox 2258 2258 3919 2345; baseline 0.014 -39"><span class='ocrx_word' id='word_1_687' title='bbox 2258 2272 2378 2324; x_wconf 90' lang='grc' dir='ltr'>μεν,</span> <span class='ocrx_word' id='word_1_688' title='bbox 2406 2258 2613 2327; x_wconf 88' lang='grc' dir='ltr'>ταχέως</span> <span class='ocrx_word' id='word_1_689' title='bbox 2642 2259 2840 2325; x_wconf 89' lang='grc' dir='ltr'>πάντες</span> <span class='ocrx_word' id='word_1_690' title='bbox 2871 2263 3040 2329; x_wconf 81' lang='grc' dir='ltr'>ὑγιεῖς</span> <span class='ocrx_word' id='word_1_691' title='bbox 3067 2266 3299 2335; x_wconf 88' lang='grc' dir='ltr'>ἐσόμεθα</span> <span class='ocrx_word' id='word_1_692' title='bbox 3322 2286 3333 2299; x_wconf 91' lang='grc'>·</span> <span class='ocrx_word' id='word_1_693' title='bbox 3364 2269 3430 2323; x_wconf 84' lang='grc' dir='ltr'>ἂν</span> <span class='ocrx_word' id='word_1_694' title='bbox 3452 2271 3508 2323; x_wconf 83' lang='grc' dir='ltr'>δὲ</span> <span class='ocrx_word' id='word_1_695' title='bbox 3533 2276 3649 2325; x_wconf 88' lang='grc' dir='ltr'>κατ’</span> <span class='ocrx_word' id='word_1_696' title='bbox 3670 2274 3919 2345; x_wconf 85' lang='grc' dir='ltr'>ἀλλήλων</span> 
     </span>
    </p>
   </div>
   <div class='ocr_carea' id='block_1_87' title="bbox 2254 2342 3919 2435">
    <p class='ocr_par' dir='ltr' id='par_1_87' title="bbox 2254 2342 3919 2435">
     <span class='ocr_line' id='line_1_87' title="bbox 2254 2342 3919 2435; baseline 0.015 -42"><span class='ocrx_word' id='word_1_697' title='bbox 2254 2342 2619 2413; x_wconf 80' lang='grc' dir='ltr'>ὁπλιζώμεθα,</span> <span class='ocrx_word' id='word_1_698' title='bbox 2647 2347 2765 2400; x_wconf 82' lang='grc' dir='ltr'>οὐδὲ</span> <span class='ocrx_word' id='word_1_699' title='bbox 2794 2348 2885 2401; x_wconf 93' lang='grc' dir='ltr'>τοῦ</span> <span class='ocrx_word' id='word_1_700' title='bbox 2919 2350 3165 2406; x_wconf 89' lang='grc' dir='ltr'>διαϐόλου</span> <span class='ocrx_word' id='word_1_701' title='bbox 3207 2355 3363 2424; x_wconf 90' lang='grc' dir='ltr'>χρεία</span> <span class='ocrx_word' id='word_1_702' title='bbox 3408 2357 3593 2413; x_wconf 76' lang='grc' dir='ltr'>λοιπὸν</span> <span class='ocrx_word' id='word_1_703' title='bbox 3633 2342 3919 2435; x_wconf 35' lang='grc' dir='ltr'>πρὸς-τὴν</span> 
     </span>
    </p>
   </div>
   <div class='ocr_carea' id='block_1_88' title="bbox 2253 2428 3916 2519">
    <p class='ocr_par' dir='ltr' id='par_1_88' title="bbox 2253 2428 3916 2519">
     <span class='ocr_line' id='line_1_88' title="bbox 2253 2428 3916 2519; baseline 0.008 -38"><span class='ocrx_word' id='word_1_704' title='bbox 2253 2428 2526 2500; x_wconf 76' lang='grc' dir='ltr'>ἡμετέραν</span> <span class='ocrx_word' id='word_1_705' title='bbox 2550 2432 3026 2501; x_wconf 78' lang='grc' dir='ltr'>άπώλειαν.“Λπας</span> <span class='ocrx_word' id='word_1_706' title='bbox 3055 2440 3154 2509; x_wconf 83' lang='grc' dir='ltr'>μὲν</span> <span class='ocrx_word' id='word_1_707' title='bbox 3183 2443 3291 2512; x_wconf 84' lang='grc' dir='ltr'>γάρ</span> <span class='ocrx_word' id='word_1_708' title='bbox 3324 2445 3352 2497; x_wconf 87' lang='lat'>6</span> <span class='ocrx_word' id='word_1_709' title='bbox 3381 2445 3613 2515; x_wconf 86' lang='grc' dir='ltr'>πόλεμος</span> <span class='ocrx_word' id='word_1_710' title='bbox 3654 2428 3916 2519; x_wconf 57' lang='grc' dir='ltr'>χαλεπδξ,</span> 
     </span>
    </p>
   </div>
   <div class='ocr_carea' id='block_1_89' title="bbox 2256 2515 3918 2608">
    <p class='ocr_par' dir='ltr' id='par_1_89' title="bbox 2256 2515 3918 2608">
     <span class='ocr_line' id='line_1_89' title="bbox 2256 2515 3918 2608; baseline 0.017 -42"><span class='ocrx_word' id='word_1_711' title='bbox 2256 2515 2487 2584; x_wconf 83' lang='grc' dir='ltr'>μάλιστα</span> <span class='ocrx_word' id='word_1_712' title='bbox 2516 2520 2570 2570; x_wconf 80' lang='grc' dir='ltr'>δὲ</span> <span class='ocrx_word' id='word_1_713' title='bbox 2598 2523 2625 2573; x_wconf 92' lang='lat'>6</span> <span class='ocrx_word' id='word_1_714' title='bbox 2654 2522 2931 2591; x_wconf 84' lang='grc' dir='ltr'>ἐμφύλιος.</span> <span class='ocrx_word' id='word_1_715' title='bbox 2962 2520 3126 2590; x_wconf 79' lang='grc' dir='ltr'>Οὗτος</span> <span class='ocrx_word' id='word_1_716' title='bbox 3155 2528 3210 2581; x_wconf 89' lang='grc' dir='ltr'>δέ</span> <span class='ocrx_word' id='word_1_717' title='bbox 3241 2531 3332 2583; x_wconf 68' lang='grc' dir='ltr'>καὶ</span> <span class='ocrx_word' id='word_1_718' title='bbox 3355 2531 3446 2585; x_wconf 87' lang='grc' dir='ltr'>τοῦ</span> <span class='ocrx_word' id='word_1_719' title='bbox 3469 2515 3733 2604; x_wconf 81' lang='grc' dir='ltr'>ἐμφυλίου</span> <span class='ocrx_word' id='word_1_720' title='bbox 3754 2515 3918 2608; x_wconf 47' lang='grc' dir='ltr'>χαλεξ</span> 
     </span>
    </p>
   </div>
   <div class='ocr_carea' id='block_1_90' title="bbox 2254 2600 3915 2695">
    <p class='ocr_par' dir='ltr' id='par_1_90' title="bbox 2254 2600 3915 2695">
     <span class='ocr_line' id='line_1_90' title="bbox 2254 2600 3915 2695; baseline 0.017 -43"><span class='ocrx_word' id='word_1_721' title='bbox 2254 2600 2517 2672; x_wconf 86' lang='grc' dir='ltr'>πώτερος,</span> <span class='ocrx_word' id='word_1_722' title='bbox 2551 2607 2659 2677; x_wconf 83' lang='grc' dir='ltr'>ὅσῳ</span> <span class='ocrx_word' id='word_1_723' title='bbox 2691 2610 2909 2678; x_wconf 84' lang='grc' dir='ltr'>μείζονα</span> <span class='ocrx_word' id='word_1_724' title='bbox 2941 2612 3038 2681; x_wconf 91' lang='grc' dir='ltr'>τῆς</span> <span class='ocrx_word' id='word_1_725' title='bbox 3064 2614 3333 2683; x_wconf 84' lang='grc' dir='ltr'>πολιτείας</span> <span class='ocrx_word' id='word_1_726' title='bbox 3364 2600 3589 2689; x_wconf 35' lang='grc' dir='ltr'>ἡμῖν-τά</span> <span class='ocrx_word' id='word_1_727' title='bbox 3606 2600 3915 2695; x_wconf 72' lang='grc' dir='ltr'>δικαιῶμαο</span> 
     </span>
    </p>
   </div>
   <div class='ocr_carea' id='block_1_91' title="bbox 2252 2691 3915 2778">
    <p class='ocr_par' dir='ltr' id='par_1_91' title="bbox 2252 2691 3915 2778">
     <span class='ocr_line' id='line_1_91' title="bbox 2252 2691 3915 2778; baseline 0.018 -39"><span class='ocrx_word' id='word_1_728' title='bbox 2252 2704 2342 2751; x_wconf 90' lang='grc' dir='ltr'>τα,</span> <span class='ocrx_word' id='word_1_729' title='bbox 2380 2691 2579 2757; x_wconf 75' lang='grc' dir='ltr'>μᾶλλον</span> <span class='ocrx_word' id='word_1_730' title='bbox 2630 2694 2685 2746; x_wconf 89' lang='grc' dir='ltr'>δέ</span> <span class='ocrx_word' id='word_1_731' title='bbox 2731 2697 2821 2749; x_wconf 78' lang='grc' dir='ltr'>καὶ</span> <span class='ocrx_word' id='word_1_732' title='bbox 2863 2699 2963 2768; x_wconf 89' lang='grc' dir='ltr'>τῆς</span> <span class='ocrx_word' id='word_1_733' title='bbox 3017 2704 3333 2768; x_wconf 86' lang='grc' dir='ltr'>συγγενείας</span> <span class='ocrx_word' id='word_1_734' title='bbox 3377 2708 3568 2778; x_wconf 77' lang='grc' dir='ltr'>αὐτῆς.</span> <span class='ocrx_word' id='word_1_735' title='bbox 3596 2691 3915 2769; x_wconf 78' lang='grc' dir='ltr'>Ἀπέκτεινέ</span> 
     </span>
    </p>
   </div>
   <div class='ocr_carea' id='block_1_92' title="bbox 2253 2779 3911 2867">
    <p class='ocr_par' dir='ltr' id='par_1_92' title="bbox 2253 2779 3911 2867">
     <span class='ocr_line' id='line_1_92' title="bbox 2253 2779 3911 2867; baseline 0.018 -41"><span class='ocrx_word' id='word_1_736' title='bbox 2253 2791 2380 2828; x_wconf 87' lang='grc' dir='ltr'>ποτε</span> <span class='ocrx_word' id='word_1_737' title='bbox 2420 2779 2509 2867; x_wconf 64' lang='grc' dir='ltr'>τὸν</span> <span class='ocrx_word' id='word_1_738' title='bbox 2540 2780 2701 2834; x_wconf 81' lang='grc' dir='ltr'>Ἀϐελ</span> <span class='ocrx_word' id='word_1_739' title='bbox 2728 2786 2755 2836; x_wconf 91' lang='lat'>6</span> <span class='ocrx_word' id='word_1_740' title='bbox 2780 2784 3024 2853; x_wconf 86' lang='grc' dir='ltr'>ἀδελφὸς,</span> <span class='ocrx_word' id='word_1_741' title='bbox 3058 2790 3149 2842; x_wconf 79' lang='grc' dir='ltr'>καὶ</span> <span class='ocrx_word' id='word_1_742' title='bbox 3183 2786 3321 2863; x_wconf 76' lang='grc' dir='ltr'>αἷμα</span> <span class='ocrx_word' id='word_1_743' title='bbox 3352 2794 3533 2864; x_wconf 81' lang='grc' dir='ltr'>ἐξέχεε</span> <span class='ocrx_word' id='word_1_744' title='bbox 3566 2803 3911 2867; x_wconf 87' lang='grc' dir='ltr'>συγγενικόν·</span> 
     </span>
    </p>
   </div>
   <div class='ocr_carea' id='block_1_93' title="bbox 2250 2859 3916 2955">
    <p class='ocr_par' dir='ltr' id='par_1_93' title="bbox 2250 2859 3916 2955">
     <span class='ocr_line' id='line_1_93' title="bbox 2250 2859 3916 2955; baseline 0.018 -42"><span class='ocrx_word' id='word_1_745' title='bbox 2250 2863 2367 2916; x_wconf 80' lang='grc' dir='ltr'>ἀλλ’</span> <span class='ocrx_word' id='word_1_746' title='bbox 2399 2859 2551 2929; x_wconf 76' lang='grc' dir='ltr'>οὗτος</span> <span class='ocrx_word' id='word_1_747' title='bbox 2581 2868 2789 2922; x_wconf 89' lang='grc' dir='ltr'>ἐκείνου</span> <span class='ocrx_word' id='word_1_748' title='bbox 2818 2859 3275 2947; x_wconf 61' lang='grc' dir='ltr'>παρανομώτερος</span> <span class='ocrx_word' id='word_1_749' title='bbox 3304 2882 3331 2931; x_wconf 91' lang='lat'>6</span> <span class='ocrx_word' id='word_1_750' title='bbox 3364 2859 3541 2949; x_wconf 79' lang='grc' dir='ltr'>φόνος,</span> <span class='ocrx_word' id='word_1_751' title='bbox 3573 2859 3692 2955; x_wconf 62' lang='grc' dir='ltr'>δσὶιὶ</span> <span class='ocrx_word' id='word_1_752' title='bbox 3720 2890 3814 2941; x_wconf 71' lang='grc' dir='ltr'>καὶ</span> <span class='ocrx_word' id='word_1_753' title='bbox 3846 2891 3916 2945; x_wconf 87' lang='grc' dir='ltr'>τά</span> 
     </span>
    </p>
   </div>
   <div class='ocr_carea' id='block_1_94' title="bbox 2248 2949 3914 3042">
    <p class='ocr_par' dir='ltr' id='par_1_94' title="bbox 2248 2949 3914 3042">
     <span class='ocr_line' id='line_1_94' title="bbox 2248 2949 3914 3042; baseline 0.01 -30"><span class='ocrx_word' id='word_1_754' title='bbox 2248 2949 2345 3019; x_wconf 78' lang='grc' dir='ltr'>τῆς</span> <span class='ocrx_word' id='word_1_755' title='bbox 2394 2952 2708 3022; x_wconf 77' lang='grc' dir='ltr'>ἀγχιστείας</span> <span class='ocrx_word' id='word_1_756' title='bbox 2750 2956 2940 3027; x_wconf 82' lang='grc' dir='ltr'>μείζω,</span> <span class='ocrx_word' id='word_1_757' title='bbox 2982 2963 3074 3015; x_wconf 82' lang='grc' dir='ltr'>καὶ</span> <span class='ocrx_word' id='word_1_758' title='bbox 3111 2964 3178 3017; x_wconf 84' lang='grc' dir='ltr'>τά</span> <span class='ocrx_word' id='word_1_759' title='bbox 3210 2966 3301 3018; x_wconf 86' lang='grc' dir='ltr'>τοῦ</span> <span class='ocrx_word' id='word_1_760' title='bbox 3335 2966 3564 3022; x_wconf 86' lang='grc' dir='ltr'>θανάτου</span> <span class='ocrx_word' id='word_1_761' title='bbox 3598 2949 3914 3042; x_wconf 77' lang='grc' dir='ltr'>χαλεπώτε-</span> 
     </span>
    </p>
   </div>
   <div class='ocr_carea' id='block_1_95' title="bbox 2250 3039 3915 3134">
    <p class='ocr_par' dir='ltr' id='par_1_95' title="bbox 2250 3039 3915 3134">
     <span class='ocr_line' id='line_1_95' title="bbox 2250 3039 3915 3134; baseline 0.019 -47"><span class='ocrx_word' id='word_1_762' title='bbox 2250 3039 2597 3134; x_wconf 35' lang='grc' dir='ltr'>ραῧῑκεῖνος-</span> <span class='ocrx_word' id='word_1_763' title='bbox 2622 3044 2719 3111; x_wconf 88' lang='grc' dir='ltr'>μὲν</span> <span class='ocrx_word' id='word_1_764' title='bbox 2745 3045 2852 3134; x_wconf 87' lang='grc' dir='ltr'>γάρ</span> <span class='ocrx_word' id='word_1_765' title='bbox 2884 3048 2945 3101; x_wconf 96' lang='lat'>16</span> <span class='ocrx_word' id='word_1_766' title='bbox 2992 3050 3148 3120; x_wconf 84' lang='grc' dir='ltr'>σῶμα</span> <span class='ocrx_word' id='word_1_767' title='bbox 3197 3053 3422 3125; x_wconf 77' lang='grc' dir='ltr'>ἔτρωσε,</span> <span class='ocrx_word' id='word_1_768' title='bbox 3454 3059 3517 3111; x_wconf 85' lang='grc' dir='ltr'>σὺ</span> <span class='ocrx_word' id='word_1_769' title='bbox 3547 3039 3771 3115; x_wconf 68' lang='grc' dir='ltr'>δέκατά</span> <span class='ocrx_word' id='word_1_770' title='bbox 3812 3066 3915 3134; x_wconf 79' lang='grc' dir='ltr'>τῆς</span> 
     </span>
    </p>
   </div>
   <div class='ocr_carea' id='block_1_96' title="bbox 2248 3122 3909 3218">
    <p class='ocr_par' dir='ltr' id='par_1_96' title="bbox 2248 3122 3909 3218">
     <span class='ocr_line' id='line_1_96' title="bbox 2248 3122 3909 3218; baseline 0.007 -28"><span class='ocrx_word' id='word_1_771' title='bbox 2248 3122 2429 3195; x_wconf 61' lang='grc' dir='ltr'>ψυχῆς</span> <span class='ocrx_word' id='word_1_772' title='bbox 2459 3126 2518 3218; x_wconf 76' lang='lat'>16</span> <span class='ocrx_word' id='word_1_773' title='bbox 2550 3127 2707 3218; x_wconf 66' lang='grc' dir='ltr'>ξίφος</span> <span class='ocrx_word' id='word_1_774' title='bbox 2733 3132 3020 3204; x_wconf 80' lang='grc' dir='ltr'>ήκόνησας.</span> <span class='ocrx_word' id='word_1_775' title='bbox 3042 3138 3179 3191; x_wconf 80' lang='grc' dir='ltr'>Ἀλλ’</span> <span class='ocrx_word' id='word_1_776' title='bbox 3210 3122 3407 3206; x_wconf 75' lang='grc' dir='ltr'>ἔπαθες</span> <span class='ocrx_word' id='word_1_777' title='bbox 3446 3146 3656 3215; x_wconf 87' lang='grc' dir='ltr'>πρῶτος</span> <span class='ocrx_word' id='word_1_778' title='bbox 3681 3122 3909 3218; x_wconf 63' lang='grc' dir='ltr'>κακῶςξ</span> 
     </span>
    </p>
   </div>
   <div class='ocr_carea' id='block_1_97' title="bbox 2262 3211 3911 3297">
    <p class='ocr_par' dir='ltr' id='par_1_97' title="bbox 2262 3211 3911 3297">
     <span class='ocr_line' id='line_1_97' title="bbox 2262 3211 3911 3297; baseline 0.019 -36"><span class='ocrx_word' id='word_1_779' title='bbox 2262 3211 2399 3263; x_wconf 69' lang='grc' dir='ltr'>Ἀλλ’</span> <span class='ocrx_word' id='word_1_780' title='bbox 2425 3212 2483 3265; x_wconf 87' lang='grc' dir='ltr'>ού</span> <span class='ocrx_word' id='word_1_781' title='bbox 2520 3214 2581 3267; x_wconf 91' lang='lat'>16</span> <span class='ocrx_word' id='word_1_782' title='bbox 2608 3216 2819 3283; x_wconf 78' lang='grc' dir='ltr'>παθεῖν,</span> <span class='ocrx_word' id='word_1_783' title='bbox 2858 3220 2993 3274; x_wconf 83' lang='grc' dir='ltr'>ἀλλά</span> <span class='ocrx_word' id='word_1_784' title='bbox 3020 3223 3081 3277; x_wconf 84' lang='grc' dir='ltr'>τὸ</span> <span class='ocrx_word' id='word_1_785' title='bbox 3114 3226 3339 3297; x_wconf 84' lang='grc' dir='ltr'>ποιῆσαι</span> <span class='ocrx_word' id='word_1_786' title='bbox 3373 3211 3576 3295; x_wconf 88' lang='grc' dir='ltr'>κακῶς,</span> <span class='ocrx_word' id='word_1_787' title='bbox 3606 3211 3764 3289; x_wconf 89' lang='grc' dir='ltr'>τοῦτό</span> 
     </span>
    </p>
   </div>
   <div class='ocr_carea' id='block_1_98' title="bbox 2246 3298 3911 3397">
    <p class='ocr_par' dir='ltr' id='par_1_98' title="bbox 2246 3298 3911 3397">
     <span class='ocr_line' id='line_1_98' title="bbox 2246 3298 3911 3397; baseline 0.02 -48"><span class='ocrx_word' id='word_1_788' title='bbox 2246 3298 2307 3350; x_wconf 92' lang='lat'>16</span> <span class='ocrx_word' id='word_1_789' title='bbox 2337 3299 2527 3352; x_wconf 88' lang='grc' dir='ltr'>παθεῖν</span> <span class='ocrx_word' id='word_1_790' title='bbox 2558 3305 2760 3367; x_wconf 90' lang='grc' dir='ltr'>κακῶς.</span> <span class='ocrx_word' id='word_1_791' title='bbox 2792 3308 2989 3362; x_wconf 87' lang='grc' dir='ltr'>Σκόπει</span> <span class='ocrx_word' id='word_1_792' title='bbox 3016 3310 3106 3365; x_wconf 87' lang='grc' dir='ltr'>δέ·</span> <span class='ocrx_word' id='word_1_793' title='bbox 3138 3313 3365 3383; x_wconf 73' lang='grc' dir='ltr'>ἔσφαξεν</span> <span class='ocrx_word' id='word_1_794' title='bbox 3390 3320 3417 3370; x_wconf 89' lang='lat'>6</span> <span class='ocrx_word' id='word_1_795' title='bbox 3446 3320 3601 3387; x_wconf 84' lang='grc' dir='ltr'>Κάῖν,</span> <span class='ocrx_word' id='word_1_796' title='bbox 3637 3325 3852 3397; x_wconf 78' lang='grc' dir='ltr'>ἐσφάγη</span> <span class='ocrx_word' id='word_1_797' title='bbox 3880 3330 3911 3382; x_wconf 97' lang='lat'>6</span> 
     </span>
    </p>
   </div>
   <div class='ocr_carea' id='block_1_99' title="bbox 2251 3388 3905 3484">
    <p class='ocr_par' dir='ltr' id='par_1_99' title="bbox 2251 3388 3905 3484">
     <span class='ocr_line' id='line_1_99' title="bbox 2251 3388 3905 3484; baseline 0.019 -45"><span class='ocrx_word' id='word_1_798' title='bbox 2251 3388 2418 3484; x_wconf 79' lang='grc' dir='ltr'>Ἀϐελ</span> <span class='ocrx_word' id='word_1_799' title='bbox 2436 3408 2450 3421; x_wconf 88' lang='grc'>·</span> <span class='ocrx_word' id='word_1_800' title='bbox 2482 3391 2565 3484; x_wconf 74' lang='grc' dir='ltr'>τίς</span> <span class='ocrx_word' id='word_1_801' title='bbox 2590 3389 2682 3447; x_wconf 84' lang='grc' dir='ltr'>οῦν</span> <span class='ocrx_word' id='word_1_802' title='bbox 2706 3391 2773 3465; x_wconf 78' lang='grc' dir='ltr'>ἦν</span> <span class='ocrx_word' id='word_1_803' title='bbox 2800 3397 2829 3449; x_wconf 92' lang='lat'>6</span> <span class='ocrx_word' id='word_1_804' title='bbox 2855 3400 3078 3470; x_wconf 84' lang='grc' dir='ltr'>νεκρός;</span> <span class='ocrx_word' id='word_1_805' title='bbox 3120 3403 3178 3456; x_wconf 89' lang='lat'><strong>&#39;0</strong></span> <span class='ocrx_word' id='word_1_806' title='bbox 3209 3406 3346 3474; x_wconf 83' lang='grc' dir='ltr'>μετά</span> <span class='ocrx_word' id='word_1_807' title='bbox 3370 3408 3459 3461; x_wconf 84' lang='grc' dir='ltr'>τὸν</span> <span class='ocrx_word' id='word_1_808' title='bbox 3486 3388 3725 3466; x_wconf 24' lang='grc' dir='ltr'>θάνατον*</span> 
     </span>
    </p>
   </div>
   <div class='ocr_carea' id='block_1_100' title="bbox 2247 3476 3909 3568">
    <p class='ocr_par' dir='ltr' id='par_1_100' title="bbox 2247 3476 3909 3568">
     <span class='ocr_line' id='line_1_100' title="bbox 2247 3476 3909 3568; baseline 0.018 -40"><span class='ocrx_word' id='word_1_809' title='bbox 2247 3476 2416 3568; x_wconf 54' lang='grc' dir='ltr'><em>Φωῖὴ</em></span> <span class='ocrx_word' id='word_1_810' title='bbox 2442 3478 2571 3551; x_wconf 86' lang='grc' dir='ltr'>γάρ,</span> <span class='ocrx_word' id='word_1_811' title='bbox 2589 3485 2739 3551; x_wconf 80' lang='grc' dir='ltr'>φησὶ,</span> <span class='ocrx_word' id='word_1_812' title='bbox 2760 3484 2864 3539; x_wconf 78' lang='grc' dir='ltr'>τοῦ</span> <span class='ocrx_word' id='word_1_813' title='bbox 2890 3487 3134 3555; x_wconf 81' lang='grc' dir='ltr'>αἵματος</span> <span class='ocrx_word' id='word_1_814' title='bbox 3152 3492 3215 3544; x_wconf 77' lang='grc' dir='ltr'><em>Ἀ</em></span> <span class='ocrx_word' id='word_1_815' title='bbox 3225 3494 3326 3546; x_wconf 72' lang='grc' dir='ltr'>ὅελ</span> <span class='ocrx_word' id='word_1_816' title='bbox 3358 3495 3463 3549; x_wconf 83' lang='grc' dir='ltr'>τοῦ</span> <span class='ocrx_word' id='word_1_817' title='bbox 3487 3476 3756 3568; x_wconf 61' lang='grc' dir='ltr'>ἀδελφοῦ</span> <span class='ocrx_word' id='word_1_818' title='bbox 3787 3519 3909 3559; x_wconf 85' lang='grc' dir='ltr'>σου</span> 
     </span>
    </p>
   </div>
   <div class='ocr_carea' id='block_1_101' title="bbox 2239 3561 3906 3656">
    <p class='ocr_par' dir='ltr' id='par_1_101' title="bbox 2239 3561 3906 3656">
     <span class='ocr_line' id='line_1_101' title="bbox 2239 3561 3906 3656; baseline 0.021 -47"><span class='ocrx_word' id='word_1_819' title='bbox 2239 3561 2361 3656; x_wconf 63' lang='grc' dir='ltr'>,βρᾷ</span> <span class='ocrx_word' id='word_1_820' title='bbox 2404 3567 2552 3656; x_wconf 63' lang='grc' dir='ltr'>προς</span> <span class='ocrx_word' id='word_1_821' title='bbox 2588 3585 2693 3656; x_wconf 54' lang='grc' dir='ltr'>μς·</span> <span class='ocrx_word' id='word_1_822' title='bbox 2735 3570 2825 3640; x_wconf 80' lang='grc' dir='ltr'>ἢὸ</span> <span class='ocrx_word' id='word_1_823' title='bbox 2857 3572 2915 3625; x_wconf 82' lang='grc' dir='ltr'>ἐν</span> <span class='ocrx_word' id='word_1_824' title='bbox 2946 3572 3021 3643; x_wconf 84' lang='grc' dir='ltr'>τῷ</span> <span class='ocrx_word' id='word_1_825' title='bbox 3053 3574 3153 3647; x_wconf 79' lang='grc' dir='ltr'>ζῇν</span> <span class='ocrx_word' id='word_1_826' title='bbox 3202 3580 3420 3651; x_wconf 89' lang='grc' dir='ltr'>τρέμων</span> <span class='ocrx_word' id='word_1_827' title='bbox 3474 3584 3568 3637; x_wconf 72' lang='grc' dir='ltr'>καὶ</span> <span class='ocrx_word' id='word_1_828' title='bbox 3612 3561 3906 3656; x_wconf 50' lang='grc' dir='ltr'>δεδοικώς</span> 
     </span>
    </p>
   </div>
   <div class='ocr_carea' id='block_1_102' title="bbox 2246 3646 3907 3741">
    <p class='ocr_par' dir='ltr' id='par_1_102' title="bbox 2246 3646 3907 3741">
     <span class='ocr_line' id='line_1_102' title="bbox 2246 3646 3907 3741; baseline 0.016 -39"><span class='ocrx_word' id='word_1_829' title='bbox 2246 3646 2411 3715; x_wconf 78' lang='grc' dir='ltr'>Οὗτος</span> <span class='ocrx_word' id='word_1_830' title='bbox 2440 3653 2569 3723; x_wconf 85' lang='grc' dir='ltr'>γάρ,</span> <span class='ocrx_word' id='word_1_831' title='bbox 2597 3649 2749 3719; x_wconf 73' lang='grc' dir='ltr'>οὗτος</span> <span class='ocrx_word' id='word_1_832' title='bbox 2787 3659 2978 3729; x_wconf 89' lang='grc' dir='ltr'>νεκροῦ</span> <span class='ocrx_word' id='word_1_833' title='bbox 3010 3646 3209 3727; x_wconf 87' lang='grc' dir='ltr'>παντὸς</span> <span class='ocrx_word' id='word_1_834' title='bbox 3239 3646 3594 3739; x_wconf 81' lang='grc' dir='ltr'>ἐλεεινότερος</span> <span class='ocrx_word' id='word_1_835' title='bbox 3622 3667 3710 3741; x_wconf 83' lang='grc' dir='ltr'>ἦν.</span> 
     </span>
    </p>
   </div>
   <div class='ocr_carea' id='block_1_103' title="bbox 2246 3736 3903 3834">
    <p class='ocr_par' dir='ltr' id='par_1_103' title="bbox 2246 3736 3903 3834">
     <span class='ocr_line' id='line_1_103' title="bbox 2246 3736 3903 3834; baseline 0.018 -47"><span class='ocrx_word' id='word_1_836' title='bbox 2246 3736 2360 3800; x_wconf 88' lang='grc' dir='ltr'>πῶς</span> <span class='ocrx_word' id='word_1_837' title='bbox 2400 3738 2602 3807; x_wconf 91' lang='grc' dir='ltr'>βέλτιον</span> <span class='ocrx_word' id='word_1_838' title='bbox 2628 3742 2689 3794; x_wconf 91' lang='lat'><em>16</em></span> <span class='ocrx_word' id='word_1_839' title='bbox 2713 3743 3029 3809; x_wconf 85' lang='grc' dir='ltr'>ἀδικεῖσθαι,</span> <span class='ocrx_word' id='word_1_840' title='bbox 3063 3748 3163 3801; x_wconf 71' lang='grc' dir='ltr'>κᾶν</span> <span class='ocrx_word' id='word_1_841' title='bbox 3200 3750 3359 3821; x_wconf 88' lang='grc' dir='ltr'>μέχρι</span> <span class='ocrx_word' id='word_1_842' title='bbox 3405 3736 3563 3822; x_wconf 82' lang='grc' dir='ltr'>φόνου</span> <span class='ocrx_word' id='word_1_843' title='bbox 3591 3736 3674 3821; x_wconf 82' lang='grc' dir='ltr'>τις</span> <span class='ocrx_word' id='word_1_844' title='bbox 3705 3736 3903 3834; x_wconf 60' lang='grc' dir='ltr'>χωρῇξ</span> 
     </span>
    </p>
   </div>
   <div class='ocr_carea' id='block_1_104' title="bbox 2244 3826 3906 3915">
    <p class='ocr_par' dir='ltr' id='par_1_104' title="bbox 2244 3826 3906 3915">
     <span class='ocr_line' id='line_1_104' title="bbox 2244 3826 3906 3915; baseline 0.017 -39"><span class='ocrx_word' id='word_1_845' title='bbox 2244 3826 2396 3878; x_wconf 78' lang='grc' dir='ltr'>Μάθε</span> <span class='ocrx_word' id='word_1_846' title='bbox 2446 3828 2561 3891; x_wconf 89' lang='grc' dir='ltr'>πῶς</span> <span class='ocrx_word' id='word_1_847' title='bbox 2610 3832 2789 3900; x_wconf 87' lang='grc' dir='ltr'>χεῖρον</span> <span class='ocrx_word' id='word_1_848' title='bbox 2834 3831 2896 3884; x_wconf 85' lang='grc' dir='ltr'>τὸ</span> <span class='ocrx_word' id='word_1_849' title='bbox 2947 3834 3170 3901; x_wconf 86' lang='grc' dir='ltr'>ἀδικεῖν,</span> <span class='ocrx_word' id='word_1_850' title='bbox 3204 3838 3305 3890; x_wconf 80' lang='grc' dir='ltr'>κᾶν</span> <span class='ocrx_word' id='word_1_851' title='bbox 3330 3841 3528 3912; x_wconf 84' lang='grc' dir='ltr'>μέχρις</span> <span class='ocrx_word' id='word_1_852' title='bbox 3559 3826 3906 3915; x_wconf 38' lang='grc' dir='ltr'>αἵματός.</span> 
     </span>
    </p>
   </div>
   <div class='ocr_carea' id='block_1_105' title="bbox 2248 3912 3905 3997">
    <p class='ocr_par' dir='ltr' id='par_1_105' title="bbox 2248 3912 3905 3997">
     <span class='ocr_line' id='line_1_105' title="bbox 2248 3912 3905 3997; baseline 0.018 -36"><span class='ocrx_word' id='word_1_853' title='bbox 2248 3912 2709 3985; x_wconf 80' lang='grc' dir='ltr'>ίσχύσῃ.Ἐπληξε</span> <span class='ocrx_word' id='word_1_854' title='bbox 2737 3917 2831 3971; x_wconf 80' lang='grc' dir='ltr'>καὶ</span> <span class='ocrx_word' id='word_1_855' title='bbox 2860 3919 3123 3973; x_wconf 86' lang='grc' dir='ltr'>κατέϐαλε</span> <span class='ocrx_word' id='word_1_856' title='bbox 3148 3922 3239 3976; x_wconf 86' lang='grc' dir='ltr'>τὸν</span> <span class='ocrx_word' id='word_1_857' title='bbox 3266 3925 3493 3995; x_wconf 81' lang='grc' dir='ltr'>ἀδελφὺν</span> <span class='ocrx_word' id='word_1_858' title='bbox 3527 3912 3753 3997; x_wconf 83' lang='grc' dir='ltr'>ἐκεῖνος,</span> <span class='ocrx_word' id='word_1_859' title='bbox 3782 3912 3905 3989; x_wconf 28' lang='grc' dir='ltr'>ἀλλά</span> 
     </span>
    </p>
   </div>
   <div class='ocr_carea' id='block_1_106' title="bbox 2241 3996 3898 4093">
    <p class='ocr_par' dir='ltr' id='par_1_106' title="bbox 2241 3996 3898 4093">
     <span class='ocr_line' id='line_1_106' title="bbox 2241 3996 3898 4093; baseline 0.017 -46"><span class='ocrx_word' id='word_1_860' title='bbox 2241 3997 2269 4047; x_wconf 86' lang='lat'>6</span> <span class='ocrx_word' id='word_1_861' title='bbox 2301 3996 2397 4066; x_wconf 80' lang='grc' dir='ltr'>μὲν</span> <span class='ocrx_word' id='word_1_862' title='bbox 2424 3999 2800 4068; x_wconf 84' lang='grc' dir='ltr'>ἐστεφανοῦτο,</span> <span class='ocrx_word' id='word_1_863' title='bbox 2825 4006 2852 4055; x_wconf 88' lang='lat'>6</span> <span class='ocrx_word' id='word_1_864' title='bbox 2878 4004 2931 4057; x_wconf 86' lang='grc' dir='ltr'>δὲ</span> <span class='ocrx_word' id='word_1_865' title='bbox 2961 4006 3275 4071; x_wconf 76' lang='grc' dir='ltr'>ἐκολάζετο·</span> <span class='ocrx_word' id='word_1_866' title='bbox 3303 4012 3541 4085; x_wconf 87' lang='grc' dir='ltr'>ἀνῃρέθη</span> <span class='ocrx_word' id='word_1_867' title='bbox 3564 4020 3657 4070; x_wconf 79' lang='grc' dir='ltr'>καὶ</span> <span class='ocrx_word' id='word_1_868' title='bbox 3680 4022 3898 4093; x_wconf 82' lang='grc' dir='ltr'>ἐσφάγη</span> 
     </span>
    </p>
   </div>
   <div class='ocr_carea' id='block_1_107' title="bbox 2243 4087 3900 4180">
    <p class='ocr_par' dir='ltr' id='par_1_107' title="bbox 2243 4087 3900 4180">
     <span class='ocr_line' id='line_1_107' title="bbox 2243 4087 3900 4180; baseline 0.016 -43"><span class='ocrx_word' id='word_1_869' title='bbox 2243 4087 2393 4156; x_wconf 82' lang='grc' dir='ltr'>παρά</span> <span class='ocrx_word' id='word_1_870' title='bbox 2429 4090 2488 4139; x_wconf 82' lang='grc' dir='ltr'>τὸ</span> <span class='ocrx_word' id='word_1_871' title='bbox 2518 4089 2724 4143; x_wconf 91' lang='grc' dir='ltr'>δίκαιον</span> <span class='ocrx_word' id='word_1_872' title='bbox 2752 4095 2779 4145; x_wconf 93' lang='lat'>6</span> <span class='ocrx_word' id='word_1_873' title='bbox 2807 4095 2989 4157; x_wconf 75' lang='grc' dir='ltr'>Ἅϐελ,</span> <span class='ocrx_word' id='word_1_874' title='bbox 3012 4096 3124 4149; x_wconf 80' lang='grc' dir='ltr'>ἀλλ’</span> <span class='ocrx_word' id='word_1_875' title='bbox 3142 4099 3169 4150; x_wconf 93' lang='lat'>6</span> <span class='ocrx_word' id='word_1_876' title='bbox 3196 4100 3292 4168; x_wconf 73' lang='grc' dir='ltr'>μὲν</span> <span class='ocrx_word' id='word_1_877' title='bbox 3313 4102 3573 4157; x_wconf 86' lang='grc' dir='ltr'>τελευτῶν</span> <span class='ocrx_word' id='word_1_878' title='bbox 3600 4087 3900 4180; x_wconf 75' lang='grc' dir='ltr'>κατηγόρει</span> 
     </span>
    </p>
   </div>
   <div class='ocr_carea' id='block_1_108' title="bbox 2241 4174 3901 4261">
    <p class='ocr_par' dir='ltr' id='par_1_108' title="bbox 2241 4174 3901 4261">
     <span class='ocr_line' id='line_1_108' title="bbox 2241 4174 3901 4261; baseline 0.016 -37"><span class='ocrx_word' id='word_1_879' title='bbox 2241 4174 2334 4226; x_wconf 74' lang='grc' dir='ltr'>καὶ</span> <span class='ocrx_word' id='word_1_880' title='bbox 2387 4176 2576 4245; x_wconf 77' lang='grc' dir='ltr'>ἀνῄρει</span> <span class='ocrx_word' id='word_1_881' title='bbox 2624 4179 2718 4229; x_wconf 73' lang='grc' dir='ltr'>καὶ</span> <span class='ocrx_word' id='word_1_882' title='bbox 2768 4179 3078 4251; x_wconf 72' lang='grc' dir='ltr'>ἐχειροῦτοι</span> <span class='ocrx_word' id='word_1_883' title='bbox 3102 4200 3117 4214; x_wconf 88' lang='grc'>·</span> <span class='ocrx_word' id='word_1_884' title='bbox 3156 4187 3186 4238; x_wconf 90' lang='lat'>6</span> <span class='ocrx_word' id='word_1_885' title='bbox 3230 4187 3285 4239; x_wconf 83' lang='grc' dir='ltr'>δέ</span> <span class='ocrx_word' id='word_1_886' title='bbox 3320 4190 3415 4241; x_wconf 80' lang='grc' dir='ltr'>καὶ</span> <span class='ocrx_word' id='word_1_887' title='bbox 3458 4190 3567 4253; x_wconf 83' lang='grc' dir='ltr'>ζῶν</span> <span class='ocrx_word' id='word_1_888' title='bbox 3597 4174 3765 4261; x_wconf 76' lang='grc' dir='ltr'>ἐσίγα</span> <span class='ocrx_word' id='word_1_889' title='bbox 3802 4174 3901 4251; x_wconf 78' lang='grc' dir='ltr'>καὶ</span> 
     </span>
    </p>
   </div>
   <div class='ocr_carea' id='block_1_109' title="bbox 2237 4260 3899 4349">
    <p class='ocr_par' dir='ltr' id='par_1_109' title="bbox 2237 4260 3899 4349">
     <span class='ocr_line' id='line_1_109' title="bbox 2237 4260 3899 4349; baseline 0.016 -40"><span class='ocrx_word' id='word_1_890' title='bbox 2237 4260 2501 4329; x_wconf 66' lang='grc' dir='ltr'>ᾐσχύνετο</span> <span class='ocrx_word' id='word_1_891' title='bbox 2527 4264 2620 4315; x_wconf 78' lang='grc' dir='ltr'>καὶ</span> <span class='ocrx_word' id='word_1_892' title='bbox 2648 4264 2915 4333; x_wconf 78' lang='grc' dir='ltr'>ἡλίσκετο,</span> <span class='ocrx_word' id='word_1_893' title='bbox 2942 4269 3035 4321; x_wconf 74' lang='grc' dir='ltr'>καὶ</span> <span class='ocrx_word' id='word_1_894' title='bbox 3060 4272 3365 4326; x_wconf 80' lang='grc' dir='ltr'>τούναντίον</span> <span class='ocrx_word' id='word_1_895' title='bbox 3392 4271 3559 4348; x_wconf 76' lang='grc' dir='ltr'>οὗπερ</span> <span class='ocrx_word' id='word_1_896' title='bbox 3585 4260 3740 4349; x_wconf 69' lang='grc' dir='ltr'>ἤθελε</span> <span class='ocrx_word' id='word_1_897' title='bbox 3759 4299 3899 4335; x_wconf 84' lang='grc' dir='ltr'>κατ-</span> 
     </span>
    </p>
   </div>
   <div class='ocr_carea' id='block_1_110' title="bbox 2238 4346 3899 4438">
    <p class='ocr_par' dir='ltr' id='par_1_110' title="bbox 2238 4346 3899 4438">
     <span class='ocr_line' id='line_1_110' title="bbox 2238 4346 3899 4438; baseline 0.016 -42"><span class='ocrx_word' id='word_1_898' title='bbox 2238 4346 2552 4409; x_wconf 79' lang='grc' dir='ltr'>εσκεύαζεν.</span> <span class='ocrx_word' id='word_1_899' title='bbox 2571 4350 2783 4421; x_wconf 70' lang='grc' dir='ltr'>Ἀνῄρει</span> <span class='ocrx_word' id='word_1_900' title='bbox 2810 4353 2935 4425; x_wconf 86' lang='grc' dir='ltr'>γὰρ,</span> <span class='ocrx_word' id='word_1_901' title='bbox 2962 4356 3157 4429; x_wconf 79' lang='grc' dir='ltr'>’ἐπειδὴ</span> <span class='ocrx_word' id='word_1_902' title='bbox 3192 4346 3551 4431; x_wconf 82' lang='grc' dir='ltr'>ἀγαπώμενον</span> <span class='ocrx_word' id='word_1_903' title='bbox 3579 4346 3704 4432; x_wconf 67' lang='grc' dir='ltr'>εἶδε,</span> <span class='ocrx_word' id='word_1_904' title='bbox 3728 4385 3899 4438; x_wconf 89' lang='grc' dir='ltr'>προσ-</span> 
     </span>
    </p>
   </div>
   <div class='ocr_carea' id='block_1_111' title="bbox 2238 4431 3899 4511">
    <p class='ocr_par' dir='ltr' id='par_1_111' title="bbox 2238 4431 3899 4511">
     <span class='ocr_line' id='line_1_111' title="bbox 2238 4431 3899 4511; baseline 0.016 -27"><span class='ocrx_word' id='word_1_905' title='bbox 2238 4431 2409 4486; x_wconf 89' lang='grc' dir='ltr'>δοκῶν</span> <span class='ocrx_word' id='word_1_906' title='bbox 2438 4436 2529 4487; x_wconf 74' lang='grc' dir='ltr'>καὶ</span> <span class='ocrx_word' id='word_1_907' title='bbox 2558 4437 2655 4507; x_wconf 90' lang='grc' dir='ltr'>τῆς</span> <span class='ocrx_word' id='word_1_908' title='bbox 2686 4438 2904 4510; x_wconf 81' lang='grc' dir='ltr'>ἀγάπης</span> <span class='ocrx_word' id='word_1_909' title='bbox 2936 4443 3216 4499; x_wconf 87' lang='grc' dir='ltr'>ἐκϐάλλειν</span> <span class='ocrx_word' id='word_1_910' title='bbox 3249 4449 3408 4501; x_wconf 78' lang='grc' dir='ltr'>αὐτόν</span> <span class='ocrx_word' id='word_1_911' title='bbox 3429 4467 3443 4481; x_wconf 89' lang='grc'>·</span> <span class='ocrx_word' id='word_1_912' title='bbox 3473 4431 3713 4507; x_wconf 85' lang='grc' dir='ltr'>ἐπέτεινε</span> <span class='ocrx_word' id='word_1_913' title='bbox 3833 4458 3899 4511; x_wconf 86' lang='grc' dir='ltr'>τὸ</span> 
     </span>
    </p>
   </div>
   <div class='ocr_carea' id='block_1_112' title="bbox 2241 4521 3897 4605">
    <p class='ocr_par' dir='ltr' id='par_1_112' title="bbox 2241 4521 3897 4605">
     <span class='ocr_line' id='line_1_112' title="bbox 2241 4521 3897 4605; baseline 0.016 -33"><span class='ocrx_word' id='word_1_914' title='bbox 2241 4521 2459 4594; x_wconf 72' lang='grc' dir='ltr'>φίλτρον</span> <span class='ocrx_word' id='word_1_915' title='bbox 2488 4523 2763 4594; x_wconf 79' lang='grc' dir='ltr'>μειζόνως,</span> <span class='ocrx_word' id='word_1_916' title='bbox 2797 4529 2889 4581; x_wconf 82' lang='grc' dir='ltr'>καὶ</span> <span class='ocrx_word' id='word_1_917' title='bbox 2920 4530 3255 4586; x_wconf 86' lang='grc' dir='ltr'>ἀποθανόντα</span> <span class='ocrx_word' id='word_1_918' title='bbox 3281 4537 3479 4605; x_wconf 80' lang='grc' dir='ltr'>μᾶλλον</span> <span class='ocrx_word' id='word_1_919' title='bbox 3509 4541 3536 4592; x_wconf 92' lang='lat'>6</span> <span class='ocrx_word' id='word_1_920' title='bbox 3564 4540 3695 4603; x_wconf 82' lang='grc' dir='ltr'>Θεὸς</span> <span class='ocrx_word' id='word_1_921' title='bbox 3730 4542 3897 4599; x_wconf 80' lang='grc' dir='ltr'>αὐτὸν</span> 
     </span>
    </p>
   </div>
   <div class='ocr_carea' id='block_1_113' title="bbox 2239 4610 3892 4696">
    <p class='ocr_par' dir='ltr' id='par_1_113' title="bbox 2239 4610 3892 4696">
     <span class='ocr_line' id='line_1_113' title="bbox 2239 4610 3892 4696; baseline 0.015 -37"><span class='ocrx_word' id='word_1_922' title='bbox 2239 4610 2507 4681; x_wconf 77' lang='grc' dir='ltr'>ἐπεζήτει,</span> <span class='ocrx_word' id='word_1_923' title='bbox 2542 4611 2663 4665; x_wconf 86' lang='grc' dir='ltr'>Ποῦ</span> <span class='ocrx_word' id='word_1_924' title='bbox 2693 4615 2860 4667; x_wconf 81' lang='grc' dir='ltr'>ἐστιν</span> <span class='ocrx_word' id='word_1_925' title='bbox 2899 4617 3077 4670; x_wconf 75' lang='grc' dir='ltr'>’Λϐεαί</span> <span class='ocrx_word' id='word_1_926' title='bbox 3115 4622 3148 4672; x_wconf 82' lang='grc' dir='ltr'>ό</span> <span class='ocrx_word' id='word_1_927' title='bbox 3176 4620 3437 4689; x_wconf 67' lang='grc' dir='ltr'>ἀδελφός</span> <span class='ocrx_word' id='word_1_928' title='bbox 3489 4641 3645 4687; x_wconf 87' lang='grc' dir='ltr'>σου;</span> <span class='ocrx_word' id='word_1_929' title='bbox 3695 4628 3892 4696; x_wconf 80' lang='grc' dir='ltr'>λέγων.</span> 
     </span>
    </p>
   </div>
   <div class='ocr_carea' id='block_1_114' title="bbox 2239 4696 3897 4786">
    <p class='ocr_par' dir='ltr' id='par_1_114' title="bbox 2239 4696 3897 4786">
     <span class='ocr_line' id='line_1_114' title="bbox 2239 4696 3897 4786; baseline 0.014 -39"><span class='ocrx_word' id='word_1_930' title='bbox 2239 4696 2312 4747; x_wconf 86' lang='grc' dir='ltr'>υύ</span> <span class='ocrx_word' id='word_1_931' title='bbox 2345 4697 2451 4768; x_wconf 85' lang='grc' dir='ltr'>γάρ</span> <span class='ocrx_word' id='word_1_932' title='bbox 2478 4698 2703 4762; x_wconf 78' lang='grc' dir='ltr'>ἔσϐεσας</span> <span class='ocrx_word' id='word_1_933' title='bbox 2727 4702 2819 4755; x_wconf 82' lang='grc' dir='ltr'>τὸν</span> <span class='ocrx_word' id='word_1_934' title='bbox 2848 4702 3009 4756; x_wconf 86' lang='grc' dir='ltr'>πόθον</span> <span class='ocrx_word' id='word_1_935' title='bbox 3041 4705 3117 4775; x_wconf 82' lang='grc' dir='ltr'>τῷ</span> <span class='ocrx_word' id='word_1_936' title='bbox 3152 4706 3348 4778; x_wconf 86' lang='grc' dir='ltr'>φθόνῳ,</span> <span class='ocrx_word' id='word_1_937' title='bbox 3372 4710 3486 4763; x_wconf 78' lang='grc' dir='ltr'>ἀλλ’</span> <span class='ocrx_word' id='word_1_938' title='bbox 3511 4712 3723 4782; x_wconf 72' lang='grc' dir='ltr'>ἀνῆψας</span> <span class='ocrx_word' id='word_1_939' title='bbox 3756 4718 3897 4786; x_wconf 78' lang='grc' dir='ltr'>μᾶλ-</span> 
     </span>
    </p>
   </div>
   <div class='ocr_carea' id='block_1_115' title="bbox 2236 4784 3894 4869">
    <p class='ocr_par' dir='ltr' id='par_1_115' title="bbox 2236 4784 3894 4869">
     <span class='ocr_line' id='line_1_115' title="bbox 2236 4784 3894 4869; baseline 0.013 -34"><span class='ocrx_word' id='word_1_940' title='bbox 2236 4784 2326 4835; x_wconf 92' lang='grc' dir='ltr'>λον</span> <span class='ocrx_word' id='word_1_941' title='bbox 2350 4800 2362 4813; x_wconf 93' lang='grc'>·</span> <span class='ocrx_word' id='word_1_942' title='bbox 2392 4786 2490 4838; x_wconf 88' lang='grc' dir='ltr'>ούκ</span> <span class='ocrx_word' id='word_1_943' title='bbox 2515 4786 2830 4855; x_wconf 74' lang='grc' dir='ltr'>ἠλάττωσας</span> <span class='ocrx_word' id='word_1_944' title='bbox 2874 4791 2971 4860; x_wconf 83' lang='grc' dir='ltr'>τὴν</span> <span class='ocrx_word' id='word_1_945' title='bbox 3000 4793 3165 4863; x_wconf 82' lang='grc' dir='ltr'>τιμὴν</span> <span class='ocrx_word' id='word_1_946' title='bbox 3188 4797 3251 4863; x_wconf 79' lang='grc' dir='ltr'>τῇ</span> <span class='ocrx_word' id='word_1_947' title='bbox 3294 4800 3494 4869; x_wconf 79' lang='grc' dir='ltr'>σφαγῇ,</span> <span class='ocrx_word' id='word_1_948' title='bbox 3530 4799 3644 4852; x_wconf 84' lang='grc' dir='ltr'>ἀλλ’</span> <span class='ocrx_word' id='word_1_949' title='bbox 3673 4784 3894 4856; x_wconf 84' lang='grc' dir='ltr'>ἐπέτει-</span> 
     </span>
    </p>
   </div>
   <div class='ocr_carea' id='block_1_116' title="bbox 2238 4873 3896 4952">
    <p class='ocr_par' dir='ltr' id='par_1_116' title="bbox 2238 4873 3896 4952">
     <span class='ocr_line' id='line_1_116' title="bbox 2238 4873 3896 4952; baseline 0.013 -30"><span class='ocrx_word' id='word_1_950' title='bbox 2238 4889 2331 4935; x_wconf 88' lang='grc' dir='ltr'>νας</span> <span class='ocrx_word' id='word_1_951' title='bbox 2360 4873 2538 4927; x_wconf 87' lang='grc' dir='ltr'>πλέον.</span> <span class='ocrx_word' id='word_1_952' title='bbox 2570 4875 2681 4943; x_wconf 86' lang='grc' dir='ltr'>Πρὸ</span> <span class='ocrx_word' id='word_1_953' title='bbox 2704 4875 2889 4929; x_wconf 90' lang='grc' dir='ltr'>τούτου</span> <span class='ocrx_word' id='word_1_954' title='bbox 2924 4877 3022 4947; x_wconf 89' lang='grc' dir='ltr'>μὲν</span> <span class='ocrx_word' id='word_1_955' title='bbox 3052 4882 3158 4950; x_wconf 89' lang='grc' dir='ltr'>γάρ</span> <span class='ocrx_word' id='word_1_956' title='bbox 3188 4898 3267 4936; x_wconf 85' lang='grc' dir='ltr'>σοι</span> <span class='ocrx_word' id='word_1_957' title='bbox 3316 4885 3406 4937; x_wconf 77' lang='grc' dir='ltr'>καὶ</span> <span class='ocrx_word' id='word_1_958' title='bbox 3438 4886 3696 4952; x_wconf 78' lang='grc' dir='ltr'>ὑπέταξεν</span> <span class='ocrx_word' id='word_1_959' title='bbox 3727 4891 3896 4944; x_wconf 76' lang='grc' dir='ltr'>αύτέν</span> 
     </span>
    </p>
   </div>
   <div class='ocr_carea' id='block_1_117' title="bbox 2239 4960 3891 5045">
    <p class='ocr_par' dir='ltr' id='par_1_117' title="bbox 2239 4960 3891 5045">
     <span class='ocr_line' id='line_1_117' title="bbox 2239 4960 3891 5045; baseline 0.013 -35"><span class='ocrx_word' id='word_1_960' title='bbox 2239 4960 2265 5009; x_wconf 92' lang='lat'>6</span> <span class='ocrx_word' id='word_1_961' title='bbox 2294 4960 2457 5023; x_wconf 81' lang='grc' dir='ltr'>Θεόςο</span> <span class='ocrx_word' id='word_1_962' title='bbox 2504 4962 2690 5033; x_wconf 85' lang='grc' dir='ltr'>ἐπειδὴ</span> <span class='ocrx_word' id='word_1_963' title='bbox 2718 4963 2775 5016; x_wconf 79' lang='grc' dir='ltr'>δὲ</span> <span class='ocrx_word' id='word_1_964' title='bbox 2807 4964 2962 5018; x_wconf 81' lang='grc' dir='ltr'>αὑτὸν</span> <span class='ocrx_word' id='word_1_965' title='bbox 3005 4968 3228 5032; x_wconf 77' lang='grc' dir='ltr'>ἀνεῖλες,</span> <span class='ocrx_word' id='word_1_966' title='bbox 3262 4972 3353 5023; x_wconf 78' lang='grc' dir='ltr'>καὶ</span> <span class='ocrx_word' id='word_1_967' title='bbox 3394 4974 3792 5045; x_wconf 86' lang='grc' dir='ltr'>τετελευτηκώς</span> <span class='ocrx_word' id='word_1_968' title='bbox 3828 4995 3891 5032; x_wconf 84' lang='grc' dir='ltr'>σε</span> 
     </span>
    </p>
   </div>
   <div class='ocr_carea' id='block_1_118' title="bbox 2236 5049 3891 5131">
    <p class='ocr_par' dir='ltr' id='par_1_118' title="bbox 2236 5049 3891 5131">
     <span class='ocr_line' id='line_1_118' title="bbox 2236 5049 3891 5131; baseline 0.013 -36"><span class='ocrx_word' id='word_1_969' title='bbox 2236 5049 2606 5118; x_wconf 85' lang='grc' dir='ltr'>τιμωρήσεται</span> <span class='ocrx_word' id='word_1_970' title='bbox 2630 5066 2641 5079; x_wconf 91' lang='grc'>·</span> <span class='ocrx_word' id='word_1_971' title='bbox 2684 5050 2930 5106; x_wconf 88' lang='grc' dir='ltr'>τοσοῦτον</span> <span class='ocrx_word' id='word_1_972' title='bbox 2960 5056 3081 5121; x_wconf 78' lang='grc' dir='ltr'>ἐμοὶ</span> <span class='ocrx_word' id='word_1_973' title='bbox 3110 5060 3238 5127; x_wconf 86' lang='grc' dir='ltr'>παρ’</span> <span class='ocrx_word' id='word_1_974' title='bbox 3258 5059 3423 5112; x_wconf 87' lang='grc' dir='ltr'>αὐτοῦ</span> <span class='ocrx_word' id='word_1_975' title='bbox 3458 5061 3517 5113; x_wconf 85' lang='grc' dir='ltr'>τὸ</span> <span class='ocrx_word' id='word_1_976' title='bbox 3544 5062 3891 5131; x_wconf 77' lang='grc' dir='ltr'>φίλτρον.Τίς</span> 
     </span>
    </p>
   </div>
   <div class='ocr_carea' id='block_1_119' title="bbox 2236 5128 3888 5219">
    <p class='ocr_par' dir='ltr' id='par_1_119' title="bbox 2236 5128 3888 5219">
     <span class='ocr_line' id='line_1_119' title="bbox 2236 5128 3888 5219; baseline 0.012 -36"><span class='ocrx_word' id='word_1_977' title='bbox 2236 5128 2327 5184; x_wconf 76' lang='grc' dir='ltr'>οὖν</span> <span class='ocrx_word' id='word_1_978' title='bbox 2355 5132 2421 5202; x_wconf 80' lang='grc' dir='ltr'>ἦν</span> <span class='ocrx_word' id='word_1_979' title='bbox 2456 5137 2482 5187; x_wconf 89' lang='lat'>6</span> <span class='ocrx_word' id='word_1_980' title='bbox 2514 5136 2958 5205; x_wconf 85' lang='grc' dir='ltr'>καταδικασθείς;</span> <span class='ocrx_word' id='word_1_981' title='bbox 2994 5142 3021 5192; x_wconf 90' lang='grc' dir='ltr'>ό</span> <span class='ocrx_word' id='word_1_982' title='bbox 3052 5141 3312 5207; x_wconf 75' lang='grc' dir='ltr'>κολάζων,</span> <span class='ocrx_word' id='word_1_983' title='bbox 3350 5146 3379 5215; x_wconf 72' lang='grc' dir='ltr'>ἢ</span> <span class='ocrx_word' id='word_1_984' title='bbox 3418 5149 3444 5199; x_wconf 88' lang='lat'>6</span> <span class='ocrx_word' id='word_1_985' title='bbox 3490 5128 3888 5219; x_wconf 62' lang='grc' dir='ltr'>κολαζόμενοςς</span> 
     </span>
    </p>
   </div>
   <div class='ocr_carea' id='block_1_120' title="bbox 2235 5223 3888 5312">
    <p class='ocr_par' dir='ltr' id='par_1_120' title="bbox 2235 5223 3888 5312">
     <span class='ocr_line' id='line_1_120' title="bbox 2235 5223 3888 5312; baseline 0.009 -38"><span class='ocrx_word' id='word_1_986' title='bbox 2235 5223 2261 5273; x_wconf 86' lang='grc' dir='ltr'>ὁ</span> <span class='ocrx_word' id='word_1_987' title='bbox 2302 5223 2567 5295; x_wconf 89' lang='grc' dir='ltr'>τοσαύτης</span> <span class='ocrx_word' id='word_1_988' title='bbox 2607 5227 2886 5281; x_wconf 87' lang='grc' dir='ltr'>ἀπολαύων</span> <span class='ocrx_word' id='word_1_989' title='bbox 2920 5232 3068 5302; x_wconf 85' lang='grc' dir='ltr'>παρά</span> <span class='ocrx_word' id='word_1_990' title='bbox 3096 5232 3171 5303; x_wconf 75' lang='grc' dir='ltr'>τῷ</span> <span class='ocrx_word' id='word_1_991' title='bbox 3200 5232 3317 5303; x_wconf 81' lang='grc' dir='ltr'>Θεῷ</span> <span class='ocrx_word' id='word_1_992' title='bbox 3364 5234 3608 5306; x_wconf 85' lang='grc' dir='ltr'>τιμῆς,ῆ</span> <span class='ocrx_word' id='word_1_993' title='bbox 3650 5239 3677 5290; x_wconf 93' lang='lat'>6</span> <span class='ocrx_word' id='word_1_994' title='bbox 3725 5244 3888 5312; x_wconf 78' lang='grc' dir='ltr'>καινῇ</span> 
     </span>
    </p>
   </div>
   <div class='ocr_carea' id='block_1_121' title="bbox 2234 5311 3890 5395">
    <p class='ocr_par' dir='ltr' id='par_1_121' title="bbox 2234 5311 3890 5395">
     <span class='ocr_line' id='line_1_121' title="bbox 2234 5311 3890 5395; baseline 0.012 -37"><span class='ocrx_word' id='word_1_995' title='bbox 2234 5324 2337 5360; x_wconf 90' lang='grc' dir='ltr'>τινι</span> <span class='ocrx_word' id='word_1_996' title='bbox 2372 5311 2465 5362; x_wconf 77' lang='grc' dir='ltr'>καὶ</span> <span class='ocrx_word' id='word_1_997' title='bbox 2512 5312 2798 5383; x_wconf 80' lang='grc' dir='ltr'>παραδόξῳ</span> <span class='ocrx_word' id='word_1_998' title='bbox 2840 5314 3110 5385; x_wconf 90' lang='grc' dir='ltr'>διδόμενος</span> <span class='ocrx_word' id='word_1_999' title='bbox 3138 5320 3408 5390; x_wconf 85' lang='grc' dir='ltr'>τιμωρίᾳ;</span> <span class='ocrx_word' id='word_1_1000' title='bbox 3456 5323 3565 5375; x_wconf 74' lang='grc' dir='ltr'>Οὐκ</span> <span class='ocrx_word' id='word_1_1001' title='bbox 3613 5311 3890 5395; x_wconf 80' lang='grc' dir='ltr'>ἐφοϐήθης</span> 
     </span>
    </p>
   </div>
   <div class='ocr_carea' id='block_1_122' title="bbox 2234 5395 3885 5481">
    <p class='ocr_par' dir='ltr' id='par_1_122' title="bbox 2234 5395 3885 5481">
     <span class='ocr_line' id='line_1_122' title="bbox 2234 5395 3885 5481; baseline 0.013 -36"><span class='ocrx_word' id='word_1_1002' title='bbox 2234 5395 2391 5448; x_wconf 78' lang='grc' dir='ltr'>αὑτὸν</span> <span class='ocrx_word' id='word_1_1003' title='bbox 2430 5398 2625 5465; x_wconf 87' lang='grc' dir='ltr'>ζῶντα,</span> <span class='ocrx_word' id='word_1_1004' title='bbox 2659 5401 2853 5469; x_wconf 85' lang='grc' dir='ltr'>φησίν·</span> <span class='ocrx_word' id='word_1_1005' title='bbox 2903 5403 3095 5456; x_wconf 83' lang='grc' dir='ltr'>οὐκοῦν</span> <span class='ocrx_word' id='word_1_1006' title='bbox 3140 5405 3403 5477; x_wconf 85' lang='grc' dir='ltr'>φοϐήθητι</span> <span class='ocrx_word' id='word_1_1007' title='bbox 3449 5409 3885 5481; x_wconf 75' lang='grc' dir='ltr'>τελευτήσαντα·</span> 
     </span>
    </p>
   </div>
   <div class='ocr_carea' id='block_1_123' title="bbox 2233 5481 3888 5571">
    <p class='ocr_par' dir='ltr' id='par_1_123' title="bbox 2233 5481 3888 5571">
     <span class='ocr_line' id='line_1_123' title="bbox 2233 5481 3888 5571; baseline 0.013 -38"><span class='ocrx_word' id='word_1_1008' title='bbox 2233 5481 2331 5535; x_wconf 90' lang='grc' dir='ltr'>ούκ</span> <span class='ocrx_word' id='word_1_1009' title='bbox 2360 5483 2584 5554; x_wconf 85' lang='grc' dir='ltr'>ἔτρεμες</span> <span class='ocrx_word' id='word_1_1010' title='bbox 2616 5485 2819 5554; x_wconf 92' lang='grc' dir='ltr'>μέλλων</span> <span class='ocrx_word' id='word_1_1011' title='bbox 2848 5490 3081 5571; x_wconf 86' lang='grc' dir='ltr'>ἐπάγειν</span> <span class='ocrx_word' id='word_1_1012' title='bbox 3114 5491 3173 5543; x_wconf 91' lang='lat'><em>16</em></span> <span class='ocrx_word' id='word_1_1013' title='bbox 3203 5492 3353 5560; x_wconf 82' lang='grc' dir='ltr'>ξίφος</span> <span class='ocrx_word' id='word_1_1014' title='bbox 3374 5508 3388 5523; x_wconf 78' lang='grc'><strong>⁸</strong></span> <span class='ocrx_word' id='word_1_1015' title='bbox 3419 5496 3669 5567; x_wconf 84' lang='grc' dir='ltr'>ληφθήσῃ</span> <span class='ocrx_word' id='word_1_1016' title='bbox 3696 5500 3888 5571; x_wconf 79' lang='grc' dir='ltr'>τρόμῳ</span> 
     </span>
    </p>
   </div>
   <div class='ocr_carea' id='block_1_124' title="bbox 2238 5569 3885 5657">
    <p class='ocr_par' dir='ltr' id='par_1_124' title="bbox 2238 5569 3885 5657">
     <span class='ocr_line' id='line_1_124' title="bbox 2238 5569 3885 5657; baseline 0.012 -38"><span class='ocrx_word' id='word_1_1017' title='bbox 2238 5569 2370 5636; x_wconf 86' lang='grc' dir='ltr'>μετά</span> <span class='ocrx_word' id='word_1_1018' title='bbox 2398 5571 2458 5623; x_wconf 90' lang='lat'>16</span> <span class='ocrx_word' id='word_1_1019' title='bbox 2492 5572 2675 5640; x_wconf 82' lang='grc' dir='ltr'>ἐκχέαι</span> <span class='ocrx_word' id='word_1_1020' title='bbox 2716 5577 2776 5626; x_wconf 86' lang='lat'>16</span> <span class='ocrx_word' id='word_1_1021' title='bbox 2806 5570 2942 5645; x_wconf 67' lang='grc' dir='ltr'>αἷμα</span> <span class='ocrx_word' id='word_1_1022' title='bbox 2969 5578 3236 5647; x_wconf 81' lang='grc' dir='ltr'>διηνεκεῖ·</span> <span class='ocrx_word' id='word_1_1023' title='bbox 3278 5580 3385 5645; x_wconf 86' lang='grc' dir='ltr'>ζῶν</span> <span class='ocrx_word' id='word_1_1024' title='bbox 3432 5600 3513 5637; x_wconf 91' lang='grc' dir='ltr'>σοι</span> <span class='ocrx_word' id='word_1_1025' title='bbox 3566 5569 3746 5648; x_wconf 80' lang='grc' dir='ltr'>δοῦλος</span> <span class='ocrx_word' id='word_1_1026' title='bbox 3789 5569 3885 5657; x_wconf 66' lang='grc' dir='ltr'>ἦν,</span> 
     </span>
    </p>
   </div>
   <div class='ocr_carea' id='block_1_125' title="bbox 2234 5657 3886 5743">
    <p class='ocr_par' dir='ltr' id='par_1_125' title="bbox 2234 5657 3886 5743">
     <span class='ocr_line' id='line_1_125' title="bbox 2234 5657 3886 5743; baseline 0.011 -37"><span class='ocrx_word' id='word_1_1027' title='bbox 2234 5657 2323 5707; x_wconf 71' lang='grc' dir='ltr'>καὶ</span> <span class='ocrx_word' id='word_1_1028' title='bbox 2352 5657 2449 5709; x_wconf 80' lang='grc' dir='ltr'>οὑκ</span> <span class='ocrx_word' id='word_1_1029' title='bbox 2487 5658 2729 5726; x_wconf 80' lang='grc' dir='ltr'>ἠνείχου·</span> <span class='ocrx_word' id='word_1_1030' title='bbox 2781 5662 2868 5715; x_wconf 75' lang='grc' dir='ltr'>διά</span> <span class='ocrx_word' id='word_1_1031' title='bbox 2916 5664 3069 5718; x_wconf 83' lang='grc' dir='ltr'>τοῦτο</span> <span class='ocrx_word' id='word_1_1032' title='bbox 3117 5667 3460 5739; x_wconf 82' lang='grc' dir='ltr'>τελευτήσας,</span> <span class='ocrx_word' id='word_1_1033' title='bbox 3491 5672 3751 5743; x_wconf 80' lang='grc' dir='ltr'>δεσπότης</span> <span class='ocrx_word' id='word_1_1034' title='bbox 3802 5692 3886 5730; x_wconf 79' lang='grc' dir='ltr'>σοι</span> 
     </span>
    </p>
   </div>
   <div class='ocr_carea' id='block_1_126' title="bbox 2298 5867 3844 5950">
    <p class='ocr_par' dir='ltr' id='par_1_126' title="bbox 2298 5867 3844 5950">
     <span class='ocr_line' id='line_1_126' title="bbox 2298 5867 3844 5950; baseline 0.007 -26"><span class='ocrx_word' id='word_1_1035' title='bbox 2298 5870 2319 5895; x_wconf 81' lang='grc'><strong>⁰</strong></span> <span class='ocrx_word' id='word_1_1036' title='bbox 2358 5867 2453 5916; x_wconf 64' lang='grc' dir='ltr'>Μδε</span> <span class='ocrx_word' id='word_1_1037' title='bbox 2499 5876 2572 5916; x_wconf 62' lang='grc' dir='ltr'>καὶ</span> <span class='ocrx_word' id='word_1_1038' title='bbox 2597 5873 2711 5928; x_wconf 57' lang='grc' dir='ltr'>ἧβαι.</span> <span class='ocrx_word' id='word_1_1039' title='bbox 2738 5876 2813 5922; x_wconf 71' lang='grc' dir='ltr'>καὶ</span> <span class='ocrx_word' id='word_1_1040' title='bbox 2840 5875 3091 5937; x_wconf 69' lang='grc' dir='ltr'>ἐχειροῦιο.</span> <span class='ocrx_word' id='word_1_1041' title='bbox 3116 5882 3193 5941; x_wconf 68' lang='grc' dir='ltr'>[Α.</span> <span class='ocrx_word' id='word_1_1042' title='bbox 3220 5885 3398 5932; x_wconf 76' lang='lat' dir='ltr'>omum</span> <span class='ocrx_word' id='word_1_1043' title='bbox 3432 5883 3553 5945; x_wconf 63' lang='lat' dir='ltr'>hac,</span> <span class='ocrx_word' id='word_1_1044' title='bbox 3577 5888 3649 5934; x_wconf 68' lang='lat' dir='ltr'>mi</span> <span class='ocrx_word' id='word_1_1045' title='bbox 3674 5888 3844 5950; x_wconf 58' lang='lat' dir='ltr'>ship“.</span> 
     </span>
    </p>
   </div>
  </div>
