4108 6340
249 370 355 427 865

247 487 419 543 vicem
450 484 806 553 custodimus,
837 494 893 540 et
914 483 1004 540 alii
1028 481 1099 537 ab
1121 481 1237 536 aliis
1268 491 1543 543 cavemus,
1564 474 1632 529 ad
1655 488 1838 527 aurem

251 580 499 651 proximo
524 578 816 649 loquimur,
847 586 903 633 et
924 577 1031 631 alio
1060 572 1473 645 superveniente
1495 578 1753 629 tacemus,
1778 577 1841 617 ac

251 673 320 727 de
348 670 531 728 medio
549 671 727 726 omnia
760 669 998 724 tollimus
1025 676 1079 723 et
1104 664 1489 735 supprimimus
1521 678 1535 714 :
1565 655 1705 729 quod
1734 670 1839 709 non

247 763 550 829 fidentium,
581 762 675 817 sed
702 760 991 816 admodum
1020 757 1324 815 caventium
1366 762 1469 809 est.
1496 750 1697 807 Verum
1737 746 1841 802 hoc

245 853 495 922 facimus,
526 854 758 923 inquies,
783 868 890 908 non
934 860 993 907 ut
1020 850 1270 921 iniuriam
1311 845 1629 909 inferamus,
1660 839 1753 897 sed
1784 846 1841 892 ut

242 959 315 1000 ne
345 945 634 1015 patiamur.
664 942 790 1000 Ideo
820 943 1001 1013 lugeo,
1034 938 1177 1011 quod
1207 952 1328 993 cum
1360 937 1501 991 inter
1532 932 1728 987 fratres
1755 929 1807 983 vi

242 1050 453 1099 ramus,
484 1034 729 1090 custodia
758 1048 895 1105 opus
924 1031 1240 1096 habeamus,
1270 1042 1340 1083 ne
1366 1024 1650 1089 laudamur,
1680 1029 1734 1075 et
1762 1027 1838 1073 tot

242 1128 397 1197 ignes
443 1123 823 1190 accendamus,
855 1137 919 1178 ac
947 1120 1222 1177 custodias
1270 1116 1623 1189 speculasque
1667 1125 1837 1182 pona-

238 1229 384 1271 mus.
407 1214 461 1269 ln
490 1228 651 1270 causa
677 1223 858 1269 autem
884 1221 967 1269 est
990 1209 1329 1267 mendacium
1360 1206 1633 1277 frequens,
1658 1201 1836 1268 dolus,

239 1305 441 1362 caritas
468 1303 537 1361 de
566 1303 748 1361 medio
791 1303 1024 1371 sublata,
1070 1299 1396 1372 inexpiabile
1438 1298 1660 1355 bellum.
1713 1293 1838 1348 Ideo

240 1396 442 1451 multos
490 1396 785 1463 inveneris,
834 1394 1125 1466 gentilibus
1156 1392 1326 1463 magis
1375 1390 1626 1455 fidentes,
1676 1400 1834 1457 quam

237 1485 585 1543 Christianis.
608 1487 772 1559 Atqui
801 1488 917 1543 hanc
943 1494 1148 1558 quanto
1178 1486 1383 1557 pudore
1412 1483 1593 1554 digna,
1621 1478 1836 1551 quantis

238 1574 514 1650 lacrymis,
559 1579 772 1650 quantis
814 1576 1146 1647 ejulatibus?
1193 1576 1262 1631 Et
1306 1573 1435 1646 quid
1482 1572 1699 1637 faciam,
1752 1569 1835 1625 iu-

237 1669 438 1738 quies?
482 1669 727 1725 moribus
768 1683 927 1739 asper
952 1668 1042 1723 ille
1074 1668 1193 1723 talis
1220 1676 1305 1723 est
1333 1674 1387 1721 et
1418 1664 1720 1736 improbus.
1769 1661 1836 1716 Et

236 1775 499 1831 quorsum
530 1761 662 1817 abiit
691 1761 1031 1833 philosophia
1060 1761 1196 1816 tua?
1236 1774 1493 1829 quorsum
1526 1755 1835 1828 apostolicae

237 1851 408 1922 leges,
435 1868 556 1924 qua;
603 1853 795 1923 jubent
847 1853 1077 1909 alterum
1119 1851 1341 1907 alterius
1371 1865 1533 1905 onera
1583 1846 1835 1919 portare?

234 1942 371 1998 Nam
397 1943 443 1998 si
472 1942 639 1998 fratre
670 1944 744 1997 uti
788 1943 986 2010 nescis,
1017 1956 1125 2013 quo
1156 1950 1315 2011 pacto
1362 1940 1498 1995 bene
1528 1940 1601 1993 uti
1634 1937 1835 2009 poteris

233 2035 455 2091 alieno?
504 2035 549 2092 si
596 2035 898 2090 membrum
932 2043 1079 2089 tuum
1111 2041 1450 2087 contrectare
1480 2031 1676 2096 nescis,
1699 2044 1833 2100 quo-

242 2126 409 2181 modo
444 2136 759 2181 extraneum
802 2123 1074 2180 attrahere
1122 2124 1321 2193 tibique
1368 2122 1693 2191 conjungere
1736 2134 1831 2175 va-

233 2216 390 2271 leas?
440 2216 547 2273 Sed
594 2217 721 2287 quid
774 2216 1011 2272 faciam?
1076 2215 1151 2270 Ex
1208 2214 1567 2269 amaritudine
1627 2211 1695 2267 ad
1749 2212 1833 2267 la-

230 2323 448 2378 crymas
475 2306 776 2364 fundendus
826 2309 961 2364 mire
1006 2322 1307 2377 pt-Opensus
1350 2321 1489 2373 sum,
1537 2305 1715 2361 fontes
1764 2320 1831 2360 ex

231 2398 405 2453 oculis
458 2399 665 2465 emitto,
697 2398 994 2454 secundum
1039 2399 1358 2470 prophetam
1419 2398 1568 2453 illum
1599 2439 1614 2464 ,
1691 2397 1830 2451 bella

230 2489 516 2546 innumera
544 2491 647 2546 hoc
684 2491 737 2546 in
763 2505 955 2562 campo
1001 2491 1189 2546 videns
1239 2492 1477 2547 externis
1519 2491 1672 2545 bellis
1711 2505 1833 2560 gra-

230 2581 409 2636 viora.
439 2581 537 2637 llle
566 2597 800 2653 namque
845 2583 1109 2638 barbaros
1140 2584 1411 2638 irruentes
1440 2584 1650 2647 videns,
1678 2583 1829 2637 dice.

229 2672 369 2727 bat:
410 2671 592 2727 Venire
622 2689 731 2728 meo
776 2673 925 2728 doleo
971 2671 1107 2744 (Jer.
1141 2675 1196 2729 4.
1251 2674 1339 2746 19)
1369 2692 1384 2729 :
1416 2690 1516 2745 ego
1562 2689 1689 2729 vero
1730 2675 1830 2730 sub

230 2777 345 2819 uno
392 2762 723 2835 lmperatore
770 2764 1064 2820 instructos
1092 2764 1302 2832 videns,
1335 2766 1531 2821 deinde
1556 2775 1741 2821 contra
1769 2780 1830 2821 se

227 2866 420 2911 mutuo
466 2865 692 2922 stantes,
724 2856 1059 2925 mordentes,
1093 2858 1467 2928 discerpentes
1511 2858 1646 2913 alios
1690 2857 1823 2913 alio-

226 2964 350 3004 rum
384 2950 646 3015 membra,
679 2950 816 3004 alios
842 2950 1209 3020 pecuniarum,
1242 2951 1376 3005 alios
1398 2950 1583 3020 gloria:
1631 2965 1825 3016 causa,

222 3041 365 3095 alios
415 3039 532 3095 sine
575 3054 738 3095 causa
781 3054 873 3103 ac.
901 3049 1102 3095 temere
1151 3039 1436 3095 irridentes
1482 3055 1547 3095 ac
1594 3039 1824 3095 subsan-

226 3141 462 3197 nantes,
520 3140 576 3187 et
628 3132 776 3188 mille
830 3134 1047 3188 vulnera
1091 3133 1193 3187 sibi
1251 3142 1437 3187 mutuo
1482 3132 1823 3203 indigentes,

231 3231 476 3279 mortuos
499 3224 584 3290 iis,
615 3224 704 3296 qui
738 3226 789 3279 in
820 3224 987 3288 bello,
1020 3225 1237 3296 gravius
1266 3239 1459 3291 caasos,
1492 3224 1823 3297 fratrpmque

227 3327 428 3369 nomen
459 3314 661 3370 nudum
691 3325 746 3370 et
793 3330 1019 3369 vacuum
1062 3315 1331 3381 relictum,
1363 3316 1657 3371 lamentum
1704 3318 1824 3372 nul-

222 3405 337 3458 lum
356 3404 570 3475 reperio
588 3405 691 3461 hac
711 3405 968 3477 tragtedia
980 3404 1226 3478 dignum.
1245 3407 1618 3463 Revereamini
1642 3409 1821 3479 igitur,

224 3497 583 3552 revercamini
628 3497 768 3553 hanc
812 3513 1077 3565 mensam,
1116 3499 1269 3569 cujus
1312 3499 1603 3569 participes
1631 3516 1819 3555 sumus

221 3601 437 3654 omnes,
485 3586 757 3643 Christum
811 3605 907 3658 pro
962 3590 1117 3644 nobis
1165 3591 1402 3645 occisum
1432 3631 1446 3656 ,
1499 3592 1823 3647 sacriﬁcium

222 3680 353 3737 huic
378 3696 581 3737 mensa:
612 3681 945 3752 impositum.
988 3682 1280 3739 Praedones
1309 3686 1467 3738 unius
1496 3685 1625 3739 salis
1654 3686 1820 3755 parti-

218 3772 394 3843 cipes,
425 3786 530 3828 non
564 3773 704 3828 ultra
733 3772 1016 3843 praedones
1045 3782 1170 3828 sunt
1211 3789 1337 3844 erga
1366 3789 1479 3842 eos,
1504 3775 1821 3845 quibuscum

221 3866 648 3931 communicant,
679 3865 774 3921 sed
805 3880 989 3921 mensa
1018 3880 1198 3919 mores
1226 3874 1416 3931 mutat,
1450 3875 1505 3921 et
1536 3865 1664 3921 feris
1692 3866 1822 3937 ipsis

221 3957 590 4021 eﬂ‘cratiores,
622 3958 813 4011 ovibus
846 3956 1240 4012 mansuetiores
1288 3956 1483 4011 reddit.
1536 3957 1646 4013 Nos
1689 3974 1821 4013 vero

216 4044 316 4115 qui
350 4045 469 4100 talis
504 4060 727 4110 mensae,
755 4046 881 4101 talis
912 4047 1018 4101 cibi
1050 4047 1338 4117 participes
1360 4062 1567 4112 sumus,
1597 4049 1686 4103 alii
1728 4049 1821 4105 ad-

221 4150 418 4191 versus
459 4136 596 4192 alios
625 4152 776 4192 arma
821 4138 1108 4203 sumimus,
1142 4152 1262 4193 cum
1311 4149 1584 4207 oporteret
1632 4151 1819 4195 contra

214 4229 494 4285 diabolum
554 4244 655 4285 nos
704 4244 892 4285 omnes
936 4241 1331 4300 Oppugnantem
1392 4233 1557 4287 armis
1603 4232 1817 4289 instrui.

214 4321 459 4393 Ideoque
490 4337 587 4377 nos
621 4320 975 4390 infirmiores,
1020 4322 1110 4377 ille
1141 4324 1329 4379 fortior
1354 4325 1591 4397 quotidie
1616 4326 1814 4384 evadit.

212 4417 338 4472 Non
380 4419 523 4473 enim
561 4426 746 4473 mutuo
773 4432 963 4474 omnes
984 4427 1173 4474 contra
1219 4419 1367 4475 illum
1395 4435 1689 4488 amamur,
1721 4421 1817 4477 sed

213 4523 345 4562 cum
378 4507 469 4561 illo
496 4519 682 4563 contra
733 4508 925 4564 fratres
956 4518 1184 4577 stamus,
1216 4519 1272 4566 et
1325 4511 1417 4566 illo
1446 4512 1582 4568 duce
1628 4513 1679 4567 in
1726 4514 1815 4569 tali

213 4591 339 4646 acie
368 4592 587 4658 utimur,
620 4608 744 4647 cum
777 4602 1055 4663 oporteret
1081 4594 1230 4649 illum
1272 4597 1443 4651 solum
1472 4612 1811 4669 oppugnare.

213 4681 375 4737 Nunc
396 4693 571 4738 autem
600 4684 692 4739 illo
729 4685 941 4750 relicto,
959 4695 1147 4740 contra
1178 4686 1371 4742 fratres
1396 4688 1502 4743 tela
1528 4690 1811 4748 vertimus.

214 4774 353 4840 Qua:
405 4774 529 4841 tela,
561 4775 820 4845 inquies?
868 4776 997 4844 Quae
1027 4778 1097 4833 ab
1137 4794 1233 4834 ore
1264 4788 1319 4835 et
1366 4781 1544 4852 lingua
1596 4784 1813 4852 profici-

212 4872 463 4919 scuntur.
496 4864 613 4920 Non
644 4868 787 4921 enim
810 4870 1020 4938 sagittae
1045 4879 1099 4923 et
1133 4871 1237 4927 tela
1270 4879 1497 4939 tantum,
1530 4874 1625 4929 sed
1651 4882 1813 4931 etiam

214 4954 381 5009 verba
413 4956 688 5010 acerbiora
734 4972 895 5027 quam
947 4960 1155 5030 sagitta:
1180 4962 1398 5017 vulnera
1428 4964 1692 5036 inﬂigunt.
1748 4968 1813 5022 Et

214 5045 513 5115 quomodo,
538 5048 766 5117 inquies,
798 5051 1093 5118 poterimus
1118 5051 1222 5107 hoc
1245 5053 1445 5109 bellum
1476 5056 1727 5112 solvere?
1755 5057 1809 5113 Si

213 5136 540 5206 cogitaveris
572 5148 645 5203 te,
690 5155 812 5193 eum
840 5151 1027 5196 contra
1080 5143 1298 5202 fratrem
1348 5147 1604 5217 loqueris,
1644 5150 1810 5205 lutum

215 5242 289 5281 ex
333 5242 428 5281 ore
473 5226 782 5293 effundere;
832 5231 879 5287 si
928 5234 1269 5303 cogitaveris,
1313 5238 1455 5308 quod
1509 5241 1808 5296 membrum

215 5319 419 5376 Christi
447 5321 809 5389 calumniaris,
842 5326 984 5395 quod
1012 5342 1206 5385 carnes
1235 5339 1351 5387 tuas
1377 5336 1637 5399 comedis,
1667 5337 1807 5407 quod

217 5410 314 5466 tibi
349 5412 580 5468 tribunal
608 5415 737 5469 illud
786 5417 1110 5474 horrendum
1141 5431 1197 5477 et
1242 5422 1604 5495 incorruptum
1653 5444 1807 5485 accr-

215 5502 338 5557 hius
368 5503 583 5571 reddis;
633 5508 775 5577 quod
806 5517 968 5563 letum
999 5526 1103 5565 non
1133 5528 1256 5569 eum
1284 5518 1372 5585 qui
1416 5518 1553 5575 ictus
1579 5530 1678 5587 est,
1711 5522 1803 5577 sed

214 5608 268 5652 te
294 5598 384 5664 qui
430 5598 655 5653 emisisti
681 5601 909 5656 occidat.
944 5603 1142 5659 Verum
1188 5623 1275 5663 me
1324 5610 1516 5679 injuria
1557 5622 1610 5667 et
1664 5615 1805 5668 malo

211 5688 429 5743 atl'ccit?
479 5689 803 5761 lngemisce,
838 5710 935 5750 nec
967 5683 1103 5751 male
1154 5699 1424 5767 loquaris;
1480 5702 1800 5773 lacrymarc,

211 5794 320 5834 non
351 5780 421 5836 ob
462 5780 713 5852 injuriam
757 5797 1052 5858 acceptam,
1088 5790 1179 5846 sed
1204 5792 1271 5846 ob
1304 5792 1446 5849 illius
1477 5794 1790 5865 perniciem,

1398 363 1462 419 ΙΝ
1502 358 1716 418 EPIST.
1761 356 1852 413 AD
1891 354 2056 411 ROM.
2100 352 2330 409 llOMlL.
2375 352 2508 409 \‘lll.

3448 358 3553 415 ‘36

1957 478 2012 522 ut
2043 468 2300 523 Dominus
2332 477 2456 523 tuus
2504 465 2698 522 Judam
2754 466 3081 539 lacrymatus
3121 474 3224 533 cst,
3272 481 3377 520 non
3408 467 3554 536 quod

1952 561 2065 630 ipsc
2093 560 2522 631 crucifigeretur,
2556 558 2650 613 sed
2678 559 2821 629 quod
2855 559 2945 613 ille
2969 559 3243 629 proderet.
3275 557 3471 627 lnjuria
3496 573 3548 613 ct

1947 651 2272 705 contumelia
2302 660 2353 705 te
2379 649 2594 705 affecit?
2626 650 2794 704 Deum
2828 664 3073 718 precare,
3102 659 3159 703 ut
3186 649 3259 703 illi
3289 650 3397 704 cito
3426 666 3552 720 pro-

1948 742 2110 812 pitius
2133 742 2241 796 fiat.
2264 741 2455 797 Frater
2480 750 2566 797 est
2595 752 2739 808 tuus,
2758 741 2950 797 eodem
2983 752 3137 811 partu
3171 752 3349 808 natus,
3378 756 3549 797 mem-

1947 834 2101 889 brum
2149 845 2319 903 tuum,
2349 834 2417 890 ad
2461 834 2709 890 eamdem
2758 825 2982 892 vocatus
3011 843 3098 890 cst
3141 850 3407 891 mensam.
3434 835 3546 891 Sed

1945 926 2139 997 magis,
2169 926 2411 997 inquies,
2448 924 2581 980 mihi
2635 926 2877 981 insultat.
2931 925 3097 997 Igitur
3146 928 3318 997 major
3345 937 3397 981 et
3426 944 3545 981 ant-

1946 1015 2084 1084 plior
2110 1016 2214 1070 erit
2244 1032 2473 1073 merces.
2507 1016 2619 1072 llac
2645 1016 2714 1072 de
2743 1032 2905 1073 causa
2948 1019 3183 1074 ntaxime
3215 1019 3348 1074 iram
3376 1018 3543 1089 depo-

1944 1121 2076 1163 nere
2104 1122 2200 1177 par
2228 1116 2331 1175 est,
2357 1108 2481 1179 quia
2514 1107 2769 1163 lethalem
2803 1108 2893 1163 ille
2920 1110 3131 1181 plagam
3162 1110 3391 1181 accepit,
3422 1114 3547 1183 quia

1945 1200 2246 1253 vulneravit
2296 1200 2447 1254 illum
2479 1200 2750 1256 diabolus.

2014 1290 2067 1345 9.
2111 1291 2189 1347 Ne
2230 1292 2412 1362 igitur,
2448 1300 2505 1347 tu
2531 1306 2747 1364 quoque
2787 1293 2971 1359 ferias,
3015 1308 3190 1364 neque
3220 1301 3274 1349 te
3301 1308 3426 1350 cum
3452 1294 3548 1350 illo

1942 1380 2186 1448 dejicias.
2222 1381 2404 1437 Donec
2454 1381 2600 1437 enim
2650 1392 2785 1449 stas,
2818 1391 2973 1453 potes
3018 1392 3075 1439 et
3104 1384 3257 1439 illum
3285 1399 3544 1441 servare:

1941 1472 1987 1526 si
2024 1487 2155 1527 vero
2182 1482 2233 1527 te
2256 1472 2535 1543 dirumpas
2564 1483 2622 1528 ut
2648 1474 3031 1531 contumeliam
3055 1477 3382 1533 contumelia
3414 1467 3573 1532 ulci-I

1941 1564 2127 1628 scaris,
2158 1565 2279 1635 quis
2323 1580 2416 1620 vos
2457 1565 2717 1636 deinceps
2757 1566 2971 1638 eriget?
3003 1567 3163 1623 illene
3194 1570 3548 1626 vulneratus?

1940 1657 2011 1711 At
2040 1672 2144 1710 non
2171 1657 2596 1728 poteritjacens.
2632 1662 2712 1713 An
2743 1668 2818 1725 tu,
2847 1660 2937 1730 qui
2980 1674 3103 1715 cum
3138 1661 3230 1715 illo
3259 1661 3544 1717 cecidisti?

1940 1746 2009 1801 Et
2036 1747 2310 1817 quomodo
2338 1748 2428 1818 qui
2475 1748 2570 1803 tibi
2602 1764 2709 1803 non
2745 1749 2968 1819 potuisti
3000 1766 3218 1805 manum
3247 1752 3541 1824 porrigere,

1938 1839 2094 1893 alteri
2139 1840 2379 1909 poteris?
2424 1840 2520 1896 Sta
2562 1841 2725 1912 igitur
2750 1856 3038 1913 generose,
3070 1842 3324 1914 clypeum
3373 1859 3545 1915 appo-

1939 1945 2099 1995 nens,
2132 1940 2188 1987 et
2214 1942 2482 1988 mortuum
2526 1933 2748 1990 fratrem
2789 1950 2888 2005 per
2933 1936 3248 2004 patientiam
3274 1954 3340 1992 ex
3368 1952 3544 2009 pugna

1938 2022 2183 2077 extrahe.
2217 2022 2300 2077 lra
2322 2024 2566 2079 confodit
2589 2025 2740 2080 illum
2759 2025 2797 2080 τ’
2821 2019 2898 2081 Ne
2922 2035 2974 2080 tu
3003 2042 3219 2098 quoque
3238 2024 3541 2096 confodias,

1937 2115 2031 2172 scd
2066 2115 2215 2185 prius
2246 2116 2410 2170 telum
2443 2118 2635 2172 avelle.
2666 2117 2721 2174 Si
2750 2134 2983 2190 namque
3012 2119 3093 2175 sic
3136 2129 3326 2179 mutuo
3355 2137 3545 2177 verse-

1938 2226 2078 2277 mur,
2110 2213 2219 2267 cito
2244 2213 2360 2267 sani
2400 2227 2591 2269 onmes
2630 2215 2866 2279 erimus;
2906 2216 2951 2270 si
2998 2230 3131 2270 vero
3176 2214 3315 2272 alter
3355 2225 3544 2272 contra

1940 2303 2163 2359 alterum
2191 2316 2450 2371 armetur,
2486 2323 2591 2361 non
2616 2306 2729 2377 jam
2762 2308 2979 2363 diabolo
3009 2323 3146 2379 opus
3178 2310 3284 2365 erit
3311 2310 3377 2370 ad
3422 2325 3546 2381 per-

1938 2394 2132 2449 niciem
2181 2406 2443 2454 nostram.
2487 2397 2661 2454 Omne
2693 2400 2892 2471 quippe
2934 2400 3136 2455 bellum
3186 2402 3543 2471 perniciosum

1936 2497 2039 2553 est,
2070 2487 2165 2541 sed
2192 2489 2424 2545 maxime
2450 2490 2792 2545 intestinum.
2826 2492 2895 2546 At
2926 2490 3027 2546 hoc
3055 2492 3259 2547 bellum
3288 2493 3546 2549 intestino

1934 2579 2177 2635 deterius
2204 2588 2306 2647 est,
2337 2592 2539 2653 quanto
2581 2583 2787 2653 majora
2830 2591 2957 2638 sunt
3003 2584 3160 2654 hujus
3194 2593 3394 2640 nostra:
3421 2587 3545 2640 vita:

1935 2673 2180 2741 rationis,
2217 2674 2327 2729 imo
2366 2676 2530 2731 etiam
2580 2676 2921 2747 cognationis
2965 2677 3107 2747 jura.
3156 2676 3365 2734 Occidit
3411 2679 3543 2735 olim

1935 2764 2157 2818 Abeletn
2207 2764 2392 2832 frater,
2430 2773 2485 2821 et
2524 2776 2813 2837 cognatum
2858 2766 3049 2822 effudit
3097 2769 3457 2841 sanguinem:
3490 2778 3547 2824 at

1933 2852 2050 2908 hare
2075 2854 2253 2910 credes
2280 2856 2367 2910 illa
2395 2866 2479 2912 est
2504 2858 2757 2927 iniquior,
2792 2868 2994 2929 quanto
3025 2868 3080 2914 et
3109 2860 3281 2929 major
3304 2868 3390 2916 est
3417 2860 3540 2914 affi-

1932 2945 2095 3009 nitas,
2128 2956 2183 3001 et
2222 2949 2414 3003 mortis
2460 2950 2681 3018 gravior
2728 2951 2887 3004 ratio.
2940 2949 3036 3005 lllc
3084 2965 3317 3021 namque
3346 2965 3544 3020 corpus

1931 3034 2213 3104 confudit;
2264 3047 2317 3092 tu
2357 3053 2486 3093 vero
2530 3048 2720 3094 contra
2769 3039 3005 3094 animam
3054 3040 3291 3111 gladium
3323 3042 3540 3097 acuisti.

1930 3126 2036 3183 Sed
2072 3138 2125 3184 tu
2176 3130 2327 3200 prior
2354 3130 2495 3186 male
2540 3146 2730 3201 passus
2775 3133 2876 3186 es?
2909 3131 3109 3187 Verum
3142 3148 3248 3187 non
3283 3133 3415 3203 pati,
3444 3135 3541 3189 sed

1931 3218 2129 3286 facere,
2154 3222 2293 3277 male
2320 3224 2428 3292 pati
2461 3231 2563 3278 est.
2594 3224 2826 3280 Attende
2852 3234 3034 3280 autem
3056 3244 3069 3278 :
3089 3226 3354 3295 jugulavit
3381 3226 3538 3292 Cain,

1925 3312 2200 3382 jugulatus
2223 3325 2306 3369 est
2334 3315 2505 3370 Abel:
2538 3326 2658 3371 uter
2679 3332 2808 3387 ergo
2832 3328 3079 3372 mortuus
3104 3318 3259 3373 erat?
3291 3318 3394 3386 Qui
3418 3331 3537 3389 post

1931 3415 2161 3461 mortem
2186 3408 2456 3463 clamabat
2481 3426 2494 3461 :
2528 3424 2651 3464 nam
2691 3407 2805 3463 Vox
2828 3411 3095 3480 sanguinis
3116 3410 3241 3464 Abel
3266 3412 3444 3482 fratris
3467 3413 3541 3464 tui

1929 3499 2115 3552 clamat
2163 3500 2232 3552 ad
2272 3516 2351 3553 me
2381 3498 2536 3570 (Gen.
2566 3501 2626 3555 4.
2662 3500 2777 3572 10),
2829 3502 3038 3571 inquit;
3093 3517 3160 3556 an
3192 3503 3236 3557 is
3264 3504 3358 3573 qui
3386 3502 3539 3559 vivus

1932 3591 2194 3645 tremebat
2226 3591 2601 3662 timebatque?
2643 3592 2740 3648 llic
2782 3592 2951 3659 enim,
2982 3593 3070 3648 hic
3099 3594 3293 3664 quovis
3322 3603 3539 3650 mortuo

1928 3680 2285 3736 miserabilior
2323 3691 2458 3737 erat.
2490 3682 2684 3739 Videu‘
2711 3685 2854 3754 quod
2893 3685 3089 3740 melius
3130 3688 3202 3742 sit
3230 3686 3426 3756 injuria
3458 3688 3537 3741 af-

1926 3770 2035 3837 ﬁci,
2068 3773 2228 3827 etiam
2269 3771 2338 3826 ad
2379 3773 2584 3829 caedem
2631 3776 2843 3845 usque?
2892 3776 3049 3832 Disce
3079 3777 3351 3847 quomodo
3382 3778 3537 3849 pejus

1927 3863 1996 3917 sit
2026 3863 2217 3932 injuria
2246 3864 2500 3929 afficere,
2530 3866 2744 3922 etiamsi
2777 3883 2947 3938 usque
2973 3868 3040 3924 ad
3066 3871 3382 3941 sanguinem
3412 3873 3535 3943 quis

1926 3955 2235 4024 praevaleat.
2266 3956 2543 4012 PercuSsit
2568 3966 2621 4012 et
2650 3960 2942 4029 prostravit
2967 3958 3190 4018 fratrem
3222 3976 3381 4018 suum
3406 3962 3529 4029 ille;

1926 4048 2019 4102 sed
2061 4048 2150 4103 ille
2182 4050 2396 4118 quidem
2426 4051 2809 4117 coronabatur,
2833 4051 2919 4107 hic
2948 4063 3135 4107 contra
3168 4053 3529 4123 puniebatur:

1926 4148 2122 4207 praeter
2164 4139 2256 4209 jus
2304 4140 2516 4196 occisus
2561 4150 2617 4195 et
2660 4139 2941 4211 iugulatus
2971 4151 3055 4197 cst
3084 4142 3262 4210 Abel;
3311 4144 3404 4200 sed
3439 4146 3530 4201 ille

1925 4232 2161 4285 moriens
2192 4233 2498 4299 accusabat,
2543 4234 2847 4301 occidebat,
2894 4245 2949 4289 et
2992 4238 3524 4306 comprehendebat;

1924 4322 2012 4377 ille
2042 4323 2228 4378 vivens
2275 4324 2507 4391 tacebat,
2538 4325 2746 4394 pudore
2777 4325 3132 4395 afﬁciebatur,
3162 4331 3523 4399 comprehen-

1922 4412 2150 4468 debatur
2177 4432 2189 4467 :
2222 4422 2276 4469 et
2306 4424 2493 4469 contra
2521 4431 2680 4485 quam
2710 4417 2927 4471 volebat
2953 4432 3041 4472 res
3072 4420 3288 4474 cecidit.
3317 4421 3526 4477 Interii-

1921 4505 2098 4560 ciebat
2127 4506 2295 4574 enim,
2326 4508 2451 4576 quia
2484 4508 2633 4563 illum
2662 4508 2919 4565 dilectum
2944 4510 3176 4578 videbat,
3203 4526 3523 4584 exspectans

1920 4598 2069 4653 illum
2110 4614 2140 4654 a
2174 4600 2463 4655 dilectione
2504 4601 2820 4671 depellere:
2855 4604 3004 4657 auxit
3054 4606 3225 4675 magis
3272 4606 3521 4662 diIeCIioo

1920 4706 2066 4756 nem,
2096 4698 2153 4746 et
2183 4690 2503 4746 morientem
2534 4691 2676 4745 Deus
2706 4693 2874 4763 magis
2926 4697 3255 4765 requirebat,
3286 4712 3406 4752 cum
3433 4698 3521 4752 di-

1918 4790 2098 4837 ceret:
2128 4781 2225 4838 Ubi
2252 4790 2323 4836 est
2352 4781 2478 4835 Abel
2502 4786 2661 4853 frater
2688 4792 2803 4837 tuus
2831 4782 2996 4854 (Ibid.
3022 4801 3068 4838 υ.
3096 4786 3193 4856 9)?
3224 4787 3339 4842 Non
3374 4790 3517 4844 enint

1918 4890 2157 4930 amorem
2191 4890 2285 4945 per
2316 4875 2570 4929 invidiam
2602 4878 2931 4943 exstinxisti,
2964 4878 3057 4933 sed
3110 4880 3286 4949 potius
3336 4881 3520 4937 incen-

1918 4969 2041 5023 disti
2066 4986 2087 5023 ξ
2117 4984 2222 5023 non
2255 4984 2318 5023 es
2351 4968 2502 5023 caede
2532 4968 2794 5024 honorem
2854 4971 3113 5037 minuisti,
3145 4974 3241 5027 sed
3294 4975 3514 5029 auxisti.

1918 5061 2088 5113 Antea
2106 5060 2248 5114 enim
2270 5058 2420 5113 illum
2442 5059 2536 5112 tibi
2557 5059 2873 5113 subdiderat
2889 5060 3057 5126 Deus;
3086 5072 3366 5132 postquam
3386 5081 3515 5120 vero

1918 5152 2068 5205 illum
2097 5151 2363 5216 occidisti,
2387 5150 2549 5205 etiam
2577 5161 2820 5205 mortuus
2844 5153 2933 5207 ille
2959 5164 3008 5207 te
3032 5154 3347 5211 ulciscatur:
3372 5166 3514 5212 tanta

1915 5253 1997 5298 est
2022 5258 2137 5296 mea
2166 5258 2291 5312 erga
2322 5242 2470 5295 illum
2502 5242 2741 5296 dilectio.
2775 5243 2904 5297 Uter
2932 5260 3061 5314 ergo
3090 5245 3375 5303 damnatus
3405 5259 3511 5316 est,

1915 5334 2005 5404 qui
2035 5335 2270 5404 punivit,
2303 5348 2372 5386 an
2400 5333 2486 5401 qni
2516 5334 2737 5403 punitus
2768 5335 2892 5389 est?
2938 5337 3027 5404 qui
3073 5346 3280 5392 tantum
3329 5354 3358 5391 a
3402 5340 3514 5394 Deo

1916 5424 2174 5479 honorem
2204 5432 2527 5495 asscquutus
2557 5434 2661 5491 ρει,
2695 5440 2761 5479 an
2793 5427 2882 5493 qui
2930 5442 3071 5481 novo
3100 5428 3309 5482 cuidam
3341 5440 3393 5484 et
3426 5430 3511 5485 in-

1912 5525 2225 5585 exspectato
2256 5515 2519 5584 Supplicia
2558 5517 2783 5570 traditus
2828 5520 2955 5572 est?
3000 5517 3174 5584 Illum,
3211 5520 3401 5591 inquit,
3435 5525 3513 5576 vi-

1913 5624 2035 5661 vunt
2070 5621 2174 5660 non
2210 5606 2429 5659 timuisti
2460 5623 2474 5673 ;
2506 5622 2634 5676 ergo
2675 5609 2801 5663 timc
2830 5619 3098 5664 mortuum
3128 5626 3143 5665 :
3177 5627 3282 5666 non
3327 5612 3510 5668 inhorv

1911 5700 2063 5755 ruisti
2090 5698 2324 5769 gladium
2355 5700 2684 5771 impacturus
2710 5718 2723 5766 ;
2781 5712 3017 5758 tremore
3045 5715 3305 5775 perpetuo
3331 5708 3504 5761 corric

1916 5792 2100 5864 piutita,
2132 5804 2416 5865 postquam
2439 5795 2754 5866 sanguinem
2781 5795 3011 5852 ctl‘ndisti
3045 5816 3055 5852 :
3085 5801 3270 5856 vivens
3314 5815 3506 5857 servus
