4118 6340
639 345 741 400 467

641 469 759 511 tuus
788 465 903 511 erat
929 472 940 519 ;
972 454 1079 524 jam
1114 453 1421 508 tremendus
1464 454 1553 506 tibi
1581 453 1827 507 dominus
1858 451 2079 504 effectus
2108 460 2212 504 cst.

643 548 765 601 ll:ec
796 562 922 615 ergo
948 544 1263 613 cogitantes,
1288 544 1486 602 dilecti,
1524 544 1783 611 fugiamus
1808 541 2083 605 invidiam,
2114 555 2211 594 ex-

640 638 969 705 stingaamns
1010 635 1288 699 malitiam,
1322 634 1589 688 caritatem
1620 643 1803 685 mutuo
1834 631 2207 692 retribuentes,

638 736 697 777 ut
727 727 860 779 bona
893 726 1034 779 illius
1060 726 1427 794 deccrpamus,
1460 732 1513 777 et
1545 724 1593 776 iu
1642 723 1896 793 praesenti
1924 733 1975 775 et
2020 722 2071 773 in
2122 720 2204 772 fu-

1274 316 1277 321 .
1340 343 1396 397 S.
1436 340 1711 397 J0.\-.\'NIS
1748 338 2213 395 CllllYSOSTOMI
2254 338 2563 394 ARClllEP.
2604 341 3129 400 CONSTANTlNOP.

3798 360 3901 414 ατε

2325 460 2440 505 tura
2472 452 2598 518 vita,
2626 457 2792 523 gratia
2824 467 2877 510 et
2920 459 3243 528 benignitate
3295 462 3502 518 Domini
3556 471 3724 522 nostri
3773 472 3902 527 .losu

2319 542 2535 611 Christi,
2554 546 2640 599 cui
2664 546 2832 616 gloria
2859 559 2913 603 et
2938 552 3218 621 imperium
3251 554 3301 608 in
3331 557 3525 612 sarcula
3558 562 3897 617 smculornnt.

2317 640 2503 693 Anien.

643 852 3887 887 Μ

2024 923 2365 984 HOMlLIA
2406 926 2517 986 IX.

638 1070 763 1124 Car.
806 1072 857 1125 ιι.
900 1087 951 1124 v.
982 1071 1069 1125 25.
1106 1068 1224 1122 Non
1261 1071 1501 1138 scriptum
1533 1078 1603 1121 est
1644 1076 1810 1122 autem
1844 1066 2207 1137 prapterillum

712 1173 926 1228 tantum,
949 1163 1064 1227 quia
1092 1170 1380 1229 reputatum
1404 1169 1473 1212 est
1502 1160 1578 1212 illi
1606 1160 1672 1211 ad
1693 1160 1942 1225 justitiam
1966 1175 1983 1221 ;
2009 1156 2099 1209 24'.
2121 1158 2207 1209 sed

710 1255 858 1305 etiam
887 1262 1089 1321 propter
1119 1268 1228 1313 nos,
1257 1250 1432 1319 quibus
1459 1249 1791 1317 reputabitur,
1816 1247 2125 1300 credentibus
2156 1248 2206 1297 iu

707 1358 839 1408 eum,
867 1342 952 1411 qui
978 1341 1231 1394 suscitavit
1258 1340 1433 1393 Jesum
1459 1338 1737 1393 Dominum
1762 1348 1982 1391 nostrum
2008 1353 2038 1388 a
2068 1352 2204 1388 mor-

707 1436 826 1489 tuis.

710 1526 761 1578 l.
804 1524 1090 1592 Postquam
1131 1522 1290 1577 multa
1324 1535 1615 1590 magnaque
1641 1518 1707 1573 de
1738 1517 2039 1571 Ahrahamo
2060 1516 2206 1571 dixe-

637 1626 739 1679 rat,
775 1630 981 1669 necnon
1025 1614 1091 1669 de
1121 1614 1224 1668 ﬁde
1250 1614 1386 1681 ejus,
1427 1612 1492 1665 de
1538 1611 1741 1679 justitia
1790 1610 1963 1679 deque
2005 1610 2209 1663 honore

636 1720 793 1773 quem
824 1720 852 1757 a
898 1705 1005 1758 Deo
1029 1710 1349 1773 acceperat;
1400 1717 1465 1756 ne
1495 1700 1703 1755 auditor
1730 1701 1952 1768 diceret,
1986 1699 2052 1753 Et
2081 1700 2205 1769 quid

639 1795 737 1847 hoc
759 1794 823 1847 ad
852 1794 989 1847 nos?
1026 1792 1115 1847 ille
1142 1808 1369 1862 namque
1394 1801 1474 1847 est
1504 1791 1591 1861 qui
1618 1791 1940 1860 justilicatus
1960 1799 2080 1845 est:
2111 1804 2207 1844 nos

636 1886 722 1939 ille
746 1901 908 1955 prope
930 1885 1280 1953 patriarcham
1304 1885 1547 1938 collocat.
1566 1884 1729 1939 Tanta
1753 1892 1835 1937 est
1854 1883 2204 1952 spiritualium

636 1980 915 2033 verborum
947 1980 1048 2033 vis.
1074 1979 1201 2031 Nam
1242 1993 1360 2031 eum
1406 1978 1492 2046 qui
1520 1990 1584 2029 ex
1610 1976 1882 2044 gentibus,
1903 1976 1989 2043 qui
2020 1990 2206 2029 recens

634 2070 943 2133 accesserit,
971 2069 1057 2138 qui
1101 2068 1227 2121 nihil
1283 2066 1492 2127 fecerit,
1522 2080 1626 2118 non
1672 2063 1828 2117 tnodo
1857 2063 1985 2117 nihil
2030 2064 2204 2118 minus

640 2161 833 2214 habere
858 2160 1009 2224 dixit,
1036 2174 1193 2229 quam
1221 2157 1437 2213 Judmns
1466 2157 1652 2217 ﬁdelis,
1683 2155 1776 2211 sed
1807 2172 1901 2210 nec
1928 2171 2086 2225 quam
2116 2169 2205 2223 pa-

638 2249 863 2303 triarcha
889 2268 901 2303 :
930 2250 1036 2302 imo
1069 2264 1216 2313 vero,
1240 2249 1283 2301 si
1312 2247 1435 2317 quid
1462 2246 1772 2301 admirabile
1802 2246 1870 2301 sit
1898 2246 2203 2311 dicendum,

633 2340 789 2393 etiam
818 2340 987 2393 multo
1026 2340 1215 2409 magis.
1243 2338 1410 2392 Tanta
1438 2347 1514 2391 est
1547 2338 1690 2391 enim
1720 2346 1901 2389 nostra
1934 2336 2203 2400 nobilitas,

635 2441 685 2483 ut
736 2430 875 2484 illius
918 2430 1047 2483 lides
1094 2437 1288 2483 nostra:
1334 2428 1454 2481 ﬁdei
1506 2428 1575 2481 sit
1607 2437 1781 2497 typus.
1814 2426 1923 2481 Nec
1952 2426 2103 2490 dixit,
2151 2426 2205 2481 Si

634 2532 811 2575 autem
845 2523 917 2575 illi
943 2530 1242 2591 reputatum
1268 2530 1369 2580 est.
1399 2520 1690 2574 verisimile
1727 2529 1808 2574 est
1844 2528 1900 2572 ut
1927 2522 2084 2575 etiam
2116 2533 2209 2572 no-

637 2614 737 2676 bis,
769 2627 833 2663 nc
859 2611 911 2665 id
942 2611 992 2664 in
1034 2610 1401 2681 syllogismum
1442 2619 1712 2671 verteret;
1743 2610 1834 2664 sed
1877 2626 1940 2664 ex
1972 2612 2207 2664 auctori—

636 2712 741 2756 tate
770 2702 1065 2757 divinarum
1094 2702 1267 2771 legum
1297 2702 1551 2772 loquitur,
1580 2702 1846 2771 efficitque
1875 2712 1929 2755 ut
1953 2703 2003 2756 id
2037 2712 2204 2758 totum

636 2792 920 2861 Scriptura:
947 2794 1210 2846 sententia
1253 2792 1341 2845 sit.
1370 2793 1474 2845 Cur
1520 2794 1660 2845 enim
1708 2793 1961 2861 scriptum
1990 2803 2090 2856 est,
2120 2793 2206 2846 in—

635 2885 772 2953 quit,
806 2883 905 2937 nisi
938 2890 993 2935 ut
1018 2881 1307 2949 discamus,
1335 2881 1475 2950 quod
1505 2896 1602 2936 nos
1628 2897 1841 2952 quoque
1890 2883 1967 2936 sic
2012 2884 2208 2951 justiti—

618 2976 740 3027 eati
771 2973 975 3027 simus?
1012 2973 1185 3029 eidem
1211 2973 1405 3043 quippe
1428 2974 1534 3028 Deo
1554 2974 1879 3029 credidimus
1900 2991 1997 3044 pro
2018 2977 2207 3031 iisdem

642 3066 817 3129 rebus,
840 3065 938 3119 etsi
968 3080 1073 3117 nan
1104 3065 1155 3118 in
1187 3064 1371 3119 iisdem
1399 3064 1815 3134 personis.Cum
1843 3076 2018 3121 autem
2052 3067 2207 3122 ﬁdem

642 3166 876 3209 nostram
908 3155 1065 3220 dicit,
1099 3154 1191 3210 Dei
1221 3170 1431 3224 quoque
1478 3155 1798 3211 ineffabilem
1832 3158 2209 3228 benignitatem

634 3245 787 3307 dicit,
812 3258 968 3313 quam
1000 3258 1210 3311 semper
1230 3244 1630 3309 circumversat,
1659 3260 1872 3300 erucem
1905 3246 1955 3300 in
1978 3248 2209 3301 medium

640 3339 903 3392 aﬁ'erens:
934 3336 1075 3407 quod
1098 3347 1151 3391 et
1180 3352 1318 3391 nunc
1344 3336 1630 3392 declaravit
1656 3337 1737 3393 his
1764 3340 1963 3393 verbis.
1992 3340 2082 3394 25.
2110 3339 2212 3404 Qui

643 3429 858 3481 traditus
879 3438 948 3481 est
973 3437 1178 3498 propter
1206 3436 1411 3497 peccata
1434 3438 1626 3493 nostra,
1646 3438 1691 3482 et
1712 3431 1983 3483 resurrexit
2005 3441 2213 3501 propter

641 3518 1051 3587 iustiﬁcationem
1081 3526 1325 3572 nostram.

714 3608 1029 3663 Resurrectio
1076 3608 1263 3661 Christi
1312 3608 1571 3677 probatur.
1617 3638 1685 3648 ——
1726 3610 1859 3666 Vide
1905 3613 2207 3681 quomodo,

647 3710 918 3769 postquam
936 3713 1147 3754 causam
1170 3699 1356 3753 mortis
1376 3698 1528 3766 dixit,
1544 3700 1785 3755 eamdem
1806 3705 2213 3759 resurrectionis

645 3804 858 3843 causam
886 3790 1089 3843 afferat.
1132 3789 1241 3845 Cur
1259 3832 1274 3855 ,
1322 3792 1518 3860 inquit,
1550 3792 1836 3848 cruciﬁxus
1862 3796 1981 3849 est?
2003 3795 2119 3850 Non
2146 3798 2214 3851 ob

650 3879 920 3949 proprium
962 3889 1267 3949 peccatum,
1299 3890 1355 3933 ut
1402 3881 1566 3949 liquet
1605 3897 1669 3935 ex
1719 3886 2129 3940 resurrectione.
2160 3888 2215 3941 Si

643 3975 787 4028 enim
815 3982 1063 4043 peccator
1087 3983 1223 4038 erat,
1253 3974 1519 4043 quomodo
1548 3978 1876 4031 resurrexit?
1903 3979 1947 4032 si
1979 3994 2217 4034 resurre-

644 4065 722 4117 xit
746 4104 761 4128 ,
796 4065 967 4133 palam
1018 4071 1100 4117 est
1129 4079 1232 4117 non
1282 4074 1613 4133 peceatorem
1663 4066 1861 4120 fuisse:
1895 4069 1937 4121 si
1973 4080 2218 4137 peccator

651 4170 755 4208 non
789 4154 883 4207 fuit
906 4193 922 4219 ,
953 4169 1049 4208 cur
1072 4152 1357 4209 cruciﬁxus
1386 4155 1506 4209 est?
1536 4156 1637 4211 Pro
1674 4159 1812 4212 aliis.
1846 4159 1898 4213 Si
1930 4176 2025 4229 pro
2053 4161 2173 4216 aliis
2201 4203 2213 4225 ,

653 4244 868 4297 omnino
898 4245 1204 4298 resurrexit.
1247 4244 1323 4297 Ne
1365 4244 1571 4299 diceres
1613 4250 1789 4315 enim,
1836 4251 2113 4327 Quomodo
2144 4263 2219 4308 tot

655 4336 883 4405 peccatis
910 4335 1146 4401 obnoxii,
1176 4350 1458 4403 possumus
1477 4337 1751 4405 jusﬁﬁeari
1772 4342 1793 4394 ?
1814 4336 2043 4396 ostendit
2072 4362 2214 4411 eum,

652 4429 740 4495 qui
771 4437 983 4497 peccata
1010 4429 1184 4481 omnia
1214 4426 1441 4493 delevit;
1468 4437 1525 4481 ut
1549 4439 1602 4483 ct
1627 4445 1690 4484 ex
1716 4431 1815 4485 lide
1845 4432 2093 4497 Abrahm,
2125 4449 2219 4502 per

653 4534 807 4587 quam
840 4518 925 4571 ille
947 4516 1266 4585 justiﬁcatus
1294 4527 1373 4570 est
1396 4559 1408 4580 ,
1440 4528 1492 4571 et
1517 4534 1579 4572 ex
1612 4519 1715 4574 ﬁde
1742 4522 1989 4576 salutaris
2017 4525 2219 4592 paSsiO-

652 4609 733 4662 nis
757 4650 771 4672 ,
803 4623 898 4675 per
924 4622 1081 4677 quam
1111 4622 1139 4659 a
1172 4608 1400 4676 peccatis
1429 4608 1637 4664 liberati
1664 4626 1883 4679 sumus,
1917 4629 2220 4670 sermonem

654 4698 1015 4749 continuaret.
1047 4696 1335 4765 Postquam
1363 4705 1538 4752 autem
1569 4700 1685 4769 ejus
1727 4713 1953 4756 mortem
1980 4704 2219 4773 dixerat,

658 4787 723 4840 de
754 4788 1142 4841 resurrectione
1186 4789 1439 4857 loquitur.
1469 4790 1585 4845 Non
1634 4795 1776 4847 enim
1810 4795 1932 4850 ideo
1981 4807 2222 4853 mortuus

655 4888 765 4939 est,
795 4884 851 4929 ut
878 4877 1137 4943 supplicio
1162 4877 1421 4932 obnoxios
1450 4879 1689 4950 haberet,
1724 4893 1777 4937 et
1803 4884 2103 4954 damnatos,
2129 4889 2222 4943 sed

656 4974 712 5019 ut
736 4964 1070 5019 benefaceret
1094 4983 1106 5018 :
1137 4966 1256 5019 ideo
1283 4968 1423 5021 enim
1458 4980 1695 5024 mortuus
1718 4982 1796 5026 est
1818 4982 1871 5028 et
1892 4980 2219 5047 resurrexit,

644 5066 714 5108 ,ιιι
736 5057 907 5122 juslos
932 5054 1191 5110 efﬁceret.
1219 5056 1366 5127 (Cap.
1394 5056 1527 5126 5.)l.
1560 5060 1837 5129 Justi/icati
1866 5083 1980 5135 ergo
2010 5086 2072 5122 ea:
2100 5072 2219 5138 ﬁde,

643 5160 828 5211 .pucem
860 5144 1128 5197 habeamus
1156 5146 1224 5197 ad
1250 5145 1413 5199 Deum
1455 5165 1544 5217 per
1573 5149 1847 5205 Dominum
1875 5166 2100 5210 nostrum
2128 5160 2221 5214 Je-

646 5250 764 5283 sum
787 5233 1059 5295 Christum.
1092 5234 1229 5300 Quid
1254 5236 1352 5289 sibi
1384 5239 1497 5291 vult
1522 5240 1671 5305 illud,
1703 5240 1887 5296 Pacem
1914 5246 2225 5304 habeamus?

642 5323 875 5388 ,Quidatn
904 5324 972 5377 ita
996 5324 1260 5392 explicant
1284 5342 1297 5379 :
1322 5327 1397 5381 Ne
1425 5330 1713 5386 seditiones
1740 5350 2069 5405 moveamus,
2096 5356 2222 5395 con-

650 5414 931 5468 tendentes
955 5424 1009 5468 ut
1040 5414 1207 5483 legem
1248 5416 1663 5475 iutrodueamus.
1704 5425 1829 5479 Mihi
1872 5439 2046 5484 autem
2072 5432 2224 5486 vidc-

641 5512 740 5556 αυτ
764 5503 831 5557 de
875 5505 1082 5559 vivendi
1134 5508 1339 5563 ratione
1382 5513 1660 5567 nobiscum
1705 5516 1790 5571 hie
1826 5519 2035 5575 disseri.
2087 5525 2219 5589 Quia

640 5592 800 5645 .euim
833 5592 919 5646 ubi
949 5594 1097 5662 plura
1125 5596 1191 5649 de
1224 5596 1325 5650 ﬁde
1355 5599 1683 5658 disseruerat
1709 5606 1851 5661 etde
1892 5610 2095 5678 justitia
2124 5630 2222 5684 per

641 5696 837 5750 ugpcra,
873 5684 1007 5741 hanc
1035 5687 1264 5758 adjecit;
1299 5706 1361 5746 ne
1392 5694 1508 5763 quis
1538 5706 1749 5766 putaret
1776 5700 1889 5758 huc
1923 5704 2059 5761 dicta
2080 5708 2225 5777 igna-

2317 1066 2414 1119 viae
2442 1071 2778 1126 occasionem
2811 1073 2925 1131 fore
2945 1119 2958 1141 ,
2987 1078 3061 1134 ait
3085 1098 3099 1134 :
3139 1080 3322 1137 Pacem
3354 1087 3385 1139 h
3406 1086 3663 1156 abeamus,-
3695 1093 3746 1147 id
3774 1106 3852 1148 eSt
3879 1135 3896 1157 ,

2314 1155 2391 1210 Ne
2422 1159 2557 1213 ultra
2607 1178 2884 1231 peccemus
2905 1210 2918 1230 ,
2952 1185 3049 1224 nec
3088 1171 3152 1225 ad
3187 1176 3361 1242 priora
3393 1192 3721 1237 revertamus
3750 1206 3763 1238 :
3793 1183 3897 1239 hoc

2314 1248 2455 1300 enim
2489 1260 2591 1315 est,
2626 1253 2820 1308 bellum
2850 1258 3048 1315 habere
3081 1275 3265 1318 contra
3314 1266 3498 1323 Deum.
3531 1271 3594 1324 Et
3621 1274 3899 1342 quomodo

2316 1334 2543 1405 inquies,
2578 1340 2690 1395 ﬁeri
2725 1352 2919 1412 potest,
2954 1359 3011 1402 ιιι
3040 1365 3105 1404 ne
3139 1353 3274 1407 ultra
3300 1371 3584 1424 peccemus
3607 1334 3897 1428 {Quomo-

2315 1424 2383 1479 do
2409 1428 2533 1483 illud
2562 1433 2711 1500 prius
2743 1436 2855 1490 ﬁeri
2882 1442 3089 1507 potuit?
3114 1442 3167 1497 Si
3196 1447 3338 1499 enim
3368 1458 3442 1501 tot
3469 1424 3705 1521 peccatis
3726 1456 3902 1509 obno-

2315 1518 2408 1583 xii,
2438 1520 2505 1574 ab
2534 1526 2781 1579 omnibus
2803 1543 2899 1598 per
2927 1531 3198 1587 Christum
3234 1535 3442 1592 liberati
3469 1518 3696 1607 sumus;
3727 1547 3902 1601 multo

2315 1611 2481 1679 magis
2512 1612 2650 1669 illius
2679 1631 2779 1685 ope
2803 1620 2909 1685 fiet,
2945 1632 3000 1675 ut
3030 1623 3080 1677 in
3111 1624 3211 1680 hoc
3238 1634 3381 1682 statu
3413 1645 3743 1689 maneamus.
3777 1635 3897 1690 Non

2314 1715 2409 1770 par
2433 1703 2575 1757 enim
2619 1722 2703 1761 res
2734 1720 2815 1763 est
2858 1726 3041 1779 pacem
3066 1755 3079 1778 ,
3115 1732 3233 1785 qua:
3264 1734 3371 1773 non
3426 1732 3573 1790 erat,
3607 1729 3855 1795 accipere
3882 1771 3898 1796 ,

2314 1798 2369 1844 et
2392 1790 2567 1845 datam
2600 1809 2848 1863 servare;
2881 1801 3003 1869 quia
3034 1806 3315 1875 aequisitio
3345 1808 3554 1866 facilior
3581 1826 3662 1869 est
3686 1857 3701 1879 ,
3725 1790 3899 1885 quani

2314 1885 2647 1938 conservatio
2674 1904 2686 1938 :
2715 1897 2943 1944 attamen
2974 1895 3115 1961 quod
3143 1895 3414 1953 difﬁcilius
3444 1913 3576 1969 erat,
3613 1903 3770 1959 facile
3798 1904 3904 1961 fuit

2312 1970 2441 2024 etin
2467 1987 2599 2041 Opus
2628 1976 2775 2032 exiit.
2806 1978 2945 2051 Ergo
2978 1983 3050 2045 id,
3081 1986 3224 2054 quod
3256 1987 3462 2046 facilius
3492 2001 3595 2058 est,
3625 1996 3775 2049 nullo
3802 2013 3902 2051 ne-

2310 2061 2457 2129 gotio
2505 2067 2840 2133 perliciemus
2866 2112 2879 2136 ,
2921 2073 2966 2126 si
3019 2076 3317 2132 haereamus
3363 2082 3449 2145 ei,
3480 2084 3569 2151 qui
3615 2084 3706 2137 illa
3740 2087 3901 2142 nobis

2316 2152 2557 2219 perfecit.
2591 2155 2687 2211 llic
2714 2174 2843 2214 vero
2873 2178 2977 2217 non
3013 2163 3319 2222 facilitatem
3354 2180 3554 2227 tantum
3588 2176 3717 2229 mihi
3753 2178 3899 2230 indi-

2313 2254 2438 2295 care
2466 2242 2706 2311 videtur,
2742 2249 2835 2303 sed
2865 2252 3025 2305 etiam
3058 2254 3109 2308 id
3134 2296 3148 2318 ,
3179 2257 3322 2325 quod
3372 2262 3688 2318 rationabile
3719 2266 3811 2317 sit.
3844 2268 3903 2320 Si

2315 2334 2457 2384 enim
2488 2348 2584 2387 nos
2610 2336 2905 2395 debellatos
2936 2345 3339 2413 reconciliavit,
3374 2349 3426 2403 in
3461 2354 3904 2412 reconciliatione

2317 2422 2603 2487 persistere
2634 2440 2727 2493 par
2766 2437 2877 2491 est,
2909 2440 2964 2485 et
3003 2431 3139 2488 hanc
3166 2437 3237 2489 illi
3267 2438 3433 2493 vicem
3463 2443 3795 2511 rependere,
3834 2457 3892 2500 ut

2317 2525 2383 2563 ne
2412 2512 2651 2568 videatur
2679 2516 2767 2572 ille
2800 2536 2991 2588 pravos
3020 2535 3070 2577 et
3104 2526 3339 2594 ingratos
3369 2547 3491 2586 cum
3519 2533 3677 2590 Patre
3704 2552 3900 2592 recon-

2316 2600 2545 2657 ciliasse.
2574 2604 2628 2657 2.
2660 2605 2764 2660 Per
2797 2610 2965 2677 ipsum
2995 2615 3127 2666 enim
3152 2657 3165 2679 ,
3197 2618 3402 2687 inquit,
3427 2621 3695 2677 habuimus
3724 2642 3900 2681 acces-

2316 2706 2429 2743 sum
2444 2693 2511 2745 ad
2526 2694 2697 2761 ﬁdem.
2719 2699 2771 2751 Si
2791 2714 2917 2769 ergo
2941 2705 3121 2770 procul
3142 2709 3330 2774 positis
3345 2724 3618 2767 accessum
3640 2716 3900 2784 prmbuit,

2315 2783 2484 2835 multo
2515 2787 2681 2854 magis
2709 2804 2872 2857 prope
2901 2801 3105 2849 stantes
3134 2798 3406 2853 retinebit.

2383 2871 2435 2925 2.
2469 2873 2546 2926 Tu
2575 2891 2700 2930 vero
2742 2880 2872 2933 mihi
2903 2885 3216 2940 consideres
3245 2889 3400 2943 velim
3426 2932 3442 2957 ,
3471 2896 3745 2961 quomodo
3780 2897 3902 2952 ubi-

2313 2975 2416 3030 que
2439 2962 2545 3017 duo
2576 2965 2662 3019 illa
2697 2971 2884 3037 ponit,
2914 2982 2968 3027 et
2995 2989 3114 3044 qua:
3159 2976 3227 3031 ab
3255 2978 3401 3048 ipso,
3430 2992 3484 3037 et
3513 2999 3631 3053 qum
3658 3002 3692 3039 a
3743 2988 3905 3043 nobis

2313 3062 2456 3106 sunt.
2486 3055 2587 3111 Sed
2616 3074 2734 3127 quze
2760 3062 2827 3115 ab
2854 3063 2968 3131 ipso
2988 3107 3003 3130 ,
3036 3077 3160 3121 sunt
3188 3070 3331 3123 varia
3362 3082 3416 3127 et
3441 3075 3603 3128 multa
3632 3085 3688 3131 et
3715 3077 3903 3133 diver-

2316 3156 2375 3196 sa
2408 3161 2419 3196 :
2471 3161 2591 3200 nam
2644 3160 2885 3206 mortuus
2915 3166 3133 3224 propter
3176 3174 3275 3213 nos
3300 3200 3316 3224 ,
3351 3165 3722 3222 reconciliavit
3751 3186 3853 3224 nos
3879 3214 3896 3236 ,

2316 3234 2533 3288 adduxit
2562 3277 2575 3301 ,
2606 3241 2831 3307 gratiam
2860 3244 3007 3299 dedit
3054 3246 3381 3305 ineffabilem
3407 3271 3420 3319 ;
3453 3270 3550 3309 nos
3576 3272 3707 3312 vero
3738 3234 3904 3316 ﬁdem

2316 3328 2483 3380 solam
2532 3330 2807 3387 attulimus
2833 3352 2845 3387 :
2874 3335 2994 3391 ideo
3023 3339 3095 3392 ait
3122 3357 3135 3392 :
3166 3340 3233 3393 In
3260 3343 3363 3410 ﬁde
3393 3346 3444 3399 in
3472 3348 3605 3401 hanc
3651 3355 3901 3422 gratiam,

2317 3419 2369 3472 in
2407 3438 2506 3489 qua
2531 3432 2741 3477 stamus.
2777 3426 2944 3493 Quam
2967 3470 2983 3495 ,
3032 3447 3244 3501 qumso,
3273 3438 3538 3504 gratiam?
3567 3441 3681 3508 Qua
3712 3419 3907 3516 digna;

2317 3527 2438 3565 mur
2472 3513 2565 3568 Dei
2609 3518 2912 3586 cognitione
2939 3561 2954 3585 ,
2985 3536 3087 3590 qua
3118 3524 3186 3576 ab
3213 3540 3399 3582 errore
3429 3528 3723 3587 liberamur
3747 3513 3905 3607 ,vqua

2316 3604 2591 3658 veritatem
2638 3610 3045 3677 cognoscimus,
3078 3629 3183 3684 qua
3224 3618 3400 3672 omnia
3446 3604 3905 3694 per-baptismum

2319 3691 2456 3747 bona
2476 3698 2882 3766 consequimur:
2906 3702 2971 3755 ad
2996 3701 3097 3758 hoc
3117 3707 3258 3760 enim
3283 3708 3437 3764 nobis
3458 3691 3734 3768 accessum
3766 3734 3909 3786 pra:-

2319 3782 2433 3837 buit
2461 3796 2517 3839 ut
2542 3787 2657 3841 haec
2685 3789 3013 3857 accipiamus
3063 3792 3223 3848 dona.
3243 3796 3424 3867 Neque
3449 3803 3590 3855 enim
3618 3802 3744 3860 fecit
3766 3782 3901 3863 tan-

2323 3880 2430 3927 tum
2454 3917 2469 3940 ,
2504 3885 2559 3930 ut
2588 3888 2922 3945 peccatorum
2967 3885 3339 3943 remissionem
3371 3874 3740 3951 obtineremus
3760 3940 3775 3963 ,
3808 3900 3907 3953 sed

2322 3974 2377 4020 et
2405 3977 2461 4021 ut
2504 3968 2807 4027 innumeras
2854 3989 3310 4045 consequeremur
3358 3982 3666 4051 dignitates.
3717 3988 3907 4059 Neque

2326 4058 2409 4111 hic
2439 4060 2614 4124 stetit,
2663 4063 2753 4116 sed
2802 4066 2962 4119 etiam
3008 4068 3108 4119 alia
3162 4072 3439 4138 promisit,
3493 4076 3781 4133 ineffabilia
3815 4058 3908 4134 illa

2326 4158 2555 4203 mentem
2572 4160 2622 4204 et
2638 4153 2892 4207 rationein
2912 4160 3216 4224 superantia
3233 4162 3387 4216 bona.
3412 4163 3533 4218 Ideo
3554 4178 3776 4237 utraque
3804 4186 3909 4240 po—

2324 4242 2449 4295 suit.
2477 4242 2610 4296 Cum
2642 4246 2783 4299 enim
2811 4246 2974 4311 dicit,
3006 4248 3268 4316 Gratiam,
3324 4259 3605 4322 praesentia
3636 4261 3909 4328 signiﬁca-

2324 4332 2429 4397 vit,
2460 4347 2577 4401 qua:
2605 4336 2940 4404 accepimus;
2974 4351 3297 4397 comantem
3329 4345 3494 4399 dicit:
3530 4347 3593 4399 Et
3618 4350 3907 4419 gloriamur

2323 4423 2374 4475 in
2404 4441 2494 4493 spe
2539 4427 2717 4494 gloria:
2756 4425 2853 4481 Dei
2866 4471 2877 4490 ,
2912 4429 3082 4485 futura
3130 4436 3385 4489 revelavit
3413 4440 3611 4493 omnia.
3641 4444 3719 4495 Ae
3761 4444 3906 4501 bene

2324 4512 2476 4579 dixit,
2510 4514 2571 4568 lu
2595 4533 2696 4585 qua
2724 4527 2932 4573 stamus.
2962 4519 3103 4576 Talis
3133 4525 3332 4594 quippe
3359 4538 3440 4581 est
3467 4532 3636 4598 gratia
3671 4531 3763 4585 Dei
3792 4550 3806 4597 ;
3841 4537 3908 4587 ﬁ-

2325 4620 2446 4659 nem
2474 4621 2577 4659 non
2603 4606 2798 4673 habet,
2835 4625 2940 4664 non
2970 4612 3115 4666 novit
3143 4616 3449 4678 terminum,
3479 4620 3573 4673 sed
3601 4621 3664 4675 ad
3696 4624 3909 4691 majora

2325 4709 2537 4765 semper
2558 4698 2831 4764 procedit:
2855 4700 2995 4767 quod
3020 4704 3159 4770 apud
3186 4705 3431 4760 homines
3454 4723 3559 4761 non
3582 4720 3682 4764 est.
3709 4711 3910 4767 Exem-

2328 4785 2398 4852 pli
2442 4800 2600 4840 causa
2635 4804 2648 4839 :
2700 4790 2907 4857 aecepit
2946 4792 3068 4859 quis
3114 4793 3468 4863 principatum
3498 4806 3553 4852 et
3594 4799 3822 4868 gloriam
3854 4814 3911 4857 ei

2328 4878 2654 4944 potentiam,
2685 4878 2780 4933 scd
2825 4894 2929 4933 non
2961 4882 3013 4935 in
3047 4881 3144 4937 hac
3192 4894 3451 4953 perpetuo
3486 4889 3665 4956 stetit,
3716 4907 3911 4949 verum

2328 4966 2434 5021 cito
2482 4968 2548 5022 ab
2578 4968 2665 5021 illa
2708 4970 2943 5035 excidit;
2994 4981 3154 5040 atque
3200 4975 3408 5030 etiamsi
3454 4994 3612 5034 nemo
3660 4981 3911 5049 auferat,

2329 5071 2473 5110 mors
2503 5059 2888 5127 superveniens
2913 5062 3132 5115 omnino
3150 5062 3315 5119 tollet.
3335 5067 3463 5132 Qua:
3478 5085 3602 5123 vero
3632 5069 3726 5125 Dei
3754 5084 3913 5139 sunt,

2330 5164 2433 5201 non
2467 5150 2585 5202 talia
2611 5166 2623 5201 :
2659 5164 2763 5204 non
2792 5152 2935 5205 enim
2967 5152 3145 5220 homo,
3173 5172 3279 5210 non
3308 5168 3549 5228 tempus,
3583 5176 3689 5217 non
3717 5179 3914 5222 rerum

2329 5242 2595 5308 conditio,
2642 5258 2746 5296 non
2782 5244 2896 5312 ipse
2938 5245 3216 5312 diabolus,
3246 5265 3353 5304 non
3386 5268 3530 5307 mors
3573 5254 3877 5313 adveniens
3903 5303 3916 5324 ,

2329 5330 2395 5383 ab
2428 5333 2488 5384 iis
2518 5348 2615 5386 nos
2656 5333 2929 5402 depellere
2970 5337 3198 5405 poterit;
3234 5340 3328 5393 sed
3357 5343 3573 5411 quando
3604 5346 3878 5402 morimur
3902 5393 3916 5413 ,

2331 5430 2456 5475 tunc
2502 5424 2589 5477 illa
2640 5423 2842 5477 ﬁrmius
2873 5434 3147 5494 tenemus,
3177 5440 3229 5485 et
3263 5431 3314 5484 in
3363 5447 3646 5501 progressu
3692 5450 3924 5506 semper

2331 5511 2566 5578 pluribus
2597 5513 2840 5569 fruimur.
2870 5514 3231 5585 Quaproiiter,
3261 5521 3305 5573 si
3336 5536 3441 5575 non
3470 5523 3648 5577 credis
3676 5526 3879 5583 futuris
3902 5574 3917 5594 ,

2330 5617 2358 5654 a
2406 5607 2849 5671 prmsentibusset
2891 5610 2957 5662 ab
2986 5610 3050 5662 iis
3133 5627 3253 5679 qua:
3280 5612 3393 5681 jam
3420 5615 3671 5683 accepisti
3700 5658 3715 5683 ,
3746 5622 3926 5679 crede

2335 5694 2458 5748 illis.
2493 5695 2616 5753 Ideo
2646 5698 2788 5752 enim
2818 5701 2891 5753 ait
2918 5718 2929 5754 :
2963 5698 3027 5753 Et
3054 5702 3334 5772 gloriamur
3363 5706 3415 5758 in
3436 5720 3525 5777 spe
3567 5707 3744 5777 gloria:
3784 5709 3922 5781 Dei,
