4118 6340
258 409 359 466 469

254 532 312 577 ut
336 521 511 577 discas
535 560 553 587 ,
598 535 760 591 quam
791 524 1035 589 oporteat
1074 528 1196 570 esse
1227 512 1396 568 ﬁdelis
1442 511 1676 565 hominis
1719 510 1843 564 ani-

253 628 418 669 mam.
440 611 627 683 Neque
650 612 794 667 enim
825 609 896 664 de
919 608 1060 663 datis
1083 616 1309 670 tantum,
1357 603 1452 659 sed
1476 604 1637 658 etiam
1664 600 1731 657 de
1759 601 1844 663 iis,

251 722 376 777 quae
417 703 594 759 danda
641 713 799 769 sunt,
829 717 892 756 ac
916 702 960 754 si
998 699 1110 768 jam
1160 696 1283 752 data
1312 704 1529 761 essent,
1561 695 1847 748 certiorem

250 809 375 850 esse
399 802 648 863 oportet:
672 792 931 862 gloriatur
952 790 1094 844 enim
1125 788 1245 858 quis
1266 801 1429 856 super
1456 784 1521 838 iis
1539 824 1554 848 ,
1582 797 1703 853 qua:
1735 782 1848 851 jam

248 885 479 956 accepit.
505 884 640 950 Quia
665 883 825 953 igitur
843 890 899 937 et
920 880 1221 935 futurorum
1256 892 1385 949 spes
1407 877 1479 931 ita
1506 876 1657 930 ﬁrma
1674 883 1728 929 et
1751 888 1849 927 ex-

145 1017 152 1025 .
249 980 458 1047 plorata
480 986 600 1041 est,
637 984 693 1029 ut
717 989 904 1029 eorum
931 988 1050 1044 qua:
1072 972 1186 1041 jam
1210 974 1334 1026 data
1376 977 1541 1033 sunt;
1570 967 1636 1022 Et
1665 968 1716 1020 in
1747 965 1840 1019 illa

247 1070 542 1132 similiter,
590 1068 799 1137 inquit,
847 1066 1179 1136 gloriamur:
1232 1062 1461 1131 ideoque
1492 1060 1579 1115 illa
1620 1058 1847 1129 gloriam

247 1165 487 1218 vocavit.
531 1162 589 1218 Si
620 1163 765 1218 enim
805 1160 870 1216 ad
908 1160 1004 1214 Dei
1034 1158 1257 1229 gloriam
1282 1154 1594 1217 conferant,
1628 1152 1849 1207 omnino

243 1254 544 1318 evenient;
583 1253 683 1308 etsi
731 1267 835 1308 non
866 1258 1089 1321 propter
1132 1260 1233 1303 nos
1257 1288 1272 1312 ,
1304 1255 1525 1317 propter
1554 1244 1728 1315 ipsum
1764 1254 1847 1297 ta-

245 1362 395 1401 men.
426 1346 496 1401 Et
520 1345 648 1416 quid
673 1345 828 1409 dico,
865 1343 1109 1413 inquies,
1144 1340 1317 1394 futura
1352 1338 1491 1394 bona
1518 1337 1678 1407 digna
1702 1348 1847 1397 esse,

245 1447 304 1492 ut
322 1438 396 1493 ob
418 1452 482 1493 ea
511 1435 836 1508 gloriemur?
857 1434 971 1505 Ipsa
994 1448 1214 1504 quoque
1238 1431 1528 1503 praesentia
1556 1429 1693 1483 mala
1717 1427 1848 1481 satis

243 1533 357 1587 sint
379 1571 397 1599 ,
431 1540 490 1586 ut
515 1531 585 1586 de
609 1531 674 1585 iis
704 1543 803 1584 nos
846 1528 1214 1599 congratulari
1244 1534 1534 1597 oporteat:
1565 1522 1689 1579 ideo
1714 1521 1847 1577 sub-

242 1621 427 1694 junxit
457 1640 469 1674 :
504 1622 562 1676 5.
607 1619 729 1675 Non
768 1620 933 1673 solum
981 1628 1185 1683 autem,
1226 1618 1316 1671 sed
1363 1626 1413 1670 et
1459 1613 1745 1687 gloriamur
1794 1612 1849 1665 in

243 1716 681 1771 tribulationibus.
741 1715 927 1787 Cogita
987 1715 1152 1786 igitur
1200 1721 1397 1783 quanta
1454 1712 1563 1766 sint
1628 1709 1843 1768 futura,

241 1807 469 1879 quando
494 1807 563 1863 de
608 1807 707 1875 iis,
736 1822 857 1878 quae
890 1806 1058 1861 tristia
1088 1818 1211 1861 esse
1238 1803 1487 1859 videntur
1507 1843 1523 1863 .
1557 1801 1722 1855 altum
1754 1813 1845 1852 sa-

245 1898 427 1969 pimus
456 1913 473 1954 :
523 1905 729 1952 tantum
757 1905 840 1952 est
886 1897 981 1953 Dei
1011 1896 1212 1950 donum
1239 1936 1255 1963 ,
1288 1902 1341 1949 et
1369 1890 1450 1947 sic
1481 1892 1537 1945 in
1590 1890 1682 1945 illo
1710 1886 1844 1943 nihil

243 1988 519 2060 ingratum
546 1996 651 2043 est.
1817 2018 1823 2043 ι

317 2082 615 2137 Certamina
668 2098 761 2152 pro
810 2079 1009 2135 Christo
1062 2078 1367 2147 voluptatem
1412 2071 1654 2141 a/I'erunt.
1686 2100 1757 2111 —
1789 2070 1845 2125 In

242 2173 411 2231 rebus
442 2174 802 2229 exterioribus
826 2170 1123 2226 certamina
1153 2168 1391 2223 laborem
1424 2164 1664 2229 habent,
1693 2160 1846 2216 dolo-

242 2280 371 2322 rem
390 2275 450 2320 et
484 2265 792 2329 miseriam;
846 2276 1064 2317 coronae
1114 2274 1243 2315 vero
1273 2268 1329 2315 et
1358 2257 1579 2329 praaniia
1607 2256 1662 2310 in
1689 2255 1845 2308 volu-

244 2365 455 2427 ptatem
486 2355 819 2425 conjiciunt:
852 2354 939 2409 hic
982 2366 1117 2408 vero
1147 2366 1253 2407 non
1284 2350 1363 2405 sic
1382 2390 1399 2417 ,
1427 2348 1520 2404 sed
1548 2345 1845 2402 certamina

244 2463 357 2505 non
411 2448 679 2502 minorem
732 2461 892 2517 quam
939 2446 1159 2515 prasmia
1204 2444 1533 2513 voluptatem
1578 2439 1833 2495 afferunt.

242 2539 384 2609 Quia
425 2538 573 2594 enim
620 2538 802 2593 multa:
847 2546 976 2591 tunc
1006 2543 1162 2591 erant
1212 2534 1577 2595 tentationes,
1623 2542 1847 2598 regnum

242 2640 432 2686 autem
464 2630 516 2683 in
542 2644 638 2700 spe
654 2637 789 2694 erat,
808 2640 861 2683 et
886 2628 1131 2698 graviora
1161 2640 1271 2697 pra:
1298 2622 1568 2687 manibus,
1583 2620 1723 2675 bona
1749 2633 1847 2673 au-

245 2730 358 2777 tem
383 2723 440 2774 in
464 2719 908 2789 exspectatione;
942 2718 1045 2771 hoc
1067 2726 1248 2771 autem
1277 2714 1604 2770 infirmiores
1630 2711 1849 2780 frange-

246 2810 383 2867 bat:
435 2809 559 2865 ideo
598 2819 725 2865 ante
772 2824 1005 2865 coronas
1030 2808 1139 2877 jam
1171 2808 1277 2862 illis
1321 2805 1543 2876 prazmia
1577 2803 1804 2873 largitur
1830 2844 1847 2870 ,

244 2903 443 2959 dicens
469 2909 722 2972 oportere
745 2900 797 2955 in
822 2899 1260 2955 tribulationibus
1279 2897 1519 2968 gloriari.
1547 2895 1663 2950 Nec
1689 2893 1848 2957 dixit,

245 2992 481 3065 Oportet
509 3007 605 3047 vos
630 2992 851 3063 gloriari
877 3006 893 3056 ;
923 2990 1017 3046 sed
1037 3032 1053 3055 ,
1085 2989 1194 3045 Nos
1218 2988 1515 3059 gloriamur
1535 3029 1549 3052 ,
1580 2983 1771 3055 inquit,
1797 2985 1850 3038 in

247 3086 476 3157 propria
538 3098 769 3155 persona
824 3082 1257 3138 adhortationem
1314 3079 1595 3135 inducens.
1648 3074 1853 3132 Deinde

251 3181 383 3251 quia
408 3176 613 3231 dictum
644 3175 772 3231 illud
803 3190 999 3231 novum
1022 3175 1465 3244 inopinatumque
1487 3186 1611 3227 esse
1632 3170 1851 3225 videba-

250 3280 344 3327 tur
365 3310 379 3332 ,
410 3266 557 3338 quod
600 3282 721 3323 cum
752 3265 896 3320 fame
926 3266 1222 3320 luctantem
1244 3304 1261 3330 ,
1306 3278 1427 3318 cum
1456 3262 1664 3317 catenis
1688 3302 1702 3325 ,
1729 3275 1852 3315 cum

250 3363 579 3429 tormentis,
627 3374 749 3414 cum
792 3357 1137 3414 contumeliis
1176 3369 1227 3412 et
1280 3356 1586 3426 opprobriis
1634 3351 1854 3424 gloriari

249 3466 571 3528 oporteret,
600 3454 731 3509 illud
757 3453 971 3508 detnum
1002 3451 1227 3522 probat;
1258 3449 1510 3520 quodque
1543 3447 1719 3517 majus
1746 3453 1850 3511 est,

251 3550 374 3605 haec
396 3546 724 3618 gloriatione
769 3544 929 3615 digna
950 3543 1101 3609 dicit,
1142 3558 1247 3596 non
1277 3550 1487 3595 tantum
1517 3546 1737 3609 prepter
1765 3536 1856 3589 illa

251 3641 437 3698 futura
462 3683 477 3707 ,
508 3639 604 3695 sed
661 3647 884 3710 propter
914 3637 1202 3709 praesentia
1232 3654 1244 3689 :
1280 3650 1402 3688 nam
1432 3634 1564 3703 ipsae
1616 3646 1709 3700 per
1735 3642 1857 3683 sese

253 3732 635 3790 tribulationes
673 3730 828 3785 bonae
856 3737 1001 3785 sunt.
1033 3727 1252 3796 Quare?
1280 3726 1415 3794 Quia
1444 3724 1509 3778 ad
1539 3721 1856 3794 patientiam

251 3826 518 3883 excitant.
551 3822 889 3893 Quapropter
912 3836 1034 3876 cum
1062 3819 1321 3883 dixisset,
1346 3815 1644 3871 Gloriamur
1676 3815 1731 3868 in
1767 3814 1863 3867 tri-

251 3918 607 3973 bulationibus
628 3957 642 3982 ,
671 3931 888 3971 causam
914 3914 1111 3985 adjecit
1155 3913 1343 3969 dicens
1368 3928 1381 3963 :
1416 3910 1648 3965 Scientes
1672 3948 1687 3973 ,
1723 3907 1861 3978 quod

252 4008 526 4064 tribulatio
548 4008 845 4078 patientiam
866 4013 1128 4074 operatur.
1154 4002 1289 4057 Vide
1316 4015 1527 4056 rursum
1555 3998 1861 4054 contentio-

255 4116 385 4156 nem
410 4098 587 4165 Pauli,
611 4095 881 4167 quomodo
904 4096 957 4151 in
986 4096 1315 4151 contrarium
1346 4108 1652 4149 sermonem
1677 4090 1857 4145 vertit.

254 4194 398 4263 Quia
429 4191 577 4246 enim
603 4188 978 4245 tribulationes
1016 4186 1352 4254 efﬁciebant,
1396 4194 1455 4239 ut
1502 4184 1577 4238 illi
1621 4184 1859 4237 anitnum

254 4286 670 4357 desponderent
698 4285 839 4340 circa
872 4285 1070 4349 futura,
1104 4289 1156 4336 et
1185 4280 1557 4349 desperarent,
1590 4276 1719 4331 dicit
1748 4290 1865 4344 pro-

257 4388 388 4452 pter
416 4378 539 4433 illas
567 4378 712 4448 ipsas
752 4374 1047 4439 ﬁdendum,
1082 4388 1182 4428 nec
1212 4373 1279 4427 de
1324 4371 1516 4426 futuris
1561 4368 1864 4439 desperan-

256 4474 393 4530 dum
417 4487 561 4529 esse.
586 4471 872 4527 Tribulatio
894 4470 1035 4525 enim
1060 4468 1358 4539 patientiam
1380 4475 1644 4537 operatur,
1668 4462 1861 4534 inquit,

258 4567 318 4623 ι.
349 4565 601 4637 patientia
622 4580 739 4617 vero
765 4562 1147 4633 probationem,
1180 4560 1412 4632 probatio
1436 4575 1552 4613 vero
1588 4573 1773 4628 spem,
1805 4556 1863 4611 5.

258 4662 384 4729 spes
407 4667 577 4711 autem
606 4672 709 4709 non
728 4655 1016 4727 confundit.
1048 4653 1164 4709 Non
1195 4653 1354 4709 modo
1383 4652 1529 4708 enim
1561 4649 1867 4706 tribulatio-

262 4764 367 4805 nes
386 4762 541 4819 spem
560 4746 867 4817 bujusmodi
892 4760 999 4801 non
1022 4746 1235 4810 tollunt,
1253 4745 1350 4800 sed
1368 4746 1531 4800 etiam
1555 4743 1865 4798 adstruunt.

264 4842 413 4896 Ante
441 4838 619 4894 futura
647 4839 787 4893 enim
815 4853 1065 4909 magnum
1106 4838 1337 4893 fructum
1371 4836 1645 4891 tribulatio
1679 4833 1865 4902 habet,

266 4946 473 5001 nempe
500 4930 828 5001 patientiam,
852 4940 908 4986 et
930 4928 1073 5001 quod
1104 4929 1385 4999 probatum
1414 4927 1573 4983 faciat
1594 4944 1743 4996 eum,
1773 4927 1866 4998 qui

267 5032 535 5081 tentatur.
554 5020 777 5078 Confert
802 5033 982 5078 autem
1013 5021 1172 5077 etiam
1190 5019 1393 5090 aliquid
1410 5018 1475 5073 ad
1491 5019 1667 5074 futura
1694 5036 1707 5073 :
1738 5018 1866 5075 facit

266 5114 421 5170 enim
450 5156 466 5180 ,
497 5122 556 5167 ut
602 5126 729 5181 spes
770 5113 825 5167 in
854 5111 1013 5175 nobis
1041 5110 1234 5165 vireat.
1276 5108 1420 5164 Nihil
1444 5108 1642 5179 quippe
1672 5107 1745 5163 ita
1772 5123 1872 5179 ap—

270 5215 432 5279 parat
460 5204 526 5261 ad
558 5206 696 5260 bene
721 5203 1044 5273 sperandum
1066 5242 1081 5266 ,
1108 5210 1168 5256 ut
1194 5202 1331 5257 bona
1355 5199 1709 5256 conscientia.

349 5298 407 5353 3.
455 5296 627 5352 Nemo
670 5296 849 5366 itaque
894 5310 1085 5351 eorum
1109 5335 1125 5360 ,
1157 5295 1247 5365 qui
1292 5293 1463 5364 probe
1490 5292 1737 5346 vixerunt
1762 5332 1776 5355 ,
1807 5289 1875 5343 de

274 5390 478 5446 futuris
526 5390 809 5460 desperat;
843 5401 901 5443 ut
926 5397 982 5443 et
1028 5386 1179 5442 multi
1221 5387 1312 5457 qui
1345 5386 1539 5441 bonam
1572 5384 1734 5439 vitam
1770 5397 1875 5437 non

275 5488 517 5545 curant,
560 5479 698 5533 mala
743 5478 946 5549 gravati
977 5477 1349 5541 conscientia,
1398 5490 1571 5545 neque
1616 5472 1881 5544 judicium

280 5587 465 5641 neque
495 5571 902 5625 retributionem
952 5584 1073 5624 esse
1114 5568 1335 5622 vellent.
1370 5566 1507 5634 Quid
1536 5566 1705 5635 ergo?
1734 5580 1799 5619 an
1828 5568 1897 5623 in.

281 5677 387 5733 spe
413 5662 571 5717 nobis
596 5663 734 5716 bona
757 5662 921 5716 sunt?
944 5661 999 5715 lu
1024 5677 1119 5731 spe
1140 5668 1322 5724 certe;
1353 5662 1449 5716 sed
1478 5674 1582 5713 non
1609 5659 1839 5713 humana
1867 5702 1880 5725 ,

282 5771 411 5825 qua:
438 5755 583 5810 cadit
612 5764 667 5810 et
705 5770 849 5824 saepe
907 5763 1213 5824 Sperantem
1256 5752 1555 5823 pudefacit,
1587 5753 1678 5805 illo
1704 5768 1732 5806 a
1779 5771 1886 5821 quo

286 5845 607 5931 praesidium
655 5846 977 5918 sperabatur
999 5846 1083 5901 vel
1125 5856 1339 5901 mortuo
1361 5886 1377 5914 ,
1407 5843 1493 5901 vel
1526 5844 1739 5901 vivente
1765 5847 1883 5917 qui-

1348 398 1412 454 IN
1454 397 1667 454 EI’IST.
1712 396 1801 451 AD
1839 393 2000 450 R031.
2042 393 2274 451 llOMlL.
2320 393 2411 449 lx.

3455 391 3564 448 4Ῑο

1956 508 2115 573 dem,
2165 508 2258 563 sed
2310 517 2516 562 mutato
2560 510 2765 563 animo.
2802 508 2999 563 Verum
3048 518 3229 564 nOStra
3281 523 3388 563 non
3436 518 3561 564 sunt

1963 599 2120 663 talia;
2148 597 2245 653 sed
2271 598 2423 652 ﬁrma
2446 613 2664 669 semper
2690 610 2742 654 et
2771 600 2990 653 inunota
3015 614 3141 669 spes
3164 610 3269 654 est.
3293 600 3393 669 Qui
3416 599 3561 655 enim

1957 696 2242 765 promisit,
2296 710 2514 765 semper
2555 696 2724 762 vivit;
2769 710 2870 751 nos
2909 710 3041 750 vero
3067 736 3081 757 ,
3120 697 3210 765 qui
3254 694 3410 750 bonis
3450 695 3559 749 illis

1956 784 2236 852 fruemur,
2278 788 2377 842 etsi
2427 787 2756 851 moriamur,
2798 797 2867 840 at.
2898 802 3284 858 resurgemus:
3318 796 3375 841 et
3420 786 3557 840 nihil

1953 877 2176 931 omnino
2204 887 2311 945 est,
2337 877 2481 947 quod
2510 893 2609 932 nos
2635 877 2973 933 confundere
3005 878 3196 949 possit,
3222 887 3281 933 ut
3310 878 3399 947 qui
3440 876 3559 930 fru-

1958 976 2069 1021 stra
2097 977 2148 1022 et
2182 977 2385 1023 temere
2412 968 2613 1023 fluxam
2640 984 2792 1038 spem
2820 970 3055 1039 amplexi
3085 970 3276 1024 simus.
3309 970 3441 1023 Cum
3465 984 3561 1022 er-

1954 1073 2024 1129 go
2046 1059 2129 1113 his
2156 1059 2313 1115 dictis
2342 1060 2413 1115 ab
2438 1061 2584 1115 omni
2615 1075 2839 1132 prorsus
2867 1062 3205 1117 dubitatione
3251 1062 3375 1116 illos
3418 1061 3556 1116 libe-

1956 1162 2165 1217 rasset,
2197 1152 2285 1207 hic
2333 1168 2443 1207 non
2488 1154 2633 1208 sistit
2680 1154 2943 1223 gradum,
2976 1154 3072 1209 sed
3117 1153 3295 1208 futura
3340 1150 3558 1207 rursum

1957 1244 2199 1313 inducit,
2229 1262 2428 1316 gnarus
2458 1247 2781 1303 inﬁrmiores
2801 1289 2817 1315 ,
2845 1250 2933 1319 qui
2966 1249 3253 1317 prmsvntia
3281 1258 3555 1317 qumrunt,

1956 1353 2130 1406 neque
2175 1338 2258 1394 his
2285 1347 2574 1394 contentos
2603 1355 2743 1396 esse.
2775 1339 2886 1394 Illis
2930 1347 3111 1395 autem
3158 1340 3352 1394 futuris
3395 1339 3557 1394 fidem

1955 1428 2083 1485 facit
2112 1445 2207 1499 per
2231 1446 2317 1495 ea,
2345 1446 2467 1501 qure
2492 1431 2602 1502 jam
2625 1433 2748 1486 data
2772 1441 2919 1487 sunt.
2947 1432 3025 1487 Ne
3049 1432 3171 1503 quis
3194 1432 3337 1487 enim
3367 1432 3509 1485 dicat
3535 1449 3549 1485 :

1952 1519 2092 1589 Quid
2140 1537 2304 1592 ergo,
2336 1524 2381 1577 si
2424 1523 2577 1578 nobis
2608 1524 2742 1578 nolit
2826 1524 2969 1579 Deus
3016 1524 3355 1595 gratificari?
3397 1522 3544 1593 quod

1954 1614 2095 1671 enim
2130 1620 2298 1685 possit
2324 1624 2377 1670 et
2404 1625 2619 1670 maneat
2647 1624 2703 1672 et
2728 1616 2893 1674 vivat,
2916 1632 3108 1671 omnes
3137 1618 3341 1672 scimus
3369 1634 3380 1669 :
3413 1615 3557 1669 unde

1955 1718 2082 1759 vero
2103 1704 2305 1760 scimus
2327 1704 2470 1775 quod
2494 1707 2657 1761 etiam
2683 1706 2863 1761 volet?
2885 1707 2968 1762 Ab
2992 1707 3077 1773 iis,
3099 1722 3221 1776 qua:
3244 1706 3381 1760 facta
3409 1715 3559 1760 sunt.

1952 1794 2208 1861 Quaenam
2240 1796 2378 1851 facta
2407 1798 2572 1853 sunt?
2603 1801 2770 1854 Amor
2807 1798 2935 1864 ille,
2967 1813 3128 1868 quem
3162 1797 3307 1852 circa
3338 1812 3437 1851 nos
3465 1813 3560 1851 ex-

1954 1884 2145 1941 hibuit.

2027 1977 2231 2033 Donum
2260 1980 2488 2050 Spiritus
2532 1983 2698 2035 sancti
2726 1984 3007 2037 maximum
3037 1983 3289 2037 omnium.
3317 2011 3390 2021 —
3414 1980 3553 2046 Quid

1956 2070 2080 2125 fecit
2103 2112 2117 2137 ,
2158 2071 2407 2141 inquies?
2436 2072 2697 2142 Spiritum
2738 2082 2984 2128 sanctum
3010 2073 3178 2129 dedit.
3214 2073 3558 2141 Quapropter

1953 2178 2075 2217 cum
2102 2163 2365 2227 dixisset,
2401 2164 2533 2234 Spes
2562 2183 2665 2219 non
2694 2168 2997 2238 confundit,
3033 2167 3194 2236 hujus
3222 2167 3299 2220 rei
3333 2169 3560 2221 demon-

1953 2258 2269 2312 strationem
2300 2258 2541 2326 addidit,
2588 2258 2780 2313 dicens
2807 2278 2820 2312 :
2851 2260 2985 2326 Quia
3028 2261 3197 2331 gratia
3228 2258 3324 2312 Dei
3361 2257 3556 2325 diﬂ‘usa

1954 2350 2097 2401 estin
2120 2350 2357 2403 cordibus
2382 2346 2585 2405 nostris.
2611 2350 2729 2405 Non
2760 2350 2932 2417 dixit,
2969 2352 3097 2405 Data
3126 2360 3211 2405 est
3231 2392 3245 2415 ,
3282 2350 3376 2405 sed
3400 2392 3413 2413 ,
3447 2351 3556 2420 dif-

1954 2440 2071 2509 fusa
2093 2451 2165 2495 est
2188 2443 2238 2495 in
2265 2442 2503 2496 cordibus
2526 2443 2734 2512 nostris,
2760 2443 3059 2513 largitatem
3091 2442 3353 2498 indicans.
3391 2442 3547 2509 Quod

1956 2534 2099 2587 enim
2122 2534 2415 2588 maximum
2448 2543 2562 2590 erat
2588 2534 2810 2600 donum,
2837 2535 2939 2589 hoc
2978 2534 3157 2589 dedit:
3186 2550 3296 2588 non
3325 2534 3545 2598 omium,

1956 2633 2155 2679 terram
2175 2635 2411 2691 etmare,
2432 2628 2526 2681 sed
2569 2628 2710 2697 quod
2734 2628 3080 2683 hisomuibus
3109 2628 3399 2697 pretiosius
3420 2635 3559 2691 crat,

1954 2717 2177 2787 angelos
2204 2734 2265 2773 ex
2297 2716 2629 2785 hominibus,
2663 2719 2801 2774 ﬁlios
2829 2720 2922 2774 Dei
2946 2728 3003 2774 et
3026 2729 3218 2774 tratrcs
3240 2718 3443 2774 Christi
3478 2717 3560 2772 fe-

1954 2810 2047 2862 cit.
2073 2810 2212 2876 Quid
2247 2812 2350 2866 hoc
2373 2812 2496 2866 est?
2526 2811 2758 2881 Spiritus
2789 2822 3031 2868 sanctus.
3062 2812 3175 2867 Nisi
3197 2823 3377 2867 autem
3400 2812 3565 2867 vellet

1956 2915 2057 2955 nos
2106 2913 2223 2971 post
2258 2902 2474 2959 labores
2516 2903 2728 2975 magnis
2776 2906 2983 2960 donare
3009 2907 3229 2960 coronis
3252 2948 3267 2970 ,
3299 2919 3405 2959 non
3437 2914 3564 2959 ante

1959 2991 2175 3049 labores
2226 3002 2307 3048 tot
2356 2995 2494 3049 bona
2543 2996 2823 3052 dedisset:
2876 3014 3017 3052 nunc
3048 3012 3179 3053 vero
3226 2998 3432 3052 amoris
3479 2997 3563 3052 sui

1957 3081 2226 3139 fervorem
2252 3101 2346 3155 per
2373 3086 2489 3141 hare
2531 3087 2732 3143 indicat
2758 3129 2774 3153 ,
2809 3090 2953 3158 quod
2983 3105 3090 3145 non
3136 3092 3338 3145 sensim
3366 3100 3421 3144 et
3462 3104 3562 3159 pe-

1958 3173 2217 3230 detentim
2247 3190 2345 3231 nos
2371 3177 2740 3245 honoraverit,
2759 3181 2853 3236 sed
2880 3180 3079 3235 fontem
3100 3182 3364 3235 honorum
3395 3181 3558 3239 siniul

1956 3267 2204 3335 dederit;
2236 3278 2290 3325 et
2319 3269 2424 3325 hoc
2448 3280 2573 3326 ante
2598 3272 2915 3327 certamina.
2951 3273 3312 3345 Quapropter,
3343 3273 3556 3327 etiamsi

1960 3375 2067 3413 non
2095 3361 2171 3414 sis
2214 3361 2506 3417 admodum
2552 3362 2781 3434 dignus,
2812 3378 2881 3419 ne
2911 3364 3205 3436 desperes,
3253 3380 3376 3420 cum
3422 3364 3566 3435 apud

1955 3450 2192 3520 judicem
2240 3456 2527 3522 patronum
2574 3456 2812 3521 habeas,
2862 3470 3057 3526 nempe
3100 3457 3405 3513 caritatem.
3441 3456 3569 3512 Ideo

1963 3544 2053 3598 ille
2083 3559 2205 3598 cum
2236 3544 2497 3612 dixisset,
2530 3546 2664 3616 Spes
2706 3564 2807 3602 non
2840 3548 3144 3621 confundit,
3174 3564 3282 3604 non
3312 3550 3569 3619 operibus

1964 3639 2166 3693 nostris
2186 3680 2201 3705 ,
2234 3639 2329 3694 sed
2360 3640 2454 3695 Dei
2504 3641 2780 3697 dilectioni
2832 3651 3001 3697 totum
3034 3644 3238 3699 retulit.
3271 3644 3566 3714 Postquam

1961 3728 2218 3798 Spiritum
2246 3730 2431 3786 datum
2460 3731 2628 3799 dixit,
2664 3735 2853 3789 transit
2886 3749 3075 3788 rursus
3102 3733 3171 3790 ad
3192 3751 3409 3791 crucem
3430 3776 3444 3801 ,
3474 3735 3555 3791 sic

1964 3822 2151 3879 dicens
2176 3840 2190 3877 :
2222 3824 2275 3878 6.
2306 3824 2490 3879 Adhuc
2516 3826 2649 3879 enim
2676 3825 2930 3893 Christus,
2965 3843 3079 3881 cum
3102 3828 3298 3897 inﬁrmi
3320 3846 3569 3896 essemus,

1964 3914 2242 3967 secundum
2272 3925 2469 3987 tempus
2508 3931 2605 3983 pro
2631 3918 2805 3986 impiis
2827 3927 3061 3973 mortuus
3088 3930 3182 3974 est.
3219 3919 3273 3973 Ἰ.
3309 3918 3411 3974 Vix
3435 3920 3571 3973 enim

1968 4021 2060 4074 pro
2080 4006 2222 4075 justo
2246 4007 2358 4076 quis
2382 4008 2600 4060 moritur
2624 4023 2643 4061 :
2672 4024 2791 4062 nam
2820 4025 2914 4079 pro
2946 4011 3075 4064 bono
3103 4011 3324 4082 forsitan
3350 4013 3463 4081 quis
3482 4027 3575 4065 au—

1966 4096 2083 4149 deat
2109 4097 2258 4149 mori.
2291 4097 2345 4151 8.
2370 4096 2715 4152 Commendat
2753 4109 2920 4154 autem
2950 4102 3213 4155 caritatem
3250 4118 3397 4155 suam
3434 4101 3576 4155 Deus

1969 4202 2090 4256 erga
2113 4202 2226 4240 nos.
2260 4186 2316 4240 Id
2345 4197 2430 4242 est
2468 4203 2482 4241 :
2511 4187 2569 4243 Si
2595 4188 2739 4243 enim
2772 4206 2868 4259 pro
2912 4190 3026 4245 viro
3075 4190 3276 4246 virtute
3305 4192 3533 4261 prmdito
3558 4233 3572 4256 ,

1970 4292 2130 4333 nemo
2160 4278 2297 4334 forte
2320 4281 2456 4334 mori
2482 4282 2636 4348 velit,
2663 4282 2840 4351 cogita
2864 4282 3073 4338 Domini
3102 4284 3177 4337 tui
3201 4284 3570 4349 dilectionem,

1970 4373 2062 4442 qui
2097 4386 2200 4426 non
2233 4388 2331 4441 pro
2382 4372 2578 4427 virtute
2609 4374 2885 4444 praeditis,
2923 4375 3018 4430 sed
3052 4390 3151 4445 pra
3194 4378 3575 4447 peccatoribus

1972 4474 2026 4520 et
2056 4464 2286 4519 inimicis
2314 4465 2604 4521 cruciﬁxus
2629 4466 2776 4521 visus
2803 4477 2925 4533 est;
2959 4466 3011 4523 id
3041 4468 3183 4537 quod
3229 4471 3393 4525 etiam
3427 4481 3578 4540 post-

1971 4570 2035 4610 ea
2082 4555 2214 4611 dicit
2246 4575 2260 4611 :
2302 4555 2436 4622 Quia
2473 4557 2548 4619 si,
2582 4573 2698 4613 cum
2736 4574 2829 4612 nos
2865 4570 3155 4628 peccatores
3202 4577 3457 4626 essemus,
3518 4562 3574 4617 9.

1975 4646 2209 4702 Christus
2240 4665 2333 4719 pro
2374 4648 2518 4702 nobis
2542 4657 2772 4703 mortuus
2797 4660 2903 4717 est;
2931 4650 3093 4705 multo
3122 4653 3285 4723 magis
3316 4670 3449 4707 nunc
3480 4655 3575 4724 ju-

1975 4742 2180 4811 stiﬁcati
2202 4741 2254 4794 in
2270 4742 2523 4813 sanguine
2542 4742 2721 4814 ipsius,
2739 4744 2868 4797 salvi
2887 4746 3075 4798 erimus
3096 4745 3159 4799 ab
3177 4746 3255 4800 ira
3272 4764 3363 4817 per
3382 4747 3575 4818 ipsum.

1978 4831 2066 4887 i0.
2094 4832 2156 4887 Si
2183 4834 2316 4886 enim
2348 4848 2464 4898 cum
2504 4833 2699 4887 inimici
2739 4851 2992 4902 essemus,
3037 4838 3356 4892 reconciliati
3404 4856 3580 4893 sumus

1978 4921 2088 4977 Deo
2118 4939 2207 4991 per
2238 4933 2453 4977 mortem
2495 4922 2623 4978 Filii
2670 4926 2819 4994 ejus,
2863 4927 3026 4982 multo
3067 4931 3230 5001 magis
3268 4930 3586 4984 reconciliati

1981 5016 2108 5069 salui
2126 5014 2314 5070 erimus
2339 5017 2393 5069 in
2415 5016 2517 5070 vita
2539 5017 2721 5087 ipsius.
2749 5018 2875 5074 llaec
2897 5020 3040 5075 dicta
3058 5022 3285 5092 repetita
3308 5022 3583 5087 videntur,

1985 5121 2088 5161 non
2113 5115 2241 5160 sunt
2268 5115 2468 5172 tamen,
2494 5108 2537 5163 si
2566 5110 2689 5180 quis
2719 5118 2927 5167 attente
2958 5110 3293 5168 consideret.
3318 5114 3587 5170 Conside-

1988 5212 2042 5250 ra
2073 5206 2254 5252 autem
2281 5217 2293 5252 :
2326 5199 2442 5253 vult
2471 5200 2577 5255 illis
2608 5201 2767 5257 fidem
2792 5202 2972 5259 facere
2998 5205 3065 5260 de
3088 5207 3308 5261 futuris:
3335 5217 3389 5263 et
3411 5210 3588 5278 primo

1984 5304 2013 5343 a
2053 5288 2183 5359 justi
2217 5294 2485 5347 sententia
2518 5294 2641 5348 illos
2672 5297 2949 5365 pudefacit
2973 5339 2988 5366 ,
3023 5313 3145 5354 cum
3185 5299 3349 5366 dicit,
3395 5302 3590 5357 Adhuc

1986 5383 2188 5439 certior
2226 5386 2401 5441 factus
2430 5396 2515 5441 est
2542 5386 2656 5453 ille,
2684 5390 2807 5458 quia
2838 5390 2980 5459 quod
3023 5393 3275 5461 promisit
3319 5393 3461 5449 Deus
3493 5410 3585 5464 po-

1990 5484 2099 5531 test
2136 5478 2396 5547 exsequi;
2425 5477 2623 5535 deiude
2651 5496 2681 5534 a
2705 5482 2874 5551 gratia
2908 5482 3066 5549 data;
3097 5492 3283 5555 postea
3306 5501 3337 5540 a
3366 5485 3592 5541 tribular

1990 5567 2261 5632 tionibus,
2308 5571 2432 5639 quia
2475 5581 2703 5640 possunt
2750 5574 2853 5629 ill-.e
2881 5590 2981 5629 nos
3012 5575 3064 5629 in
3098 5591 3251 5647 spem
3293 5576 3591 5634 inducere:

1989 5677 2053 5716 ac
2081 5678 2291 5717 rursum
2317 5679 2346 5717 a
2364 5664 2589 5733 Spiritu,
2611 5682 2770 5735 quem
2812 5670 3123 5737 accepimus
3151 5714 3166 5738 ,
3197 5670 3526 5741 denmmque
3554 5690 3581 5723 a

1993 5764 2167 5810 morte
2194 5765 2247 5811 et
2276 5772 2306 5811 a
2353 5758 2580 5827 pristina
2610 5761 2847 5829 nequitia
2890 5770 3076 5817 nostra
3109 5763 3237 5817 illud
3283 5763 3496 5834 probat.
3534 5767 3598 5822 Et

1998 5848 2217 5906 videtur
2261 5853 2481 5923 quidem
2502 5894 2519 5921 ,
2549 5861 2605 5909 ut
2632 5853 2780 5925 dixi,
2809 5869 2975 5912 unum
3007 5856 3260 5930 idemque
3307 5873 3429 5916 esse
3457 5860 3603 5932 quod
